<?xml version="1.0" encoding="UTF-8"?>
<alto xmlns:xsi="http://www.w3.org/2001/XMLSchema-instance" xmlns="http://www.loc.gov/standards/alto/ns-v2#" xsi:schemaLocation="http://www.loc.gov/standards/alto/ns-v2# http://www.loc.gov/standards/alto/alto-v2.0.xsd" xmlns:xlink="http://www.w3.org/1999/xlink">
	<Description>
		<MeasurementUnit>mm10</MeasurementUnit>
		<sourceImageInformation>
			<fileName>//fileserver7/IN2/Princeton/Batch3/bmtnabh/1908/08/15_01/00000469.tif</fileName>
		</sourceImageInformation>
		<OCRProcessing ID="OCRPROCESSING_1">
			<preProcessingStep>
				<processingSoftware>
					<softwareCreator>CCS Content Conversion Specialists GmbH, Germany</softwareCreator>
					<softwareName>CCS docWORKS</softwareName>
					<softwareVersion>6.6-1.18</softwareVersion>
				</processingSoftware>
			</preProcessingStep>
			<ocrProcessingStep>
				<processingSoftware>
					<softwareCreator>ABBYY (BIT Software), Russia</softwareCreator>
					<softwareName>FineReader</softwareName>
					<softwareVersion>10.0</softwareVersion>
				</processingSoftware>
			</ocrProcessingStep>
		</OCRProcessing>
	</Description>
	<Styles>
		<TextStyle ID="TXT_0" FONTSIZE="20" FONTFAMILY="Times New Roman"/>
		<TextStyle ID="TXT_1" FONTSIZE="13" FONTFAMILY="Times New Roman"/>
		<TextStyle ID="TXT_2" FONTSIZE="19" FONTFAMILY="Times New Roman"/>
		<TextStyle ID="TXT_3" FONTSIZE="20" FONTFAMILY="Times New Roman" FONTSTYLE="italics"/>
		<TextStyle ID="TXT_4" FONTSIZE="14" FONTFAMILY="Times New Roman" FONTSTYLE="italics"/>
		<ParagraphStyle ID="PAR_RIGHT" ALIGN="Right"/>
		<ParagraphStyle ID="PAR_LEFT" ALIGN="Left"/>
	</Styles>
	<Layout>
		<Page ID="P88" PHYSICAL_IMG_NR="88" HEIGHT="4099" WIDTH="2545" PC="0.918">
			<TopMargin ID="P88_TM00001" HPOS="0" VPOS="0" WIDTH="2545" HEIGHT="387">
				<TextBlock ID="P88_TB00001" HPOS="2089" VPOS="337" WIDTH="91" HEIGHT="50" STYLEREFS="TXT_0 PAR_RIGHT">
					<TextLine ID="P88_TL00001" HPOS="2090" VPOS="337" WIDTH="90" HEIGHT="50">
						<String ID="P88_ST00001" HPOS="2090" VPOS="337" WIDTH="90" HEIGHT="50" CONTENT="931" WC="0.54" CC="327"/>
					</TextLine>
				</TextBlock>
				<TextBlock ID="P88_TB00002" HPOS="948" VPOS="339" WIDTH="403" HEIGHT="36" STYLEREFS="TXT_1 PAR_LEFT">
					<TextLine ID="P88_TL00002" HPOS="948" VPOS="340" WIDTH="403" HEIGHT="35">
						<String ID="P88_ST00002" HPOS="948" VPOS="340" WIDTH="403" HEIGHT="35" CONTENT="BIBLIOGRAPHIE" WC="0.99" CC="5055006322002"/>
					</TextLine>
				</TextBlock>
			</TopMargin>
			<LeftMargin ID="P88_LM00001" HPOS="0" VPOS="378" WIDTH="112" HEIGHT="3246"/>
			<RightMargin ID="P88_RM00001" HPOS="2181" VPOS="378" WIDTH="364" HEIGHT="3246"/>
			<BottomMargin ID="P88_BM00001" HPOS="0" VPOS="3624" WIDTH="2545" HEIGHT="475"/>
			<PrintSpace ID="P88_PS00001" HPOS="112" VPOS="378" WIDTH="2069" HEIGHT="3246">
				<TextBlock ID="P88_TB00003" HPOS="118" VPOS="478" WIDTH="2063" HEIGHT="2949" STYLEREFS="TXT_0 PAR_LEFT">
					<TextLine ID="P88_TL00003" HPOS="147" VPOS="478" WIDTH="2034" HEIGHT="86">
						<String ID="P88_ST00003" HPOS="147" VPOS="478" WIDTH="70" HEIGHT="66" CONTENT="I)." WC="0.76" CC="204" STYLEREFS="TXT_2"/>
						<SP ID="P88_SP00001" HPOS="217" VPOS="544" WIDTH="165"/>
						<String ID="P88_ST00004" HPOS="382" VPOS="483" WIDTH="220" HEIGHT="56" CONTENT="ANDRÉ" WC="1.00" CC="00002" STYLEREFS="TXT_2"/>
						<SP ID="P88_SP00002" HPOS="602" VPOS="544" WIDTH="45"/>
						<String ID="P88_ST00005" HPOS="647" VPOS="486" WIDTH="341" HEIGHT="57" CONTENT="GOUIRAND." WC="0.69" CC="000483055" STYLEREFS="TXT_2"/>
						<SP ID="P88_SP00003" HPOS="988" VPOS="544" WIDTH="181"/>
						<String ID="P88_ST00006" HPOS="1169" VPOS="493" WIDTH="84" HEIGHT="52" CONTENT="La" WC="0.77" CC="04" STYLEREFS="TXT_3"/>
						<SP ID="P88_SP00004" HPOS="1253" VPOS="545" WIDTH="45"/>
						<String ID="P88_ST00007" HPOS="1298" VPOS="493" WIDTH="269" HEIGHT="71" CONTENT="Musique" WC="0.99" CC="0540024" STYLEREFS="TXT_3"/>
						<SP ID="P88_SP00005" HPOS="1567" VPOS="564" WIDTH="47"/>
						<String ID="P88_ST00008" HPOS="1614" VPOS="510" WIDTH="66" HEIGHT="35" CONTENT="en" WC="1.00" CC="00" STYLEREFS="TXT_3"/>
						<SP ID="P88_SP00006" HPOS="1680" VPOS="564" WIDTH="44"/>
						<String ID="P88_ST00009" HPOS="1724" VPOS="491" WIDTH="271" HEIGHT="53" CONTENT="Provence" WC="0.98" CC="56040559" STYLEREFS="TXT_3"/>
						<SP ID="P88_SP00007" HPOS="1995" VPOS="564" WIDTH="47"/>
						<String ID="P88_ST00010" HPOS="2042" VPOS="493" WIDTH="47" HEIGHT="47" CONTENT="et" WC="0.81" CC="03" STYLEREFS="TXT_3"/>
						<SP ID="P88_SP00008" HPOS="2089" VPOS="564" WIDTH="48"/>
						<String ID="P88_ST00011" HPOS="2137" VPOS="488" WIDTH="44" HEIGHT="53" CONTENT="le" WC="0.45" CC="19" STYLEREFS="TXT_3"/>
					</TextLine>
					<TextLine ID="P88_TL00004" HPOS="401" VPOS="560" WIDTH="1779" HEIGHT="80">
						<String ID="P88_ST00012" HPOS="401" VPOS="560" WIDTH="409" HEIGHT="58" CONTENT="Conservatoire" WC="0.99" CC="2052873650070" STYLEREFS="TXT_3"/>
						<SP ID="P88_SP00009" HPOS="810" VPOS="618" WIDTH="460"/>
						<String ID="P88_ST00013" HPOS="1270" VPOS="566" WIDTH="63" HEIGHT="53" CONTENT="de" WC="0.96" CC="00" STYLEREFS="TXT_3"/>
						<SP ID="P88_SP00010" HPOS="1333" VPOS="619" WIDTH="111"/>
						<String ID="P88_ST00014" HPOS="1444" VPOS="568" WIDTH="311" HEIGHT="69" CONTENT="Mavseille," WC="0.88" CC="0000003260" STYLEREFS="TXT_3"/>
						<String ID="P88_ST00015" HPOS="1115" VPOS="571" WIDTH="154" HEIGHT="53" CONTENT="in-12" WC="0.73" CC="03450"/>
						<SP ID="P88_SP00011" HPOS="1755" VPOS="637" WIDTH="-457"/>
						<String ID="P88_ST00016" HPOS="1298" VPOS="572" WIDTH="67" HEIGHT="53" CONTENT="de" WC="0.89" CC="10"/>
						<SP ID="P88_SP00012" HPOS="1755" VPOS="637" WIDTH="-365"/>
						<String ID="P88_ST00017" HPOS="1390" VPOS="572" WIDTH="226" HEIGHT="68" CONTENT="xii-484" WC="0.90" CC="0006000"/>
						<SP ID="P88_SP00013" HPOS="1755" VPOS="640" WIDTH="-102"/>
						<String ID="P88_ST00018" HPOS="1653" VPOS="587" WIDTH="97" HEIGHT="53" CONTENT="pp." WC="0.97" CC="501"/>
						<SP ID="P88_SP00014" HPOS="1755" VPOS="640" WIDTH="128"/>
						<String ID="P88_ST00019" HPOS="1883" VPOS="564" WIDTH="297" HEIGHT="68" CONTENT="Marseille," WC="0.99" CC="5100013204"/>
					</TextLine>
					<TextLine ID="P88_TL00005" HPOS="260" VPOS="638" WIDTH="1166" HEIGHT="82">
						<String ID="P88_ST00020" HPOS="260" VPOS="638" WIDTH="62" HEIGHT="53" CONTENT="P." WC="0.64" CC="70"/>
						<SP ID="P88_SP00015" HPOS="322" VPOS="691" WIDTH="47"/>
						<String ID="P88_ST00021" HPOS="369" VPOS="640" WIDTH="157" HEIGHT="55" CONTENT="Ruat" WC="0.73" CC="0640"/>
						<SP ID="P88_SP00016" HPOS="526" VPOS="695" WIDTH="28"/>
						<String ID="P88_ST00022" HPOS="554" VPOS="665" WIDTH="12" HEIGHT="45" CONTENT=";" WC="0.07" CC="9"/>
						<SP ID="P88_SP00017" HPOS="566" VPOS="710" WIDTH="43"/>
						<String ID="P88_ST00023" HPOS="609" VPOS="644" WIDTH="176" HEIGHT="65" CONTENT="Paris," WC="0.99" CC="600006"/>
						<SP ID="P88_SP00018" HPOS="785" VPOS="710" WIDTH="44"/>
						<String ID="P88_ST00024" HPOS="829" VPOS="647" WIDTH="396" HEIGHT="70" CONTENT="Fischbacher," WC="0.91" CC="300000000214"/>
						<SP ID="P88_SP00019" HPOS="1225" VPOS="717" WIDTH="45"/>
						<String ID="P88_ST00025" HPOS="1270" VPOS="651" WIDTH="156" HEIGHT="69" CONTENT="1908." WC="0.76" CC="32032"/>
					</TextLine>
					<TextLine ID="P88_TL00006" HPOS="150" VPOS="756" WIDTH="2028" HEIGHT="84">
						<String ID="P88_ST00026" HPOS="150" VPOS="756" WIDTH="101" HEIGHT="74" CONTENT="II)." WC="0.81" CC="0303"/>
						<SP ID="P88_SP00020" HPOS="251" VPOS="830" WIDTH="170"/>
						<String ID="P88_ST00027" HPOS="421" VPOS="761" WIDTH="164" HEIGHT="53" CONTENT="LÉON" WC="0.98" CC="1500" STYLEREFS="TXT_2"/>
						<SP ID="P88_SP00021" HPOS="585" VPOS="830" WIDTH="49"/>
						<String ID="P88_ST00028" HPOS="634" VPOS="761" WIDTH="342" HEIGHT="59" CONTENT="LEFEBVRE." WC="0.77" CC="302133050" STYLEREFS="TXT_2"/>
						<SP ID="P88_SP00022" HPOS="976" VPOS="830" WIDTH="143"/>
						<String ID="P88_ST00029" HPOS="1119" VPOS="769" WIDTH="75" HEIGHT="52" CONTENT="Le" WC="0.83" CC="03" STYLEREFS="TXT_3"/>
						<SP ID="P88_SP00023" HPOS="1194" VPOS="830" WIDTH="33"/>
						<String ID="P88_ST00030" HPOS="1227" VPOS="770" WIDTH="223" HEIGHT="53" CONTENT="Concevt" WC="0.70" CC="0004096" STYLEREFS="TXT_3"/>
						<SP ID="P88_SP00024" HPOS="1450" VPOS="830" WIDTH="46"/>
						<String ID="P88_ST00031" HPOS="1496" VPOS="771" WIDTH="62" HEIGHT="52" CONTENT="de" WC="0.55" CC="26" STYLEREFS="TXT_3"/>
						<SP ID="P88_SP00025" HPOS="1558" VPOS="830" WIDTH="47"/>
						<String ID="P88_ST00032" HPOS="1605" VPOS="773" WIDTH="147" HEIGHT="52" CONTENT="Lille" WC="1.00" CC="00000" STYLEREFS="TXT_3"/>
						<SP ID="P88_SP00026" HPOS="1752" VPOS="830" WIDTH="51"/>
						<String ID="P88_ST00033" HPOS="1803" VPOS="770" WIDTH="375" HEIGHT="70" CONTENT="(1726-1816)." WC="0.77" CC="035013204104"/>
					</TextLine>
					<TextLine ID="P88_TL00007" HPOS="256" VPOS="837" WIDTH="1700" HEIGHT="85">
						<String ID="P88_ST00034" HPOS="256" VPOS="837" WIDTH="157" HEIGHT="56" CONTENT="in-12" WC="0.72" CC="00336"/>
						<SP ID="P88_SP00027" HPOS="413" VPOS="893" WIDTH="33"/>
						<String ID="P88_ST00035" HPOS="446" VPOS="841" WIDTH="68" HEIGHT="53" CONTENT="de" WC="0.88" CC="20"/>
						<SP ID="P88_SP00028" HPOS="514" VPOS="894" WIDTH="46"/>
						<String ID="P88_ST00036" HPOS="560" VPOS="842" WIDTH="185" HEIGHT="54" CONTENT="vn-66" WC="0.48" CC="68334"/>
						<SP ID="P88_SP00029" HPOS="745" VPOS="896" WIDTH="43"/>
						<String ID="P88_ST00037" HPOS="788" VPOS="860" WIDTH="97" HEIGHT="55" CONTENT="pp." WC="0.95" CC="680"/>
						<SP ID="P88_SP00030" HPOS="885" VPOS="915" WIDTH="136"/>
						<String ID="P88_ST00038" HPOS="1021" VPOS="846" WIDTH="156" HEIGHT="70" CONTENT="Lille," WC="1.00" CC="100004"/>
						<SP ID="P88_SP00031" HPOS="1177" VPOS="916" WIDTH="34"/>
						<String ID="P88_ST00039" HPOS="1211" VPOS="849" WIDTH="552" HEIGHT="72" CONTENT="Lefebvre-Ducroq," WC="0.76" CC="0060002004603534"/>
						<SP ID="P88_SP00032" HPOS="1763" VPOS="921" WIDTH="35"/>
						<String ID="P88_ST00040" HPOS="1798" VPOS="851" WIDTH="158" HEIGHT="71" CONTENT="1908." WC="0.63" CC="45062"/>
					</TextLine>
					<TextLine ID="P88_TL00008" HPOS="254" VPOS="995" WIDTH="1921" HEIGHT="82">
						<String ID="P88_ST00041" HPOS="254" VPOS="995" WIDTH="160" HEIGHT="56" CONTENT="Voici" WC="0.98" CC="57400"/>
						<SP ID="P88_SP00033" HPOS="414" VPOS="1051" WIDTH="38"/>
						<String ID="P88_ST00042" HPOS="452" VPOS="999" WIDTH="151" HEIGHT="52" CONTENT="deux" WC="0.99" CC="0060"/>
						<SP ID="P88_SP00034" HPOS="603" VPOS="1051" WIDTH="36"/>
						<String ID="P88_ST00043" HPOS="639" VPOS="1016" WIDTH="278" HEIGHT="55" CONTENT="ouvrages" WC="0.99" CC="06260004"/>
						<SP ID="P88_SP00035" HPOS="917" VPOS="1071" WIDTH="35"/>
						<String ID="P88_ST00044" HPOS="952" VPOS="1004" WIDTH="117" HEIGHT="68" CONTENT="qui," WC="0.99" CC="0004"/>
						<SP ID="P88_SP00036" HPOS="1069" VPOS="1072" WIDTH="38"/>
						<String ID="P88_ST00045" HPOS="1107" VPOS="1023" WIDTH="248" HEIGHT="52" CONTENT="apparus" WC="0.99" CC="0005300"/>
						<SP ID="P88_SP00037" HPOS="1355" VPOS="1075" WIDTH="41"/>
						<String ID="P88_ST00046" HPOS="1396" VPOS="1024" WIDTH="240" HEIGHT="53" CONTENT="presque" WC="1.00" CC="0020000"/>
						<SP ID="P88_SP00038" HPOS="1636" VPOS="1077" WIDTH="52"/>
						<String ID="P88_ST00047" HPOS="1688" VPOS="1009" WIDTH="487" HEIGHT="66" CONTENT="simultanément," WC="1.00" CC="00000304450104"/>
					</TextLine>
					<TextLine ID="P88_TL00009" HPOS="139" VPOS="1077" WIDTH="2038" HEIGHT="79">
						<String ID="P88_ST00048" HPOS="139" VPOS="1080" WIDTH="286" HEIGHT="61" CONTENT="prouvent" WC="0.99" CC="06374410"/>
						<SP ID="P88_SP00039" HPOS="425" VPOS="1141" WIDTH="26"/>
						<String ID="P88_ST00049" HPOS="451" VPOS="1093" WIDTH="128" HEIGHT="52" CONTENT="que," WC="0.98" CC="0604"/>
						<SP ID="P88_SP00040" HPOS="579" VPOS="1145" WIDTH="21"/>
						<String ID="P88_ST00050" HPOS="600" VPOS="1077" WIDTH="78" HEIGHT="54" CONTENT="du" WC="0.66" CC="06"/>
						<SP ID="P88_SP00041" HPOS="678" VPOS="1145" WIDTH="24"/>
						<String ID="P88_ST00051" HPOS="702" VPOS="1080" WIDTH="161" HEIGHT="53" CONTENT="Nord" WC="0.99" CC="0600"/>
						<SP ID="P88_SP00042" HPOS="863" VPOS="1145" WIDTH="23"/>
						<String ID="P88_ST00052" HPOS="886" VPOS="1099" WIDTH="75" HEIGHT="35" CONTENT="au" WC="0.67" CC="06"/>
						<SP ID="P88_SP00043" HPOS="961" VPOS="1145" WIDTH="24"/>
						<String ID="P88_ST00053" HPOS="985" VPOS="1081" WIDTH="137" HEIGHT="69" CONTENT="Sud," WC="0.97" CC="0654"/>
						<SP ID="P88_SP00044" HPOS="1122" VPOS="1150" WIDTH="26"/>
						<String ID="P88_ST00054" HPOS="1148" VPOS="1085" WIDTH="334" HEIGHT="55" CONTENT="nosérudits" WC="0.76" CC="1025360300"/>
						<SP ID="P88_SP00045" HPOS="1482" VPOS="1150" WIDTH="24"/>
						<String ID="P88_ST00055" HPOS="1506" VPOS="1087" WIDTH="69" HEIGHT="53" CONTENT="de" WC="0.94" CC="01"/>
						<SP ID="P88_SP00046" HPOS="1575" VPOS="1150" WIDTH="24"/>
						<String ID="P88_ST00056" HPOS="1599" VPOS="1087" WIDTH="269" HEIGHT="69" CONTENT="province" WC="0.99" CC="05402000"/>
						<SP ID="P88_SP00047" HPOS="1868" VPOS="1156" WIDTH="23"/>
						<String ID="P88_ST00057" HPOS="1891" VPOS="1104" WIDTH="246" HEIGHT="37" CONTENT="commen" SUBS_TYPE="HypPart1" SUBS_CONTENT="commencent" WC="0.99" CC="034004"/>
						<HYP HPOS="2137" VPOS="1104" WIDTH="40" CONTENT="-"/>
					</TextLine>
					<TextLine ID="P88_TL00010" HPOS="139" VPOS="1154" WIDTH="2038" HEIGHT="81">
						<String ID="P88_ST00058" HPOS="139" VPOS="1157" WIDTH="130" HEIGHT="47" CONTENT="cent" SUBS_TYPE="HypPart2" SUBS_CONTENT="commencent" WC="1.00" CC="1010"/>
						<SP ID="P88_SP00048" HPOS="269" VPOS="1204" WIDTH="33"/>
						<String ID="P88_ST00059" HPOS="302" VPOS="1154" WIDTH="33" HEIGHT="52" CONTENT="à" WC="1.00" CC="0"/>
						<SP ID="P88_SP00049" HPOS="335" VPOS="1206" WIDTH="28"/>
						<String ID="P88_ST00060" HPOS="363" VPOS="1154" WIDTH="348" HEIGHT="57" CONTENT="s'intéresser" WC="1.00" CC="010001400056"/>
						<SP ID="P88_SP00050" HPOS="711" VPOS="1211" WIDTH="30"/>
						<String ID="P88_ST00061" HPOS="741" VPOS="1175" WIDTH="116" HEIGHT="36" CONTENT="aux" WC="0.97" CC="060"/>
						<SP ID="P88_SP00051" HPOS="857" VPOS="1211" WIDTH="28"/>
						<String ID="P88_ST00062" HPOS="885" VPOS="1160" WIDTH="201" HEIGHT="54" CONTENT="études" WC="0.99" CC="206000"/>
						<SP ID="P88_SP00052" HPOS="1086" VPOS="1214" WIDTH="30"/>
						<String ID="P88_ST00063" HPOS="1116" VPOS="1162" WIDTH="69" HEIGHT="54" CONTENT="de" WC="0.98" CC="00"/>
						<SP ID="P88_SP00053" HPOS="1185" VPOS="1216" WIDTH="29"/>
						<String ID="P88_ST00064" HPOS="1214" VPOS="1162" WIDTH="362" HEIGHT="73" CONTENT="musicologie" WC="1.00" CC="06000405020"/>
						<SP ID="P88_SP00054" HPOS="1576" VPOS="1235" WIDTH="29"/>
						<String ID="P88_ST00065" HPOS="1605" VPOS="1166" WIDTH="196" HEIGHT="54" CONTENT="locale." WC="1.00" CC="0600000"/>
						<SP ID="P88_SP00055" HPOS="1801" VPOS="1235" WIDTH="33"/>
						<String ID="P88_ST00066" HPOS="1834" VPOS="1166" WIDTH="150" HEIGHT="54" CONTENT="C'est" WC="0.99" CC="13300"/>
						<SP ID="P88_SP00056" HPOS="1984" VPOS="1235" WIDTH="27"/>
						<String ID="P88_ST00067" HPOS="2011" VPOS="1166" WIDTH="58" HEIGHT="51" CONTENT="là" WC="0.97" CC="00"/>
						<SP ID="P88_SP00057" HPOS="2069" VPOS="1235" WIDTH="29"/>
						<String ID="P88_ST00068" HPOS="2098" VPOS="1183" WIDTH="79" HEIGHT="35" CONTENT="un" WC="0.50" CC="63"/>
					</TextLine>
					<TextLine ID="P88_TL00011" HPOS="139" VPOS="1232" WIDTH="2036" HEIGHT="82">
						<String ID="P88_ST00069" HPOS="139" VPOS="1232" WIDTH="328" HEIGHT="68" CONTENT="symptôme" WC="0.99" CC="23060000"/>
						<SP ID="P88_SP00058" HPOS="467" VPOS="1300" WIDTH="66"/>
						<String ID="P88_ST00070" HPOS="533" VPOS="1234" WIDTH="139" HEIGHT="68" CONTENT="qu'il" WC="0.99" CC="06300"/>
						<SP ID="P88_SP00059" HPOS="672" VPOS="1302" WIDTH="64"/>
						<String ID="P88_ST00071" HPOS="736" VPOS="1253" WIDTH="144" HEIGHT="36" CONTENT="nous" WC="0.97" CC="3160"/>
						<SP ID="P88_SP00060" HPOS="880" VPOS="1302" WIDTH="74"/>
						<String ID="P88_ST00072" HPOS="954" VPOS="1242" WIDTH="87" HEIGHT="50" CONTENT="est" WC="0.99" CC="300"/>
						<SP ID="P88_SP00061" HPOS="1041" VPOS="1302" WIDTH="74"/>
						<String ID="P88_ST00073" HPOS="1115" VPOS="1244" WIDTH="132" HEIGHT="49" CONTENT="tout" WC="0.99" CC="0060"/>
						<SP ID="P88_SP00062" HPOS="1247" VPOS="1302" WIDTH="75"/>
						<String ID="P88_ST00074" HPOS="1322" VPOS="1241" WIDTH="518" HEIGHT="69" CONTENT="particulièrement" WC="1.00" CC="0010006020300000"/>
						<SP ID="P88_SP00063" HPOS="1840" VPOS="1310" WIDTH="75"/>
						<String ID="P88_ST00075" HPOS="1915" VPOS="1242" WIDTH="260" HEIGHT="72" CONTENT="agréable" WC="0.99" CC="60600000"/>
					</TextLine>
					<TextLine ID="P88_TL00012" HPOS="139" VPOS="1310" WIDTH="2035" HEIGHT="82">
						<String ID="P88_ST00076" HPOS="139" VPOS="1310" WIDTH="413" HEIGHT="71" CONTENT="d'enregistrer," WC="1.00" CC="20004090306004"/>
						<SP ID="P88_SP00064" HPOS="552" VPOS="1381" WIDTH="43"/>
						<String ID="P88_ST00077" HPOS="595" VPOS="1319" WIDTH="59" HEIGHT="48" CONTENT="et" WC="1.00" CC="00"/>
						<SP ID="P88_SP00065" HPOS="654" VPOS="1381" WIDTH="40"/>
						<String ID="P88_ST00078" HPOS="694" VPOS="1333" WIDTH="145" HEIGHT="35" CONTENT="nous" WC="0.98" CC="0171"/>
						<SP ID="P88_SP00066" HPOS="839" VPOS="1381" WIDTH="40"/>
						<String ID="P88_ST00079" HPOS="879" VPOS="1315" WIDTH="213" HEIGHT="56" CONTENT="faisons" WC="0.99" CC="4000500"/>
						<SP ID="P88_SP00067" HPOS="1092" VPOS="1381" WIDTH="38"/>
						<String ID="P88_ST00080" HPOS="1130" VPOS="1317" WIDTH="80" HEIGHT="55" CONTENT="les" WC="0.99" CC="020"/>
						<SP ID="P88_SP00068" HPOS="1210" VPOS="1381" WIDTH="41"/>
						<String ID="P88_ST00081" HPOS="1251" VPOS="1336" WIDTH="178" HEIGHT="37" CONTENT="vœux" WC="0.99" CC="0060"/>
						<SP ID="P88_SP00069" HPOS="1429" VPOS="1381" WIDTH="39"/>
						<String ID="P88_ST00082" HPOS="1468" VPOS="1321" WIDTH="79" HEIGHT="54" CONTENT="les" WC="1.00" CC="000"/>
						<SP ID="P88_SP00070" HPOS="1547" VPOS="1381" WIDTH="39"/>
						<String ID="P88_ST00083" HPOS="1586" VPOS="1322" WIDTH="128" HEIGHT="70" CONTENT="plus" WC="0.99" CC="0060"/>
						<SP ID="P88_SP00071" HPOS="1714" VPOS="1392" WIDTH="41"/>
						<String ID="P88_ST00084" HPOS="1755" VPOS="1324" WIDTH="232" HEIGHT="53" CONTENT="ardents" WC="1.00" CC="0600000"/>
						<SP ID="P88_SP00072" HPOS="1987" VPOS="1392" WIDTH="41"/>
						<String ID="P88_ST00085" HPOS="2028" VPOS="1339" WIDTH="146" HEIGHT="52" CONTENT="pour" WC="0.96" CC="0566"/>
					</TextLine>
					<TextLine ID="P88_TL00013" HPOS="138" VPOS="1388" WIDTH="2035" HEIGHT="83">
						<String ID="P88_ST00086" HPOS="138" VPOS="1404" WIDTH="111" HEIGHT="52" CONTENT="que" WC="0.95" CC="660"/>
						<SP ID="P88_SP00073" HPOS="249" VPOS="1456" WIDTH="39"/>
						<String ID="P88_ST00087" HPOS="288" VPOS="1388" WIDTH="79" HEIGHT="55" CONTENT="les" WC="0.96" CC="350"/>
						<SP ID="P88_SP00074" HPOS="367" VPOS="1456" WIDTH="39"/>
						<String ID="P88_ST00088" HPOS="406" VPOS="1390" WIDTH="337" HEIGHT="56" CONTENT="chercheurs" WC="0.99" CC="0645163620"/>
						<SP ID="P88_SP00075" HPOS="743" VPOS="1456" WIDTH="39"/>
						<String ID="P88_ST00089" HPOS="782" VPOS="1411" WIDTH="59" HEIGHT="36" CONTENT="se" WC="0.79" CC="12"/>
						<SP ID="P88_SP00076" HPOS="841" VPOS="1456" WIDTH="39"/>
						<String ID="P88_ST00090" HPOS="880" VPOS="1401" WIDTH="248" HEIGHT="48" CONTENT="mettent" WC="1.00" CC="0200000"/>
						<SP ID="P88_SP00077" HPOS="1128" VPOS="1456" WIDTH="43"/>
						<String ID="P88_ST00091" HPOS="1171" VPOS="1397" WIDTH="33" HEIGHT="52" CONTENT="à" WC="1.00" CC="0"/>
						<SP ID="P88_SP00078" HPOS="1204" VPOS="1456" WIDTH="37"/>
						<String ID="P88_ST00092" HPOS="1241" VPOS="1397" WIDTH="237" HEIGHT="56" CONTENT="l'œuvre" WC="0.99" CC="0407040"/>
						<SP ID="P88_SP00079" HPOS="1478" VPOS="1456" WIDTH="41"/>
						<String ID="P88_ST00093" HPOS="1519" VPOS="1405" WIDTH="57" HEIGHT="48" CONTENT="et" WC="1.00" CC="00"/>
						<SP ID="P88_SP00080" HPOS="1576" VPOS="1456" WIDTH="42"/>
						<String ID="P88_ST00094" HPOS="1618" VPOS="1401" WIDTH="368" HEIGHT="70" CONTENT="dépouillent," WC="1.00" CC="000060040004"/>
						<SP ID="P88_SP00081" HPOS="1986" VPOS="1471" WIDTH="43"/>
						<String ID="P88_ST00095" HPOS="2029" VPOS="1401" WIDTH="144" HEIGHT="52" CONTENT="dans" WC="1.00" CC="0000"/>
					</TextLine>
					<TextLine ID="P88_TL00014" HPOS="137" VPOS="1470" WIDTH="2036" HEIGHT="79">
						<String ID="P88_ST00096" HPOS="137" VPOS="1470" WIDTH="193" HEIGHT="51" CONTENT="toutes" WC="0.99" CC="006000"/>
						<SP ID="P88_SP00082" HPOS="330" VPOS="1521" WIDTH="41"/>
						<String ID="P88_ST00097" HPOS="371" VPOS="1485" WIDTH="104" HEIGHT="36" CONTENT="nos" WC="0.99" CC="100"/>
						<SP ID="P88_SP00083" HPOS="475" VPOS="1521" WIDTH="40"/>
						<String ID="P88_ST00098" HPOS="515" VPOS="1470" WIDTH="319" HEIGHT="67" CONTENT="provinces," WC="1.00" CC="0060200014"/>
						<SP ID="P88_SP00084" HPOS="834" VPOS="1537" WIDTH="40"/>
						<String ID="P88_ST00099" HPOS="874" VPOS="1472" WIDTH="81" HEIGHT="54" CONTENT="les" WC="0.98" CC="600"/>
						<SP ID="P88_SP00085" HPOS="955" VPOS="1537" WIDTH="40"/>
						<String ID="P88_ST00100" HPOS="995" VPOS="1474" WIDTH="182" HEIGHT="54" CONTENT="riches" WC="0.99" CC="302400"/>
						<SP ID="P88_SP00086" HPOS="1177" VPOS="1537" WIDTH="43"/>
						<String ID="P88_ST00101" HPOS="1220" VPOS="1474" WIDTH="202" HEIGHT="71" CONTENT="dépôts" WC="0.99" CC="700000"/>
						<SP ID="P88_SP00087" HPOS="1422" VPOS="1545" WIDTH="42"/>
						<String ID="P88_ST00102" HPOS="1464" VPOS="1476" WIDTH="316" HEIGHT="56" CONTENT="d'archives" WC="1.00" CC="8000000000"/>
						<SP ID="P88_SP00088" HPOS="1780" VPOS="1545" WIDTH="42"/>
						<String ID="P88_ST00103" HPOS="1822" VPOS="1479" WIDTH="98" HEIGHT="70" CONTENT="qui" WC="0.94" CC="960"/>
						<SP ID="P88_SP00089" HPOS="1920" VPOS="1549" WIDTH="42"/>
						<String ID="P88_ST00104" HPOS="1962" VPOS="1496" WIDTH="39" HEIGHT="51" CONTENT="y" WC="0.57" CC="4"/>
						<SP ID="P88_SP00090" HPOS="2001" VPOS="1549" WIDTH="40"/>
						<String ID="P88_ST00105" HPOS="2041" VPOS="1482" WIDTH="132" HEIGHT="49" CONTENT="sont" WC="0.99" CC="3100"/>
					</TextLine>
					<TextLine ID="P88_TL00015" HPOS="136" VPOS="1546" WIDTH="2035" HEIGHT="80">
						<String ID="P88_ST00106" HPOS="136" VPOS="1546" WIDTH="317" HEIGHT="52" CONTENT="conservés." WC="0.99" CC="0510750000"/>
						<SP ID="P88_SP00091" HPOS="453" VPOS="1598" WIDTH="31"/>
						<String ID="P88_ST00107" HPOS="484" VPOS="1547" WIDTH="76" HEIGHT="52" CONTENT="Ils" WC="1.00" CC="000"/>
						<SP ID="P88_SP00092" HPOS="560" VPOS="1599" WIDTH="29"/>
						<String ID="P88_ST00108" HPOS="589" VPOS="1565" WIDTH="38" HEIGHT="53" CONTENT="y" WC="0.22" CC="7"/>
						<SP ID="P88_SP00093" HPOS="627" VPOS="1618" WIDTH="32"/>
						<String ID="P88_ST00109" HPOS="659" VPOS="1550" WIDTH="394" HEIGHT="54" CONTENT="recueilleront" WC="0.99" CC="9406001034510"/>
						<SP ID="P88_SP00094" HPOS="1053" VPOS="1618" WIDTH="34"/>
						<String ID="P88_ST00110" HPOS="1087" VPOS="1570" WIDTH="110" HEIGHT="36" CONTENT="une" WC="0.97" CC="610"/>
						<SP ID="P88_SP00095" HPOS="1197" VPOS="1618" WIDTH="33"/>
						<String ID="P88_ST00111" HPOS="1230" VPOS="1555" WIDTH="329" HEIGHT="54" CONTENT="abondante" WC="1.00" CC="014000000"/>
						<SP ID="P88_SP00096" HPOS="1559" VPOS="1618" WIDTH="35"/>
						<String ID="P88_ST00112" HPOS="1594" VPOS="1556" WIDTH="264" HEIGHT="55" CONTENT="moisson." WC="1.00" CC="05000300"/>
						<SP ID="P88_SP00097" HPOS="1858" VPOS="1618" WIDTH="29"/>
						<String ID="P88_ST00113" HPOS="1887" VPOS="1557" WIDTH="284" HEIGHT="69" CONTENT="Ajoutons" WC="0.99" CC="07560500"/>
					</TextLine>
					<TextLine ID="P88_TL00016" HPOS="136" VPOS="1623" WIDTH="2035" HEIGHT="82">
						<String ID="P88_ST00114" HPOS="136" VPOS="1623" WIDTH="34" HEIGHT="53" CONTENT="à" WC="1.00" CC="0"/>
						<SP ID="P88_SP00098" HPOS="170" VPOS="1676" WIDTH="33"/>
						<String ID="P88_ST00115" HPOS="203" VPOS="1640" WIDTH="61" HEIGHT="37" CONTENT="ce" WC="1.00" CC="00"/>
						<SP ID="P88_SP00099" HPOS="264" VPOS="1677" WIDTH="33"/>
						<String ID="P88_ST00116" HPOS="297" VPOS="1641" WIDTH="210" HEIGHT="54" CONTENT="propos" WC="0.99" CC="035040"/>
						<SP ID="P88_SP00100" HPOS="507" VPOS="1695" WIDTH="34"/>
						<String ID="P88_ST00117" HPOS="541" VPOS="1627" WIDTH="176" HEIGHT="69" CONTENT="qu'on" WC="0.97" CC="57360"/>
						<SP ID="P88_SP00101" HPOS="717" VPOS="1696" WIDTH="32"/>
						<String ID="P88_ST00118" HPOS="749" VPOS="1648" WIDTH="258" HEIGHT="36" CONTENT="annonce" WC="0.99" CC="0006002"/>
						<SP ID="P88_SP00102" HPOS="1007" VPOS="1696" WIDTH="33"/>
						<String ID="P88_ST00119" HPOS="1040" VPOS="1631" WIDTH="369" HEIGHT="70" CONTENT="l'apparition" WC="1.00" CC="200000000260"/>
						<SP ID="P88_SP00103" HPOS="1409" VPOS="1701" WIDTH="34"/>
						<String ID="P88_ST00120" HPOS="1443" VPOS="1636" WIDTH="306" HEIGHT="67" CONTENT="prochaine" WC="1.00" CC="073000000"/>
						<SP ID="P88_SP00104" HPOS="1749" VPOS="1703" WIDTH="34"/>
						<String ID="P88_ST00121" HPOS="1783" VPOS="1636" WIDTH="169" HEIGHT="55" CONTENT="d'une" WC="0.99" CC="04700"/>
						<SP ID="P88_SP00105" HPOS="1952" VPOS="1703" WIDTH="34"/>
						<String ID="P88_ST00122" HPOS="1986" VPOS="1635" WIDTH="155" HEIGHT="70" CONTENT="publi" SUBS_TYPE="HypPart1" SUBS_CONTENT="publication" WC="0.98" CC="07410"/>
						<HYP HPOS="2141" VPOS="1635" WIDTH="30" CONTENT="-"/>
					</TextLine>
					<TextLine ID="P88_TL00017" HPOS="134" VPOS="1702" WIDTH="1494" HEIGHT="80">
						<String ID="P88_ST00123" HPOS="134" VPOS="1702" WIDTH="193" HEIGHT="54" CONTENT="cation" SUBS_TYPE="HypPart2" SUBS_CONTENT="publication" WC="0.99" CC="000043"/>
						<SP ID="P88_SP00106" HPOS="327" VPOS="1756" WIDTH="28"/>
						<String ID="P88_ST00124" HPOS="355" VPOS="1705" WIDTH="117" HEIGHT="52" CONTENT="très" WC="0.99" CC="0600"/>
						<SP ID="P88_SP00107" HPOS="472" VPOS="1757" WIDTH="31"/>
						<String ID="P88_ST00125" HPOS="503" VPOS="1706" WIDTH="348" HEIGHT="71" CONTENT="développée" WC="1.00" CC="0000050010"/>
						<SP ID="P88_SP00108" HPOS="851" VPOS="1777" WIDTH="30"/>
						<String ID="P88_ST00126" HPOS="881" VPOS="1726" WIDTH="95" HEIGHT="36" CONTENT="sur" WC="0.96" CC="064"/>
						<SP ID="P88_SP00109" HPOS="976" VPOS="1777" WIDTH="28"/>
						<String ID="P88_ST00127" HPOS="1004" VPOS="1709" WIDTH="56" HEIGHT="53" CONTENT="la" WC="1.00" CC="00"/>
						<SP ID="P88_SP00110" HPOS="1060" VPOS="1777" WIDTH="29"/>
						<String ID="P88_ST00128" HPOS="1089" VPOS="1710" WIDTH="262" HEIGHT="67" CONTENT="musique" WC="0.99" CC="0652060"/>
						<SP ID="P88_SP00111" HPOS="1351" VPOS="1777" WIDTH="32"/>
						<String ID="P88_ST00129" HPOS="1383" VPOS="1714" WIDTH="34" HEIGHT="50" CONTENT="à" WC="0.92" CC="0"/>
						<SP ID="P88_SP00112" HPOS="1417" VPOS="1777" WIDTH="29"/>
						<String ID="P88_ST00130" HPOS="1446" VPOS="1714" WIDTH="182" HEIGHT="68" CONTENT="Lyon." WC="1.00" CC="00002"/>
					</TextLine>
					<TextLine ID="P88_TL00018" HPOS="244" VPOS="1781" WIDTH="1927" HEIGHT="80">
						<String ID="P88_ST00131" HPOS="244" VPOS="1781" WIDTH="105" HEIGHT="55" CONTENT="Les" WC="1.00" CC="000"/>
						<SP ID="P88_SP00113" HPOS="349" VPOS="1836" WIDTH="32"/>
						<String ID="P88_ST00132" HPOS="381" VPOS="1782" WIDTH="170" HEIGHT="56" CONTENT="livres" WC="0.99" CC="000440"/>
						<SP ID="P88_SP00114" HPOS="551" VPOS="1838" WIDTH="33"/>
						<String ID="P88_ST00133" HPOS="584" VPOS="1786" WIDTH="69" HEIGHT="52" CONTENT="de" WC="1.00" CC="00"/>
						<SP ID="P88_SP00115" HPOS="653" VPOS="1838" WIDTH="33"/>
						<String ID="P88_ST00134" HPOS="686" VPOS="1787" WIDTH="138" HEIGHT="52" CONTENT="MM." WC="0.99" CC="101"/>
						<SP ID="P88_SP00116" HPOS="824" VPOS="1839" WIDTH="37"/>
						<String ID="P88_ST00135" HPOS="861" VPOS="1787" WIDTH="293" HEIGHT="55" CONTENT="Gouirand" WC="0.76" CC="23525000"/>
						<SP ID="P88_SP00117" HPOS="1154" VPOS="1842" WIDTH="31"/>
						<String ID="P88_ST00136" HPOS="1185" VPOS="1794" WIDTH="58" HEIGHT="48" CONTENT="et" WC="0.81" CC="30"/>
						<SP ID="P88_SP00118" HPOS="1243" VPOS="1842" WIDTH="33"/>
						<String ID="P88_ST00137" HPOS="1276" VPOS="1790" WIDTH="276" HEIGHT="54" CONTENT="Lefebvre" WC="0.80" CC="04500040"/>
						<SP ID="P88_SP00119" HPOS="1552" VPOS="1844" WIDTH="38"/>
						<String ID="P88_ST00138" HPOS="1590" VPOS="1792" WIDTH="329" HEIGHT="69" CONTENT="présentent" WC="1.00" CC="0630000000"/>
						<SP ID="P88_SP00120" HPOS="1919" VPOS="1861" WIDTH="32"/>
						<String ID="P88_ST00139" HPOS="1951" VPOS="1792" WIDTH="220" HEIGHT="52" CONTENT="chacun" WC="0.99" CC="060062"/>
					</TextLine>
					<TextLine ID="P88_TL00019" HPOS="133" VPOS="1862" WIDTH="2038" HEIGHT="75">
						<String ID="P88_ST00140" HPOS="133" VPOS="1876" WIDTH="78" HEIGHT="36" CONTENT="un" WC="0.68" CC="60"/>
						<SP ID="P88_SP00121" HPOS="211" VPOS="1912" WIDTH="26"/>
						<String ID="P88_ST00141" HPOS="237" VPOS="1862" WIDTH="287" HEIGHT="54" CONTENT="caractère" WC="0.99" CC="106050060"/>
						<SP ID="P88_SP00122" HPOS="524" VPOS="1916" WIDTH="30"/>
						<String ID="P88_ST00142" HPOS="554" VPOS="1863" WIDTH="267" HEIGHT="55" CONTENT="différent" WC="0.99" CC="000843400"/>
						<SP ID="P88_SP00123" HPOS="821" VPOS="1918" WIDTH="17"/>
						<String ID="P88_ST00143" HPOS="838" VPOS="1886" WIDTH="14" HEIGHT="46" CONTENT=";" WC="0.01" CC="9"/>
						<SP ID="P88_SP00124" HPOS="852" VPOS="1932" WIDTH="37"/>
						<String ID="P88_ST00144" HPOS="889" VPOS="1866" WIDTH="51" HEIGHT="53" CONTENT="le" WC="0.76" CC="04"/>
						<SP ID="P88_SP00125" HPOS="940" VPOS="1932" WIDTH="26"/>
						<String ID="P88_ST00145" HPOS="966" VPOS="1866" WIDTH="262" HEIGHT="69" CONTENT="premier," WC="0.99" CC="00000454"/>
						<SP ID="P88_SP00126" HPOS="1228" VPOS="1935" WIDTH="29"/>
						<String ID="P88_ST00146" HPOS="1257" VPOS="1869" WIDTH="127" HEIGHT="68" CONTENT="plus" WC="0.98" CC="0070"/>
						<SP ID="P88_SP00127" HPOS="1384" VPOS="1937" WIDTH="38"/>
						<String ID="P88_ST00147" HPOS="1422" VPOS="1870" WIDTH="231" HEIGHT="67" CONTENT="étendu," WC="0.99" CC="1032064"/>
						<SP ID="P88_SP00128" HPOS="1653" VPOS="1937" WIDTH="30"/>
						<String ID="P88_ST00148" HPOS="1683" VPOS="1871" WIDTH="285" HEIGHT="52" CONTENT="embrasse" WC="1.00" CC="00150010"/>
						<SP ID="P88_SP00129" HPOS="1968" VPOS="1937" WIDTH="37"/>
						<String ID="P88_ST00149" HPOS="2005" VPOS="1875" WIDTH="166" HEIGHT="48" CONTENT="toute" WC="0.99" CC="03600"/>
					</TextLine>
					<TextLine ID="P88_TL00020" HPOS="132" VPOS="1937" WIDTH="2038" HEIGHT="80">
						<String ID="P88_ST00150" HPOS="132" VPOS="1937" WIDTH="56" HEIGHT="53" CONTENT="la" WC="1.00" CC="00"/>
						<SP ID="P88_SP00130" HPOS="188" VPOS="1990" WIDTH="34"/>
						<String ID="P88_ST00151" HPOS="222" VPOS="1940" WIDTH="262" HEIGHT="68" CONTENT="musique" WC="0.99" CC="0712063"/>
						<SP ID="P88_SP00131" HPOS="484" VPOS="2008" WIDTH="34"/>
						<String ID="P88_ST00152" HPOS="518" VPOS="1943" WIDTH="368" HEIGHT="68" CONTENT="provençale;" WC="1.00" CC="00504000009"/>
						<SP ID="P88_SP00132" HPOS="886" VPOS="2011" WIDTH="46"/>
						<String ID="P88_ST00153" HPOS="932" VPOS="1943" WIDTH="51" HEIGHT="54" CONTENT="le" WC="0.96" CC="00"/>
						<SP ID="P88_SP00133" HPOS="983" VPOS="2011" WIDTH="34"/>
						<String ID="P88_ST00154" HPOS="1017" VPOS="1947" WIDTH="211" HEIGHT="52" CONTENT="second" WC="1.00" CC="002000"/>
						<SP ID="P88_SP00134" HPOS="1228" VPOS="2011" WIDTH="32"/>
						<String ID="P88_ST00155" HPOS="1260" VPOS="1964" WIDTH="58" HEIGHT="35" CONTENT="se" WC="0.67" CC="06"/>
						<SP ID="P88_SP00135" HPOS="1318" VPOS="2011" WIDTH="33"/>
						<String ID="P88_ST00156" HPOS="1351" VPOS="1949" WIDTH="265" HEIGHT="53" CONTENT="restreint" WC="1.00" CC="300060021"/>
						<SP ID="P88_SP00136" HPOS="1616" VPOS="2011" WIDTH="36"/>
						<String ID="P88_ST00157" HPOS="1652" VPOS="1950" WIDTH="34" HEIGHT="51" CONTENT="à" WC="1.00" CC="0"/>
						<SP ID="P88_SP00137" HPOS="1686" VPOS="2011" WIDTH="31"/>
						<String ID="P88_ST00158" HPOS="1717" VPOS="1949" WIDTH="213" HEIGHT="53" CONTENT="l'étude" WC="0.99" CC="0400600"/>
						<SP ID="P88_SP00138" HPOS="1930" VPOS="2011" WIDTH="36"/>
						<String ID="P88_ST00159" HPOS="1966" VPOS="1965" WIDTH="170" HEIGHT="52" CONTENT="appro" SUBS_TYPE="HypPart1" SUBS_CONTENT="approfondie" WC="1.00" CC="00000"/>
						<HYP HPOS="2136" VPOS="1965" WIDTH="34" CONTENT="-"/>
					</TextLine>
					<TextLine ID="P88_TL00021" HPOS="132" VPOS="2016" WIDTH="1036" HEIGHT="61">
						<String ID="P88_ST00160" HPOS="132" VPOS="2016" WIDTH="194" HEIGHT="56" CONTENT="fondie" SUBS_TYPE="HypPart2" SUBS_CONTENT="approfondie" WC="0.99" CC="540000"/>
						<SP ID="P88_SP00139" HPOS="326" VPOS="2072" WIDTH="43"/>
						<String ID="P88_ST00161" HPOS="369" VPOS="2018" WIDTH="171" HEIGHT="55" CONTENT="d'une" WC="0.98" CC="03622"/>
						<SP ID="P88_SP00140" HPOS="540" VPOS="2073" WIDTH="41"/>
						<String ID="P88_ST00162" HPOS="581" VPOS="2020" WIDTH="332" HEIGHT="54" CONTENT="institution" WC="1.00" CC="00003070014"/>
						<SP ID="P88_SP00141" HPOS="913" VPOS="2074" WIDTH="41"/>
						<String ID="P88_ST00163" HPOS="954" VPOS="2022" WIDTH="214" HEIGHT="55" CONTENT="lilloise." WC="0.99" CC="002062013"/>
					</TextLine>
					<TextLine ID="P88_TL00022" HPOS="244" VPOS="2095" WIDTH="1922" HEIGHT="72">
						<String ID="P88_ST00164" HPOS="244" VPOS="2095" WIDTH="108" HEIGHT="53" CONTENT="Sur" WC="0.96" CC="064"/>
						<SP ID="P88_SP00142" HPOS="352" VPOS="2148" WIDTH="36"/>
						<String ID="P88_ST00165" HPOS="388" VPOS="2096" WIDTH="55" HEIGHT="53" CONTENT="la" WC="0.98" CC="00"/>
						<SP ID="P88_SP00143" HPOS="443" VPOS="2149" WIDTH="38"/>
						<String ID="P88_ST00166" HPOS="481" VPOS="2098" WIDTH="260" HEIGHT="69" CONTENT="musique" WC="0.99" CC="0700064"/>
						<SP ID="P88_SP00144" HPOS="741" VPOS="2167" WIDTH="31"/>
						<String ID="P88_ST00167" HPOS="772" VPOS="2117" WIDTH="70" HEIGHT="36" CONTENT="en" WC="1.00" CC="00"/>
						<SP ID="P88_SP00145" HPOS="842" VPOS="2167" WIDTH="24"/>
						<String ID="P88_ST00168" HPOS="866" VPOS="2101" WIDTH="305" HEIGHT="66" CONTENT="Provence," WC="0.99" CC="055010504"/>
						<SP ID="P88_SP00146" HPOS="1171" VPOS="2167" WIDTH="29"/>
						<String ID="P88_ST00169" HPOS="1200" VPOS="2102" WIDTH="69" HEIGHT="54" CONTENT="de" WC="1.00" CC="00"/>
						<SP ID="P88_SP00147" HPOS="1269" VPOS="2167" WIDTH="33"/>
						<String ID="P88_ST00170" HPOS="1302" VPOS="2103" WIDTH="320" HEIGHT="55" CONTENT="nombreux" WC="0.99" CC="00009060"/>
						<SP ID="P88_SP00148" HPOS="1622" VPOS="2167" WIDTH="29"/>
						<String ID="P88_ST00171" HPOS="1651" VPOS="2109" WIDTH="251" HEIGHT="49" CONTENT="travaux" WC="0.99" CC="0600070"/>
						<SP ID="P88_SP00149" HPOS="1902" VPOS="2167" WIDTH="33"/>
						<String ID="P88_ST00172" HPOS="1935" VPOS="2103" WIDTH="231" HEIGHT="55" CONTENT="avaient" WC="1.00" CC="0000000"/>
					</TextLine>
					<TextLine ID="P88_TL00023" HPOS="131" VPOS="2172" WIDTH="2034" HEIGHT="80">
						<String ID="P88_ST00173" HPOS="131" VPOS="2172" WIDTH="132" HEIGHT="70" CONTENT="déjà" WC="0.98" CC="0650"/>
						<SP ID="P88_SP00150" HPOS="263" VPOS="2242" WIDTH="26"/>
						<String ID="P88_ST00174" HPOS="289" VPOS="2190" WIDTH="80" HEIGHT="38" CONTENT="vu" WC="0.64" CC="07"/>
						<SP ID="P88_SP00151" HPOS="369" VPOS="2242" WIDTH="28"/>
						<String ID="P88_ST00175" HPOS="397" VPOS="2175" WIDTH="51" HEIGHT="54" CONTENT="le" WC="1.00" CC="00"/>
						<SP ID="P88_SP00152" HPOS="448" VPOS="2242" WIDTH="29"/>
						<String ID="P88_ST00176" HPOS="477" VPOS="2175" WIDTH="146" HEIGHT="68" CONTENT="jour." WC="0.97" CC="44650"/>
						<SP ID="P88_SP00153" HPOS="623" VPOS="2243" WIDTH="33"/>
						<String ID="P88_ST00177" HPOS="656" VPOS="2177" WIDTH="152" HEIGHT="69" CONTENT="Qu'il" WC="0.98" CC="66400"/>
						<SP ID="P88_SP00154" HPOS="808" VPOS="2246" WIDTH="27"/>
						<String ID="P88_ST00178" HPOS="835" VPOS="2178" WIDTH="197" HEIGHT="54" CONTENT="suffise" WC="0.98" CC="0677001"/>
						<SP ID="P88_SP00155" HPOS="1032" VPOS="2246" WIDTH="31"/>
						<String ID="P88_ST00179" HPOS="1063" VPOS="2180" WIDTH="70" HEIGHT="53" CONTENT="de" WC="1.00" CC="00"/>
						<SP ID="P88_SP00156" HPOS="1133" VPOS="2246" WIDTH="30"/>
						<String ID="P88_ST00180" HPOS="1163" VPOS="2180" WIDTH="139" HEIGHT="54" CONTENT="citer" WC="0.99" CC="01006"/>
						<SP ID="P88_SP00157" HPOS="1302" VPOS="2246" WIDTH="27"/>
						<String ID="P88_ST00181" HPOS="1329" VPOS="2181" WIDTH="70" HEIGHT="52" CONTENT="ici" WC="1.00" CC="000"/>
						<SP ID="P88_SP00158" HPOS="1399" VPOS="2246" WIDTH="31"/>
						<String ID="P88_ST00182" HPOS="1430" VPOS="2199" WIDTH="143" HEIGHT="37" CONTENT="ceux" WC="0.98" CC="0080"/>
						<SP ID="P88_SP00159" HPOS="1573" VPOS="2246" WIDTH="31"/>
						<String ID="P88_ST00183" HPOS="1604" VPOS="2182" WIDTH="251" HEIGHT="55" CONTENT="d'Alexis" WC="1.00" CC="03030000"/>
						<SP ID="P88_SP00160" HPOS="1855" VPOS="2246" WIDTH="31"/>
						<String ID="P88_ST00184" HPOS="1886" VPOS="2184" WIDTH="279" HEIGHT="68" CONTENT="Rostang," WC="0.79" CC="00060063"/>
					</TextLine>
					<TextLine ID="P88_TL00024" HPOS="131" VPOS="2251" WIDTH="2033" HEIGHT="77">
						<String ID="P88_ST00185" HPOS="131" VPOS="2251" WIDTH="316" HEIGHT="70" CONTENT="d'Arbaud," WC="0.86" CC="000000604"/>
						<SP ID="P88_SP00161" HPOS="447" VPOS="2321" WIDTH="28"/>
						<String ID="P88_ST00186" HPOS="475" VPOS="2255" WIDTH="68" HEIGHT="53" CONTENT="de" WC="0.87" CC="20"/>
						<SP ID="P88_SP00162" HPOS="543" VPOS="2321" WIDTH="27"/>
						<String ID="P88_ST00187" HPOS="570" VPOS="2255" WIDTH="203" HEIGHT="68" CONTENT="Terris," WC="0.99" CC="2025004"/>
						<SP ID="P88_SP00163" HPOS="773" VPOS="2323" WIDTH="28"/>
						<String ID="P88_ST00188" HPOS="801" VPOS="2257" WIDTH="69" HEIGHT="54" CONTENT="de" WC="0.81" CC="03"/>
						<SP ID="P88_SP00164" HPOS="870" VPOS="2323" WIDTH="25"/>
						<String ID="P88_ST00189" HPOS="895" VPOS="2257" WIDTH="272" HEIGHT="66" CONTENT="Laurens," WC="0.74" CC="00660303"/>
						<SP ID="P88_SP00165" HPOS="1167" VPOS="2323" WIDTH="18"/>
						<String ID="P88_ST00190" HPOS="1185" VPOS="2260" WIDTH="70" HEIGHT="52" CONTENT="de" WC="0.82" CC="03"/>
						<SP ID="P88_SP00166" HPOS="1255" VPOS="2323" WIDTH="25"/>
						<String ID="P88_ST00191" HPOS="1280" VPOS="2260" WIDTH="331" HEIGHT="68" CONTENT="Bonnefille," WC="0.69" CC="41205860004"/>
						<SP ID="P88_SP00167" HPOS="1611" VPOS="2328" WIDTH="18"/>
						<String ID="P88_ST00192" HPOS="1629" VPOS="2264" WIDTH="69" HEIGHT="52" CONTENT="de" WC="1.00" CC="00"/>
						<SP ID="P88_SP00168" HPOS="1698" VPOS="2328" WIDTH="24"/>
						<String ID="P88_ST00193" HPOS="1722" VPOS="2261" WIDTH="190" HEIGHT="53" CONTENT="l'abbé" WC="1.00" CC="000000"/>
						<SP ID="P88_SP00169" HPOS="1912" VPOS="2328" WIDTH="25"/>
						<String ID="P88_ST00194" HPOS="1937" VPOS="2261" WIDTH="227" HEIGHT="52" CONTENT="Marbot" WC="0.75" CC="004037"/>
					</TextLine>
					<TextLine ID="P88_TL00025" HPOS="127" VPOS="2331" WIDTH="2038" HEIGHT="79">
						<String ID="P88_ST00195" HPOS="127" VPOS="2335" WIDTH="58" HEIGHT="49" CONTENT="et" WC="1.00" CC="00"/>
						<SP ID="P88_SP00170" HPOS="185" VPOS="2384" WIDTH="41"/>
						<String ID="P88_ST00196" HPOS="226" VPOS="2331" WIDTH="70" HEIGHT="53" CONTENT="de" WC="0.83" CC="03"/>
						<SP ID="P88_SP00171" HPOS="296" VPOS="2384" WIDTH="38"/>
						<String ID="P88_ST00197" HPOS="334" VPOS="2337" WIDTH="165" HEIGHT="50" CONTENT="notre" WC="0.99" CC="01330"/>
						<SP ID="P88_SP00172" HPOS="499" VPOS="2387" WIDTH="41"/>
						<String ID="P88_ST00198" HPOS="540" VPOS="2333" WIDTH="248" HEIGHT="70" CONTENT="collègue" WC="0.99" CC="00030860"/>
						<SP ID="P88_SP00173" HPOS="788" VPOS="2403" WIDTH="39"/>
						<String ID="P88_ST00199" HPOS="827" VPOS="2335" WIDTH="250" HEIGHT="56" CONTENT="Amédée" WC="0.90" CC="000023"/>
						<SP ID="P88_SP00174" HPOS="1077" VPOS="2403" WIDTH="40"/>
						<String ID="P88_ST00200" HPOS="1117" VPOS="2337" WIDTH="254" HEIGHT="54" CONTENT="Gastoué" WC="0.67" CC="4600173"/>
						<SP ID="P88_SP00175" HPOS="1371" VPOS="2403" WIDTH="42"/>
						<String ID="P88_ST00201" HPOS="1413" VPOS="2341" WIDTH="94" HEIGHT="65" CONTENT="(1)." WC="0.90" CC="0300"/>
						<SP ID="P88_SP00176" HPOS="1507" VPOS="2406" WIDTH="33"/>
						<String ID="P88_ST00202" HPOS="1540" VPOS="2340" WIDTH="228" HEIGHT="67" CONTENT="Disons," WC="0.99" CC="3005004"/>
						<SP ID="P88_SP00177" HPOS="1768" VPOS="2407" WIDTH="30"/>
						<String ID="P88_ST00203" HPOS="1798" VPOS="2357" WIDTH="70" HEIGHT="36" CONTENT="en" WC="0.92" CC="10"/>
						<SP ID="P88_SP00178" HPOS="1868" VPOS="2407" WIDTH="38"/>
						<String ID="P88_ST00204" HPOS="1906" VPOS="2345" WIDTH="259" HEIGHT="65" CONTENT="passant," WC="1.00" CC="00000004"/>
					</TextLine>
					<TextLine ID="P88_TL00026" HPOS="127" VPOS="2412" WIDTH="2037" HEIGHT="75">
						<String ID="P88_ST00205" HPOS="127" VPOS="2425" WIDTH="110" HEIGHT="53" CONTENT="que" WC="0.95" CC="461"/>
						<SP ID="P88_SP00179" HPOS="237" VPOS="2478" WIDTH="28"/>
						<String ID="P88_ST00206" HPOS="265" VPOS="2415" WIDTH="150" HEIGHT="49" CONTENT="cette" WC="1.00" CC="00301"/>
						<SP ID="P88_SP00180" HPOS="415" VPOS="2478" WIDTH="28"/>
						<String ID="P88_ST00207" HPOS="443" VPOS="2412" WIDTH="250" HEIGHT="55" CONTENT="dernière" WC="1.00" CC="00203040"/>
						<SP ID="P88_SP00181" HPOS="693" VPOS="2478" WIDTH="27"/>
						<String ID="P88_ST00208" HPOS="720" VPOS="2413" WIDTH="188" HEIGHT="65" CONTENT="étude," WC="0.99" CC="306004"/>
						<SP ID="P88_SP00182" HPOS="908" VPOS="2478" WIDTH="20"/>
						<String ID="P88_ST00209" HPOS="928" VPOS="2415" WIDTH="98" HEIGHT="68" CONTENT="qui" WC="0.98" CC="060"/>
						<SP ID="P88_SP00183" HPOS="1026" VPOS="2483" WIDTH="27"/>
						<String ID="P88_ST00210" HPOS="1053" VPOS="2432" WIDTH="208" HEIGHT="52" CONTENT="expose" WC="1.00" CC="000400"/>
						<SP ID="P88_SP00184" HPOS="1261" VPOS="2484" WIDTH="21"/>
						<String ID="P88_ST00211" HPOS="1282" VPOS="2416" WIDTH="79" HEIGHT="55" CONTENT="les" WC="1.00" CC="000"/>
						<SP ID="P88_SP00185" HPOS="1361" VPOS="2484" WIDTH="26"/>
						<String ID="P88_ST00212" HPOS="1387" VPOS="2417" WIDTH="379" HEIGHT="70" CONTENT="importantes" WC="1.00" CC="00056000800"/>
						<SP ID="P88_SP00186" HPOS="1766" VPOS="2487" WIDTH="28"/>
						<String ID="P88_ST00213" HPOS="1794" VPOS="2420" WIDTH="370" HEIGHT="53" CONTENT="découvertes" WC="1.00" CC="05026004000"/>
					</TextLine>
					<TextLine ID="P88_TL00027" HPOS="127" VPOS="2488" WIDTH="2036" HEIGHT="79">
						<String ID="P88_ST00214" HPOS="127" VPOS="2488" WIDTH="169" HEIGHT="55" CONTENT="faites" WC="0.98" CC="701600"/>
						<SP ID="P88_SP00187" HPOS="296" VPOS="2543" WIDTH="28"/>
						<String ID="P88_ST00215" HPOS="324" VPOS="2507" WIDTH="104" HEIGHT="51" CONTENT="par" WC="0.97" CC="034"/>
						<SP ID="P88_SP00188" HPOS="428" VPOS="2558" WIDTH="28"/>
						<String ID="P88_ST00216" HPOS="456" VPOS="2491" WIDTH="75" HEIGHT="52" CONTENT="M." WC="0.90" CC="02"/>
						<SP ID="P88_SP00189" HPOS="531" VPOS="2558" WIDTH="33"/>
						<String ID="P88_ST00217" HPOS="564" VPOS="2491" WIDTH="251" HEIGHT="54" CONTENT="Gastoué" WC="0.83" CC="0003061"/>
						<SP ID="P88_SP00190" HPOS="815" VPOS="2558" WIDTH="29"/>
						<String ID="P88_ST00218" HPOS="844" VPOS="2511" WIDTH="117" HEIGHT="36" CONTENT="aux" WC="0.97" CC="060"/>
						<SP ID="P88_SP00191" HPOS="961" VPOS="2558" WIDTH="26"/>
						<String ID="P88_ST00219" HPOS="987" VPOS="2493" WIDTH="275" HEIGHT="56" CONTENT="Archives" WC="1.00" CC="05100000"/>
						<SP ID="P88_SP00192" HPOS="1262" VPOS="2558" WIDTH="28"/>
						<String ID="P88_ST00220" HPOS="1290" VPOS="2501" WIDTH="57" HEIGHT="48" CONTENT="et" WC="1.00" CC="00"/>
						<SP ID="P88_SP00193" HPOS="1347" VPOS="2558" WIDTH="31"/>
						<String ID="P88_ST00221" HPOS="1378" VPOS="2497" WIDTH="34" HEIGHT="52" CONTENT="à" WC="1.00" CC="0"/>
						<SP ID="P88_SP00194" HPOS="1412" VPOS="2558" WIDTH="25"/>
						<String ID="P88_ST00222" HPOS="1437" VPOS="2496" WIDTH="55" HEIGHT="53" CONTENT="la" WC="1.00" CC="00"/>
						<SP ID="P88_SP00195" HPOS="1492" VPOS="2558" WIDTH="43"/>
						<String ID="P88_ST00223" HPOS="1535" VPOS="2495" WIDTH="402" HEIGHT="72" CONTENT="Bibliothèque" WC="1.00" CC="500000053000"/>
						<SP ID="P88_SP00196" HPOS="1937" VPOS="2567" WIDTH="30"/>
						<String ID="P88_ST00224" HPOS="1967" VPOS="2497" WIDTH="164" HEIGHT="55" CONTENT="d'Avi" SUBS_TYPE="HypPart1" SUBS_CONTENT="d'Avignon," WC="0.99" CC="03000"/>
						<HYP HPOS="2131" VPOS="2497" WIDTH="32" CONTENT="-"/>
					</TextLine>
					<TextLine ID="P88_TL00028" HPOS="124" VPOS="2570" WIDTH="1519" HEIGHT="72">
						<String ID="P88_ST00225" HPOS="124" VPOS="2582" WIDTH="173" HEIGHT="54" CONTENT="gnon," SUBS_TYPE="HypPart2" SUBS_CONTENT="d'Avignon," WC="0.97" CC="70724"/>
						<SP ID="P88_SP00197" HPOS="297" VPOS="2636" WIDTH="29"/>
						<String ID="P88_ST00226" HPOS="326" VPOS="2570" WIDTH="214" HEIGHT="53" CONTENT="semble" WC="0.99" CC="020043"/>
						<SP ID="P88_SP00198" HPOS="540" VPOS="2636" WIDTH="27"/>
						<String ID="P88_ST00227" HPOS="567" VPOS="2570" WIDTH="162" HEIGHT="53" CONTENT="avoir" WC="0.99" CC="00005"/>
						<SP ID="P88_SP00199" HPOS="729" VPOS="2636" WIDTH="25"/>
						<String ID="P88_ST00228" HPOS="754" VPOS="2572" WIDTH="92" HEIGHT="52" CONTENT="été" WC="0.97" CC="502"/>
						<SP ID="P88_SP00200" HPOS="846" VPOS="2636" WIDTH="28"/>
						<String ID="P88_ST00229" HPOS="874" VPOS="2571" WIDTH="224" HEIGHT="71" CONTENT="ignorée" WC="0.99" CC="0803240"/>
						<SP ID="P88_SP00201" HPOS="1098" VPOS="2642" WIDTH="31"/>
						<String ID="P88_ST00230" HPOS="1129" VPOS="2575" WIDTH="68" HEIGHT="53" CONTENT="de" WC="0.98" CC="00"/>
						<SP ID="P88_SP00202" HPOS="1197" VPOS="2642" WIDTH="28"/>
						<String ID="P88_ST00231" HPOS="1225" VPOS="2575" WIDTH="77" HEIGHT="52" CONTENT="M." WC="0.89" CC="02"/>
						<SP ID="P88_SP00203" HPOS="1302" VPOS="2642" WIDTH="31"/>
						<String ID="P88_ST00232" HPOS="1333" VPOS="2575" WIDTH="310" HEIGHT="56" CONTENT="Gouirand." WC="0.86" CC="046010000"/>
					</TextLine>
					<TextLine ID="P88_TL00029" HPOS="235" VPOS="2646" WIDTH="1925" HEIGHT="73">
						<String ID="P88_ST00233" HPOS="235" VPOS="2646" WIDTH="197" HEIGHT="53" CONTENT="Divisé" WC="0.98" CC="570003"/>
						<SP ID="P88_SP00204" HPOS="432" VPOS="2699" WIDTH="24"/>
						<String ID="P88_ST00234" HPOS="456" VPOS="2666" WIDTH="72" HEIGHT="34" CONTENT="en" WC="1.00" CC="00"/>
						<SP ID="P88_SP00205" HPOS="528" VPOS="2700" WIDTH="28"/>
						<String ID="P88_ST00235" HPOS="556" VPOS="2647" WIDTH="97" HEIGHT="52" CONTENT="dix" WC="0.99" CC="030"/>
						<SP ID="P88_SP00206" HPOS="653" VPOS="2700" WIDTH="25"/>
						<String ID="P88_ST00236" HPOS="678" VPOS="2650" WIDTH="306" HEIGHT="69" CONTENT="chapitres," WC="0.99" CC="2600103244"/>
						<SP ID="P88_SP00207" HPOS="984" VPOS="2719" WIDTH="14"/>
						<String ID="P88_ST00237" HPOS="998" VPOS="2650" WIDTH="51" HEIGHT="54" CONTENT="le" WC="0.82" CC="03"/>
						<SP ID="P88_SP00208" HPOS="1049" VPOS="2719" WIDTH="24"/>
						<String ID="P88_ST00238" HPOS="1073" VPOS="2651" WIDTH="141" HEIGHT="54" CONTENT="livre" WC="0.99" CC="00050"/>
						<SP ID="P88_SP00209" HPOS="1214" VPOS="2719" WIDTH="25"/>
						<String ID="P88_ST00239" HPOS="1239" VPOS="2653" WIDTH="70" HEIGHT="54" CONTENT="de" WC="0.92" CC="01"/>
						<SP ID="P88_SP00210" HPOS="1309" VPOS="2719" WIDTH="32"/>
						<String ID="P88_ST00240" HPOS="1341" VPOS="2651" WIDTH="75" HEIGHT="54" CONTENT="M." WC="0.65" CC="60"/>
						<SP ID="P88_SP00211" HPOS="1416" VPOS="2719" WIDTH="19"/>
						<String ID="P88_ST00241" HPOS="1435" VPOS="2653" WIDTH="293" HEIGHT="56" CONTENT="Gouirand" WC="0.79" CC="03605000"/>
						<SP ID="P88_SP00212" HPOS="1728" VPOS="2719" WIDTH="12"/>
						<String ID="P88_ST00242" HPOS="1740" VPOS="2655" WIDTH="132" HEIGHT="53" CONTENT="n'en" WC="1.00" CC="0100"/>
						<SP ID="P88_SP00213" HPOS="1872" VPOS="2719" WIDTH="24"/>
						<String ID="P88_ST00243" HPOS="1896" VPOS="2671" WIDTH="264" HEIGHT="37" CONTENT="consacre" WC="1.00" CC="01000050"/>
					</TextLine>
					<TextLine ID="P88_TL00030" HPOS="126" VPOS="2722" WIDTH="2035" HEIGHT="80">
						<String ID="P88_ST00244" HPOS="126" VPOS="2722" WIDTH="166" HEIGHT="70" CONTENT="guère" WC="0.98" CC="06070"/>
						<SP ID="P88_SP00214" HPOS="292" VPOS="2792" WIDTH="39"/>
						<String ID="P88_ST00245" HPOS="331" VPOS="2742" WIDTH="111" HEIGHT="52" CONTENT="que" WC="0.97" CC="060"/>
						<SP ID="P88_SP00215" HPOS="442" VPOS="2794" WIDTH="39"/>
						<String ID="P88_ST00246" HPOS="481" VPOS="2730" WIDTH="205" HEIGHT="63" CONTENT="quatre" WC="0.98" CC="570502"/>
						<SP ID="P88_SP00216" HPOS="686" VPOS="2794" WIDTH="38"/>
						<String ID="P88_ST00247" HPOS="724" VPOS="2728" WIDTH="35" HEIGHT="52" CONTENT="à" WC="1.00" CC="0"/>
						<SP ID="P88_SP00217" HPOS="759" VPOS="2794" WIDTH="33"/>
						<String ID="P88_ST00248" HPOS="792" VPOS="2728" WIDTH="275" HEIGHT="56" CONTENT="l'histoire" WC="0.99" CC="0450070055"/>
						<SP ID="P88_SP00218" HPOS="1067" VPOS="2794" WIDTH="36"/>
						<String ID="P88_ST00249" HPOS="1103" VPOS="2732" WIDTH="68" HEIGHT="52" CONTENT="de" WC="0.88" CC="02"/>
						<SP ID="P88_SP00219" HPOS="1171" VPOS="2794" WIDTH="35"/>
						<String ID="P88_ST00250" HPOS="1206" VPOS="2731" WIDTH="56" HEIGHT="53" CONTENT="la" WC="1.00" CC="00"/>
						<SP ID="P88_SP00220" HPOS="1262" VPOS="2794" WIDTH="32"/>
						<String ID="P88_ST00251" HPOS="1294" VPOS="2733" WIDTH="260" HEIGHT="69" CONTENT="musique" WC="0.99" CC="0600070"/>
						<SP ID="P88_SP00221" HPOS="1554" VPOS="2802" WIDTH="47"/>
						<String ID="P88_ST00252" HPOS="1601" VPOS="2751" WIDTH="71" HEIGHT="36" CONTENT="en" WC="1.00" CC="00"/>
						<SP ID="P88_SP00222" HPOS="1672" VPOS="2802" WIDTH="35"/>
						<String ID="P88_ST00253" HPOS="1707" VPOS="2735" WIDTH="285" HEIGHT="52" CONTENT="Provence" WC="1.00" CC="03101000"/>
						<SP ID="P88_SP00223" HPOS="1992" VPOS="2802" WIDTH="36"/>
						<String ID="P88_ST00254" HPOS="2028" VPOS="2738" WIDTH="57" HEIGHT="49" CONTENT="et" WC="0.88" CC="02"/>
						<SP ID="P88_SP00224" HPOS="2085" VPOS="2802" WIDTH="42"/>
						<String ID="P88_ST00255" HPOS="2127" VPOS="2733" WIDTH="34" HEIGHT="52" CONTENT="à" WC="0.87" CC="1"/>
					</TextLine>
					<TextLine ID="P88_TL00031" HPOS="123" VPOS="2803" WIDTH="2035" HEIGHT="78">
						<String ID="P88_ST00256" HPOS="123" VPOS="2803" WIDTH="278" HEIGHT="55" CONTENT="Marseille" WC="1.00" CC="006000020"/>
						<SP ID="P88_SP00225" HPOS="401" VPOS="2858" WIDTH="15"/>
						<String ID="P88_ST00257" HPOS="416" VPOS="2811" WIDTH="179" HEIGHT="47" CONTENT="avant" WC="1.00" CC="00000"/>
						<SP ID="P88_SP00226" HPOS="595" VPOS="2858" WIDTH="23"/>
						<String ID="P88_ST00258" HPOS="618" VPOS="2806" WIDTH="51" HEIGHT="54" CONTENT="le" WC="1.00" CC="00"/>
						<SP ID="P88_SP00227" HPOS="669" VPOS="2860" WIDTH="25"/>
						<String ID="P88_ST00259" HPOS="694" VPOS="2821" WIDTH="112" HEIGHT="38" CONTENT="xix" WC="0.97" CC="000"/>
						<String ID="P88_ST00260" HPOS="806" VPOS="2819" WIDTH="21" HEIGHT="22" CONTENT="e" STYLE="superscript" WC="0.84" CC="1"/>
						<SP ID="P88_SP00228" HPOS="827" VPOS="2860" WIDTH="21"/>
						<String ID="P88_ST00261" HPOS="848" VPOS="2807" WIDTH="182" HEIGHT="55" CONTENT="siècle." WC="1.00" CC="0000031"/>
						<SP ID="P88_SP00229" HPOS="1030" VPOS="2862" WIDTH="18"/>
						<String ID="P88_ST00262" HPOS="1048" VPOS="2810" WIDTH="162" HEIGHT="53" CONTENT="Cette" WC="0.99" CC="30200"/>
						<SP ID="P88_SP00230" HPOS="1210" VPOS="2863" WIDTH="23"/>
						<String ID="P88_ST00263" HPOS="1233" VPOS="2811" WIDTH="274" HEIGHT="68" CONTENT="première" WC="1.00" CC="06000120"/>
						<SP ID="P88_SP00231" HPOS="1507" VPOS="2879" WIDTH="23"/>
						<String ID="P88_ST00264" HPOS="1530" VPOS="2811" WIDTH="184" HEIGHT="70" CONTENT="partie" WC="0.99" CC="006000"/>
						<SP ID="P88_SP00232" HPOS="1714" VPOS="2881" WIDTH="24"/>
						<String ID="P88_ST00265" HPOS="1738" VPOS="2830" WIDTH="33" HEIGHT="34" CONTENT="a" WC="1.00" CC="0"/>
						<SP ID="P88_SP00233" HPOS="1771" VPOS="2881" WIDTH="26"/>
						<String ID="P88_ST00266" HPOS="1797" VPOS="2813" WIDTH="145" HEIGHT="54" CONTENT="donc" WC="0.99" CC="0300"/>
						<SP ID="P88_SP00234" HPOS="1942" VPOS="2881" WIDTH="24"/>
						<String ID="P88_ST00267" HPOS="1966" VPOS="2811" WIDTH="192" HEIGHT="70" CONTENT="plutôt" WC="0.99" CC="006603"/>
					</TextLine>
					<TextLine ID="P88_TL00032" HPOS="120" VPOS="2881" WIDTH="2039" HEIGHT="78">
						<String ID="P88_ST00268" HPOS="120" VPOS="2881" WIDTH="53" HEIGHT="53" CONTENT="le" WC="1.00" CC="00"/>
						<SP ID="P88_SP00235" HPOS="173" VPOS="2934" WIDTH="26"/>
						<String ID="P88_ST00269" HPOS="199" VPOS="2883" WIDTH="287" HEIGHT="54" CONTENT="caractère" WC="0.99" CC="001807050"/>
						<SP ID="P88_SP00236" HPOS="486" VPOS="2937" WIDTH="32"/>
						<String ID="P88_ST00270" HPOS="518" VPOS="2885" WIDTH="138" HEIGHT="53" CONTENT="d'un" WC="0.98" CC="0360"/>
						<SP ID="P88_SP00237" HPOS="656" VPOS="2938" WIDTH="28"/>
						<String ID="P88_ST00271" HPOS="684" VPOS="2886" WIDTH="124" HEIGHT="52" CONTENT="état" WC="0.97" CC="5700"/>
						<SP ID="P88_SP00238" HPOS="808" VPOS="2938" WIDTH="31"/>
						<String ID="P88_ST00272" HPOS="839" VPOS="2887" WIDTH="68" HEIGHT="53" CONTENT="de" WC="0.77" CC="04"/>
						<SP ID="P88_SP00239" HPOS="907" VPOS="2940" WIDTH="35"/>
						<String ID="P88_ST00273" HPOS="942" VPOS="2887" WIDTH="216" HEIGHT="55" CONTENT="science" WC="1.00" CC="4000001"/>
						<SP ID="P88_SP00240" HPOS="1158" VPOS="2942" WIDTH="32"/>
						<String ID="P88_ST00274" HPOS="1190" VPOS="2905" WIDTH="110" HEIGHT="52" CONTENT="que" WC="0.94" CC="960"/>
						<SP ID="P88_SP00241" HPOS="1300" VPOS="2957" WIDTH="28"/>
						<String ID="P88_ST00275" HPOS="1328" VPOS="2888" WIDTH="142" HEIGHT="55" CONTENT="celui" WC="0.99" CC="00070"/>
						<SP ID="P88_SP00242" HPOS="1470" VPOS="2957" WIDTH="26"/>
						<String ID="P88_ST00276" HPOS="1496" VPOS="2891" WIDTH="137" HEIGHT="52" CONTENT="d'un" WC="0.98" CC="0260"/>
						<SP ID="P88_SP00243" HPOS="1633" VPOS="2957" WIDTH="39"/>
						<String ID="P88_ST00277" HPOS="1672" VPOS="2890" WIDTH="209" HEIGHT="54" CONTENT="travail" WC="1.00" CC="0500030"/>
						<SP ID="P88_SP00244" HPOS="1881" VPOS="2957" WIDTH="40"/>
						<String ID="P88_ST00278" HPOS="1921" VPOS="2888" WIDTH="238" HEIGHT="71" CONTENT="original" WC="1.00" CC="34000000"/>
					</TextLine>
					<TextLine ID="P88_TL00033" HPOS="123" VPOS="2959" WIDTH="2035" HEIGHT="78">
						<String ID="P88_ST00279" HPOS="123" VPOS="2959" WIDTH="135" HEIGHT="54" CONTENT="basé" WC="1.00" CC="0001"/>
						<SP ID="P88_SP00245" HPOS="258" VPOS="3013" WIDTH="38"/>
						<String ID="P88_ST00280" HPOS="296" VPOS="2977" WIDTH="95" HEIGHT="36" CONTENT="sur" WC="0.95" CC="066"/>
						<SP ID="P88_SP00246" HPOS="391" VPOS="3013" WIDTH="29"/>
						<String ID="P88_ST00281" HPOS="420" VPOS="2962" WIDTH="98" HEIGHT="55" CONTENT="des" WC="0.98" CC="005"/>
						<SP ID="P88_SP00247" HPOS="518" VPOS="3017" WIDTH="37"/>
						<String ID="P88_ST00282" HPOS="555" VPOS="2963" WIDTH="326" HEIGHT="55" CONTENT="recherches" WC="0.99" CC="4006340000"/>
						<SP ID="P88_SP00248" HPOS="881" VPOS="3018" WIDTH="48"/>
						<String ID="P88_ST00283" HPOS="929" VPOS="2967" WIDTH="395" HEIGHT="67" CONTENT="personnelles." WC="1.00" CC="0130401000000"/>
						<SP ID="P88_SP00249" HPOS="1324" VPOS="3034" WIDTH="42"/>
						<String ID="P88_ST00284" HPOS="1366" VPOS="2967" WIDTH="325" HEIGHT="70" CONTENT="L'ampleur" WC="1.00" CC="000000071"/>
						<SP ID="P88_SP00250" HPOS="1691" VPOS="3037" WIDTH="39"/>
						<String ID="P88_ST00285" HPOS="1730" VPOS="2970" WIDTH="68" HEIGHT="53" CONTENT="de" WC="1.00" CC="00"/>
						<SP ID="P88_SP00251" HPOS="1798" VPOS="3037" WIDTH="36"/>
						<String ID="P88_ST00286" HPOS="1834" VPOS="2968" WIDTH="56" HEIGHT="54" CONTENT="la" WC="1.00" CC="00"/>
						<SP ID="P88_SP00252" HPOS="1890" VPOS="3037" WIDTH="31"/>
						<String ID="P88_ST00287" HPOS="1921" VPOS="2968" WIDTH="237" HEIGHT="52" CONTENT="matière" WC="1.00" CC="0000050"/>
					</TextLine>
					<TextLine ID="P88_TL00034" HPOS="122" VPOS="3038" WIDTH="2034" HEIGHT="79">
						<String ID="P88_ST00288" HPOS="122" VPOS="3038" WIDTH="224" HEIGHT="69" CONTENT="traitée," WC="0.99" CC="64004104"/>
						<SP ID="P88_SP00253" HPOS="346" VPOS="3107" WIDTH="35"/>
						<String ID="P88_ST00289" HPOS="381" VPOS="3057" WIDTH="104" HEIGHT="37" CONTENT="son" WC="1.00" CC="000"/>
						<SP ID="P88_SP00254" HPOS="485" VPOS="3107" WIDTH="32"/>
						<String ID="P88_ST00290" HPOS="517" VPOS="3042" WIDTH="245" HEIGHT="55" CONTENT="étendue" WC="0.99" CC="3310060"/>
						<SP ID="P88_SP00255" HPOS="762" VPOS="3107" WIDTH="34"/>
						<String ID="P88_ST00291" HPOS="796" VPOS="3045" WIDTH="144" HEIGHT="52" CONTENT="dans" WC="0.98" CC="0810"/>
						<SP ID="P88_SP00256" HPOS="940" VPOS="3107" WIDTH="31"/>
						<String ID="P88_ST00292" HPOS="971" VPOS="3043" WIDTH="51" HEIGHT="55" CONTENT="le" WC="1.00" CC="00"/>
						<SP ID="P88_SP00257" HPOS="1022" VPOS="3107" WIDTH="32"/>
						<String ID="P88_ST00293" HPOS="1054" VPOS="3051" WIDTH="189" HEIGHT="62" CONTENT="temps" WC="0.99" CC="04000"/>
						<SP ID="P88_SP00258" HPOS="1243" VPOS="3113" WIDTH="32"/>
						<String ID="P88_ST00294" HPOS="1275" VPOS="3051" WIDTH="57" HEIGHT="48" CONTENT="et" WC="0.94" CC="01"/>
						<SP ID="P88_SP00259" HPOS="1332" VPOS="3113" WIDTH="36"/>
						<String ID="P88_ST00295" HPOS="1368" VPOS="3047" WIDTH="143" HEIGHT="53" CONTENT="dans" WC="1.00" CC="0000"/>
						<SP ID="P88_SP00260" HPOS="1511" VPOS="3113" WIDTH="32"/>
						<String ID="P88_ST00296" HPOS="1543" VPOS="3046" WIDTH="241" HEIGHT="70" CONTENT="l'espace" WC="1.00" CC="34000000"/>
						<SP ID="P88_SP00261" HPOS="1784" VPOS="3116" WIDTH="33"/>
						<String ID="P88_ST00297" HPOS="1817" VPOS="3046" WIDTH="339" HEIGHT="71" CONTENT="empêchent" WC="1.00" CC="000000000"/>
					</TextLine>
					<TextLine ID="P88_TL00035" HPOS="120" VPOS="3114" WIDTH="2036" HEIGHT="65">
						<String ID="P88_ST00298" HPOS="120" VPOS="3114" WIDTH="248" HEIGHT="56" CONTENT="l'auteur" WC="0.98" CC="04066074"/>
						<SP ID="P88_SP00262" HPOS="368" VPOS="3170" WIDTH="38"/>
						<String ID="P88_ST00299" HPOS="406" VPOS="3118" WIDTH="132" HEIGHT="54" CONTENT="d'en" WC="0.99" CC="0400"/>
						<SP ID="P88_SP00263" HPOS="538" VPOS="3172" WIDTH="37"/>
						<String ID="P88_ST00300" HPOS="575" VPOS="3118" WIDTH="140" HEIGHT="55" CONTENT="faire" WC="0.98" CC="70040"/>
						<SP ID="P88_SP00264" HPOS="715" VPOS="3173" WIDTH="38"/>
						<String ID="P88_ST00301" HPOS="753" VPOS="3140" WIDTH="79" HEIGHT="34" CONTENT="un" WC="0.61" CC="61"/>
						<SP ID="P88_SP00265" HPOS="832" VPOS="3174" WIDTH="38"/>
						<String ID="P88_ST00302" HPOS="870" VPOS="3139" WIDTH="241" HEIGHT="36" CONTENT="examen" WC="1.00" CC="000030"/>
						<SP ID="P88_SP00266" HPOS="1111" VPOS="3175" WIDTH="38"/>
						<String ID="P88_ST00303" HPOS="1149" VPOS="3123" WIDTH="244" HEIGHT="54" CONTENT="détaillé." WC="1.00" CC="030000000"/>
						<SP ID="P88_SP00267" HPOS="1393" VPOS="3177" WIDTH="44"/>
						<String ID="P88_ST00304" HPOS="1437" VPOS="3125" WIDTH="47" HEIGHT="52" CONTENT="Il" WC="0.94" CC="01"/>
						<SP ID="P88_SP00268" HPOS="1484" VPOS="3177" WIDTH="50"/>
						<String ID="P88_ST00305" HPOS="1534" VPOS="3142" WIDTH="33" HEIGHT="35" CONTENT="a" WC="1.00" CC="0"/>
						<SP ID="P88_SP00269" HPOS="1567" VPOS="3177" WIDTH="44"/>
						<String ID="P88_ST00306" HPOS="1611" VPOS="3126" WIDTH="313" HEIGHT="53" CONTENT="seulement" WC="0.99" CC="006200107"/>
						<SP ID="P88_SP00270" HPOS="1924" VPOS="3179" WIDTH="35"/>
						<String ID="P88_ST00307" HPOS="1959" VPOS="3122" WIDTH="197" HEIGHT="55" CONTENT="brossé" WC="1.00" CC="040000"/>
					</TextLine>
					<TextLine ID="P88_TL00036" HPOS="120" VPOS="3196" WIDTH="2035" HEIGHT="76">
						<String ID="P88_ST00308" HPOS="120" VPOS="3212" WIDTH="79" HEIGHT="34" CONTENT="un" WC="0.66" CC="60"/>
						<SP ID="P88_SP00271" HPOS="199" VPOS="3246" WIDTH="45"/>
						<String ID="P88_ST00309" HPOS="244" VPOS="3196" WIDTH="236" HEIGHT="53" CONTENT="tableau" WC="0.99" CC="5000106"/>
						<SP ID="P88_SP00272" HPOS="480" VPOS="3249" WIDTH="44"/>
						<String ID="P88_ST00310" HPOS="524" VPOS="3197" WIDTH="346" HEIGHT="56" CONTENT="d'ensemble" WC="0.99" CC="0140000415"/>
						<SP ID="P88_SP00273" HPOS="870" VPOS="3253" WIDTH="47"/>
						<String ID="P88_ST00311" HPOS="917" VPOS="3202" WIDTH="141" HEIGHT="52" CONTENT="dont" WC="0.97" CC="0634"/>
						<SP ID="P88_SP00274" HPOS="1058" VPOS="3254" WIDTH="45"/>
						<String ID="P88_ST00312" HPOS="1103" VPOS="3201" WIDTH="56" HEIGHT="52" CONTENT="la" WC="1.00" CC="00"/>
						<SP ID="P88_SP00275" HPOS="1159" VPOS="3254" WIDTH="52"/>
						<String ID="P88_ST00313" HPOS="1211" VPOS="3198" WIDTH="253" HEIGHT="71" CONTENT="majeure" WC="0.99" CC="0050603"/>
						<SP ID="P88_SP00276" HPOS="1464" VPOS="3269" WIDTH="45"/>
						<String ID="P88_ST00314" HPOS="1509" VPOS="3203" WIDTH="182" HEIGHT="69" CONTENT="partie" WC="1.00" CC="001001"/>
						<SP ID="P88_SP00277" HPOS="1691" VPOS="3272" WIDTH="47"/>
						<String ID="P88_ST00315" HPOS="1738" VPOS="3206" WIDTH="98" HEIGHT="52" CONTENT="des" WC="0.98" CC="050"/>
						<SP ID="P88_SP00278" HPOS="1836" VPOS="3272" WIDTH="45"/>
						<String ID="P88_ST00316" HPOS="1881" VPOS="3205" WIDTH="274" HEIGHT="53" CONTENT="éléments" WC="1.00" CC="03000040"/>
					</TextLine>
					<TextLine ID="P88_TL00037" HPOS="119" VPOS="3276" WIDTH="2033" HEIGHT="75">
						<String ID="P88_ST00317" HPOS="119" VPOS="3278" WIDTH="85" HEIGHT="47" CONTENT="est" WC="0.99" CC="003"/>
						<SP ID="P88_SP00279" HPOS="204" VPOS="3325" WIDTH="33"/>
						<String ID="P88_ST00318" HPOS="237" VPOS="3276" WIDTH="336" HEIGHT="67" CONTENT="empruntée" WC="0.99" CC="000650600"/>
						<SP ID="P88_SP00280" HPOS="573" VPOS="3343" WIDTH="33"/>
						<String ID="P88_ST00319" HPOS="606" VPOS="3293" WIDTH="115" HEIGHT="36" CONTENT="aux" WC="0.98" CC="060"/>
						<SP ID="P88_SP00281" HPOS="721" VPOS="3343" WIDTH="29"/>
						<String ID="P88_ST00320" HPOS="750" VPOS="3283" WIDTH="252" HEIGHT="49" CONTENT="travaux" WC="0.99" CC="0600070"/>
						<SP ID="P88_SP00282" HPOS="1002" VPOS="3343" WIDTH="32"/>
						<String ID="P88_ST00321" HPOS="1034" VPOS="3280" WIDTH="331" HEIGHT="54" CONTENT="antérieurs." WC="1.00" CC="01005106300"/>
						<SP ID="P88_SP00283" HPOS="1365" VPOS="3343" WIDTH="25"/>
						<String ID="P88_ST00322" HPOS="1390" VPOS="3281" WIDTH="91" HEIGHT="54" CONTENT="On" WC="0.72" CC="14"/>
						<SP ID="P88_SP00284" HPOS="1481" VPOS="3343" WIDTH="30"/>
						<String ID="P88_ST00323" HPOS="1511" VPOS="3300" WIDTH="70" HEIGHT="35" CONTENT="ne" WC="0.79" CC="40"/>
						<SP ID="P88_SP00285" HPOS="1581" VPOS="3343" WIDTH="33"/>
						<String ID="P88_ST00324" HPOS="1614" VPOS="3283" WIDTH="232" HEIGHT="64" CONTENT="saurait," WC="0.99" CC="00600013"/>
						<SP ID="P88_SP00286" HPOS="1846" VPOS="3347" WIDTH="30"/>
						<String ID="P88_ST00325" HPOS="1876" VPOS="3285" WIDTH="77" HEIGHT="53" CONTENT="du" WC="0.66" CC="06"/>
						<SP ID="P88_SP00287" HPOS="1953" VPOS="3347" WIDTH="31"/>
						<String ID="P88_ST00326" HPOS="1984" VPOS="3287" WIDTH="168" HEIGHT="64" CONTENT="reste," WC="0.99" CC="120002"/>
					</TextLine>
					<TextLine ID="P88_TL00038" HPOS="118" VPOS="3351" WIDTH="2034" HEIGHT="76">
						<String ID="P88_ST00327" HPOS="118" VPOS="3351" WIDTH="52" HEIGHT="53" CONTENT="le" WC="0.78" CC="30"/>
						<SP ID="P88_SP00288" HPOS="170" VPOS="3404" WIDTH="28"/>
						<String ID="P88_ST00328" HPOS="198" VPOS="3352" WIDTH="79" HEIGHT="55" CONTENT="lui" WC="0.97" CC="260"/>
						<SP ID="P88_SP00289" HPOS="277" VPOS="3407" WIDTH="30"/>
						<String ID="P88_ST00329" HPOS="307" VPOS="3354" WIDTH="320" HEIGHT="68" CONTENT="reprocher," WC="0.99" CC="6005355243"/>
						<SP ID="P88_SP00290" HPOS="627" VPOS="3422" WIDTH="22"/>
						<String ID="P88_ST00330" HPOS="649" VPOS="3372" WIDTH="94" HEIGHT="37" CONTENT="car" WC="0.99" CC="003"/>
						<SP ID="P88_SP00291" HPOS="743" VPOS="3422" WIDTH="30"/>
						<String ID="P88_ST00331" HPOS="773" VPOS="3357" WIDTH="74" HEIGHT="52" CONTENT="M." WC="1.00" CC="00"/>
						<SP ID="P88_SP00292" HPOS="847" VPOS="3422" WIDTH="20"/>
						<String ID="P88_ST00332" HPOS="867" VPOS="3357" WIDTH="294" HEIGHT="56" CONTENT="Gouirand" WC="0.70" CC="05646000"/>
						<SP ID="P88_SP00293" HPOS="1161" VPOS="3422" WIDTH="26"/>
						<String ID="P88_ST00333" HPOS="1187" VPOS="3361" WIDTH="182" HEIGHT="66" CONTENT="prend" WC="0.99" CC="05000"/>
						<SP ID="P88_SP00294" HPOS="1369" VPOS="3427" WIDTH="28"/>
						<String ID="P88_ST00334" HPOS="1397" VPOS="3360" WIDTH="126" HEIGHT="54" CONTENT="soin" WC="0.98" CC="0306"/>
						<SP ID="P88_SP00295" HPOS="1523" VPOS="3427" WIDTH="27"/>
						<String ID="P88_ST00335" HPOS="1550" VPOS="3362" WIDTH="144" HEIGHT="52" CONTENT="dans" WC="1.00" CC="0000"/>
						<SP ID="P88_SP00296" HPOS="1694" VPOS="3427" WIDTH="28"/>
						<String ID="P88_ST00336" HPOS="1722" VPOS="3379" WIDTH="104" HEIGHT="36" CONTENT="son" WC="0.98" CC="060"/>
						<SP ID="P88_SP00297" HPOS="1826" VPOS="3427" WIDTH="29"/>
						<String ID="P88_ST00337" HPOS="1855" VPOS="3362" WIDTH="297" HEIGHT="55" CONTENT="avertisse-" WC="0.99" CC="0001606123"/>
					</TextLine>
				</TextBlock>
				<TextBlock ID="P88_TB00004" HPOS="112" VPOS="3505" WIDTH="2037" HEIGHT="119" STYLEREFS="TXT_4 PAR_LEFT">
					<TextLine ID="P88_TL00039" HPOS="229" VPOS="3506" WIDTH="1920" HEIGHT="54">
						<String ID="P88_ST00338" HPOS="229" VPOS="3508" WIDTH="61" HEIGHT="46" CONTENT="(1)" WC="1.00" CC="000" STYLEREFS="TXT_1"/>
						<SP ID="P88_SP00298" HPOS="290" VPOS="3554" WIDTH="32"/>
						<String ID="P88_ST00339" HPOS="322" VPOS="3507" WIDTH="51" HEIGHT="38" CONTENT="A." WC="0.79" CC="04" STYLEREFS="TXT_1"/>
						<SP ID="P88_SP00299" HPOS="373" VPOS="3554" WIDTH="30"/>
						<String ID="P88_ST00340" HPOS="403" VPOS="3506" WIDTH="232" HEIGHT="40" CONTENT="GASTOUÉ." WC="0.81" CC="01020073" STYLEREFS="TXT_1"/>
						<SP ID="P88_SP00300" HPOS="635" VPOS="3554" WIDTH="29"/>
						<String ID="P88_ST00341" HPOS="664" VPOS="3508" WIDTH="63" HEIGHT="37" CONTENT="La" WC="0.72" CC="13"/>
						<SP ID="P88_SP00301" HPOS="727" VPOS="3554" WIDTH="26"/>
						<String ID="P88_ST00342" HPOS="753" VPOS="3510" WIDTH="197" HEIGHT="50" CONTENT="musique" WC="0.98" CC="4800081"/>
						<SP ID="P88_SP00302" HPOS="950" VPOS="3560" WIDTH="28"/>
						<String ID="P88_ST00343" HPOS="978" VPOS="3513" WIDTH="26" HEIGHT="35" CONTENT="à" WC="1.00" CC="0"/>
						<SP ID="P88_SP00303" HPOS="1004" VPOS="3560" WIDTH="24"/>
						<String ID="P88_ST00344" HPOS="1028" VPOS="3510" WIDTH="203" HEIGHT="50" CONTENT="Avignon" WC="0.98" CC="3007065"/>
						<SP ID="P88_SP00304" HPOS="1231" VPOS="3560" WIDTH="27"/>
						<String ID="P88_ST00345" HPOS="1258" VPOS="3517" WIDTH="37" HEIGHT="32" CONTENT="et" WC="0.74" CC="05"/>
						<SP ID="P88_SP00305" HPOS="1295" VPOS="3560" WIDTH="24"/>
						<String ID="P88_ST00346" HPOS="1319" VPOS="3512" WIDTH="108" HEIGHT="40" CONTENT="dans" WC="0.98" CC="0450"/>
						<SP ID="P88_SP00306" HPOS="1427" VPOS="3560" WIDTH="28"/>
						<String ID="P88_ST00347" HPOS="1455" VPOS="3515" WIDTH="35" HEIGHT="36" CONTENT="le" WC="0.51" CC="18"/>
						<SP ID="P88_SP00307" HPOS="1490" VPOS="3560" WIDTH="29"/>
						<String ID="P88_ST00348" HPOS="1519" VPOS="3513" WIDTH="165" HEIGHT="39" CONTENT="Comtat" WC="0.81" CC="004204"/>
						<SP ID="P88_SP00308" HPOS="1684" VPOS="3560" WIDTH="25"/>
						<String ID="P88_ST00349" HPOS="1709" VPOS="3518" WIDTH="55" HEIGHT="37" CONTENT="du" WC="1.00" CC="00"/>
						<SP ID="P88_SP00309" HPOS="1764" VPOS="3560" WIDTH="26"/>
						<String ID="P88_ST00350" HPOS="1790" VPOS="3525" WIDTH="83" HEIGHT="28" CONTENT="XIV" WC="0.93" CC="200" STYLEREFS="TXT_1"/>
						<String ID="P88_ST00351" HPOS="1876" VPOS="3525" WIDTH="14" HEIGHT="18" CONTENT="E" STYLE="superscript" WC="0.55" CC="4" STYLEREFS="TXT_1"/>
						<SP ID="P88_SP00310" HPOS="1890" VPOS="3560" WIDTH="31"/>
						<String ID="P88_ST00352" HPOS="1921" VPOS="3529" WIDTH="58" HEIGHT="26" CONTENT="au" WC="0.62" CC="07"/>
						<SP ID="P88_SP00311" HPOS="1979" VPOS="3560" WIDTH="31"/>
						<String ID="P88_ST00353" HPOS="2010" VPOS="3528" WIDTH="139" HEIGHT="31" CONTENT="XVME" WC="0.50" CC="4078" STYLEREFS="TXT_1"/>
					</TextLine>
					<TextLine ID="P88_TL00040" HPOS="112" VPOS="3565" WIDTH="1366" HEIGHT="59">
						<String ID="P88_ST00354" HPOS="112" VPOS="3565" WIDTH="139" HEIGHT="41" CONTENT="siècle." WC="0.97" CC="8476097"/>
						<SP ID="P88_SP00312" HPOS="251" VPOS="3606" WIDTH="29"/>
						<String ID="P88_ST00355" HPOS="280" VPOS="3566" WIDTH="188" HEIGHT="47" CONTENT="(Rivista" WC="0.77" CC="80020071"/>
						<SP ID="P88_SP00313" HPOS="468" VPOS="3613" WIDTH="28"/>
						<String ID="P88_ST00356" HPOS="496" VPOS="3567" WIDTH="205" HEIGHT="38" CONTENT="musicale" WC="0.98" CC="37606340"/>
						<SP ID="P88_SP00314" HPOS="701" VPOS="3613" WIDTH="27"/>
						<String ID="P88_ST00357" HPOS="728" VPOS="3569" WIDTH="187" HEIGHT="38" CONTENT="italiana" WC="0.71" CC="03020673"/>
						<String ID="P88_ST00358" HPOS="921" VPOS="3600" WIDTH="8" HEIGHT="11" CONTENT="," WC="0.25" CC="7" STYLEREFS="TXT_1"/>
						<SP ID="P88_SP00315" HPOS="929" VPOS="3613" WIDTH="29"/>
						<String ID="P88_ST00359" HPOS="958" VPOS="3574" WIDTH="32" HEIGHT="34" CONTENT="T." WC="0.81" CC="30" STYLEREFS="TXT_1"/>
						<SP ID="P88_SP00316" HPOS="990" VPOS="3613" WIDTH="30"/>
						<String ID="P88_ST00360" HPOS="1020" VPOS="3581" WIDTH="63" HEIGHT="32" CONTENT="XI," WC="0.98" CC="050" STYLEREFS="TXT_1"/>
						<SP ID="P88_SP00317" HPOS="1083" VPOS="3613" WIDTH="29"/>
						<String ID="P88_ST00361" HPOS="1112" VPOS="3571" WIDTH="106" HEIGHT="39" CONTENT="FASC." WC="0.77" CC="06003" STYLEREFS="TXT_1"/>
						<SP ID="P88_SP00318" HPOS="1218" VPOS="3613" WIDTH="30"/>
						<String ID="P88_ST00362" HPOS="1248" VPOS="3585" WIDTH="23" HEIGHT="25" CONTENT="2" WC="0.97" CC="0" STYLEREFS="TXT_1"/>
						<String ID="P88_ST00363" HPOS="1277" VPOS="3580" WIDTH="14" HEIGHT="17" CONTENT="E" STYLE="superscript" WC="0.80" CC="1" STYLEREFS="TXT_1"/>
						<String ID="P88_ST00364" HPOS="1298" VPOS="3604" WIDTH="9" HEIGHT="14" CONTENT="," WC="0.28" CC="7" STYLEREFS="TXT_1"/>
						<SP ID="P88_SP00319" HPOS="1307" VPOS="3618" WIDTH="32"/>
						<String ID="P88_ST00365" HPOS="1339" VPOS="3576" WIDTH="23" HEIGHT="48" CONTENT="L" WC="0.77" CC="9" STYLEREFS="TXT_1"/>
						<SP ID="P88_SP00320" HPOS="1362" VPOS="3624" WIDTH="0"/>
						<String ID="P88_ST00366" HPOS="1362" VPOS="3576" WIDTH="116" HEIGHT="48" CONTENT="904)." WC="0.77" CC="03000" STYLEREFS="TXT_1"/>
					</TextLine>
				</TextBlock>
			</PrintSpace>
		</Page>
	</Layout>
</alto>
