2545 4099
345 239 96 64 896

882 253 270 34 BULLETIN
1189 254 264 49 FRANÇAIS
1490 254 71 36 DE
1597 257 65 37 LA
1702 258 40 35 S.
1782 258 34 35 I.
1854 259 57 36 M.

461 401 503 54 Possédons-nous
994 401 150 55 donc
1187 402 82 54 les
1307 402 440 72 Prolégomènes
1779 407 69 53 de
1882 407 57 53 la
1977 409 447 74 Métaphysique

345 479 196 57 future
576 486 25 48 ?
654 478 129 56 Une
842 482 458 57 extraordinaire
1340 483 238 56 volonté
1618 486 367 72 symbolique
2024 488 108 56 lait
2173 493 70 55 de
2282 492 114 55 l'ou-

347 576 176 53 vrage
570 576 84 37 un
698 558 300 72 problème
1045 560 132 73 plus
1238 581 207 38 encore
1509 564 217 71 qu'une
1792 567 485 58 démonstration.
2326 572 98 55 Un

350 656 254 53 manque
631 639 213 71 partiel
874 640 69 55 de
971 642 276 57 méthode
1276 644 146 55 dans
1449 644 57 56 la
1559 647 295 70 synthèse,
1885 647 100 72 qui
2020 667 59 37 se
2107 649 143 58 fond
2277 654 147 55 dans

345 717 59 56 la
443 718 307 71 puissance
788 720 318 73 organique
1147 724 71 55 de
1255 723 199 71 l'ldée,
1493 726 329 61 l'exotisme
1877 727 251 57 fâcheux
2182 732 68 55 de
2305 750 89 38 cer-

344 797 192 56 taines
574 798 277 57 formules
890 801 100 72 qui
1029 820 60 38 se
1126 803 248 72 replient
1413 811 339 52 naïvement
1793 813 60 50 et
1892 825 60 39 se
1996 809 314 58 referment
2349 831 74 37 en

344 877 382 57 elles-mêmes
744 897 135 38 sans
898 882 226 56 vouloir
1143 902 192 38 aucun
1345 905 76 35 au
1431 886 149 69 delà,
1592 888 99 55 des
1700 888 345 71 répétitions
2053 891 366 71 nécessaires,

341 976 116 37 une
486 958 248 58 écriture
763 961 47 53 si
838 962 156 56 riche
1025 963 71 56 de
1125 972 380 49 mouvement
1535 967 210 71 qu'elle
1760 969 396 58 tourbillonne
2182 971 236 71 d'idées,

341 1042 157 51 cette
528 1039 309 71 puissance
866 1042 223 71 géniale
1120 1044 157 56 enfin
1309 1046 101 71 qui
1441 1066 73 35 ne
1545 1047 294 57 s'interdit
1871 1067 107 54 pas
2008 1049 57 56 la
2095 1051 325 72 possibilité

343 1115 183 58 d'être
564 1118 270 58 inexacte
872 1138 149 56 pour
1058 1124 261 56 chacune
1359 1127 100 55 des
1496 1127 157 56 idées
1694 1128 208 71 qu'elle
1942 1129 280 73 exprime,
2263 1131 159 56 voilà

340 1195 52 58 le
420 1198 130 55 côté
578 1201 231 71 obscur,
838 1203 36 53 à
896 1221 116 53 peu
1037 1206 132 69 près
1195 1204 340 73 inévitable,
1564 1209 73 55 de
1662 1208 263 59 l'œuvre.
1954 1211 149 56 Mais
2130 1230 115 53 que
2269 1230 151 38 ceux

341 1278 80 55 du
452 1278 189 56 moins
672 1281 100 71 qui
802 1282 276 56 n'auront
1109 1303 106 52 pas
1243 1305 83 37 un
1355 1287 160 71 cycle
1545 1288 218 57 d'idées
1791 1289 295 73 générales
2117 1291 128 71 égal
2273 1293 36 52 à
2335 1292 79 56 lui

339 1373 251 56 opposer
620 1361 279 72 daignent
927 1363 51 56 le
1006 1364 194 58 suivre
1227 1367 10 55 !
1270 1367 322 72 J'aperçois
1619 1389 114 36 une
1763 1372 209 55 armée.
2008 1372 97 55 Un
2156 1372 79 56 tel
2276 1373 111 55 écri-

339 1437 140 56 vain
503 1456 92 38 me
620 1442 193 70 paraît
841 1444 69 54 de
935 1443 55 56 la
1013 1462 131 38 race
1171 1448 100 54 des
1296 1447 383 72 divinateurs,
1704 1470 83 35 un
1812 1452 71 55 de
1907 1469 94 38 ces
2025 1451 153 57 êtres
2202 1472 23 30 «
2245 1470 134 54 para-

336 1516 296 74 disiaques
656 1542 22 28 »
714 1522 143 71 qu'il
891 1542 237 38 nomme
1162 1527 297 60 lui-même
1495 1550 22 28 «
1540 1529 239 56 vibrant
1813 1550 74 37 en
1921 1531 191 72 pleine
2136 1532 240 60 lumière
2390 1554 22 29 »

335 1613 139 40 sans
505 1601 162 54 souci
701 1603 100 55 des
832 1603 426 74 contingences.
1294 1608 84 55 La
1411 1609 155 56 foule
1599 1612 100 55 des
1731 1611 269 72 opinions
2032 1612 101 71 qui
2165 1630 60 39 se
2255 1630 124 56 pres-

334 1682 131 51 sent
500 1696 136 39 sans
668 1683 281 56 nécessité
982 1693 340 65 apparente,
1357 1691 475 72 caractéristique
1868 1693 141 55 d'un
2042 1692 180 74 esprit
2255 1693 126 55 créa-

331 1761 150 67 teur,
496 1762 296 57 contraint
822 1764 34 54 à
882 1766 225 72 chaque
1133 1768 226 57 instant
1388 1772 70 55 de
1486 1789 105 38 son
1618 1772 307 56 invention
1953 1775 70 54 de
2050 1775 228 71 repérer
2304 1792 106 37 son

333 1836 195 72 effort,
580 1847 156 51 cette
786 1843 410 60 classification
1244 1851 312 70 généreuse
1606 1853 99 55 des
1755 1852 235 56 notions
2033 1853 375 73 historiques,

333 1919 348 58 nécessaires
742 1924 144 55 dans
951 1926 126 56 leur
1140 1930 290 71 vulgarité
1479 1933 248 71 (chaque
1785 1940 187 49 terme
2027 1936 70 54 de
2146 1935 57 54 la
2263 1935 116 72 poli-

330 1996 166 73 tique
546 2010 324 64 apparente
922 2010 188 67 prend
1163 2029 114 36 une
1335 2012 233 55 couleur
1624 2015 286 54 naturelle
1968 2016 35 52 à
2058 2032 89 39 ses
2203 2017 201 70 yeux),

330 2082 156 51 cette
521 2078 264 73 jeunesse
832 2084 353 74 triomphale
1233 2091 155 54 enfin
1425 2092 142 56 d'un
1614 2093 180 73 esprit
1844 2093 118 73 qui,
2003 2100 185 66 ayant
2236 2095 134 72 long-

327 2161 196 70 temps
555 2162 267 71 souffert,
853 2164 332 77 longtemps
1215 2171 252 71 réfléchi,
1500 2191 59 38 se
1590 2175 145 56 livre
1769 2175 466 59 définitivement
2268 2192 136 39 sans

327 2238 180 70 souci,
545 2241 62 54 ni
646 2243 101 56 des
782 2244 220 72 haines,
1041 2248 60 55 ni
1140 2251 99 54 des
1277 2252 331 73 mesquines
1643 2253 263 58 rivalités
1944 2256 71 55 de
2052 2272 107 40 son
2184 2255 216 71 milieu,

326 2317 158 56 voilà
499 2336 63 39 ce
580 2322 101 71 qui
697 2342 147 37 nous
860 2326 123 56 fera
998 2327 180 60 aimer
1199 2331 254 57 l'auteur
1469 2335 71 54 de
1566 2335 280 56 l'Homme
1868 2341 60 51 et
1951 2354 106 38 son
2084 2336 164 56 livre.
2271 2336 132 56 Une

324 2397 137 56 telle
495 2401 365 75 philosophie
896 2408 276 57 musicale
1194 2416 87 49 est
1317 2431 81 37 un
1432 2415 120 54 très
1581 2415 118 54 fort
1728 2416 150 55 essai
1995 2416 317 57 inattendu

324 2481 59 51 et
420 2477 132 72 plus
590 2500 206 40 encore
834 2504 112 53 que
985 2493 92 50 cet
1117 2507 273 56 ouvrage,
1431 2495 102 70 qui
1570 2495 152 56 n'est
1760 2495 132 73 plus
1944 2496 52 56 le
2034 2496 271 72 premier,
2344 2496 57 56 la

322 2556 244 72 vigueur
592 2580 119 38 non
736 2565 148 57 tarie
912 2568 175 56 d'une
1111 2570 136 57 telle
1271 2575 211 68 pensée
1509 2592 148 39 nous
1684 2576 193 56 donne
1901 2577 52 56 le
1982 2576 154 57 droit
2165 2579 70 54 de
2264 2594 102 38 con-

320 2636 217 59 sidérer
564 2642 245 58 l'avenir
837 2665 143 41 avec
1007 2648 133 72 joie.

428 3041 71 71 Je
529 3048 279 56 voudrais
838 3069 113 54 que
980 3053 120 56 l'on
1129 3057 194 71 puisse
1352 3065 304 48 retrouver
1685 3065 135 51 tout
1850 3061 258 56 l'intérêt
2141 3062 80 55 du
2249 3061 146 57 livre

314 3121 71 54 de
424 3122 295 61 Ricciotto
755 3131 243 57 Canudo
1035 3136 146 55 dans
1214 3139 258 72 l'exposé
1509 3140 175 56 d'une
1718 3147 136 65 part
1891 3144 71 54 de
1996 3160 90 37 ses
2119 3141 274 56 théories.

425 3201 186 73 Après
641 3210 165 54 avoir
835 3211 228 75 évoqué
1093 3221 59 50 et
1181 3217 395 74 lyriquement
1605 3221 230 55 traduit
1864 3221 263 73 l'origine
2156 3221 205 74 insoup-

311 3285 217 66 çonnée
569 3288 70 54 de
677 3288 56 56 la
775 3292 179 57 danse
990 3301 60 50 et
1091 3299 78 53 du
1208 3300 180 54 chant
1426 3320 23 29 «
1472 3302 247 69 grandes
1759 3302 139 56 ailes
1937 3309 273 49 ouvertes
2250 3304 145 54 dans

430 3363 108 56 ciel
562 3382 99 41 sur
684 3374 138 52 tous
843 3371 85 57 les
950 3381 192 65 gestes
1167 3380 71 54 de
1261 3380 57 56 la
1342 3380 95 56 vie
1462 3380 278 57 humaine
1756 3403 42 49 »,
1818 3384 171 72 après
2013 3382 166 56 avoir
2201 3381 194 57 exalté

307 3438 22 55 1
350 3441 249 61 identité
641 3450 278 75 orgiaque
964 3456 71 55 de
1076 3462 170 54 toute
1286 3460 299 72 primitive
1628 3464 300 56 sensation
1990 3462 298 70 musicale,
2330 3479 65 39 sa

308 3522 205 56 valeur
538 3531 360 57 traductrice
927 3535 71 56 de
1025 3536 57 57 la
1109 3541 240 56 volonté
1377 3541 387 73 harmonique
1793 3546 72 55 de
1892 3545 59 56 la
1976 3545 175 56 Terre
2279 3542 116 72 joie
