2545 4099
1073 292 65 35 LE
1172 292 125 35 MOIS

2105 291 90 50 915

163 436 191 55 écrase
386 437 68 54 de
484 454 64 37 sa
576 436 139 55 voix
744 441 289 67 gutturale
1063 447 58 51 et
1149 441 191 57 fausse
1369 442 58 55 la
1453 442 146 56 belle
1627 441 138 56 voix
1795 442 69 55 de
1893 440 78 56 M.
2014 440 184 53 Chah-

161 513 364 70 Mouradian,
561 515 99 71 qui
697 516 289 58 d'ailleurs
1017 526 86 50 est
1136 526 132 66 trop
1304 522 141 71 gêné
1478 539 201 38 encore
1712 539 105 53 par
1848 520 52 54 le
1933 518 115 70 jeu.

271 592 291 57 L'arrivée
617 595 68 54 de
740 596 132 56 Mlle
927 599 240 55 Raveau
1223 601 266 70 (premier
1540 600 153 71 prix)
1748 599 145 55 était
1919 599 278 54 attendue

165 687 141 39 avec
344 671 369 71 impatience.
759 673 84 55 La
884 677 165 55 scène
1091 679 212 54 choisie
1346 696 104 52 par
1494 679 105 54 elle
1640 684 87 49 est
1771 696 110 36 une
1924 677 100 55 des
2066 676 129 70 plus

160 746 264 60 difficiles
462 751 79 55 du
576 752 309 69 répertoire
927 774 11 33 :
979 755 142 56 dans
1157 757 81 54 les
1281 757 244 70 Troyens
1564 757 70 55 de
1674 756 241 67 Berlioz,
1953 755 128 54 l'air
2119 756 73 56 de

160 827 214 56 Didon.
430 828 428 59 Certainement
910 850 89 38 ses
1051 835 283 56 attitudes
1388 840 319 67 manquent
1759 853 202 38 encore
2015 835 69 53 de
2137 833 58 55 la

158 906 285 56 véritable
482 908 304 70 grandeur,
825 910 99 71 qui
966 930 70 37 ne
1075 920 140 63 peut
1256 915 120 54 être
1416 913 231 72 acquise
1687 931 112 54 que
1837 931 106 52 par
1981 912 183 71 l'expé-

157 985 189 55 rience
386 987 68 55 de
490 986 58 54 la
583 988 166 54 scène
774 1009 16 47 ;
826 995 153 49 cette
1017 992 239 56 douleur
1289 992 228 55 intense
1555 999 88 48 est
1681 992 302 55 au-dessus
2021 990 70 57 de
2127 1009 65 37 sa

158 1063 261 71 jeunesse
451 1065 416 71 triomphante,
900 1068 80 55 les
1014 1070 229 54 défauts
1277 1071 71 55 de
1379 1071 57 53 la
1468 1087 137 54 pose
1640 1071 69 53 de
1742 1071 159 66 voix,
1933 1070 52 54 le
2018 1076 140 48 trem-

157 1143 276 69 blement,
472 1143 57 55 la
567 1145 299 55 mauvaise
906 1146 239 70 diction,
1187 1155 130 48 tout
1357 1155 88 48 est
1483 1148 76 69 là,
1600 1148 146 55 mais
1784 1150 52 54 le
1875 1148 134 70 jury
2048 1166 33 36 a
2121 1166 71 37 eu

157 1222 377 70 grandement
567 1223 193 55 raison
795 1225 68 54 de
896 1225 80 54 lui
1014 1226 266 56 décerner
1313 1228 81 55 les
1428 1227 273 70 premiers
1734 1227 133 71 prix
1903 1247 14 33 :
1950 1245 64 37 ce
2046 1232 110 48 tem-

157 1302 320 70 pérament,
520 1307 153 51 cette
713 1303 139 54 voix
891 1306 452 70 exceptionnelle
1385 1312 104 49 ont
1530 1306 199 55 besoin
1771 1308 69 54 de
1882 1324 58 37 se
1981 1308 211 51 former

156 1399 76 35 au
266 1381 229 54 théâtre
529 1381 205 70 même,
771 1385 34 50 à
837 1383 57 54 la
927 1386 213 67 grande
1176 1385 214 68 action,
1426 1391 57 50 et
1516 1385 44 53 il
1594 1385 128 54 faut
1756 1385 189 54 saluer
1978 1404 73 35 en
2084 1383 105 56 elle

154 1458 58 54 la
254 1458 169 70 jeune
466 1461 372 70 tragédienne
878 1460 225 72 lyrique
1148 1465 67 54 de
1257 1463 258 55 l'avenir.

1303 1622 733 51 Marguerite
2035 1622 1 51 Babaian.

150 2155 405 59 CONCOURS
602 2157 625 58 D'INSTRUMENTS

261 2314 78 54 Ils
381 2314 193 56 furent
612 2315 253 72 inégaux
904 2336 72 35 en
1017 2318 198 53 valeur
1257 2334 222 39 comme
1527 2337 73 36 en
1635 2319 234 66 intérêt,
1911 2324 60 50 et
2011 2321 56 69 je
2109 2338 70 37 ne

147 2393 399 55 m'attarderai
589 2412 107 53 pas
738 2395 34 53 à
812 2412 313 53 comparer,
1162 2412 104 52 par
1306 2414 79 36 un
1426 2397 180 53 calcul
1643 2395 414 77 infinitésimal,
2099 2398 80 55 les

146 2470 233 55 mérites
404 2470 99 56 des
527 2487 67 53 23
619 2472 279 71 pianistes
913 2492 72 36 en
999 2473 135 70 jupe
1158 2473 204 71 longue
1386 2492 77 37 ou
1486 2479 195 51 courte
1712 2477 35 51 à
1767 2475 101 70 qui
1892 2475 52 54 le
1969 2491 31 38 2
2002 2488 22 24 e
2047 2493 99 38 con-

143 2557 161 48 certo
343 2553 68 53 de
447 2552 390 68 Saint-Saëns,
876 2554 370 54 accommodé
1294 2572 146 52 pour
1473 2554 175 70 piano
1700 2555 137 67 seul,
1893 2555 167 55 valut
2104 2576 75 35 un

147 2629 131 71 prix
315 2646 76 38 ou
425 2649 81 37 un
522 2633 238 53 accessit
791 2649 10 33 :
843 2637 212 62 toutes,
1078 2634 143 54 dans
1261 2633 275 70 quelques
1599 2635 228 64 années,
1887 2634 256 71 enseigne-

146 2712 152 63 ront,
339 2708 158 54 selon
537 2710 68 54 de
645 2727 161 53 sages
844 2708 306 72 principes,
1191 2712 34 50 à
1265 2710 252 55 d'autres
1555 2710 197 70 jeunes
1792 2712 160 67 filles,
1990 2712 52 54 le
2080 2712 98 70 jeu

142 2784 275 56 innocent
473 2788 99 54 des
622 2788 243 53 touches
928 2787 187 54 noires
1168 2792 60 50 et
1295 2788 291 68 blanches,
1640 2789 365 55 consolateur
2079 2790 99 55 des

144 2864 238 70 longues
415 2865 265 70 journées
712 2867 78 53 où
820 2867 52 54 le
906 2865 181 55 fiancé
1119 2865 250 55 n'arrive
1403 2884 122 52 pas.

255 2943 80 54 Le
374 2943 177 71 piano
594 2963 53 50 a,
689 2962 106 53 par
835 2945 278 66 bonheur,
1158 2945 255 55 d'autres
1455 2945 240 70 emplois
1742 2967 10 32 :
1795 2963 65 36 sa
1901 2948 275 67 sonorité,

146 3022 142 54 dont
332 3022 319 71 beaucoup,
693 3023 185 56 même
919 3022 184 71 parmi
1146 3023 80 53 les
1267 3022 252 69 artistes,
1560 3028 133 49 sont
1732 3023 121 56 loin
1893 3025 71 54 de
2004 3042 140 53 soup-

146 3117 212 52 çonner
407 3100 83 55 les
539 3118 336 52 ressources,
928 3105 86 50 est
1064 3100 347 71 susceptible
1463 3102 97 54 des
1610 3103 130 68 plus
1790 3103 388 70 changeantes

143 3180 281 66 couleurs,
458 3179 227 71 lorsque
718 3182 54 53 le
806 3179 386 71 compositeur
1225 3179 113 55 sait
1373 3179 81 55 les
1487 3180 211 55 former
1731 3198 105 52 par
1868 3180 57 55 la
1959 3182 183 54 combi-

142 3258 207 54 naison
388 3259 98 53 des
523 3264 185 64 notes,
746 3264 60 50 et
844 3276 111 53 que
992 3258 353 54 l'exécutant
1384 3260 220 69 répond
1640 3260 35 52 à
1712 3277 87 37 ses
1834 3259 340 56 intentions.

146 3335 91 55 En
273 3342 92 49 cet
405 3342 91 48 art
536 3338 209 53 délicat
785 3342 57 50 et
880 3338 174 67 riche,
1094 3338 143 53 dont
1273 3337 82 54 les
1393 3338 297 70 pratiques
1728 3339 375 55 ressemblent
2141 3340 35 56 à

146 3415 166 55 celles
354 3417 70 54 de
462 3417 58 53 la
561 3417 456 71 décomposition
1058 3417 78 53 du
1173 3420 125 64 ton,
1341 3417 137 54 chez
1516 3417 81 54 les
1637 3417 273 71 peintres,
1953 3418 225 72 Chopin

146 3493 91 54 fut
275 3512 82 37 un
396 3495 206 54 maître
636 3494 222 72 inégalé
895 3494 231 72 jusqu'à
1162 3512 104 35 nos
1303 3494 157 70 jours
1502 3516 11 31 :
1553 3495 156 55 Liszt
1747 3495 297 56 lui-même
2080 3498 96 54 n'a
