2545 4099
520 3931 95 50 ïmp
657 3934 88 38 Art*
770 3936 219 38 L.-Marcel
1016 3939 144 37 Fortin
1185 3944 40 34 et
1251 3941 83 43 Cie*
1360 3942 39 42 6,
1426 3943 203 37 Chaussée
1655 3943 187 42 d'Antin,
1874 3946 121 37 Paris.

251 277 596 61 FABRICATION
954 277 732 64 EXCLUSIVEMENT
1795 282 518 79 ARTISTIQUE

248 828 452 107 Céléstas
748 828 364 107 Mustel

1166 451 286 48 Uniquement
1467 452 28 38 à
1502 456 132 45 grand
1646 457 123 36 cadre
1782 468 49 24 en
1852 458 59 35 fer
1925 461 42 32 et
1982 458 144 36 cordes
2139 458 175 38 croisées

1165 509 103 27 avec
1296 498 188 49 système
1504 501 159 48 spécial
1681 503 52 36 de
1752 503 165 47 tablage
1951 502 71 48 qui
2044 513 141 28 assure
2215 503 26 38 &
2272 506 40 37 la

1164 544 185 38 sonorité
1391 545 36 38 le
1473 548 93 46 plus
1602 548 113 47 large
1752 549 348 48 développement
2150 556 40 32 et
2234 562 80 26 une

1164 591 334 39 extraordinaire
1519 595 303 47 prolongation.

1166 658 94 38 Une
1286 657 127 39 réelle
1436 661 134 47 petite
1584 661 250 47 svmphonie
1855 674 96 25 sous
1972 665 56 34 les
2053 663 139 47 doigts
2213 664 102 37 d'un

1164 705 102 38 seul.
1282 705 159 48 Depuis
1462 706 92 47 plus
1571 708 27 35 d
1615 718 57 27 un
1691 708 258 37 demi-siècle
1970 708 57 37 les
2040 710 276 38 instruments

1164 752 59 36 les
1247 752 95 46 plus
1362 752 246 47 artistiques
1630 755 55 37 du
1710 755 163 38 monde.

1158 816 62 39 La
1260 818 111 37 seule
1400 818 237 38 nouveauté
1676 819 317 39 instrumentale
2026 821 74 46 qui
2133 822 59 37 ait
2230 822 87 48 pris

1161 873 79 28 une
1260 865 119 46 place
1403 863 219 39 définitive
1646 866 105 37 dans
1773 866 239 38 l'orchestre
2037 868 148 47 depuis
2227 869 84 36 cin-

1157 917 160 39 quante
1338 922 87 26 ans.

1946 1166 10 20 ?
2009 1166 4 20 -

1799 1467 14 16 ■g
1900 1474 7 6 ..
1917 1466 5 10 ;
1974 1465 37 16 ùtk-
2075 1465 18 16 'v
2109 1465 3 18 1
2114 1465 9 17 ';-
2133 1468 15 7 •'
2155 1465 2 18 •
2164 1471 7 3 -
2246 1469 7 7 ■'

1799 1483 22 25 s'.
1855 1481 4 32 -
1879 1481 3 32 '
1916 1494 16 4 -

482 1604 171 45 wF
700 1603 4 50 •
750 1607 88 46 M))
872 1603 53 50 \r

419 1711 6 5 •
497 1708 8 9 •
545 1703 12 13 •'
611 1721 5 5 ■
736 1688 19 51 (
770 1706 100 32 ma-
908 1688 47 51 \

1144 1742 106 14 't.,v>"-r-V
1261 1742 4 15 -
1271 1742 2 15 ,

1508 3005 251 109 m

822 3008 140 104 ■

2173 3156 92 17 ■tijniTteatri

229 3246 141 39 HUIT
415 3250 229 40 GRANDS
690 3254 141 38 PRIX
880 3256 71 36 ET
993 3256 168 38 TROIS
1219 3257 179 39 CROIX
1454 3259 75 35 DE
1589 3259 70 37 LA
1697 3242 211 52 LÉGION
1961 3260 32 33 D
2017 3259 215 35 lIONNFI
2262 3260 29 33 K

384 3354 1031 152 MUSTEL
1501 3354 325 147 ET
1908 3354 142 152 C
2060 3349 102 61 ,c

400 3542 263 42 USINE
752 3550 34 35 A
882 3548 316 41 PARIS:
1280 3552 103 44 48.
1473 3551 160 38 RUE
1724 3552 334 38 PERMET
2088 3553 34 36 Y

233 3638 529 65 PARIS:
840 3647 190 69 46,
1128 3649 250 58 Rue
1457 3650 137 58 de
1675 3651 424 69 Douai,
2180 3657 44 55 4
2254 3652 46 60 6

221 3740 619 65 LONDRES:
934 3749 136 67 41,
1158 3750 494 71 Wigmore
1731 3753 384 72 Street,
2193 3758 98 58 41
