2545 4099
364 1342 123 157 La
543 1342 407 157 Théorie
1001 1347 477 152 musicale
1534 1347 173 157 des
1773 1352 660 162 Civilisations

930 1597 96 55 DE
1081 1597 416 58 RICCIOTTO
1559 1602 323 58 CANUDO

1314 2036 19 25 «
1390 2023 59 38 Or
1451 2058 11 18 9
1491 2023 167 41 Claude
1679 2026 202 50 Debussy
1907 2033 60 34 est
1987 2041 63 26 un
2076 2032 309 47 précurseur...
2412 2051 17 28 »

744 2144 33 38 E
824 2130 173 56 noble
1042 2138 200 66 aspect
1291 2134 143 55 d'un
1479 2153 249 53 penseur
1752 2138 155 56 —la
1952 2143 250 56 seconde
2254 2144 184 72 figure

778 2209 196 57 divine
1011 2229 113 55 que
1159 2211 136 72 j'aie
1331 2230 103 39 cru
1455 2223 337 51 rencontrer
1827 2238 78 37 au
1940 2222 216 57 hasard
2174 2224 102 55 des
2299 2227 139 54 durs

776 2294 268 51 contacts
1093 2291 389 58 occidentaux
1655 2295 133 73 plus
1836 2299 230 65 inquiet
2117 2304 319 71 qu'exalté,

776 2369 134 72 plus
943 2371 379 60 étroitement
1359 2374 285 60 renfermé
1683 2378 147 54 dans
1854 2379 57 55 la
1947 2399 164 54 pure,
2135 2382 303 61 enfantine

775 2450 181 55 clarté
1003 2453 72 54 de
1120 2470 108 39 son
1272 2454 155 71 rêve,
1478 2457 71 54 de
1595 2474 66 38 sa
1707 2460 237 70 passion
1990 2463 284 67 réfléchie,
2324 2484 114 46 que

356 2531 248 44 délirant
634 2531 59 48 et
721 2531 236 54 inexact
987 2533 207 71 apôtre
1224 2535 102 55 des
1354 2554 340 41 communes
1721 2539 273 72 religions
2023 2545 82 54 du
2133 2547 200 55 succès

354 2618 81 37 un
468 2600 83 56 tel
587 2604 254 76 homme,
881 2611 172 72 digne
1089 2614 35 53 à
1158 2614 57 55 la
1253 2614 111 56 fois
1399 2617 73 54 de
1506 2622 201 52 toutes
1741 2619 84 56 les
1859 2625 371 70 sympathies
2263 2632 61 51 et
2362 2629 72 56 de

352 2685 199 51 toutes
579 2684 84 56 les
693 2690 220 69 haines,
931 2693 48 53 si
1012 2709 108 41 son
1149 2695 165 71 génie
1347 2697 130 55 doit
1507 2716 84 36 un
1620 2699 134 70 jour
1783 2702 189 54 trahir
2001 2704 59 55 la
2091 2705 174 70 jeune
2297 2726 102 39 con-

350 2761 186 57 fiance
569 2783 132 57 que,
719 2787 137 40 sans
888 2791 224 38 aucune
1145 2777 228 54 réserve
1408 2778 71 54 de
1511 2780 246 70 pudeur,
1783 2788 169 51 notre
1977 2785 202 59 amitié
2205 2794 121 52 met
2361 2808 72 38 en

349 2839 81 57 lui
556 2845 42 53 il
622 2867 94 40 me
741 2851 149 72 plaît
919 2853 71 56 de
1016 2853 53 57 le
1097 2855 306 56 découvrir
1429 2857 92 55 ici.

461 2925 81 55 Le
566 2928 145 58 livre
738 2934 70 53 de
1332 2933 33 53 Y
1374 2934 240 56 Homme
1143 2937 71 55 de
1242 2938 295 56 Ricciotto
1566 2940 244 59 Canudo
1827 2944 229 71 appelle
2076 2945 60 58 la
2160 2949 263 59 violence

349 3005 71 53 de
456 3009 169 55 toute
663 3010 249 74 critique
943 3015 102 75 qui
1082 3034 72 38 ne
1192 3023 144 53 veut
1374 3036 108 54 pas
1517 3019 54 56 le
1609 3025 402 69 comprendre.
2053 3027 259 73 Capable
2352 3032 74 56 de

347 3085 238 70 peupler
614 3108 82 38 un
734 3093 310 58 Panthéon
1081 3114 274 38 nouveau
1392 3117 106 55 par
1535 3104 136 52 tout
1708 3100 55 58 le
1785 3104 373 70 dynamisme
2193 3109 233 74 lyrique

347 3165 71 54 de
457 3182 65 39 sa
562 3172 454 76 métaphysique
1055 3179 422 70 constructive,
1509 3180 41 54 il
1592 3183 273 57 demeure
1906 3188 198 57 concis
2146 3192 149 56 dans
2333 3210 90 39 ses

341 3248 233 70 termes,
606 3257 59 49 et
694 3254 176 71 riche,
903 3276 77 35 au
1011 3259 364 70 demeurant,
1408 3262 142 56 d'un
1580 3265 216 55 monde
1827 3265 220 59 d'idées
2081 3288 342 44 communes

341 3340 113 54 que
475 3328 202 58 réalise
697 3333 198 57 mieux
914 3354 149 54 pour
1083 3354 108 40 nos
1209 3354 134 41 sens
1360 3358 117 38 une
1496 3347 170 51 toute
1685 3346 403 59 merveilleuse
2111 3349 308 60 invention

340 3403 309 76 plastique.
686 3413 85 54 La
804 3417 236 56 marche
1072 3423 59 50 et
1164 3418 59 55 la
1255 3424 203 68 portée
1492 3422 144 57 d'un
1666 3424 85 55 tel
1782 3426 146 57 livre
1959 3445 63 39 se
2055 3431 360 73 définissent,

461 3587 60 49 (*)
557 3590 252 43 RICCIOTTO
848 3603 208 35 CANUDO.
1084 3599 61 39 Le
1180 3600 129 40 Livre
1350 3602 48 38 de
1442 3603 17 37 l
1472 3604 251 43 Evolution,
1749 3633 61 9 ——
1848 3609 238 42 L'HOMME
2142 3615 279 49 Psychologie

341 3648 209 37 musicale
575 3651 71 39 des
671 3652 305 45 Civilisations
980 3688 8 9 .
1099 3659 139 51 Paris,
1268 3661 173 47 Sansot,
1470 3673 194 31 MCMVIII
