2545 4099
2191 370 0 0 861

827 332 221 37 ORIGINE
1085 335 71 34 DE
1191 336 66 34 LA
1291 335 185 35 GAMME

130 492 104 56 par
258 492 65 38 sa
349 478 246 53 seconde
620 478 201 56 valeur
845 484 401 70 remarquable
1273 486 113 70 8/5,
1412 487 58 56 la
1493 488 293 57 sensation
1812 490 260 57 auditive
2101 497 85 50 est

125 554 225 71 simple,
388 554 195 71 plutôt
623 558 283 71 agréable,
944 566 79 65 et,
1062 582 74 37 en
1170 568 135 51 tous
1342 584 114 52 cas,
1493 570 119 54 très
1648 572 162 52 nette
1848 575 59 49 et
1949 568 165 57 facile
2152 572 34 53 à

126 638 297 52 retrouver
449 636 71 54 de
544 636 273 57 mémoire
830 660 14 47 ;
870 657 106 52 par
999 642 58 53 la
1080 642 169 70 suite,
1265 643 105 56 elle
1387 646 233 58 devient
1645 648 300 70 complexe
1988 648 193 74 plutôt

129 713 382 70 désagréable,
556 718 58 51 et
656 732 119 38 non
817 718 318 57 seulement
1179 721 230 58 difficile
1453 727 36 52 à
1528 724 230 70 retenir,
1803 727 146 56 mais
1994 728 186 56 même

124 792 462 56 embarrassante
618 793 34 53 à
681 793 207 57 classer
920 798 36 52 à
984 815 105 39 son
1118 817 144 54 rang
1290 803 186 69 parmi
1507 804 81 55 les
1619 808 194 51 autres
1842 806 337 58 intervalles

125 871 300 55 musicaux
459 873 282 70 auxquels
774 892 147 38 nous
956 891 248 43 sommes
1238 885 387 53 accoutumés.

234 949 93 56 On
351 968 36 36 a
416 951 203 71 depuis
643 952 330 73 longtemps
999 959 302 70 remarqué
1329 966 154 51 cette
1509 963 215 70 grande
1753 963 278 57 difficulté
2059 982 112 55 que

121 1045 146 38 nous
300 1029 329 70 éprouvons
666 1032 36 53 à
736 1036 373 67 comprendre
1145 1041 166 51 notre
1347 1057 207 54 propre
1588 1042 310 70 sensation,
1939 1045 144 54 dans
2116 1045 54 54 le

117 1123 99 38 cas
266 1108 141 55 d'un
453 1107 303 59 intervalle
804 1113 298 70 complexe
1127 1136 14 47 ;
1191 1116 104 54 elle
1344 1136 34 36 a
1425 1119 93 54 été
1568 1119 139 56 mise
1756 1140 72 37 en
1874 1123 291 70 évidence,

119 1192 386 65 notamment,
534 1206 107 53 par
670 1210 113 35 une
812 1192 335 70 expérience
1175 1194 135 55 bien
1339 1213 222 40 connue
1592 1199 71 54 de
1692 1198 337 59 Delezenne.
2063 1202 102 55 Cet

117 1266 352 55 acousticien
493 1267 68 54 fit
585 1286 81 38 un
689 1269 132 70 jour
844 1273 277 53 entendre
1147 1273 36 53 à
1207 1273 100 55 des
1331 1276 300 56 musiciens
1657 1279 205 54 exercés
1886 1299 82 35 un
1989 1279 147 56 inter-

116 1343 147 56 valle
288 1346 69 53 de
383 1346 91 66 i/8
477 1357 20 24 e
521 1347 70 54 de
613 1351 106 50 ton
738 1348 200 55 réalisé
961 1351 35 53 à
1015 1349 170 56 l'aide
1210 1352 69 54 de
1304 1352 325 71 diapasons,
1652 1359 59 51 et
1732 1356 121 56 leur
1875 1358 287 55 demanda

117 1422 131 56 d'en
271 1423 232 56 estimer
525 1424 57 55 la
605 1426 201 55 valeur
820 1447 10 33 :
854 1432 198 52 toutes
1072 1428 82 56 les
1177 1431 364 55 évaluations
1556 1432 195 57 furent
1773 1434 312 70 inexactes,
2102 1442 60 50 et

115 1500 152 56 l'une
295 1502 194 56 d'elles
512 1503 214 56 s'éleva
750 1506 187 57 même
963 1508 36 52 à
1020 1526 82 37 un
1127 1508 285 57 demi-ton
1436 1532 14 47 ;
1475 1511 41 53 il
1539 1517 87 49 est
1653 1513 302 57 manifeste
1979 1516 182 70 qu'un

111 1579 347 57 dessinateur
478 1582 185 56 même
684 1589 112 66 peu
816 1587 179 53 exercé
1014 1605 72 36 ne
1108 1587 366 57 confondrait
1495 1591 207 69 jamais
1723 1610 80 37 un
1824 1593 337 56 centimètre

110 1676 77 37 ou
211 1677 82 37 un
319 1660 327 58 millimètre
671 1680 141 39 avec
839 1681 105 39 son
970 1667 339 70 quadruple.

220 1738 182 70 Ainsi,
432 1739 59 55 la
521 1742 402 70 comparaison
953 1747 70 52 de
1056 1746 152 53 deux
1238 1763 133 37 sons
1400 1748 98 53 n'a
1528 1766 191 37 aucun
1748 1754 240 65 rapport
2020 1767 140 38 avec

107 1817 137 56 celle
271 1819 70 55 de
369 1820 154 54 deux
545 1820 323 72 longueurs.
897 1823 79 53 Et
1000 1823 41 55 il
1065 1824 101 70 n'y
1191 1843 34 36 a
1249 1843 105 52 pas
1377 1826 116 54 lieu,
1518 1827 70 54 de
1613 1828 121 53 s'en
1758 1828 258 69 étonner,
2044 1846 114 51 car,

108 1895 36 55 à
168 1895 56 55 la
251 1898 293 70 réflexion,
572 1899 123 56 rien
721 1920 71 35 ne
818 1903 192 69 paraît
1037 1902 129 71 plus
1192 1904 246 55 naturel.

219 1974 354 73 Reprenons,
603 1996 72 37 en
704 1978 159 70 effet,
897 1981 145 54 dans
1081 1981 375 71 l'expérience
1494 1984 359 70 précédente,
1889 1984 83 55 les
2008 1986 153 54 deux

107 2069 95 39 cas
227 2053 298 72 singuliers
553 2057 260 71 (rapport
839 2062 95 65 3/2
959 2064 60 50 et
1046 2059 115 69 8/5)
1191 2064 57 51 et
1273 2080 81 35 un
1377 2078 97 37 cas
1498 2062 425 56 intermédiaire
1947 2067 171 65 31/20
2144 2086 14 46 ;

106 2149 102 54 par
258 2135 165 55 ordre
472 2134 71 56 de
589 2138 302 69 grandeur,
942 2156 91 38 ces
1077 2144 270 66 rapports
1395 2147 257 63 peuvent
1697 2142 225 56 s'écrire
1970 2143 146 55 ainsi
2146 2165 11 33 :

214 2415 210 71 Quand
457 2434 107 37 nos
598 2435 157 53 yeux
786 2422 304 68 regardent
1125 2423 481 58 successivement
1639 2424 80 55 les
1749 2425 142 54 trois
1923 2425 233 71 couples

102 2494 70 55 de
209 2494 326 70 longueurs,
574 2495 82 55 les
692 2496 389 72 phénomènes
1120 2505 120 50 tant
2017 2521 105 53 peu-

102 2576 137 51 vent
276 2573 119 54 être
432 2573 206 71 figurés
668 2593 107 53 par
813 2576 84 55 les
929 2578 142 54 trois
1110 2579 216 56 dessins
1362 2579 283 70 suivants,
1710 2582 146 54 dans
1932 2582 224 57 chacun

92 3394 263 73 desquels
385 3397 56 56 la
471 3398 133 70 plus
633 3399 183 70 petite
844 3401 151 71 ligne
1026 3402 353 55 horizontale
1410 3404 324 69 représente
1762 3406 265 71 toujours
2059 3425 79 37 un

92 3473 198 70 mètre,
301 3476 112 54 soit
442 3477 35 53 à
501 3477 212 56 échelle
737 3479 340 70 réduite,s'il
1101 3479 169 72 s'agit
1299 3481 98 54 des
1413 3481 303 71 longueurs
1743 3482 392 71 elles-mêmes,

88 3552 109 56 soit
233 3554 34 54 à
300 3554 210 56 échelle
543 3557 301 71 amplifiée,
861 3559 89 54 s'il
982 3559 169 72 s'agit
1186 3561 70 54 de
1287 3559 151 56 leurs
1470 3561 214 72 images
1716 3580 97 38 sur
1843 3563 57 55 la
1932 3563 202 57 rétine.
