2545 4099
304 368 94 62 918

827 377 267 37 BULLETIN
1130 378 266 51 FRANÇAIS
1430 381 73 35 DE
1536 381 68 35 LA
1642 382 40 34 S.
1720 382 33 34 I.
1790 382 55 34 M.

255 579 11 14 ,
308 531 291 56 L'illustre
647 528 282 56 musicien
976 529 102 73 qui
1130 531 183 72 dirige
1361 532 52 56 le
1462 533 443 57 Conservatoire
1953 541 88 51 est
2091 540 152 54 aussi
2295 560 80 37 un

833 607 118 56 fort
998 609 161 55 avisé
1189 631 11 44 ;
1246 611 141 56 bien
1432 613 102 55 des
1577 615 235 71 progrès
1857 620 105 50 ont
2008 616 94 54 été
2145 618 230 57 réalisés

308 683 271 78 dêJaTpàr
611 705 106 38 son
744 687 424 72 intervention,
1201 697 239 50 surtout
1473 711 74 37 en
1577 711 64 38 ce
1674 692 100 75 qui
1808 711 280 41 concerne
2118 696 52 56 le
2203 700 172 55 choix

306 771 100 54 des
448 783 315 39 morceaux
806 768 70 55 de
919 786 280 39 concours
1247 773 231 66 (encore
1519 772 82 56 les
1643 775 278 71 pouvoirs
1964 776 80 54 du
2086 776 289 58 directeur

303 846 337 70 restent-ils,
691 865 99 37 sur
838 865 63 39 ce
950 848 189 73 point,
1189 856 137 67 trop
1374 852 265 71 limités).
1690 855 164 54 Nous
1904 872 270 54 pouvons
2225 860 148 54 donc

301 945 146 38 nous
489 945 72 37 en
602 933 306 65 rapporter
950 929 386 58 entièrement
1382 933 34 54 à
1455 932 81 56 lui
1582 951 148 53 pour
1770 936 206 54 rendre
2018 954 117 53 peu
2183 938 35 52 à
2258 956 115 52 peu

298 1012 154 50 cette
489 1006 193 56 vieille
719 1008 155 55 école
910 1008 475 73 professionnelle
1425 1015 34 52 à
1495 1031 64 37 sa
1596 1013 262 70 mission,
1897 1015 100 73 qui
2037 1022 89 48 est
2150 1017 223 57 d'aider

298 1105 76 37 au
410 1087 237 71 progrès
686 1088 71 55 de
792 1087 155 56 l'art.

1759 1175 193 55 Louis
1992 1176 224 55 Laloy.

290 1589 360 59 CONCERT
695 1592 115 56 DU
865 1594 292 57 CHŒUR
1208 1596 247 57 RUSSE

290 1709 345 61 RECITAL
685 1717 553 59 MOUSSORGSKI

404 1897 170 55 Deux
607 1905 261 49 concerts
904 1902 71 55 de
1009 1902 268 73 musique
1318 1921 179 51 russe,
1536 1907 169 70 après
1751 1906 53 56 le
1851 1907 309 72 grandiose

292 1976 316 70 Godounov,
653 1980 142 56 d'un
846 1998 365 54 programme
1265 1987 134 51 tout
1454 1985 35 54 à
1528 1985 110 54 fait
1693 1986 293 71 différent,
2039 1990 146 56 ainsi
2250 2010 113 55 que

291 2056 174 55 d'une
508 2057 307 57 exécution
857 2059 507 59 diamétralement
1407 2064 268 72 opposée.

400 2136 279 69 D'abord,
729 2156 146 37 nous
924 2158 184 38 avons
1158 2145 258 54 entendu
1453 2144 54 55 le
1554 2161 33 54 3
1639 2145 144 72 juin,
1837 2147 140 55 salle
2009 2149 258 71 Gaveau,
2307 2152 54 56 le

289 2221 231 50 concert
548 2217 191 56 donné
764 2236 107 55 par
894 2220 82 54 les
1002 2221 230 56 chœurs
1256 2241 190 37 russes
1473 2227 79 54 du
1580 2226 200 57 Grand
1803 2227 253 58 Théâtre
2083 2230 278 74 Impérial

289 2293 70 55 de
395 2296 251 67 Moscou,
684 2315 135 38 sous
852 2299 56 54 la
945 2300 283 58 direction
1262 2304 71 54 de
1369 2301 76 57 M.
1482 2305 293 56 Avranek.

397 2375 84 54 La
512 2376 326 57 musicalité
870 2379 133 54 hors
1034 2380 152 72 ligne
1220 2382 70 55 de
1321 2389 134 49 tous
1487 2401 94 39 ces
1611 2385 237 57 artistes
1881 2390 99 66 (au
2010 2391 245 56 nombre
2287 2394 72 54 de

287 2457 145 66 100),
454 2457 178 55 doués
659 2459 70 54 de
755 2459 176 55 belles
956 2460 136 54 voix
1121 2461 276 57 timbrées
1426 2466 253 67 (surtout
1704 2467 83 56 les
1812 2469 141 54 voix
1980 2470 70 56 de
2071 2473 285 71 soprani),

280 2532 125 57 leur
438 2536 305 71 précision,
777 2539 57 54 la
868 2539 155 55 force
1059 2542 71 55 de
1164 2541 303 59 l'émotion
1501 2550 60 51 et
1597 2547 70 55 de
1702 2547 377 73 l'expression
2114 2551 243 59 doivent

280 2612 83 56 les
407 2615 209 56 classer
670 2617 188 73 parmi
913 2619 82 55 les
1040 2620 131 71 plus
1225 2625 433 72 remarquables
1718 2627 231 58 chœurs
2004 2631 79 55 du
2141 2635 215 55 monde

277 2694 202 55 entier.

392 2775 150 56 Leur
585 2776 336 60 obéissance
965 2782 36 54 à
1042 2781 58 55 la
1144 2781 278 74 baguette
1468 2787 273 73 magique
1785 2794 59 49 et
1890 2793 346 55 autoritaire
2283 2795 73 57 de

280 2854 78 53 M.
411 2855 294 72 Avranek,
753 2860 166 67 (dont
974 2861 133 56 Mlle
1161 2862 69 55 de
1285 2865 382 74 Krouglicoff,
1709 2869 146 56 dans
1905 2875 169 51 notre
2127 2873 227 57 dernier

275 2937 263 69 numéro,
593 2940 283 55 montrait
929 2941 46 55 si
1031 2941 138 57 bien
1219 2944 53 56 le
1326 2951 420 66 mouvement),
1804 2950 242 71 dépasse
2098 2958 137 50 tout
2288 2973 65 38 ce

278 3015 179 70 qu'on
507 3025 142 63 peut
696 3019 285 73 imaginer
1034 3040 223 40 comme
1310 3026 303 73 discipline
1663 3029 295 57 musicale.
2014 3033 110 54 Les
2175 3035 142 56 chan-

274 3100 266 62 gements
573 3097 81 55 les
687 3099 132 71 plus
848 3100 301 74 imprévus
1185 3105 70 55 de
1289 3108 254 68 rythme,
1580 3109 71 54 de
1684 3110 269 70 tonalité,
1991 3113 357 72 d'intensité,

274 3174 283 58 étonnent
603 3196 105 54 par
753 3180 123 56 leur
919 3182 341 72 perfection,
1308 3188 148 53 mais
1500 3193 134 49 tout
1681 3189 122 56 cela
1848 3208 61 38 se
1953 3195 145 69 perd
2141 3213 208 39 encore

277 3251 146 56 dans
452 3255 57 53 la
540 3257 353 70 profondeur
924 3268 60 48 et
1016 3262 56 55 la
1105 3262 155 58 force
1293 3266 78 55 du
1403 3266 316 59 sentiment
1752 3270 101 71 qui
1890 3271 304 59 dominent
2225 3275 124 56 leur

273 3332 310 61 exécution
613 3342 59 50 et
705 3340 99 72 qui
838 3350 286 62 prennent
1155 3344 315 58 l'auditeur
1503 3348 101 55 dès
1634 3348 83 55 les
1747 3351 313 70 premières
2091 3370 257 41 mesures

274 3417 335 54 entendues.

385 3494 78 54 Le
501 3496 201 56 chœur
743 3500 322 58 d'hommes
1103 3523 148 38 nous
1288 3524 35 37 a
1362 3508 191 55 donné
1592 3509 280 74 quelques
1909 3514 325 57 merveilles
2273 3518 72 54 de

271 3569 56 53 la
363 3575 267 72 musique
665 3581 301 69 populaire
1002 3600 225 41 comme
1263 3586 254 70 Doutiaï,
1556 3589 81 53 Eï
1671 3590 293 56 Oukhnetn
1968 3640 13 21 ,
2020 3594 179 70 hélas,
2238 3614 105 54 pas

273 3647 142 57 <ians
465 3654 55 53 la
571 3657 230 58 version
861 3663 294 71 originale,
1208 3665 148 55 mais
1421 3668 145 55 dans
1632 3668 82 55 les
1779 3680 438 64 arrangements
2269 3678 70 54 de
