3366 4445
157 4139 80 44 184

179 1945 203 41 ZAGREB.
442 1950 80 38 Plan
543 1953 21 39 I.
623 1955 239 42 Habitation.
882 1961 150 40 Travail.
1055 1964 136 41 Loisirs.

153 4010 207 40 ZAGREB.
419 4012 81 39 Plan
531 4015 35 37 II.
625 4016 244 41 Circulation.

1902 1980 74 48 Fig.
2006 1983 86 36 242.

1872 4038 74 48 Fig.
1977 4042 85 35 243.

2294 316 194 38 ZAGREB

2295 397 440 52 Topographie
2775 416 8 22 :
2824 401 130 39 Située
2978 402 94 39 dans
3094 403 30 39 la
3150 404 70 52 plai-

2296 469 46 22 ne
2391 454 51 38 de
2490 455 29 38 la
2568 456 96 38 Sava
2714 456 146 39 devant
2907 474 72 23 une
3026 466 210 44 montagne

2294 511 111 50 (1053
2429 512 59 50 m.)
2579 512 133 45 forêts,
2733 516 146 46 vignes.

2295 568 330 50 Géologie
2671 585 7 23 :
2723 570 58 39 Sol
2806 571 75 38 bon
2909 588 92 35 pour
3026 573 110 41 bâtir.
3163 577 73 38 Des

2292 625 242 38 inondations
2575 627 191 38 annuelles
2806 633 235 35 constituent
3083 631 32 39 le
3158 632 77 50 plus

2293 682 119 46 grand
2450 681 175 40 obstacle
2663 700 44 22 au
2745 684 336 53 développement
3115 689 51 39 de
3203 689 29 39 la

2290 737 81 39 vîlle
2396 754 84 22 vers
2507 738 31 40 le
2566 740 88 38 Sud.

2293 795 46 37 Le
2365 794 95 39 talus
2485 796 48 38 du
2560 797 148 38 chemin
2736 799 50 37 de
2812 799 59 38 fer
2899 804 168 47 protège
3095 802 29 39 la
3150 804 83 38 ville

2290 851 69 38 des
2385 853 254 39 inondations.

2290 909 66 37 Les
2382 909 294 40 tremblements
2702 912 50 38 de
2779 917 104 35 terre
2912 922 159 32 causent
3098 917 30 38 la
3158 934 55 22 res-

2287 968 151 35 triction
2465 967 51 37 de
2542 966 30 39 la
2601 968 158 39 hauteur
2786 970 70 38 des
2883 970 219 43 bâtiments.

2288 1021 238 40 Climat
2572 1040 8 22 :
2627 1026 166 49 Protégé
2839 1043 44 22 au
2933 1029 103 38 Nord
3085 1046 66 35 par
3198 1031 29 39 la

2287 1084 223 44 montagne.
2540 1082 289 50 Précipitations
2857 1086 334 52 atmosphériques
3220 1105 8 22 :

2286 1138 73 36 900
2387 1138 113 45 m/m;
2537 1142 66 34 140
2631 1142 96 48 jours
2756 1141 50 38 de
2836 1142 109 50 pluie,
2975 1147 47 35 26
3052 1147 96 49 jours
3176 1147 50 36 de

2287 1195 126 46 neige,
2459 1197 46 35 89
2548 1198 97 48 jours
2686 1197 51 38 de
2779 1204 109 33 vents
2933 1201 185 38 Nord-Est
3161 1218 66 35 par

2284 1253 138 36 année.

2285 1308 295 39 Histoire
2624 1325 7 23 :
2675 1311 185 39 Situation
2904 1329 45 23 au
2993 1317 233 38 croisement

2284 1363 70 38 des
2386 1370 128 33 routes
2545 1371 110 34 entre
2688 1367 82 39 l'Est
2803 1374 42 34 et
2875 1369 151 41 l'Ouest
3057 1372 50 39 de
3139 1373 70 39 l'Eu-

2283 1436 95 34 rope
2418 1422 86 37 d'un
2544 1426 90 36 coté
2674 1430 41 32 et
2752 1425 50 39 de
2843 1425 170 53 l'Europe
3053 1431 171 39 centrale

2283 1477 218 51 adrîatique
2548 1480 50 38 de
2647 1480 5 38 I
2671 1487 108 34 autre
2827 1486 102 42 côté,
2977 1486 166 39 favorise
3191 1488 33 38 le

2281 1534 336 51 développement
2652 1538 370 49 d'agglomérations
3060 1543 94 40 dans
3191 1545 29 38 la

2280 1592 146 47 région.

2281 1648 162 38 Premier
2485 1650 210 40 document
2739 1656 94 37 écrit
2876 1671 57 22 sur
2972 1657 156 48 Zagreb
3173 1675 46 22 en

2286 1707 89 35 1093
2411 1705 185 51 (création
2631 1709 52 38 de
2716 1709 256 54 l'épîscopat).
3005 1716 58 36 Au
3096 1715 125 39 début

2277 1761 96 38 deux
2398 1763 338 48 agglomérations,
2763 1783 71 23 une
2858 1769 295 53 ecclésiastique
3179 1778 41 33 et

2278 1832 71 24 une
2373 1818 139 51 laïque.
2538 1823 58 37 Au
2620 1822 70 38 XIII
2696 1829 11 16 e
2730 1830 40 32 et
2794 1825 76 38 XIV
2872 1831 11 15 e
2906 1827 115 39 siècle
3045 1828 52 39 les
3122 1830 97 38 deux

2278 1874 328 48 agglomérations
2638 1885 66 33 ont
2736 1883 67 36 été
2835 1883 193 40 fortifiées
3062 1901 92 35 pour
3186 1886 31 39 la

2277 1932 166 39 défense
2479 1940 134 33 contre
2653 1936 51 39 les
2742 1940 185 38 invasions
2964 1942 174 39 Tartares
3177 1949 42 33 et

2275 1989 176 50 Turques.
2482 1991 65 38 Les
2578 2008 194 24 nouveaux
2803 1998 234 47 immigrants
3068 1999 128 39 bénéfi-

2275 2047 103 36 cient
2402 2046 50 39 de
2481 2048 214 50 privilèges.
2719 2053 58 37 Au
2803 2064 338 33 commencement
3167 2058 48 38 du

2274 2102 58 36 XV
2336 2108 9 13 e
2372 2104 116 38 siècle
2516 2105 51 39 les
2594 2106 97 39 deux
2720 2108 328 49 agglomérations
3076 2112 139 40 luttent

2276 2173 92 35 pour
2399 2159 30 39 la
2462 2165 235 47 suprématie
2730 2168 257 50 économique
3019 2175 41 33 et
3095 2171 103 49 politi-

2273 2231 75 34 que
2370 2217 164 51 (impôts,
2558 2220 248 51 exploitation
2829 2224 68 38 des
2920 2226 163 45 moulins,
3109 2229 104 50 etc.).

2274 2273 64 38 Les
2360 2274 169 39 féodaux
2551 2292 40 23 se
2615 2278 195 48 réfugient
2832 2281 93 38 dans
2948 2281 30 39 la
3003 2283 82 39 vîlle
3107 2285 89 38 forti-

2271 2328 80 40 fiée
2389 2331 146 39 devant
2572 2333 50 39 les
2659 2337 186 38 invasions
2882 2344 222 35 constantes
3142 2342 70 39 des

2270 2387 118 39 Turcs.
2419 2389 20 36 L
2457 2391 252 45 aristocratie,
2739 2395 367 50 économiquement
3136 2398 76 49 plus

2272 2445 204 45 puissante,
2518 2450 176 47 opprime
2737 2449 51 39 les
2829 2454 167 45 artisans,
3039 2457 172 49 citoyens

2270 2500 110 39 libres
2403 2507 40 33 et
2467 2504 106 38 serfs.

2271 2561 44 37 La
2355 2562 218 39 monarchie
2610 2565 421 49 d'Autrîche-Honqrîe
3052 2586 19 22 a
3094 2575 98 35 trans-

2267 2617 125 38 formé
2412 2619 155 48 Zagreb
2591 2636 46 23 en
2660 2638 43 21 un
2727 2628 133 33 centre
2886 2624 303 52 politique-admi-

2270 2675 173 39 nistratif.
2483 2678 140 44 Depuis
2659 2678 280 42 l'introduction
2977 2683 50 38 de
3066 2684 29 38 la
3135 2701 50 22 ma-

2268 2730 120 45 chine,
2419 2733 154 48 Zagreb
2603 2735 160 39 devient
2790 2736 33 39 le
2854 2741 106 47 point
2988 2740 50 39 de
3067 2740 141 51 départ

2269 2802 92 30 pour
2391 2788 29 38 la
2450 2793 196 48 conquête
2675 2795 258 50 économique
2961 2797 70 38 des
3062 2798 147 40 Balkans

2267 2844 240 50 (débouchés
2539 2854 41 32 et
2612 2852 109 36 mises
2753 2851 51 38 de
2835 2852 126 52 fonds)
2996 2870 92 34 pour
3121 2855 69 39 l'Eu-

2265 2916 96 35 rope
2386 2904 248 39 méridionale
2659 2906 77 50 plus
2759 2912 174 36 avancée
2956 2926 44 23 au
3027 2914 106 47 point
3155 2913 51 38 de

2262 2974 73 22 vue
2358 2960 205 40 industriel.

2264 3014 95 39 Cela
2411 3017 175 51 explique
2634 3019 31 38 le
2693 3020 76 39 rôle
2817 3024 208 49 important
3071 3026 51 39 de
3170 3027 31 39 la

2262 3075 172 36 création
2457 3074 48 38 du
2529 3075 146 39 chemin
2699 3077 50 38 de
2770 3078 69 45 fer,
2864 3083 62 44 qui
2949 3087 61 33 est
3031 3081 30 39 la
3086 3099 115 24 cause

2261 3128 48 38 du
2338 3130 334 52 développement
2700 3135 136 50 rapide
2865 3136 51 39 de
2944 3137 31 39 la
3001 3138 96 41 vîlle.

2261 3186 33 36 A
2324 3187 154 48 Zagreb
2509 3204 40 22 se
2580 3193 166 36 croisent
2777 3191 206 54 beaucoup
3014 3196 51 39 de
3095 3201 106 37 voies

2258 3241 148 41 ferrées
2426 3247 77 36 très
2523 3247 266 49 importantes.

2261 3299 43 36 En
2342 3302 126 36 même
2502 3307 128 46 temps
2666 3304 337 53 développement
3040 3311 50 38 de
3127 3312 59 39 l'in-

2257 3355 142 39 dustrie
2425 3359 204 39 nationale.

2259 3416 43 36 En
2337 3419 88 35 1902
2453 3416 17 38 il
2495 3433 21 34 y
2541 3433 18 22 a
2596 3422 38 34 15
2662 3419 198 52 fabriques
2886 3423 159 50 (surtout
3072 3442 100 24 manu-

2255 3471 170 39 factures
2452 3473 50 38 de
2530 3473 81 40 bois
2636 3481 42 32 et
2705 3477 49 38 de
2784 3480 171 49 produits
2982 3483 214 53 agricoles).

2255 3529 125 48 Après
2406 3529 29 38 la
2461 3530 202 40 fondation
2689 3534 50 38 de
2766 3534 30 39 la
2822 3536 267 50 Yougoslavie,
3116 3543 20 36 à
3163 3541 31 39 la

2254 3587 95 36 suite
2374 3586 50 37 de
2451 3586 30 38 la
2508 3603 138 32 guerre
2674 3592 202 45 mondiale,
2907 3598 195 46 protégée
3130 3614 65 35 par

2254 3641 29 37 la
2310 3641 183 51 politique
2518 3645 222 47 douanière,
2766 3649 205 41 l'industrie
2994 3654 19 36 à
3038 3655 155 48 Zagreb

2252 3713 40 23 se
2314 3699 224 52 développe
2559 3704 247 49 rapidement
2826 3713 42 33 et
2888 3708 113 40 d'une
3024 3715 169 36 manière

2253 3758 197 47 prospère.

2253 3814 42 36 En
2327 3817 126 36 même
2483 3821 128 47 temps
2643 3823 300 40 accroissement
2973 3826 136 50 rapide
3141 3826 50 40 de

2251 3870 29 38 la
2313 3872 221 50 population
2565 3875 51 38 de
2646 3876 30 38 la
2705 3877 82 39 ville
2817 3884 42 33 et
2887 3880 222 42 diminution
3140 3885 51 38 de

2249 3926 29 38 la
2309 3928 221 49 population
2560 3946 193 37 paysanne
2781 3936 51 38 de
2860 3936 30 38 la
2919 3941 147 46 région.

2251 3984 405 43 Habitation
2704 4007 7 22 :
2758 3993 64 37 Par
2865 3994 324 43 l'accroissement

2248 4043 157 37 énorme
2441 4044 51 37 de
2528 4045 30 37 la
2597 4048 234 49 population,
2869 4050 51 40 les
2954 4052 236 42 habitations
