4912 6728
4731 6622 51 66 17

54 41 670 72 Erscheinungstag:
770 42 372 61 Mittwoch

3901 54 482 76 Einzeibezug:
4431 59 62 58 10
4547 56 294 77 Pfennig

57 222 1572 773 DER
1845 236 2981 759 STURM

51 1066 1686 156 WOCHENSCHRIFT
1825 1046 356 179 FÜR
2279 1073 755 155 KULTUR
3169 1076 397 152 UND
3677 1076 309 142 DIE
4094 1052 746 173 KÜNSTE

136 1406 253 46 Redaktion
415 1408 92 42 und
530 1407 181 53 Verlag:
746 1406 439 51 Berlin-Halensee,
1219 1410 464 43 Katharinenstrasse
1705 1411 25 41 5

135 1490 338 54 Fernsprecher
516 1491 104 42 Amt
663 1490 321 44 Wilmersdorf
1024 1493 122 42 3524.
1211 1492 519 56 Anzeigen-Annahme

135 1576 139 41 durch
321 1576 89 42 den
450 1576 164 54 Verlag
658 1576 94 42 und
799 1576 235 44 sämtliche
1079 1576 254 44 Annoncen
1353 1601 20 7 -
1392 1578 338 53 Expeditionen

3161 1411 477 55 Vierteljahresbezug
3680 1413 94 52 1,25
3804 1412 132 43 Mark
3959 1414 13 51 /
3996 1412 430 54 Halbjahresbezug
4455 1412 98 53 2,50
4590 1412 132 44 Mark
4737 1412 17 53 /

3160 1495 308 55 Jahresbezug
3512 1495 97 53 5,00
3648 1498 132 42 Mark
3807 1497 18 55 /
3857 1497 75 43 bei
3962 1496 138 45 freier
4128 1498 271 53 Zustellung
4428 1496 17 54 /
4476 1497 253 43 Insertions-

3162 1580 125 53 preis
3332 1580 72 42 für
3448 1581 75 42 die
3568 1580 372 55 fünfgespaltene
3994 1581 418 54 Nonpareillezeile
4464 1580 55 44 60
4564 1581 192 53 Pfennig

2055 1452 325 54 Herausgeber
2409 1452 93 42 und
2526 1450 318 46 Schriftleiter:

2057 1535 422 56 HERWARTH
2526 1535 321 52 WALDEN

56 1785 321 66 ERSTER
419 1787 428 80 JAHRGANG

1471 1788 1095 69 BERLIN/DONNERSTAG/DEN
2620 1793 90 59 17.
2746 1771 222 85 MÄRZ
3022 1788 194 69 1910/
3237 1791 203 63 WIEN

4363 1790 388 66 NUMMER
4801 1791 36 63 3

57 2024 347 72 INHALT:

470 2052 226 45 STEFAN
745 2053 296 47 WRONSKI:
1094 2055 84 42 Ein
1229 2053 335 55 Neugieriger/

55 2122 145 46 KARL
233 2121 208 46 KRAUS:
475 2122 95 44 Das
594 2123 296 44 Ehrenkreuz
908 2126 14 52 /
939 2116 326 51 THADDÄUS
1289 2124 274 47 RITTNER:

54 2192 266 55 Vegetation
343 2194 17 52 /
376 2192 241 47 ARNOLD
665 2193 208 45 OPPEL:
921 2195 122 43 Zwei
1092 2194 472 53 Gedichte/ADOLF

54 2263 207 43 LANTZ:
293 2262 87 45 Die
412 2264 226 44 Hochzeit
668 2263 85 44 des
787 2262 149 46 Gilles
969 2266 58 42 de
1060 2266 106 45 Rais
1184 2266 17 53 /
1220 2265 339 46 FERDINAND

52 2332 373 47 HARDEKOPF:
445 2334 363 55 Nymphenburg
824 2344 14 38 /
855 2333 197 46 ADOLF
1070 2335 173 44 LOOS:
1263 2335 94 43 Der
1371 2335 164 44 Sattler-

53 2404 186 43 meister
262 2404 13 53 /
299 2403 164 45 FELIX
523 2395 386 55 STÖSSINGER:
985 2404 86 45 Die
1132 2417 88 32 neu
1281 2405 276 44 inszenierte

49 2474 343 44 Theatermoral
409 2475 17 54 /
446 2475 271 46 THEATER
752 2475 317 45 SIEGMUND
1088 2475 342 47 KALISCHER:
1463 2476 75 44 Ins-

53 2545 260 43 besondere
612 2547 15 52 /
649 2546 143 44 ELSE
852 2537 549 57 LASKER-SCHÜLER:
1466 2546 96 44 Der

51 2614 435 45 Eisenbahnräuber
524 2619 14 49 /
579 2616 280 44 MYNONA:
905 2617 100 43 Von
1053 2619 82 41 der
1165 2618 176 47 Wolke,
1386 2617 177 44 welche

54 2694 53 32 so
131 2697 110 42 gern
265 2686 123 42 hätte
414 2697 170 44 regnen
604 2689 165 52 mögen
785 2688 19 53 /
823 2687 226 47 ALFRED
1070 2679 238 52 DÖBLIN:
1329 2686 205 45 Glossen

51 2754 208 46 TRUST:
320 2756 177 43 Unsere
547 2756 236 56 Lieblinge

49 3098 185 119 Ein
312 3098 667 143 Neugieriger

47 3288 124 54 Von
211 3288 200 55 Stefan
453 3290 264 54 Wronski

176 3427 131 51 Dem
346 3431 289 54 primitiven
675 3430 181 60 Herrn,
898 3432 89 49 der
1028 3447 54 35 es
1122 3431 220 58 Neugier
1383 3437 170 54 nennt,

53 3512 149 35 wenn
236 3514 116 33 man
386 3502 110 47 eine
528 3502 267 55 politische
828 3501 629 51 Straßendemonstration
1491 3518 62 33 zu

54 3568 316 50 beobachten
428 3569 252 59 wünscht,
736 3573 65 47 ist
857 3586 104 34 von
1005 3574 198 55 einigen
1245 3572 174 49 Seiten
1462 3574 90 47 das

55 3635 369 54 Erforderliche
458 3645 184 52 gesagt
679 3642 227 48 worden.
974 3642 88 48 Als
1099 3642 66 48 ob
1202 3656 54 35 es
1293 3642 137 48 nicht
1464 3656 59 43 ge-

55 3708 120 49 rade
211 3709 95 48 den
342 3709 457 50 aristokratischen
834 3710 363 51 Enthusiasten
1234 3713 88 48 der
1359 3712 161 49 Schön-

55 3777 99 49 heit
182 3780 169 47 reizen
379 3779 189 59 müßte,
598 3781 92 48 das
719 3780 131 49 Volk
879 3783 48 46 in
955 3781 302 58 Bewegung
1287 3796 62 34 zu
1380 3782 173 57 sehen,

55 3849 45 46 in
130 3847 317 59 Geistigkeit,
476 3851 67 47 im
568 3850 344 49 Aufflammen
941 3851 78 49 für
1049 3852 79 48 ein
1157 3851 118 58 Ziel,
1303 3866 105 34 von
1440 3852 113 48 dem

56 3929 54 37 es
143 3911 199 61 (naiver
374 3920 100 47 und
506 3919 280 50 rührender
818 3914 196 61 Weise)
1050 3922 78 48 ein
1161 3920 215 50 bißchen
1411 3921 143 49 mehr

54 3985 464 53 Menschenwürde
579 3989 204 49 erhofft!
878 3989 261 50 Natürlich
1198 3992 66 47 ist
1326 4004 54 35 es
1444 3993 110 46 eine

53 4051 304 53 lächerliche
381 4052 256 63 Chimere,
675 4068 103 36 von
811 4055 358 63 irgendeinem
1208 4055 351 64 preußischen

55 4125 309 61 Wahlrecht,
419 4143 105 34 von
581 4131 166 47 einem
802 4131 133 48 noch
990 4143 59 37 so
1107 4130 447 50 demokratischen

55 4194 515 54 Parlamentarismus
617 4204 166 45 etwas
831 4200 78 49 für
959 4201 79 47 die
1086 4201 302 56 anständige
1434 4199 90 50 Ent-

55 4267 286 58 wicklung
397 4269 273 49 deutscher
727 4269 165 57 Dinge
948 4274 259 46 erwarten
1248 4285 62 34 zu
1352 4270 201 49 wollen.

56 4335 97 50 Hat
178 4338 108 48 sich
311 4342 140 45 etwa
475 4340 90 47 der
592 4339 146 49 Geist
762 4341 47 53 je
837 4339 364 58 durchgesetzt
1227 4342 48 46 in
1302 4339 221 50 Deutsch-

56 4405 150 50 land?
238 4408 123 58 Ach,
393 4422 54 35 er
478 4408 200 58 schlägt
707 4423 93 35 nur
831 4411 90 47 mit
952 4410 97 48 den
1076 4408 209 57 Flügeln
1318 4410 100 48 und
1448 4409 108 49 fällt

58 4478 213 48 entseelt
331 4492 63 34 zu
452 4478 194 50 Boden.
724 4478 123 50 Sind
894 4482 138 46 etwa
1077 4480 79 47 die
1202 4479 261 55 Klassiker
1509 4480 46 48 in

57 4559 209 37 unserer
314 4547 240 58 heutigen
604 4548 179 54 Kultur
832 4547 272 58 lebendig?
1189 4548 231 49 Lassalle
1470 4547 86 50 hat

57 4613 180 56 Recht:
270 4630 92 36 nur
391 4619 100 48 wie
520 4619 79 48 ein
627 4618 170 50 ferner
827 4618 484 55 Kranichschwarm
1340 4618 112 49 sind
1482 4620 74 46 sie

56 4685 122 49 über
216 4687 80 47 die
333 4687 319 56 bürgerliche
694 4687 344 51 Gesellschaft
1076 4689 386 58 dahingezogen
1483 4729 72 11 ...

55 4755 134 49 Aber
233 4756 80 48 die
353 4755 386 61 Volksmassen,
783 4759 78 48 die
902 4762 125 51 jetzt
1070 4759 85 49 auf
1198 4761 96 47 den
1336 4759 219 51 Straßen

55 4824 329 56 preußischer
433 4824 182 51 Städte
662 4828 421 58 demonstrieren,
1130 4830 314 55 glauben
1493 4844 63 34 an

57 4894 76 49 ein
176 4894 295 58 politisches
514 4895 153 58 Ideal,
711 4910 62 34 an
816 4898 78 47 die
936 4897 334 58 Möglichkeit
1312 4901 244 55 geistiger

55 4961 264 61 Wirkung,
347 4979 63 35 an
440 4966 97 48 den
564 4963 175 58 Erfolg
767 4966 267 56 behaglich
1064 4970 363 53 organisierter
1457 4971 100 47 und

54 5034 322 57 gedämpfter
416 5034 511 50 Tribünenreden...
981 5034 114 50 Und
1132 5066 62 6 —
1232 5052 110 35 wer
1382 5053 41 34 w
1424 5053 10 14 r
1439 5038 116 50 eiß?

54 5132 62 8 —
154 5105 167 49 indem
362 5105 75 49 sie
477 5104 111 50 sich
628 5104 78 50 für
749 5106 140 48 diese
931 5104 118 50 Idee
1089 5106 49 48 in
1172 5102 145 50 Trott
1355 5112 202 41 setzen:

55 5174 254 51 vielleicht
349 5176 212 49 werden
606 5177 140 49 diese
788 5176 335 59 Kleinbürger
1165 5176 198 51 schön?
1423 5178 108 50 Viel-

52 5237 153 52 leicht
231 5242 204 49 flammt
473 5242 51 49 in
561 5242 184 50 diesen
775 5244 325 64 beruhigten,
1144 5242 415 64 enregistrieiten

55 5311 200 53 Herzen
305 5316 79 48 ein
432 5315 181 51 Hauch
660 5330 105 36 von
813 5317 135 59 Glut,
996 5331 104 37 von
1151 5317 232 58 Religion
1433 5316 122 51 auf?

55 5381 113 53 Ist's
197 5385 136 50 nicht
359 5384 187 51 Pflicht
574 5387 99 49 und
702 5387 140 59 Reiz,
872 5389 93 49 das
992 5402 64 35 zu
1086 5386 300 52 erkunden?
1433 5386 125 51 Wer

55 5452 110 50 darf
203 5457 111 47 eine
350 5468 60 38 so
450 5456 315 51 ekstatische
802 5458 100 49 und
940 5458 74 49 oft
1053 5459 325 49 enttäuschte
1415 5457 114 50 Hoff-

57 5539 135 45 nung
242 5529 75 49 als
701 5532 259 56 erledigen
1010 5534 204 58 wollen,
1266 5535 131 49 ohne
1445 5536 110 49 sich

55 5595 159 51 selbst
247 5612 63 35 zu
347 5599 403 51 entlarven?...
798 5601 124 50 Man
957 5617 119 43 mag
1110 5602 291 52 Francesco
1435 5605 91 50 Fer-

55 5678 80 36 rer
160 5667 181 59 lieben,
367 5668 189 50 hassen
582 5671 124 48 oder
731 5672 327 56 gleichgültig
1085 5673 191 51 finden:
1308 5675 91 49 das
1425 5675 131 50 Volk

54 5748 102 36 von
191 5735 164 60 Paris,
392 5739 75 49 als
508 5753 55 36 es
600 5754 63 35 zu
701 5739 519 53 Hunderttausenden
1256 5757 166 44 gegen
1461 5745 95 59 die,

55 5805 77 49 die
161 5806 82 49 ihn
269 5811 201 53 getötet
499 5809 191 58 hatten,
720 5811 410 60 demonstrierte,
1160 5827 111 35 war
1301 5812 161 51 schön
1483 5854 72 11 ...

55 5871 120 54 Eine
205 5875 255 60 Schlange
491 5880 215 56 ringelte
738 5881 108 49 sich
877 5883 242 50 zischend
1150 5884 125 49 über
1308 5887 78 49 die
1418 5887 103 51 Bou-

55 5943 218 53 levards.
351 5946 156 52 Diese
551 5953 204 46 wüsten
802 5950 285 60 Gesichter,
1135 5954 140 50 diese
1321 5955 234 52 heiseren

55 6011 669 66 Verwünschungsschreie,
753 6020 141 50 diese
922 6021 319 52 fanatischen
1273 6025 193 51 Gesten
1494 6056 64 8 —

57 6083 72 48 sie
165 6098 177 38 waren
379 6087 176 59 schön,
593 6092 102 46 wie
732 6090 90 49 das
862 6092 151 49 milde
1053 6091 374 54 Todeslächeln
1467 6098 89 49 der

55 6148 249 56 Eleonora
337 6154 142 53 Duse
513 6157 160 51 schön
708 6161 158 48 ist...

178 6239 94 52 Die
301 6246 373 50 sozialistische
704 6246 207 60 Presse,
941 6264 152 35 wenn
1125 6251 73 49 sie
1231 6254 78 48 ein
1341 6253 213 49 bißchen

59 6305 141 54 Geist
234 6311 158 60 hätte,
427 6316 149 48 sollte
608 6318 125 53 jetzt
768 6317 402 62 hervorsuchen,
1207 6324 100 46 wie
1344 6324 79 48 die
1456 6321 66 51 Pa-

55 6377 127 50 riser
707 6387 160 49 durch
898 6389 79 49 die
1009 6389 513 54 Straßendemonstra-

55 6446 168 52 tionen
255 6464 104 37 von
398 6455 118 48 1848
552 6455 260 51 fasziniert
847 6460 230 48 wurden.
1144 6457 79 52 Da
1258 6462 181 49 wurde
1475 6464 78 48 ein

52 6517 201 52 solcher
316 6521 284 55 Verächter
664 6528 274 56 populärer
1003 6528 261 61 Instinkte,
1330 6545 100 37 w?e
1496 6545 56 39 es

1710 2060 309 51 Charles
2057 2062 447 50 Baudelaire
2540 2077 127 44 war,
2704 2077 105 35 von
2848 2063 89 50 der
2976 2062 236 51 Inbrunst

1707 2132 168 49 dieser
1904 2132 572 57 Volkskundgebungen
2507 2133 332 56 hingerissen.
2902 2133 66 49 Er
2998 2134 177 49 bewun-

1707 2202 144 48 derte
1895 2200 243 50 Wronski
2183 2204 98 46 und
2325 2202 231 58 Blanqui,
2601 2203 132 48 ohne
2777 2204 240 56 übrigens
3063 2204 148 49 dabei

1706 2272 175 48 seinen
1933 2271 314 49 höhnischen
2299 2271 348 59 Dandysmus,
2716 2275 141 46 seine
2908 2273 300 58 Abneigung

1706 2353 165 44 gegen
1914 2341 96 48 alle
2053 2341 447 49 demokratischen
2542 2341 292 51 Phraseure
2877 2343 331 49 einzubüßen.

1706 2409 113 49 Und
1854 2410 77 49 für
1965 2412 141 47 seine
2142 2410 101 49 fast
2277 2412 387 56 widerwilligen
2698 2412 254 49 humanen
2987 2412 185 57 Sympa-

1707 2479 137 48 thien
1881 2480 118 48 fand
2039 2494 53 35 er
2132 2481 79 48 die
2247 2481 127 48 böse
2411 2481 409 56 Formulierung:
2864 2481 140 59 „Wir
3043 2482 165 49 haben

1707 2550 95 47 alle
1840 2550 97 47 den
1973 2550 475 55 republikanischen
2486 2551 145 49 Geist
2667 2553 47 46 in
2752 2553 97 46 den
2885 2553 186 56 Adern,
3108 2553 100 48 wie

1706 2619 79 49 die
1822 2618 321 51 Lustseuche
2181 2621 48 48 in
2269 2621 96 47 den
2405 2619 256 56 Knochen.
2733 2619 110 50 Wir
2882 2622 110 48 sind
3032 2622 140 48 demo-

1706 2688 259 50 kratisiert
2010 2690 100 48 und
2590 2691 137 47 Aber
2773 2704 54 34 er
2873 2693 130 54 stieg
3048 2691 160 49 herab

1706 2772 92 35 aus
1830 2761 195 46 seinem
2058 2757 415 59 Elfenbeinturm,
2506 2761 47 46 in
2588 2761 96 46 den
2716 2758 401 61 Februartagen,
3153 2774 53 36 er

1705 2829 119 55 ging
1881 2829 84 48 auf
2021 2829 79 48 die
2139 2827 185 51 Straße
2381 2829 99 49 und
2521 2829 215 50 mischte
2777 2829 108 50 sich
2925 2835 146 44 unter
3114 2831 90 49 das

1704 2895 223 51 V01k...

1832 2978 305 50 Baudelaire
2187 2981 81 47 bei
2319 2981 89 47 der
2460 2980 369 50 Insurrektion!
2899 2979 306 51 Baudelaire

1703 3050 80 47 bei
1817 3050 96 47 den
1945 3047 225 51 Elenden
2204 3050 89 48 der
2324 3049 338 51 Barrikaden!
2700 3050 121 50 Eine
2854 3050 238 59 Haltung,
3127 3052 79 48 die

1706 3117 130 49 doch
1871 3118 182 49 keinen
2087 3120 347 49 überraschen
2468 3120 126 58 darf,
2630 3121 114 49 dem
2781 3123 47 47 in
2865 3122 96 48 den
2998 3120 208 58 „Fleurs

1704 3188 65 48 du
1797 3189 114 48 mar
1918 3188 9 18 4
1932 3227 11 19 ,
1971 3189 193 49 diesem
2192 3188 215 58 größten
2435 3189 258 56 lyrischen
2722 3189 175 50 Buche
2927 3191 89 48 der
3044 3188 129 54 Welt-

1703 3259 246 56 literatur,
1982 3260 90 48 das
2104 3259 135 57 tiefe,
2270 3260 120 48 tiefe
2420 3260 197 49 Mitleid
2647 3262 91 47 mit
2768 3260 97 48 den
2894 3260 190 49 Leiden
3117 3262 89 47 der

1702 3326 381 53 Verdammtere
2113 3329 90 47 Her
2230 3328 441 59 Ausgestoßenen,
2701 3330 87 47 der
2816 3328 258 51 Literaten
3107 3331 99 47 und

1706 3396 187 49 Dirnen
1927 3397 138 50 nicht
2098 3404 288 50 entgangen
2422 3400 78 48 ist.
2567 3398 143 50 Noch
2744 3400 106 48 drei
2887 3398 155 50 Jahre
3076 3399 131 49 nach

1705 3469 89 45 der
1833 3465 309 56 Revolution
2182 3468 203 49 schrieb
2423 3468 304 49 Baudelaire
2768 3468 78 49 für
2888 3470 79 47 die
3005 3467 167 60 „Chan-

1895 3537 90 49 des
2021 3535 177 51 Pierre
2236 3536 207 57 Dupont
2480 3539 111 47 eine
2627 3537 246 59 Vorrede,
2911 3540 48 47 in
2998 3539 90 48 der
3127 3540 80 48 die

1705 3605 479 58 achtundvierziger
2239 3605 403 59 Erschütterung
2698 3609 46 47 in
2800 3608 175 49 diesen
3015 3608 190 49 Sätzen

1706 3676 356 56 weitergrollt:

1831 3749 117 56 „Als
1991 3748 79 49 ich
2113 3750 90 49 das
2247 3749 124 49 Lied
2416 3751 88 47 der
2548 3751 235 48 Arbeiter
2827 3750 161 57 hörte,
3034 3751 174 50 diesen

1705 3819 387 48 wundervollen
2134 3818 179 50 Schrei
2352 3834 92 34 aus
2484 3819 246 50 Schmerz
2772 3821 99 48 und
2910 3820 263 50 Melancho-

1705 3889 76 55 lie,
1810 3902 111 34 war
1949 3889 78 48 ich
2056 3889 213 49 betäubt
2298 3890 99 48 und
2425 3890 213 49 zärtlich
2663 3889 224 50 berührt.
2916 3889 115 50 Wie
3059 3889 149 58 lange

1706 3957 172 48 hatten
1932 3960 94 45 wir
2078 3962 257 53 gewartet
2388 3959 85 48 auf
2526 3961 78 46 ein
2642 3959 214 49 bißchen
2894 3960 176 49 starke
3108 3961 100 47 und

1706 4027 176 49 wahre
1910 4026 209 51 Poesie!
2153 4027 239 50 Welcher
2421 4027 174 50 Partei
2624 4044 118 34 man
2772 4029 132 49 auch
2933 4029 274 58 angehöre,

1705 4099 89 46 mit
1838 4097 232 49 welchen
2116 4098 321 50 Vorurteilen
2484 4113 118 34 man
2646 4099 219 57 genährt
2910 4101 109 48 sein
3064 4113 138 42 mag:

1706 4181 55 34 es
1804 4169 64 47 ist
1911 4167 303 59 unmöglich,
2258 4169 136 48 nicht
2435 4169 210 56 gerührt
2687 4183 62 34 zu
2793 4171 108 47 sein
2943 4182 104 36 von
3092 4170 115 47 dem

1706 4237 298 56 Schauspiel
2035 4238 168 49 dieser
2230 4236 229 51 kranken
2487 4237 204 59 Menge,
2722 4239 77 48 die
2829 4239 64 48 da
2922 4243 160 44 atmet
3111 4239 96 48 den

1706 4307 160 48 Staub
1908 4308 89 48 der
2037 4306 371 59 Werkstätten,
2449 4308 321 50 Baumwolle
2811 4308 248 57 schluckt,
3100 4309 108 49 sich

1706 4376 243 56 vergiftet
2004 4391 64 34 an
2109 4376 245 50 Bleiweiß
2399 4379 99 47 und
2540 4377 336 59 Quecksilber
2936 4381 99 48 und
3077 4381 130 49 allen

1708 4446 185 57 Giften,
1938 4447 91 48 mit
2075 4447 162 48 denen
2282 4461 118 35 man
2446 4447 398 50 Meisterwerke
2890 4450 188 49 schafft
3121 4466 82 42 —;

1707 4517 167 47 dieser
1908 4515 206 59 Menge,
2152 4517 78 48 die
2268 4517 64 47 da
2367 4517 185 49 schläft
2589 4519 66 47 im
2692 4517 306 57 Ungeziefer
3036 4520 89 49 tief
3160 4523 48 46 in

1707 4586 95 48 den
1829 4585 320 59 Stadtteilen,
2178 4600 84 35 wo
2291 4587 80 48 die
2400 4588 294 48 elendesten
2724 4589 99 47 und
2852 4590 80 47 die
2960 4590 217 49 erhaben-

1707 4659 114 44 sten
1860 4655 278 57 Tugenden
2195 4656 194 49 hausen
2444 4657 165 49 neben
2650 4658 97 48 den
2788 4658 419 52 verstocktesten

1705 4723 217 51 Lastern
1951 4727 100 47 und
2080 4726 95 48 den
2204 4724 396 52 Schleimfetzen
2630 4728 88 49 der
2745 4726 458 60 Eingekerkerten;

1705 4818 64 6 —
1793 4789 174 50 dieser
1987 4790 210 66 Menge,
2234 4792 85 47 die
2351 4794 66 46 da
2440 4794 199 46 seufzet
2672 4794 105 48 und
2810 4795 265 54 hinsiecht,
3105 4796 106 48 und

1706 4866 89 48 der
1828 4866 111 47 die
1971 4862 179 52 Erde
2181 4865 154 49 ihre
2367 4864 307 52 Wunder
2708 4868 384 57 verdankt;
3129 4869 79 49 die

1707 4936 78 47 ein
1812 4935 181 49 wildes
2019 4933 311 58 Purpurblut
2357 4936 157 49 durch
2541 4937 106 48 ihre
2674 4938 169 49 Adern
2871 4938 157 49 rollen
3057 4938 147 57 fühlt;

1707 5005 79 47 die
1830 5006 146 47 einen
2018 5005 199 58 langen,
2262 5006 448 49 trauerschweren
2753 5006 144 50 Blick
2942 5008 137 49 wirft
3125 5009 83 48 auf

1706 5068 83 49 die
1809 5065 178 55 Sonne
2017 5080 105 39 und
2151 5071 90 50 auf
2269 5071 84 49 die
2384 5072 293 63 schattigen
2699 5071 179 50 Alleen
2904 5071 90 50 der
3014 5074 196 62 großen

1706 5142 182 60 Parks,
1933 5145 101 48 und
2080 5145 94 58 die,
2220 5145 76 49 als
2342 5145 156 50 Trost
2543 5147 100 48 und
2689 5145 256 59 Erholung
2992 5147 78 51 für
3117 5148 91 50 das

1707 5214 140 57 alles,
1871 5227 92 37 aus
1987 5215 190 49 vollem
2202 5213 156 52 Halse
2380 5230 94 34 nur
2498 5217 180 48 immer
2703 5218 47 47 in
2775 5216 142 50 ihren
2941 5216 238 52 Heilands-

1706 5282 79 49 ruf
1855 5283 282 51 ausbricht:
2213 5283 109 51 Wir
2391 5286 187 49 wollen
2651 5300 93 36 uns
2817 5288 391 49 untereinander

1832 5464 9 10 .
1879 5464 9 10 .
1927 5464 9 10 .
1974 5425 197 60 Gewiß,
2218 5427 108 50 dies
2371 5427 180 51 Fieber
2597 5429 120 49 hielt
2762 5430 137 50 nicht
2943 5444 79 35 an.
3100 5430 107 50 Das

1706 5488 146 64 Volk,
1875 5493 277 62 entmutigt
2172 5492 106 49 und
2302 5493 314 64 banalisiert,
2630 5495 145 49 ward
2797 5496 82 48 für
2899 5493 312 53 Baudelaire

1706 5559 193 51 wieder
1937 5561 403 51 uninteressant.
2380 5562 139 50 Aber
2546 5577 55 37 es
2628 5565 138 49 hatte
2794 5565 104 49 ihm
2927 5564 138 50 doch
3094 5566 117 49 eine

1707 5634 176 59 große,
1949 5635 249 51 herrliche
2245 5634 267 61 Erregung
2559 5639 300 59 geschenkt,
2924 5638 117 60 ihm,
3092 5640 116 50 dem

1707 5705 201 58 Dandy,
1950 5706 116 50 dem
2109 5708 260 48 einsamen
2411 5706 269 58 Empörer:
2726 5709 117 58 ihm,
2885 5710 116 49 dem
3044 5709 131 60 „Neu-

1999 5812 11 13 .
2047 5814 10 12 .
2093 5814 11 12 .

1710 6037 206 112 Das
1994 6037 674 115 Ehrenkreuz

1702 6203 126 56 Von
1869 6205 134 55 Karl
2043 6206 185 54 Kraus

1831 6323 52 51 In
1922 6323 331 51 Oesterreich
2287 6324 108 60 gibt
2431 6341 54 36 es
2521 6325 78 53 für
2634 6327 152 59 junge
2819 6326 273 63 Mädchen,
3129 6331 77 49 die

1706 6394 108 49 sich
1849 6394 116 49 dem
1999 6394 185 53 Laster
2219 6398 47 48 in
2305 6397 79 49 die
2418 6399 156 48 Arme
2611 6400 213 57 werfen,
2861 6402 111 47 eine
3009 6401 197 54 Klimax

1705 6464 89 48 der
1829 6462 357 54 Strafbarkeit.
2249 6466 123 51 Man
2407 6469 381 49 unterscheidet
2821 6468 272 60 Mädchen,
3128 6471 78 50 die

1704 6533 107 51 sich
1882 6534 89 50 der
2042 6534 310 58 unbefugten
2391 6538 279 58 Ausübung
2741 6540 91 53 der
2868 6538 338 55 Prostitution

3362 2065 231 58 schuldig
3628 2066 232 58 machen,
3895 2065 273 58 Mädchen,
4204 2067 80 49 die
4318 2064 264 51 fälschlich
4617 2064 248 58 angeben,

3364 2134 95 49 daß
3505 2138 75 47 sie
3626 2140 146 45 unter
3817 2136 498 56 sittenpolizeilicher
4362 2134 262 55 Kontrolle
4669 2133 196 58 stehen,

3359 2205 99 49 und
3500 2205 293 50 schließlich
3830 2205 274 59 Mädchen,
4146 2207 79 48 die
4265 2219 144 35 zwar
4449 2219 90 35 zur
4581 2205 279 55 Ausübung

3359 2276 89 49 der
3491 2274 354 60 Prostitution,
3887 2276 183 55 jedoch
4115 2276 137 48 nicht
4298 2288 90 36 zur
4433 2273 240 59 Tragung
4721 2275 139 48 eines

3358 2343 388 53 Ehrenkreuzes
3787 2345 177 58 befugt
4004 2346 126 49 sind.
4186 2344 156 50 Diese
4382 2343 284 59 Einteilung
4706 2343 154 50 wirkt

3357 2415 84 49 auf
3485 2416 97 49 den
3627 2420 172 46 ersten
3841 2415 146 50 Blick
4030 2417 336 57 verwirrend,
4412 2415 281 57 entspricht
4737 2415 123 50 aber

3359 2485 253 51 durchaus
3693 2487 97 48 den
3870 2485 370 51 tatsächlichen
4286 2485 402 51 Verhältnissen.
4769 2482 90 52 Ein

3357 2554 271 59 Mädchen,
3699 2557 92 48 das
3830 2558 163 47 einem
4032 2555 246 50 Detektiv
4346 2555 302 49 bedenklich
4684 2554 175 51 schien

3356 2654 62 6 —
3455 2625 166 49 nichts
3661 2625 198 49 scheint
3897 2627 164 47 einem
4101 2625 244 49 Detektiv
4384 2625 359 49 bedenklicher
4783 2625 75 49 als

3358 2697 78 46 ein
3469 2694 258 50 Mädchen
3757 2724 76 29 —,
3865 2695 101 57 gab
3998 2709 80 44 an,
4110 2697 75 48 sie
4218 2695 146 51 stehe
4397 2699 147 46 unter
4578 2694 256 57 sittenpoli-

3357 2764 237 49 zeilicher
3622 2764 277 56 Kontrolle.
3959 2764 87 50 Sie
4073 2765 140 49 hatte
4242 2765 109 50 sich
4378 2779 94 34 nur
4500 2766 146 47 einen
4666 2763 194 52 Scherz

3358 2835 217 56 erlaubt;
3618 2835 122 49 aber
3778 2849 118 35 man
3931 2837 120 55 ging
4090 2836 90 48 der
4217 2834 168 50 Sache
4422 2834 144 50 nach.
4637 2832 80 51 Da
4751 2833 109 50 sich

3358 2905 105 48 ihre
3500 2906 214 56 Angabe
3752 2906 74 49 als
3865 2906 250 56 unrichtig
4152 2905 375 57 herausstellte,
4567 2904 180 49 wurde
4785 2906 74 47 sie

3357 2988 183 43 wegen
3611 2975 304 57 unbefugter
3954 2975 280 57 Ausübung
4306 2976 89 48 der
4434 2973 338 50 Prostitution
4811 2975 48 47 in

3357 3044 313 56 polizeiliche
3710 3044 395 58 Untersuchung
4146 3057 248 45 gezogen.
4467 3043 79 49 Da
4587 3044 109 50 sich
4737 3042 122 50 aber

3356 3115 130 49 auch
3529 3116 168 48 dieser
3741 3115 261 50 Verdacht
4045 3117 75 49 als
4168 3113 457 60 ungerechtfertigt
4671 3115 187 47 erwies

3359 3185 98 47 und
3492 3185 109 49 sich
3639 3185 250 49 demnach
3925 3186 375 57 herausstellte,
4339 3184 96 51 daß
4474 3187 92 48 das
4604 3184 255 51 Mädchen

3358 3254 283 56 überhaupt
3678 3255 148 49 keine
3862 3254 338 51 Prostitution
4238 3256 209 57 ausübe,
4484 3268 60 37 so
4584 3255 159 50 erhob
4780 3255 79 49 die

3358 3324 542 51 Staatsanwaltschaft
3941 3326 78 49 die
4058 3326 230 56 Anklage
4328 3338 184 45 wegen
4549 3324 280 52 Falschmel-

3358 3395 148 56 dung.
3571 3393 106 50 Das
3710 3394 257 49 Mädchen
4001 3395 141 50 hatte
4174 3396 124 57 sich,
4333 3398 99 47 wie
4467 3409 55 36 es
4556 3398 48 47 in
4636 3397 90 49 der
4759 3397 66 48 An-

3358 3464 149 56 klage
3545 3464 131 58 hieß,
3714 3466 325 57 „gegenüber
4079 3466 116 49 dem
4235 3465 244 50 Detektiv
4519 3469 110 46 eine
4669 3467 191 49 soziale

3359 3533 229 58 Stellung
3635 3534 290 58 angemaßt,
4002 3536 81 48 die
4130 3535 74 50 ihr
4282 3536 136 49 nicht
4465 3535 200 50 zukam'
4671 3536 11 19 4
4687 3574 11 11 .
4776 3535 106 51 Sie.

3358 3604 129 48 trieb
3524 3605 177 48 weder
3738 3605 231 49 erlaubte
4004 3606 132 49 noch
4174 3606 299 50 unerlaubte
4507 3604 353 59 Prostitution,

3357 3675 75 48 sie
3458 3688 111 35 war
3595 3675 110 49 also
3732 3676 111 48 eine
3870 3674 389 59 Schwindlerin,
4286 3676 100 48 und
4413 3689 94 35 nur
4533 3677 117 48 weil
4678 3678 76 46 sie
4780 3675 81 49 bei

3361 3745 88 48 der
3486 3743 362 58 Verhandlung
3885 3744 85 50 auf
4008 3746 78 48 die
4124 3744 166 59 Frage
4328 3746 90 49 des
4457 3745 253 58 Richters,
4748 3758 111 37 was

3357 3816 74 46 sie
3475 3813 108 49 sich
3656 3815 148 48 dabei
3847 3815 222 57 gedacht
4108 3814 148 59 habe,
4330 3816 81 48 die
4453 3816 240 48 Antwort
4734 3815 123 58 gab:

3658 3885 205 56 entging
3906 3886 75 47 sie
4026 3885 89 48 der
4158 3884 374 58 Verurteilung.
4608 3884 98 50 Um
4751 3884 109 50 also

3359 3968 62 33 zu
3458 3954 415 56 rekapitulieren:
3945 3954 86 50 Sie
4067 3956 143 49 hatte
4242 3956 293 59 behauptet,
4604 3958 76 49 sie
4715 3957 147 50 stehe

3360 4027 146 46 unter
3544 4024 498 56 sittenpolizeilicher
4080 4025 278 56 Kontrolle.
4428 4025 133 52 Weil
4600 4028 110 49 dies
4750 4029 112 48 eine

3358 4093 336 50 Unwahrheit
3732 4108 127 44 war,
3898 4095 181 48 wurde
4117 4097 76 48 sie
4230 4100 147 46 unter
4417 4097 117 49 dem
4570 4096 293 51 Verdachte

3363 4163 91 49 des
3506 4164 322 50 unsittlichen
3878 4164 439 51 Lebenswandels
4368 4167 49 48 in
4466 4165 395 60 Untersuchung

3358 4246 247 44 gezogen.
3674 4233 86 50 Sie
3795 4233 190 50 konnte
4020 4249 101 35 nun
4158 4249 143 36 zwar
4337 4236 279 58 beweisen,
4652 4236 96 50 daß
4787 4237 75 50 sie

3359 4303 137 50 nicht
3524 4303 257 50 unsittlich
3806 4317 169 44 genug
4006 4306 90 57 sei,
4124 4320 83 34 um
4238 4308 145 47 einen
4413 4306 324 50 unsittlichen
4765 4305 65 52 Le-

3360 4374 333 49 benswandel
3720 4388 62 35 zu
3811 4374 194 58 führen,
4034 4375 123 50 aber
4185 4377 75 48 sie
4288 4374 191 51 konnte
4508 4376 132 49 doch
4667 4376 196 50 wieder

3360 4443 137 48 nicht
3525 4443 278 59 beweisen,
3832 4442 96 51 daß
3960 4446 75 47 sie
4065 4445 188 50 sittlich
4281 4458 169 45 genug
4479 4447 90 57 sei,
4600 4459 85 38 um
4715 4450 147 46 unter

3361 4513 497 55 sittenpolizeilicher
3907 4513 262 55 Kontrolle
4217 4529 63 34 zu
4330 4515 196 50 stehen.
4609 4514 70 51 So
4729 4515 134 51 blieb

3360 4582 164 50 nichts
3567 4583 159 57 übrig,
3770 4584 75 49 als
3888 4585 76 48 sie
4007 4596 184 45 wegen
4234 4583 427 60 Falschmeldung
4706 4598 125 38 anzu-

3360 4652 200 59 klagen,
3597 4665 185 45 wegen
3821 4653 157 49 deren
4013 4657 51 51 ja
4102 4654 293 50 schließlich
4432 4655 131 49 auch
4601 4656 81 48 die
4719 4655 107 50 Mör-

3360 4723 89 48 der
3493 4724 48 47 in
3586 4721 330 52 Oesterreich
3960 4725 269 49 verurteilt
4274 4723 227 60 werden,
4546 4739 152 35 wenn
4743 4740 118 34 man

3360 4792 147 49 ihnen
3540 4793 97 48 den
3666 4792 153 49 Mord
3851 4793 138 49 nicht
4018 4793 264 51 beweisen
4313 4795 150 49 kann.
4527 4794 139 51 Jetzt
4696 4794 166 58 gehen

3361 4863 94 48 wir
3490 4863 146 48 einen
3672 4861 192 50 Schritt
3898 4864 198 50 weiter.
4161 4862 168 51 Wenn
4366 4866 79 47 ein
4478 4861 259 53 Mädchen
4771 4878 90 36 zur

3360 4932 278 57 Ausübung
3672 4933 90 49 der
3793 4930 338 53 Prostitution
4164 4934 177 59 befugt
4373 4938 80 56 ist,
4486 4947 60 39 so
4580 4936 191 51 könnte
4806 4949 55 37 es

3359 5001 356 59 vorkommen,
3743 5001 96 50 daß
3865 5005 77 49 sie
3968 5017 56 37 es
4049 5005 352 57 verschweigt
4428 5006 101 49 und
4555 5005 275 50 schwindel-

3361 5071 330 50 hafterweise
3726 5073 188 59 angibt,
3948 5076 77 47 sie
4058 5077 76 47 sei
4168 5089 91 36 zur
4292 5076 280 60 Ausübung
4609 5079 90 50 der
4733 5076 96 52 Pro-

3361 5143 230 48 stitution
3629 5142 136 50 nicht
3805 5143 191 58 befugt.
4069 5143 87 51 Sie
4194 5148 179 47 würde
4415 5148 109 49 sich
4564 5148 109 50 also
4717 5150 145 48 einen

3362 5211 321 50 unsittlichen
3721 5211 410 53 Lebenswandel
4170 5214 268 61 anmaßen,
4477 5218 96 49 den
4612 5220 76 48 sie
4725 5219 137 50 nicht

3361 5281 211 49 deshalb
3601 5281 150 59 führt,
3782 5284 116 48 weil
3928 5286 75 47 sie
4033 5285 130 49 dazu
4194 5285 177 58 befugt
4400 5287 81 57 ist,
4511 5288 224 49 sondern
4765 5289 96 48 den

3360 5352 75 47 sie
3470 5351 151 58 führt,
3658 5353 242 49 wiewohl
3937 5356 74 46 sie
4048 5354 130 49 dazu
4215 5356 136 49 nicht
4387 5356 178 57 befugt
4601 5359 81 57 ist,
4718 5358 107 50 wäh-

3360 5424 125 50 rend
3519 5426 75 48 sie
3630 5426 48 48 in
3712 5424 268 52 Wahrheit
4014 5426 116 51 bloß
4169 5428 176 57 befugt
4380 5431 81 57 ist,
4499 5432 144 48 einen
4682 5432 154 49 unsitt-

3359 5494 164 49 lichen
3557 5494 409 52 Lebenswandel
4004 5512 63 34 zu
4104 5497 195 60 führen,
4338 5500 96 49 den
4472 5514 62 35 zu
4571 5500 179 50 führen
4787 5502 75 49 sie

3357 5563 178 57 befugt
3573 5566 80 48 ist.
3721 5564 187 51 Solche
3977 5565 139 51 Fälle
4154 5568 241 50 kommen
4465 5571 48 47 in
4551 5570 90 49 der
4677 5568 184 52 Praxis

3359 5634 164 49 selten
3567 5647 113 46 vor,
3727 5635 99 49 und
3874 5636 79 48 die
3999 5636 270 51 Judikatur
4315 5640 91 49 des
4455 5637 257 52 Obersten
4760 5640 67 49 Ge-

3360 5703 307 51 richtshofes
3701 5707 66 48 ist
3804 5706 365 50 schwankend.
4236 5708 98 49 Am
4368 5709 392 57 schwierigsten
4797 5711 66 49 ist

3359 5773 123 49 aber
3513 5774 89 50 der
3631 5773 122 60 Fall,
3785 5776 89 48 der
3904 5777 108 48 sich
4042 5777 226 50 kürzlich
4297 5778 48 49 in
4375 5777 489 52 Wiener-Neustadt

3360 5847 314 54 zugetragen
3716 5844 99 50 hat.
3891 5845 49 49 In
3986 5848 164 48 einem
4191 5848 232 57 dortigen
4464 5847 399 52 Freudenhause

3359 5914 105 49 lebt
3498 5916 79 47 ein
3610 5915 273 59 Mädchen,
3918 5917 91 49 das
4045 5930 90 35 zur
4169 5917 280 58 Ausübung
4483 5918 91 49 der
4608 5916 225 53 Prostitu-

3360 5984 105 48 tion
3495 5984 177 57 befugt
3704 5987 65 47 ist
3800 5987 99 48 und
3932 5986 171 49 bisher
4134 5988 131 48 noch
4296 5987 182 49 keinen
4510 5988 233 49 Anstand
4771 6002 60 43 ge-

3360 6053 121 50 habt
3521 6053 100 50 hat.
3694 6053 87 51 Sie
3820 6056 88 49 hat
3946 6056 109 50 sich
4094 6058 81 47 nie
4215 6059 146 46 einen
4401 6058 325 49 unsittlichen
4765 6058 64 50 Le-

3359 6123 333 51 benswandel
3731 6126 289 58 angemaßt,
4058 6127 97 49 den
4192 6130 75 48 sie
4303 6129 138 51 nicht
4478 6130 150 60 führt,
4666 6132 100 49 und
4805 6146 56 35 es

3359 6194 65 48 ist
3471 6193 76 50 ihr
3592 6193 131 50 noch
3771 6195 137 50 nicht
4185 6198 397 59 nachgewiesen
4632 6205 229 59 worden,

3360 6262 96 49 daß
3492 6266 75 47 sie
3602 6264 264 51 fälschlich
3902 6267 299 57 angegeben
4237 6269 103 58 hat,
4378 6273 111 47 eine
4523 6270 339 54 Prostitution

3359 6334 136 48 nicht
3535 6335 310 59 auszuüben,
3884 6351 64 34 zu
3987 6338 90 49 der
4116 6341 75 46 sie
4229 6339 177 58 befugt
4445 6342 81 50 ist.
4594 6342 138 51 Aber
4772 6345 90 48 der

3360 6402 176 52 Teufel
3584 6406 149 48 reitet
3781 6406 91 49 das
3921 6407 171 50 bisher
4141 6408 400 52 unbescholtene
4588 6411 273 61 Mädchen,

3360 6474 98 48 und
3485 6475 76 48 sie
3586 6475 122 55 geht
3738 6477 138 49 eines
3903 6473 206 55 Abends
4139 6480 67 49 im
4234 6477 157 53 Salon
4420 6482 91 50 des
4540 6481 203 53 Hauses
4772 6485 89 48 mit

3359 6545 164 49 einem
3574 6544 788 58 Militärjubüäumaelirenkreuz
4430 6565 63 35 an
4563 6552 90 53 der
4703 6552 157 52 Brust
