4919 6733
120 6653 57 46 20

174 62 75 61 „0
287 63 338 52 Ueberstrom
663 65 88 49 der
1038 63 233 50 flüsterte
1309 75 54 36 er
1401 61 119 50 über-

49 134 215 59 wältigt,
306 135 278 49 derweilen
627 149 54 35 er
723 134 108 50 sich
873 149 62 35 an
977 135 94 48 mir
1110 134 142 57 barg,
1295 133 120 57 „der
1457 132 95 47 mir

50 206 145 48 einen
227 205 285 51 Menschen
547 206 127 57 gibt!
744 204 142 51 Nach
921 203 433 58 gottschauender
1390 200 135 57 Selig-

49 272 104 51 keit
184 276 81 49 die
297 274 214 51 Wärme
543 278 139 47 eines

176 343 371 62 „Wunderbar,
583 345 213 59 Bruder,
834 347 63 47 ist
933 345 89 49 der
1059 343 149 50 Wille
1245 343 90 49 des
1370 341 181 50 Herrn.

49 413 111 51 Wir
188 416 188 49 wollen
405 416 81 49 ihn

177 483 135 60 „Der
344 486 215 50 Heiland
591 487 161 49 selbst
784 486 86 49 hat
902 485 109 50 sich
1043 487 93 47 mir
1167 487 219 56 geneigt,
1419 486 133 46 mein

49 554 222 51 Bruder!
348 555 108 58 Lag
500 555 291 58 gekrümmt
836 558 100 46 wie
983 557 77 47 ein
1104 554 448 50 staubfressender

50 622 198 61 Wurm,
285 626 207 49 zutiefst
528 626 134 49 mich
699 626 367 56 erniedrigend,
1104 624 110 57 Tag
1253 625 100 48 und
1389 622 165 49 Nacht

50 708 97 36 vor
187 695 116 49 ihm.
376 694 66 50 Er
484 696 139 57 aber,
665 697 88 47 der
795 694 336 50 tausendfach
1171 708 104 34 von
1316 694 94 48 mir
1453 692 66 50 Ge-

52 764 296 59 schändete,
414 767 209 48 wandte
685 766 122 50 sich.
873 765 84 50 Ich
1021 766 122 48 aber
1207 766 199 48 lechzte
1453 765 100 48 und

52 834 169 51 schrie
260 836 132 49 nach
464 838 193 47 seinem
696 835 159 50 Blick.
925 835 149 50 Nicht
1146 835 160 50 durch
1378 836 175 49 seinen

50 902 230 53 Priester
309 905 148 51 allein
485 906 174 48 wollte
688 905 79 51 ich
796 906 159 48 erlöst
982 906 192 47 meiner
1204 903 189 50 Schuld
1421 903 134 50 mich

52 975 208 57 wissen,
333 976 91 48 das
464 974 228 50 Wunder
763 977 169 46 seiner
970 973 349 57 Erscheinung
1357 977 198 46 musste

51 1044 135 50 mich
221 1045 336 57 begnadigen.
628 1044 69 50 So
766 1044 177 57 schlug
981 1044 79 49 ich
1129 1044 131 48 denn
1299 1044 80 49 die
1417 1043 137 50 Stirn

53 1116 95 47 mir
182 1113 160 59 blutig
376 1129 82 34 am
492 1114 180 49 harten
708 1113 142 50 Stein
886 1113 77 49 für
999 1113 115 55 jede
1149 1112 194 59 Hostie,
1379 1127 58 35 so
1475 1112 79 49 ich

53 1184 260 51 entweiht.
344 1183 171 50 Trank
546 1184 79 49 die
653 1183 244 50 Bitternis
928 1183 89 50 der
1050 1183 159 58 Galle,
1239 1196 152 36 wenn
1421 1182 134 50 mich

54 1253 244 50 dürstete.
366 1254 114 54 Rief
515 1255 96 48 den
646 1252 352 51 himmlischen
1031 1253 174 57 Vater,
1240 1255 94 46 mir
1370 1252 185 57 seliger

52 1321 241 51 Schänke
331 1338 63 34 zu
432 1326 124 54 sein,
596 1323 92 49 rief
725 1322 194 59 Jesum,
956 1325 94 47 mir
1090 1321 199 50 Becher
1329 1336 63 35 zu
1431 1323 123 54 sein,

53 1393 97 49 den
190 1392 230 58 Heiligen
461 1393 159 57 Geist,
662 1392 149 50 Wein
852 1395 94 48 mir
988 1408 62 35 zu
1092 1394 123 49 sein.
1287 1393 138 50 Aber
1466 1394 89 48 der

53 1464 300 48 strömende
396 1462 157 55 Kelch
602 1463 88 51 der
737 1462 231 58 Heiligen
1016 1462 374 58 Dreifaltigkeit
1437 1477 88 35 ver-

54 1534 164 55 siegte
250 1546 98 35 vor
381 1535 199 46 meinen
614 1533 328 48 brennenden
975 1532 207 56 Lippen.
1249 1533 122 48 Also
1405 1535 151 55 gieng

52 1601 165 51 Nacht
257 1603 101 49 und
397 1602 108 57 Tag
547 1603 99 48 und
685 1602 164 51 Nacht
890 1603 100 49 und
1030 1602 124 58 Tag,
1197 1617 115 34 zum
1353 1602 202 49 Abend-

52 1672 225 56 Angelus
323 1672 226 49 läuteten
596 1673 79 48 die
723 1673 243 48 Glocken.
1042 1673 87 47 Als
1175 1672 108 49 sich
1329 1672 79 47 die
1454 1670 102 50 Tür

54 1741 305 58 aufschloss,
392 1742 89 49 der
514 1741 284 50 Schimmer
832 1743 88 47 der
951 1741 222 50 Fackeln
1207 1741 85 49 auf
1324 1741 96 48 den
1456 1740 66 49 Ge-

53 1810 300 58 kreuzigten
381 1812 100 56 fiel,
512 1813 62 47 da
603 1811 253 58 plötzlich,
885 1811 214 57 Bruder,
1127 1811 146 48 ward
1304 1811 79 48 ich
1411 1824 108 34 wun-

54 1881 186 49 derbar
286 1879 286 52 entzücket.
649 1880 103 50 Der
797 1880 214 50 Heiland
1056 1881 208 48 wandte
1309 1881 94 48 mir
1448 1881 108 48 sein

54 1951 189 49 Antlitz
276 1966 78 34 zu.
424 1951 113 49 Und
574 1953 100 47 wie
711 1954 108 46 sein
855 1952 212 57 göttlich
1103 1954 144 54 Auge
1284 1951 152 49 milde
1473 1951 84 50 auf

55 2023 94 46 mir
188 2021 163 57 ruhte,
389 2022 152 48 nahm
581 2036 54 34 er
675 2022 78 48 die
794 2021 189 50 Schuld
1021 2034 105 36 von
1164 2023 94 47 mir
1298 2022 99 48 und
1437 2034 89 36 ver-

55 2089 113 51 hieß
203 2092 95 47 mir
331 2092 79 47 die
446 2093 166 55 ewige

182 2159 369 59 Schluchzend,
591 2161 268 59 aufgelöst,
930 2175 58 36 so
1027 2163 82 57 lag
1181 2177 53 34 er
1274 2166 47 45 in
1358 2165 199 47 meinen

54 2230 205 50 Armen.
337 2229 124 51 Eine
508 2230 290 51 Ohnmacht
845 2232 266 49 entrückte
1157 2232 97 49 ihn.
1332 2232 225 50 Meinem

55 2299 299 55 pochenden
385 2300 218 49 Zeichen
634 2300 281 58 gehorchte
947 2302 89 48 der
1066 2301 262 50 Wächter.
1393 2301 163 58 Hieng

55 2370 143 48 seine
229 2369 186 50 Fackel
449 2372 47 47 in
530 2371 96 48 den
661 2373 233 47 eisernen
928 2370 143 58 Ring,
1108 2372 115 48 eilte
1254 2371 303 58 geschäftig,

55 2440 80 48 die
177 2438 239 50 Schläfen
488 2442 99 47 und
628 2439 193 58 Lippen
895 2441 89 49 des
1026 2440 368 51 Bewußtlosen
1468 2443 89 47 mit

55 2508 230 51 starkem
320 2508 149 50 Wein
505 2525 62 33 zu
602 2514 199 44 netzen.

181 2578 128 56 Kam
352 2579 64 49 da
458 2578 160 57 große
657 2579 200 51 Freude
900 2580 124 49 über
1068 2580 147 57 mich,
1260 2580 73 50 als
1379 2594 53 35 er
1478 2580 79 50 die

53 2647 152 51 Lider
244 2648 173 59 erhob,
487 2651 108 48 sein
633 2649 169 50 ferner
840 2649 144 50 Blick
1054 2650 133 51 mich
1221 2650 336 49 verwundert

55 2718 115 57 traf,
207 2731 55 37 es
298 2720 100 48 wie
434 2721 78 47 ein
548 2719 179 49 Hauch
795 2719 123 49 über
986 2721 141 48 seine
1160 2719 193 57 Lippen
1419 2720 133 56 glitt:

55 2785 367 60 „Strömender
467 2789 177 54 Kelch!
709 2787 197 58 Heilige
1429 2787 126 50 Hieß

55 2856 82 50 ihn
171 2857 282 50 freundlich
486 2861 90 46 mit
610 2860 325 48 zuredenden
969 2859 215 50 Worten
1220 2861 181 56 Speise
1435 2862 91 49 neh-

54 2940 117 37 men
202 2928 101 49 und
333 2927 402 51 karfunkelnden
768 2928 165 59 Wein,
964 2930 170 48 davon
1168 2945 53 35 er
1251 2945 62 34 zu
1345 2930 211 54 Kräften

55 2996 133 50 kam.
260 2996 164 51 Teilte
494 2998 129 49 auch
663 3000 108 48 sein
811 2999 156 58 Mahl,
1039 3000 148 48 trank
1228 3013 92 36 aus
1362 3002 193 48 seinem

55 3066 199 50 Becher
287 3068 100 48 und
421 3071 76 46 tat
527 3081 93 44 gar
655 3068 136 49 wohl
825 3072 167 46 seiner
1026 3083 176 36 armen
1236 3069 163 50 Seele.

180 3135 117 51 Hub
338 3150 55 36 er
436 3152 62 35 an
541 3153 63 35 zu
647 3139 251 56 sprechen
940 3155 123 35 vom
1107 3141 265 50 nahenden
1417 3140 140 52 Ende

52 3207 170 49 seiner
262 3206 156 59 Tage,
457 3208 131 49 ohne
627 3210 214 55 jegliche
881 3209 203 59 Furcht,
1123 3212 103 49 voll
1268 3212 90 49 des
1402 3212 123 50 Glau-

53 3276 127 51 bens
215 3290 63 36 an
312 3277 91 50 das
437 3276 262 52 Paradies.
766 3279 78 49 Da
878 3284 263 45 erstaunte
1174 3281 80 49 ich
1289 3282 64 48 ob
1388 3283 168 48 seiner

52 3345 195 58 großen
273 3346 383 60 Frömmigkeit,
683 3348 80 49 die
790 3350 46 48 in
865 3349 100 50 ihm
992 3364 111 35 war
1131 3351 129 50 auch
1287 3353 47 48 in
1362 3353 194 48 seinem

53 3414 244 52 bösesten
339 3416 125 59 Tun,
506 3419 74 49 als
623 3418 221 50 Satanas
884 3420 125 49 alles
1050 3421 46 48 in
1139 3420 101 49 ihm
1279 3421 278 49 verdrehte

53 3486 162 52 wider
250 3487 81 49 die
364 3486 294 59 Satzungen
695 3488 199 50 Gottes.
959 3488 113 49 Und
1105 3489 119 49 fand
1257 3490 100 49 viel
1394 3490 161 51 Gutes

52 3555 48 50 in
128 3556 101 50 ihm
260 3557 99 49 und
387 3557 184 56 begriff
599 3557 152 58 wohl,
782 3557 95 50 daß
907 3572 118 35 man
1055 3558 101 50 ihm
1185 3559 143 49 hätte
1354 3558 202 51 Freund

52 3627 110 47 sein
193 3625 217 59 können,
439 3629 102 47 wie
572 3641 54 36 es
660 3629 130 48 denn
822 3629 128 50 auch
984 3629 181 50 etliche
1196 3629 248 57 gegeben,
1477 3629 80 50 die

55 3695 81 50 ihn
165 3696 120 49 sehr
312 3696 190 57 geliebt
530 3696 180 50 haben.

117 3794 7 15 v
181 3767 168 59 „Mein
389 3767 124 52 Leib
552 3770 150 51 sehnt
741 3770 108 50 sich
889 3772 130 50 nach
1060 3773 89 50 der
1188 3772 243 59 Flamme,
1474 3774 84 50 auf

55 3837 97 49 daß
188 3851 55 36 er
276 3839 291 50 vernichtet
598 3841 178 48 werde
810 3855 62 34 zu
907 3841 162 51 Staub
1102 3844 99 48 und
1236 3844 183 50 Asche.
1473 3843 84 51 Ich

55 3906 165 52 kenne
264 3909 96 48 den
403 3908 124 58 Tod,
571 3910 153 49 liebte
766 3912 175 48 seinen
985 3911 229 59 Anblick,
1258 3913 200 50 dieweil
1503 3927 54 35 er

54 3977 104 50 voll
193 3977 177 55 Rätsel
405 3980 79 48 ist.
551 3978 108 51 Viel
696 3979 218 50 Sterben
951 3983 151 49 ersah
1138 3982 93 49 ich.
1298 3982 143 50 Noch
1478 3984 79 48 ein

54 4046 143 59 Kind,
237 4049 146 48 ward
423 4048 80 50 ich
542 4063 92 36 ans
671 4048 167 58 Lager
878 4052 194 48 meines
1112 4051 186 50 Vaters
1338 4052 219 58 geführt,

55 4117 91 49 der
184 4117 133 50 weiß
359 4119 99 48 und
497 4118 272 51 wächsern
808 4121 90 49 mit
935 4121 404 57 geschlossenen
1378 4122 179 57 Augen

54 4186 161 51 ruhte.
278 4187 180 50 Mußte
488 4188 82 49 ihn
602 4188 189 51 küssen
823 4204 115 35 zum
969 4192 189 48 letzten
1188 4191 122 57 Mal,
1344 4191 216 50 drückte

55 4257 82 49 die
171 4255 194 59 Lippen
402 4258 85 49 auf
524 4260 174 47 seinen
735 4258 175 59 Mund,
948 4260 88 49 der
1074 4262 101 47 wie
1214 4260 163 50 kalter
1414 4260 143 51 Stein

54 4340 128 35 war.
255 4325 182 51 Verlor
478 4328 107 50 sich
628 4329 167 49 dieser
837 4328 274 52 Todeskuß
1155 4331 82 48 nie
1278 4330 144 49 mehr
1465 4344 92 36 aus

54 4397 220 48 meinem
315 4397 197 50 Gefühl.
586 4397 88 50 Oft
714 4412 151 35 wenn
937 4399 78 50 ich
1055 4402 67 47 im
1161 4398 199 51 Winter
1433 4400 125 50 über

52 4464 369 51 Schneefelder
461 4469 100 55 ritt,
634 4468 95 48 den
768 4467 144 50 Blick
953 4470 47 48 in
1040 4469 134 50 mich
1214 4473 190 54 sargte,
1478 4470 82 49 die

51 4535 196 58 Lippen
278 4537 46 48 in
356 4536 81 49 die
465 4535 117 51 Luft
612 4537 206 58 wölbte,
850 4542 175 54 spürte
1055 4540 81 50 ich
1166 4540 86 50 auf
1281 4541 148 49 ihnen
1461 4541 96 50 den

55 4605 242 51 Abdruck
346 4619 104 37 von
486 4608 193 48 meines
711 4607 186 51 Vaters
950 4611 210 56 eisigem
1194 4610 176 58 Mund,
1408 4610 150 52 ersah

54 4675 233 58 zugleich
316 4675 92 52 das
437 4676 542 52 weihrauchduftende
1009 4679 244 58 Gemach,
1282 4681 81 49 die
1392 4679 165 52 hohen

55 4744 216 58 Kerzen,
304 4747 167 47 meine
501 4745 209 59 Mutter,
744 4747 81 51 die
856 4748 132 50 mich
1021 4762 61 37 an
1117 4750 89 50 der
1240 4749 147 50 Hand
1421 4750 136 50 hielt.

181 4813 164 56 Kaum
386 4817 249 55 zwanzig,
678 4817 84 49 auf
802 4817 220 51 weißem
1063 4818 111 55 Roß
1216 4822 91 48 mit
1347 4820 180 58 güldge-

55 4883 227 52 franzter
325 4883 313 59 Schabrake,
685 4888 77 48 ein
807 4887 213 50 kostbar
1064 4888 357 52 Seidenwams
1467 4904 60 35 un-

55 4956 79 47 ter
174 4955 90 49 der
304 4953 248 59 Rüstung,
591 4969 60 36 so
690 4960 243 54 sprengte
972 4957 80 50 ich
1092 4960 46 49 in
1182 4960 81 49 die
1300 4958 257 51 Schlacht.

55 5022 122 59 Sah,
211 5025 101 49 wie
347 5022 165 60 Einer,
546 5038 123 38 vom
703 5025 194 51 Bolzen
933 5026 326 60 durchbohrt,
1298 5028 136 51 dicht
1469 5042 58 37 ne-

56 5092 99 53 ben
182 5095 94 48 mir
304 5093 184 52 lautlos
515 5109 124 35 vom
666 5093 187 52 Pferde
882 5095 142 51 sank.
1085 5096 191 52 Stierte
1301 5100 109 48 sein
1438 5113 90 35 ver-

54 5163 275 57 glasendes
366 5164 145 57 Auge
578 5164 47 50 in
664 5165 82 50 die
780 5163 235 59 Wolken,
1084 5167 89 49 der
1209 5166 160 51 Mund
1408 5169 149 49 stand

55 5232 138 50 offen
220 5235 103 47 wie
348 5248 63 35 zu
441 5237 289 47 erstaunter
757 5235 181 58 Frage.
998 5236 125 53 War
1151 5241 113 49 eine
1292 5240 265 51 Grimasse

55 5303 104 49 wie
192 5304 76 48 sie
300 5302 81 50 bei
415 5302 405 54 Possenreißern
854 5320 63 37 zu
953 5307 173 58 sehen,
1162 5309 241 51 worüber
1438 5324 119 35 man

55 5369 294 53 herzhaftes
376 5372 204 51 Lachen
612 5374 192 58 erhebt,
831 5375 123 50 aber
981 5390 111 37 war
1120 5378 141 50 darin
1290 5380 90 48 der
1408 5393 119 37 uner-

54 5441 298 57 gründliche
381 5441 153 51 Ernst
563 5444 89 48 der
680 5442 370 61 Plötzlichkeit,
1082 5447 168 50 davon
1282 5450 163 48 einem
1478 5449 79 49 die

55 5510 188 58 Begier
283 5511 264 58 überkam,
588 5513 91 50 das
723 5513 292 53 Geheimnis
1058 5516 167 52 dieser
1265 5517 188 50 Maske
1494 5533 62 35 zu

58 5580 312 50 erforschen.
436 5581 195 51 Schaut
660 5596 58 37 so
752 5584 212 50 seltsam
997 5585 89 49 der
1118 5585 125 58 Tod,
1278 5587 152 50 dacht
1463 5587 93 58 ich,

57 5650 132 50 dann
228 5651 103 50 will
370 5651 79 49 ich
489 5654 168 48 seiner
695 5654 214 56 gewahr
949 5656 225 48 werden.
1231 5656 194 50 Suchte
1463 5659 94 48 mir

56 5720 98 50 den
181 5721 261 51 einzelnen
468 5721 156 51 Feind
652 5722 74 50 als
754 5725 179 55 giengs
962 5738 117 35 zum
1107 5724 202 59 Turnei,
1336 5727 194 56 sieghaf-

55 5792 84 47 ten
166 5790 158 50 Muts.
384 5791 202 55 Rannte
613 5793 163 49 wider
805 5795 160 56 einen,
995 5794 89 49 der
1113 5795 108 49 sich
1248 5799 94 47 mir
1372 5799 183 56 stellte,

54 5860 134 49 warf
226 5860 96 50 ihn.
397 5860 112 51 Tief
581 5862 160 57 drang
784 5864 80 48 die
905 5862 172 51 Lanze
1150 5865 187 50 durchs
1381 5867 145 57 aufge-

55 5929 206 58 klappte
296 5931 181 57 Visier,
547 5932 91 50 das
675 5932 173 57 Haupt
915 5947 62 35 an
1016 5934 81 48 die
1132 5933 134 53 Erde
1333 5935 221 51 heftend.

55 5997 156 51 Hatte
267 6000 137 50 nicht
461 6001 124 58 Zeit,
644 6001 82 50 ihn
784 6017 62 34 zu
889 6003 316 59 betrachten,
1264 6004 174 51 mußte
1479 6008 76 49 ins

55 6069 168 50 dichte
268 6069 467 60 Getümmel,.vom
779 6071 184 58 Kampf
1005 6073 291 59 berauscht,
1340 6075 82 49 hin
1465 6090 90 35 zur

54 6138 266 59 Jungfrau,
357 6141 199 49 welche
592 6142 80 49 die
708 6142 174 49 Fahne
916 6147 131 54 trug,
1086 6144 90 49 das
1216 6143 167 50 weiße
1420 6144 102 51 Ban-

52 6222 92 36 ner
171 6211 90 48 mit
287 6208 234 59 heiligem
547 6210 206 51 Bildnis.
814 6212 217 51 Trieben
1059 6215 95 48 wir
1182 6214 133 49 allda
1341 6227 97 38 vor
1465 6215 89 48 der

53 6277 359 59 Begeisterten
455 6280 80 50 die
574 6280 337 58 Engelländer
950 6283 91 50 her
1082 6285 100 47 wie
1225 6284 89 49 der
1356 6284 165 51 Sturm-

54 6352 138 49 wind
249 6352 248 50 wirbelnd
553 6352 162 49 Staub
773 6356 99 47 und
916 6353 138 52 Sand
1094 6357 125 49 über
1262 6357 79 49 die
1382 6355 171 52 Ebene

51 6423 122 56 jagt.
242 6420 194 52 Einmal
472 6422 152 51 übers
693 6424 157 49 andre
885 6428 116 55 trug
1069 6426 79 48 ich
1185 6426 92 50 das
1314 6426 240 50 Schwert

51 6491 327 50 bluttriefend
423 6506 91 35 aus
560 6493 89 48 der
695 6492 254 51 Schlacht.
1027 6495 162 50 Stand
1233 6495 146 50 dafür
1424 6497 130 49 auch

50 6564 91 48 mit
168 6563 476 59 zweiundzwanzig
672 6563 75 50 als
775 6562 278 53 Marschall
1082 6566 164 52 neben
1276 6567 90 50 der
1393 6566 159 59 Jung«

1702 58 127 59 Frau,
1866 58 75 51 als
1978 73 64 35 zu
2079 57 209 57 Rheims
2325 59 67 49 im
2428 57 166 50 Dome
2629 57 163 57 König
2830 57 119 56 Karl
2987 57 219 59 gekrönt

1702 129 160 50 ward.
1941 128 105 50 Sah
2093 129 243 58 daselbst,
2383 131 102 47 wie
2531 126 165 60 Einer,
2746 129 116 48 dem
2911 129 90 47 der
3048 126 156 51 Feind

1702 200 125 50 alles
1859 200 232 57 geraubt,
2126 201 134 53 jetzo
2296 200 47 48 in
2379 197 289 51 Gewißheit
2701 198 91 49 des
2828 198 377 49 wunderbaren

1703 268 164 59 Siegs,
1908 283 124 36 vom
2073 269 213 49 Anblick
2330 269 89 48 des
2463 267 320 57 königlichen
2826 264 218 60 Prunks,
3090 267 115 48 dem

1704 338 381 51 überirdischen
2125 339 161 57 Klang
2327 339 90 48 der
2459 338 245 56 Glocken,
2746 338 97 48 den
2883 336 188 49 Düften
3114 337 91 47 des

1704 409 431 57 Räucherwerks,
2170 410 98 48 den
2303 407 199 50 Farben
2540 408 88 48 der
2665 406 294 49 Gewänder
2994 405 213 49 betäubt

1704 481 100 48 und
1842 479 334 57 hingerissen,
2216 480 67 47 im
2320 476 423 57 Ueberschwang
2783 476 91 49 des
2916 475 289 49 Jauchzens

1702 563 98 36 vor
1877 550 89 48 der
2043 548 248 57 Jungfrau
2369 547 243 50 sterbend
2691 548 515 53 zusammenstürzte,

1705 619 256 57 röchelnd,
2010 620 160 55 gierig
2220 616 130 51 nach
2398 617 166 56 Atem,
2614 616 80 48 die
2741 615 119 49 Luft
2908 616 101 47 wie
3060 616 143 46 einen

1703 689 197 57 Körper
1928 691 91 46 mit
2046 686 357 59 gekrampften
2431 686 220 56 Fingern
2679 684 248 57 packend.
2988 683 88 49 Bis
3109 683 96 47 daß

1704 759 80 49 die
1822 759 179 55 Augen
2040 771 92 36 aus
2173 758 97 48 den
2310 756 197 49 Höhlen
2549 757 240 54 springen
2828 753 227 58 gewollt,
3098 754 108 48 sein

1704 828 144 51 Blick
1889 828 108 49 sich
2036 827 173 49 brach.
2282 824 244 51 Erschien
2568 826 95 48 mir
2704 824 123 49 aber
2870 825 67 47 im
2977 821 231 58 gräßlich

1705 902 300 44 verzerrten
2047 896 211 50 Gesicht
2327 909 134 43 ganz
2501 894 221 49 deutlich
2795 895 78 47 ein
2914 891 291 49 Uebermaß

1703 982 103 35 von
1846 966 262 58 Seligkeit,
2179 965 96 49 daß
2319 964 109 51 sich
2468 966 94 48 mir
2636 962 194 50 wieder
2871 975 118 36 zum
3034 964 172 46 ersten

1705 1036 294 51 Schrecken
2058 1037 92 48 das
2209 1034 294 51 Geheimnis
2562 1034 139 48 eines
2759 1029 299 52 Ausdrucks
3117 1043 59 44 ge-

1705 1107 161 57 sellte,
1904 1106 170 49 davon
2110 1106 80 50 ich
2226 1118 126 43 gern
2389 1103 144 50 mehr
2569 1100 212 60 gewußt
2817 1100 76 50 als
2931 1100 92 49 das
3062 1100 145 56 Auge

1706 1176 227 51 schaute.

1830 1244 181 56 Reizte
2052 1244 134 50 mich
2231 1243 160 50 schon
2438 1241 174 57 dumpf
2656 1241 75 49 als
2778 1238 192 59 Knabe,
3017 1238 64 50 da
3128 1238 80 50 ich

1707 1315 66 50 elf
1809 1315 155 50 Jahre
2000 1315 184 56 zählte,
2222 1314 140 56 alles,
2401 1326 112 35 was
2554 1310 184 50 dunkel
2776 1310 101 49 und
2914 1309 293 56 verborgen

1705 1385 189 57 schien,
1927 1387 90 46 mit
2049 1381 490 59 Unergründlichem
2571 1381 235 50 belastet.
2871 1380 179 51 Liebte
3084 1381 124 49 über

1706 1455 81 49 die
1824 1454 191 49 Maßen
2085 1454 198 55 modrig
2355 1452 242 49 duftende
2637 1450 271 58 Schriften,
2980 1453 46 46 in
3070 1453 138 46 einer

1706 1524 241 54 Kammer
1987 1524 90 49 des
2150 1522 316 49 väterlichen
2508 1521 272 49 Schlosses
2821 1520 224 57 gehäuft,
3119 1521 89 48 mit

1708 1593 230 49 fremden
1987 1592 218 50 Zeichen
2254 1592 225 48 fremder
2529 1590 243 57 Sprache.
2857 1589 168 56 Ruhte
3076 1590 130 47 denn

1707 1664 131 48 auch
1873 1663 153 56 nicht,
2062 1663 76 48 bis
2176 1661 96 48 daß
2312 1661 79 48 ich
2430 1663 73 46 sie
2541 1675 62 34 zu
2643 1660 257 48 erkennen
2938 1658 272 50 vermocht

1708 1734 99 47 und
1845 1733 170 55 lingua
2051 1730 181 50 Latina
2302 1732 94 47 mir
2435 1744 111 35 war
2616 1731 101 47 wie
2787 1731 165 47 meine
2990 1728 187 49 Mutter-

1706 1802 233 57 sprache,
2009 1801 115 48 kein
2191 1799 150 50 Wort
2412 1802 77 46 ein
2558 1798 426 49 verschlossenes
3056 1796 153 58 Sigel.

1707 1871 199 54 Konnte
1947 1871 134 49 mich
2122 1872 67 47 im
2229 1869 306 49 Anschauen
2578 1869 89 49 des
2711 1868 222 49 Glanzes
2977 1868 100 49 und
3121 1868 90 47 der

1708 1941 336 49 schillernden
2084 1940 200 49 Farben
2354 1953 104 36 von
2499 1938 324 49 Edelsteinen
2894 1937 156 56 völlig
3091 1951 89 33 ver-

1707 2012 157 48 lieren
1895 2011 99 48 und
2026 2010 120 50 übte
2176 2009 243 50 mancher
2449 2023 93 42 gar
2574 2009 128 48 böse
2733 2006 177 56 Kräfte
2942 2021 62 34 an
3037 2008 109 47 mir.

1831 2078 155 51 Wars
2025 2079 138 51 nicht
2201 2080 90 48 der
2328 2078 273 49 Dräuende
2640 2080 90 47 mit
2771 2078 89 48 der
2900 2077 179 57 Sense,
3120 2077 90 47 der

1708 2151 122 48 mirs
1868 2164 91 35 zur
1994 2149 128 50 Lust
2160 2150 212 48 werden
2411 2147 112 58 ließ,
2563 2150 66 47 im
2667 2147 150 56 jähen
2858 2146 197 56 Galopp
3097 2146 112 48 hart

1709 2234 82 36 am
1829 2220 244 57 Abgrund
2111 2219 330 57 hinzureiten,
2480 2217 170 49 lockte
2690 2232 54 33 er
2784 2216 137 50 nicht
2960 2230 92 35 aus
3094 2216 115 48 dem

1707 2291 381 49 schäumenden
2135 2288 221 58 Strudel,
2400 2288 81 49 ihn
2527 2302 63 34 zu
2637 2287 301 56 ergründen,
2987 2284 96 50 daß
3131 2284 78 49 ich

1708 2360 97 49 den
1839 2359 204 55 Renner
2077 2373 117 35 zum
2231 2358 202 57 Sprung
2469 2355 248 58 spornte?
2789 2356 223 49 Jenseits
3050 2359 132 45 starr-

1708 2433 84 45 ten
1837 2430 79 48 die
1958 2428 229 55 Knechte
2229 2431 90 45 mit
2361 2427 203 49 offenen
2606 2426 235 49 Mäulern
2884 2425 325 56 hinterdrein,

1709 2500 96 48 den
1831 2498 179 50 Schrei
2036 2499 90 48 des
2151 2496 306 51 Entsetzens
2485 2498 46 47 in
2558 2497 81 48 die
2663 2499 249 53 verzagte
2938 2494 156 49 Brust
3120 2507 59 44 ge-

1708 2568 162 57 preßt.
1933 2568 199 55 Konnte
2163 2569 94 47 mir
2288 2567 124 48 aber
2441 2566 137 49 nicht
2609 2566 142 54 Rede
2780 2566 196 57 stehen,
3008 2580 112 35 was
3154 2580 55 35 es

1707 2641 92 47 mit
1832 2640 95 47 mir
1962 2640 48 47 in
2044 2640 167 52 jenem
2247 2635 315 58 Augenblick
2595 2649 264 44 gewesen,
2896 2635 64 49 da
2995 2637 90 47 mit
3121 2648 58 44 ge-

1708 2707 205 50 blähten
1939 2706 223 51 Nüstern
2187 2707 99 48 und
2313 2706 306 48 funkelnden
2647 2705 178 56 Augen
2853 2705 91 48 das
2972 2704 109 54 Roß
3110 2707 100 45 wie

1710 2779 77 46 ein
1828 2776 106 48 Teil
1976 2778 193 46 meiner
2210 2775 161 50 selbst
2410 2779 147 44 unter
2597 2776 95 47 mir
2733 2774 475 49 hinüberschnellte.

1833 2845 45 50 O
1916 2845 221 50 Bruder!
2209 2844 188 50 Dreien
2437 2844 388 49 Geheimnissen
2865 2843 227 49 forschte
3131 2842 79 49 ich

1707 2915 131 49 nach
1867 2916 101 49 und
1996 2916 175 48 wollte
2199 2915 134 48 mich
2362 2928 319 43 vermessen,
2710 2915 74 47 sie
2814 2928 63 34 zu
2908 2913 301 56 ergründen.

1708 2984 155 51 Diese
1944 2984 122 49 aber
2148 2985 133 48 sind:
2364 2984 82 49 die
2507 2983 172 58 Liebe,
2761 2996 90 40 so.
2887 2996 90 36 aus
3061 2983 149 48 allem

1707 3058 201 53 strömt,
1949 3068 112 37 was
2103 3067 93 37 uns
2237 3054 76 50 als
2355 3052 278 51 Schönheit
2672 3052 241 58 bedünkt,
2955 3053 89 47 der
3085 3051 125 57 Tod,

1706 3139 105 34 von
1854 3125 116 48 dem
2010 3126 95 48 mir
2146 3123 221 50 Satanas
2407 3124 247 56 predigte,
2697 3121 96 50 daß
2838 3137 53 34 er
2934 3122 80 48 die
3055 3121 156 50 letzte

1708 3193 271 51 Nacktheit
2029 3207 104 35 von
2167 3193 158 50 Liebe
2374 3193 100 49 und
2510 3192 278 51 Schönheit
2824 3193 234 58 enthülle,
3110 3194 99 48 und

1709 3278 116 35 zum
1866 3264 185 48 dritten
2093 3264 79 48 die
2214 3262 205 50 Gewalt
2459 3263 90 48 des
2590 3262 187 49 Bösen.
2851 3261 192 51 Werde
3085 3276 93 36 nun-

1707 3333 144 50 mehr
1880 3346 213 45 morgen
2140 3335 47 47 in
2217 3334 219 47 meinem
2484 3331 570 58 sechsunddreißigsten
3087 3332 124 50 Jahr

1708 3405 48 48 in
1795 3403 262 50 Flammen
2099 3416 93 37 aus
2264 3403 168 50 dieser
2473 3401 317 51 Zeitlichkeit
2829 3403 181 56 gehen,
3086 3402 123 49 aber

1708 3473 131 51 habe
1873 3472 137 50 nicht
2043 3472 272 49 vermocht
2351 3486 62 34 zu
2448 3471 297 49 erforschen
2781 3470 77 51 bis
2894 3485 89 35 zur
3020 3471 189 50 letzten

1707 3541 286 56 Nacktheit,
2034 3556 114 36 was
2188 3543 168 48 meine
2396 3541 149 50 Seele
2587 3541 100 49 und
2728 3541 152 57 nicht,
2921 3554 113 37 was
3076 3543 133 48 mein

1711 3612 145 51 Geist
1884 3611 231 58 gesucht.

2223 3685 157 38 Schluss
2405 3685 36 34 in
2468 3685 186 36 Nummer
2678 3688 17 31 4

1706 3907 896 138 Nymphenburg

1705 4073 125 54 Von
1891 4073 322 56 Ferdinand
2262 4073 336 68 Hardekopf

1709 4193 89 50 Ein
1844 4192 269 58 Erzittern,
2158 4193 310 57 glückliches
2514 4193 216 50 Fiebern
2778 4194 89 48 des
2914 4193 151 49 Hirns
3112 4193 99 49 und

1805 4262 245 50 Taumeln
2107 4263 89 48 der
2252 4263 171 57 Brust,
2479 4264 177 48 taucht
2710 4264 45 48 in
2811 4263 400 57 graugedehnte,

1805 4336 313 52 rasengrüne
2161 4331 390 50 Parkavenuen.

1711 4401 65 50 Es
1812 4415 111 36 war
1961 4404 110 47 eine
2104 4402 413 57 Beschwörung:
2557 4402 81 50 die
2675 4402 280 56 Qifttapete
2991 4402 189 56 berste,

1711 4470 94 51 Die
1833 4473 109 56 mir,
1971 4474 97 46 seit
2098 4472 78 48 ich
2204 4472 170 48 wühle
2403 4466 120 60 (seit
2553 4486 55 35 es
2639 4473 264 56 irgendwo
2933 4464 276 61 leuchtete)

1804 4541 79 49 die
1919 4540 152 51 lichte
2107 4540 358 50 Scheidekraft
2500 4542 249 49 verstellt.

1878 4609 67 51 Es
1979 4610 133 56 quoll
2148 4612 77 50 ein
2258 4614 188 54 grünes
2480 4612 166 56 Auge;

1711 4679 51 50 In
1816 4679 288 57 Bastseide,
2159 4679 354 52 durchsickert
2581 4695 104 35 von
2757 4680 452 50 malvenfarbenen

1803 4747 549 59 Eisenbahnschienen,

1711 4817 216 56 Räkelte
1971 4818 108 50 sich
2137 4817 216 59 Pierrot,
2414 4819 89 48 der
2564 4819 216 58 klügste,
2842 4819 370 53 katholischste

1801 4888 350 57 Amerikaner,

1709 4960 138 50 Grau
1902 4962 91 48 das
2046 4960 428 59 Wüstlingshaar,
2528 4962 91 50 das
2673 4961 408 60 Jünglingshaar,

1802 5030 263 51 knisternd
2129 5032 117 50 dem
2291 5030 283 57 Weinlaub,
2640 5032 115 50 dem
2817 5032 229 55 Lorbeer
3112 5033 98 53 und

1803 5098 436 59 Frauen-Nägeln.

1710 5170 102 50 Aus
1870 5169 385 58 Lackschuhen,
2312 5170 361 58 glänzendster
2732 5170 307 60 Eremitage,
3081 5172 103 57 plät-

1802 5240 239 50 scherten
2091 5241 79 50 die
2219 5240 336 57 weißblauen,
2604 5241 386 50 wolkenzarten
3040 5242 170 51 Adern

1804 5311 140 49 eines
1977 5309 119 50 sehr
2130 5309 163 51 hellen
2328 5309 352 50 Nervenbeins

1710 5373 195 61 (Soviel
1975 5379 232 57 Wässer,
2276 5378 474 59 Toilettenwässer,
2834 5380 164 51 soviel
3065 5380 116 51 Zärt-

1802 5442 267 62 lichkeit!).

1709 5517 88 51 Ein
1829 5519 212 49 dunkler
2071 5518 160 50 Mund
2264 5518 232 50 zerteilte
2527 5519 186 53 höflich
2744 5520 97 49 den
2873 5519 336 52 behutsamen

1802 5587 201 58 Dampf.

1709 5656 113 50 Und
1860 5672 54 35 es
1951 5659 180 49 wurde
2169 5657 314 57 Orphisches
2521 5659 209 49 doziert.

1709 5727 84 49 Ich
1822 5728 227 49 versank
2077 5758 63 8 —
2170 5728 246 56 lächelnd,
2446 5728 259 57 vergiftet.

1711 5866 78 49 Da
1820 5867 175 50 wußte
2026 5868 79 50 ich
2137 5869 167 48 meine
2336 5867 227 50 heiteren
2599 5866 273 60 Gefahren,

1707 5929 136 64 Und,
1865 5932 201 50 edlerer
2087 5932 170 49 Bürde
2276 5947 104 35 nun
2409 5932 305 65 gewürdigt,
2743 5931 244 51 erschloß
3016 5932 83 50 ich
3127 5932 93 50 mir

1805 6007 89 50 das
1930 6007 395 57 volkgemiedne
2358 6007 157 49 Land.

1712 6115 72 10 ...
1817 6076 171 50 Schon
2018 6077 156 49 formt
2205 6078 109 48 sich
2346 6080 46 45 in
2423 6078 89 47 der
2546 6076 357 59 Stachelhülle,

1710 6145 126 51 Was
1876 6147 429 57 schmelz-duftig,
2345 6146 479 51 nebelreif-atmend
2881 6147 80 50 die
3015 6147 197 50 kältere

1804 6215 133 49 Erde
1967 6216 195 58 grüßen
2195 6217 152 55 wird;

1710 6285 274 50 Prunkend
2012 6287 81 48 die
2121 6286 214 49 Avenue
2364 6285 155 50 denkt
2547 6285 150 59 gelbe
2728 6285 484 59 Gedankenbäume,

1800 6357 171 56 weite,
2003 6356 225 57 bergige,
2259 6356 322 56 spitzfindige
2613 6357 101 49 wie
2747 6357 80 48 die
2856 6356 128 50 Lust
3016 6350 65 61 (..
3131 6357 80 49 die

1797 6425 127 50 Lust
1957 6418 112 65 ...),

1703 6495 124 50 Eine
1863 6495 167 50 weiße
2069 6495 230 50 Fontäne
2339 6495 211 50 zischelt
2589 6495 316 60 Medisance,
2943 6495 264 56 Marquise

1795 6567 47 49 in
1876 6567 307 55 gepuderter
2217 6564 475 59 Wellen-Perücke,

3361 58 94 51 Die
3524 57 407 59 Marmorgötter
4002 57 244 50 lauschen
4316 59 101 48 und
4486 57 208 51 kichern
4766 63 97 49 und

3455 129 295 57 schmiegen
3793 129 109 49 sich
3942 129 233 49 lächelnd
4218 142 91 36 aus
4353 128 141 49 ihren
4539 127 324 55 Gewändern

3362 195 262 60 (Welcher
3664 198 200 49 Doktor
3920 199 213 55 besorgt
4191 211 121 35 eure
4368 196 281 60 Kosmetik,
4707 198 156 53 Beine

3455 261 305 65 Dianens?),

3359 338 130 58 Und,
3521 340 211 53 jenseits
3767 339 91 48 des
3893 337 474 57 Königsschlosses,
4400 338 171 48 lassen
4606 337 80 49 die
4721 338 112 57 Spie-

3453 409 242 56 gelleiber
3730 408 209 56 heiliger
3974 406 205 59 Teiche,

3361 478 257 50 Schwäne
3656 478 110 48 sind
3804 476 106 50 ihre
3945 476 204 58 Brüste,

3358 549 204 56 Brüste,

3359 618 120 48 Sich
3512 617 258 49 einbetten
3802 619 47 46 in
3881 616 426 58 Festungswälle,

3359 687 265 55 Ritterlich
3661 686 293 58 wehrende,
3991 688 90 48 mit
4116 686 175 57 galant
4328 684 320 51 abfallenden
4685 685 145 53 Schul-

3357 761 127 54 tern,
3517 756 457 58 Pagenschultern.

3360 984 205 111 Der
3636 984 832 111 Sattlermeister

3358 1151 129 54 Von
3526 1151 176 55 Adolf
3742 1151 148 55 Loos

3487 1269 67 52 Es
3594 1284 111 35 war
3747 1271 182 50 einmal
3971 1272 78 49 ein
4091 1271 421 49 Sattlermeister.
4552 1269 92 51 Ein
4684 1271 153 51 tüchti-

3360 1354 108 44 ger,
3499 1343 149 55 guter
3680 1339 230 52 Meister.
3976 1340 104 50 Der
4114 1341 204 49 machte
4354 1340 181 58 Sättel,
4571 1340 80 49 die
4685 1354 58 36 so
4776 1354 58 44 ge-

3360 1410 156 49 formt
3573 1424 193 44 waren,
3826 1410 96 49 daß
3982 1412 75 48 sie
4115 1413 91 46 mit
4251 1411 96 48 den
4393 1410 200 49 Sätteln
4636 1410 227 51 früherer

3362 1479 376 50 Jahrhunderte
3771 1481 165 49 nichts
3969 1482 202 55 gemein
4206 1481 189 50 hatten.
4430 1480 145 48 Auch
4607 1480 138 49 nicht
4777 1483 87 47 mit

3361 1549 294 50 türkischen
3688 1551 123 47 oder
3843 1549 345 57 japanischen.
4252 1551 123 48 Also
4407 1549 248 49 moderne
4688 1548 175 52 Sättel.

3363 1618 66 49 Er
3469 1619 123 50 aber
3633 1619 175 49 wußte
3849 1619 90 50 das
3978 1619 152 50 nicht.
4201 1619 66 49 Er
4307 1619 175 50 wußte
4522 1633 109 43 nur,
4674 1619 94 48 daß
4813 1635 50 34 er

3363 1688 163 49 Sättel
3562 1688 217 50 machte.
3847 1688 70 50 So
3951 1693 106 54 gut,
4090 1691 101 48 wie
4226 1703 53 35 er
4314 1690 206 48 konnte.

3489 1757 78 49 Da
3600 1758 118 49 kam
3750 1760 48 47 in
3830 1759 80 48 die
3942 1758 149 50 Stadt
4125 1761 110 46 eine
4267 1758 382 56 merkwürdige
4681 1758 147 50 Bewe-

3362 1840 152 44 gung.
3545 1827 124 49 Man
3700 1832 187 44 nannte
3918 1830 74 47 sie
4023 1829 79 48 die
4132 1828 291 50 Sezession.
4457 1827 94 49 Die
4583 1829 282 56 verlangte,

3363 1896 95 49 daß
3502 1912 119 33 man
3662 1912 93 34 nur
3798 1899 245 47 moderne
4087 1899 658 57 Gebrauchsgegenstände
4788 1916 52 35 er-

3363 1980 177 43 zeuge.

3488 2037 89 50 Als
3605 2037 89 50 der
3722 2036 404 51 Sattlermeister
4155 2039 91 49 das
4274 2039 163 58 hörte,
4462 2039 152 49 nahm
4643 2054 53 35 er
4724 2042 141 47 einen

3363 2110 167 46 seiner
3566 2107 181 49 besten
3786 2106 163 50 Sättel
3987 2109 99 47 und
4123 2111 119 55 ging
4280 2110 157 48 damit
4475 2123 62 34 zu
4578 2111 163 48 einem
4779 2111 86 49 der

3360 2177 194 49 Führer
3615 2178 89 48 der
3749 2177 292 50 Sezession.
4103 2177 113 50 Und
4262 2183 149 52 sagte
4455 2194 62 33 zu
4564 2179 123 49 ihm:
4736 2178 129 50 Herr

3360 2246 276 50 Professor
3665 2277 64 6 —
3761 2249 130 47 denn
3926 2249 91 48 das
4050 2262 111 35 war
4193 2249 90 48 der
4315 2249 174 57 Mann,
4525 2249 64 48 da
4624 2249 80 48 die
4736 2248 97 51 Füh-

3363 2331 82 34 rer
3493 2318 168 48 dieser
3709 2317 302 58 Bewegung
4061 2319 165 49 sofort
4275 2334 63 34 zu
4387 2318 344 52 Professoren
4778 2334 58 44 ge-

3362 2387 172 48 macht
3571 2387 214 49 wurden
3819 2417 77 29 —,
3934 2387 130 50 Herr
4101 2387 298 51 Professor!
4473 2389 85 48 Ich
4596 2390 131 48 habe
4764 2405 101 35 von

3363 2455 145 49 Ihren
3546 2455 365 59 Forderungen
3948 2458 199 56 gehört.
4219 2459 143 48 Auch
4401 2459 80 49 ich
4519 2459 84 49 bin
4644 2462 77 46 ein
4759 2474 71 35 mo-

3362 2526 183 49 derner
3573 2525 231 50 Mensch.
3865 2528 143 48 Auch
4037 2528 79 49 ich
4145 2529 206 48 möchte
4379 2530 214 49 modern
4623 2530 242 49 arbeiten.

3363 2596 171 56 Sagen
3581 2595 86 50 Sie
3713 2598 117 48 mir:
3883 2597 70 49 Ist
4000 2597 168 50 dieser
4217 2597 162 50 Sattel
4429 2597 253 50 modern?
4765 2599 101 50 Der

3363 2664 274 51 Professor
3672 2665 161 50 besah
3871 2667 95 48 den
4004 2667 163 49 Sattel
4206 2668 99 48 und
4341 2669 121 49 hielt
4499 2669 117 49 dem
4651 2669 214 49 Meister

3364 2737 144 46 einen
3548 2735 183 56 langen
3771 2736 238 57 Vortrag,
4049 2751 92 35 aus
4184 2737 115 49 dem
4341 2751 54 35 er
4434 2740 181 47 immer
4654 2753 94 34 nur
4789 2740 78 48 die

3363 2802 182 52 Worte
3613 2805 194 57 „Kunst
3876 2807 67 47 im

3744 2874 291 58 „Hermann
4683 2894 152 44 „ange-

3363 2944 209 48 wandte
3835 2959 129 35 usw.
4001 2960 128 34 usw.
4164 2946 353 51 heraushörte.
4585 2949 106 50 Das
4726 2950 141 50 Fazit

3364 3013 123 49 aber
3515 3028 134 36 war:
3681 3013 141 59 Nein,
3851 3016 92 48 das
3971 3017 66 48 ist
4064 3016 115 49 kein
4208 3018 273 48 moderner
4512 3018 179 50 Sattel.

3491 3083 144 49 Ganz
3671 3083 268 51 beschämt
3973 3087 119 56 ging
4129 3087 89 48 der
4251 3087 216 50 Meister
4502 3088 185 50 davon.
4755 3089 111 49 Und

3364 3153 184 50 dachte
3574 3155 146 55 nach,
3746 3154 265 58 arbeitete,
4039 3156 99 48 und
4166 3156 185 49 dachte
4378 3158 209 49 wieder.
4644 3160 136 49 Aber
4809 3174 57 36 so

3362 3223 119 48 sehr
3529 3237 54 34 er
3628 3223 109 49 sich
3783 3228 314 54 anstrengte,
4145 3226 96 48 den
4290 3226 165 50 hohen
4501 3227 364 59 Forderungen

3363 3293 89 49 des
3492 3291 304 51 Professors
3838 3293 458 60 nachzukommen,
4340 3311 53 33 er
4434 3297 212 50 brachte
4688 3300 179 48 immer

3362 3363 194 48 wieder
3594 3364 175 47 seinen
3806 3364 136 48 alten
3979 3364 163 49 Sattel
4180 3364 203 50 heraus.

3488 3431 216 50 Betrübt
3761 3434 121 55 ging
3942 3447 54 35 er
4054 3435 197 47 wieder
4308 3449 63 34 zu
4417 3436 116 49 dem
4575 3435 291 59 Professor,

3362 3500 172 58 klagte
3562 3502 100 49 ihm
3691 3503 108 48 sein
3827 3502 138 50 Leid.
4026 3502 104 50 Der
4158 3502 276 51 Professor
4462 3505 161 50 besah
4651 3505 109 51 sich
4788 3508 79 49 die

3361 3571 265 50 Versuche
3660 3572 90 50 des
3783 3571 220 51 Mannes
4038 3574 100 47 und
4173 3574 208 55 sprach:
4419 3574 183 50 Lieber
4637 3575 228 59 Meister,

3363 3640 85 50 Sie
3479 3641 231 50 besitzen
3742 3641 128 49 eben
3902 3641 148 50 keine
4081 3641 293 52 Phantasie.

3488 3713 78 58 Ja,
3610 3714 91 50 das
3746 3716 173 50 war's.
3995 3715 94 51 Die
4132 3717 160 50 besaß
4340 3732 53 35 er
4440 3717 232 50 offenbar
4716 3718 150 49 nicht.

3362 3782 299 51 Phantasie!
3738 3785 137 49 Aber
3916 3800 54 34 er
4010 3785 143 50 hatte
4192 3801 93 43 gar
4327 3788 138 50 nicht
4505 3790 226 57 gewußt,
4771 3790 94 49 daß

3363 3853 80 49 die
3484 3868 116 34 zum
3643 3854 423 59 Sättelerzeugen
4110 3858 297 57 notwendig
4450 3861 89 47 sei.
4615 3859 156 51 Hätte
4815 3875 52 35 er

3363 3924 88 56 sie,
3480 3937 59 35 so
3566 3927 145 45 wäre
3738 3939 54 34 er
3819 3925 168 49 sicher
4013 3925 167 50 Maler
4208 3928 125 49 oder
4361 3928 275 49 Bildhauer
4663 3944 170 43 gewor-

3363 3993 111 49 den.
3546 3992 141 50 Oder
3724 3992 210 52 Dichter
3971 3996 126 49 oder
4131 3996 318 57 Komponist.

3488 4062 105 50 Der
3629 4062 278 52 Professor
3944 4066 124 48 aber
4107 4070 169 52 sagte:
4318 4067 250 54 Kommen
4610 4068 85 50 Sie
4732 4083 102 36 mor-

3361 4145 98 43 gen
3496 4134 209 49 wieder.
3758 4132 111 51 Wir
3905 4136 112 48 sind
4053 4138 49 52 ja
4138 4137 80 57 da,
4255 4151 85 35 um
4379 4137 91 50 das
4510 4137 259 51 Gewerbe
4806 4154 61 34 zu

3362 4202 206 50 fördern
3611 4204 100 49 und
3753 4206 90 47 mit
3885 4220 165 34 neuen
4093 4205 153 50 Ideen
4290 4221 61 34 zu
4392 4206 316 52 befruchten.
4785 4209 82 49 Ich

3363 4272 103 49 will
3498 4273 174 58 sehen,
3702 4288 113 36 was
3845 4275 108 49 sich
3985 4275 78 50 für
4094 4275 86 50 Sie
4210 4280 87 45 tun
4329 4277 142 49 lässt.

3488 4342 113 49 Und
3636 4345 47 46 in
3715 4346 170 47 seiner
3916 4344 183 54 Klasse
4135 4346 202 50 schrieb
4372 4361 54 34 er
4460 4346 239 57 folgende
4733 4347 101 56 Kon-

3363 4411 220 50 kurrenz
3618 4427 115 36 aus:
3771 4412 235 51 Entwurf
4040 4414 79 50 für
4157 4417 145 47 einen
4339 4415 178 51 Sattel.

3488 4482 96 48 Am
3638 4481 249 50 nächsten
3943 4483 143 58 Tage
4141 4485 118 50 kam
4318 4487 89 48 der
4463 4487 404 53 Sattlermeister

3362 4552 209 49 wieder.
3636 4552 103 49 Der
3769 4552 276 51 Professor
4076 4554 191 50 konnte
4300 4556 100 49 ihm
4432 4560 435 57 neunundvierzig

3362 4620 265 50 Entwürfe
3654 4622 79 49 für
3760 4622 163 50 Sättel
3952 4627 311 47 vorweisen.
4294 4625 146 50 Denn
4471 4641 54 34 er
4553 4627 143 50 hatte
4725 4644 142 37 zwar

3362 4705 94 34 nur
3512 4692 417 57 vierundvierzig
3991 4692 228 59 Schüler,
4282 4695 124 50 aber
4451 4695 107 51 fünf
4604 4696 263 53 Entwürfe

3361 4760 141 49 hatte
3532 4775 53 34 er
3616 4761 161 50 selbst
3807 4762 322 57 angefertigt.
4161 4763 94 49 Die
4285 4765 185 50 sollten
4502 4768 76 48 ins

3361 4829 145 50 Denn
3549 4844 55 36 es
3645 4831 202 50 steckte
3887 4832 290 57 Stimmung
4216 4835 47 48 in
4306 4833 163 51 ihnen.

3486 4901 175 59 Lange
3693 4904 161 50 besah
3886 4905 107 50 sich
4026 4905 91 50 der
4147 4905 216 52 Meister
4397 4908 80 49 die
4510 4908 355 59 Zeichnungen

3364 4973 98 48 und
3494 4975 142 47 seine
3667 4974 179 57 Augen
3877 4975 215 49 wurden
4125 4976 159 50 heller
4316 4978 100 48 und
4449 4978 171 50 heller.

3488 5042 145 50 Dann
3670 5048 148 52 sagte
3853 5059 77 36 er:
3969 5044 133 51 Herr
4136 5044 298 53 Professor!
4489 5047 166 51 Wenn
4694 5049 79 50 ich
4808 5064 59 36 so

3363 5115 169 54 wenig
3573 5127 123 35 vom
3741 5114 197 58 Reiten,
3980 5129 123 35 vom
4146 5115 204 59 Pferde,
4393 5130 123 36 vom
4559 5117 166 51 Leder
4768 5120 98 49 und

3362 5197 103 34 von
3491 5183 90 48 der
3606 5184 176 48 Arbeit
3805 5184 278 49 verstehen
4110 5186 181 48 würde
4315 5188 101 48 wie
4441 5187 102 57 Sie,
4569 5187 131 51 dann
4727 5187 140 51 hätte

3363 5253 79 49 ich
3473 5253 130 49 auch
3633 5253 113 49 Ihre
3773 5253 302 49 Phantasie!

3488 5322 113 50 Und
3633 5323 104 48 lebt
3767 5337 99 34 nun
3898 5323 253 56 glücklich
4184 5325 100 47 und
4315 5324 278 51 zufrieden.

3487 5391 113 50 Und
3631 5391 173 50 macht
3833 5391 180 50 Sättel.
4043 5391 290 52 Moderne?
4366 5392 67 52 Er
4462 5396 133 50 weiß
4630 5412 55 35 es
4716 5397 150 52 nicht.

3487 5461 180 50 Sättel.

3362 5680 142 86 Die
3531 5704 164 64 neu
3724 5682 498 90 inszenierte
4237 5680 632 93 Theatermoral

3358 5817 129 55 Von
3529 5817 161 56 Felix
3728 5819 333 70 Stössinger

3487 5937 80 50 Da
3612 5938 132 49 Herr
3793 5938 184 52 Nissen
4026 5941 322 57 konsequent
4398 5944 97 49 den
4545 5943 185 58 Kampf
4779 5944 90 50 der

3363 6007 280 50 deutschen
3679 6008 363 58 Schauspieler
4076 6027 84 34 um
4195 6015 282 49 materielle
4514 6015 161 49 Güter
4710 6015 159 49 durch

3363 6078 91 49 das
3484 6076 194 54 Pathos
3711 6081 90 48 des
3832 6080 304 51 Moralisten
4169 6083 359 58 diskreditiert,
4561 6085 111 48 sind
4706 6087 163 54 einige

3362 6147 346 50 abwehrende
3735 6148 183 51 Worte
3945 6153 312 56 notwendig.
4319 6153 87 49 Sie
4434 6153 308 57 bekämpfen
4771 6154 97 56 ihn,

3362 6218 123 49 aber
3534 6219 131 48 auch
3714 6219 80 49 die
3860 6219 420 57 Don-Quijoterie
4346 6224 91 48 der
4501 6223 200 51 Frauen
4770 6224 97 50 und

3630 6289 301 58 Studenten,
3977 6291 95 57 die,
4119 6295 125 46 statt
4291 6292 175 49 Sturm
4510 6306 167 44 gegen
4724 6296 142 47 einen

3363 6358 432 57 demagogischen
3837 6360 304 49 Moralisten
4185 6376 61 34 zu
4289 6362 184 58 laufen,
4516 6365 89 47 mit
4648 6363 101 49 ihm
4793 6366 73 47 ins

3360 6428 122 49 Feld
3570 6429 195 57 ziehen,
3852 6430 80 49 die
4001 6429 245 50 Unmoral
4320 6437 349 46 auszurotten.
4775 6433 94 50 Die

3358 6496 182 51 Worte
3569 6499 164 57 gehen
3762 6499 109 50 also
3898 6512 167 45 gegen
4097 6501 96 48 den
4224 6501 160 58 Geist,
4412 6503 139 48 nicht
4577 6516 167 45 gegen
4774 6503 91 49 das

3346 6563 335 68 notwendige
3694 6565 106 51 und
3813 6567 489 49 wünschenswerte
4327 6564 109 53 Ziel
4450 6566 419 67 derßewegung.
