3912 5558
362 5320 118 52 136

342 269 267 94 Tran
677 284 113 81 23

1072 594 727 352 Blumen

1097 1119 152 74 (Der
1290 1120 274 58 Kritiker
1605 1122 230 58 visavis
1877 1120 116 58 der
2031 1122 332 58 absoluten
2406 1119 440 76 Stofflichkeit)

342 1276 160 58 Herr
543 1274 200 60 Oskar
770 1274 110 58 Bie
921 1274 78 58 ist
1039 1274 100 58 ein
1181 1274 341 60 köstlicher
1551 1274 342 58 Humorist.
1974 1273 85 59 Er
2099 1273 275 59 schreibt
2407 1274 65 58 in
2516 1276 174 56 einer
2717 1273 446 76 Besprechung
3203 1273 117 59 der
3346 1274 281 58 Thoma-

342 1367 401 73 Ausstellung
782 1364 479 71 (Ueberschrift:
1324 1364 311 59 Deutsche
1676 1366 296 71 Malerei.)
2015 1366 88 56 im
2145 1366 667 74 Kronprinzenpalais:
2887 1364 184 68 „Hier
3110 1383 78 39 zu
3229 1364 210 59 Hause
3479 1364 149 58 sitze

343 1459 102 57 ich
487 1477 117 39 vor
646 1457 112 58 der
812 1459 219 56 reinen
1073 1457 452 73 Stoffllichkeit,
1569 1455 131 58 und
1742 1455 489 77 Temperament
2272 1455 130 58 und
2445 1457 264 73 Vortrag
2749 1455 298 60 schämen
3361 1455 106 58 Ich
3517 1455 108 58 bin

343 1550 175 58 nicht
558 1552 415 69 sentimental,
1029 1550 151 56 aber
1222 1549 202 59 dieses
1478 1550 237 56 seltene
1757 1549 379 57 Bekenntnis
2194 1550 181 58 rührt
2416 1550 191 58 mich.
2709 1549 230 59 Solche
2992 1549 452 57 Bekenntnisse
3484 1547 144 59 sind

342 1642 292 59 wirklich
695 1642 149 57 sehr
883 1643 214 56 selten.
1198 1642 161 57 Herr
1400 1642 110 57 Bie
1552 1642 298 57 schreibt:
1920 1640 115 68 „Es
2074 1642 81 57 ist
2196 1642 139 57 eine
2375 1642 219 57 wahre
2650 1638 343 78 Erholung,
3056 1642 237 56 einmal
3354 1640 273 59 stofflich

343 1735 131 56 sein
518 1752 76 39 zu
636 1731 244 60 dürfen.
963 1733 115 56 Die
1107 1733 340 73 wenigsten
1479 1731 466 60 Kunstfreunde
1986 1733 196 73 geben
2225 1750 93 53 zu,
2362 1731 144 60 dass
2548 1733 90 58 sie
2680 1731 240 58 diesem
2958 1731 183 58 Reize

345 1826 80 56 Es
465 1826 78 56 ist
602 1826 126 56 mir
768 1825 173 57 nicht
1000 1840 153 57 ganz
1197 1825 139 57 klar
1376 1825 359 74 geworden,
1798 1823 147 59 dem
1987 1825 183 55 Reize
2211 1823 279 59 welcher
2531 1821 417 61 Stofflichkeit
3007 1823 386 74 unterliegen
3457 1821 168 59 denn

345 1936 127 38 nun
516 1916 102 58 die
673 1918 265 56 meisten
987 1914 582 70 „Kunstfreunde?
1669 1914 454 75 (Kunstfreund
2175 1916 80 56 ist
2308 1914 174 60 nicht
2524 1913 430 74 Stofffreund.)
3053 1914 142 58 Man
3252 1914 168 58 kann
3464 1911 164 61 doch

342 2007 174 60 nicht
555 2009 102 56 bei
690 2007 576 66 „Kunstfreunden
1297 2026 123 39 von
1464 2006 114 59 der
1613 2013 424 69 sogenannten
2067 2006 452 59 Stoffelichkeit
2546 2006 329 76 sprechen,
2904 2006 445 74 ebensowenig
3376 2006 122 57 wie
3525 2006 103 57 bei

343 2101 122 57 den
497 2101 237 57 Herren
768 2101 330 59 Kritikern.
1181 2101 126 57 Das
1336 2104 171 54 wäre
1537 2101 315 57 vielleicht
1894 2101 398 55 übertrieben
2323 2097 437 76 ausgedrückt.
2838 2097 203 75 Jeder,
3083 2116 71 40 so
3197 2102 104 70 gut
3330 2116 70 40 er
3440 2099 187 57 kann.

343 2192 141 58 Und
514 2209 187 41 wenn
743 2192 173 58 einer
958 2197 140 53 statt
1139 2192 175 56 einer
1341 2192 201 56 Kritik
1581 2192 479 58 sentimentalen
2092 2190 239 58 Unsinn
2375 2190 295 73 schreibt,
2712 2204 71 46 so
2822 2190 82 58 ist
2944 2189 112 59 das
3095 2190 159 58 eben
3285 2190 305 58 sentimen-

342 2285 159 58 taler
541 2283 259 75 Unsinn,
844 2285 151 58 aber
1036 2283 164 60 doch
1251 2283 173 60 nicht
1464 2283 468 58 Stoffelichkeit.
2013 2283 149 58 Also
2219 2289 163 52 etwa
2424 2283 461 72 anzunehmen,
2948 2282 103 57 die
3088 2283 268 58 meisten
3398 2282 192 57 Kunst-

342 2375 264 59 freunde
650 2377 404 74 unterliegen,
1104 2377 167 57 ohne
1314 2394 64 38 es
1420 2377 374 74 zuzugeben,
1857 2375 114 57 der
2011 2377 258 72 eigenen
2313 2373 455 59 Stoffelichkeit
2827 2373 156 59 oder
3022 2373 117 59 der
3178 2373 452 59 Stoffelichkeit

343 2468 114 58 der
497 2468 237 58 Herren
780 2468 286 71 Kritiker,
1110 2468 202 58 dieses
1354 2468 437 58 anzunehmen
1833 2471 173 55 wäre
2047 2466 347 73 unbedingt
2435 2466 240 58 falsche
2702 2466 500 75 Interpretation,
3244 2465 240 59 falsche
3511 2465 80 57 Ar-

342 2561 445 73 gumentation.
888 2559 287 58 Gemeint
1217 2561 130 56 sein
1412 2561 166 56 kann
1623 2561 138 56 hier
1815 2578 122 39 nur
1977 2559 102 58 die
2121 2559 413 60 Stofflichkeit
2599 2558 108 57 des
2749 2558 468 61 Kunstwerkes.
3317 2559 162 58 Herr
3520 2558 110 57 Bie

343 2649 242 76 spricht
624 2668 122 40 von
794 2651 296 69 Stoffreiz,
1154 2649 131 58 und
1329 2649 196 59 damit
1566 2651 78 56 ist
1684 2651 175 57 wohl
1903 2649 112 59 der
2057 2653 225 55 Irrtum
2336 2651 176 57 einer
2553 2649 281 58 falschen
2876 2649 481 76 Argupretation
3403 2664 188 60 ausge-

343 2742 342 58 schlossen.
767 2744 206 58 Voran
1019 2742 101 58 die
1148 2744 188 73 lustig
1376 2742 366 77 hüpfenden
1771 2744 240 73 Ziegen.
2089 2741 171 74 („Ich
2302 2744 107 56 bin
2455 2742 286 75 garnicht
3346 2742 149 58 Was
3523 2758 72 57 ge-

343 2835 200 56 meint
582 2835 95 73 ist,
739 2834 111 59 das
911 2834 289 57 definiert
1242 2835 160 56 Herr
1442 2835 110 58 Bie
1613 2835 168 56 ohne
1832 2834 149 74 jede
2023 2834 522 57 Sentimentalität
2585 2832 605 76 folgendermassen:
3259 2832 205 70 „diese
3505 2834 94 57 rei-

342 2925 240 58 zenden
624 2932 176 51 roten
834 2925 249 60 Dächer
1122 2927 88 56 im
1242 2927 273 71 Grünen,
1559 2925 173 60 diese
1761 2930 196 55 satten
1987 2925 470 75 aufsteigenden
2485 2925 292 71 Wolken,
2807 2924 136 61 dies
2970 2922 660 78 gemütlich.rollende

343 3018 185 71 Meer,
574 3017 171 57 diese
773 3017 249 57 Wiesen
1065 3017 132 57 und
1225 3017 282 72 Gehöfte,
1551 3017 169 57 diese
1762 3018 241 56 braune
2030 3017 183 67 Erde,
2257 3017 171 57 diese
2457 3015 521 59 märchenhaften
3005 3015 423 73 Wasserfälle,
3459 3015 173 59 diese

345 3110 252 57 Herden
640 3127 125 40 von
807 3110 246 71 Tieren,
1097 3127 195 40 voran
1337 3108 102 59 die
1481 3110 185 73 lustig
1706 3108 368 76 hüpfenden
2489 3108 335 58 Hinterher
2865 3106 103 60 die
3007 3106 344 77 gemütlich
3391 3108 205 58 rollen-

345 3201 120 58 den
507 3203 287 56 Kritiker.

347 3293 155 57 Sehr
543 3293 288 73 geehrter
873 3293 158 57 Herr
1071 3293 132 59 Bie!
1305 3294 151 56 Hier
1496 3294 168 56 kann
1718 3293 104 57 ich
1862 3293 139 57 ihre
2043 3291 198 75 Logik
2294 3291 171 58 nicht
2519 3291 274 75 billigen.
2895 3291 219 58 Haben
3158 3289 103 61 Sie
3315 3289 166 60 denn
3525 3291 113 58 auf

345 3384 278 58 Thomas
667 3382 254 60 Bildern
966 3384 121 58 den
1129 3386 147 56 Reiz
1319 3384 111 58 der
1471 3384 411 58 Stofflichkeit
1921 3382 319 75 gesehen?
2340 3382 101 60 Sie
2480 3384 170 58 irren
2694 3382 135 60 sich
2871 3382 298 70 nämlich,
3234 3382 101 58 Sie
3376 3382 252 58 meinen

347 3482 191 53 etwas
580 3476 298 59 Anderes.
963 3477 210 58 Damit
1214 3476 103 59 Sie
1359 3477 171 58 mich
1573 3477 172 58 nicht
1786 3476 508 72 missverstehen,
2338 3476 103 59 ich
2484 3491 144 59 sage
2656 3476 139 57 hier
2838 3474 203 59 nichts
3085 3476 157 57 über
3268 3474 159 59 oder
3469 3479 163 54 etwa

345 3584 110 58 gar
494 3584 191 59 gegen
729 3569 278 57 Thomas
1049 3569 231 73 Bilder,
1324 3569 89 56 sie
1454 3567 142 59 sind
1637 3569 127 56 mir
1805 3567 137 58 hier
1982 3567 417 75 gleichgültig.
2499 3567 101 58 Sie
2641 3569 252 56 meinen
2937 3567 175 58 nicht
3164 3565 124 60 den
3330 3565 149 60 Reiz
3520 3565 113 58 der

347 3658 413 61 Stofflichkeit
821 3660 112 58 der
973 3660 229 73 Bilder,
1259 3660 102 58 die
1402 3658 103 61 Sie
1546 3660 269 75 gesehen
1877 3660 226 71 haben,
2174 3658 274 60 sondern
2492 3658 122 58 den
2658 3660 146 56 Reiz
2865 3658 115 58 der
3039 3660 113 56 auf
3205 3658 120 60 den
3371 3657 259 59 Bildern

345 3752 596 74 wiedergegebenen
983 3753 215 58 Natur.
1280 3752 106 59 Ich
1429 3753 152 75 gebe
1622 3770 93 54 zu,
1759 3753 115 56 mit
1916 3752 219 71 Becht;
2197 3752 100 55 ein
2340 3750 342 73 gemütlich
2711 3748 318 59 rollendes
3059 3750 185 71 Meer,
3288 3767 198 40 voran
3530 3748 103 59 die

347 3846 186 73 lustig
574 3845 365 74 hüpfenden
982 3846 242 73 Ziegen,
1266 3863 175 41 muss
1486 3845 342 73 unbedingt
1867 3843 254 58 reizend
2162 3845 154 56 sein.
2397 3843 144 58 Und
2595 3843 280 58 deutsch.
2958 3843 67 56 In
3056 3841 386 58 Frankreich
3484 3843 149 58 rollt

348 3936 110 58 das
501 3936 167 58 Meer
711 3936 447 75 ungemütlich,
1198 3936 66 58 in
1308 3936 288 75 England
1657 3936 236 75 hüpfen
1940 3934 102 58 die
2082 3934 222 75 Ziegen
2365 3934 254 75 traurig.
2700 3934 102 56 Sie
2851 3933 364 57 schreiben:
3285 3933 348 68 „Deutsche

345 4029 200 56 Kunst
584 4029 78 56 ist
692 4028 164 57 doch
885 4028 293 57 wirklich
1210 4046 120 39 nur
1359 4028 319 59 sachliche
2043 4028 180 57 Dann
2255 4026 261 57 werden
2548 4026 100 57 Sie
2677 4026 125 57 mir
2829 4026 296 73 zugeben,
3156 4024 145 59 dass
3332 4024 301 59 deutsche

347 4121 198 57 Kritik
587 4119 164 59 doch
794 4121 291 57 wirklich
1132 4139 119 38 nur
1292 4121 318 57 sachliche
1650 4121 204 57 Kritik
1894 4121 95 57 ist.
2074 4119 225 59 Leider
2338 4121 80 56 ist
2457 4119 145 59 Ihre
2644 4119 202 59 Kritik
2888 4117 171 60 nicht
3100 4117 283 75 deutsch,
3425 4119 90 58 sie
3557 4119 78 56 ist

348 4212 173 58 nicht
563 4210 298 61 sachlich.
944 4212 100 58 Sie
1087 4212 205 58 haben
1336 4212 314 58 natürlich
1693 4212 213 73 Recht,
1949 4231 186 39 wenn
2181 4212 101 58 Sie
2323 4210 377 77 behaupten,
2744 4210 144 58 kein
2919 4210 274 60 Kritiker
3232 4214 174 56 wäre
3449 4209 147 59 sach-

347 4304 145 59 lich.
577 4305 122 58 Das
741 4305 78 56 ist
860 4322 122 39 nur
1022 4305 139 56 eine
1192 4305 188 75 Folge
1424 4304 113 59 der
1564 4304 454 74 eingebildeten
2064 4304 208 59 Macht
2313 4304 206 59 dieser
2548 4304 257 57 Herren.
2887 4305 235 58 Zuletzt
3161 4305 152 58 aber
3354 4302 278 61 schaden

350 4397 88 57 sie
479 4414 120 40 nur
640 4397 172 57 ihrer
853 4397 198 57 Kritik
1093 4397 132 57 und
1268 4397 152 71 sich,
1481 4397 153 59 aber
1676 4397 173 57 nicht
1889 4397 114 57 der
2043 4397 215 73 Kunst,
2323 4395 101 59 die
2485 4397 90 57 sie
2616 4397 320 57 vielleicht
2997 4395 338 75 schädigen
3378 4397 254 57 wollen.

348 4490 270 56 Kritiker
660 4490 328 56 schreiben
1044 4490 134 56 sich
1220 4490 183 57 meist
1456 4490 96 57 ins
1596 4490 214 73 eigene
1852 4488 264 73 Fleisch,
2172 4507 186 39 wenn
2402 4490 90 56 sie
2546 4486 344 60 schneiden
2932 4488 254 58 wollen.
3286 4488 104 58 Sie
3442 4488 195 58 selbst

350 4600 147 52 nun,
543 4581 159 56 Herr
743 4581 125 71 Bie,
911 4583 204 56 lassen
1161 4580 120 57 den
1332 4581 193 66 „Stoff
1561 4598 69 41 so
1673 4586 172 53 stark
1901 4581 107 58 auf
2047 4581 134 58 sich
2223 4581 262 71 wirken,
2546 4578 144 61 dass
2734 4580 100 57 Sie
2876 4580 104 57 die
3020 4581 200 56 Kunst
3263 4580 184 57 dabei
3489 4597 110 40 ver-

721 4673 123 57 Das
887 4673 195 74 geben
1129 4673 100 57 Sie
1269 4674 136 56 also
1447 4691 93 39 zu.
1642 4673 166 57 Aber
1847 4691 134 39 was
2023 4674 120 58 soll
2204 4673 104 57 ich
2350 4674 93 56 als
2485 4673 297 57 Künstler
2822 4671 161 59 dazu
3024 4673 232 73 sagen?
3356 4671 130 58 Soll
3530 4671 103 59 ich

347 4764 186 75 ruhig
560 4766 290 71 zusehen,
878 4785 188 38 wenn
1110 4766 100 57 ein
1241 4766 272 59 Kritiker
1554 4766 102 57 die
1684 4766 200 57 Kunst
1911 4768 302 71 vergisst?
2294 4764 130 59 Soll
2451 4766 104 57 ich
2587 4764 129 75 das,
2746 4783 132 39 was
2909 4766 100 56 ein
3039 4764 273 59 Kritiker
3340 4764 295 75 schreibt,

350 4857 112 58 der
518 4856 103 59 die
662 4857 198 58 Kunst
902 4873 329 59 vergessen
1276 4857 122 75 hat,
1457 4859 141 58 eine
1639 4857 337 73 sachliche,
2031 4861 141 54 eine
2214 4857 300 60 deutsche
2556 4859 202 56 Kritik
2810 4852 295 63 nennen?
3205 4856 100 59 Sie
3351 4857 282 68 „weinen

350 4949 247 57 Tränen
641 4947 114 59 der
1197 4950 150 58 aber
1390 4950 101 58 die
1532 4950 200 58 Kunst
1772 4952 248 56 kommt
2077 4969 78 37 zu
2196 4950 154 56 kurz
2411 4949 203 59 dabei.
2716 4949 320 57 Kritisiere
3076 4949 292 73 Kritiker,
3430 4950 205 58 weine

352 5040 203 59 nicht!
657 5040 176 59 Auch
877 5040 301 59 deutsche
1217 5042 278 57 Kritiker
1546 5044 226 55 sollten
1830 5042 171 57 nicht
2042 5042 267 57 weinen.
2411 5042 408 57 Sentimental
2863 5040 144 59 sind
3049 5040 102 59 Sie
3203 5040 192 76 nicht,
3437 5061 196 38 voran

348 5130 104 61 die
494 5133 185 73 lustig
728 5132 384 76 hüpfenden,
1175 5133 423 75 gemütlichen
1642 5133 400 73 Oberlehrer,
2106 5132 395 67 hinterdrein
2538 5132 103 59 die
2689 5132 237 74 traurig
2983 5132 366 61 hinkenden
3390 5133 243 75 Ziegen.
