3025 4358
1218 284 244 42 BRUNO'S
1505 283 233 43 WEEKLY

2760 281 102 45 1143

928 398 175 71 Why
1133 396 138 64 and
1300 396 177 61 How
1506 396 28 60 I
1567 395 136 62 Got
1733 395 302 62 Married

216 529 123 42 Many
358 529 187 36 hundred
567 532 159 40 stories,
748 531 110 35 brief
879 531 82 35 and
981 530 167 43 lengthy
1169 536 208 35 accounts,
1399 529 131 35 arrive
1557 541 123 30 every
1706 527 117 37 week
1847 536 44 29 at
1917 529 70 36 the
2015 529 102 35 desk
2143 529 47 35 if
2216 540 77 24 our
2319 529 171 35 Centest
2517 527 155 35 Editor.
2731 527 108 35 Most

120 585 49 35 of
196 585 110 36 them
333 586 146 43 testify
506 587 90 35 that
623 589 216 41 marriage,
868 602 103 21 even
999 589 41 34 in
1068 599 77 24 our
1172 586 305 44 commonplace
1494 600 90 28 age,
1602 598 213 30 preserves
1834 588 52 33 its
1905 587 70 35 old
1994 599 189 22 romance
2202 586 82 35 and
2302 586 90 35 that
2410 592 43 29 to
2470 585 131 35 relate
2619 598 25 21 a
2662 591 113 35 story
2792 583 47 36 of

122 642 92 35 how
247 644 285 35 Grandfather
564 645 98 34 took
694 644 304 36 Grandmother
1028 656 121 31 urges
1182 644 70 36 the
1285 658 81 29 pen
1397 645 85 33 into
1511 643 131 36 hands
1662 651 72 28 not
1753 644 217 35 otherwise
1990 644 218 35 ambitious
2229 643 47 36 of
2296 644 168 42 literary
2484 642 293 36 achievement.
2798 641 39 35 A

120 698 175 38 handful
321 702 48 34 of
394 702 114 35 these
534 704 146 33 stories
716 703 83 34 will
834 703 52 35 be
921 703 152 35 chosen
1107 713 123 32 every
1265 701 116 36 week
1417 701 67 35 for
1512 700 69 35 the
1601 701 163 42 perusal
1785 701 48 35 of
1855 713 75 23 our
1952 702 181 34 readers.

87 829 175 73 Why
292 830 27 61 I
355 831 303 62 Married

83 923 160 93 WE
268 933 80 26 was
372 934 21 25 a
416 925 146 35 chance
586 926 279 42 acquaintance
890 926 44 34 of
956 925 149 44 Billy's.
1138 924 181 45 Majorie,
1342 924 102 43 Billy

224 982 74 35 and
322 982 14 34 I
360 992 100 26 were
482 983 181 43 standing
685 983 39 35 in
746 983 65 37 the
833 983 114 43 lobby
969 983 44 35 of
1034 983 65 37 the
1120 982 117 37 Astor
1258 983 111 36 when
1393 983 48 36 he

85 1040 156 42 passed,
289 1040 282 44 perfunctorily
621 1041 155 42 greeted
826 1040 114 45 Billy,
988 1040 191 36 hesitated
1228 1040 73 36 and
1349 1040 92 36 then

86 1097 176 43 stopped.
312 1096 56 36 As
395 1107 22 26 a
444 1102 137 31 matter
608 1097 43 37 of
675 1108 177 25 common
879 1102 181 39 courtesy
1087 1098 102 43 Billy
1216 1098 226 36 introduced

85 1164 49 26 us
158 1182 106 9 ....
289 1183 8 9 .
320 1156 74 35 and
418 1156 82 35 that
523 1166 81 25 was
628 1165 71 26 our
722 1155 270 37 introduction.

137 1212 90 36 Five
258 1213 154 35 months
445 1213 243 43 afterwards,
721 1213 186 43 hurrying
939 1214 112 35 down
1084 1213 104 36 Fifth
1220 1213 174 42 Avenue,
1427 1213 13 35 I

87 1270 191 43 suddenly
313 1270 122 36 found
469 1281 63 33 my
567 1271 101 35 hand
703 1271 115 43 being
851 1270 236 43 imprisoned
1122 1271 75 35 and
1232 1270 211 44 somebody

87 1328 138 43 saying
313 1329 99 34 have
436 1328 96 36 tried
559 1329 74 35 and
658 1328 97 36 tried
779 1333 40 31 to
845 1328 76 35 find
946 1338 77 33 you
1049 1329 106 35 since
1181 1338 71 26 our
1275 1328 169 43 meeting

88 1385 74 35 and
188 1385 81 43 just
293 1395 43 25 as
362 1385 14 35 I
401 1386 98 35 have
525 1385 140 36 almost
689 1386 113 42 given
828 1385 27 36 it
879 1395 65 34 up,
969 1395 77 33 you
1070 1390 60 39 try
1153 1389 39 32 to
1218 1386 101 35 walk
1344 1385 100 43 right

88 1443 166 43 through
409 1444 73 35 and
513 1443 14 35 I
555 1443 139 36 looked
722 1452 52 34 up
803 1443 79 36 into
1051 1443 99 40 face.
1206 1443 13 36 I
1248 1453 82 26 was
1357 1452 64 26 sur-

87 1500 129 43 prised
240 1505 38 30 at
296 1501 66 35 the
384 1501 223 42 enjoyment
628 1501 49 35 he
698 1501 156 35 seemed
875 1505 39 31 to
936 1505 63 38 get
1019 1505 67 31 out
1107 1500 44 35 of
1172 1510 71 26 our
1263 1500 179 43 meeting.

88 1557 182 37 Couldn't
294 1558 14 35 I
333 1568 115 33 spare
472 1568 22 25 a
518 1557 97 37 little
637 1557 91 37 time
753 1562 65 32 out
842 1558 44 35 of
908 1568 63 33 my

87 1620 37 31 to
148 1626 67 25 see
238 1615 79 36 him
339 1615 297 43 occasionally?
675 1615 73 36 His
771 1625 84 33 way
880 1616 44 35 of
947 1615 138 44 asking
1108 1616 156 35 seemed
1289 1625 43 25 so
1357 1615 87 44 odd,

89 1673 74 36 and
183 1674 65 35 the
270 1674 80 35 fact
371 1674 82 35 that
475 1673 13 35 I
510 1684 81 25 was
614 1674 139 35 almost
775 1682 21 26 a
818 1673 97 36 little
937 1673 127 36 elated
1087 1677 37 32 at
1145 1672 142 45 having
1310 1683 23 26 a
1355 1682 89 26 man

89 1731 42 35 of
150 1731 62 35 his
234 1740 71 33 age
326 1741 163 32 express
511 1732 97 34 such
630 1731 106 43 plain
758 1731 160 35 interest
940 1731 38 35 in
1000 1741 74 34 me,
1096 1730 113 36 made
1230 1740 61 26 me
1313 1735 39 32 to
1374 1740 71 33 say

281 1789 79 36 The
390 1789 156 42 novelty
574 1789 44 34 of
647 1789 27 35 it
703 1789 52 35 all
785 1788 187 43 appealed
1002 1792 40 32 to
1070 1798 73 27 me.
1200 1789 13 34 I
1243 1799 82 25 was
1353 1789 91 41 only

87 1850 143 39 twenty
254 1856 73 26 one
352 1848 74 34 and
451 1847 48 35 he
524 1856 80 25 was
628 1856 116 33 every
768 1846 53 35 bit
847 1846 43 36 of
913 1846 117 43 thirty
1054 1846 117 43 eight.

141 1904 104 35 Each
270 1903 92 36 time
388 1905 82 34 that
497 1905 48 35 he
573 1904 119 36 asked
720 1914 61 25 me
807 1909 38 30 to
873 1914 66 26 see
966 1904 92 43 him,
1084 1909 38 31 to
1148 1903 93 45 talk,
1265 1908 39 31 to
1331 1903 113 44 walk,

87 1966 38 30 to
153 1961 129 43 lunch,
310 1963 48 34 he
388 1962 226 42 apologized
644 1962 61 35 for
731 1962 116 43 being
874 1971 44 26 so
947 1963 155 42 greedy,
1131 1962 62 34 for
1220 1961 133 44 taking
1381 1971 63 33 my

87 2018 91 37 time
203 2029 108 33 away
337 2019 100 36 from
461 2030 64 32 my
550 2029 129 36 young
705 2020 161 35 friends.
918 2020 60 35 He
1003 2029 103 33 grew
1129 2023 38 32 to
1192 2020 48 36 be
1265 2029 63 33 my
1354 2028 67 27 con-

88 2077 131 36 fidant.
275 2077 30 35 It
333 2077 276 43 strengthened
638 2088 61 25 me
729 2081 38 31 to
795 2078 99 35 have
924 2078 97 34 such
1051 2087 22 25 a
1102 2077 222 35 marvelous
1353 2086 68 26 con-

89 2135 130 36 fidant.
275 2135 61 35 He
363 2135 110 36 knew
503 2135 237 44 everything,
770 2145 63 32 my
861 2144 116 34 every
1005 2135 163 43 thought
1197 2135 152 43 almost,
1378 2135 44 35 be-

89 2203 119 25 cause
237 2193 14 34 I
278 2193 80 35 told
385 2193 91 35 him.
532 2193 59 36 He
619 2192 110 36 knew
759 2203 43 24 as
828 2193 115 34 much
972 2193 117 34 about
1116 2203 60 24 me
1205 2202 45 26 as
1277 2192 14 35 I
1320 2192 123 42 knew,

89 2250 73 36 and
187 2250 153 36 divined
365 2260 106 26 more
494 2251 93 35 than
613 2251 13 34 I
652 2250 75 36 did.
779 2250 170 43 Nothing
973 2251 82 35 that
1081 2250 13 35 I
1120 2250 79 35 told
1224 2250 79 35 him
1329 2250 116 35 about

87 2318 63 32 my
168 2312 146 32 newest
332 2309 86 35 love
438 2308 125 44 affair,
583 2309 117 35 about
719 2308 51 35 all
790 2318 63 32 my
872 2308 218 36 breathless
1109 2307 97 37 little
1225 2307 219 43 situations,

87 2366 157 35 seemed
270 2376 85 25 new
378 2370 38 31 to
442 2366 90 35 him.
585 2366 60 36 He
670 2366 141 42 simply
837 2375 97 33 gave
959 2376 62 25 me
1047 2365 133 36 advice
1206 2366 75 35 and
1308 2364 136 44 stayed

87 2424 164 39 serious.
303 2424 13 34 I
343 2424 108 34 often
474 2424 204 34 wondered
703 2422 33 36 if
759 2424 48 35 he
832 2424 167 41 laughed
1025 2423 137 44 inside,
1186 2422 67 36 but
1279 2432 96 26 even
1400 2432 45 26 as

89 2481 12 35 I
125 2482 204 35 wondered
351 2483 101 33 what
473 2482 47 34 he
543 2482 162 42 thought
727 2481 43 35 of
790 2491 73 33 me,
885 2481 160 43 nothing
1066 2481 114 35 could
1202 2484 160 40 prevent
1383 2490 62 26 me

89 2540 98 35 from
216 2540 159 45 talking,
404 2540 160 44 talking,
593 2541 74 34 and
696 2540 249 44 incidentally
972 2540 148 44 telling,
1147 2540 135 44 telling
1311 2551 110 32 every-

85 2599 120 43 thing.
251 2599 73 35 His
343 2599 191 42 complete
551 2599 387 44 understandability,
957 2599 160 35 without
1135 2599 127 43 trying
1282 2603 37 31 to
1340 2599 104 35 draw

88 2667 60 26 me
176 2661 78 40 out,
282 2657 214 42 compelled
524 2667 61 26 me
611 2661 38 31 to
677 2661 66 31 not
769 2657 90 43 only
884 2657 68 35 tell
979 2657 79 35 him
1086 2667 43 25 so
1157 2657 127 43 much,
1311 2657 69 35 but
1405 2661 38 30 to

87 2715 150 36 confide
267 2715 50 34 all
346 2725 62 32 my
435 2716 131 34 hearts
595 2714 143 36 closest
765 2714 169 36 theories
964 2716 74 34 and
1065 2714 121 44 ideas,
1216 2725 44 25 so
1287 2714 82 36 that
1395 2715 49 36 he

87 2773 111 35 knew
219 2782 73 33 me,
314 2782 43 25 as
380 2773 13 34 I
417 2772 83 36 said
523 2773 148 42 before,
693 2773 123 35 better
836 2773 93 35 than
953 2773 13 34 I
989 2772 76 36 did.
1113 2771 88 44 But,
1223 2772 64 36 the
1310 2773 135 42 longer

88 2831 13 33 I
122 2830 110 35 knew
251 2831 90 43 him,
359 2831 65 35 the
443 2840 105 25 more
569 2831 12 34 I
602 2830 79 35 told
701 2831 90 42 him,
812 2830 74 35 and
906 2830 200 36 confieded
1127 2839 232 33 nonsences,
1379 2829 65 36 the

86 2888 107 35 older
217 2888 49 35 he
291 2888 155 35 seemed
470 2892 38 31 to
533 2897 145 33 appear
701 2888 38 35 in
764 2898 62 32 my
851 2887 116 36 mind.
1019 2888 14 35 I
1059 2886 121 37 didn't
1203 2886 77 37 like
1303 2887 91 36 this.

135 2946 67 42 My
226 2945 164 37 married
415 2946 157 35 cousins
597 2956 99 24 were
720 2945 185 43 planning
929 2956 22 24 a
975 2949 111 40 party
1110 2945 43 35 of
1176 2945 60 35 six
1256 2949 39 31 to
1320 2949 123 39 spend

86 3004 65 35 the
181 3003 179 43 holidays
394 3008 37 30 at
462 3003 103 35 Lake
750 3031 8 8 .
788 3003 80 36 The
898 3003 76 43 boy
1004 3003 85 35 who
1120 3012 81 26 was
1232 3007 38 31 to
1301 3003 48 36 be
1380 3012 63 33 my

87 3061 179 36 comrade
288 3065 37 31 at
348 3071 103 25 arms
473 3071 80 25 was
576 3061 155 43 unable,
753 3065 37 31 at
811 3061 64 36 the
898 3060 75 35 last
994 3059 158 44 minute,
1174 3065 39 31 to
1235 3071 61 32 go.
1329 3059 85 36 Woe-

87 3119 100 42 fully
213 3119 13 34 I
251 3119 146 35 related
422 3119 27 35 it
474 3119 51 34 all
550 3123 37 30 to
778 3118 99 43 Why
901 3118 170 36 couldn't
1096 3119 48 35 he
1169 3118 82 43 go?
1276 3128 81 25 was
1382 3118 61 35 his

86 3180 181 35 solution.
320 3180 13 34 I
358 3180 162 42 thought
543 3180 50 35 he
618 3183 104 31 must
745 3179 48 35 be
818 3178 156 43 jesting,
999 3179 69 34 but
1093 3178 27 35 it
1145 3187 81 26 was
1253 3178 189 42 arranged

87 3238 72 35 and
181 3238 47 34 he
248 3242 111 31 went.
407 3238 13 34 I
443 3238 70 35 felt
534 3248 21 24 a
575 3236 174 43 peculiar
769 3246 116 26 sense
906 3236 44 35 of
969 3235 333 44 mysteriousness
1320 3244 97 34 grow-

87 3296 64 42 ing
179 3306 105 32 upon
312 3306 73 32 me,
416 3305 21 25 a
466 3299 79 31 sort
575 3295 43 34 of
645 3295 155 43 elation,
831 3304 21 24 a
882 3298 80 32 sort
991 3293 43 36 of
1063 3293 146 43 victory
1237 3292 137 44 inside,
1405 3297 37 31 at

85 3353 142 43 having
256 3354 97 34 such
383 3363 21 25 a
434 3350 181 38 different
644 3356 80 31 sort
755 3352 42 35 of
826 3356 127 31 escort
1268 3361 81 25 was
1378 3350 65 36 the

85 3412 91 41 only
202 3412 104 34 word
334 3412 81 34 that
442 3411 113 35 could
585 3420 163 33 express
774 3410 104 35 what
905 3409 14 35 I
949 3409 71 36 felt
1047 3408 75 36 and
1150 3412 140 32 meant.

137 3481 13 35 I
178 3481 71 35 felt
273 3480 105 43 quite
404 3485 37 31 at
467 3481 112 35 home
604 3480 38 34 in
667 3490 64 32 my
755 3478 149 36 uncle's
931 3482 108 39 great
1063 3478 64 43 big
1152 3478 136 43 house,
1314 3478 129 35 where

85 3550 57 25 we
170 3539 176 43 stopped,
376 3539 74 34 and
479 3547 43 25 so
553 3538 26 35 it
607 3547 109 25 came
746 3537 116 35 about
890 3537 81 35 that
1000 3536 91 43 long
1120 3536 102 35 after
1251 3545 192 33 everyone

85 3597 75 35 had
185 3607 99 32 gone
308 3601 38 30 to
371 3596 73 35 bed
471 3596 13 35 I
510 3600 106 38 crept
642 3594 230 36 downstairs
901 3594 61 35 for
986 3594 66 35 the
1075 3593 102 36 book
1203 3594 13 34 I
1242 3593 75 36 had
1344 3593 98 35 been

86 3654 160 43 reading
278 3655 39 34 in
351 3655 112 35 order
495 3658 39 31 to
567 3654 91 35 read
692 3654 64 34 the
788 3652 116 43 thirty
937 3652 168 36 minutes
1141 3652 14 35 I
1188 3651 157 43 usually
1378 3650 64 37 did

86 3713 137 36 before
256 3713 115 41 going
403 3716 39 31 to
475 3712 120 42 sleep.
655 3711 13 34 I
703 3720 81 26 was
816 3709 162 36 dressed
1012 3709 38 36 in
1081 3709 66 36 the
1178 3709 99 35 knee
1310 3708 132 43 length

84 3779 117 34 green
227 3770 74 35 silk
325 3769 154 36 kimono
505 3768 265 37 embroidered
795 3768 39 35 in
860 3768 118 35 silver
1004 3767 74 36 and
1104 3766 232 44 pantaloons
1360 3766 82 35 that

87 3828 13 35 I
134 3828 146 42 always
311 3827 168 43 lounged
513 3827 49 42 in,
595 3827 38 35 in
665 3836 63 33 my
760 3835 85 26 own
877 3835 120 34 room,
1031 3825 73 35 and
1136 3834 101 26 wore
1270 3824 170 36 heelless

83 3885 180 43 slippers.
309 3885 245 42 Noiselessly
576 3885 13 34 I
611 3888 106 39 crept
736 3883 231 36 downstairs
988 3883 74 35 and
1085 3892 133 25 across
1237 3883 65 35 the
1322 3881 119 43 living

83 3954 107 25 room
214 3948 38 31 to
278 3943 64 35 the
367 3944 122 34 couch
515 3943 128 35 where
669 3951 63 32 my
757 3941 101 35 book
884 3941 62 42 lay
973 3950 111 33 open.
1140 3940 12 35 I
1181 3940 183 37 switched
1392 3949 48 27 on

1512 832 65 35 the
1601 831 95 44 light
1721 832 74 36 and
1818 831 137 37 before
1981 832 14 35 I
2018 832 111 36 knew
2154 832 39 43 it,
2219 832 14 35 I
2258 842 83 25 was
2363 831 132 43 sitting
2519 840 109 26 cross
2654 830 137 43 legged
2816 838 60 27 on-

1514 889 123 37 Uncle
1811 889 32 36 's
1865 890 85 36 best
1973 890 73 36 and
2071 889 164 37 favorite
2258 888 174 38 Oriental
2455 888 141 44 pillow,
2619 892 38 32 at
2678 887 67 36 the
2766 887 101 36 head
2868 887 4 45 1
2873 898 5 26 :

1514 947 43 36 of
1581 948 66 35 the
1674 948 135 44 couch,
1837 948 172 44 reading,
2036 947 183 43 reading,,
2236 947 170 43 reading.
2462 947 13 34 I
2505 945 110 43 spied
2644 955 21 26 a
2693 945 163 43 package-

1512 1006 43 33 of
1585 1006 206 41 cigarettes
1823 1006 82 34 that
1937 1014 107 27 some
2074 1005 91 35 kind
2198 1014 142 33 person
2372 1004 74 35 had
2481 1004 205 42 forgotten,
2719 1001 146 45 lighted
2866 1008 6 14 1
2869 1033 7 6 ,

1511 1072 74 26 one
1605 1063 73 34 and
1700 1063 88 42 kept
1810 1073 48 25 on
1877 1063 159 44 reading
2056 1063 73 35 and
2151 1062 184 43 enjoying
2354 1063 64 34 the
2440 1061 183 43 cigarette
2644 1061 38 35 in
2701 1061 65 36 the
2787 1060 79 36 dim

1512 1120 94 42 light
1628 1129 22 25 o
1675 1120 80 35 fthe
1777 1120 64 42 big
1863 1120 153 35 colored
2041 1120 102 42 lamp
2167 1129 49 26 on
2237 1120 65 35 the
2323 1119 104 36 table
2448 1118 134 36 beside
2605 1127 73 27 me.
2715 1118 13 35 I
2752 1117 114 37 lifted

1512 1188 62 32 my
1606 1187 102 25 arms
1739 1178 74 35 and
1843 1178 206 42 stretched,
2079 1177 184 43 touching
2292 1176 65 37 the
2385 1176 111 35 walls
2526 1175 142 37 behind
2699 1185 62 26 me
2791 1174 86 37 and;

1511 1235 192 42 watching
1729 1235 65 35 the
1820 1235 158 35 shadow
2005 1235 43 34 of
2074 1245 63 32 my
2164 1234 154 36 kimono
2346 1234 156 35 sleeved
2530 1242 104 26 arms
2662 1233 73 35 and
2761 1232 105 36 hand

1511 1292 158 43 holding
1691 1293 64 35 the
1777 1293 184 41 cigarette
1983 1302 48 26 on
2052 1293 64 35 the
2139 1292 89 35 wall
2248 1291 134 37 beside
2405 1301 72 33 me,
2500 1291 111 36 when
2634 1289 193 44 suddenly
2851 1289 16 37 I
2868 1294 9 17 r

1513 1350 168 36 realized
1712 1351 82 35 that
1825 1350 13 35 I
1870 1360 80 25 was
1980 1354 66 31 not
2076 1350 125 35 alone.
2258 1349 221 43 Inherently
2509 1359 22 25 a
2560 1348 165 44 coward,
2756 1348 14 35 I
2802 1347 64 36 did

1512 1412 65 31 not
1601 1408 81 43 stir,
1707 1408 96 36 until
1952 1408 133 42 spoke.
2200 1408 98 34 have
2323 1407 98 35 been
2446 1406 193 43 watching
2662 1415 77 33 you
2765 1405 102 36 from

1511 1467 64 34 the
1595 1466 136 42 piazza
1751 1466 128 35 where
1902 1465 13 35 I
1937 1466 98 34 have
2055 1466 98 34 been
2174 1464 169 43 stealing
2362 1474 22 26 a
2404 1463 210 44 goodnight
2636 1463 147 43 smoke,
2805 1463 64 35 for

1512 1524 63 35 the
1602 1524 76 34 last
1704 1528 142 38 twenty
1874 1523 179 36 minutes.
2105 1522 103 35 Your
2232 1522 101 35 book
2360 1526 103 31 must
2490 1522 47 36 be
2565 1520 236 44 fascinating

1512 1582 124 34 entice
1663 1590 76 33 you
1766 1582 111 34 down
1903 1581 92 35 here
2022 1581 37 34 in
2086 1581 63 34 the
2175 1580 143 36 middle
2345 1579 44 36 of
2412 1580 65 35 the
2674 1587 102 28 were
2801 1578 76 36 thfr

1512 1639 125 35 words
1663 1639 48 35 he
1735 1639 109 35 used.

1566 1708 59 35 He
1656 1712 61 31 sat
1748 1708 112 35 down
1893 1712 37 31 at
1961 1708 65 35 the
2057 1707 109 36 other
2197 1707 73 36 end
2303 1707 44 35 of
2377 1707 65 35 the
2474 1706 122 36 couch
2629 1705 132 43 facing
2792 1714 73 27 me;

1512 1766 224 42 Something
1759 1765 208 36 automatic
1990 1765 38 35 in
2049 1766 64 34 the
2136 1764 98 35 back
2255 1764 43 35 of
2319 1775 63 31 my
2403 1764 110 35 brain
2535 1763 78 36 told
2637 1773 61 26 me
2721 1763 82 36 that
2825 1762 53 36 of

1513 1833 139 25 course
1677 1823 12 35 I
1715 1827 103 31 must
1842 1833 61 33 go,
1927 1823 67 35 but
2019 1823 13 34 I
2059 1822 140 43 simply
2224 1822 135 43 stayed
2385 1821 74 36 and
2484 1825 61 31 sat
2570 1829 134 27 across
2729 1819 145 44 legged

1513 1881 73 35 and
1611 1881 144 35 started
1779 1884 38 32 to
1842 1889 199 27 converse.
2091 1879 13 35 I
2129 1879 129 36 talked
2284 1879 73 36 and
2382 1878 129 36 talked
2538 1878 74 36 and
2637 1877 130 37 talked
2792 1877 81 36 and*

1514 1938 12 35 I
1554 1938 214 35 remember
1791 1937 115 43 being
1931 1937 198 43 surprised
2155 1938 81 35 that
2262 1936 13 35 I
2302 1936 62 35 did
2390 1940 65 31 not
2480 1935 113 36 know
2617 1936 102 35 what
2745 1935 15 35 I
2785 1943 91 27 wa&

1514 1996 116 42 going
1658 2000 38 30 to
1726 2006 83 33 say,
1838 2004 97 27 even
1963 1994 114 36 while
2108 1995 13 34 I
2152 2004 81 26 was
2263 1994 138 43 saying
2430 1994 39 43 it,
2498 1994 83 35 that
2611 1993 14 35 I
2657 1992 210 37 marvelled

1512 2054 82 34 that
1635 2054 65 35 the
1743 2053 184 43 thoughts
1973 2053 82 35 that
2101 2052 13 36 I
2159 2062 81 26 was
2283 2051 187 43 thinking,
2512 2049 160 45 broken,
2716 2049 155 44 darting

1512 2112 196 41 thoughts,
1728 2111 112 35 made
1860 2121 116 24 sense
1998 2110 73 35 and
2093 2110 175 35 sounded
2289 2109 87 36 well
2396 2109 111 35 when
2527 2109 64 34 the
2611 2108 127 35 words
2759 2117 113 26 came

1513 2173 65 31 out
1599 2169 43 35 of
1662 2178 63 33 my
1745 2169 144 38 mouth.
1938 2168 13 35 I
1973 2168 111 35 knew
2104 2168 81 35 that
2208 2167 13 35 I
2243 2176 81 26 was
2343 2166 148 43 talking
2512 2166 75 35 low
2608 2166 74 35 and
2703 2164 166 45 tensely,

1514 2237 21 24 a
1566 2226 54 36 bit
1653 2226 167 44 fiercely,
1852 2226 68 35 but
1952 2225 27 35 it
2011 2225 156 36 seemed
2201 2235 43 25 as
2276 2225 146 42 though
2456 2233 184 26 someone
2673 2222 83 37 else
2786 2231 83 27 was

1512 2284 147 42 talking
1684 2284 74 35 and
1785 2284 12 34 I
1823 2283 164 36 listened
2011 2287 38 31 to
2074 2293 115 32 every
2213 2282 104 35 word
2340 2283 83 34 that
2449 2282 14 34 I
2490 2281 120 42 spoke
2634 2281 194 42 asthough
2853 2279 16 37 I

1514 2342 73 35 had
1614 2351 118 26 never
1757 2341 118 36 heard
1903 2350 44 25 or
1971 2340 163 43 thought
2160 2338 44 37 of
2229 2340 27 35 it
2281 2339 149 37 before.
2483 2338 67 43 My
2577 2338 107 36 voice
2712 2337 157 37 seemed

1514 2400 61 35 far
1595 2410 108 31 away
1724 2399 73 35 and
1820 2399 14 35 I
1856 2397 145 37 wished
2023 2399 81 34 that
2126 2397 12 35 I
2161 2397 112 35 could
2294 2406 164 26 uncross
2480 2406 63 33 my
2563 2396 115 35 limbs
2698 2396 172 36 because

1512 2458 90 41 they
1628 2467 101 25 were
1754 2456 210 44 beginning
1990 2460 39 31 to
2059 2456 78 35 feel
2165 2455 60 43 icy
2254 2455 74 35 and
2356 2464 63 33 my
2446 2453 124 36 hands
2597 2463 102 26 were
2727 2453 44 35 of
2797 2451 79 38 ice..

1511 2515 124 35 When
1661 2514 13 35 I
1700 2514 162 42 stopped
1886 2518 38 31 to
1948 2512 180 37 consider
2150 2513 66 36 the
2240 2512 229 42 expression
2493 2520 49 27 on
2705 2511 101 43 face,
2829 2514 42 31 to

1514 2572 141 36 realize
1688 2573 81 34 that
1802 2571 61 35 his
1897 2582 92 32 eyes
2022 2571 75 35 had
2131 2575 65 31 not
2228 2570 136 35 moved
2400 2570 100 34 from
2534 2568 102 35 mine
2671 2568 100 36 from
2803 2568 69 36 the

1512 2631 146 34 minute
1680 2630 48 35 he
1752 2634 59 30 sat
1834 2629 123 43 down,
1981 2629 13 34 I
2018 2629 151 35 wanted
2191 2632 39 31 to
2253 2627 130 43 laugh.
2433 2627 13 35 I
2472 2625 215 37 restrained
2710 2625 159 43 myself,

1515 2688 13 35 I
1559 2698 82 25 was
1672 2687 126 35 afraid
1830 2691 50 31 to.
1939 2686 13 35 I
1986 2697 103 32 grew
2121 2695 121 33 angry
2272 2685 171 36 because
2475 2694 63 33 my
2570 2684 185 42 cigarette
2787 2691 94 27 was;

1511 2746 114 34 burnt
1645 2745 110 35 down
1776 2749 38 31 to
1834 2745 63 35 the
1918 2744 106 42 point
2045 2744 127 35 where
2194 2743 27 35 it
2241 2752 80 26 was
2341 2742 166 43 burning
2528 2752 62 32 my
2612 2740 156 44 fingers.
2789 2740 81 37 The

1513 2803 183 42 cigarette
1724 2812 80 25 was
1832 2802 52 35 all
1911 2802 115 35 burnt
2053 2801 124 43 down,
2207 2801 13 35 I
2248 2800 132 36 tossed
2410 2799 26 36 it
2464 2809 109 33 away
2602 2798 74 36 and
2705 2798 164 43 stopped

1512 2860 160 44 talking,
1697 2860 81 42 just
1806 2870 43 25 as
1875 2860 32 33 if
1934 2859 13 34 I
1975 2859 74 35 had
2077 2858 135 42 placed
2241 2868 21 25 a
2288 2858 102 42 crisp
2417 2857 132 43 period
2577 2857 102 35 after
2704 2865 63 34 my
2793 2855 83 37 last

1514 2923 185 30 sentence
1731 2918 73 34 and
1838 2917 13 35 I
1885 2917 148 42 sighed,
2063 2917 171 35 because
2267 2916 13 34 I
2316 2914 71 37 felt
2418 2925 49 24 an
2498 2914 148 36 infinite
2677 2923 118 27 sense
2826 2913 48 36 of

1513 2976 115 36 relief
1651 2976 111 34 when
1787 2975 13 35 I
1825 2975 163 42 stopped
2011 2973 160 43 talking,
2196 2973 76 36 like
2298 2983 21 25 a
2343 2982 92 33 very
2460 2972 96 35 tired
2582 2971 115 37 child.
2748 2971 14 35 I
2788 2980 84 26 was

1512 3033 97 36 tired
1632 3033 68 35 btu
1724 3043 44 25 so
1792 3032 98 35 wide
1916 3031 145 44 awake,
2088 3032 14 34 I
2127 3031 113 36 make
2263 3031 65 35 the
2354 3030 179 42 slightest
2559 3030 43 35 of
2627 3033 179 39 gestures
2831 3032 38 32 to

1513 3091 90 43 rise,
1627 3091 169 35 because
1821 3091 39 34 in
1884 3100 22 25 a
1930 3090 147 35 minute
2103 3089 14 35 I
2143 3088 127 36 would
2296 3098 47 33 go
2368 3087 172 43 upstairs
2737 3086 69 35 but
2830 3086 51 36 in*

1511 3148 77 36 this
1614 3148 157 44 minute,
1796 3147 159 36 without
1979 3147 185 43 warning,
2190 3146 14 35 I
2232 3146 121 36 found
2380 3146 144 42 myself
2549 3144 115 43 being
2689 3143 184 44 crushed,

1515 3207 12 34 I
1557 3205 121 36 found
1707 3206 146 42 my'self
1879 3205 160 43 panting
2067 3205 61 34 for
2154 3204 135 35 breath
2317 3203 123 36 under
2467 3202 184 36 hotfierce
2678 3201 88 44 lips,
2794 3201 85 36 and'

1512 3265 91 34 then
1625 3264 14 35 I
1662 3264 122 35 found
1805 3263 145 43 myself
1970 3262 167 44 smiling,
2158 3262 112 35 when
2291 3261 27 36 it
2338 3271 80 25 was
2440 3270 102 33 over,
2564 3264 37 31 at
2622 3260 61 35 his
2705 3259 165 43 profuse

1513 3321 212 44 apologies,
1751 3325 37 31 at
1812 3321 61 35 his
1898 3321 169 42 pathetic
2091 3319 276 44 discomfiture,
2394 3318 139 36 almost
2560 3317 118 43 fright
2705 3321 38 31 at
2768 3317 106 36 what

1512 3380 49 35 he
1582 3379 75 35 had
1679 3380 111 35 done.
1841 3379 60 35 He
1926 3378 173 35 frowned
2122 3382 37 31 at
2181 3387 64 33 my
2267 3376 180 36 sardonic
2469 3375 97 36 little
2590 3374 112 36 smile

1512 3438 48 35 he
1583 3437 113 35 could
1719 3441 65 31 not
1806 3436 112 35 know
1939 3436 81 35 that
2044 3436 158 35 demure
2225 3433 97 38 little
2344 3433 177 43 btterfly
2545 3442 60 25 me
2629 3433 75 34 had
2728 3431 143 44 willed,

1512 3495 139 42 willed,
1678 3494 126 36 willed
1831 3493 79 35 him
1936 3497 38 32 to
2001 3492 82 36 kiss
2110 3492 195 43 mejust
2333 3501 106 26 so.

1565 3575 59 35 He
1646 3585 80 25 was
1749 3574 132 43 sitting
1904 3574 38 34 in
1962 3574 65 36 the
2050 3573 144 43 library
2215 3573 64 35 the
2301 3575 90 32 next
2413 3571 190 43 morning,
2625 3570 161 44 reading
2808 3569 62 36 his

1512 3643 242 35 newspaper,
1780 3633 155 42 looking
1961 3643 92 32 very
2079 3631 172 43 haggard
2280 3630 72 35 and
2380 3633 118 32 stern.
2552 3629 13 35 I
2592 3632 131 32 meant
2750 3632 39 32 to
2817 3627 54 35 flit

1511 3693 50 42 by
1583 3692 155 43 quickly
1761 3692 73 35 and
1858 3690 198 43 flippantly
2079 3699 70 35 say
2593 3687 14 34 I
2632 3685 148 36 carried
2802 3689 69 32 out

1512 3761 63 32 my
1599 3750 113 43 plans
1736 3750 68 34 but
1828 3749 111 35 when
1965 3748 13 34 I
2004 3747 165 36 reached
2192 3747 65 35 the
2281 3745 136 43 piazza
2443 3745 13 34 I
2484 3744 122 35 found
2631 3744 79 35 him
2733 3742 138 37 beside

1514 3819 71 32 me,
1618 3808 142 41 having
1794 3806 181 35 followed
2006 3815 72 26 me.
2138 3804 60 35 He
2232 3803 118 35 asked
2383 3812 61 26 me
2474 3807 38 31 to
2545 3811 127 34 marry
2704 3800 90 37 him.
2853 3800 26 37 L

1512 3866 140 35 marrid
1682 3866 91 35 him.

2438 3951 95 35 Mrs.
2554 3949 163 45 J.L.K.
