2968 3048
2288 2545 73 70 23

1673 616 291 156 Der
2018 616 215 156 SOHN

1950 712 171 56 DER

1886 784 296 60 SONNE.

1866 858 203 31 NOVELLE

1730 900 98 29 VON
1856 900 130 31 KNUT
2008 904 202 32 HAMSUN.

1689 961 272 26 AUTORISIERTE
1986 954 263 39 ÜBERSETZUNG

1754 1002 80 24 VON
1858 1002 192 25 MATHILDE
2067 1005 119 26 MANN*

1717 1077 78 29 Über
1818 1078 107 30 Nacht
1943 1091 63 18 war
2021 1080 50 30 der
2086 1082 116 30 Schnee
2226 1096 34 25 ge-

1657 1115 156 30 kommen*
1835 1118 58 28 Ein
1908 1118 123 36 dichter,
2050 1124 117 27 weisser
2185 1124 69 29 Man-

1657 1154 40 28 tel
1719 1155 51 37 lag
1793 1156 71 30 über
1886 1157 50 30 der
1958 1159 88 29 Erde*

1710 1194 37 28 Er
1761 1206 63 18 war
1835 1199 55 27 mit
1902 1197 50 29 der
1967 1199 105 29 frohen
2086 1201 190 39 Erinnerung

1656 1234 144 33 erwacht,
1814 1234 67 30 dass
1900 1248 30 17 er
1951 1243 118 30 gestern
2088 1243 88 27 einen
2196 1242 81 30 Brief

1656 1272 138 30 erhalten
1817 1274 95 35 hatte,
1935 1279 66 27 eine
2027 1277 248 39 überraschende,

1657 1311 153 31 erlösende
1836 1314 181 36 Nachricht,
2040 1328 29 18 er
2090 1319 98 30 fühlte
2212 1322 62 28 sich

1655 1352 73 35 jung
1760 1352 62 28 und
1856 1354 166 36 glücklich,
2050 1357 62 29 und
2145 1370 30 18 er
2209 1360 65 37 fing

1656 1400 51 22 an,
1733 1393 47 26 ein
1805 1396 100 34 wenig
1931 1405 38 19 zu
1991 1397 116 35 singen*
2153 1398 49 29 Da
2224 1411 34 25 ge-

1655 1428 95 29 schah
1793 1442 45 22 es,
1884 1433 67 29 dass
1989 1446 30 17 er
2060 1447 54 18 ans
2152 1437 122 31 Fenster

1655 1472 73 29 trat,
1758 1469 57 29 den
1838 1471 151 39 Vorhang
2011 1476 175 37 zurückzog
2212 1478 61 29 und

1656 1507 57 29 den
1733 1508 117 31 Schnee
1871 1512 66 29 sah*
1972 1513 71 30 Sein
2065 1515 122 37 Gesang
2210 1529 48 17 ver-

1655 1552 143 25 stummte
1815 1550 152 35 plötzlich,
1982 1555 47 26 ein
2045 1555 151 29 trostloses
2214 1557 40 28 Ge-

1655 1585 67 30 fühl
1756 1598 57 27 zog
1843 1592 30 26 in
1899 1594 79 27 seine
2009 1592 84 30 Seele
2123 1597 62 31 ein,
2211 1596 61 29 und

1655 1628 80 27 seine
1775 1638 118 25 armen,
1931 1631 108 37 schräg
2082 1632 193 32 abfallenden

1655 1664 159 31 Schultern
1840 1669 140 30 zuckten*

1713 1705 61 29 Mit
1792 1706 68 29 dem
1879 1708 117 30 Winter
2015 1709 73 29 kam
2115 1713 65 27 eine
2202 1712 71 29 böse

1654 1743 67 30 Zeit
1741 1745 48 28 für
1810 1746 63 33 ihn,
1895 1750 66 26 eine
1989 1748 81 34 Qual
2097 1752 56 26 wie
2182 1750 89 30 keine

1655 1783 124 34 andere,
1809 1786 62 28 und
1897 1786 47 29 die
1969 1787 70 29 kein
2062 1787 123 30 anderer
2207 1801 48 17 ver-

1654 1822 98 29 stand*
1812 1824 103 30 Allein
1957 1825 50 29 der
2047 1825 134 30 Anblick
2220 1828 50 30 des

1654 1861 130 30 Schnees
1793 1869 106 24 raunte
1914 1864 63 28 ihm
1988 1864 81 33 Tod,
2081 1871 108 24 raunte
2206 1867 64 30 ihm

1654 1900 212 38 Vernichtung
1894 1905 45 27 ins
1962 1903 77 29 Ohr*
2079 1903 57 30 Die
2157 1905 112 38 langen

1654 1938 128 30 Abende
1809 1941 111 30 kamen
1948 1945 55 27 mit
2035 1943 78 28 ihrer
2140 1944 113 31 Finster-

1653 1980 46 26 nis
1725 1978 61 29 und
1812 1980 96 29 ihrem
1933 1982 156 33 dummen,
2116 1985 152 30 sinnlosen
