2997 3048
655 546 163 31 Aussehen
845 545 160 30 verändert
1031 546 68 34 hat,
1122 546 45 29 ihr
1190 547 118 30 Stamm
1330 549 37 27 ist
1389 549 142 35 gerissen.

655 588 64 28 Das
740 586 55 29 hat
817 585 48 30 die
887 585 93 30 Kälte
1003 586 129 37 gethan!
1163 586 95 30 denkt
1282 598 30 17 er
1334 589 54 26 mit
1410 589 106 28 zittern-

655 626 50 29 der
728 625 95 29 Seele,

716 665 34 28 In
776 664 51 30 der
852 665 108 30 Nacht
985 665 105 37 schlug
1117 665 47 30 die
1186 665 176 37 Witterung
1389 677 62 18 um.
1493 666 39 29 Er

656 715 61 18 sass
744 704 138 30 aufrecht
903 707 43 27 im
967 706 70 28 Bett
1059 704 61 30 und
1142 710 125 24 wartete
1289 705 54 29 auf
1365 705 53 29 das
1440 705 92 29 milde

656 744 127 34 Wetter,
805 744 122 29 obwohl
949 756 30 17 er
1001 750 122 28 wusste,
1145 744 68 30 dass
1229 745 51 29 der
1291 745 116 29 Winter
1423 745 109 29 wieder

656 795 62 17 von
739 795 110 18 neuem
871 784 158 37 anfangen
1054 784 63 29 und
1142 784 81 29 noch
1250 787 66 26 eine
1344 794 97 27 ganze
1466 785 66 28 Zeit

655 823 125 30 währen
803 824 113 29 würde.
950 824 40 29 Es
1012 835 72 23 war,
1106 824 43 28 als
1172 835 89 18 wenn
1284 826 65 27 eine
1365 824 167 37 Hoffnung

655 866 31 26 in
709 864 64 28 ihm
796 863 165 30 entzündet
983 863 114 29 würde.

715 903 59 29 Die
789 903 95 30 Kälte
906 904 95 28 nahm
1023 902 161 37 beständig
1200 902 47 34 ab,
1270 914 30 17 es
1315 902 67 37 fing
1397 902 120 30 schliess-

654 942 60 30 lich
730 954 50 22 an,
795 954 63 17 von
873 942 58 30 den
947 942 143 30 Dächern
1106 953 37 19 zu
1159 942 130 35 tropfen,
1312 942 62 29 und
1389 941 143 30 draussen

652 985 42 26 im
728 982 168 30 Weltraum
930 982 121 29 brauste
1083 993 29 18 es
1145 984 56 26 wie
1238 992 62 18 von
1336 982 196 37 gewaltigem

654 1021 240 38 Wellenschlag,
916 1022 39 28 Er
971 1024 75 34 ging
1062 1024 54 26 mit
1132 1024 157 33 grösseren
1304 1021 61 29 und
1377 1024 154 34 grösseren

652 1061 206 37 Hoffnungen
880 1064 42 26 im
949 1061 121 29 Herzen
1099 1060 118 33 einher,
1251 1060 60 29 dies
1337 1061 136 29 Brausen
1500 1064 30 26 in

652 1100 51 30 der
725 1101 72 29 Luft
819 1100 223 30 durchströmte
1064 1099 54 29 ihn
1140 1102 58 26 wie
1220 1100 117 34 Musik,
1360 1112 30 17 es
1412 1101 119 29 konnte

652 1140 51 29 der
728 1140 149 36 Frühling
901 1142 73 30 sein,
997 1138 50 29 der
1072 1141 82 26 seine
1181 1138 149 37 goldenen
1350 1139 180 30 Trommeln

652 1179 114 29 rührte.

713 1219 90 28 Eines
831 1217 122 30 Nachts
985 1217 87 30 hörte
1102 1229 30 18 er
1158 1220 48 27 ein
1231 1218 212 30 klatschendes
1470 1219 40 29 Ge-

651 1258 109 29 räusch
792 1269 97 25 gegen
919 1260 64 27 sein
1009 1258 137 33 Fenster,
1178 1269 31 17 er
1236 1258 124 29 richtete
1386 1259 64 29 sich
1476 1258 55 29 auf

651 1298 62 29 und
734 1297 147 34 lauschte,
898 1308 29 19 es
940 1309 62 18 war
1018 1297 51 30 der
1084 1296 124 38 Regen!
1236 1297 74 30 Eine
1324 1298 205 29 wunderliche

651 1336 116 30 Freude
789 1336 213 31 durchrieselte
1021 1337 63 34 ihn,
1108 1348 29 18 er
1152 1337 77 29 warf
1243 1337 47 29 die
1305 1337 125 29 Kleider
1446 1337 83 34 über,

652 1377 68 29 eilte
741 1379 30 26 in
793 1380 63 26 sein
872 1377 115 29 Atelier
1009 1376 62 30 und
1094 1376 130 30 zündete
1246 1377 58 28 alle
1319 1377 136 35 Lampen
1479 1388 50 18 an.

651 1417 72 29 Sein
738 1416 164 30 Heimweh
924 1417 80 29 nach
1023 1416 69 29 dem
1108 1416 138 30 Sommer
1261 1416 106 38 schlug
1382 1419 31 26 in
1427 1416 101 30 hellen

651 1456 160 29 Flammen
839 1467 118 23 empor,
987 1456 59 28 alle
1078 1458 81 27 seine
1189 1455 204 38 gebundenen
1418 1457 111 28 Kräfte

651 1496 99 28 lösten
771 1495 75 33 sich,
868 1495 63 28 und
954 1505 29 18 er
1004 1497 112 28 stürzte
1139 1496 62 29 sich
1224 1496 80 28 noch
1325 1499 30 25 in
1377 1496 152 28 derselben

651 1535 107 29 Nacht
781 1534 72 29 über
874 1537 81 25 seine
978 1534 117 29 Arbeit,
1138 1535 127 29 Gesicht
1291 1535 62 29 und
1380 1535 148 29 Stimmen

651 1585 54 18 aus
728 1584 135 19 warmen
880 1573 168 36 Gegenden
1070 1576 147 27 strömten
1239 1586 55 17 aus
1316 1577 103 27 weiter
1434 1575 95 29 Ferne

649 1613 54 29 her
729 1613 54 29 auf
809 1612 54 29 ihn
890 1615 47 26 ein
963 1612 62 29 und
1048 1612 140 30 erfüllten
1219 1613 64 34 ihn,
1308 1614 39 29 da
1374 1625 63 18 war
1463 1617 66 26 eine

649 1652 205 33 Landschaft,
885 1652 47 29 die
962 1654 31 26 in
1020 1653 79 27 einer
1125 1652 162 29 seltsamen
1309 1653 62 29 und
1393 1653 135 30 schönen

649 1692 143 29 Klarheit
819 1691 51 29 der
897 1692 112 28 Vision
1037 1702 55 18 vor
1117 1694 105 26 seinen
1250 1692 114 36 Augen
1385 1693 65 37 lag,
1479 1696 49 26 ein

649 1731 230 34 Märchenthal,
901 1730 63 30 und
980 1733 109 26 mitten
1104 1733 31 26 in
1152 1730 68 30 dem
1236 1730 84 30 Thal
1336 1732 87 29 stand
1440 1733 87 28 DER

648 1771 197 34 MENSCH,
891 1770 47 30 die
983 1773 92 34 junge

648 1811 219 34 Herrlichkeit,
913 1810 49 30 die
1004 1820 71 21 zum

648 1855 96 25 ersten
754 1850 68 29 Mal
834 1850 58 30 den
904 1850 87 30 Blick
1002 1849 73 30 über

648 1889 47 30 die
711 1889 77 30 Erde
807 1890 164 29 schweifen
990 1890 83 29 lässt.

707 1929 58 29 Ein
786 1929 87 34 Gott,
892 1932 49 26 ein
961 1929 113 36 Sieger,

648 1968 51 29 der
721 1980 51 18 am
793 1969 133 37 Morgen
949 1968 50 30 des
1019 1970 36 28 Le-

650 2007 72 29 bens
742 2007 119 30 erblüht
876 2011 37 26 ist
932 2008 62 29 und
1010 2009 63 28 sich

649 2046 95 30 selber
776 2050 32 26 in
838 2050 81 27 einer
948 2058 108 20 verzau-

650 2086 101 29 berten
798 2087 127 37 Gegend
968 2087 106 29 stehen

648 2126 84 28 fand.
763 2127 58 29 Die
832 2128 188 36 Vegetation
1037 2129 36 26 ist

648 2167 109 34 üppig,
788 2166 39 29 da
861 2166 66 29 sind
958 2166 115 29 überall

647 2204 128 29 Palmen
821 2206 62 28 und
924 2206 149 35 tropische

647 2244 179 34 Gewächse,
849 2244 207 38 Schlingpflan-

646 2294 56 19 zen
737 2286 55 26 mit
821 2295 137 25 grossen,
986 2291 87 23 roten

645 2323 123 33 Blüten,
794 2322 48 30 die
868 2326 58 26 wie
955 2324 117 30 Fleisch

645 2362 151 30 aussehen
819 2363 61 28 und
910 2373 37 20 zu
970 2369 103 24 atmen

645 2402 160 34 scheinen,
837 2402 236 36 Indigobäume,

645 2443 86 28 Reis-
770 2442 63 30 und
876 2442 197 29 Weinfelder,

643 2482 107 29 Unten
782 2485 41 27 im
850 2481 82 30 Thal
955 2482 118 29 weiden

1581 546 104 35 Tiere,
1712 547 51 30 der
1788 547 130 30 Mensch
1948 547 55 29 hat
2029 550 41 27 sie
2095 550 31 26 in
2152 549 95 28 seiner
2275 546 94 29 Nähe
2396 548 60 27 und

1581 586 79 34 hört,
1683 590 55 26 wie
1760 589 43 27 sie
1824 587 127 33 fressen;
1973 587 78 29 oben
2073 588 54 28 auf
2149 590 99 26 einem
2263 586 107 29 Felsen
2389 588 69 27 sitzt

1581 629 66 26 eine
1666 626 94 30 Schar
1781 626 231 30 zwitschernder
2032 627 111 36 Vögel,
2165 626 64 30 ihre
2250 625 115 30 Federn
2391 625 66 29 sind

1581 666 69 29 steif
1679 668 58 27 wie
1770 666 184 33 Schwerter,
1985 666 63 29 und
2081 666 63 29 ihre
2174 666 115 37 Augen
2319 665 139 38 gleichen

1582 705 136 34 kleinen,
1754 708 117 34 grünen
1907 705 171 29 Flammen,
2130 706 89 29 Ganz
2258 708 41 26 im
2333 706 107 28 Hinter-

1584 744 114 37 gründe
1730 745 75 36 liegt
1835 745 111 29 wieder
1975 748 66 26 eine
2069 745 315 34 Palmenlandschaft,
2411 745 47 29 die

1582 784 62 29 sich
1666 787 32 26 in
1719 784 50 29 der
1791 785 95 28 Ferne
1908 785 128 29 verliert,

1644 823 81 30 Über
1747 823 94 30 dieser
1856 823 187 30 Landschaft
2064 824 107 29 taucht
2192 824 110 37 gerade
2318 824 50 29 der
2383 830 75 24 erste

1583 863 81 29 feine
1694 863 92 29 Rand
1817 863 50 29 der
1893 864 229 36 Morgensonne
2154 875 55 18 aus
2239 864 68 29 dem
2334 864 123 29 Weltall

1581 903 55 29 auf
1660 902 63 30 und
1750 902 171 30 beleuchtet
1948 903 59 29 den
2028 903 169 30 Menschen
2227 915 73 17 vom
2328 903 130 30 Scheitel

1582 941 44 30 bis
1648 952 53 20 zur
1723 942 103 30 Sohle,

1641 983 39 27 Er
1714 981 136 34 arbeitet,
1886 981 43 29 bis
1965 981 50 30 der
2047 983 132 36 Morgen
2214 988 100 31 graut.
2364 983 94 29 Dann

1581 1021 111 29 schläft
1718 1033 30 17 er
1774 1024 67 26 eine
1866 1021 116 29 Stunde
2008 1021 62 28 und
2097 1021 126 36 beginnt
2248 1033 62 17 von
2336 1034 121 18 neuem.

1581 1061 113 29 Nichts
1715 1061 117 28 könnte
1855 1060 53 28 ihn
1931 1060 233 33 zurückhalten,
2186 1063 65 26 eine
2266 1062 169 36 ungewöhn-

1579 1100 78 29 liche
1692 1099 93 29 Kraft
1819 1099 74 29 hielt
1928 1098 52 29 ihn
2016 1099 153 34 aufrecht,
2207 1103 52 26 riss
2297 1101 54 28 ihn
2386 1101 70 29 fort.

1580 1138 157 30 Während
1763 1138 69 29 fünf
1862 1137 198 30 aufeinander
2094 1139 157 37 folgender
2276 1140 182 37 Regentage

1580 1178 122 29 machte
1724 1189 29 17 er
1769 1177 58 29 den
1843 1177 139 29 Entwurf
1996 1189 38 19 zu
2047 1178 68 30 dem
2131 1179 85 29 Bilde
2232 1179 86 30 DER
2334 1180 122 29 SOHN

1581 1217 87 29 DER
1691 1217 163 29 SONNE,

1640 1257 57 28 Ein
1713 1256 126 34 kleiner,
1861 1256 154 30 brünetter
2031 1258 61 29 und
2110 1269 78 26 ganz
2204 1259 254 29 unansehnlicher

1580 1297 116 33 Mann,
1722 1296 81 29 ohne
1830 1296 73 29 Bart
1929 1297 62 28 und
2018 1300 56 27 mit
2102 1298 117 34 kahler,
2245 1298 100 30 kalter
2368 1299 89 29 Stirn,

1580 1337 38 28 Er
1640 1339 68 27 sitzt
1730 1335 67 29 dort
1819 1335 193 37 schweigend
2036 1338 53 28 auf
2111 1338 69 28 dem
2196 1338 89 29 Stuhl
2307 1338 62 29 und
2385 1339 72 28 lässt

1579 1376 49 29 die
1654 1375 115 30 andern
1795 1374 100 29 reden.
1942 1376 39 27 Er
2010 1376 102 29 hustet
2138 1388 63 18 von
2229 1378 66 28 Zeit
2322 1388 38 19 zu
2382 1378 75 33 Zeit,

1579 1416 63 29 und
1678 1415 83 29 fährt
1794 1414 142 36 verlegen
1971 1417 54 27 mit
2060 1415 50 29 der
2146 1416 94 29 Hand
2275 1417 79 29 nach
2389 1416 69 30 dem

1578 1455 129 30 Munde,
1749 1454 125 29 Richtet
1895 1464 72 18 man
1990 1456 48 26 ein
2055 1455 87 29 Wort
2164 1466 39 18 an
2226 1455 64 34 ihn,
2312 1467 32 18 so
2366 1457 92 28 zuckt

1579 1507 30 17 er
1631 1497 108 27 nervös
1761 1504 180 20 zusammen
1964 1494 62 28 und
2049 1499 88 24 starrt
2159 1494 58 29 den
2233 1495 143 34 Sprecher
2392 1498 66 26 eine

1579 1535 97 29 Weile
1703 1546 53 22 an,
1783 1534 55 29 ehe
1866 1545 30 17 er
1922 1539 174 23 antwortet.
2143 1534 91 34 Dort,
2266 1545 48 17 wo
2345 1545 29 18 er
2396 1535 62 29 sich

1578 1574 141 33 hinsetzt,
1741 1573 92 30 bleibt
1855 1584 30 18 er
1907 1573 58 29 den
1989 1584 119 25 ganzen
2130 1573 111 29 Abend
2263 1576 105 30 sitzen,
2394 1576 64 27 sein

1579 1613 178 30 Benehmen
1788 1616 36 26 ist
1857 1624 32 18 so
1922 1612 203 34 unbeholfen,
2154 1612 62 30 und
2246 1615 64 27 sein
2343 1623 111 27 ganzes

1578 1653 112 29 Wesen
1712 1664 32 17 so
1767 1655 100 34 wenig
1889 1652 239 34 hervortretend,
2151 1652 68 29 dass
2234 1652 64 29 sich
2313 1653 143 29 niemand

1578 1698 95 24 etwas
1695 1692 110 29 daraus
1820 1692 115 33 macht,
1957 1692 62 28 sich
2034 1694 55 26 mit
2104 1692 64 28 ihm
2183 1702 38 20 zu
2238 1691 218 39 beschäftigen.

1578 1733 39 27 Es
1642 1732 77 29 sieht
1741 1743 32 18 so
1796 1742 65 23 aus,
1883 1731 43 29 als
1948 1733 42 27 sei
2016 1742 30 18 er
2068 1731 95 29 durch
2189 1733 48 27 ein
2263 1734 95 27 reines
2380 1733 57 28 Ver-

2031 1770 94 30 sehen
2164 1773 30 27 in
2229 1770 79 30 diese
2344 1772 96 29 Gesell-

2031 1810 99 29 schaft
2165 1810 169 31 bekannter
2366 1812 68 29 Män-

2031 1861 52 18 ner
2103 1856 135 31 geraten.

2090 1890 106 37 Einige
2223 1891 141 28 Wochen
2390 1893 50 32 spä-

2031 1935 43 23 ter
2096 1930 80 29 stellt
2202 1929 132 30 derselbe
2357 1930 99 29 Mann

2031 1972 47 26 ein
2105 1970 66 29 Bild
2194 1981 65 18 aus.
2302 1969 70 29 Und
2395 1980 62 18 von

2031 2009 69 29 dem
2136 2008 29 30 T
2169 2021 57 25 age
2261 2021 40 17 an
2335 2009 122 28 kennen

2031 2049 53 29 ihn
2106 2049 67 29 alle,

2090 2089 52 28 Ich
2179 2087 79 30 habe
2288 2087 79 30 diese
2398 2087 39 28 Ge-

2031 2128 133 29 schichte
2185 2139 61 17 von
2269 2130 98 26 einem
2387 2126 46 28 Ma-

2030 2168 42 29 ler
2094 2167 158 30 erfunden.
2294 2164 163 31 Vielleicht

2031 2218 72 26 mag
2139 2218 30 18 er
2204 2207 64 28 hier
2302 2208 40 26 im
2375 2204 61 28 Nor-

2031 2246 58 30 den
2119 2249 31 26 in
2178 2246 58 29 den
2261 2243 194 31 furchtbaren

2032 2286 139 29 Wintern
2189 2285 96 32 leben,
2307 2282 62 29 und
2385 2282 58 28 viel-

2031 2325 91 30 leicht
2137 2336 72 24 mag
2232 2335 30 17 er
2278 2325 47 26 ein
2341 2321 116 30 solches

2031 2365 67 28 Bild
2128 2363 115 37 gemalt
2268 2361 110 33 haben,
2404 2360 52 31 das

2059 2404 87 28 DER
2184 2401 123 30 SOHN
2343 2400 86 31 DER

2031 2442 153 30 SONNE
2205 2440 102 29 heisst.

196 2029 183 25 ENTWURF
397 2031 46 23 ZU
460 2031 108 23 EINER

169 2069 190 25 PATRONE.
391 2070 208 28 (UMSCHLAG

209 2109 72 24 DER
297 2109 144 25 ERSTEN
459 2110 98 24 SERIE

177 2148 81 24 VON
278 2149 310 25 KUNSTBEILAGEN

168 2188 73 23 ZUR
252 2180 346 33 GRÜNDERAUSGABE

204 2227 81 24 VON
302 2228 73 24 VER
393 2228 172 28 SACRUM).

643 2539 75 74 26
