3071 4391
166 74 85 45 170

160 171 259 59 excellent
465 171 178 59 article
684 198 67 32 on
792 174 85 57 the
920 174 208 67 bridges
1170 175 102 57 and
1320 175 218 66 hangars

760 252 9 9 t
1013 254 7 9 <
1039 229 30 21 O
1426 230 29 20 t3

159 251 128 55 built
331 251 68 70 by
441 251 84 55 M.
569 251 309 71 Freyssinet,
919 251 174 57 which
1132 277 88 31 are
1272 268 87 40 not
1418 252 122 73 only

158 322 171 73 lovely
369 322 165 75 things
576 322 90 59 but
704 348 146 34 serve
892 325 165 57 useful
1098 350 266 48 purposes,

271 398 245 58 Another
553 398 176 59 article
769 402 40 55 is
850 424 67 33 on
959 404 123 54 Lisa
1118 402 243 65 Duncan,
1392 401 145 74 pupil

157 473 53 58 of
248 473 205 58 Isadora
497 473 240 60 Duncan.
839 476 108 56 She
1001 480 41 53 is
1072 501 31 32 a
1143 477 138 75 good
1325 477 208 66 dancer,

157 550 90 56 but
285 550 85 57 the
409 552 173 55 writer
620 551 53 56 of
713 551 86 57 the
840 552 175 56 article
1056 567 110 60 gets
1194 553 70 56 off
1292 553 85 58 the
1405 553 130 58 lines

155 625 104 55 and
300 626 182 72 begins
522 641 52 42 to
614 628 145 55 write
799 628 54 56 of
892 627 91 57 her
1042 654 54 32 as
1161 630 54 56 la
1274 631 259 70 sculpture

173 699 213 70 Verifide.
472 701 110 57 We
634 717 131 42 must
816 706 147 54 write
1010 705 53 57 of
1103 729 29 31 a
1173 705 196 58 dancer
1408 730 55 33 as
1504 733 29 29 a

154 774 193 59 dancer
385 777 102 56 and
517 791 88 43 not
633 793 220 42 connect
879 778 93 57 her
999 779 123 58 with
1152 781 273 73 sculpture,
1456 782 76 57 for

153 851 104 57 that
295 876 116 48 way
451 856 92 53 lies
583 877 253 33 nonsense
865 856 103 56 and
997 856 205 58 trouble
1242 871 144 46 too...
1428 858 103 56 and

154 926 144 58 leads
320 942 51 42 at
392 927 92 57 last
505 942 52 42 to
578 928 146 59 Folie
746 929 101 58 and
868 929 411 77 high-browism.

263 1002 97 57 An
398 1003 175 57 article
613 1027 66 33 on
724 1006 211 57 Picasso
972 1031 53 33 as
1088 1022 142 50 stage
1291 1007 238 65 designer

174 1077 216 23 111*
951 1085 10 9 .
1408 1063 43 28 O,

150 1084 186 51 should
376 1093 209 43 interest
624 1103 156 51 every
820 1106 99 33 one
948 1106 52 33 in
1028 1107 99 48 any
1154 1108 118 49 way
1308 1084 219 71 puzzled

152 1154 71 74 by
259 1154 87 57 the
385 1154 391 74 developments
818 1159 51 55 in
910 1158 97 57 this
1048 1159 193 59 branch
1282 1162 52 54 of
1385 1176 142 59 stage

152 1229 157 58 work.
392 1232 124 55 One
557 1254 114 35 sees
713 1233 107 57 that
859 1233 221 60 Picasso
1121 1235 90 56 has
1251 1251 87 42 not
1386 1239 141 70 quite

153 1305 188 74 caught
380 1305 85 57 the
506 1309 175 55 notion
723 1308 105 56 that
867 1308 87 58 the
983 1310 196 58 theatre
1207 1313 42 55 is
1277 1312 85 56 the
1391 1312 137 57 book

148 1379 78 61 for
266 1380 145 60 those
441 1381 118 61 who
590 1383 143 58 don't
761 1384 142 67 read,
938 1418 67 5 —
1037 1385 120 57 who
1185 1387 198 57 neither
1410 1412 114 41 can,

150 1483 55 36 or
244 1458 131 59 have
417 1461 122 56 time
580 1474 50 43 to
671 1459 141 58 read.

265 1535 82 57 It's
388 1559 63 33 an
492 1535 88 57 old
623 1536 137 58 label
800 1535 116 69 this,
959 1536 93 58 but
1090 1561 100 33 one
1220 1536 172 58 which
1419 1562 72 33 mo-

149 1611 126 59 dern
314 1627 144 59 stage
499 1610 266 76 designers
807 1611 52 57 of
900 1637 149 33 sense
1079 1611 161 77 might
1265 1613 205 71 ponder
1496 1638 31 30 a

150 1689 125 57 little
315 1712 141 33 more
497 1686 155 60 often.

261 1764 86 56 To
388 1762 147 58 make
576 1789 30 32 a
647 1779 228 42 costume
917 1789 57 32 so
1033 1764 234 58 fantastic
1326 1762 106 59 that
1489 1765 38 53 it

148 1863 113 48 says
300 1840 210 75 nothing
550 1844 43 53 is
633 1855 51 42 to
736 1842 119 55 miss
914 1840 85 57 the
1057 1840 156 66 mark,
1273 1839 103 58 and
1438 1840 60 56 Pi-

149 1914 190 57 casso's
361 1930 230 42 costume
611 1916 76 56 for
764 1915 92 57 Un
879 1914 258 76 Manager
1164 1916 70 55 de
1258 1915 213 56 Parade

149 1994 178 53 misses
367 1991 87 57 the
494 1991 157 57 mark.
757 1991 103 57 His
901 1991 123 57 idea
1063 1991 52 57 of
1221 1991 77 57 Le
1340 1990 183 58 cheval

150 2072 10 17 '
187 2065 69 57 de
298 2065 213 57 Parade
533 2066 11 18 '
653 2065 159 75 being
851 2091 31 32 a
933 2070 168 54 comic
1141 2069 382 69 interpretation

146 2140 54 57 of
237 2140 86 57 the
364 2141 92 57 old
498 2143 169 56 comic
707 2157 143 59 stage
891 2141 150 60 horse
1081 2142 53 57 of
1173 2142 86 57 the
1288 2142 95 57 last
1414 2143 112 56 four

146 2216 238 58 hundred
426 2240 164 52 years,
633 2217 96 59 hits
769 2220 86 57 the
897 2218 152 59 bull's
1108 2244 115 49 eye.
1324 2218 108 58 Yet
1490 2223 36 54 it

145 2316 108 34 was
294 2292 96 58 this
432 2293 148 57 horse
621 2292 173 60 which
828 2295 220 57 aroused
1077 2295 125 58 such
1232 2320 31 32 a
1292 2309 152 43 storm
1471 2295 53 57 of

145 2384 222 57 protest:
409 2370 159 73 really
606 2371 168 57 rather
813 2371 179 57 idiotic
1033 2386 209 58 protest,
1287 2373 141 55 since
1486 2375 40 53 it

145 2444 104 58 had
289 2444 137 58 been
465 2444 257 73 accepted
762 2447 102 56 and
905 2471 133 32 even
1072 2446 132 57 tired
1235 2470 57 33 us
1320 2471 30 32 a
1378 2446 143 65 little,

145 2521 97 57 this
282 2521 135 73 aged
458 2522 166 65 horse,
667 2523 112 56 four
818 2522 243 58 hundred
1101 2546 148 51 years
1283 2522 108 58 old.

257 2596 119 58 The
416 2611 144 43 notes
600 2621 67 33 on
707 2597 85 57 the
845 2598 145 57 work
1046 2597 53 57 of
1159 2597 213 58 Picasso
1413 2621 108 50 say,

145 2687 231 62 amongst
414 2672 145 61 other
597 2672 257 61 excellent
893 2697 57 34 or
1001 2672 111 59 daft
1170 2673 185 78 things,
1419 2673 107 57 that

210 2748 85 58 the
334 2749 121 60 able
496 2775 90 34 use
614 2752 52 57 of
693 2753 325 72 perspective
1047 2751 70 74 by
1145 2751 213 58 Picasso
1394 2773 130 52 gave

145 2850 66 33 an
249 2828 297 70 impression
587 2827 52 58 of
679 2827 179 58 added
901 2827 162 73 depth
1123 2841 52 43 to
1234 2827 86 57 the
1380 2841 144 58 stage

146 2917 92 51 set,
281 2902 163 57 which
486 2913 36 47 is
560 2904 282 73 something
880 2925 112 36 new
1035 2913 50 47 in
1127 2903 274 57 theatrical
1438 2902 57 57 de-

145 2987 244 53 coration,

259 3059 39 60 It
327 3079 105 40 Was
459 3057 287 76 something
773 3081 119 35 new
920 3055 157 60 about
1104 3057 86 58 the
1212 3077 122 51 year
1363 3053 159 66 1550,

146 3171 68 6 —
257 3142 38 54 it
334 3162 108 33 was
482 3161 120 33 new
642 3151 53 41 to
733 3135 85 57 the
872 3149 144 60 stage
1075 3134 93 57 but
1223 3132 107 66 old,
1391 3153 135 34 even

145 3213 137 66 then,
323 3228 52 42 to
413 3212 86 57 the
539 3213 221 71 painters
784 3234 13 33 :
840 3234 57 32 so
936 3209 141 57 what
1103 3208 86 57 the
1218 3208 190 63 writer,
1441 3204 82 58 M.

146 3288 280 75 Raymond
455 3289 241 72 Cogniat,
729 3309 98 33 can
854 3308 150 33 mean
1030 3308 84 33 we
1136 3307 96 34 can
1255 3283 90 56 but
1375 3306 151 50 guess

146 3379 80 51 at;
268 3364 66 56 he
376 3363 148 58 don't
562 3361 148 59 make
759 3360 203 57 himself
1014 3359 302 74 sufficiently
1369 3358 152 57 clear.

262 3440 53 56 In
355 3464 63 32 an
460 3440 299 73 interesting
800 3435 177 60 article
1016 3459 68 34 on
1113 3435 275 72 Sculpture
1422 3433 102 57 and

149 3516 372 56 Romanticism
564 3514 82 57 M.
693 3514 113 56 Luc
847 3513 214 55 Benoist
1099 3525 183 59 quotes
1329 3534 30 32 a
1410 3533 87 48 pas-

148 3613 123 52 sage
309 3590 128 58 from
477 3589 227 58 Proust's
811 3589 235 71 amazing
1072 3586 211 71 preface
1310 3599 52 42 to
1390 3584 101 58 Rus-

148 3666 129 59 kin's
322 3666 217 59 Sesame
576 3666 110 57 and
740 3664 177 58 Lilies.
1074 3662 97 56 An
1231 3664 297 72 interesting

148 3745 264 71 quotation
451 3744 68 70 (is
557 3741 86 57 the
684 3740 210 75 preface
935 3737 277 59 translated
1251 3740 106 54 into
1386 3736 107 78 Eng-

149 3817 112 68 lish,
304 3816 71 75 by
413 3816 88 58 the
540 3816 182 74 way?)
776 3815 104 58 and
939 3838 118 34 runs
1112 3812 148 59 thus:
1388 3814 42 57 It
1486 3815 42 54 is

149 3894 88 57 the
277 3908 282 58 spectators
614 3891 120 58 who
794 3915 86 33 are
944 3891 264 56 romantic.
1302 3887 227 60 Masters

152 3970 154 68 (even
347 3968 257 59 so-called
644 3970 247 54 romantic
931 3966 238 71 masters)
1211 3989 87 34 are
1333 3966 195 71 always

149 4045 202 66 classic,
455 4042 174 61 which
667 4042 175 59 makes
883 4066 83 33 me
994 4056 139 43 want
1157 4057 52 42 to
1236 4040 125 59 read
1390 4065 139 33 more

152 4120 53 57 of
245 4118 84 59 M.
371 4118 200 65 Proust,
602 4150 65 8 —
703 4132 203 51 except,
948 4117 127 57 after
1113 4141 57 32 so
1209 4117 263 66 satisfying
1499 4140 32 33 a

152 4198 171 70 piece,
366 4195 140 57 what
545 4217 143 34 more
727 4192 155 59 could
925 4217 100 34 one
1066 4206 157 45 want.

1432 4213 51 50 p.
1483 4191 45 59 b.

1572 942 277 143 TWO
1941 942 1017 143 DRAMATISTS.

1576 1156 59 57 A
1696 1156 305 59 GREAT
2054 1157 269 60 NAME
2378 1157 578 67 FORGOTTEN.

1580 1317 32 124 I
1658 1324 189 42 cannot
1886 1309 141 59 often
2087 1310 104 58 feel
2232 1334 56 34 as
2331 1312 16 54 I
2389 1309 92 59 felt
2540 1310 91 58 but
2689 1313 267 76 yesterday

1658 1384 228 57 towards
1928 1387 87 55 the
2055 1389 174 55 writer
2267 1385 54 59 of
2360 1409 102 33 one
2490 1387 54 57 of
2571 1387 85 57 the
2685 1387 116 58 best
2827 1388 130 61 short

1575 1463 148 72 plays
1762 1461 54 56 of
1855 1461 86 58 the
1982 1477 233 58 century,
2222 1461 237 74 —really
2500 1461 19 59 1
2559 1463 162 75 might
2760 1488 90 50 say
2874 1465 82 59 the

1575 1539 117 56 best
1731 1536 218 59 without
1988 1562 141 33 more
2171 1539 287 57 hesitation.

1687 1611 122 57 The
1850 1611 143 59 work
2032 1637 110 33 was
2184 1638 57 33 so
2280 1614 217 72 perfect,
2528 1615 38 55 it
2606 1613 96 58 did
2731 1638 60 33 so
2817 1633 137 57 great

1574 1712 66 33 an
1678 1686 199 57 honour
1916 1702 50 41 to
2007 1712 91 34 our
2137 1703 146 61 stage
2324 1689 230 57 because
2595 1690 55 56 of
2688 1689 118 67 this,
2834 1690 119 65 that,

1574 1762 216 74 reading
1829 1765 52 65 it,
1927 1764 16 56 I
1987 1762 91 59 felt
2112 1764 305 75 immensely
2443 1764 167 73 pjoud
2639 1765 55 58 of
2719 1765 69 58 all
2815 1766 112 59 thea-

1573 1854 118 49 tres,
1734 1837 52 58 of
1824 1837 69 59 all
1933 1841 190 73 acting,
2164 1840 55 57 of
2257 1839 67 58 all
2366 1842 63 55 its
2471 1840 303 67 audiences,
2803 1841 55 57 of
2891 1842 63 59 all

1575 1916 304 61 dramatists,
1921 1915 104 57 and
2077 1915 212 76 nothing
2351 1940 109 33 was
2520 1916 205 74 lacking
2764 1931 53 44 to
2874 1943 80 48 my

1573 1990 216 73 delight.

1686 2066 141 57 That
1866 2066 144 57 there
2049 2090 109 33 was
2218 2091 123 50 very
2382 2066 127 58 little
2554 2083 52 40 to
2646 2066 104 60 feel
2791 2069 161 72 proud

1573 2142 53 59 of
1665 2145 51 56 in
1757 2165 90 34 our
1888 2141 247 69 Theatre,
2180 2142 129 57 least
2347 2142 52 59 of
2440 2142 66 59 all
2548 2146 62 53 its
2650 2142 169 68 faults,
2863 2143 88 58 did

1573 2232 87 44 not
1700 2241 156 35 occur
1914 2232 52 42 to
2007 2241 102 42 me,
2159 2218 77 58 for
2275 2218 19 58 I
2355 2243 109 33 was
2524 2218 201 58 carried
2787 2244 163 35 awav.

1571 2295 122 57 The
1733 2297 174 55 writer
1946 2293 53 57 of
2057 2295 97 55 this
2196 2295 121 73 play
2357 2295 102 57 had
2521 2297 163 54 taken
2742 2319 69 33 on
2852 2296 99 57 him

1571 2371 87 57 the
1719 2372 101 56 sins
1860 2370 54 57 of
1973 2368 86 59 the
2098 2370 171 57 others
2294 2395 11 39 ;
2349 2370 67 58 he
2455 2370 103 58 had
2620 2373 155 71 given
2815 2371 136 57 them

1573 2443 306 60 absolution.
1960 2444 135 58 And
2135 2469 68 33 no
2264 2444 177 74 longer
2478 2446 94 57 did
2612 2470 102 49 you
2754 2444 67 60 all
2862 2470 58 49 ap-

1573 2546 123 48 pear
1736 2521 160 75 guilty
1935 2521 53 57 of
2026 2521 245 76 anything
2294 2546 11 41 ;
2311 2522 171 57 —but
2521 2521 87 68 oh,
2650 2522 122 58 how
2830 2522 96 58 ridi-

1571 2596 181 58 culous
1792 2620 101 49 you
1955 2594 258 75 suddenly
2271 2597 239 67 became,
2553 2597 78 57 for
2671 2597 17 57 I
2728 2596 223 59 realized

1570 2672 108 57 that
1736 2672 124 57 here
1913 2695 108 33 was
2079 2671 105 58 and
2224 2673 42 56 is
2307 2672 86 57 the
2436 2673 282 57 Dramatist
2777 2673 53 57 of
2868 2673 83 57 the

1571 2773 116 49 age,
1747 2747 104 58 and
1890 2748 67 56 he
2017 2747 98 58 still
2175 2751 212 72 waiting
2445 2765 53 43 to
2557 2748 126 58 hear
2722 2775 29 31 a
2792 2748 159 77 single

1571 2823 165 58 round
1777 2823 55 57 of
1870 2820 268 75 applause,
2181 2823 103 57 and
2324 2823 228 69 damme,
2582 2825 151 74 again
2760 2824 187 75 you've

1573 2900 252 74 forgotten
1863 2922 127 50 your
2029 2922 118 34 cue.

1686 2975 151 57 Here
1876 2998 111 33 was
2027 2973 103 58 and
2170 2977 43 55 is
2252 2999 102 33 one
2394 2975 122 59 who
2567 2975 182 59 knows
2791 2975 161 59 better

1573 3052 120 57 than
1733 3074 100 50 any
1891 3049 145 58 other
2081 3049 86 57 the
2225 3050 153 59 value
2417 3052 55 58 of
2510 3052 86 58 the
2657 3052 169 66 word,
2868 3050 83 59 the

1574 3149 180 51 pause,
1820 3124 87 58 the
1965 3140 112 42 turn
2084 3124 158 60 —the
2313 3125 184 60 almost
2567 3128 152 57 silent
2784 3130 165 61 voice,

1575 3203 84 57 the
1700 3201 138 58 clear
1876 3203 215 54 incisive
2130 3201 214 72 speech,
2387 3201 87 59 the
2521 3203 196 76 halting
2758 3204 194 71 perfect

1573 3280 273 71 hesitating
1886 3275 211 69 sounds,
2139 3278 88 57 the
2275 3292 248 62 gestures,
2565 3303 158 50 every
2761 3302 102 35 one
2902 3278 50 57 of

1574 3355 174 65 them;
1790 3354 85 57 the
1917 3351 127 59 little
2084 3351 150 59 tricks
2275 3354 104 57 and
2420 3355 86 58 the
2537 3355 199 72 deeper
2761 3358 190 54 serious

1575 3427 360 65 under-tricks,
1978 3427 103 58 and
2123 3427 123 59 then
2285 3430 86 57 the
2412 3430 117 58 best
2568 3431 54 56 of
2661 3431 69 57 all
2766 3430 185 75 things,

1575 3507 87 56 the
1702 3506 121 73 long
1870 3504 235 72 swelling
2145 3504 394 61 under-current
2592 3506 176 59 which
2830 3528 121 53 goes

1576 3607 66 33 on
1683 3580 103 58 and
1827 3579 212 57 reaches
2098 3581 106 55 into
2243 3580 68 57 all
2371 3596 126 44 sorts
2538 3581 54 57 of
2650 3605 214 35 caverns
2904 3579 49 58 of

1575 3657 214 75 thought
1827 3654 104 58 and
1971 3654 191 76 feeling
2192 3656 144 57 ....all
2364 3657 98 57 this
2491 3657 103 57 and
2623 3681 160 35 more.
2853 3656 99 57 His

1576 3731 253 61 technical
1872 3745 220 57 mastery
2149 3731 216 71 perfect,
2426 3734 105 57 and
2592 3736 141 71 spirit
2792 3732 68 59 all
2900 3755 52 33 as

1576 3810 214 73 perfect.
1870 3806 133 58 And
2065 3805 97 57 this
2222 3831 101 51 you
2384 3834 159 34 never
2600 3808 198 68 noted;
2859 3807 94 60 this

1576 3910 102 50 you
1717 3906 119 51 may
1874 3882 132 57 have
2069 3905 126 34 seen
2253 3885 103 57 and
2411 3901 87 42 not
2556 3886 263 66 realized;
2862 3883 91 59 this

1576 3985 102 51 you
1720 3982 118 50 may
1902 3981 134 34 even
2092 3957 135 58 have
2290 3960 156 59 made
2511 3977 261 42 overtures
2830 3974 52 44 to
2887 3989 69 11 —

1575 4035 217 76 through
1832 4057 30 32 a
1902 4056 171 50 penny
2112 4032 205 60 whistle
2375 4036 129 58 from
2553 4032 401 63 Hammersmith

1576 4137 59 33 or
1673 4108 333 75 Hampstead
2045 4131 59 33 or
2140 4108 88 59 the
2270 4111 127 58 East
2438 4113 191 59 Indies.

1691 4186 134 59 And
1869 4184 16 58 I
1927 4182 90 60 felt
2055 4184 224 59 towards
2319 4186 97 58 this
2453 4191 171 56 writer
2648 4211 135 34 once
2811 4186 145 75 again
