3068 4477
155 95 84 52 152

148 194 91 57 has
278 190 121 76 only
438 209 52 41 to
530 190 150 76 study
719 191 86 60 the
847 194 182 58 record
1071 194 53 58 of
1164 197 61 55 its
1286 194 210 58 achieve-

149 284 180 43 ments.

263 345 38 56 It
355 348 40 53 is
456 368 111 33 rare
626 345 108 57 that
793 371 68 31 an
921 348 140 54 artist
1120 345 92 57 has
1270 344 257 60 achieved

146 419 333 58 world-wide
520 444 212 34 renown
772 424 51 54 in
864 445 141 33 more
1045 420 121 58 than
1204 445 101 33 one
1331 421 196 59 branch

145 495 55 58 of
238 495 79 57 his
356 509 91 51 art,
489 495 92 57 but
620 496 276 57 Cecchetti
938 520 109 33 was
1087 522 31 30 a
1157 495 101 58 fine
1311 495 213 69 dancer,

145 595 29 31 a
202 572 154 55 mime
395 571 52 56 of
485 574 181 72 genius
705 571 103 57 and
850 571 362 74 undoubtedly
1251 570 85 58 the
1378 597 117 49 grea-

145 661 100 42 test
282 646 210 56 teacher
531 647 52 56 of
623 646 85 57 the
736 671 96 50 age
860 650 50 53 in
939 647 86 58 the
1054 647 280 73 technique
1360 650 54 56 of
1439 649 85 58 the

145 721 234 57 classical
421 721 174 58 ballet.

258 797 85 56 As
383 821 66 33 an
487 801 138 55 artist
677 798 65 56 he
797 801 40 55 is
898 800 116 57 best
1068 800 188 58 known
1315 802 52 55 in
1428 800 95 57 this

144 887 213 58 country
395 872 76 56 for
511 873 86 58 the
637 898 153 49 many
833 875 131 56 roles
1023 875 214 57 created
1298 875 71 73 by
1420 875 106 57 him

144 947 181 75 during
366 947 78 57 his
484 948 122 73 long
638 953 307 54 association
974 951 126 56 with
1128 951 86 58 the
1241 951 283 75 Diaghilev

144 1023 289 74 Company.
535 1025 147 57 How
742 1026 121 56 well
918 1050 98 32 one
1072 1026 315 57 remembers
1446 1026 77 58 his

145 1098 183 59 Grand
372 1099 220 59 Eunuch
631 1103 51 54 in
723 1101 413 67 Scheherazade,
1166 1102 76 57 his
1272 1102 254 57 Pantalon

140 1178 52 54 in
234 1176 76 56 Le
352 1174 279 69 Carnaval,
673 1176 77 57 his
793 1177 255 57 Kostchei
1077 1179 51 55 in
1159 1177 267 58 L'Oiseau
1462 1178 62 56 de

145 1251 125 66 Feu,
313 1249 76 57 his
419 1249 270 77 Magician
714 1254 52 54 in
1461 1252 66 56 Pe
1176 1253 78 57 his
1284 1252 238 74 Marquis

143 1326 54 57 di
238 1327 179 57 Lucca
456 1329 51 54 in
554 1327 109 57 The
692 1327 487 58 Good-Humoured
1200 1328 190 59 Ladies
1419 1328 103 57 and

141 1402 79 56 his
263 1402 343 73 Shopkeeper
645 1406 53 53 in
744 1402 84 57 La
889 1404 261 69 Boutique
1208 1404 314 69 Faniasque.

252 1477 119 57 The
410 1477 100 57 first
550 1501 107 33 was
699 1502 30 31 a
769 1478 294 74 doddering
1103 1478 90 57 old
1235 1503 118 32 man
1401 1479 119 57 who

139 1552 252 58 waddled
431 1568 52 42 to
522 1553 103 57 and
666 1553 91 65 fro,
800 1554 77 56 his
907 1554 70 56 fat
1005 1553 293 72 pendulous
1329 1554 191 57 cheeks

140 1628 212 58 creased
380 1630 52 55 in
457 1653 30 31 a
513 1628 201 57 fatuous
742 1630 161 56 smile.
987 1629 88 56 Do
1103 1653 100 50 you
1231 1630 289 57 remember

140 1703 85 57 the
267 1705 269 70 rapacious
574 1705 88 71 joy
700 1705 125 55 with
864 1704 175 57 which
1080 1705 67 57 he
1189 1704 215 58 fondled
1433 1704 86 58 the

139 1801 133 34 mass
311 1778 52 57 of
399 1779 183 72 jewels
621 1779 173 57 which
833 1803 110 33 was
982 1779 86 57 the
1129 1783 141 70 price
1331 1780 52 56 of
1440 1780 78 57 his

136 1853 253 76 releasing
428 1854 85 57 the
554 1878 159 50 negro
752 1854 196 66 slaves;
992 1855 122 57 then
1155 1855 77 57 his
1273 1869 156 43 terror
1468 1870 51 42 at

137 1928 87 58 the
263 1944 167 42 return
470 1930 54 56 of
562 1929 86 58 the
689 1930 160 66 Shah,
893 1930 86 57 the
1019 1930 184 76 rolling
1263 1930 251 75 eyeballs,

139 2002 84 59 the
262 2005 223 57 horrible
524 2006 261 75 writhings
826 2006 52 56 of
917 2006 76 57 his
1035 2006 143 74 body
1218 2032 55 33 as
1313 2008 113 57 four
1466 2009 52 56 of

137 2079 86 61 the
262 2081 228 59 eunuchs
532 2081 206 59 choked
780 2098 85 42 out
906 2082 76 59 his
1025 2081 85 60 life
1134 2090 23 50 ?

249 2157 121 59 The
410 2157 197 60 second
648 2182 109 35 was
799 2184 27 32 a
868 2159 155 68 brisk,
1066 2159 153 75 agile,
1263 2184 252 50 pompous

136 2232 126 60 little
303 2259 116 33 man
459 2237 52 55 in
550 2235 136 57 fawn
728 2250 117 43 coat
885 2236 101 56 and
1048 2235 191 74 yellow
1296 2250 219 43 trousers

136 2309 125 59 with
300 2335 29 33 a
370 2310 161 77 single
574 2335 157 52 green
770 2314 156 71 stripe
968 2311 157 58 down
1180 2310 131 58 each
1368 2310 144 66 side;

136 2413 56 34 so
231 2389 296 67 conceited,
571 2413 57 33 so
668 2387 151 59 much
861 2411 30 33 a
931 2413 118 31 man
1090 2386 53 58 of
1202 2386 85 58 the
1346 2386 168 58 world

136 2465 104 57 that
280 2465 66 57 he
386 2463 278 75 suggested
703 2463 66 58 he
817 2462 101 57 had
982 2462 93 57 but
1132 2476 52 42 to
1242 2462 130 56 twirl
1432 2461 76 58 his

136 2541 189 57 waxed
351 2540 298 58 moustache
676 2554 52 42 to
756 2538 147 73 bring
932 2561 100 51 any
1056 2537 122 73 lady
1204 2551 51 43 to
1283 2537 77 57 his
1388 2536 120 60 feet.

248 2616 121 57 The
408 2615 132 58 third
581 2637 108 36 was
729 2640 28 30 a
799 2615 194 73 mighty
1035 2608 296 69 enchanter,
1386 2613 124 56 with

137 2692 140 74 scaly
319 2692 147 57 limbs
507 2690 102 59 and
651 2688 260 60 claw-like
964 2688 167 57 hands
1155 2714 12 39 ;
1231 2712 30 33 a
1319 2687 191 58 demon

136 2768 274 73 possessed
452 2768 52 57 of
543 2768 85 57 the
668 2792 179 51 power
885 2782 51 45 to
976 2781 113 44 turn
1128 2780 52 44 to
1221 2778 145 45 stone
1411 2787 101 50 any

136 2844 106 59 that
282 2844 163 60 dared
485 2860 51 42 to
578 2862 142 41 enter
758 2846 78 57 his
878 2846 253 57 domains.

249 2921 121 58 The
409 2921 165 58 fourth
614 2946 106 33 was
762 2919 404 74 half-magician,
1208 2916 274 59 half-show-

136 3021 135 42 man,
314 2997 122 58 v/ho
499 2997 199 57 caused
758 2997 141 56 three
941 3011 224 57 puppets
1226 3010 51 40 to
1344 2993 168 56 dance

136 3088 51 42 to
247 3073 87 57 the
394 3076 175 53 strains
629 3072 52 57 of
753 3072 77 56 his
896 3072 134 57 flute.
1113 3071 87 57 Do
1266 3092 102 50 you
1432 3091 54 33 re-

136 3149 233 57 member
408 3148 121 57 how
567 3148 138 57 cruel
766 3148 65 55 he
891 3171 107 33 was
1058 3161 51 40 to
1170 3143 342 66 Petrouchka,

136 3223 103 58 and
278 3224 138 64 how,
459 3222 152 57 when
653 3222 325 57 Petrouchka
1006 3246 108 32 was
1142 3219 159 59 killed
1330 3219 71 71 by
1428 3219 86 57 the

140 3298 175 66 Moor,
357 3298 67 57 he
463 3297 262 72 dispelled
765 3297 86 57 the
893 3299 230 73 growing
1162 3298 261 70 suspicion
1463 3293 52 57 of

136 3374 87 57 the
262 3373 178 58 crowd
480 3373 107 57 that
625 3372 202 58 murder
855 3372 102 57 had
987 3372 137 55 been
1152 3369 151 67 done,
1338 3369 71 74 by
1434 3393 53 32 re-

137 3450 191 73 ducing
369 3449 86 56 the
494 3462 245 58 prostrate
780 3448 159 73 figure
968 3460 51 41 to
1047 3472 30 32 a
1104 3445 142 74 thing
1275 3445 52 57 of
1355 3444 159 58 wood

139 3524 103 57 and
282 3523 231 58 sawdust
537 3529 25 51 ?

249 3600 121 56 The
397 3599 106 57 fifth
530 3623 108 33 was
666 3623 29 32 a
723 3596 277 59 nobleman
1026 3595 53 57 of
1105 3595 85 56 the
1218 3594 299 76 eighteenth

137 3688 232 59 century,
412 3674 87 57 old
540 3673 103 57 and
682 3673 141 64 deaf,
854 3694 202 51 precise
1096 3670 103 57 and
1226 3683 288 50 courteous,

137 3749 120 58 who
296 3749 208 58 walked
545 3774 31 32 a
614 3747 127 59 little
780 3745 307 75 unsteadily,
1131 3744 231 73 possibly
1388 3745 129 57 from

137 3827 220 73 twinges
385 3826 52 55 of
463 3825 87 57 the
579 3840 138 59 gout.
800 3824 98 57 But
926 3822 78 58 his
1032 3824 163 54 vision
1223 3844 110 34 was
1360 3844 158 33 never

140 3924 57 32 so
239 3900 182 57 dulled
460 3900 91 57 but
591 3900 138 57 what
769 3901 38 55 it
849 3896 196 77 lighted
1076 3919 70 49 up
1174 3910 51 42 at
1251 3895 85 58 the
1366 3919 120 49 spec-

136 3975 135 57 tacle
311 3975 54 58 of
400 4001 30 32 a
456 3973 379 75 rosy-cheeked
870 3972 139 61 maid
1037 3998 55 31 or
1123 3996 29 32 a
1180 3972 150 73 dusty
1357 3971 161 57 bottle

139 4050 52 58 of
230 4054 155 54 wine.

250 4125 121 58 The
414 4125 131 57 sixth
584 4150 107 33 was
737 4149 29 32 a
805 4123 167 58 round
1034 4123 156 74 figure
1250 4123 52 55 in
1359 4121 159 58 white

139 4200 115 58 drill
294 4200 104 58 and
440 4222 219 50 panama
698 4200 102 64 hat,
844 4201 52 54 in
934 4214 111 41 turn
1073 4198 315 71 obsequious
1414 4194 103 59 and

1576 194 231 76 bullying
1848 209 51 42 to
1940 194 78 57 his
2058 208 297 51 customers,
2383 194 226 74 exciting
2637 192 129 58 their
2790 199 137 57 curio-

1575 274 97 70 sity
1711 273 70 71 by
1820 297 31 30 a
1890 270 238 57 hundred
2159 283 228 58 gestures
2416 269 103 56 and
2549 273 319 72 suggestions
2901 275 55 57 of

1575 371 123 33 ever
1739 360 201 60 greater
1978 345 217 57 marvels
2237 360 51 41 to
2327 368 168 39 come,
2538 344 86 57 the
2677 345 157 59 while
2884 348 68 58 he

1574 421 245 59 bounced
1860 423 129 55 from
2030 444 99 33 one
2169 437 51 39 to
2262 420 87 57 the
2388 420 147 57 other
2573 420 125 57 with
2743 421 67 59 all
2868 424 85 58 the

1573 498 276 72 resiliency
1889 498 54 57 of
1980 520 31 33 a
2051 495 195 58 rubber
2284 494 141 67 ball;
2467 495 86 57 the
2600 495 173 60 whole
2832 498 90 58 cha-

1573 589 163 42 racter
1757 598 109 32 was
1895 572 288 58 conceived
2214 574 52 53 in
2295 571 127 57 such
2449 595 30 32 a
2507 572 142 70 spirit
2676 571 54 59 of
2751 576 173 69 quaint-

1573 673 115 33 ness
1730 649 102 56 and
1875 649 87 56 fun
2003 671 55 34 as
2098 663 51 40 to
2191 647 69 56 be
2299 646 302 57 inimitable.

1688 725 18 56 1
1747 724 156 57 recall
1945 746 100 33 one
2084 746 124 49 very
2248 722 239 74 affecting
2526 725 245 54 occasion
2798 724 154 58 when

1581 798 108 58 The
1727 800 254 71 Sleeping
2018 798 256 64 Princess,
2315 821 65 32 an
2421 800 301 70 adaptation
2760 798 53 58 of
2869 800 83 57 La

1574 875 156 57 Belle
1771 899 70 33 au
1881 875 125 57 Bois
2048 873 276 65 Dormant,
2370 896 109 33 was
2543 875 155 73 given
2755 886 51 45 at
2863 876 85 56 the

1573 950 294 57 Alhambra
1884 951 247 65 Theatre,
2152 948 241 65 London,
2411 972 67 32 on
2492 948 220 73 January
2724 948 223 64 5,1922.

1573 1027 92 57 On
1705 1026 105 57 that
1835 1026 145 75 night
2008 1026 276 57 Cecchetti
2312 1025 264 73 appeared
2606 1026 78 54 for
2709 1049 99 34 one
2836 1050 85 48 per-

1571 1102 262 56 formance
1872 1102 121 72 only
2025 1105 50 53 in
2103 1101 87 57 the
2216 1115 113 58 part
2356 1101 55 57 of
2436 1099 314 67 Carabosse,
2779 1096 171 62 which

1573 1178 64 56 he
1679 1178 103 57 had
1825 1178 211 59 created
2095 1177 281 71 thirty-two
2435 1200 147 49 years
2642 1177 306 74 previously.

1574 1253 131 56 This
1745 1277 109 33 was
1895 1256 51 54 in
1987 1251 318 58 celebration
2346 1251 53 55 of
2441 1251 85 57 the
2567 1251 180 58 fiftieth
2806 1256 114 53 anni-

1570 1353 207 49 versary
1816 1329 54 58 of
1908 1328 79 57 his
2028 1328 180 72 public
2247 1351 193 33 career.

1686 1404 160 56 Some
1889 1404 127 74 days
2058 1402 293 75 previously
2393 1427 29 32 a
2462 1400 304 74 deputation
2820 1402 127 58 from

1570 1479 86 57 the
1697 1503 255 50 company
1992 1478 161 60 asked
2192 1503 84 33 me
2315 1493 51 42 to
2408 1501 217 49 prepare
2676 1477 78 57 for
2810 1477 135 58 them

1569 1578 142 33 some
1753 1555 133 56 brief
1926 1555 218 58 address
2204 1569 52 41 to
2314 1553 277 57 Cecchetti
2648 1552 173 58 which
2879 1553 66 57 all

1567 1629 155 58 could
1766 1633 129 71 sign.
1978 1632 16 54 1
2037 1629 229 74 planned
2308 1653 30 33 a
2379 1629 190 57 vellum
2609 1628 151 57 scroll
2801 1643 50 42 to
2879 1628 68 58 be

1566 1704 212 57 headed
1820 1704 126 58 with
1987 1707 232 71 portraits
2260 1707 52 54 in
2340 1703 364 58 water-colour
2731 1703 52 57 of
2810 1704 101 56 Cec-

1566 1780 159 57 chetti
1764 1783 52 54 in
1857 1780 77 57 his
1974 1797 131 40 most
2144 1781 198 56 famous
2402 1779 152 66 roles,
2616 1778 176 58 below
2849 1779 96 57 this

1566 1879 148 33 came
1754 1881 29 31 a
1824 1855 136 57 short
1993 1855 235 66 address,
2270 1855 86 56 the
2395 1856 204 69 precise
2628 1854 240 75 phrasing
2895 1854 52 56 of

1566 1930 174 58 which
1781 1931 18 57 I
1838 1931 180 73 forget.
2098 1931 122 57 The
2249 1930 150 57 scroll
2430 1955 108 32 was
2567 1929 105 57 laid
2702 1929 243 57 between

1565 2023 104 42 two
1708 2009 181 71 pieces
1929 2005 54 58 of
2022 2005 111 69 silk,
2176 2006 86 57 the
2305 2006 164 57 lower
2509 2028 176 53 green,
2728 2004 85 58 the
2853 2028 62 48 up-

1564 2108 92 47 per
1696 2081 113 59 red.

1679 2157 102 74 My
1819 2156 166 59 friend
2028 2156 267 59 Schwabe
2337 2156 213 74 painted
2591 2155 86 58 the
2738 2155 201 76 figures,

1562 2234 158 57 while
1760 2232 87 60 the
1887 2249 106 42 text
2031 2256 109 35 was
2180 2237 203 54 written
2423 2248 88 43 out
2554 2231 68 76 by
2667 2256 31 31 a
2757 2231 183 58 scribe.

1564 2310 86 56 As
1689 2333 127 34 soon
1856 2333 56 33 as
1952 2309 97 57 this
2108 2333 110 34 was
2279 2307 138 57 done
2477 2307 87 57 the
2623 2306 153 58 scroll
2835 2330 108 34 was

1562 2385 206 58 hurried
1813 2399 49 42 to
1904 2385 85 56 the
2030 2383 302 75 stage-door
2390 2382 52 57 of
2502 2383 88 56 the
2649 2381 294 58 Alhambra

1560 2461 103 58 and
1703 2460 126 59 with
1868 2460 154 58 much
2050 2484 212 48 secrecy
2291 2458 181 74 signed
2503 2460 70 72 by
2601 2483 156 49 every
2784 2481 120 35 mem-

1561 2537 94 57 ber
1693 2538 54 56 of
1786 2536 85 57 the
1927 2559 270 48 company.
2277 2533 122 57 The
2462 2537 281 73 signatures
2803 2556 139 34 were

1559 2636 55 32 so
1655 2635 169 49 many,
1867 2611 102 56 and
2012 2635 56 32 so
2095 2612 321 55 interwoven
2442 2610 105 57 and
2582 2608 360 65 intercrossed,

1557 2686 107 57 that
1703 2702 51 41 at
1792 2687 101 56 first
1933 2686 134 75 sight
2105 2684 86 58 the
2233 2684 150 59 scroll
2408 2684 296 59 resembled
2735 2710 29 32 a
2792 2687 151 71 piece

1557 2762 54 57 of
1651 2761 154 58 black
1846 2761 130 57 lace.

1673 2839 81 58 At
1794 2838 85 57 the
1921 2836 105 59 end
2067 2837 53 57 of
2148 2837 85 58 the
2260 2837 196 58 second
2486 2852 100 51 act,
2618 2836 158 58 when
2803 2837 103 57 Cec-

1559 2914 157 59 chetti
1757 2937 109 33 was
1905 2913 173 74 taking
2119 2912 76 58 his
2256 2913 117 66 call,
2435 2913 87 57 the
2581 2914 195 55 curtain
2834 2935 108 34 was

1559 2989 168 57 raised
1768 2989 103 56 and
1912 2988 66 57 he
2018 3011 110 33 was
2168 2988 280 72 presented
2488 2988 127 57 with
2648 3011 154 49 many
2827 3010 87 33 sou-

1560 3067 166 56 venirs
1766 3064 53 57 of
1857 3062 86 58 the
1975 3064 244 56 occasion
2258 3063 71 74 by
2389 3063 76 58 his
2525 3063 178 57 fellow
2763 3064 177 55 artists.

1560 3143 81 56 At
1679 3140 95 58 last
1814 3139 85 57 the
1941 3140 195 59 curtain
2176 3163 108 33 was
2326 3139 232 57 lowered
2599 3138 105 58 and
2745 3138 120 57 then
2914 3162 29 32 a

1560 3219 204 71 moving
1804 3238 157 33 scene
2021 3237 109 34 was
2190 3214 242 58 enacted.
2515 3214 226 74 Imagine
2802 3236 140 34 some

1560 3290 236 59 hundred
1838 3289 218 58 dancers
2097 3292 234 71 grouped
2370 3293 52 54 in
2464 3316 28 30 a
2533 3290 174 57 circle.
2778 3289 53 56 In
2857 3288 86 57 the

1560 3383 175 42 centre
1774 3365 148 57 stood
1962 3365 277 57 Cecchetti
2277 3366 103 56 and
2422 3368 239 71 opposite
2699 3364 105 57 him
2844 3387 100 34 one

1561 3444 56 55 of
1653 3441 87 56 the
1780 3463 256 48 company
2075 3439 122 57 v/ho
2238 3440 127 57 read
2407 3455 88 42 out
2534 3465 29 31 a
2600 3440 121 75 long
2749 3438 195 74 speech

1562 3521 51 55 in
1654 3519 241 63 Russian,
1938 3515 173 57 which
2153 3530 77 42 set
2281 3516 134 57 forth
2460 3516 79 57 his
2597 3516 209 73 history,
2867 3514 77 57 his

1562 3591 266 73 triumphs,
1870 3591 85 56 the
1995 3590 117 57 love
2154 3589 104 59 and
2298 3591 199 59 honour
2535 3591 122 74 they
2685 3591 128 57 bore
2839 3590 104 57 him

1561 3693 56 32 as
1658 3694 30 32 a
1726 3681 142 61 great
1905 3667 140 55 artist
2084 3666 104 56 and
2228 3666 181 75 kindly
2435 3667 211 58 teacher
2672 3666 122 67 and,
2826 3665 93 57 last-

1564 3742 68 75 ly,
1675 3742 129 58 their
1842 3740 430 72 congratulations
2314 3758 52 42 to
2406 3742 105 58 him
2552 3765 67 33 on
2657 3741 109 57 that
2804 3739 143 76 night

1562 3819 54 57 of
1653 3817 77 57 his
1768 3816 215 72 jubilee.
2061 3815 121 58 The
2223 3816 89 58 old
2364 3841 118 33 man
2542 3816 219 58 listened
2820 3813 124 60 with

1564 3895 125 57 bent
1727 3892 138 57 head
1904 3891 140 66 then,
2087 3916 56 33 as
2190 3892 87 57 the
2335 3895 175 56 words
2566 3891 249 75 conjured
2874 3914 70 48 up

1564 3972 163 55 vision
1766 3967 128 57 after
1934 3968 164 55 vision
2138 3967 53 56 of
2238 3968 217 59 dancers
2479 3994 13 40 ;
2554 3993 144 33 some
2755 3966 189 75 passed

1565 4045 161 57 down
1766 4042 85 57 the
1893 4040 120 74 long
2053 4040 188 76 valley,
2284 4067 143 35 some
2454 4057 86 43 too
2567 4043 90 59 old
2684 4057 51 43 to
2756 4043 186 63 dance,

1569 4144 142 33 some
1752 4117 66 57 he
1858 4116 103 58 had
2008 4116 192 59 known
2258 4142 56 33 as
2375 4120 234 58 children
2661 4117 102 58 and
2825 4117 119 56 who

1565 4219 133 33 even
1739 4192 119 58 then
1900 4215 141 34 were
2095 4192 240 76 standing
2388 4194 72 74 by
2516 4193 79 59 his
2653 4193 112 57 side
2796 4217 10 40 ;
2868 4192 75 56 his
