2986 4282
2700 122 76 50 165

166 218 60 59 A
246 242 136 35 cross
402 222 149 70 piece
571 219 52 59 of
642 219 154 59 wood
818 218 102 59 will
934 218 119 57 then
1067 217 67 57 be
1148 218 251 71 adjusted,

54 313 55 35 as
148 291 120 73 long
305 317 55 32 as
400 293 84 56 the
523 294 227 56 distance
788 293 239 56 between
1053 292 83 56 the
1163 315 97 33 one
1286 315 87 47 gar-

56 387 148 48 game
241 367 102 56 and
382 367 84 56 the
505 367 158 65 other,
703 365 102 58 and
843 365 122 58 with
1003 388 56 32 so
1098 364 149 57 much
1285 390 119 31 over

54 438 107 57 that
199 442 37 53 it
274 462 114 50 may
433 442 193 70 project
664 463 29 32 a
730 439 105 56 foot
891 452 51 42 at
967 437 159 57 either
1153 437 119 63 end,
1301 438 100 56 and

57 513 151 56 made
246 515 52 54 in
338 506 124 64 such
500 537 183 47 away
729 513 103 56 that
887 512 86 55 the
1030 510 128 57 ends
1214 510 51 56 of
1321 512 83 55 the

58 585 158 57 wood
254 609 115 49 may
406 609 90 33 run
536 586 156 72 easily
730 589 51 53 in
819 585 85 56 the
943 584 111 56 said
1092 592 245 62 gargami.

171 659 54 56 In
264 659 118 65 line,
423 659 134 66 then,
597 658 123 57 with
757 658 83 57 the
899 656 127 56 ends
1064 659 51 53 of
1153 656 85 55 the
1295 655 109 56 said

59 733 333 64 cross-beam,
432 733 170 57 which
647 755 89 33 run
773 734 51 53 in
862 730 83 57 the
984 733 243 60 mortises,
1267 729 139 57 there

59 820 133 42 must
230 806 66 56 be
336 820 75 42 set
447 830 67 32 on
553 805 159 57 either
755 804 113 57 side
905 804 207 56 another
1169 805 149 68 piece
1357 802 51 55 of

61 877 156 57 wood
258 879 52 55 of
346 879 86 55 the
489 901 137 33 same
682 876 249 57 thickness
988 875 100 58 and
1147 889 102 42 two
1305 873 104 58 feet

61 953 52 54 in
152 950 189 75 length,
383 951 169 57 which
592 952 40 54 is
672 965 49 41 to
759 950 68 54 be
853 948 132 56 fixed
1013 951 103 53 into
1141 946 84 57 the
1249 947 160 56 lower

62 1023 114 57 side
214 1049 56 31 so
308 1025 106 55 that
449 1023 85 57 the
573 1025 132 54 main
744 1022 253 57 cross-bar
1032 1044 116 48 may
1172 1034 84 43 not
1282 1034 126 50 turn,

63 1121 54 32 as
156 1098 157 73 might
350 1097 158 71 easily
561 1097 203 70 happen
801 1097 170 71 owing
1009 1108 51 42 to
1098 1094 84 56 the
1221 1092 191 74 weight

66 1171 53 56 of
157 1171 85 57 the
283 1194 225 47 persons,
548 1171 117 56 who
716 1192 84 33 are
838 1182 86 43 not
981 1167 190 72 always
1209 1169 51 54 in
1298 1190 85 48 per-

63 1243 299 72 pendicular
400 1246 232 69 position.

176 1318 211 72 Having
426 1314 235 74 adjusted
700 1315 83 58 the
810 1313 249 58 aforesaid
1087 1327 201 42 matters
1314 1334 98 34 one

65 1389 107 59 will
213 1406 78 42 set
341 1392 167 56 above
565 1389 85 56 the
710 1389 122 71 Sky,
872 1390 52 55 in
981 1411 31 31 a
1050 1385 203 73 straight
1310 1385 102 56 line

66 1463 124 57 with
228 1464 85 56 the
363 1461 201 75 upright
603 1461 190 65 beams,
835 1484 31 32 a
915 1459 172 72 pulley
1126 1456 168 59 wheel
1350 1481 66 33 on

26 1577 9 6 •
67 1536 163 58 either
292 1536 147 64 side;
499 1535 213 73 through
763 1534 169 57 which
989 1558 29 30 a
1058 1531 136 75 good
1251 1545 166 56 strong

66 1633 124 49 rope
247 1625 131 42 must
416 1610 66 56 be
541 1606 202 74 passed,
783 1608 51 55 of
871 1606 169 57 which
1097 1629 98 32 one
1234 1604 101 56 end
1375 1606 41 54 is

67 1698 52 42 to
178 1682 67 56 be
284 1682 107 58 tied
448 1681 163 57 round
654 1681 85 55 the
793 1682 134 55 main
984 1677 312 58 cross-beam
1351 1699 67 33 on

67 1756 85 56 the
198 1759 143 53 inner
379 1755 130 65 side,
548 1778 121 31 near
706 1752 85 57 the
842 1752 198 71 upright
1072 1751 191 64 beams,
1317 1749 100 55 and

68 1830 87 57 the
193 1830 157 66 other,
397 1830 203 70 passing
661 1826 211 72 through
936 1826 82 55 the
1075 1823 110 58 said
1248 1822 172 71 pulley

68 1902 212 70 wheels,
339 1905 42 54 is
437 1916 52 41 to
538 1924 146 33 come
734 1898 159 58 down
942 1897 102 56 and
1107 1897 67 56 be
1232 1895 188 57 wound

68 1976 163 57 round
293 1976 86 57 the
430 1973 129 57 ends
609 1973 52 56 of
711 1999 29 31 a
790 1972 227 71 cylinder
1067 1969 170 58 which
1294 1982 127 42 must

70 2051 69 56 be
203 2072 99 33 one
364 2048 106 56 foot
526 2046 101 56 and
674 2070 29 32 a
753 2037 103 65 half
904 2047 51 53 in
1007 2043 259 62 diameter,
1319 2039 99 57 and

70 2123 165 57 rather
296 2122 176 72 longer
520 2119 119 56 than
701 2118 84 56 the
848 2117 229 57 distance
1139 2117 124 56 from
1326 2136 96 33 one

72 2197 201 72 upright
330 2196 151 55 beam
526 2208 50 41 to
614 2193 84 56 the
755 2192 158 65 other,
971 2189 167 57 which
1188 2202 130 42 must
1355 2188 67 55 be

72 2286 79 42 set
188 2269 223 57 beneath
449 2267 85 56 the
574 2279 156 61 stage,
769 2264 102 56 and
928 2263 235 71 adjusted
1208 2264 50 53 in
1298 2259 124 57 such

73 2366 187 48 away
298 2342 106 55 that
459 2339 86 56 the
583 2361 147 48 ropes
788 2335 169 57 which
1008 2358 114 48 pass
1162 2356 119 34 over
1337 2331 84 55 the

76 2417 197 73 pulleys
313 2438 84 33 are
454 2410 386 75 perpendicular
877 2424 51 42 to
973 2409 83 56 the
1115 2408 108 57 said
1263 2405 131 72 cylin-

73 2491 112 65 der,
226 2488 235 72 adjusted
519 2485 123 57 with
692 2486 61 54 its
791 2485 163 69 pivots
1002 2505 56 33 so
1111 2481 104 56 that
1252 2481 37 55 it
1327 2502 95 33 can

75 2565 68 56 be
181 2561 178 59 turned
400 2559 123 58 with
561 2556 202 73 facility.

190 2636 172 65 Then,
404 2635 166 70 facing
611 2631 82 56 the
734 2644 167 43 centre
940 2627 50 56 of
1028 2627 112 65 this,
1180 2649 97 33 one
1319 2624 104 57 will

77 2725 78 43 set
193 2734 30 32 a
263 2721 209 59 capstan
510 2704 122 57 with
670 2702 244 57 sufficient
970 2724 154 48 space
1163 2723 65 31 on
1267 2697 158 56 either

77 2784 115 57 side
255 2806 57 32 so
368 2781 105 56 that
522 2777 85 57 the
661 2775 214 57 handles
932 2798 95 31 can
1092 2789 124 40 turn.
1295 2770 128 55 This

52 2871 237 57 .capstan
326 2869 127 42 must
499 2874 151 34 cause
689 2850 83 55 the
811 2847 109 57 said
961 2847 226 72 cylinder
1227 2860 50 39 to
1314 2858 111 42 turn

78 2932 70 71 by
186 2952 174 33 means
396 2927 51 56 of
475 2950 29 32 a
539 2922 134 75 good
700 2922 134 56 thick
861 2921 165 63 cable,
1054 2921 101 54 half
1182 2918 51 56 of
1258 2917 168 56 which

77 3008 42 54 is
160 3019 51 40 to
251 3003 68 55 be
357 2997 190 60 wound
586 2994 160 58 round
805 2994 84 56 the
928 2992 226 72 cylinder
1211 2989 122 57 with
1373 3011 53 33 as

80 3100 152 48 many
285 3091 134 41 turns
457 3096 55 32 as
551 3069 124 57 shall
733 3068 170 56 suffice
952 3082 50 41 to
1041 3064 140 59 wind
1220 3077 88 42 out
1345 3062 82 56 the

81 3173 168 49 ropes,
297 3146 170 59 which
524 3143 103 57 will
668 3142 65 56 be
778 3140 106 56 tied
943 3154 50 42 to
1039 3140 83 55 the
1178 3135 253 58 cross-bar

81 3227 241 56 between
386 3219 84 56 the
508 3233 101 40 two
661 3214 199 72 upright
915 3213 192 65 beams,
1149 3210 85 56 the
1290 3209 141 56 other

84 3297 104 59 end
228 3295 201 71 passing
467 3289 161 57 round
666 3288 84 56 the
790 3300 222 58 capstan.

195 3369 120 56 The
354 3364 154 58 cloud
552 3377 127 42 must
730 3360 121 57 then
877 3360 66 56 be
981 3355 320 61 constructed
1340 3354 60 56 be-

84 3459 174 42 tween
296 3455 101 41 two
437 3440 174 69 pieces
650 3434 52 56 of
727 3433 172 66 wood,
928 3431 102 57 and
1055 3444 128 42 must
1210 3429 66 54 be
1317 3427 114 70 long

84 3521 53 55 in
175 3516 177 70 shape,
392 3535 56 33 so
487 3510 105 56 that
628 3509 83 56 the
750 3523 102 40 two
891 3506 125 56 ends
1056 3504 51 56 of
1155 3504 86 54 the
1279 3496 153 61 wood

87 3613 117 49 may
244 3601 85 42 not
368 3585 66 56 be
492 3605 139 33 seen.
710 3580 77 54 At
827 3579 85 57 the
969 3581 118 53 time
1147 3575 152 56 when
1351 3572 84 55 the

87 3661 158 61 cloud
283 3661 90 56 has
430 3671 51 42 to
520 3655 68 56 be
639 3652 224 57 lowered
922 3651 68 72 by
1027 3651 125 62 four,
1191 3670 55 33 or
1282 3667 153 42 more,

87 3761 136 40 men,
266 3759 55 32 as
360 3753 115 48 may
531 3730 67 54 be
635 3726 255 71 required,
931 3718 83 63 the
1053 3736 207 57 capstan
1309 3731 130 43 must

90 3814 68 55 be
185 3806 198 65 turned,
414 3828 54 33 so
494 3802 119 64 that,
641 3802 51 53 in
726 3801 286 70 proportion
1039 3821 52 32 as
1117 3796 84 54 the
1229 3792 147 57 cable
1397 3792 40 53 is

90 3881 263 62 unwound
393 3878 126 56 from
557 3874 84 56 the
680 3873 244 71 cylinder,
967 3895 55 32 so
1046 3868 106 59 will
1181 3867 81 56 the
1289 3864 148 57 cords

91 3960 70 55 be
200 3957 69 55 let
307 3966 86 43 out
434 3947 170 58 which
631 3968 136 33 were
795 3944 188 57 wound
1012 3939 160 59 round
1201 3939 83 55 the
1313 3961 126 32 enas

91 4032 56 57 of
203 4029 85 56 the
343 4024 110 58 said
512 4019 243 74 cylinder,
796 4019 102 56 and
954 4010 365 75 consequently
1356 4010 84 55 the

95 4102 155 60 cloud
278 4098 104 60 will
409 4092 228 61 descend
664 4092 119 57 with
804 4092 83 56 the
909 4109 304 53 personages
1233 4106 135 49 upon
1388 4084 52 55 it.

1559 222 112 66 But,
1712 223 52 55 in
1799 219 85 60 the
1923 233 149 44 event
2128 219 51 56 of
2234 218 137 59 there
2423 217 154 75 being
2632 241 148 48 many

1450 317 220 46 persons,
1710 317 136 33 more
1886 317 113 33 men
2038 316 94 33 can
2169 293 67 55 be
2274 306 75 42 set
2373 306 50 42 at
2447 292 51 54 th
2558 306 219 56 capstan,

1450 391 98 32 one
1586 369 187 70 always
1813 368 151 72 being
2003 381 74 42 set
2114 368 51 53 in
2202 365 99 56 line
2339 364 121 57 with
2489 367 38 53 it
2552 379 49 41 to
2629 363 151 75 guide

1451 439 84 56 the
1573 440 149 56 cable
1761 465 55 31 so
1860 440 103 56 that
2008 442 35 53 it
2099 461 113 49 may
2255 452 85 42 not
2396 452 82 56 get
2532 437 249 57 over-laid

1451 512 99 55 and
1589 513 82 56 the
1709 527 207 56 capstan
1956 534 111 49 may
2105 526 85 40 not
2227 509 224 57 unwind.

1563 584 52 56 In
1653 585 200 71 making
1891 585 84 55 the
2032 584 151 56 cloud
2239 581 241 58 reascend
2536 604 95 33 one
2677 580 103 57 will

1453 669 108 43 tnrn
1597 656 84 56 the
1721 656 226 73 cylinder
2005 658 51 54 in
2093 656 82 56 the
2232 656 230 70 opposite
2519 653 261 63 direction,

1453 730 102 63 but,
1600 744 49 42 to
1688 730 69 56 do
1796 731 110 61 this,
1948 729 141 56 there
2127 743 127 42 must
2293 729 64 54 be
2399 750 51 32 as
2488 726 148 57 much
2662 749 122 48 rope

1454 825 66 32 on
1557 801 84 56 the
1679 801 237 57 windlass
1953 824 55 32 as
2046 825 64 31 on
2154 801 81 55 the
2292 800 240 72 cylinder,
2573 823 56 31 so
2667 799 117 64 that,

1454 898 54 31 as
1547 875 81 56 the
1667 898 97 33 one
1803 873 164 58 winds
1994 873 82 65 off,
2104 873 83 56 the
2213 872 143 56 other
2381 872 122 56 shall
2532 871 139 57 wind
2698 895 86 32 on.

2044 2416 142 40 Figure
2208 2424 33 31 3.

1578 2547 99 56 Let
1716 2546 73 56 A.
1832 2545 60 56 B.
1933 2542 99 57 and
2070 2544 65 54 C.
2178 2541 71 56 D.
2288 2540 66 54 be
2391 2537 85 56 the
2514 2551 101 41 two
2655 2558 116 50 groo-

1468 2620 99 57 ved
1608 2621 172 56 beams
1820 2631 75 42 set
1933 2612 434 76 perpendicularly
2391 2626 50 41 to
2466 2610 84 55 the
2583 2608 217 63 horizon,

1469 2693 102 58 and
1610 2693 69 56 let
1717 2692 134 56 them
1888 2690 66 55 be
2013 2687 212 57 secured
2282 2709 56 31 so
2375 2685 103 54 that
2516 2681 116 71 they
2691 2702 113 47 may

1469 2781 86 42 not
1616 2789 163 34 move.
1834 2765 96 54 Let
1986 2762 57 56 F.
2104 2761 70 56 G.
2231 2758 67 55 be
2356 2757 83 56 the
2495 2752 309 58 cross-beam

1469 2864 136 48 upon
1644 2837 168 57 which
1849 2839 40 54 is
1929 2831 316 59 constructed
2284 2831 84 55 the
2406 2827 152 58 cloud
2599 2825 65 56 E.
2704 2824 100 56 and

1470 2913 69 56 let
1577 2914 36 52 it
1662 2912 192 70 project
1909 2931 97 32 one
2060 2905 104 56 foot
2212 2902 203 72 beyond
2471 2900 83 55 the
2612 2897 193 71 upright

1473 2984 223 74 grooved
1736 2984 148 55 beam
1923 3003 66 32 on
2027 2978 157 56 either
2222 2969 126 71 side,
2387 2997 52 33 as
2479 2977 39 52 is
2547 2972 75 55 A.
2651 2969 59 55 F.
2737 2992 66 32 on

1473 3082 98 33 one
1611 3057 110 55 side
1760 3054 99 57 and
1900 3055 63 54 C.
2006 3053 70 54 G.
2117 3073 65 33 on
2220 3049 82 56 the
2329 3048 156 56 other.
2563 3044 167 61 Then,
2759 3055 49 41 at

1473 3133 142 56 those
1665 3143 131 56 parts
1853 3126 49 56 of
1940 3125 83 56 the
2081 3123 108 56 said
2248 3143 132 34 cross
2437 3119 147 54 beam
2640 3114 166 57 which

1475 3228 115 48 pass
1629 3201 211 74 through
1877 3199 84 56 the
2006 3196 197 74 upright
2260 3191 219 76 grooved
2537 3191 172 55 beams
2748 3189 56 54 A

1475 3278 101 57 and
1616 3278 66 54 C.
1724 3275 69 56 let
1848 3274 137 54 there
2043 3273 66 53 be
2147 3283 73 42 set
2269 3270 172 69 pieces
2479 3264 51 57 of
2568 3261 151 57 wood
2757 3260 51 54 of

1475 3351 86 56 the
1597 3372 136 33 same
1785 3345 247 58 thickness
2071 3342 100 56 and
2211 3356 101 41 two
2368 3339 103 54 feet
2511 3337 128 69 long,
2677 3356 55 33 as
2767 3336 41 52 is

1478 3447 121 33 seen
1635 3425 51 53 in
1726 3421 73 56 A.
1843 3420 72 54 H.
1957 3416 99 57 and
2094 3416 63 56 C.
2199 3413 35 56 I.
2311 3412 150 55 Then
2498 3408 70 56 let
2593 3408 81 54 the
2702 3406 81 70 pul-

1479 3496 107 71 leys
1627 3495 68 57 K.
1738 3495 61 54 L.
1840 3491 66 55 be
1947 3504 75 42 set
2058 3487 164 56 above
2260 3485 83 55 the
2370 3483 86 70 sky
2483 3485 49 52 in
2558 3505 29 32 a
2613 3477 199 70 straight

1481 3571 101 55 line
1620 3567 121 57 with
1797 3565 84 56 the
1921 3586 134 33 cross
2110 3561 149 56 beam
2297 3557 57 56 F.
2396 3557 69 55 G.
2507 3567 49 42 at
2596 3552 80 56 M.
2719 3551 91 62 N.,

1481 3656 49 43 at
1567 3640 168 57 which
1792 3638 162 71 points
1995 3634 66 55 let
2118 3655 97 32 one
2253 3629 100 56 end
2390 3628 51 55 of
2479 3624 124 59 each
2641 3623 51 57 of
2729 3623 83 55 the

1482 3737 146 49 ropes
1689 3712 79 57 M.
1830 3709 68 56 N«
1959 3707 65 54 be
2081 3706 121 62 tied,
2249 3701 168 58 which
2471 3721 146 47 ropes
2674 3695 135 63 then,

1484 3788 200 71 passing
1724 3781 209 72 through
1970 3779 85 55 the
2093 3777 108 56 said
2240 3774 192 73 pulleys
2461 3772 69 56 K.
2559 3769 80 66 L.,
2668 3791 144 34 come

1484 3862 155 56 down
1677 3857 101 57 and
1816 3878 82 32 are
1928 3850 185 59 wound
2143 3848 216 58 beneath
2385 3847 82 55 the
2495 3859 136 55 stage
2657 3840 157 59 round

1484 3934 84 56 the
1596 3929 227 74 cylinder
1850 3928 70 56 O.
1952 3928 57 54 P.
2039 3948 50 33 in
2117 3924 71 70 Q.
2218 3921 99 58 and
2347 3921 63 55 R.
2476 3918 129 56 And
2645 3938 48 33 in
2732 3915 82 53 the

1486 4005 194 57 middle
1703 4004 51 55 of
1792 4001 82 56 the
1931 3998 244 72 cylinder,
2218 3998 51 53 in
2310 3994 75 65 S.,
2408 4014 96 33 one
2531 3989 99 57 end
2655 3988 51 54 of
2732 3986 82 55 the

1487 4079 148 58 cable
1675 4075 105 60 will
1820 4075 66 55 be
1925 4070 188 60 wound
2152 4069 122 57 with
2314 4090 52 33 as
2404 4087 146 48 many
2594 4076 131 41 turns
2763 4082 52 33 as
