3012 4275
1015 177 1042 109 EDITORIAL
2184 194 625 102 NOTES

1187 312 409 49 OCTOBER:
1662 319 473 48 NOVEMBER:
2196 326 416 50 DECEMBER

1018 782 92 43 ON
1163 783 230 42 TAKING
1440 786 172 42 RISKS
1659 788 68 41 IN
1776 790 120 42 THE

1015 855 26 27 o
1212 842 491 46 THEATRE.
1865 865 26 24 o

1936 806 38 29 to
2006 797 88 51 only
2125 816 21 23 a
2178 799 75 42 few
2270 818 10 28 ;
2400 801 70 41 this
2499 804 30 40 is
2576 802 61 42 the
2668 804 141 42 second

1936 870 66 23 son
2034 855 41 40 of
2106 856 195 44 Professor
2333 859 61 41 Ro
2413 860 180 48 her,stein,
2625 862 76 41 and
2733 864 27 39 it
2781 865 28 39 is

1938 921 39 29 to
2008 911 55 41 his
2083 914 106 42 work
2222 933 57 23 we
2313 918 127 41 would
2464 918 72 42 like
2553 929 39 31 to
2613 919 109 43 draw
2745 921 63 41 the

1938 972 184 40 attention
2153 973 40 40 of
2223 992 21 23 a
2277 975 75 41 few
2384 993 103 24 more
2509 976 149 54 people,
2692 978 56 42 for
2783 981 27 39 it

1938 1026 67 41 has
2037 1045 89 35 very
2157 1030 124 54 lovely
2313 1033 121 51 things
2463 1036 38 38 in
2531 1036 40 40 it.

1997 1085 108 42 Who
2151 1089 74 40 will
2271 1090 25 40 d
2312 1108 106 23 seem
2463 1092 101 41 them
2581 1096 19 37 ?
2720 1093 91 41 who

1937 1142 114 41 could
2070 1161 59 24 we
2151 1147 93 40 wish
2262 1159 93 30 most
2374 1159 39 30 to
2435 1149 88 41 look
2540 1154 17 36 ?
2594 1151 42 39 A
2660 1150 150 43 learned

1939 1206 119 35 man?
2090 1204 183 52 perhaps:
2306 1223 23 23 a
2359 1206 123 41 clever
2505 1209 135 40 critic?
2745 1220 66 30 not

1937 1274 42 24 so
2011 1258 76 44 bad
2107 1273 10 24 :
2149 1279 22 23 a
2193 1262 128 41 fellow
2343 1265 98 40 artist
2462 1269 17 37 ?
2578 1265 71 42 still
2671 1267 137 42 better.

1941 1316 75 41 But
2039 1317 96 42 after
2157 1320 47 41 all
2237 1321 103 41 there
2371 1339 62 24 are
2463 1340 87 35 eyes
2583 1326 151 50 waiting
2771 1336 39 30 to

1938 1392 62 23 see
2033 1376 139 47 which,
2205 1378 113 42 when
2349 1380 90 54 they
2467 1380 100 49 look,
2606 1382 73 41 will
2726 1385 84 49 give

1937 1434 209 53 something
2177 1454 41 23 as
2248 1437 85 42 well
2364 1455 39 22 as
2424 1438 100 47 take,
2622 1441 76 40 and
2721 1443 89 50 they

1940 1503 96 30 must
2068 1493 61 42 be.
2162 1512 61 24 we
2267 1512 176 37 suppose,
2476 1497 64 41 the
2570 1515 88 35 eyes
2701 1499 41 41 of
2788 1517 21 23 a

1937 1566 128 37 young
2095 1551 80 52 girl.

1999 1610 75 40 For
2105 1610 89 41 who
2225 1610 68 42 but
2322 1630 19 21 a
2375 1629 126 35 young
2537 1613 64 52 girl
2635 1632 72 23 can
2743 1632 46 25 un-

1938 1667 180 42 derstand
2136 1669 63 40 the
2216 1669 158 54 thought
2390 1670 40 41 of
2446 1688 48 24 an
2515 1674 127 40 artist?
2732 1674 78 41 that

1938 1727 29 39 is
1998 1725 90 52 why
2119 1744 59 23 we
2210 1728 113 41 touch
2355 1746 50 23 on
2437 1729 63 41 the
2531 1740 133 31 matter

1996 1784 211 41 Hundreds
2239 1785 40 42 of
2308 1804 87 34 eyes
2426 1804 83 35 pass
2549 1788 75 41 and
2670 1805 138 36 repass,

1938 1842 76 41 and
2045 1860 117 30 some,
2193 1861 95 23 even
2320 1862 98 29 ours,
2453 1846 96 40 have
2576 1864 87 23 seen
2685 1861 99 27 some-

1938 1899 104 52 thing
2073 1900 79 42 that
2190 1903 28 39 is
2249 1901 124 53 lovely
2407 1905 37 39 in
2466 1903 63 41 the
2551 1904 104 41 work
2677 1904 40 41 cf
2741 1905 69 40 this

1936 1975 127 35 young
2094 1960 125 41 artist:
2246 1959 66 42 but
2343 1977 68 24 our
2431 1978 86 36 eyes
2538 1980 62 23 are
2630 1962 49 41 all
2707 1963 84 41 clou-

1938 2017 77 40 ded
2038 2017 94 40 after
2162 2017 47 40 all
2328 2036 60 24 we
2418 2036 63 24 are
2514 2031 63 29 not
2607 2038 42 24 so
2679 2037 128 35 young

1939 2091 39 23 as
2008 2077 28 37 is
2068 2075 64 40 the
2163 2074 107 43 work
2300 2076 111 48 itself,
2447 2094 68 24 nor
2555 2095 40 23 so
2642 2095 106 34 pure.

1997 2133 97 41 And
2126 2151 41 22 so
2199 2134 62 41 the
2293 2151 99 24 more
2425 2152 126 35 young
2590 2135 83 51 girls
2719 2136 90 41 who

1938 2208 47 33 go
2032 2201 36 30 to
2115 2191 89 41 look
2250 2203 36 30 at
2318 2192 188 53 drawings
2524 2194 75 40 and
2621 2194 188 52 paintings

1936 2251 53 50 by
2025 2266 125 35 young
2197 2267 85 24 men
2330 2250 62 42 the
2428 2251 139 48 better;
2609 2251 57 41 for
2705 2252 104 41 these

1936 2307 120 51 things
2086 2324 63 24 are
2166 2307 222 42 documents
2411 2310 40 40 of
2473 2309 61 41 the
2550 2309 113 52 living
2684 2310 125 51 being,

1937 2365 76 40 and
2046 2365 103 41 these
2179 2366 235 47 documents,
2446 2367 177 53 speaking
2653 2385 96 23 even
2769 2379 41 29 to

1937 2439 55 30 us,
2023 2423 77 42 will
2129 2423 71 42 call
2232 2435 63 30 out
2334 2434 38 30 to
2417 2425 114 41 them*
2608 2426 81 40 Nor
2734 2426 75 40 will

1938 2481 89 53 they
2079 2481 141 53 merely
2271 2482 163 53 whisper
2484 2483 40 40 of
2571 2492 24 15 44
2618 2484 63 40 the
2740 2483 69 40 lost

1937 2539 201 41 traveller's
2169 2540 130 42 dream
2331 2540 118 41 under
2480 2542 63 40 the
2573 2540 64 42 h'll

1938 2706 25 27 o
2150 2692 456 43 BRITISH.
2781 2707 27 26 o

1938 2841 155 95 THE
2124 2836 76 53 day
2232 2839 26 39 is
2289 2852 91 26 over
2400 2837 75 41 and
2507 2855 95 33 gone
2625 2837 124 45 when,
2781 2838 28 40 if

2052 2913 59 24 we
2143 2912 62 25 Bre
2238 2895 254 52 Englishmen,
2517 2913 59 25 we
2597 2913 70 23 can
2688 2895 121 41 afford

1937 2953 188 41 ourselves
2157 2964 40 31 to
2228 2964 117 32 waste
2376 2953 157 41 another
2564 2953 94 41 hour
2679 2955 129 50 gazing

1939 3023 65 29 100
2035 3011 165 53 loviugly
2232 3022 38 30 at
2291 3029 73 35 any
2391 3012 142 51 foreign
2555 3011 119 52 gocds
2689 3012 98 40 what-

1938 3087 104 24 ever.
2103 3073 75 38 Art
2211 3088 85 35 may
2329 3071 47 40 be
2399 3069 264 42 International
2682 3087 10 29 ;
2732 3069 76 41 and

1939 3146 73 34 any
2046 3130 128 39 nation
2206 3128 126 42 which
2354 3129 88 49 first
2472 3139 172 42 supports
2674 3127 75 40 and
2781 3129 28 38 is

1939 3186 124 54 proud
2094 3186 41 41 of
2165 3189 44 39 its
2241 3188 80 39 Lest
2353 3186 115 42 talent
2497 3188 38 39 in
2571 3187 63 40 the
2677 3186 105 40 Thea-

1940 3256 54 30 tre
2025 3262 70 23 can
2142 3244 192 52 assuredly
2372 3244 88 41 look
2507 3242 302 52 Internationally

1939 3314 37 29 at
2010 3303 62 41 the
2101 3302 181 42 Theatre.
2344 3302 76 42 Till
2456 3304 26 40 it
2529 3302 92 41 does
2666 3301 71 42 this
2783 3303 26 38 it

1941 3378 85 36 may
2058 3372 79 31 not.

1029 957 210 96 THERE
1289 961 29 40 is
1369 978 22 23 a
1442 962 132 42 notion
1633 962 259 55 everlastingly

1131 1017 132 53 flitting
1310 1020 146 41 around
1510 1020 167 42 London
1723 1023 76 40 and
1847 1024 47 40 its

1017 1075 218 42 Theatrical
1266 1076 129 41 circles
1427 1077 79 41 that
1529 1095 72 35 any
1628 1079 90 40 bold
1741 1081 101 39 artist
1865 1082 27 39 is

1017 1135 213 50 dangerous
1263 1145 38 31 to
1334 1135 63 41 the
1428 1136 26 40 1
1469 1136 142 42 heatie.

1075 1194 95 49 Any
1202 1210 86 24 man
1321 1193 93 42 with
1445 1194 64 40 the
1539 1196 66 39 wit
1638 1205 38 31 to
1699 1194 86 43 lake
1806 1195 89 42 risks

1018 1250 93 41 with
1142 1251 57 41 his
1230 1249 107 44 work
1367 1253 30 38 is
1426 1252 225 42 considered
1683 1271 22 23 a
1738 1254 156 51 danger.

1077 1310 106 40 Now
1214 1327 61 24 we
1306 1309 137 42 should
1466 1310 98 41 have
1586 1311 157 53 thought
1767 1314 26 38 it
1815 1330 79 23 was

1018 1366 181 54 precisely
1230 1367 71 42 this
1332 1368 67 42 wit
1439 1379 40 31 to
1525 1368 72 42 risk
1643 1370 127 41 which
1816 1389 79 23 was

1018 1425 147 52 lacking
1195 1443 52 24 on
1278 1443 66 23 our
1374 1437 115 41 stage,
1522 1427 76 42 and
1630 1429 45 39 its
1707 1428 83 41 lack
1820 1446 74 23 one

1018 1483 41 41 of
1090 1483 63 42 the
1173 1500 152 26 reasons
1347 1484 90 53 why
1459 1502 68 24 our
1548 1486 153 52 English
1723 1487 171 41 Theatre

1018 1543 29 39 is
1078 1559 42 23 so
1151 1542 240 42 hidebound.

1079 1600 41 41 In
1150 1603 227 39 connection
1414 1602 92 41 with
1543 1601 71 42 this
1659 1604 235 51 supposition

1018 1659 26 39 it
1066 1660 29 39 is
1117 1670 66 30 not
1205 1661 267 51 uninteresting
1493 1671 40 31 to
1553 1677 111 25 come
1685 1678 124 24 across
1830 1662 63 40 the

1019 1716 195 53 following
1245 1717 148 42 remark
1425 1718 51 53 by
1510 1718 69 42 Dr.
1626 1719 197 51 Quesnay,
1872 1737 21 23 a

1019 1792 87 24 man
1138 1775 41 41 of
1210 1787 100 40 parts
1339 1777 77 41 and
1449 1777 122 41 called
1593 1776 52 53 by
1667 1777 117 41 Louis
1805 1777 87 42 XV

1021 1841 23 16 44
1068 1833 54 41 his
1155 1833 146 42 thinker

1078 1900 25 15 44
1136 1892 172 41 Soldiers
1424 1893 81 40 said
1568 1891 70 42 Dr.
1692 1894 199 51 Quesnay,

1080 1951 116 48 make
1228 1968 24 23 a
1284 1958 109 44 great
1423 1958 170 44 mystery
1625 1952 50 47 of
1691 1952 92 40 their
1807 1960 84 38 art;

1019 2008 66 41 but
1115 2010 90 49 why
1236 2010 100 40 have
1364 2027 135 33 young
1527 2015 149 43 princes
1708 2011 55 39 all
1799 2010 93 40 such

1019 2075 109 43 great
1177 2084 191 24 successes
1391 2072 20 37 ?
1462 2068 182 41 Because
1691 2069 90 49 they
1828 2086 64 26 ere

1019 2130 124 36 active
1174 2125 84 41 and
1287 2126 102 40 bold.
1461 2126 103 52 Why
1595 2126 50 40 do
1675 2133 217 45 sovereigns

1019 2184 80 40 rvho
1132 2184 209 52 command
1381 2185 94 40 their
1521 2192 123 40 troops
1691 2185 49 40 do
1785 2195 111 41 great

1019 2243 127 50 things
1170 2247 21 36 ?
1214 2242 178 41 Because
1415 2242 90 50 they
1527 2259 64 24 are
1612 2251 173 40 masters,
1812 2244 83 40 and

1019 2318 75 24 can
1249 2301 95 48 risks

1077 2358 97 42 And
1206 2358 29 41 if
1264 2376 77 36 you
1372 2375 109 24 come
1531 2368 38 31 to
1615 2359 106 42 think
1767 2359 40 41 of
1852 2361 40 44 it,

1021 2417 104 42 what
1156 2427 100 41 great
1288 2434 145 24 success
1464 2434 80 24 was
1574 2434 89 24 ever
1703 2417 188 42 achieved

1018 2485 137 42 except
1186 2476 38 40 in
1256 2474 63 42 the
1351 2475 82 41 face
1465 2474 41 42 of
1536 2486 102 40 great
1670 2475 104 42 risks.

1078 2534 117 41 Some
1226 2533 146 41 famous
1400 2550 159 34 surgeon
1605 2551 107 23 saves
1757 2552 21 22 a
1826 2550 44 25 va-

1019 2592 125 41 luable
1176 2591 62 42 life
1261 2592 50 51 by
1333 2591 135 52 risking
1489 2591 64 41 the
1573 2592 175 41 chances.
1811 2591 54 43 Ge-

1019 2652 81 39 nius
1144 2650 192 52 assuredly
1386 2650 179 41 succeeds
1609 2660 66 31 not
1720 2649 89 53 only
1855 2652 37 39 in

1019 2708 125 52 taking
1176 2710 106 50 pains
1313 2709 66 40 bnt
1411 2707 102 42 risks.

1077 2766 99 42 And
1207 2784 42 23 so
1280 2768 26 39 it
1337 2767 129 41 would
1489 2783 99 24 seem
1612 2776 122 42 pretty
1756 2765 135 42 foolish

1019 2835 39 31 to
1089 2825 95 52 spoil
1217 2825 63 41 the
1312 2824 137 42 British
1481 2824 169 41 Theatre
1682 2824 51 52 by
1769 2842 21 22 a
1834 2824 37 40 fa-

1021 2894 109 30 tuous
1162 2894 90 29 trust
1282 2885 38 39 in
1351 2882 79 41 safe
1462 2899 100 25 men.

1077 2942 97 41 And
1208 2940 62 42 the
1301 2955 117 41 queer
1448 2940 104 52 thing
1598 2939 118 42 about
1762 2940 130 51 genius

1020 2999 127 41 which
1177 3001 29 39 is
1237 3000 116 51 ready
1388 3010 36 30 to
1456 2999 71 41 risk
1558 3015 41 23 so
1632 2999 111 39 much
1767 3000 28 38 is
1816 2999 25 39 it
1865 3000 27 38 is

1018 3057 145 42 seldom
1197 3057 215 52 foolhardy.
1475 3057 30 41 It
1536 3058 28 39 is
1596 3055 106 47 bold,
1735 3066 65 31 not
1839 3057 36 39 in-

1019 3118 190 45 cautious;
1244 3126 273 35 venturesome,
1551 3126 63 30 not
1647 3113 246 54 thoughtless.

1078 3174 112 46 And,
1222 3173 191 53 unluckily
1436 3173 58 41 for
1518 3173 63 41 the
1605 3172 134 42 British
1764 3174 127 50 Stage,

1019 3250 21 24 a
1072 3232 230 52 thoughtless
1332 3233 144 50 society
1506 3233 30 40 is
1567 3241 64 42 apt
1654 3241 39 30 to
1714 3231 180 40 attribute

1019 3294 45 39 its
1096 3290 92 42 fault
1221 3301 38 31 to
1292 3292 141 50 genius.

1018 3417 41 40 E
1103 3416 41 41 Y
1177 3417 39 39 E
1254 3415 32 41 S
1351 3414 40 41 O
1423 3415 38 40 F
1524 3412 371 43 YOUTH.

1018 3526 224 93 THERE
1263 3526 30 39 is
1315 3523 194 42 Professor
1532 3523 266 46 Rothenslem,
1817 3522 80 41 that

1133 3601 126 35 young
1282 3600 85 23 man
1390 3582 38 40 of
1461 3581 187 53 fifty-four
1679 3582 28 40 if
1729 3598 59 24 we
1811 3582 63 39 mis-

1019 3642 87 41 take
1128 3654 65 30 not
1211 3641 56 41 his
1287 3658 69 34 age
1464 3640 90 41 who
1585 3650 38 30 at
1655 3650 143 40 twenty
1821 3656 78 23 was

1019 3701 172 50 drawing
1223 3697 180 43 beautiful
1446 3697 77 41 and
1563 3696 229 52 historically
1832 3713 44 24 va-

1019 3758 125 42 luable
1176 3758 172 52 portraits
1388 3756 41 40 of
1469 3755 182 41 Verlaine
1682 3755 75 40 and
1790 3754 108 41 other

1019 3827 103 43 great
1146 3814 145 44 French
1314 3816 155 45 writers,
1495 3816 76 38 and
1600 3812 90 42 who
1711 3815 101 38 since
1833 3812 66 40 has

1018 3876 135 40 drawn
1184 3873 58 42 for
1273 3889 41 24 us
1346 3873 63 40 the
1444 3883 95 30 most
1574 3873 204 49 important
1819 3870 60 41 col-

1019 3934 139 42 lection
1189 3932 41 41 of
1252 3932 171 51 portraits
1444 3947 61 24 we
1536 3946 158 35 possess.

1077 3991 97 43 And
1193 3991 105 40 there
1315 3991 28 39 is
1364 3989 158 41 another
1532 3987 169 43 William
1724 3986 150 42 Rothen-

1020 4052 93 40 stein
1149 4049 131 42 whose
1311 4047 107 43 work
1449 4057 38 30 at
1518 4057 149 43 present
1698 4048 29 39 is
1759 4045 140 41 known

2734 116 70 42 181

99 1107 309 45 LETTERS
447 1108 88 41 OF
577 1108 399 42 WOLFGANG

102 1165 297 46 AMADEUS
458 1166 273 42 MOZART
792 1166 184 43 Selected

99 1228 81 41 and
200 1225 142 42 Edited
362 1225 56 50 hy
436 1225 118 40 Hans
574 1226 254 41 Mersmann:
848 1233 104 34 trans-

100 1285 106 43 lated
240 1284 108 50 from
396 1284 63 40 the
508 1284 172 42 German
726 1284 51 50 by
809 1284 64 41 M.
908 1284 64 42 M.

98 1346 189 40 Bozman.
322 1343 236 41 Illustrated.
594 1342 37 50 /.
676 1343 67 42 M.
785 1342 110 41 Dent
930 1343 43 40 &

103 1404 111 40 Sons.
245 1401 115 42 Price
400 1401 111 52 10/6
544 1409 75 34 net.

99 1542 158 93 THIS
288 1557 87 25 new
407 1540 153 41 volume
591 1542 37 39 in
661 1540 143 42 Messrs
835 1540 139 42 Dent's

214 1608 24 14 44
264 1598 269 42 Internationa!
567 1598 161 54 Library
762 1599 40 40 of
843 1599 131 43 Books

98 1677 48 24 on
178 1658 126 42 Music
384 1659 103 49 gives
517 1674 43 24 us
589 1657 129 52 nearly
749 1657 106 41 three
876 1657 73 42 hun-

98 1718 23 40 d
141 1716 47 42 ed
220 1733 113 36 pages
355 1716 41 40 of
417 1714 198 54 delightful
636 1716 137 47 letters,
796 1717 178 52 covering

99 1776 62 41 the
191 1775 125 42 whole
348 1773 42 42 of
421 1774 64 41 the
517 1774 233 52 composer's
781 1774 62 42 life
876 1775 97 41 froui

99 1833 98 53 early
229 1832 187 52 boyhood
448 1833 93 40 until
564 1832 55 41 his
642 1832 116 42 death
783 1834 38 40 in
852 1834 119 46 1791;

100 1893 118 40 letters
250 1893 183 44 intimate,
457 1892 207 46 vivacious,
687 1891 75 42 and
786 1891 166 42 illumina-

100 1953 72 50 ting
202 1949 49 42 all
283 1949 63 42 the
379 1951 107 39 inner
516 1948 178 43 relations
723 1951 77 40 and
834 1952 122 39 vicissi-

101 2010 102 40 tudes
224 2008 40 41 of
287 2008 189 41 Mozart's
500 2007 75 48 life,
600 2025 40 24 as
661 2008 85 42 well
768 2026 40 22 as
829 2008 120 42 throw-

100 2070 58 50 ing
208 2066 113 42 much
374 2067 90 51 light
497 2083 105 35 npon
643 2065 56 42 his
741 2066 109 42 work
895 2067 77 40 and

99 2126 54 41 his
182 2126 177 41 relations
390 2125 95 42 with
508 2125 64 41 the
594 2124 131 53 public
748 2142 85 23 men
854 2124 42 42 of
918 2125 56 41 his

99 2187 99 44 time,
229 2184 77 40 and
338 2183 56 42 his
426 2200 90 24 own
547 2185 187 39 reactions
769 2183 76 42 and
885 2185 70 40 esti-

100 2255 113 29 mates
243 2252 212 43 respeebng
486 2241 118 42 them.

154 2302 106 41 Here
291 2318 61 23 we
384 2300 101 42 have
516 2300 65 41 the
612 2299 64 42 life
698 2299 42 42 of
762 2300 64 42 the
848 2310 126 31 courts

99 2360 72 40 and
203 2376 117 36 opera
351 2359 136 41 houses
517 2358 78 41 and
627 2358 317 52 drawing-rooms
962 2377 8 28 ;

99 2419 38 40 of
167 2417 62 43 the
261 2435 97 35 poor
389 2416 172 53 lodgings
593 2426 38 32 to
664 2417 126 42 which
828 2416 49 43 he
917 2434 37 23 re-

100 2478 129 41 turned
262 2476 96 41 after
389 2475 56 41 his
482 2474 203 54 triumphs;
733 2476 64 41 the
842 2475 131 53 family

98 2535 96 41 trials
210 2553 11 29 ;
253 2534 63 42 the
347 2533 92 42 little
469 2533 67 42 but
557 2533 243 42 affectionate
822 2533 152 42 conflict

99 2593 90 42 with
221 2594 55 40 his
317 2591 237 43 remarkable
594 2591 141 48 father;
784 2593 56 40 his
885 2593 89 41 love

99 2652 121 40 affairs
250 2651 77 41 and
360 2653 203 49 marriage;
596 2652 38 39 in
666 2651 76 41 fact
785 2650 62 42 the
885 2667 87 24 man

99 2710 144 41 himself
274 2709 179 42 revealed
485 2711 37 39 in
554 2709 56 40 his
641 2726 89 24 own
763 2710 141 46 words,
936 2711 36 38 in

98 2768 54 41 his
181 2786 177 34 response
391 2778 38 32 to
461 2768 138 45 others,
629 2767 77 41 and
728 2769 37 39 in
786 2767 96 41 their
903 2768 51 40 cri-

56 2840 12 10 *
97 2829 134 39 ticisms
262 2828 39 39 of
323 2827 91 42 him.
479 2826 30 41 It
532 2827 28 39 is
582 2826 47 40 all
650 2825 186 48 informal,
857 2843 91 36 spon-

99 2895 168 38 taneous,
299 2885 76 41 and
422 2885 207 51 charming,
662 2884 59 41 for
766 2901 97 24 even
910 2884 63 41 the

98 2944 201 52 seemingly
330 2961 130 23 severe
492 2944 66 40 but
579 2960 42 22 so
643 2942 239 42 affectionate
904 2942 51 40 let-

99 3012 70 31 ters
199 3002 207 41 addressed
439 3002 51 52 by
523 3001 177 52 Leopold
739 3001 152 40 Mozart
934 3012 39 29 to

99 3061 55 41 his
182 3078 82 30 son,
297 3061 114 42 when
442 3059 93 42 read
568 3059 94 42 after
693 3077 22 24 a
747 3059 102 53 lapse
880 3059 40 40 of
952 3076 21 22 a

100 3130 153 42 century
284 3120 76 41 and
393 3136 22 24 a
447 3118 95 46 half,
574 3118 118 40 retain
723 3117 50 42 all
805 3118 78 40 that
906 3134 45 24 en-

98 3179 130 50 gaging
257 3177 146 53 quality
435 3177 64 41 the
531 3194 86 23 man
654 3176 193 52 possessed
897 3176 76 41 and

99 3236 123 42 which
255 3236 112 42 made
398 3235 78 41 him
504 3252 42 23 so
579 3234 115 42 loved
716 3234 53 53 by
792 3235 56 41 his
871 3245 103 42 great

98 3311 81 24 son.

155 3353 104 42 That
291 3353 71 41 this
393 3351 105 42 book
529 3352 28 39 is
579 3362 65 30 not
666 3368 39 23 as
727 3351 100 52 good
849 3368 40 24 as
911 3350 63 42 the

98 3428 131 25 source
260 3412 96 41 from
379 3410 131 42 whtch
532 3412 27 38 it
581 3426 79 24 was
680 3410 134 41 drawn
835 3419 138 31 cannot

102 3470 46 40 Le
178 3470 152 53 helped.
413 3470 74 39 For
533 3468 63 41 the
643 3468 155 51 English
843 3469 131 40 reader

99 3529 153 52 nothing
302 3546 70 24 can
424 3529 172 50 improve
647 3543 103 34 upon
802 3525 171 42 Edward

99 3587 169 42 Holmes'
294 3595 25 15 44
343 3586 85 42 Life
449 3588 41 38 of
510 3585 153 41 Mozart
724 3586 38 40 in
779 3584 127 42 which
925 3584 47 40 all

99 3645 101 42 these
231 3646 123 41 letters
385 3642 197 56 appeared
614 3642 74 41 first
725 3644 38 39 in
804 3642 169 52 English.

98 3704 103 42 That
233 3704 104 42 book
367 3704 30 40 is
428 3720 74 24 one
532 3701 43 42 of
605 3700 139 42 Dent's
777 3709 22 14 44
823 3701 125 52 Every-

99 3779 85 24 man
215 3764 126 41 Series
420 3760 77 42 and
528 3762 30 40 is
589 3777 74 23 one
695 3760 41 40 of
767 3759 64 41 the
878 3769 95 31 most

99 3821 161 42 enchant
280 3839 48 33 ng
360 3821 122 51 things
514 3829 39 30 to
584 3819 92 40 read
696 3835 10 30 ;
737 3817 78 42 and
846 3821 27 37 it
919 3817 36 41 al-

99 3896 102 36 ways
231 3897 120 24 seems
382 3889 40 30 to
454 3895 61 23 me
545 3894 22 23 a
599 3888 80 41 pity
711 3887 41 29 to
782 3876 119 53 forget
932 3892 43 23 or

99 3937 87 54 help
216 3939 64 41 the
312 3936 130 54 public
473 3947 39 30 to
545 3936 84 40 miss
661 3936 63 40 the
756 3934 82 42 best
871 3933 104 43 bock

98 3995 56 42 for
186 3997 63 41 the
279 3995 91 42 s*ke
401 3995 41 42 of
473 3994 170 52 biinging
674 4003 65 31 out
772 4010 22 24 a
834 3992 141 53 merely

98 4055 102 53 good
231 4054 117 43 book.

97 190 61 42 the
188 199 85 36 racy
304 179 75 42 and
412 181 184 40 romantic
628 179 190 43 frankness
840 179 126 42 which

95 241 258 50 characterises
385 239 63 41 the
480 239 105 41 tales.

154 302 188 49 Margaret
373 297 41 41 of
445 298 261 50 Angouleme,
752 297 142 53 Queen
927 296 42 42 of

105 363 177 43 Navarre,
315 366 118 31 wrote
479 356 72 41 this
584 356 105 41 book
734 355 116 42 about
885 355 84 42 four

54 413 1 64 '
98 435 102 42 years
229 415 131 42 before
407 413 67 41 her
525 414 118 42 death
694 416 38 40 in
771 415 109 41 1549
911 414 58 41 for

99 481 60 41 the
188 482 231 35 amusement
451 472 41 42 of
523 473 67 41 her
612 473 155 41 brother
791 473 178 50 Francois

102 540 24 46 I,
148 534 108 44 when
289 531 63 41 the
385 538 25 16 44
434 529 242 44 Decameron
698 531 25 13 **
757 531 77 42 had
871 532 100 41 been

100 592 157 52 recently
289 588 208 42 translated
529 591 80 40 into
632 590 149 43 French
805 590 52 53 by
880 592 59 40 An-

101 655 94 41 toine
226 651 55 39 Le
315 648 159 46 Macon,
509 649 104 47 who,
650 649 93 42 with
776 648 193 47 Rabelais,

99 714 261 42 Bonaventure
391 707 224 52 Desperiers
648 707 176 54 (another
854 706 116 53 jovial

99 769 99 44 teller
228 766 40 41 of
300 764 107 52 tales)
442 766 78 40 and
552 766 109 42 other
704 765 159 42 kindred
894 766 57 52 spi-

99 831 58 38 rits
189 823 146 44 formed
369 823 66 41 the
481 826 145 40 retinue
657 823 42 42 of
731 825 97 45 wits,
861 834 108 41 poets

98 885 73 43 and
203 881 262 55 phi'osophers
497 882 129 42 which
651 882 194 53 Margaret
867 881 102 41 liked

100 957 36 29 to
166 942 127 53 gather
324 941 150 41 around
506 941 78 41 her.
