2975 4304
2724 67 78 45 143

210 174 80 61 So
336 192 88 61 get
475 174 80 62 his
619 173 144 62 book
833 188 55 46 at
957 194 152 36 once.
1205 168 44 59 It
1316 168 109 62 will

76 258 159 65 show
281 288 109 51 you
435 266 100 75 just
583 260 151 65 what
784 260 15 60 1
833 283 157 37 mean
1020 282 13 43 ;
1124 281 109 53 you
1260 254 32 61 11
1325 255 102 61 feel

76 348 41 60 it
165 349 169 79 surely
386 349 214 78 enough
654 348 156 64 when
855 371 107 55 you
1011 370 156 35 come
1221 358 56 46 to
1339 343 88 60 the

88 438 206 60 section
339 437 211 79 dealing
598 437 132 62 with
777 436 93 61 the
915 451 166 61 stage.

94 555 17 10 wn
116 551 152 16 inwwß—»i
280 558 148 9 jiiamj—-L.jLM—jLLMi
431 558 68 8 I_M_J-UJL_HJ
501 558 6 9 j
525 551 3 16 i
641 556 182 10 uiiifimMLaiiMiii
972 554 16 8 »■'

84 595 203 76 DAS
317 595 595 79 RUSSISCHES
935 590 495 78 THEATER

84 712 124 63 BY
277 712 383 81 JOSEPH
724 707 434 66 GREGOR
1219 704 211 64 AND

79 813 302 61 RENE
457 806 882 71 FULEP-MILLER.

1369 802 63 55 (1)

82 981 200 123 MR.
332 968 222 70 Parker,
606 967 77 61 his
729 964 148 64 mind
924 963 146 63 fixed
1117 989 69 36 on
1221 989 33 35 a
1284 960 150 62 small

269 1072 120 64 part
433 1057 56 61 of
536 1056 89 62 the
692 1054 179 76 globe,
945 1053 128 61 bent
1142 1078 71 35 on
1282 1049 152 62 those

84 1161 188 46 streets
316 1143 186 64 which
546 1170 97 35 run
689 1143 134 61 from
879 1139 301 80 Piccadilly
1242 1139 191 61 Circus

80 1250 62 43 to
189 1232 154 62 Fleet
389 1232 193 71 Street,
633 1230 238 78 horribly
916 1228 194 62 insular
1169 1226 109 63 and
1341 1241 94 46 not

89 1336 53 46 at
187 1320 68 62 all
304 1318 277 72 National,
630 1321 217 58 envious
894 1316 57 61 of
996 1316 155 61 those
1198 1313 129 65 who
1365 1312 69 62 he

83 1409 101 62 has
231 1406 173 64 heard
449 1434 91 37 are
586 1406 161 79 doing
793 1405 174 77 things
996 1421 57 43 to
1086 1403 152 79 bring
1269 1401 169 62 about

88 1523 34 34 a
167 1523 125 37 new
339 1495 244 62 Theatre
636 1499 53 57 in
751 1492 266 80 England,
1078 1518 60 34 or
1194 1494 244 73 ignorant

89 1585 57 61 of
178 1584 235 70 these,...
466 1583 113 62 Mr.
614 1581 200 63 Parker
846 1580 295 79 depresses.
1216 1579 97 59 On
1348 1576 91 62 the

90 1671 154 63 other
304 1669 165 72 hand,
518 1670 96 61 Dr.
668 1670 212 76 Gregor
941 1666 110 64 and
1103 1666 102 63 Dr.
1256 1664 184 62 Miller

90 1762 312 61 exhilerate.

226 1848 117 62 Not
389 1847 115 62 that
550 1845 130 78 they
727 1844 151 76 bring
925 1858 92 46 out
1064 1870 32 34 a
1142 1842 91 77 big
1292 1837 147 63 book

93 1962 72 35 on
294 1936 118 61 Das
470 1933 287 79 Englische
812 1932 242 61 Theater
1216 1929 81 61 for
1354 1925 85 63 it's

94 2042 93 43 not
233 2041 92 62 yet
370 2026 145 76 quite
562 2026 125 58 time
733 2037 57 46 to
835 2019 75 63 do
940 2019 133 61 that.
1162 2019 102 59 But
1307 2014 132 79 they

99 2112 153 79 bring
297 2138 105 34 one
449 2126 92 45 out
602 2135 70 34 on
729 2108 90 63 the
883 2107 231 61 Russian
1172 2103 265 70 Theatre,

97 2200 108 62 and
250 2199 130 77 they
428 2197 107 61 talk
581 2221 148 37 sense
776 2193 107 64 and
930 2221 89 35 are
1064 2210 93 44 not
1203 2191 235 80 jocular:

79 2290 145 76 ithey
271 2313 155 35 come
457 2303 56 44 to
541 2285 93 62 the
664 2284 180 62 whole
875 2299 188 44 matter
1095 2308 60 34 as
1186 2277 256 79 seriously

82 2404 74 33 ;as
205 2402 86 37 we
337 2374 103 62 like
484 2389 57 46 to
586 2371 147 62 think
777 2375 36 57 it
860 2370 267 62 deserves.

249 2464 147 77 They
443 2459 326 65 understand
822 2487 32 33 a
912 2458 144 81 good
1111 2456 122 63 deal
1296 2479 149 37 more

84 2557 146 58 tth&n
276 2550 132 63 does
457 2549 112 61 Mr.
621 2548 201 61 Parker
868 2548 56 59 of
977 2545 148 64 what
1179 2546 40 59 is
1266 2541 181 78 taking

97 2640 96 63 the
240 2639 156 78 place
441 2635 142 64 filled
630 2662 136 36 once
813 2634 72 79 by
1007 2632 230 69 Waller,
1274 2630 170 69 Tree,

95 2726 248 67 Willard
390 2724 108 63 and
544 2722 316 63 Alexander
1125 2719 93 62 No
1258 2745 104 35 one
1390 2734 58 45 to

104 2818 126 60 take
273 2816 135 62 their
456 2812 156 80 place
714 2811 151 63 wails
899 2809 113 61 Mr.
1048 2807 221 63 Parker.
1350 2807 98 60 An

104 2905 127 62 idea
277 2900 219 64 created
543 2900 73 77 by
662 2927 33 34 a
751 2900 108 61 few
920 2924 123 37 men
1104 2894 148 64 takes
1315 2893 134 61 their

107 2992 156 80 place
311 2990 108 62 and
466 2986 217 81 spreads
729 2987 80 61 far
856 2985 107 62 and
1011 2985 163 69 wide,
1217 3008 94 52 say
1345 2981 103 62 Dr.

109 3082 216 77 Gregor
371 3076 109 62 and
527 3075 99 62 Dr.
681 3074 201 71 Miller,
922 3072 256 79 although
1209 3070 210 62 unfortu-

108 3169 178 77 nately
314 3166 126 78 they
466 3164 74 62 do
569 3179 93 44 not
692 3164 135 59 refer
849 3179 55 44 to
921 3161 165 71 Tree,
1117 3178 58 44 to
1191 3156 260 70 Willard,

109 3277 58 43 to
214 3251 322 66 Alexander
579 3277 61 34 or
685 3268 54 44 to
785 3249 230 63 Waller.

245 3345 98 60 On
390 3342 90 62 the
526 3339 152 62 other
723 3338 148 63 hand
916 3338 127 78 they
1090 3336 75 61 do
1212 3349 93 46 not
1365 3331 92 64 fail

112 3452 55 43 to
214 3429 165 81 speak
426 3428 56 62 of
527 3453 148 36 some
722 3424 505 80 English-speaking
1263 3423 191 66 artists,

116 3570 80 15 ....
224 3521 56 61 of
349 3517 321 77 Maugham,
728 3517 164 76 Craig
937 3541 60 34 or
1052 3512 95 62 Bel
1204 3508 250 70 Geddes,

113 3609 346 65 Chesterton,
508 3602 106 62 and
658 3603 177 78 Jones,
884 3601 126 71 and,
1052 3603 53 59 in
1150 3599 127 69 fact,
1311 3622 150 37 some

115 3698 55 63 of
196 3696 68 63 all
287 3692 183 65 lands:
497 3692 54 61 of
576 3716 146 36 some
746 3691 285 68 Germans,
1053 3688 173 68 Stern,
1249 3684 205 70 Roller,

115 3782 331 69 Reinhardt;
473 3780 54 62 of
553 3778 246 72 Claudel,
827 3777 331 78 Strindberg,
1186 3776 272 67 Antoine;

240 3957 60 56 (1)
339 3951 209 45 Amalthea
579 3950 157 54 Verlag.
799 3950 152 55 (Wien)
986 3947 96 45 W'th
1115 3947 83 42 357
1232 3944 113 42 black
1383 3942 78 43 and

89 4036 10 4 ~
118 4018 118 44 white
266 4013 78 44 and
377 4013 58 41 48
455 4010 131 42 colour
609 4009 252 43 illustrations.
904 4010 112 41 Price
1042 4008 54 41 70
1114 4004 136 43 marks.
1305 4003 160 46 Bound*

115 4079 56 41 85
207 4074 137 43 marks.

1471 168 93 62 but
1590 165 56 62 of
1677 192 138 35 none
1847 164 56 62 of
1933 163 114 62 that
2078 188 128 51 cosy
2237 160 131 61 little
2397 160 188 61 crowd
2609 160 197 61 known

1472 274 56 44 to
1576 255 112 61 Mr.
1739 254 201 61 Parker
1985 250 108 63 and
2140 248 314 63 considered
2501 249 75 78 by
2606 249 108 61 him
2746 274 58 35 as

1473 361 56 44 to
1574 343 71 61 be
1763 341 91 63 the
1900 341 70 60 be
2002 338 66 62 all
2100 335 106 64 and
2238 335 90 63 the
2357 335 106 63 end
2495 335 66 61 all
2592 335 126 61 here

1607 428 137 62 This
1790 432 42 57 is
1876 427 177 62 rather
2098 451 32 34 a
2160 423 183 62 blow:
2378 423 174 61 rather
2582 421 225 78 dashing

1475 535 56 43 to
1578 517 114 61 that
1738 514 213 81 gloomy
1995 539 169 53 group
2313 511 180 62 which
2524 511 197 77 prefers
2751 525 56 44 to

1476 603 180 64 whine
1701 603 113 61 that
1862 602 147 61 there
2054 603 43 59 is
2141 625 70 39 no
2257 624 103 35 one
2406 622 124 37 now
2577 624 56 34 as
2665 593 142 83 good

1477 718 59 35 as
1581 691 153 62 those
1779 687 298 65 wonderful
2124 713 120 35 men
2290 685 56 61 of
2392 686 89 61 the
2528 685 281 61 Victorian

1480 805 98 54 age
1622 776 208 65 instead
1875 777 58 61 of
1976 774 251 77 manfully
2274 776 182 76 saying
2507 771 154 62 there
2721 796 88 36 are

1480 894 146 35 some
1670 869 101 76 just
1816 892 57 34 as
1929 864 163 80 good.
2186 861 90 62 To
2323 861 72 62 do
2456 860 112 62 that
2628 857 183 65 would

1480 954 99 63 call
1626 955 80 61 for
1753 970 112 45 two
1910 953 172 77 things
2129 949 133 62 from
2308 949 89 62 the
2449 973 200 55 group:
2707 948 105 61 first

1480 1043 239 77 honestly
1753 1042 213 76 looking
1997 1040 89 61 the
2116 1038 142 61 truth
2301 1040 53 59 in
2399 1036 89 61 the
2534 1036 136 69 face,
2705 1033 106 62 and

1481 1130 126 63 then
1651 1128 277 79 admitting
1973 1125 90 63 the
2107 1124 142 62 truth
2294 1124 56 62 of
2397 1123 144 62 what
2587 1147 88 37 we
2719 1146 94 53 say

1481 1219 108 63 and
1636 1218 138 61 have
1820 1214 116 62 said
1981 1214 83 62 for
2108 1238 172 55 years.

1614 1304 112 63 Not
1776 1303 111 62 Mr.
1926 1302 201 62 Parker
2158 1301 155 61 alone
2342 1298 97 62 but
2469 1297 178 62 others
2677 1294 136 63 have

1484 1393 142 63 done
1670 1391 108 63 and
1823 1390 99 63 still
1969 1388 73 64 do
2086 1405 92 44 too
2225 1386 159 62 much
2430 1384 150 63 harm
2623 1400 57 44 to
2724 1382 93 62 the

1486 1480 192 63 British
1702 1481 206 60 theatre
1938 1494 56 45 to
2026 1476 70 62 be
2127 1501 102 52 any
2263 1475 178 76 longer
2472 1470 232 63 excused
2736 1470 82 60 for

1485 1570 134 61 their
1665 1566 339 64 indifference
2049 1581 57 45 to
2150 1589 103 34 one
2298 1562 56 61 of
2401 1561 88 61 the
2535 1575 135 44 most
2714 1560 66 58 im-

1485 1674 212 64 portant
1729 1669 325 48 movements
2102 1649 179 64 which
2326 1650 95 61 has
2481 1674 124 36 ever
2665 1671 153 36 come

1485 1764 57 45 to
1608 1744 152 62 wake
1820 1769 74 52 up
1951 1743 90 59 the
2101 1740 287 76 European
2444 1751 146 63 stage
2766 1735 51 60 in

1485 1831 181 67 which
1716 1857 85 38 we
1844 1831 145 78 hope
2035 1828 91 62 the
2172 1825 192 62 British
2409 1840 148 63 stage
2591 1848 123 52 may
2747 1821 69 61 be

1485 1918 253 66 included
1783 1946 57 34 as
1886 1933 136 64 part.

1618 2007 137 62 And
1824 2005 90 63 the
1984 2004 255 60 Russians
2291 2000 139 63 have
2483 1994 338 65 contributed

1486 2096 231 81 perhaps
1764 2119 146 36 more
1956 2091 127 62 than
2129 2116 103 52 any
2290 2088 151 61 other
2497 2088 180 58 nation
2735 2099 56 46 to-

1489 2185 177 64 wards
1713 2183 102 63 this
1862 2179 333 78 awakening.

1621 2272 165 78 They
1830 2268 139 63 have
2012 2263 221 68 wanted
2277 2263 172 78 things
2506 2279 55 43 to
2618 2286 68 52 go
2732 2282 86 47 on,

1490 2360 107 62 and
1644 2379 90 42 not
1781 2356 103 63 like
1918 2356 112 62 Mr.
2080 2352 216 71 Parker,
2348 2376 59 36 or
2451 2350 92 59 the
2572 2348 107 61 late
2710 2346 113 62 Mr.

1491 2449 243 62 William
1768 2444 235 71 Archer,
2039 2441 127 62 who
2197 2441 137 61 have
2378 2436 219 65 wanted
2635 2436 190 76 things,

1495 2554 53 43 to
1595 2553 116 62 stay
1757 2533 118 69 still,
1924 2557 57 35 or
2031 2530 113 61 Mr.
2195 2525 239 63 Bernard
2478 2524 165 62 Shaw
2700 2521 127 62 who

1495 2640 171 47 wants
1711 2639 57 45 to
1800 2620 68 61 be
1900 2619 92 61 the
2022 2644 103 35 one
2155 2633 56 43 to
2243 2615 136 62 have
2409 2610 229 81 stopped
2663 2609 162 62 them.

1630 2712 127 61 The
1802 2708 158 62 result
2020 2709 41 58 is
2130 2704 90 61 the
2290 2704 232 60 Russian
2588 2699 243 62 Theatre

1495 2799 197 80 people
1736 2797 139 62 have
1934 2794 83 61 for
2074 2807 205 62 twenty
2338 2814 153 55 years
2561 2813 58 36 or
2685 2811 147 36 more

1496 2891 141 61 been
1683 2889 154 77 given
1882 2907 160 54 every
2088 2882 340 77 opportunity
2474 2893 56 45 to
2576 2877 253 66 exercise,

1500 2995 55 44 to
1600 2976 139 76 keep
1785 2974 50 59 in
1882 2972 221 74 training
2149 2966 108 62 and
2301 2982 60 46 to
2408 2963 151 62 excel
2587 2990 13 44 ;
2741 2961 91 60 the

1501 3062 221 81 English
1767 3061 240 62 Theatre
2051 3054 193 82 people
2296 3054 139 61 have
2487 3052 136 61 been
2682 3052 154 76 given

1501 3148 309 86 practically
1857 3174 69 34 no
1971 3146 361 79 opportunity.

1637 3239 158 62 Who
1840 3235 196 62 doubts
2086 3232 110 61 that
2244 3230 113 61 Mr.
2393 3226 141 63 Basil
2567 3226 179 69 Dean,
2782 3240 54 44 to

1506 3329 122 62 take
1674 3326 92 61 the
1818 3324 105 61 first
1984 3345 155 37 name
2205 3317 116 63 that
2387 3340 179 37 comes
2633 3310 202 79 handy,

1506 3414 186 67 would
1730 3413 140 62 have
1901 3409 143 63 done
2074 3434 57 36 as
2164 3405 141 70 well,
2340 3430 113 52 say,
2488 3429 57 36 as
2578 3400 89 63 M.
2699 3400 104 61 Tai-

1509 3503 99 63 roff
1652 3500 110 64 had
1807 3500 70 61 he
1908 3494 245 66 received
2183 3494 92 61 the
2305 3517 146 37 same
2481 3504 219 64 support
2732 3485 108 64 and

1509 3594 141 61 been
1706 3593 152 75 given
1914 3585 338 80 opportunity
2312 3598 54 45 to
2423 3582 252 66 exercise,
2735 3574 106 62 and

1510 3674 357 70 keen-witted
1893 3674 361 79 appreciation
2279 3669 185 76 during
2488 3667 89 61 the
2608 3689 231 55 process.

1646 3766 106 62 But
1799 3761 231 64 London
2084 3757 212 63 doesn't
2355 3756 123 78 play
2539 3753 93 61 the
2689 3776 153 54 game

1513 3857 302 62 sometimes
1948 3847 107 65 and
2079 3847 102 62 this
2215 3848 41 59 is
2282 3870 101 37 one
2407 3844 53 60 of
2496 3842 153 62 those
2674 3844 167 58 times.

1650 3943 56 61 In
1754 3941 198 62 Russia
1997 3937 90 61 the
2131 3936 207 61 theatre
2384 3927 302 81 developed
2724 3928 122 76 long

1513 4031 192 64 before
1749 4030 90 61 the
1885 4026 183 62 Soviet
2115 4048 151 36 came
2324 4024 110 58 into
2491 4018 197 77 being;
2751 4013 94 63 but
