<?xml version="1.0" encoding="UTF-8"?>
<alto xmlns:xsi="http://www.w3.org/2001/XMLSchema-instance" xmlns="http://www.loc.gov/standards/alto/ns-v2#" xsi:schemaLocation="http://www.loc.gov/standards/alto/ns-v2# http://www.loc.gov/standards/alto/alto-v2.0.xsd" xmlns:xlink="http://www.w3.org/1999/xlink">
	<Description>
		<MeasurementUnit>mm10</MeasurementUnit>
		<sourceImageInformation>
			<fileName>//fileserver7/IN2-2/Princeton/bmtnaau/1928/10_01/00000200.tif</fileName>
		</sourceImageInformation>
		<OCRProcessing ID="OCRPROCESSING_1">
			<preProcessingStep>
				<processingSoftware>
					<softwareCreator>CCS Content Conversion Specialists GmbH, Germany</softwareCreator>
					<softwareName>CCS docWorks</softwareName>
					<softwareVersion>6.7-1.24</softwareVersion>
				</processingSoftware>
			</preProcessingStep>
			<ocrProcessingStep>
				<processingSoftware>
					<softwareCreator>ABBYY (BIT Software), Russia</softwareCreator>
					<softwareName>FineReader</softwareName>
					<softwareVersion>10.0</softwareVersion>
				</processingSoftware>
			</ocrProcessingStep>
		</OCRProcessing>
	</Description>
	<Styles>
		<TextStyle ID="TXT_0" FONTSIZE="12" FONTFAMILY="Times New Roman"/>
		<TextStyle ID="TXT_1" FONTSIZE="25" FONTFAMILY="Times New Roman"/>
		<ParagraphStyle ID="PAR_LEFT" ALIGN="Left"/>
		<ParagraphStyle ID="PAR_BLOCK" ALIGN="Block"/>
	</Styles>
	<Layout>
		<Page ID="P6" PHYSICAL_IMG_NR="6" HEIGHT="4391" WIDTH="3071" PRINTED_IMG_NR="140" PC="0.923">
			<TopMargin ID="P6_TM00001" HPOS="0" VPOS="0" WIDTH="3071" HEIGHT="148">
				<TextBlock ID="P6_TB00001" HPOS="185" VPOS="101" WIDTH="82" HEIGHT="44" STYLEREFS="TXT_0 PAR_LEFT">
					<TextLine ID="P6_TL00001" HPOS="185" VPOS="101" WIDTH="82" HEIGHT="44">
						<String ID="P6_ST00001" HPOS="185" VPOS="101" WIDTH="82" HEIGHT="44" CONTENT="140" WC="1.00" CC="000"/>
					</TextLine>
				</TextBlock>
			</TopMargin>
			<LeftMargin ID="P6_LM00001" HPOS="0" VPOS="148" WIDTH="164" HEIGHT="4093"/>
			<RightMargin ID="P6_RM00001" HPOS="2974" VPOS="148" WIDTH="97" HEIGHT="4093"/>
			<BottomMargin ID="P6_BM00001" HPOS="0" VPOS="4241" WIDTH="3071" HEIGHT="150"/>
			<PrintSpace ID="P6_PS00001" HPOS="164" VPOS="148" WIDTH="2810" HEIGHT="4093">
				<TextBlock ID="P6_TB00002" HPOS="166" VPOS="193" WIDTH="2808" HEIGHT="1892" STYLEREFS="TXT_1 PAR_LEFT">
					<TextLine ID="P6_TL00002" HPOS="333" VPOS="194" WIDTH="2639" HEIGHT="99">
						<String ID="P6_ST00002" HPOS="333" VPOS="197" WIDTH="156" HEIGHT="78" CONTENT="The" WC="1.00" CC="000"/>
						<SP ID="P6_SP00001" HPOS="489" VPOS="275" WIDTH="57"/>
						<String ID="P6_ST00003" HPOS="546" VPOS="195" WIDTH="341" HEIGHT="79" CONTENT="collection" WC="1.00" CC="0400000540"/>
						<SP ID="P6_SP00002" HPOS="887" VPOS="275" WIDTH="56"/>
						<String ID="P6_ST00004" HPOS="943" VPOS="197" WIDTH="68" HEIGHT="77" CONTENT="of" WC="0.65" CC="07"/>
						<SP ID="P6_SP00003" HPOS="1011" VPOS="275" WIDTH="55"/>
						<String ID="P6_ST00005" HPOS="1066" VPOS="230" WIDTH="152" HEIGHT="44" CONTENT="men" WC="0.96" CC="506"/>
						<SP ID="P6_SP00004" HPOS="1218" VPOS="275" WIDTH="55"/>
						<String ID="P6_ST00006" HPOS="1273" VPOS="201" WIDTH="63" HEIGHT="72" CONTENT="in" WC="0.69" CC="60"/>
						<SP ID="P6_SP00005" HPOS="1336" VPOS="275" WIDTH="56"/>
						<String ID="P6_ST00007" HPOS="1392" VPOS="195" WIDTH="111" HEIGHT="78" CONTENT="the" WC="0.99" CC="300"/>
						<SP ID="P6_SP00006" HPOS="1503" VPOS="275" WIDTH="39"/>
						<String ID="P6_ST00008" HPOS="1542" VPOS="195" WIDTH="532" HEIGHT="98" CONTENT="Stratford-upon" WC="0.76" CC="00000560036065"/>
						<SP ID="P6_SP00007" HPOS="2074" VPOS="293" WIDTH="41"/>
						<String ID="P6_ST00009" HPOS="2115" VPOS="198" WIDTH="213" HEIGHT="76" CONTENT="Avon" WC="0.99" CC="0050"/>
						<SP ID="P6_SP00008" HPOS="2328" VPOS="293" WIDTH="45"/>
						<String ID="P6_ST00010" HPOS="2373" VPOS="195" WIDTH="297" HEIGHT="77" CONTENT="Theatre" WC="0.99" CC="0000090"/>
						<SP ID="P6_SP00009" HPOS="2670" VPOS="293" WIDTH="37"/>
						<String ID="P6_ST00011" HPOS="2707" VPOS="194" WIDTH="265" HEIGHT="84" CONTENT="scheme" WC="1.00" CC="000000"/>
					</TextLine>
					<TextLine ID="P6_TL00003" HPOS="173" VPOS="301" WIDTH="2656" HEIGHT="98">
						<String ID="P6_ST00012" HPOS="173" VPOS="306" WIDTH="51" HEIGHT="74" CONTENT="is" WC="0.77" CC="40"/>
						<SP ID="P6_SP00010" HPOS="224" VPOS="380" WIDTH="54"/>
						<String ID="P6_ST00013" HPOS="278" VPOS="322" WIDTH="113" HEIGHT="56" CONTENT="not" WC="0.94" CC="709"/>
						<SP ID="P6_SP00011" HPOS="391" VPOS="380" WIDTH="55"/>
						<String ID="P6_ST00014" HPOS="446" VPOS="306" WIDTH="504" HEIGHT="91" CONTENT="representative" WC="0.99" CC="60050407006700"/>
						<SP ID="P6_SP00012" HPOS="950" VPOS="397" WIDTH="55"/>
						<String ID="P6_ST00015" HPOS="1005" VPOS="301" WIDTH="250" HEIGHT="96" CONTENT="though" WC="0.99" CC="000750"/>
						<SP ID="P6_SP00013" HPOS="1255" VPOS="397" WIDTH="57"/>
						<String ID="P6_ST00016" HPOS="1312" VPOS="301" WIDTH="178" HEIGHT="96" CONTENT="good" WC="0.97" CC="8330"/>
						<SP ID="P6_SP00014" HPOS="1490" VPOS="397" WIDTH="55"/>
						<String ID="P6_ST00017" HPOS="1545" VPOS="335" WIDTH="228" HEIGHT="45" CONTENT="names" WC="1.00" CC="40000"/>
						<SP ID="P6_SP00015" HPOS="1773" VPOS="397" WIDTH="54"/>
						<String ID="P6_ST00018" HPOS="1827" VPOS="305" WIDTH="199" HEIGHT="94" CONTENT="figure" WC="0.98" CC="840050"/>
						<SP ID="P6_SP00016" HPOS="2026" VPOS="399" WIDTH="56"/>
						<String ID="P6_ST00019" HPOS="2082" VPOS="335" WIDTH="86" HEIGHT="43" CONTENT="on" WC="0.67" CC="33"/>
						<SP ID="P6_SP00017" HPOS="2168" VPOS="399" WIDTH="55"/>
						<String ID="P6_ST00020" HPOS="2223" VPOS="305" WIDTH="77" HEIGHT="73" CONTENT="its" WC="0.98" CC="600"/>
						<SP ID="P6_SP00018" HPOS="2300" VPOS="399" WIDTH="55"/>
						<String ID="P6_ST00021" HPOS="2355" VPOS="321" WIDTH="474" HEIGHT="76" CONTENT="prospectuses." WC="1.00" CC="0120001000004"/>
					</TextLine>
					<TextLine ID="P6_TL00004" HPOS="331" VPOS="405" WIDTH="2642" HEIGHT="99">
						<String ID="P6_ST00022" HPOS="331" VPOS="406" WIDTH="121" HEIGHT="78" CONTENT="All" WC="0.97" CC="070"/>
						<SP ID="P6_SP00019" HPOS="452" VPOS="484" WIDTH="55"/>
						<String ID="P6_ST00023" HPOS="507" VPOS="408" WIDTH="226" HEIGHT="78" CONTENT="would" WC="0.99" CC="00700"/>
						<SP ID="P6_SP00020" HPOS="733" VPOS="486" WIDTH="56"/>
						<String ID="P6_ST00024" HPOS="789" VPOS="408" WIDTH="88" HEIGHT="77" CONTENT="be" WC="0.63" CC="70"/>
						<SP ID="P6_SP00021" HPOS="877" VPOS="486" WIDTH="53"/>
						<String ID="P6_ST00025" HPOS="930" VPOS="406" WIDTH="174" HEIGHT="90" CONTENT="well," WC="1.00" CC="00200"/>
						<SP ID="P6_SP00022" HPOS="1104" VPOS="496" WIDTH="42"/>
						<String ID="P6_ST00026" HPOS="1146" VPOS="409" WIDTH="96" HEIGHT="75" CONTENT="for" WC="0.92" CC="739"/>
						<SP ID="P6_SP00023" HPOS="1242" VPOS="496" WIDTH="37"/>
						<String ID="P6_ST00027" HPOS="1279" VPOS="406" WIDTH="329" HEIGHT="98" CONTENT="example," WC="1.00" CC="00000000"/>
						<SP ID="P6_SP00024" HPOS="1608" VPOS="504" WIDTH="41"/>
						<String ID="P6_ST00028" HPOS="1649" VPOS="408" WIDTH="48" HEIGHT="77" CONTENT="if" WC="0.52" CC="53"/>
						<SP ID="P6_SP00025" HPOS="1697" VPOS="504" WIDTH="37"/>
						<String ID="P6_ST00029" HPOS="1734" VPOS="408" WIDTH="207" HEIGHT="77" CONTENT="either" WC="0.99" CC="020705"/>
						<SP ID="P6_SP00026" HPOS="1941" VPOS="504" WIDTH="37"/>
						<String ID="P6_ST00030" HPOS="1978" VPOS="408" WIDTH="68" HEIGHT="76" CONTENT="of" WC="0.44" CC="37"/>
						<SP ID="P6_SP00027" HPOS="2046" VPOS="504" WIDTH="37"/>
						<String ID="P6_ST00031" HPOS="2083" VPOS="406" WIDTH="114" HEIGHT="78" CONTENT="the" WC="1.00" CC="001"/>
						<SP ID="P6_SP00028" HPOS="2197" VPOS="504" WIDTH="37"/>
						<String ID="P6_ST00032" HPOS="2234" VPOS="405" WIDTH="127" HEIGHT="79" CONTENT="first" WC="1.00" CC="00300"/>
						<SP ID="P6_SP00029" HPOS="2361" VPOS="504" WIDTH="38"/>
						<String ID="P6_ST00033" HPOS="2399" VPOS="405" WIDTH="183" HEIGHT="77" CONTENT="three" WC="0.99" CC="00052"/>
						<SP ID="P6_SP00030" HPOS="2582" VPOS="504" WIDTH="38"/>
						<String ID="P6_ST00034" HPOS="2620" VPOS="405" WIDTH="353" HEIGHT="97" CONTENT="producers" WC="1.00" CC="030000090"/>
					</TextLine>
					<TextLine ID="P6_TL00005" HPOS="172" VPOS="510" WIDTH="2799" HEIGHT="99">
						<String ID="P6_ST00035" HPOS="172" VPOS="513" WIDTH="67" HEIGHT="76" CONTENT="of" WC="0.53" CC="44"/>
						<SP ID="P6_SP00031" HPOS="239" VPOS="589" WIDTH="56"/>
						<String ID="P6_ST00036" HPOS="295" VPOS="512" WIDTH="269" HEIGHT="96" CONTENT="English" WC="0.98" CC="3660427"/>
						<SP ID="P6_SP00032" HPOS="564" VPOS="608" WIDTH="56"/>
						<String ID="P6_ST00037" HPOS="620" VPOS="512" WIDTH="168" HEIGHT="78" CONTENT="birth" WC="0.97" CC="76500"/>
						<SP ID="P6_SP00033" HPOS="788" VPOS="608" WIDTH="54"/>
						<String ID="P6_ST00038" HPOS="842" VPOS="547" WIDTH="179" HEIGHT="45" CONTENT="were" WC="0.99" CC="0003"/>
						<SP ID="P6_SP00034" HPOS="1021" VPOS="608" WIDTH="55"/>
						<String ID="P6_ST00039" HPOS="1076" VPOS="512" WIDTH="238" HEIGHT="96" CONTENT="placed" WC="0.98" CC="053059"/>
						<SP ID="P6_SP00035" HPOS="1314" VPOS="608" WIDTH="57"/>
						<String ID="P6_ST00040" HPOS="1371" VPOS="517" WIDTH="64" HEIGHT="73" CONTENT="in" WC="0.26" CC="77"/>
						<SP ID="P6_SP00036" HPOS="1435" VPOS="608" WIDTH="55"/>
						<String ID="P6_ST00041" HPOS="1490" VPOS="546" WIDTH="232" HEIGHT="63" CONTENT="power" WC="0.99" CC="01016"/>
						<SP ID="P6_SP00037" HPOS="1722" VPOS="609" WIDTH="53"/>
						<String ID="P6_ST00042" HPOS="1775" VPOS="547" WIDTH="87" HEIGHT="43" CONTENT="on" WC="0.83" CC="30"/>
						<SP ID="P6_SP00038" HPOS="1862" VPOS="609" WIDTH="56"/>
						<String ID="P6_ST00043" HPOS="1918" VPOS="513" WIDTH="113" HEIGHT="77" CONTENT="the" WC="1.00" CC="000"/>
						<SP ID="P6_SP00039" HPOS="2031" VPOS="609" WIDTH="56"/>
						<String ID="P6_ST00044" HPOS="2087" VPOS="533" WIDTH="183" HEIGHT="75" CONTENT="stage" WC="1.00" CC="00000"/>
						<SP ID="P6_SP00040" HPOS="2270" VPOS="609" WIDTH="38"/>
						<String ID="P6_ST00045" HPOS="2308" VPOS="532" WIDTH="67" HEIGHT="57" CONTENT="at" WC="1.00" CC="00"/>
						<SP ID="P6_SP00041" HPOS="2375" VPOS="609" WIDTH="37"/>
						<String ID="P6_ST00046" HPOS="2412" VPOS="510" WIDTH="559" HEIGHT="98" CONTENT="Stratford-upon-" WC="1.00" CC="002001060200104"/>
					</TextLine>
					<TextLine ID="P6_TL00006" HPOS="171" VPOS="613" WIDTH="2799" HEIGHT="101">
						<String ID="P6_ST00047" HPOS="171" VPOS="620" WIDTH="231" HEIGHT="77" CONTENT="Avon." WC="1.00" CC="00003"/>
						<SP ID="P6_SP00042" HPOS="402" VPOS="697" WIDTH="111"/>
						<String ID="P6_ST00048" HPOS="513" VPOS="617" WIDTH="122" HEIGHT="79" CONTENT="All" WC="0.99" CC="030"/>
						<SP ID="P6_SP00043" HPOS="635" VPOS="697" WIDTH="55"/>
						<String ID="P6_ST00049" HPOS="690" VPOS="617" WIDTH="226" HEIGHT="80" CONTENT="would" WC="0.99" CC="01500"/>
						<SP ID="P6_SP00044" HPOS="916" VPOS="697" WIDTH="56"/>
						<String ID="P6_ST00050" HPOS="972" VPOS="637" WIDTH="114" HEIGHT="59" CONTENT="not" WC="0.96" CC="720"/>
						<SP ID="P6_SP00045" HPOS="1086" VPOS="697" WIDTH="41"/>
						<String ID="P6_ST00051" HPOS="1127" VPOS="618" WIDTH="85" HEIGHT="78" CONTENT="be" WC="0.65" CC="60"/>
						<SP ID="P6_SP00046" HPOS="1212" VPOS="697" WIDTH="55"/>
						<String ID="P6_ST00052" HPOS="1267" VPOS="618" WIDTH="66" HEIGHT="78" CONTENT="ill" WC="0.95" CC="580"/>
						<SP ID="P6_SP00047" HPOS="1333" VPOS="697" WIDTH="53"/>
						<String ID="P6_ST00053" HPOS="1386" VPOS="618" WIDTH="47" HEIGHT="78" CONTENT="if" WC="0.57" CC="44"/>
						<SP ID="P6_SP00048" HPOS="1433" VPOS="697" WIDTH="53"/>
						<String ID="P6_ST00054" HPOS="1486" VPOS="618" WIDTH="112" HEIGHT="78" CONTENT="the" WC="0.98" CC="060"/>
						<SP ID="P6_SP00049" HPOS="1598" VPOS="697" WIDTH="41"/>
						<String ID="P6_ST00055" HPOS="1639" VPOS="622" WIDTH="40" HEIGHT="27" CONTENT='"' WC="0.57" CC="4"/>
						<SP ID="P6_SP00050" HPOS="1679" VPOS="697" WIDTH="35"/>
						<String ID="P6_ST00056" HPOS="1714" VPOS="617" WIDTH="461" HEIGHT="97" CONTENT="Shakespeare" WC="1.00" CC="20301001140"/>
						<SP ID="P6_SP00051" HPOS="2175" VPOS="714" WIDTH="40"/>
						<String ID="P6_ST00057" HPOS="2215" VPOS="617" WIDTH="287" HEIGHT="78" CONTENT="Review" WC="0.99" CC="020400"/>
						<SP ID="P6_SP00052" HPOS="2502" VPOS="714" WIDTH="40"/>
						<String ID="P6_ST00058" HPOS="2542" VPOS="613" WIDTH="40" HEIGHT="26" CONTENT='"' WC="0.30" CC="6"/>
						<SP ID="P6_SP00053" HPOS="2582" VPOS="714" WIDTH="41"/>
						<String ID="P6_ST00059" HPOS="2623" VPOS="616" WIDTH="197" HEIGHT="79" CONTENT="could" WC="0.99" CC="04020"/>
						<SP ID="P6_SP00054" HPOS="2820" VPOS="714" WIDTH="38"/>
						<String ID="P6_ST00060" HPOS="2858" VPOS="640" WIDTH="112" HEIGHT="56" CONTENT="not" WC="0.97" CC="125"/>
					</TextLine>
					<TextLine ID="P6_TL00007" HPOS="171" VPOS="720" WIDTH="2796" HEIGHT="100">
						<String ID="P6_ST00061" HPOS="171" VPOS="721" WIDTH="133" HEIGHT="80" CONTENT="find" WC="0.99" CC="3300"/>
						<SP ID="P6_SP00055" HPOS="304" VPOS="801" WIDTH="56"/>
						<String ID="P6_ST00062" HPOS="360" VPOS="725" WIDTH="48" HEIGHT="76" CONTENT="it" WC="0.61" CC="70"/>
						<SP ID="P6_SP00056" HPOS="408" VPOS="801" WIDTH="53"/>
						<String ID="P6_ST00063" HPOS="461" VPOS="722" WIDTH="284" HEIGHT="98" CONTENT="possible" WC="0.99" CC="01002724"/>
						<SP ID="P6_SP00057" HPOS="745" VPOS="820" WIDTH="55"/>
						<String ID="P6_ST00064" HPOS="800" VPOS="745" WIDTH="69" HEIGHT="57" CONTENT="to" WC="0.84" CC="03"/>
						<SP ID="P6_SP00058" HPOS="869" VPOS="820" WIDTH="55"/>
						<String ID="P6_ST00065" HPOS="924" VPOS="722" WIDTH="317" HEIGHT="98" CONTENT="reproach" WC="0.98" CC="42065307"/>
						<SP ID="P6_SP00059" HPOS="1241" VPOS="820" WIDTH="60"/>
						<String ID="P6_ST00066" HPOS="1301" VPOS="726" WIDTH="38" HEIGHT="26" CONTENT='"' WC="0.53" CC="4"/>
						<SP ID="P6_SP00060" HPOS="1339" VPOS="820" WIDTH="44"/>
						<String ID="P6_ST00067" HPOS="1383" VPOS="722" WIDTH="362" HEIGHT="98" CONTENT="England's" WC="0.99" CC="508104040"/>
						<SP ID="P6_SP00061" HPOS="1745" VPOS="820" WIDTH="55"/>
						<String ID="P6_ST00068" HPOS="1800" VPOS="722" WIDTH="197" HEIGHT="97" CONTENT="really" WC="1.00" CC="000000"/>
						<SP ID="P6_SP00062" HPOS="1997" VPOS="820" WIDTH="57"/>
						<String ID="P6_ST00069" HPOS="2054" VPOS="744" WIDTH="180" HEIGHT="75" CONTENT="great" WC="1.00" CC="03000"/>
						<SP ID="P6_SP00063" HPOS="2234" VPOS="820" WIDTH="73"/>
						<String ID="P6_ST00070" HPOS="2307" VPOS="756" WIDTH="155" HEIGHT="43" CONTENT="men" WC="0.97" CC="007"/>
						<SP ID="P6_SP00064" HPOS="2462" VPOS="820" WIDTH="73"/>
						<String ID="P6_ST00071" HPOS="2535" VPOS="721" WIDTH="70" HEIGHT="78" CONTENT="of" WC="0.78" CC="04"/>
						<SP ID="P6_SP00065" HPOS="2605" VPOS="820" WIDTH="70"/>
						<String ID="P6_ST00072" HPOS="2675" VPOS="720" WIDTH="212" HEIGHT="80" CONTENT="letters" WC="1.00" CC="0000050"/>
						<SP ID="P6_SP00066" HPOS="2887" VPOS="820" WIDTH="39"/>
						<String ID="P6_ST00073" HPOS="2926" VPOS="721" WIDTH="41" HEIGHT="24" CONTENT='"' WC="0.26" CC="7"/>
					</TextLine>
					<TextLine ID="P6_TL00008" HPOS="169" VPOS="827" WIDTH="2676" HEIGHT="99">
						<String ID="P6_ST00074" HPOS="169" VPOS="828" WIDTH="98" HEIGHT="77" CONTENT="for" WC="0.95" CC="760"/>
						<SP ID="P6_SP00067" HPOS="267" VPOS="905" WIDTH="53"/>
						<String ID="P6_ST00075" HPOS="320" VPOS="851" WIDTH="115" HEIGHT="56" CONTENT="not" WC="0.96" CC="046"/>
						<SP ID="P6_SP00068" HPOS="435" VPOS="907" WIDTH="58"/>
						<String ID="P6_ST00076" HPOS="493" VPOS="832" WIDTH="39" HEIGHT="26" CONTENT='"' WC="0.30" CC="6"/>
						<SP ID="P6_SP00069" HPOS="532" VPOS="907" WIDTH="44"/>
						<String ID="P6_ST00077" HPOS="576" VPOS="828" WIDTH="203" HEIGHT="98" CONTENT="lifting" WC="0.99" CC="0440410"/>
						<SP ID="P6_SP00070" HPOS="779" VPOS="926" WIDTH="54"/>
						<String ID="P6_ST00078" HPOS="833" VPOS="865" WIDTH="41" HEIGHT="43" CONTENT="a" WC="1.00" CC="0"/>
						<SP ID="P6_SP00071" HPOS="874" VPOS="926" WIDTH="56"/>
						<String ID="P6_ST00079" HPOS="930" VPOS="828" WIDTH="155" HEIGHT="79" CONTENT="little" WC="0.99" CC="060000"/>
						<SP ID="P6_SP00072" HPOS="1085" VPOS="926" WIDTH="55"/>
						<String ID="P6_ST00080" HPOS="1140" VPOS="829" WIDTH="200" HEIGHT="95" CONTENT="finger" WC="0.99" CC="002211"/>
						<SP ID="P6_SP00073" HPOS="1340" VPOS="926" WIDTH="55"/>
						<String ID="P6_ST00081" HPOS="1395" VPOS="849" WIDTH="67" HEIGHT="58" CONTENT="to" WC="0.85" CC="02"/>
						<SP ID="P6_SP00074" HPOS="1462" VPOS="926" WIDTH="56"/>
						<String ID="P6_ST00082" HPOS="1518" VPOS="829" WIDTH="155" HEIGHT="97" CONTENT="help" WC="0.99" CC="0030"/>
						<SP ID="P6_SP00075" HPOS="1673" VPOS="926" WIDTH="53"/>
						<String ID="P6_ST00083" HPOS="1726" VPOS="829" WIDTH="115" HEIGHT="78" CONTENT="the" WC="1.00" CC="000"/>
						<SP ID="P6_SP00076" HPOS="1841" VPOS="926" WIDTH="54"/>
						<String ID="P6_ST00084" HPOS="1895" VPOS="828" WIDTH="230" HEIGHT="79" CONTENT="drama" WC="1.00" CC="04000"/>
						<SP ID="P6_SP00077" HPOS="2125" VPOS="926" WIDTH="53"/>
						<String ID="P6_ST00085" HPOS="2178" VPOS="832" WIDTH="66" HEIGHT="75" CONTENT="in" WC="0.72" CC="50"/>
						<SP ID="P6_SP00078" HPOS="2244" VPOS="926" WIDTH="55"/>
						<String ID="P6_ST00086" HPOS="2299" VPOS="827" WIDTH="124" HEIGHT="78" CONTENT="this" WC="0.98" CC="1070"/>
						<SP ID="P6_SP00079" HPOS="2423" VPOS="926" WIDTH="55"/>
						<String ID="P6_ST00087" HPOS="2478" VPOS="847" WIDTH="272" HEIGHT="76" CONTENT="country" WC="0.99" CC="0500060"/>
						<SP ID="P6_SP00080" HPOS="2750" VPOS="926" WIDTH="33"/>
						<String ID="P6_ST00088" HPOS="2783" VPOS="827" WIDTH="62" HEIGHT="78" CONTENT='".' WC="0.76" CC="40"/>
					</TextLine>
					<TextLine ID="P6_TL00009" HPOS="328" VPOS="931" WIDTH="2637" HEIGHT="100">
						<String ID="P6_ST00089" HPOS="328" VPOS="933" WIDTH="202" HEIGHT="97" CONTENT="They" WC="0.99" CC="0040"/>
						<SP ID="P6_SP00081" HPOS="530" VPOS="1030" WIDTH="55"/>
						<String ID="P6_ST00090" HPOS="585" VPOS="933" WIDTH="90" HEIGHT="79" CONTENT="do" WC="1.00" CC="00"/>
						<SP ID="P6_SP00082" HPOS="675" VPOS="1030" WIDTH="56"/>
						<String ID="P6_ST00091" HPOS="731" VPOS="935" WIDTH="163" HEIGHT="77" CONTENT="their" WC="0.99" CC="00064"/>
						<SP ID="P6_SP00083" HPOS="894" VPOS="1030" WIDTH="37"/>
						<String ID="P6_ST00092" HPOS="931" VPOS="933" WIDTH="165" HEIGHT="79" CONTENT="best." WC="0.98" CC="70004"/>
						<SP ID="P6_SP00084" HPOS="1096" VPOS="1030" WIDTH="112"/>
						<String ID="P6_ST00093" HPOS="1208" VPOS="933" WIDTH="201" HEIGHT="98" CONTENT="They" WC="0.98" CC="0700"/>
						<SP ID="P6_SP00085" HPOS="1409" VPOS="1031" WIDTH="38"/>
						<String ID="P6_ST00094" HPOS="1447" VPOS="938" WIDTH="187" HEIGHT="75" CONTENT="write" WC="0.99" CC="03400"/>
						<SP ID="P6_SP00086" HPOS="1634" VPOS="1031" WIDTH="36"/>
						<String ID="P6_ST00095" HPOS="1670" VPOS="968" WIDTH="73" HEIGHT="44" CONTENT="as" WC="1.00" CC="00"/>
						<SP ID="P6_SP00087" HPOS="1743" VPOS="1031" WIDTH="35"/>
						<String ID="P6_ST00096" HPOS="1778" VPOS="933" WIDTH="179" HEIGHT="97" CONTENT="good" WC="0.99" CC="0040"/>
						<SP ID="P6_SP00088" HPOS="1957" VPOS="1031" WIDTH="37"/>
						<String ID="P6_ST00097" HPOS="1994" VPOS="933" WIDTH="186" HEIGHT="97" CONTENT="plays" WC="1.00" CC="02000"/>
						<SP ID="P6_SP00089" HPOS="2180" VPOS="1031" WIDTH="35"/>
						<String ID="P6_ST00098" HPOS="2215" VPOS="966" WIDTH="73" HEIGHT="45" CONTENT="as" WC="1.00" CC="00"/>
						<SP ID="P6_SP00090" HPOS="2288" VPOS="1031" WIDTH="38"/>
						<String ID="P6_ST00099" HPOS="2326" VPOS="936" WIDTH="51" HEIGHT="74" CONTENT="is" WC="0.75" CC="40"/>
						<SP ID="P6_SP00091" HPOS="2377" VPOS="1031" WIDTH="36"/>
						<String ID="P6_ST00100" HPOS="2413" VPOS="935" WIDTH="66" HEIGHT="75" CONTENT="in" WC="0.64" CC="70"/>
						<SP ID="P6_SP00092" HPOS="2479" VPOS="1031" WIDTH="37"/>
						<String ID="P6_ST00101" HPOS="2516" VPOS="931" WIDTH="165" HEIGHT="77" CONTENT="their" WC="0.99" CC="00034"/>
						<SP ID="P6_SP00093" HPOS="2681" VPOS="1031" WIDTH="36"/>
						<String ID="P6_ST00102" HPOS="2717" VPOS="964" WIDTH="248" HEIGHT="62" CONTENT="power." WC="1.00" CC="000002"/>
					</TextLine>
					<TextLine ID="P6_TL00010" HPOS="167" VPOS="1036" WIDTH="2801" HEIGHT="101">
						<String ID="P6_ST00103" HPOS="167" VPOS="1037" WIDTH="195" HEIGHT="80" CONTENT="Who" WC="1.00" CC="000"/>
						<SP ID="P6_SP00094" HPOS="362" VPOS="1117" WIDTH="56"/>
						<String ID="P6_ST00104" HPOS="418" VPOS="1043" WIDTH="64" HEIGHT="74" CONTENT="in" WC="0.37" CC="65"/>
						<SP ID="P6_SP00095" HPOS="482" VPOS="1117" WIDTH="57"/>
						<String ID="P6_ST00105" HPOS="539" VPOS="1037" WIDTH="307" HEIGHT="100" CONTENT="England" WC="0.99" CC="2505000"/>
						<SP ID="P6_SP00096" HPOS="846" VPOS="1137" WIDTH="55"/>
						<String ID="P6_ST00106" HPOS="901" VPOS="1073" WIDTH="124" HEIGHT="44" CONTENT="can" WC="1.00" CC="000"/>
						<SP ID="P6_SP00097" HPOS="1025" VPOS="1137" WIDTH="55"/>
						<String ID="P6_ST00107" HPOS="1080" VPOS="1044" WIDTH="187" HEIGHT="75" CONTENT="write" WC="0.99" CC="00800"/>
						<SP ID="P6_SP00098" HPOS="1267" VPOS="1137" WIDTH="54"/>
						<String ID="P6_ST00108" HPOS="1321" VPOS="1039" WIDTH="234" HEIGHT="80" CONTENT="better." WC="0.98" CC="7072033"/>
						<SP ID="P6_SP00099" HPOS="1555" VPOS="1137" WIDTH="109"/>
						<String ID="P6_ST00109" HPOS="1664" VPOS="1037" WIDTH="243" HEIGHT="79" CONTENT="That's" WC="0.99" CC="070040"/>
						<SP ID="P6_SP00100" HPOS="1907" VPOS="1137" WIDTH="54"/>
						<String ID="P6_ST00110" HPOS="1961" VPOS="1037" WIDTH="222" HEIGHT="98" CONTENT="lifting," WC="0.98" CC="05445072"/>
						<SP ID="P6_SP00101" HPOS="2183" VPOS="1137" WIDTH="64"/>
						<String ID="P6_ST00111" HPOS="2247" VPOS="1058" WIDTH="117" HEIGHT="58" CONTENT="not" WC="0.99" CC="010"/>
						<SP ID="P6_SP00102" HPOS="2364" VPOS="1137" WIDTH="54"/>
						<String ID="P6_ST00112" HPOS="2418" VPOS="1036" WIDTH="246" HEIGHT="97" CONTENT="merely" WC="0.99" CC="004620"/>
						<SP ID="P6_SP00103" HPOS="2664" VPOS="1137" WIDTH="54"/>
						<String ID="P6_ST00113" HPOS="2718" VPOS="1070" WIDTH="41" HEIGHT="44" CONTENT="a" WC="1.00" CC="0"/>
						<SP ID="P6_SP00104" HPOS="2759" VPOS="1137" WIDTH="54"/>
						<String ID="P6_ST00114" HPOS="2813" VPOS="1036" WIDTH="155" HEIGHT="79" CONTENT="little" WC="0.99" CC="070501"/>
					</TextLine>
					<TextLine ID="P6_TL00011" HPOS="168" VPOS="1140" WIDTH="2797" HEIGHT="102">
						<String ID="P6_ST00115" HPOS="168" VPOS="1144" WIDTH="220" HEIGHT="98" CONTENT="finger," WC="0.98" CC="0057092"/>
						<SP ID="P6_SP00105" HPOS="388" VPOS="1242" WIDTH="33"/>
						<String ID="P6_ST00116" HPOS="421" VPOS="1145" WIDTH="117" HEIGHT="78" CONTENT="but" WC="0.95" CC="750"/>
						<SP ID="P6_SP00106" HPOS="538" VPOS="1242" WIDTH="26"/>
						<String ID="P6_ST00117" HPOS="564" VPOS="1145" WIDTH="262" HEIGHT="97" CONTENT="making" WC="0.99" CC="000440"/>
						<SP ID="P6_SP00107" HPOS="826" VPOS="1242" WIDTH="37"/>
						<String ID="P6_ST00118" HPOS="863" VPOS="1180" WIDTH="39" HEIGHT="44" CONTENT="a" WC="1.00" CC="0"/>
						<SP ID="P6_SP00108" HPOS="902" VPOS="1242" WIDTH="29"/>
						<String ID="P6_ST00119" HPOS="931" VPOS="1147" WIDTH="112" HEIGHT="95" CONTENT="big" WC="0.97" CC="080"/>
						<SP ID="P6_SP00109" HPOS="1043" VPOS="1242" WIDTH="27"/>
						<String ID="P6_ST00120" HPOS="1070" VPOS="1149" WIDTH="259" HEIGHT="75" CONTENT="income" WC="0.99" CC="460400"/>
						<SP ID="P6_SP00110" HPOS="1329" VPOS="1242" WIDTH="38"/>
						<String ID="P6_ST00121" HPOS="1367" VPOS="1166" WIDTH="133" HEIGHT="70" CONTENT="too," WC="1.00" CC="0000"/>
						<SP ID="P6_SP00111" HPOS="1500" VPOS="1242" WIDTH="153"/>
						<String ID="P6_ST00122" HPOS="1653" VPOS="1144" WIDTH="250" HEIGHT="98" CONTENT="always" WC="1.00" CC="000000"/>
						<SP ID="P6_SP00112" HPOS="1903" VPOS="1242" WIDTH="35"/>
						<String ID="P6_ST00123" HPOS="1938" VPOS="1178" WIDTH="87" HEIGHT="44" CONTENT="an" WC="1.00" CC="00"/>
						<SP ID="P6_SP00113" HPOS="2025" VPOS="1242" WIDTH="37"/>
						<String ID="P6_ST00124" HPOS="2062" VPOS="1142" WIDTH="363" HEIGHT="80" CONTENT="admirable" WC="1.00" CC="005100000"/>
						<SP ID="P6_SP00114" HPOS="2425" VPOS="1242" WIDTH="38"/>
						<String ID="P6_ST00125" HPOS="2463" VPOS="1140" WIDTH="502" HEIGHT="99" CONTENT="after-thought." WC="1.00" CC="01006407002704"/>
					</TextLine>
					<TextLine ID="P6_TL00012" HPOS="327" VPOS="1246" WIDTH="2638" HEIGHT="99">
						<String ID="P6_ST00126" HPOS="327" VPOS="1251" WIDTH="70" HEIGHT="77" CONTENT="In" WC="0.34" CC="66"/>
						<SP ID="P6_SP00115" HPOS="397" VPOS="1328" WIDTH="55"/>
						<String ID="P6_ST00127" HPOS="452" VPOS="1251" WIDTH="112" HEIGHT="77" CONTENT="the" WC="1.00" CC="000"/>
						<SP ID="P6_SP00116" HPOS="564" VPOS="1328" WIDTH="56"/>
						<String ID="P6_ST00128" HPOS="620" VPOS="1284" WIDTH="225" HEIGHT="44" CONTENT="course" WC="0.99" CC="060300"/>
						<SP ID="P6_SP00117" HPOS="845" VPOS="1328" WIDTH="54"/>
						<String ID="P6_ST00129" HPOS="899" VPOS="1251" WIDTH="72" HEIGHT="77" CONTENT="of" WC="0.41" CC="56"/>
						<SP ID="P6_SP00118" HPOS="971" VPOS="1328" WIDTH="53"/>
						<String ID="P6_ST00130" HPOS="1024" VPOS="1251" WIDTH="98" HEIGHT="77" CONTENT="his" WC="0.98" CC="050"/>
						<SP ID="P6_SP00119" HPOS="1122" VPOS="1328" WIDTH="54"/>
						<String ID="P6_ST00131" HPOS="1176" VPOS="1250" WIDTH="324" HEIGHT="80" CONTENT="excellent" WC="1.00" CC="001006050"/>
						<SP ID="P6_SP00120" HPOS="1500" VPOS="1330" WIDTH="55"/>
						<String ID="P6_ST00132" HPOS="1555" VPOS="1248" WIDTH="220" HEIGHT="80" CONTENT="article" WC="0.99" CC="0306000"/>
						<SP ID="P6_SP00121" HPOS="1775" VPOS="1330" WIDTH="57"/>
						<String ID="P6_ST00133" HPOS="1832" VPOS="1251" WIDTH="136" HEIGHT="77" CONTENT="Mr." WC="0.98" CC="040"/>
						<SP ID="P6_SP00122" HPOS="1968" VPOS="1330" WIDTH="58"/>
						<String ID="P6_ST00134" HPOS="2026" VPOS="1251" WIDTH="100" HEIGHT="77" CONTENT="A." WC="0.79" CC="04"/>
						<SP ID="P6_SP00123" HPOS="2126" VPOS="1330" WIDTH="69"/>
						<String ID="P6_ST00135" HPOS="2195" VPOS="1248" WIDTH="93" HEIGHT="80" CONTENT="K." WC="0.81" CC="30"/>
						<SP ID="P6_SP00124" HPOS="2288" VPOS="1330" WIDTH="68"/>
						<String ID="P6_ST00136" HPOS="2356" VPOS="1246" WIDTH="400" HEIGHT="78" CONTENT="Chesterton" WC="1.00" CC="0000005000"/>
						<SP ID="P6_SP00125" HPOS="2756" VPOS="1330" WIDTH="64"/>
						<String ID="P6_ST00137" HPOS="2820" VPOS="1281" WIDTH="145" HEIGHT="64" CONTENT="says" WC="1.00" CC="0000"/>
					</TextLine>
					<TextLine ID="P6_TL00013" HPOS="169" VPOS="1351" WIDTH="2794" HEIGHT="102">
						<String ID="P6_ST00138" HPOS="169" VPOS="1354" WIDTH="140" HEIGHT="80" CONTENT="that" WC="1.00" CC="0000"/>
						<SP ID="P6_SP00126" HPOS="309" VPOS="1434" WIDTH="60"/>
						<String ID="P6_ST00139" HPOS="369" VPOS="1359" WIDTH="39" HEIGHT="26" CONTENT='"' WC="0.97" CC="0"/>
						<SP ID="P6_SP00127" HPOS="408" VPOS="1434" WIDTH="36"/>
						<String ID="P6_ST00140" HPOS="444" VPOS="1356" WIDTH="110" HEIGHT="78" CONTENT="the" WC="1.00" CC="000"/>
						<SP ID="P6_SP00128" HPOS="554" VPOS="1434" WIDTH="57"/>
						<String ID="P6_ST00141" HPOS="611" VPOS="1355" WIDTH="772" HEIGHT="98" CONTENT="Stratford-upon-Avon" WC="1.00" CC="0050610404006040006"/>
						<SP ID="P6_SP00129" HPOS="1383" VPOS="1453" WIDTH="54"/>
						<String ID="P6_ST00142" HPOS="1437" VPOS="1355" WIDTH="86" HEIGHT="79" CONTENT="oil" WC="0.98" CC="104"/>
						<SP ID="P6_SP00130" HPOS="1523" VPOS="1453" WIDTH="55"/>
						<String ID="P6_ST00143" HPOS="1578" VPOS="1354" WIDTH="184" HEIGHT="80" CONTENT="fields" WC="1.00" CC="000002"/>
						<SP ID="P6_SP00131" HPOS="1762" VPOS="1453" WIDTH="53"/>
						<String ID="P6_ST00144" HPOS="1815" VPOS="1354" WIDTH="173" HEIGHT="80" CONTENT="have" WC="1.00" CC="0000"/>
						<SP ID="P6_SP00132" HPOS="1988" VPOS="1453" WIDTH="53"/>
						<String ID="P6_ST00145" HPOS="2041" VPOS="1374" WIDTH="115" HEIGHT="79" CONTENT="yet" WC="1.00" CC="000"/>
						<SP ID="P6_SP00133" HPOS="2156" VPOS="1453" WIDTH="54"/>
						<String ID="P6_ST00146" HPOS="2210" VPOS="1374" WIDTH="70" HEIGHT="57" CONTENT="to" WC="0.81" CC="03"/>
						<SP ID="P6_SP00134" HPOS="2280" VPOS="1453" WIDTH="55"/>
						<String ID="P6_ST00147" HPOS="2335" VPOS="1352" WIDTH="88" HEIGHT="78" CONTENT="be" WC="0.63" CC="70"/>
						<SP ID="P6_SP00135" HPOS="2423" VPOS="1453" WIDTH="55"/>
						<String ID="P6_ST00148" HPOS="2478" VPOS="1352" WIDTH="387" HEIGHT="78" CONTENT="discovered" WC="1.00" CC="0500000620"/>
						<SP ID="P6_SP00136" HPOS="2865" VPOS="1453" WIDTH="32"/>
						<String ID="P6_ST00149" HPOS="2897" VPOS="1351" WIDTH="66" HEIGHT="79" CONTENT='".' WC="0.44" CC="64"/>
					</TextLine>
					<TextLine ID="P6_TL00014" HPOS="325" VPOS="1457" WIDTH="2642" HEIGHT="104">
						<String ID="P6_ST00150" HPOS="325" VPOS="1462" WIDTH="336" HEIGHT="99" CONTENT="Possibly;" WC="1.00" CC="020000003"/>
						<SP ID="P6_SP00137" HPOS="661" VPOS="1561" WIDTH="57"/>
						<String ID="P6_ST00151" HPOS="718" VPOS="1462" WIDTH="119" HEIGHT="80" CONTENT="but" WC="0.99" CC="020"/>
						<SP ID="P6_SP00138" HPOS="837" VPOS="1561" WIDTH="54"/>
						<String ID="P6_ST00152" HPOS="891" VPOS="1462" WIDTH="86" HEIGHT="78" CONTENT="he" WC="0.64" CC="70"/>
						<SP ID="P6_SP00139" HPOS="977" VPOS="1561" WIDTH="53"/>
						<String ID="P6_ST00153" HPOS="1030" VPOS="1460" WIDTH="131" HEIGHT="80" CONTENT="will" WC="0.99" CC="0300"/>
						<SP ID="P6_SP00140" HPOS="1161" VPOS="1561" WIDTH="56"/>
						<String ID="P6_ST00154" HPOS="1217" VPOS="1460" WIDTH="229" HEIGHT="99" CONTENT="hardly" WC="1.00" CC="004000"/>
						<SP ID="P6_SP00141" HPOS="1446" VPOS="1561" WIDTH="55"/>
						<String ID="P6_ST00155" HPOS="1501" VPOS="1460" WIDTH="178" HEIGHT="99" CONTENT="deny" WC="0.98" CC="0170"/>
						<SP ID="P6_SP00142" HPOS="1679" VPOS="1561" WIDTH="55"/>
						<String ID="P6_ST00156" HPOS="1734" VPOS="1460" WIDTH="141" HEIGHT="79" CONTENT="that" WC="0.97" CC="2009"/>
						<SP ID="P6_SP00143" HPOS="1875" VPOS="1561" WIDTH="54"/>
						<String ID="P6_ST00157" HPOS="1929" VPOS="1459" WIDTH="115" HEIGHT="79" CONTENT="the" WC="1.00" CC="000"/>
						<SP ID="P6_SP00144" HPOS="2044" VPOS="1561" WIDTH="53"/>
						<String ID="P6_ST00158" HPOS="2097" VPOS="1481" WIDTH="221" HEIGHT="57" CONTENT="recent" WC="0.99" CC="500004"/>
						<SP ID="P6_SP00145" HPOS="2318" VPOS="1561" WIDTH="38"/>
						<String ID="P6_ST00159" HPOS="2356" VPOS="1457" WIDTH="341" HEIGHT="97" CONTENT="discovery" WC="1.00" CC="060010040"/>
						<SP ID="P6_SP00146" HPOS="2697" VPOS="1561" WIDTH="54"/>
						<String ID="P6_ST00160" HPOS="2751" VPOS="1458" WIDTH="69" HEIGHT="76" CONTENT="of" WC="0.63" CC="07"/>
						<SP ID="P6_SP00147" HPOS="2820" VPOS="1561" WIDTH="35"/>
						<String ID="P6_ST00161" HPOS="2855" VPOS="1458" WIDTH="112" HEIGHT="79" CONTENT="the" WC="1.00" CC="000"/>
					</TextLine>
					<TextLine ID="P6_TL00015" HPOS="167" VPOS="1562" WIDTH="2798" HEIGHT="105">
						<String ID="P6_ST00162" HPOS="167" VPOS="1601" WIDTH="155" HEIGHT="46" CONTENT="new" WC="0.96" CC="630"/>
						<SP ID="P6_SP00148" HPOS="322" VPOS="1647" WIDTH="54"/>
						<String ID="P6_ST00163" HPOS="376" VPOS="1572" WIDTH="216" HEIGHT="95" CONTENT="spring" WC="0.99" CC="000409"/>
						<SP ID="P6_SP00149" HPOS="592" VPOS="1667" WIDTH="50"/>
						<String ID="P6_ST00164" HPOS="642" VPOS="1570" WIDTH="70" HEIGHT="76" CONTENT="of" WC="0.45" CC="37"/>
						<SP ID="P6_SP00150" HPOS="712" VPOS="1667" WIDTH="53"/>
						<String ID="P6_ST00165" HPOS="765" VPOS="1567" WIDTH="187" HEIGHT="79" CONTENT="clean" WC="1.00" CC="00300"/>
						<SP ID="P6_SP00151" HPOS="952" VPOS="1667" WIDTH="53"/>
						<String ID="P6_ST00166" HPOS="1005" VPOS="1567" WIDTH="173" HEIGHT="78" CONTENT="fresh" WC="0.99" CC="61000"/>
						<SP ID="P6_SP00152" HPOS="1178" VPOS="1667" WIDTH="52"/>
						<String ID="P6_ST00167" HPOS="1230" VPOS="1587" WIDTH="211" HEIGHT="58" CONTENT="water" WC="0.99" CC="00005"/>
						<SP ID="P6_SP00153" HPOS="1441" VPOS="1667" WIDTH="52"/>
						<String ID="P6_ST00168" HPOS="1493" VPOS="1566" WIDTH="130" HEIGHT="79" CONTENT="will" WC="0.99" CC="0500"/>
						<SP ID="P6_SP00154" HPOS="1623" VPOS="1667" WIDTH="37"/>
						<String ID="P6_ST00169" HPOS="1660" VPOS="1566" WIDTH="89" HEIGHT="77" CONTENT="be" WC="0.62" CC="70"/>
						<SP ID="P6_SP00155" HPOS="1749" VPOS="1667" WIDTH="36"/>
						<String ID="P6_ST00170" HPOS="1785" VPOS="1564" WIDTH="249" HEIGHT="98" CONTENT="helpful" WC="0.98" CC="7000556"/>
						<SP ID="P6_SP00156" HPOS="2034" VPOS="1667" WIDTH="35"/>
						<String ID="P6_ST00171" HPOS="2069" VPOS="1586" WIDTH="69" HEIGHT="56" CONTENT="to" WC="0.77" CC="04"/>
						<SP ID="P6_SP00157" HPOS="2138" VPOS="1667" WIDTH="38"/>
						<String ID="P6_ST00172" HPOS="2176" VPOS="1566" WIDTH="114" HEIGHT="77" CONTENT="the" WC="1.00" CC="000"/>
						<SP ID="P6_SP00158" HPOS="2290" VPOS="1667" WIDTH="38"/>
						<String ID="P6_ST00173" HPOS="2328" VPOS="1563" WIDTH="262" HEIGHT="79" CONTENT="Flower" WC="0.99" CC="004003"/>
						<SP ID="P6_SP00159" HPOS="2590" VPOS="1667" WIDTH="44"/>
						<String ID="P6_ST00174" HPOS="2634" VPOS="1562" WIDTH="331" HEIGHT="98" CONTENT="Brewery," WC="0.99" CC="04004600"/>
					</TextLine>
					<TextLine ID="P6_TL00016" HPOS="169" VPOS="1670" WIDTH="1909" HEIGHT="100">
						<String ID="P6_ST00175" HPOS="169" VPOS="1672" WIDTH="140" HEIGHT="79" CONTENT="that" WC="1.00" CC="0000"/>
						<SP ID="P6_SP00160" HPOS="309" VPOS="1751" WIDTH="55"/>
						<String ID="P6_ST00176" HPOS="364" VPOS="1674" WIDTH="309" HEIGHT="96" CONTENT="Brewery" WC="0.99" CC="0600070"/>
						<SP ID="P6_SP00161" HPOS="673" VPOS="1770" WIDTH="55"/>
						<String ID="P6_ST00177" HPOS="728" VPOS="1672" WIDTH="224" HEIGHT="80" CONTENT="which" WC="1.00" CC="00000"/>
						<SP ID="P6_SP00162" HPOS="952" VPOS="1770" WIDTH="54"/>
						<String ID="P6_ST00178" HPOS="1006" VPOS="1672" WIDTH="164" HEIGHT="78" CONTENT="does" WC="1.00" CC="0000"/>
						<SP ID="P6_SP00163" HPOS="1170" VPOS="1770" WIDTH="52"/>
						<String ID="P6_ST00179" HPOS="1222" VPOS="1693" WIDTH="116" HEIGHT="57" CONTENT="not" WC="0.98" CC="500"/>
						<SP ID="P6_SP00164" HPOS="1338" VPOS="1770" WIDTH="54"/>
						<String ID="P6_ST00180" HPOS="1392" VPOS="1671" WIDTH="261" HEIGHT="98" CONTENT="exactly" WC="1.00" CC="0000000"/>
						<SP ID="P6_SP00165" HPOS="1653" VPOS="1770" WIDTH="53"/>
						<String ID="P6_ST00181" HPOS="1706" VPOS="1670" WIDTH="160" HEIGHT="98" CONTENT="spell" WC="0.99" CC="00042"/>
						<SP ID="P6_SP00166" HPOS="1866" VPOS="1770" WIDTH="53"/>
						<String ID="P6_ST00182" HPOS="1919" VPOS="1674" WIDTH="159" HEIGHT="75" CONTENT="ruin." WC="0.97" CC="66603"/>
					</TextLine>
					<TextLine ID="P6_TL00017" HPOS="324" VPOS="1773" WIDTH="2642" HEIGHT="96">
						<String ID="P6_ST00183" HPOS="324" VPOS="1778" WIDTH="202" HEIGHT="79" CONTENT="Fresh" WC="1.00" CC="00000"/>
						<SP ID="P6_SP00167" HPOS="526" VPOS="1857" WIDTH="53"/>
						<String ID="P6_ST00184" HPOS="579" VPOS="1799" WIDTH="209" HEIGHT="59" CONTENT="water" WC="0.99" CC="00006"/>
						<SP ID="P6_SP00168" HPOS="788" VPOS="1858" WIDTH="53"/>
						<String ID="P6_ST00185" HPOS="841" VPOS="1777" WIDTH="225" HEIGHT="80" CONTENT="makes" WC="0.99" CC="00060"/>
						<SP ID="P6_SP00169" HPOS="1066" VPOS="1858" WIDTH="56"/>
						<String ID="P6_ST00186" HPOS="1122" VPOS="1777" WIDTH="212" HEIGHT="78" CONTENT="better" WC="0.99" CC="700022"/>
						<SP ID="P6_SP00170" HPOS="1334" VPOS="1858" WIDTH="54"/>
						<String ID="P6_ST00187" HPOS="1388" VPOS="1777" WIDTH="215" HEIGHT="90" CONTENT="Beer;" WC="0.98" CC="03066"/>
						<SP ID="P6_SP00171" HPOS="1603" VPOS="1867" WIDTH="56"/>
						<String ID="P6_ST00188" HPOS="1659" VPOS="1775" WIDTH="212" HEIGHT="79" CONTENT="better" WC="0.99" CC="020006"/>
						<SP ID="P6_SP00172" HPOS="1871" VPOS="1867" WIDTH="38"/>
						<String ID="P6_ST00189" HPOS="1909" VPOS="1775" WIDTH="170" HEIGHT="78" CONTENT="Beer" WC="0.99" CC="0120"/>
						<SP ID="P6_SP00173" HPOS="2079" VPOS="1867" WIDTH="38"/>
						<String ID="P6_ST00190" HPOS="2117" VPOS="1774" WIDTH="207" HEIGHT="79" CONTENT="needs" WC="1.00" CC="03000"/>
						<SP ID="P6_SP00174" HPOS="2324" VPOS="1867" WIDTH="37"/>
						<String ID="P6_ST00191" HPOS="2361" VPOS="1773" WIDTH="416" HEIGHT="96" CONTENT="advertising," WC="1.00" CC="000133607000"/>
						<SP ID="P6_SP00175" HPOS="2777" VPOS="1869" WIDTH="57"/>
						<String ID="P6_ST00192" HPOS="2834" VPOS="1773" WIDTH="132" HEIGHT="77" CONTENT="and" WC="1.00" CC="000"/>
					</TextLine>
					<TextLine ID="P6_TL00018" HPOS="168" VPOS="1878" WIDTH="2799" HEIGHT="101">
						<String ID="P6_ST00193" HPOS="168" VPOS="1881" WIDTH="123" HEIGHT="78" CONTENT="this" WC="0.98" CC="0721"/>
						<SP ID="P6_SP00176" HPOS="291" VPOS="1959" WIDTH="54"/>
						<String ID="P6_ST00194" HPOS="345" VPOS="1882" WIDTH="222" HEIGHT="80" CONTENT="whole" WC="1.00" CC="00000"/>
						<SP ID="P6_SP00177" HPOS="567" VPOS="1962" WIDTH="54"/>
						<String ID="P6_ST00195" HPOS="621" VPOS="1882" WIDTH="458" HEIGHT="97" CONTENT="Shakespeare" WC="1.00" CC="00006001090"/>
						<SP ID="P6_SP00178" HPOS="1079" VPOS="1979" WIDTH="54"/>
						<String ID="P6_ST00196" HPOS="1133" VPOS="1885" WIDTH="398" HEIGHT="74" CONTENT="excitement" WC="1.00" CC="0056000200"/>
						<SP ID="P6_SP00179" HPOS="1531" VPOS="1979" WIDTH="54"/>
						<String ID="P6_ST00197" HPOS="1585" VPOS="1900" WIDTH="68" HEIGHT="58" CONTENT="at" WC="0.85" CC="20"/>
						<SP ID="P6_SP00180" HPOS="1653" VPOS="1979" WIDTH="54"/>
						<String ID="P6_ST00198" HPOS="1707" VPOS="1878" WIDTH="777" HEIGHT="98" CONTENT="Stratford-upon-Avon" WC="1.00" CC="3057050004003040000"/>
						<SP ID="P6_SP00181" HPOS="2484" VPOS="1979" WIDTH="53"/>
						<String ID="P6_ST00199" HPOS="2537" VPOS="1881" WIDTH="50" HEIGHT="75" CONTENT="is" WC="0.69" CC="60"/>
						<SP ID="P6_SP00182" HPOS="2587" VPOS="1979" WIDTH="56"/>
						<String ID="P6_ST00200" HPOS="2643" VPOS="1899" WIDTH="68" HEIGHT="57" CONTENT="to" WC="0.81" CC="03"/>
						<SP ID="P6_SP00183" HPOS="2711" VPOS="1979" WIDTH="54"/>
						<String ID="P6_ST00201" HPOS="2765" VPOS="1910" WIDTH="202" HEIGHT="65" CONTENT="prove" WC="0.99" CC="05000"/>
					</TextLine>
					<TextLine ID="P6_TL00019" HPOS="167" VPOS="1985" WIDTH="1956" HEIGHT="100">
						<String ID="P6_ST00202" HPOS="167" VPOS="1991" WIDTH="180" HEIGHT="94" CONTENT="quite" WC="0.99" CC="40000"/>
						<SP ID="P6_SP00184" HPOS="347" VPOS="2085" WIDTH="55"/>
						<String ID="P6_ST00203" HPOS="402" VPOS="1989" WIDTH="114" HEIGHT="78" CONTENT="the" WC="1.00" CC="000"/>
						<SP ID="P6_SP00185" HPOS="516" VPOS="2085" WIDTH="76"/>
						<String ID="P6_ST00204" HPOS="592" VPOS="1989" WIDTH="111" HEIGHT="96" CONTENT="big" WC="0.94" CC="709"/>
						<SP ID="P6_SP00186" HPOS="703" VPOS="2085" WIDTH="54"/>
						<String ID="P6_ST00205" HPOS="757" VPOS="1989" WIDTH="506" HEIGHT="78" CONTENT="advertisement" WC="1.00" CC="0000005000060"/>
						<SP ID="P6_SP00187" HPOS="1263" VPOS="2085" WIDTH="54"/>
						<String ID="P6_ST00206" HPOS="1317" VPOS="1986" WIDTH="143" HEIGHT="79" CONTENT="that" WC="0.99" CC="0500"/>
						<SP ID="P6_SP00188" HPOS="1460" VPOS="2085" WIDTH="53"/>
						<String ID="P6_ST00207" HPOS="1513" VPOS="2019" WIDTH="142" HEIGHT="45" CONTENT="was" WC="1.00" CC="000"/>
						<SP ID="P6_SP00189" HPOS="1655" VPOS="2085" WIDTH="52"/>
						<String ID="P6_ST00208" HPOS="1707" VPOS="1985" WIDTH="244" HEIGHT="79" CONTENT="looked" WC="1.00" CC="000050"/>
						<SP ID="P6_SP00190" HPOS="1951" VPOS="2085" WIDTH="56"/>
						<String ID="P6_ST00209" HPOS="2007" VPOS="1985" WIDTH="116" HEIGHT="77" CONTENT="for." WC="0.97" CC="4054"/>
					</TextLine>
				</TextBlock>
				<TextBlock ID="P6_TB00003" HPOS="164" VPOS="2238" WIDTH="2805" HEIGHT="2003" STYLEREFS="TXT_1 PAR_BLOCK">
					<TextLine ID="P6_TL00020" HPOS="328" VPOS="2239" WIDTH="2639" HEIGHT="99">
						<String ID="P6_ST00210" HPOS="328" VPOS="2252" WIDTH="38" HEIGHT="24" CONTENT='"' WC="0.37" CC="6"/>
						<SP ID="P6_SP00191" HPOS="366" VPOS="2276" WIDTH="47"/>
						<String ID="P6_ST00211" HPOS="413" VPOS="2252" WIDTH="12" HEIGHT="22" CONTENT="'" WC="0.57" CC="4"/>
						<SP ID="P6_SP00192" HPOS="425" VPOS="2276" WIDTH="33"/>
						<String ID="P6_ST00212" HPOS="458" VPOS="2246" WIDTH="157" HEIGHT="78" CONTENT="The" WC="0.97" CC="060"/>
						<SP ID="P6_SP00193" HPOS="615" VPOS="2324" WIDTH="55"/>
						<String ID="P6_ST00213" HPOS="670" VPOS="2243" WIDTH="303" HEIGHT="81" CONTENT="Mask's'" WC="0.99" CC="0005403"/>
						<SP ID="P6_SP00194" HPOS="973" VPOS="2324" WIDTH="59"/>
						<String ID="P6_ST00214" HPOS="1032" VPOS="2243" WIDTH="218" HEIGHT="80" CONTENT="attack" WC="1.00" CC="000000"/>
						<SP ID="P6_SP00195" HPOS="1250" VPOS="2324" WIDTH="57"/>
						<String ID="P6_ST00215" HPOS="1307" VPOS="2307" WIDTH="167" HEIGHT="16" CONTENT="..." WC="0.96" CC="234"/>
						<SP ID="P6_SP00196" HPOS="1474" VPOS="2324" WIDTH="60"/>
						<String ID="P6_ST00216" HPOS="1534" VPOS="2245" WIDTH="50" HEIGHT="76" CONTENT="is" WC="1.00" CC="00"/>
						<SP ID="P6_SP00197" HPOS="1584" VPOS="2324" WIDTH="55"/>
						<String ID="P6_ST00217" HPOS="1639" VPOS="2262" WIDTH="115" HEIGHT="58" CONTENT="not" WC="0.98" CC="130"/>
						<SP ID="P6_SP00198" HPOS="1754" VPOS="2324" WIDTH="52"/>
						<String ID="P6_ST00218" HPOS="1806" VPOS="2240" WIDTH="153" HEIGHT="98" CONTENT="only" WC="1.00" CC="0000"/>
						<SP ID="P6_SP00199" HPOS="1959" VPOS="2338" WIDTH="38"/>
						<String ID="P6_ST00219" HPOS="1997" VPOS="2273" WIDTH="195" HEIGHT="46" CONTENT="mean" WC="1.00" CC="0000"/>
						<SP ID="P6_SP00200" HPOS="2192" VPOS="2338" WIDTH="63"/>
						<String ID="P6_ST00220" HPOS="2255" VPOS="2240" WIDTH="135" HEIGHT="79" CONTENT="and" WC="0.96" CC="009"/>
						<SP ID="P6_SP00201" HPOS="2390" VPOS="2338" WIDTH="75"/>
						<String ID="P6_ST00221" HPOS="2465" VPOS="2243" WIDTH="318" HEIGHT="94" CONTENT="captious," WC="0.99" CC="300055000"/>
						<SP ID="P6_SP00202" HPOS="2783" VPOS="2338" WIDTH="67"/>
						<String ID="P6_ST00222" HPOS="2850" VPOS="2239" WIDTH="117" HEIGHT="77" CONTENT="but" WC="0.96" CC="830"/>
					</TextLine>
					<TextLine ID="P6_TL00021" HPOS="164" VPOS="2343" WIDTH="2803" HEIGHT="107">
						<String ID="P6_ST00223" HPOS="164" VPOS="2352" WIDTH="346" HEIGHT="98" CONTENT="impudent" WC="0.99" CC="70009460"/>
						<SP ID="P6_SP00203" HPOS="510" VPOS="2450" WIDTH="50"/>
						<String ID="P6_ST00224" HPOS="560" VPOS="2385" WIDTH="73" HEIGHT="44" CONTENT="as" WC="1.00" CC="00"/>
						<SP ID="P6_SP00204" HPOS="633" VPOS="2450" WIDTH="54"/>
						<String ID="P6_ST00225" HPOS="687" VPOS="2349" WIDTH="215" HEIGHT="80" CONTENT='well"' WC="0.98" CC="00605"/>
						<SP ID="P6_SP00205" HPOS="902" VPOS="2450" WIDTH="57"/>
						<String ID="P6_ST00226" HPOS="959" VPOS="2352" WIDTH="219" HEIGHT="77" CONTENT="writes" WC="0.99" CC="340000"/>
						<SP ID="P6_SP00206" HPOS="1178" VPOS="2450" WIDTH="56"/>
						<String ID="P6_ST00227" HPOS="1234" VPOS="2349" WIDTH="135" HEIGHT="79" CONTENT="Mr." WC="0.97" CC="062"/>
						<SP ID="P6_SP00207" HPOS="1369" VPOS="2450" WIDTH="59"/>
						<String ID="P6_ST00228" HPOS="1428" VPOS="2349" WIDTH="99" HEIGHT="78" CONTENT="A." WC="0.78" CC="13"/>
						<SP ID="P6_SP00208" HPOS="1527" VPOS="2450" WIDTH="60"/>
						<String ID="P6_ST00229" HPOS="1587" VPOS="2347" WIDTH="91" HEIGHT="80" CONTENT="K." WC="0.56" CC="44"/>
						<SP ID="P6_SP00209" HPOS="1678" VPOS="2450" WIDTH="60"/>
						<String ID="P6_ST00230" HPOS="1738" VPOS="2346" WIDTH="420" HEIGHT="78" CONTENT="Chesterton." WC="0.99" CC="07003073414"/>
						<SP ID="P6_SP00210" HPOS="2158" VPOS="2450" WIDTH="112"/>
						<String ID="P6_ST00231" HPOS="2270" VPOS="2344" WIDTH="123" HEIGHT="79" CONTENT="He" WC="1.00" CC="00"/>
						<SP ID="P6_SP00211" HPOS="2393" VPOS="2450" WIDTH="53"/>
						<String ID="P6_ST00232" HPOS="2446" VPOS="2343" WIDTH="172" HEIGHT="80" CONTENT="adds" WC="1.00" CC="0000"/>
						<SP ID="P6_SP00212" HPOS="2618" VPOS="2450" WIDTH="39"/>
						<String ID="P6_ST00233" HPOS="2657" VPOS="2343" WIDTH="141" HEIGHT="80" CONTENT="that" WC="1.00" CC="0000"/>
						<SP ID="P6_SP00213" HPOS="2798" VPOS="2450" WIDTH="36"/>
						<String ID="P6_ST00234" HPOS="2834" VPOS="2347" WIDTH="47" HEIGHT="75" CONTENT="it" WC="0.67" CC="60"/>
						<SP ID="P6_SP00214" HPOS="2881" VPOS="2450" WIDTH="35"/>
						<String ID="P6_ST00235" HPOS="2916" VPOS="2347" WIDTH="51" HEIGHT="75" CONTENT="is" WC="0.85" CC="20"/>
					</TextLine>
					<TextLine ID="P6_TL00022" HPOS="165" VPOS="2448" WIDTH="2801" HEIGHT="106">
						<String ID="P6_ST00236" HPOS="165" VPOS="2456" WIDTH="345" HEIGHT="98" CONTENT="impudent" WC="1.00" CC="00000000"/>
						<SP ID="P6_SP00215" HPOS="510" VPOS="2554" WIDTH="52"/>
						<String ID="P6_ST00237" HPOS="562" VPOS="2455" WIDTH="288" HEIGHT="80" CONTENT="because" WC="0.99" CC="7000600"/>
						<SP ID="P6_SP00216" HPOS="850" VPOS="2554" WIDTH="55"/>
						<String ID="P6_ST00238" HPOS="905" VPOS="2459" WIDTH="47" HEIGHT="75" CONTENT="it" WC="1.00" CC="00"/>
						<SP ID="P6_SP00217" HPOS="952" VPOS="2554" WIDTH="53"/>
						<String ID="P6_ST00239" HPOS="1005" VPOS="2487" WIDTH="301" HEIGHT="45" CONTENT="censures" WC="1.00" CC="00200000"/>
						<SP ID="P6_SP00218" HPOS="1306" VPOS="2554" WIDTH="56"/>
						<String ID="P6_ST00240" HPOS="1362" VPOS="2456" WIDTH="43" HEIGHT="25" CONTENT='"' WC="0.67" CC="3"/>
						<SP ID="P6_SP00219" HPOS="1405" VPOS="2554" WIDTH="38"/>
						<String ID="P6_ST00241" HPOS="1443" VPOS="2452" WIDTH="113" HEIGHT="79" CONTENT="the" WC="0.95" CC="470"/>
						<SP ID="P6_SP00220" HPOS="1556" VPOS="2554" WIDTH="53"/>
						<String ID="P6_ST00242" HPOS="1609" VPOS="2455" WIDTH="249" HEIGHT="73" CONTENT="actions" WC="0.99" CC="0004021"/>
						<SP ID="P6_SP00221" HPOS="1858" VPOS="2554" WIDTH="54"/>
						<String ID="P6_ST00243" HPOS="1912" VPOS="2450" WIDTH="71" HEIGHT="78" CONTENT="of" WC="0.50" CC="45"/>
						<SP ID="P6_SP00222" HPOS="1983" VPOS="2554" WIDTH="52"/>
						<String ID="P6_ST00244" HPOS="2035" VPOS="2484" WIDTH="154" HEIGHT="44" CONTENT="men" WC="1.00" CC="000"/>
						<SP ID="P6_SP00223" HPOS="2189" VPOS="2554" WIDTH="54"/>
						<String ID="P6_ST00245" HPOS="2243" VPOS="2448" WIDTH="159" HEIGHT="80" CONTENT="who" WC="0.99" CC="003"/>
						<SP ID="P6_SP00224" HPOS="2402" VPOS="2554" WIDTH="56"/>
						<String ID="P6_ST00246" HPOS="2458" VPOS="2448" WIDTH="171" HEIGHT="79" CONTENT="have" WC="1.00" CC="0000"/>
						<SP ID="P6_SP00225" HPOS="2629" VPOS="2554" WIDTH="45"/>
						<String ID="P6_ST00247" HPOS="2674" VPOS="2448" WIDTH="292" HEIGHT="79" CONTENT="devoted" WC="1.00" CC="0005010"/>
					</TextLine>
					<TextLine ID="P6_TL00023" HPOS="167" VPOS="2553" WIDTH="2795" HEIGHT="105">
						<String ID="P6_ST00248" HPOS="167" VPOS="2563" WIDTH="113" HEIGHT="78" CONTENT="the" WC="1.00" CC="000"/>
						<SP ID="P6_SP00226" HPOS="280" VPOS="2641" WIDTH="56"/>
						<String ID="P6_ST00249" HPOS="336" VPOS="2563" WIDTH="210" HEIGHT="78" CONTENT="better" WC="0.99" CC="730011"/>
						<SP ID="P6_SP00227" HPOS="546" VPOS="2641" WIDTH="55"/>
						<String ID="P6_ST00250" HPOS="601" VPOS="2583" WIDTH="141" HEIGHT="75" CONTENT="part" WC="0.98" CC="0440"/>
						<SP ID="P6_SP00228" HPOS="742" VPOS="2658" WIDTH="56"/>
						<String ID="P6_ST00251" HPOS="798" VPOS="2560" WIDTH="70" HEIGHT="78" CONTENT="of" WC="0.62" CC="33"/>
						<SP ID="P6_SP00229" HPOS="868" VPOS="2658" WIDTH="53"/>
						<String ID="P6_ST00252" HPOS="921" VPOS="2561" WIDTH="164" HEIGHT="77" CONTENT="their" WC="0.97" CC="07244"/>
						<SP ID="P6_SP00230" HPOS="1085" VPOS="2658" WIDTH="55"/>
						<String ID="P6_ST00253" HPOS="1140" VPOS="2558" WIDTH="156" HEIGHT="80" CONTENT="lives" WC="1.00" CC="00020"/>
						<SP ID="P6_SP00231" HPOS="1296" VPOS="2658" WIDTH="44"/>
						<String ID="P6_ST00254" HPOS="1340" VPOS="2579" WIDTH="69" HEIGHT="57" CONTENT="to" WC="1.00" CC="00"/>
						<SP ID="P6_SP00232" HPOS="1409" VPOS="2658" WIDTH="37"/>
						<String ID="P6_ST00255" HPOS="1446" VPOS="2556" WIDTH="351" HEIGHT="96" CONTENT="furthering" WC="0.99" CC="3030006046"/>
						<SP ID="P6_SP00233" HPOS="1797" VPOS="2658" WIDTH="38"/>
						<String ID="P6_ST00256" HPOS="1835" VPOS="2555" WIDTH="112" HEIGHT="79" CONTENT="the" WC="0.99" CC="001"/>
						<SP ID="P6_SP00234" HPOS="1947" VPOS="2658" WIDTH="37"/>
						<String ID="P6_ST00257" HPOS="1984" VPOS="2559" WIDTH="292" HEIGHT="75" CONTENT="interests" WC="1.00" CC="700060000"/>
						<SP ID="P6_SP00235" HPOS="2276" VPOS="2658" WIDTH="36"/>
						<String ID="P6_ST00258" HPOS="2312" VPOS="2554" WIDTH="71" HEIGHT="79" CONTENT="of" WC="0.53" CC="36"/>
						<SP ID="P6_SP00236" HPOS="2383" VPOS="2658" WIDTH="37"/>
						<String ID="P6_ST00259" HPOS="2420" VPOS="2553" WIDTH="114" HEIGHT="80" CONTENT="the" WC="1.00" CC="000"/>
						<SP ID="P6_SP00237" HPOS="2534" VPOS="2658" WIDTH="36"/>
						<String ID="P6_ST00260" HPOS="2570" VPOS="2553" WIDTH="298" HEIGHT="80" CONTENT="Theatre" WC="1.00" CC="0020010"/>
						<SP ID="P6_SP00238" HPOS="2868" VPOS="2658" WIDTH="30"/>
						<String ID="P6_ST00261" HPOS="2898" VPOS="2553" WIDTH="64" HEIGHT="78" CONTENT='".' WC="0.62" CC="52"/>
					</TextLine>
					<TextLine ID="P6_TL00024" HPOS="325" VPOS="2658" WIDTH="2642" HEIGHT="100">
						<String ID="P6_ST00262" HPOS="325" VPOS="2667" WIDTH="207" HEIGHT="87" CONTENT="Well," WC="0.99" CC="03002"/>
						<SP ID="P6_SP00239" HPOS="532" VPOS="2754" WIDTH="59"/>
						<String ID="P6_ST00263" HPOS="591" VPOS="2700" WIDTH="109" HEIGHT="44" CONTENT="we" WC="1.00" CC="00"/>
						<SP ID="P6_SP00240" HPOS="700" VPOS="2754" WIDTH="55"/>
						<String ID="P6_ST00264" HPOS="755" VPOS="2663" WIDTH="235" HEIGHT="81" CONTENT="should" WC="0.99" CC="005270"/>
						<SP ID="P6_SP00241" HPOS="990" VPOS="2754" WIDTH="54"/>
						<String ID="P6_ST00265" HPOS="1044" VPOS="2696" WIDTH="198" HEIGHT="47" CONTENT="never" WC="0.99" CC="10005"/>
						<SP ID="P6_SP00242" HPOS="1242" VPOS="2754" WIDTH="54"/>
						<String ID="P6_ST00266" HPOS="1296" VPOS="2663" WIDTH="171" HEIGHT="79" CONTENT="have" WC="1.00" CC="0000"/>
						<SP ID="P6_SP00243" HPOS="1467" VPOS="2754" WIDTH="55"/>
						<String ID="P6_ST00267" HPOS="1522" VPOS="2661" WIDTH="278" HEIGHT="97" CONTENT="guessed" WC="0.99" CC="5300000"/>
						<SP ID="P6_SP00244" HPOS="1800" VPOS="2758" WIDTH="56"/>
						<String ID="P6_ST00268" HPOS="1856" VPOS="2659" WIDTH="164" HEIGHT="80" CONTENT="that." WC="1.00" CC="00000"/>
						<SP ID="P6_SP00245" HPOS="2020" VPOS="2758" WIDTH="169"/>
						<String ID="P6_ST00269" HPOS="2189" VPOS="2663" WIDTH="40" HEIGHT="27" CONTENT='"' WC="0.88" CC="1"/>
						<SP ID="P6_SP00246" HPOS="2229" VPOS="2758" WIDTH="32"/>
						<String ID="P6_ST00270" HPOS="2261" VPOS="2658" WIDTH="161" HEIGHT="80" CONTENT="The" WC="0.97" CC="060"/>
						<SP ID="P6_SP00247" HPOS="2422" VPOS="2758" WIDTH="38"/>
						<String ID="P6_ST00271" HPOS="2460" VPOS="2659" WIDTH="212" HEIGHT="79" CONTENT="better" WC="0.99" CC="700006"/>
						<SP ID="P6_SP00248" HPOS="2672" VPOS="2758" WIDTH="39"/>
						<String ID="P6_ST00272" HPOS="2711" VPOS="2680" WIDTH="143" HEIGHT="76" CONTENT="part" WC="0.99" CC="0040"/>
						<SP ID="P6_SP00249" HPOS="2854" VPOS="2758" WIDTH="44"/>
						<String ID="P6_ST00273" HPOS="2898" VPOS="2658" WIDTH="69" HEIGHT="77" CONTENT="of" WC="0.80" CC="04"/>
					</TextLine>
					<TextLine ID="P6_TL00025" HPOS="168" VPOS="2763" WIDTH="2408" HEIGHT="103">
						<String ID="P6_ST00274" HPOS="168" VPOS="2772" WIDTH="161" HEIGHT="79" CONTENT="their" WC="0.98" CC="07323"/>
						<SP ID="P6_SP00250" HPOS="329" VPOS="2851" WIDTH="57"/>
						<String ID="P6_ST00275" HPOS="386" VPOS="2772" WIDTH="157" HEIGHT="79" CONTENT="lives" WC="0.98" CC="07040"/>
						<SP ID="P6_SP00251" HPOS="543" VPOS="2851" WIDTH="47"/>
						<String ID="P6_ST00276" HPOS="590" VPOS="2771" WIDTH="42" HEIGHT="27" CONTENT='"' WC="0.24" CC="7"/>
						<SP ID="P6_SP00252" HPOS="632" VPOS="2851" WIDTH="168"/>
						<String ID="P6_ST00277" HPOS="800" VPOS="2768" WIDTH="134" HEIGHT="80" CONTENT="and" WC="0.97" CC="060"/>
						<SP ID="P6_SP00253" HPOS="934" VPOS="2851" WIDTH="53"/>
						<String ID="P6_ST00278" HPOS="987" VPOS="2790" WIDTH="70" HEIGHT="56" CONTENT="to" WC="1.00" CC="00"/>
						<SP ID="P6_SP00254" HPOS="1057" VPOS="2851" WIDTH="55"/>
						<String ID="P6_ST00279" HPOS="1112" VPOS="2768" WIDTH="153" HEIGHT="98" CONTENT="only" WC="0.98" CC="0241"/>
						<SP ID="P6_SP00255" HPOS="1265" VPOS="2866" WIDTH="52"/>
						<String ID="P6_ST00280" HPOS="1317" VPOS="2767" WIDTH="275" HEIGHT="79" CONTENT="achieve" WC="1.00" CC="0001200"/>
						<SP ID="P6_SP00256" HPOS="1592" VPOS="2866" WIDTH="53"/>
						<String ID="P6_ST00281" HPOS="1645" VPOS="2800" WIDTH="74" HEIGHT="45" CONTENT="so" WC="0.97" CC="00"/>
						<SP ID="P6_SP00257" HPOS="1719" VPOS="2866" WIDTH="56"/>
						<String ID="P6_ST00282" HPOS="1775" VPOS="2763" WIDTH="176" HEIGHT="82" CONTENT="little." WC="1.00" CC="0000004"/>
						<SP ID="P6_SP00258" HPOS="1951" VPOS="2866" WIDTH="57"/>
						<String ID="P6_ST00283" HPOS="2008" VPOS="2765" WIDTH="149" HEIGHT="80" CONTENT="We" WC="1.00" CC="00"/>
						<SP ID="P6_SP00259" HPOS="2157" VPOS="2866" WIDTH="54"/>
						<String ID="P6_ST00284" HPOS="2211" VPOS="2798" WIDTH="111" HEIGHT="45" CONTENT="are" WC="0.97" CC="080"/>
						<SP ID="P6_SP00260" HPOS="2322" VPOS="2866" WIDTH="53"/>
						<String ID="P6_ST00285" HPOS="2375" VPOS="2798" WIDTH="201" HEIGHT="64" CONTENT="sorry." WC="0.99" CC="002604"/>
					</TextLine>
					<TextLine ID="P6_TL00026" HPOS="324" VPOS="2868" WIDTH="2642" HEIGHT="107">
						<String ID="P6_ST00286" HPOS="324" VPOS="2878" WIDTH="200" HEIGHT="97" CONTENT="Sorry" WC="0.99" CC="00160"/>
						<SP ID="P6_SP00261" HPOS="524" VPOS="2975" WIDTH="53"/>
						<String ID="P6_ST00287" HPOS="577" VPOS="2876" WIDTH="286" HEIGHT="78" CONTENT="because" WC="0.99" CC="6000550"/>
						<SP ID="P6_SP00262" HPOS="863" VPOS="2975" WIDTH="54"/>
						<String ID="P6_ST00288" HPOS="917" VPOS="2908" WIDTH="108" HEIGHT="46" CONTENT="we" WC="0.98" CC="00"/>
						<SP ID="P6_SP00263" HPOS="1025" VPOS="2975" WIDTH="57"/>
						<String ID="P6_ST00289" HPOS="1082" VPOS="2874" WIDTH="193" HEIGHT="79" CONTENT="could" WC="1.00" CC="00000"/>
						<SP ID="P6_SP00264" HPOS="1275" VPOS="2975" WIDTH="59"/>
						<String ID="P6_ST00290" HPOS="1334" VPOS="2907" WIDTH="195" HEIGHT="44" CONTENT="name" WC="0.99" CC="6000"/>
						<SP ID="P6_SP00265" HPOS="1529" VPOS="2975" WIDTH="55"/>
						<String ID="P6_ST00291" HPOS="1584" VPOS="2904" WIDTH="183" HEIGHT="46" CONTENT="some" WC="1.00" CC="0002"/>
						<SP ID="P6_SP00266" HPOS="1767" VPOS="2975" WIDTH="55"/>
						<String ID="P6_ST00292" HPOS="1822" VPOS="2890" WIDTH="111" HEIGHT="58" CONTENT="ten" WC="0.99" CC="030"/>
						<SP ID="P6_SP00267" HPOS="1933" VPOS="2975" WIDTH="54"/>
						<String ID="P6_ST00293" HPOS="1987" VPOS="2904" WIDTH="153" HEIGHT="45" CONTENT="men" WC="1.00" CC="000"/>
						<SP ID="P6_SP00268" HPOS="2140" VPOS="2975" WIDTH="55"/>
						<String ID="P6_ST00294" HPOS="2195" VPOS="2873" WIDTH="65" HEIGHT="75" CONTENT="in" WC="0.79" CC="40"/>
						<SP ID="P6_SP00269" HPOS="2260" VPOS="2975" WIDTH="57"/>
						<String ID="P6_ST00295" HPOS="2317" VPOS="2869" WIDTH="306" HEIGHT="98" CONTENT="England" WC="0.99" CC="5500000"/>
						<SP ID="P6_SP00270" HPOS="2623" VPOS="2975" WIDTH="38"/>
						<String ID="P6_ST00296" HPOS="2661" VPOS="2868" WIDTH="159" HEIGHT="80" CONTENT="who" WC="0.97" CC="070"/>
						<SP ID="P6_SP00271" HPOS="2820" VPOS="2975" WIDTH="38"/>
						<String ID="P6_ST00297" HPOS="2858" VPOS="2899" WIDTH="108" HEIGHT="46" CONTENT="are" WC="0.99" CC="010"/>
					</TextLine>
					<TextLine ID="P6_TL00027" HPOS="165" VPOS="2972" WIDTH="2796" HEIGHT="97">
						<String ID="P6_ST00298" HPOS="165" VPOS="3006" WIDTH="115" HEIGHT="60" CONTENT="not" WC="1.00" CC="000"/>
						<SP ID="P6_SP00272" HPOS="280" VPOS="3066" WIDTH="53"/>
						<String ID="P6_ST00299" HPOS="333" VPOS="3006" WIDTH="69" HEIGHT="57" CONTENT="at" WC="1.00" CC="00"/>
						<SP ID="P6_SP00273" HPOS="402" VPOS="3066" WIDTH="53"/>
						<String ID="P6_ST00300" HPOS="455" VPOS="2982" WIDTH="185" HEIGHT="80" CONTENT="work" WC="0.99" CC="0040"/>
						<SP ID="P6_SP00274" HPOS="640" VPOS="3066" WIDTH="55"/>
						<String ID="P6_ST00301" HPOS="695" VPOS="3003" WIDTH="67" HEIGHT="55" CONTENT="at" WC="1.00" CC="00"/>
						<SP ID="P6_SP00275" HPOS="762" VPOS="3066" WIDTH="55"/>
						<String ID="P6_ST00302" HPOS="817" VPOS="2981" WIDTH="344" HEIGHT="88" CONTENT="Stratford," WC="1.00" CC="0040004402"/>
						<SP ID="P6_SP00276" HPOS="1161" VPOS="3069" WIDTH="33"/>
						<String ID="P6_ST00303" HPOS="1194" VPOS="2979" WIDTH="161" HEIGHT="80" CONTENT="who" WC="0.99" CC="002"/>
						<SP ID="P6_SP00277" HPOS="1355" VPOS="3069" WIDTH="37"/>
						<String ID="P6_ST00304" HPOS="1392" VPOS="2979" WIDTH="172" HEIGHT="78" CONTENT="have" WC="1.00" CC="0000"/>
						<SP ID="P6_SP00278" HPOS="1564" VPOS="3069" WIDTH="38"/>
						<String ID="P6_ST00305" HPOS="1602" VPOS="2975" WIDTH="321" HEIGHT="80" CONTENT="achieved" WC="1.00" CC="00023010"/>
						<SP ID="P6_SP00279" HPOS="1923" VPOS="3069" WIDTH="42"/>
						<String ID="P6_ST00306" HPOS="1965" VPOS="3010" WIDTH="182" HEIGHT="44" CONTENT="more" WC="0.98" CC="0460"/>
						<SP ID="P6_SP00280" HPOS="2147" VPOS="3069" WIDTH="38"/>
						<String ID="P6_ST00307" HPOS="2185" VPOS="2975" WIDTH="98" HEIGHT="78" CONTENT="for" WC="0.98" CC="005"/>
						<SP ID="P6_SP00281" HPOS="2283" VPOS="3069" WIDTH="36"/>
						<String ID="P6_ST00308" HPOS="2319" VPOS="2975" WIDTH="115" HEIGHT="79" CONTENT="the" WC="1.00" CC="000"/>
						<SP ID="P6_SP00282" HPOS="2434" VPOS="3069" WIDTH="35"/>
						<String ID="P6_ST00309" HPOS="2469" VPOS="2975" WIDTH="320" HEIGHT="88" CONTENT="Theatre," WC="1.00" CC="00000400"/>
						<SP ID="P6_SP00283" HPOS="2789" VPOS="3069" WIDTH="41"/>
						<String ID="P6_ST00310" HPOS="2830" VPOS="2972" WIDTH="131" HEIGHT="80" CONTENT="and" WC="1.00" CC="000"/>
					</TextLine>
					<TextLine ID="P6_TL00028" HPOS="164" VPOS="3078" WIDTH="2799" HEIGHT="92">
						<String ID="P6_ST00311" HPOS="164" VPOS="3090" WIDTH="160" HEIGHT="80" CONTENT="who" WC="1.00" CC="000"/>
						<SP ID="P6_SP00284" HPOS="324" VPOS="3170" WIDTH="55"/>
						<String ID="P6_ST00312" HPOS="379" VPOS="3088" WIDTH="171" HEIGHT="79" CONTENT="have" WC="1.00" CC="0000"/>
						<SP ID="P6_SP00285" HPOS="550" VPOS="3170" WIDTH="54"/>
						<String ID="P6_ST00313" HPOS="604" VPOS="3120" WIDTH="199" HEIGHT="46" CONTENT="never" WC="1.00" CC="00003"/>
						<SP ID="P6_SP00286" HPOS="803" VPOS="3170" WIDTH="53"/>
						<String ID="P6_ST00314" HPOS="856" VPOS="3086" WIDTH="173" HEIGHT="79" CONTENT="been" WC="0.97" CC="6410"/>
						<SP ID="P6_SP00287" HPOS="1029" VPOS="3170" WIDTH="56"/>
						<String ID="P6_ST00315" HPOS="1085" VPOS="3083" WIDTH="209" HEIGHT="82" CONTENT="called" WC="1.00" CC="100000"/>
						<SP ID="P6_SP00288" HPOS="1294" VPOS="3170" WIDTH="58"/>
						<String ID="P6_ST00316" HPOS="1352" VPOS="3106" WIDTH="68" HEIGHT="56" CONTENT="to" WC="1.00" CC="00"/>
						<SP ID="P6_SP00289" HPOS="1420" VPOS="3170" WIDTH="55"/>
						<String ID="P6_ST00317" HPOS="1475" VPOS="3081" WIDTH="324" HEIGHT="80" CONTENT="Stratford" WC="0.99" CC="045004050"/>
						<SP ID="P6_SP00290" HPOS="1799" VPOS="3170" WIDTH="57"/>
						<String ID="P6_ST00318" HPOS="1856" VPOS="3101" WIDTH="67" HEIGHT="57" CONTENT="to" WC="0.75" CC="04"/>
						<SP ID="P6_SP00291" HPOS="1923" VPOS="3170" WIDTH="55"/>
						<String ID="P6_ST00319" HPOS="1978" VPOS="3081" WIDTH="190" HEIGHT="79" CONTENT="show" WC="0.98" CC="0700"/>
						<SP ID="P6_SP00292" HPOS="2168" VPOS="3170" WIDTH="55"/>
						<String ID="P6_ST00320" HPOS="2223" VPOS="3078" WIDTH="181" HEIGHT="80" CONTENT="them" WC="1.00" CC="0000"/>
						<SP ID="P6_SP00293" HPOS="2404" VPOS="3170" WIDTH="58"/>
						<String ID="P6_ST00321" HPOS="2462" VPOS="3080" WIDTH="184" HEIGHT="78" CONTENT="there" WC="0.99" CC="00060"/>
						<SP ID="P6_SP00294" HPOS="2646" VPOS="3170" WIDTH="53"/>
						<String ID="P6_ST00322" HPOS="2699" VPOS="3080" WIDTH="159" HEIGHT="77" CONTENT="how" WC="0.98" CC="060"/>
						<SP ID="P6_SP00295" HPOS="2858" VPOS="3170" WIDTH="37"/>
						<String ID="P6_ST00323" HPOS="2895" VPOS="3099" WIDTH="68" HEIGHT="57" CONTENT="to" WC="0.83" CC="30"/>
					</TextLine>
					<TextLine ID="P6_TL00029" HPOS="167" VPOS="3198" WIDTH="213" HEIGHT="78">
						<String ID="P6_ST00324" HPOS="167" VPOS="3198" WIDTH="90" HEIGHT="77" CONTENT="do" WC="1.00" CC="00"/>
						<SP ID="P6_SP00296" HPOS="257" VPOS="3275" WIDTH="56"/>
						<String ID="P6_ST00325" HPOS="313" VPOS="3202" WIDTH="67" HEIGHT="74" CONTENT="it." WC="0.97" CC="403"/>
					</TextLine>
					<TextLine ID="P6_TL00030" HPOS="324" VPOS="3288" WIDTH="2644" HEIGHT="105">
						<String ID="P6_ST00326" HPOS="324" VPOS="3303" WIDTH="137" HEIGHT="90" CONTENT="No," WC="0.99" CC="020"/>
						<SP ID="P6_SP00297" HPOS="461" VPOS="3393" WIDTH="57"/>
						<String ID="P6_ST00327" HPOS="518" VPOS="3335" WIDTH="108" HEIGHT="57" CONTENT="no," WC="0.99" CC="003"/>
						<SP ID="P6_SP00298" HPOS="626" VPOS="3393" WIDTH="61"/>
						<String ID="P6_ST00328" HPOS="687" VPOS="3301" WIDTH="111" HEIGHT="77" CONTENT="the" WC="0.99" CC="003"/>
						<SP ID="P6_SP00299" HPOS="798" VPOS="3393" WIDTH="56"/>
						<String ID="P6_ST00329" HPOS="854" VPOS="3294" WIDTH="774" HEIGHT="99" CONTENT="Stratford-upon-Avon" WC="1.00" CC="0060020404001040000"/>
						<SP ID="P6_SP00300" HPOS="1628" VPOS="3393" WIDTH="54"/>
						<String ID="P6_ST00330" HPOS="1682" VPOS="3290" WIDTH="268" HEIGHT="79" CONTENT="scheme" WC="1.00" CC="000060"/>
						<SP ID="P6_SP00301" HPOS="1950" VPOS="3393" WIDTH="52"/>
						<String ID="P6_ST00331" HPOS="2002" VPOS="3294" WIDTH="52" HEIGHT="74" CONTENT="is" WC="0.68" CC="60"/>
						<SP ID="P6_SP00302" HPOS="2054" VPOS="3393" WIDTH="37"/>
						<String ID="P6_ST00332" HPOS="2091" VPOS="3325" WIDTH="40" HEIGHT="44" CONTENT="a" WC="1.00" CC="0"/>
						<SP ID="P6_SP00303" HPOS="2131" VPOS="3393" WIDTH="41"/>
						<String ID="P6_ST00333" HPOS="2172" VPOS="3289" WIDTH="158" HEIGHT="80" CONTENT="little" WC="0.99" CC="530000"/>
						<SP ID="P6_SP00304" HPOS="2330" VPOS="3393" WIDTH="36"/>
						<String ID="P6_ST00334" HPOS="2366" VPOS="3290" WIDTH="182" HEIGHT="97" CONTENT="thing" WC="0.98" CC="00529"/>
						<SP ID="P6_SP00305" HPOS="2548" VPOS="3393" WIDTH="37"/>
						<String ID="P6_ST00335" HPOS="2585" VPOS="3288" WIDTH="134" HEIGHT="81" CONTENT="and" WC="0.99" CC="020"/>
						<SP ID="P6_SP00306" HPOS="2719" VPOS="3393" WIDTH="39"/>
						<String ID="P6_ST00336" HPOS="2758" VPOS="3321" WIDTH="210" HEIGHT="47" CONTENT="seems" WC="1.00" CC="00100"/>
					</TextLine>
					<TextLine ID="P6_TL00031" HPOS="165" VPOS="3409" WIDTH="864" HEIGHT="80">
						<String ID="P6_ST00337" HPOS="165" VPOS="3433" WIDTH="70" HEIGHT="56" CONTENT="to" WC="1.00" CC="00"/>
						<SP ID="P6_SP00307" HPOS="235" VPOS="3489" WIDTH="55"/>
						<String ID="P6_ST00338" HPOS="290" VPOS="3409" WIDTH="166" HEIGHT="80" CONTENT="wish" WC="0.98" CC="0800"/>
						<SP ID="P6_SP00308" HPOS="456" VPOS="3489" WIDTH="55"/>
						<String ID="P6_ST00339" HPOS="511" VPOS="3429" WIDTH="68" HEIGHT="57" CONTENT="to" WC="0.78" CC="04"/>
						<SP ID="P6_SP00309" HPOS="579" VPOS="3489" WIDTH="55"/>
						<String ID="P6_ST00340" HPOS="634" VPOS="3409" WIDTH="246" HEIGHT="77" CONTENT="remain" WC="1.00" CC="000000"/>
						<SP ID="P6_SP00310" HPOS="880" VPOS="3489" WIDTH="54"/>
						<String ID="P6_ST00341" HPOS="934" VPOS="3438" WIDTH="95" HEIGHT="44" CONTENT="so." WC="0.98" CC="050"/>
					</TextLine>
					<TextLine ID="P6_TL00032" HPOS="324" VPOS="3497" WIDTH="2642" HEIGHT="112">
						<String ID="P6_ST00342" HPOS="324" VPOS="3511" WIDTH="375" HEIGHT="98" CONTENT="Obviously" WC="1.00" CC="070004000"/>
						<SP ID="P6_SP00311" HPOS="699" VPOS="3609" WIDTH="54"/>
						<String ID="P6_ST00343" HPOS="753" VPOS="3510" WIDTH="115" HEIGHT="80" CONTENT="the" WC="0.96" CC="360"/>
						<SP ID="P6_SP00312" HPOS="868" VPOS="3609" WIDTH="53"/>
						<String ID="P6_ST00344" HPOS="921" VPOS="3508" WIDTH="168" HEIGHT="97" CONTENT="right" WC="0.98" CC="21900"/>
						<SP ID="P6_SP00313" HPOS="1089" VPOS="3609" WIDTH="53"/>
						<String ID="P6_ST00345" HPOS="1142" VPOS="3539" WIDTH="154" HEIGHT="46" CONTENT="man" WC="0.98" CC="006"/>
						<SP ID="P6_SP00314" HPOS="1296" VPOS="3609" WIDTH="53"/>
						<String ID="P6_ST00346" HPOS="1349" VPOS="3528" WIDTH="67" HEIGHT="56" CONTENT="to" WC="0.77" CC="04"/>
						<SP ID="P6_SP00315" HPOS="1416" VPOS="3609" WIDTH="56"/>
						<String ID="P6_ST00347" HPOS="1472" VPOS="3504" WIDTH="92" HEIGHT="79" CONTENT="do" WC="0.97" CC="00"/>
						<SP ID="P6_SP00316" HPOS="1564" VPOS="3609" WIDTH="56"/>
						<String ID="P6_ST00348" HPOS="1620" VPOS="3503" WIDTH="124" HEIGHT="80" CONTENT="this" WC="1.00" CC="0000"/>
						<SP ID="P6_SP00317" HPOS="1744" VPOS="3609" WIDTH="52"/>
						<String ID="P6_ST00349" HPOS="1796" VPOS="3504" WIDTH="116" HEIGHT="96" CONTENT="job" WC="0.95" CC="436"/>
						<SP ID="P6_SP00318" HPOS="1912" VPOS="3609" WIDTH="52"/>
						<String ID="P6_ST00350" HPOS="1964" VPOS="3536" WIDTH="142" HEIGHT="44" CONTENT="was" WC="1.00" CC="000"/>
						<SP ID="P6_SP00319" HPOS="2106" VPOS="3609" WIDTH="58"/>
						<String ID="P6_ST00351" HPOS="2164" VPOS="3566" WIDTH="16" HEIGHT="15" CONTENT="." WC="0.55" CC="4"/>
						<SP ID="P6_SP00320" HPOS="2180" VPOS="3609" WIDTH="44"/>
						<String ID="P6_ST00352" HPOS="2224" VPOS="3569" WIDTH="14" HEIGHT="14" CONTENT="." WC="0.85" CC="1"/>
						<SP ID="P6_SP00321" HPOS="2238" VPOS="3609" WIDTH="48"/>
						<String ID="P6_ST00353" HPOS="2286" VPOS="3569" WIDTH="14" HEIGHT="14" CONTENT="." WC="1.00" CC="0"/>
						<SP ID="P6_SP00322" HPOS="2300" VPOS="3609" WIDTH="41"/>
						<String ID="P6_ST00354" HPOS="2341" VPOS="3504" WIDTH="119" HEIGHT="79" CONTENT="but" WC="0.98" CC="050"/>
						<SP ID="P6_SP00323" HPOS="2460" VPOS="3609" WIDTH="40"/>
						<String ID="P6_ST00355" HPOS="2500" VPOS="3536" WIDTH="106" HEIGHT="55" CONTENT="no," WC="0.96" CC="450"/>
						<SP ID="P6_SP00324" HPOS="2606" VPOS="3609" WIDTH="44"/>
						<String ID="P6_ST00356" HPOS="2650" VPOS="3534" WIDTH="109" HEIGHT="46" CONTENT="we" WC="0.85" CC="02"/>
						<SP ID="P6_SP00325" HPOS="2759" VPOS="3609" WIDTH="45"/>
						<String ID="P6_ST00357" HPOS="2804" VPOS="3497" WIDTH="162" HEIGHT="80" CONTENT="shall" WC="0.99" CC="07000"/>
					</TextLine>
					<TextLine ID="P6_TL00033" HPOS="167" VPOS="3607" WIDTH="2701" HEIGHT="105">
						<String ID="P6_ST00358" HPOS="167" VPOS="3622" WIDTH="87" HEIGHT="77" CONTENT="be" WC="0.65" CC="70"/>
						<SP ID="P6_SP00326" HPOS="254" VPOS="3699" WIDTH="57"/>
						<String ID="P6_ST00359" HPOS="311" VPOS="3618" WIDTH="158" HEIGHT="81" CONTENT="held" WC="0.99" CC="6000"/>
						<SP ID="P6_SP00327" HPOS="469" VPOS="3699" WIDTH="55"/>
						<String ID="P6_ST00360" HPOS="524" VPOS="3640" WIDTH="68" HEIGHT="58" CONTENT="to" WC="0.82" CC="03"/>
						<SP ID="P6_SP00328" HPOS="592" VPOS="3699" WIDTH="55"/>
						<String ID="P6_ST00361" HPOS="647" VPOS="3618" WIDTH="87" HEIGHT="78" CONTENT="be" WC="0.53" CC="72"/>
						<SP ID="P6_SP00329" HPOS="734" VPOS="3699" WIDTH="56"/>
						<String ID="P6_ST00362" HPOS="790" VPOS="3617" WIDTH="292" HEIGHT="95" CONTENT="currying" WC="0.98" CC="01640658"/>
						<SP ID="P6_SP00330" HPOS="1082" VPOS="3712" WIDTH="55"/>
						<String ID="P6_ST00363" HPOS="1137" VPOS="3610" WIDTH="230" HEIGHT="80" CONTENT="favour" WC="0.99" CC="600004"/>
						<SP ID="P6_SP00331" HPOS="1367" VPOS="3712" WIDTH="51"/>
						<String ID="P6_ST00364" HPOS="1418" VPOS="3608" WIDTH="162" HEIGHT="82" CONTENT="with" WC="0.97" CC="0607"/>
						<SP ID="P6_SP00332" HPOS="1580" VPOS="3712" WIDTH="56"/>
						<String ID="P6_ST00365" HPOS="1636" VPOS="3608" WIDTH="282" HEIGHT="79" CONTENT="Gordon" WC="0.98" CC="405025"/>
						<SP ID="P6_SP00333" HPOS="1918" VPOS="3712" WIDTH="56"/>
						<String ID="P6_ST00366" HPOS="1974" VPOS="3607" WIDTH="202" HEIGHT="96" CONTENT="Craig" WC="0.98" CC="06060"/>
						<SP ID="P6_SP00334" HPOS="2176" VPOS="3712" WIDTH="53"/>
						<String ID="P6_ST00367" HPOS="2229" VPOS="3608" WIDTH="47" HEIGHT="79" CONTENT="if" WC="0.52" CC="36"/>
						<SP ID="P6_SP00335" HPOS="2276" VPOS="3712" WIDTH="55"/>
						<String ID="P6_ST00368" HPOS="2331" VPOS="3642" WIDTH="110" HEIGHT="46" CONTENT="we" WC="1.00" CC="00"/>
						<SP ID="P6_SP00336" HPOS="2441" VPOS="3712" WIDTH="55"/>
						<String ID="P6_ST00369" HPOS="2496" VPOS="3640" WIDTH="117" HEIGHT="63" CONTENT="say" WC="1.00" CC="000"/>
						<SP ID="P6_SP00337" HPOS="2613" VPOS="3712" WIDTH="53"/>
						<String ID="P6_ST00370" HPOS="2666" VPOS="3637" WIDTH="202" HEIGHT="46" CONTENT="more." WC="0.99" CC="03002"/>
					</TextLine>
					<TextLine ID="P6_TL00034" HPOS="327" VPOS="3708" WIDTH="2641" HEIGHT="102">
						<String ID="P6_ST00371" HPOS="327" VPOS="3727" WIDTH="131" HEIGHT="78" CONTENT="But" WC="1.00" CC="000"/>
						<SP ID="P6_SP00338" HPOS="458" VPOS="3805" WIDTH="52"/>
						<String ID="P6_ST00372" HPOS="510" VPOS="3725" WIDTH="185" HEIGHT="80" CONTENT="what" WC="1.00" CC="0000"/>
						<SP ID="P6_SP00339" HPOS="695" VPOS="3805" WIDTH="53"/>
						<String ID="P6_ST00373" HPOS="748" VPOS="3718" WIDTH="395" HEIGHT="83" CONTENT="fiddlesticks" WC="1.00" CC="830000000200"/>
						<SP ID="P6_SP00340" HPOS="1143" VPOS="3805" WIDTH="55"/>
						<String ID="P6_ST00374" HPOS="1198" VPOS="3721" WIDTH="47" HEIGHT="76" CONTENT="it" WC="0.66" CC="60"/>
						<SP ID="P6_SP00341" HPOS="1245" VPOS="3805" WIDTH="55"/>
						<String ID="P6_ST00375" HPOS="1300" VPOS="3715" WIDTH="82" HEIGHT="80" CONTENT="all" WC="1.00" CC="000"/>
						<SP ID="P6_SP00342" HPOS="1382" VPOS="3805" WIDTH="53"/>
						<String ID="P6_ST00376" HPOS="1435" VPOS="3718" WIDTH="70" HEIGHT="77" CONTENT="is." WC="0.96" CC="602"/>
						<SP ID="P6_SP00343" HPOS="1505" VPOS="3805" WIDTH="112"/>
						<String ID="P6_ST00377" HPOS="1617" VPOS="3712" WIDTH="104" HEIGHT="79" CONTENT="Of" WC="0.45" CC="46"/>
						<SP ID="P6_SP00344" HPOS="1721" VPOS="3805" WIDTH="54"/>
						<String ID="P6_ST00378" HPOS="1775" VPOS="3746" WIDTH="227" HEIGHT="46" CONTENT="course" WC="0.99" CC="320203"/>
						<SP ID="P6_SP00345" HPOS="2002" VPOS="3805" WIDTH="56"/>
						<String ID="P6_ST00379" HPOS="2058" VPOS="3711" WIDTH="86" HEIGHT="80" CONTENT="he" WC="0.85" CC="02"/>
						<SP ID="P6_SP00346" HPOS="2144" VPOS="3805" WIDTH="55"/>
						<String ID="P6_ST00380" HPOS="2199" VPOS="3717" WIDTH="51" HEIGHT="75" CONTENT="is" WC="0.59" CC="80"/>
						<SP ID="P6_SP00347" HPOS="2250" VPOS="3805" WIDTH="55"/>
						<String ID="P6_ST00381" HPOS="2305" VPOS="3713" WIDTH="113" HEIGHT="80" CONTENT="the" WC="0.99" CC="101"/>
						<SP ID="P6_SP00348" HPOS="2418" VPOS="3805" WIDTH="55"/>
						<String ID="P6_ST00382" HPOS="2473" VPOS="3711" WIDTH="155" HEIGHT="99" CONTENT="only" WC="0.97" CC="4520"/>
						<SP ID="P6_SP00349" HPOS="2628" VPOS="3810" WIDTH="52"/>
						<String ID="P6_ST00383" HPOS="2680" VPOS="3743" WIDTH="155" HEIGHT="47" CONTENT="man" WC="1.00" CC="000"/>
						<SP ID="P6_SP00350" HPOS="2835" VPOS="3810" WIDTH="37"/>
						<String ID="P6_ST00384" HPOS="2872" VPOS="3708" WIDTH="96" HEIGHT="79" CONTENT="for" WC="0.93" CC="665"/>
					</TextLine>
					<TextLine ID="P6_TL00035" HPOS="168" VPOS="3815" WIDTH="2800" HEIGHT="113">
						<String ID="P6_ST00385" HPOS="168" VPOS="3833" WIDTH="140" HEIGHT="77" CONTENT="that" WC="1.00" CC="0000"/>
						<SP ID="P6_SP00351" HPOS="308" VPOS="3910" WIDTH="52"/>
						<String ID="P6_ST00386" HPOS="360" VPOS="3830" WIDTH="136" HEIGHT="98" CONTENT="job." WC="0.95" CC="4673"/>
						<SP ID="P6_SP00352" HPOS="496" VPOS="3928" WIDTH="113"/>
						<String ID="P6_ST00387" HPOS="609" VPOS="3828" WIDTH="218" HEIGHT="80" CONTENT="Made" WC="1.00" CC="0000"/>
						<SP ID="P6_SP00353" HPOS="827" VPOS="3928" WIDTH="55"/>
						<String ID="P6_ST00388" HPOS="882" VPOS="3826" WIDTH="98" HEIGHT="79" CONTENT="for" WC="0.97" CC="530"/>
						<SP ID="P6_SP00354" HPOS="980" VPOS="3928" WIDTH="53"/>
						<String ID="P6_ST00389" HPOS="1033" VPOS="3828" WIDTH="48" HEIGHT="76" CONTENT="it" WC="0.79" CC="30"/>
						<SP ID="P6_SP00355" HPOS="1081" VPOS="3928" WIDTH="53"/>
						<String ID="P6_ST00390" HPOS="1134" VPOS="3823" WIDTH="135" HEIGHT="81" CONTENT="and" WC="1.00" CC="000"/>
						<SP ID="P6_SP00356" HPOS="1269" VPOS="3928" WIDTH="37"/>
						<String ID="P6_ST00391" HPOS="1306" VPOS="3826" WIDTH="47" HEIGHT="75" CONTENT="it" WC="0.86" CC="20"/>
						<SP ID="P6_SP00357" HPOS="1353" VPOS="3928" WIDTH="38"/>
						<String ID="P6_ST00392" HPOS="1391" VPOS="3821" WIDTH="98" HEIGHT="80" CONTENT="for" WC="0.94" CC="546"/>
						<SP ID="P6_SP00358" HPOS="1489" VPOS="3928" WIDTH="35"/>
						<String ID="P6_ST00393" HPOS="1524" VPOS="3820" WIDTH="157" HEIGHT="91" CONTENT="him," WC="0.98" CC="7000"/>
						<SP ID="P6_SP00359" HPOS="1681" VPOS="3928" WIDTH="40"/>
						<String ID="P6_ST00394" HPOS="1721" VPOS="3819" WIDTH="134" HEIGHT="80" CONTENT="and" WC="1.00" CC="000"/>
						<SP ID="P6_SP00360" HPOS="1855" VPOS="3928" WIDTH="39"/>
						<String ID="P6_ST00395" HPOS="1894" VPOS="3820" WIDTH="194" HEIGHT="94" CONTENT="again" WC="0.99" CC="00070"/>
						<SP ID="P6_SP00361" HPOS="2088" VPOS="3928" WIDTH="36"/>
						<String ID="P6_ST00396" HPOS="2124" VPOS="3817" WIDTH="114" HEIGHT="80" CONTENT="the" WC="1.00" CC="000"/>
						<SP ID="P6_SP00362" HPOS="2238" VPOS="3928" WIDTH="39"/>
						<String ID="P6_ST00397" HPOS="2277" VPOS="3819" WIDTH="281" HEIGHT="96" CONTENT="timidity" WC="0.99" CC="05060500"/>
						<SP ID="P6_SP00363" HPOS="2558" VPOS="3928" WIDTH="36"/>
						<String ID="P6_ST00398" HPOS="2594" VPOS="3815" WIDTH="71" HEIGHT="80" CONTENT="of" WC="0.50" CC="36"/>
						<SP ID="P6_SP00364" HPOS="2665" VPOS="3928" WIDTH="35"/>
						<String ID="P6_ST00399" HPOS="2700" VPOS="3849" WIDTH="41" HEIGHT="46" CONTENT="a" WC="1.00" CC="0"/>
						<SP ID="P6_SP00365" HPOS="2741" VPOS="3928" WIDTH="50"/>
						<String ID="P6_ST00400" HPOS="2791" VPOS="3847" WIDTH="133" HEIGHT="48" CONTENT="com" SUBS_TYPE="HypPart1" SUBS_CONTENT="committee" WC="0.98" CC="004"/>
						<HYP HPOS="2924" VPOS="3847" WIDTH="44" CONTENT="-"/>
					</TextLine>
					<TextLine ID="P6_TL00036" HPOS="168" VPOS="3929" WIDTH="1149" HEIGHT="87">
						<String ID="P6_ST00401" HPOS="168" VPOS="3941" WIDTH="223" HEIGHT="75" CONTENT="mittee" SUBS_TYPE="HypPart2" SUBS_CONTENT="committee" WC="1.00" CC="040100"/>
						<SP ID="P6_SP00366" HPOS="391" VPOS="4016" WIDTH="55"/>
						<String ID="P6_ST00402" HPOS="446" VPOS="3934" WIDTH="119" HEIGHT="79" CONTENT="has" WC="1.00" CC="000"/>
						<SP ID="P6_SP00367" HPOS="565" VPOS="4016" WIDTH="54"/>
						<String ID="P6_ST00403" HPOS="619" VPOS="3932" WIDTH="239" HEIGHT="80" CONTENT="missed" WC="1.00" CC="050000"/>
						<SP ID="P6_SP00368" HPOS="858" VPOS="4016" WIDTH="55"/>
						<String ID="P6_ST00404" HPOS="913" VPOS="3934" WIDTH="78" HEIGHT="75" CONTENT="its" WC="0.98" CC="500"/>
						<SP ID="P6_SP00369" HPOS="991" VPOS="4016" WIDTH="55"/>
						<String ID="P6_ST00405" HPOS="1046" VPOS="3929" WIDTH="271" HEIGHT="79" CONTENT="chance." WC="1.00" CC="0000024"/>
					</TextLine>
					<TextLine ID="P6_TL00037" HPOS="327" VPOS="4024" WIDTH="2641" HEIGHT="112">
						<String ID="P6_ST00406" HPOS="327" VPOS="4041" WIDTH="134" HEIGHT="79" CONTENT="Mr." WC="0.97" CC="060"/>
						<SP ID="P6_SP00370" HPOS="461" VPOS="4120" WIDTH="60"/>
						<String ID="P6_ST00407" HPOS="521" VPOS="4042" WIDTH="199" HEIGHT="93" CONTENT="Craig" WC="0.98" CC="06050"/>
						<SP ID="P6_SP00371" HPOS="720" VPOS="4135" WIDTH="55"/>
						<String ID="P6_ST00408" HPOS="775" VPOS="4073" WIDTH="154" HEIGHT="63" CONTENT="may" WC="1.00" CC="000"/>
						<SP ID="P6_SP00372" HPOS="929" VPOS="4136" WIDTH="54"/>
						<String ID="P6_ST00409" HPOS="983" VPOS="4036" WIDTH="224" HEIGHT="98" CONTENT="object" WC="0.99" CC="072040"/>
						<SP ID="P6_SP00373" HPOS="1207" VPOS="4136" WIDTH="54"/>
						<String ID="P6_ST00410" HPOS="1261" VPOS="4056" WIDTH="69" HEIGHT="56" CONTENT="to" WC="1.00" CC="00"/>
						<SP ID="P6_SP00374" HPOS="1330" VPOS="4136" WIDTH="55"/>
						<String ID="P6_ST00411" HPOS="1385" VPOS="4032" WIDTH="124" HEIGHT="79" CONTENT="this" WC="0.97" CC="0750"/>
						<SP ID="P6_SP00375" HPOS="1509" VPOS="4136" WIDTH="53"/>
						<String ID="P6_ST00412" HPOS="1562" VPOS="4031" WIDTH="135" HEIGHT="81" CONTENT="and" WC="0.98" CC="500"/>
						<SP ID="P6_SP00376" HPOS="1697" VPOS="4136" WIDTH="55"/>
						<String ID="P6_ST00413" HPOS="1752" VPOS="4064" WIDTH="151" HEIGHT="65" CONTENT="may" WC="1.00" CC="000"/>
						<SP ID="P6_SP00377" HPOS="1903" VPOS="4136" WIDTH="56"/>
						<String ID="P6_ST00414" HPOS="1959" VPOS="4031" WIDTH="183" HEIGHT="95" CONTENT="point" WC="0.98" CC="06610"/>
						<SP ID="P6_SP00378" HPOS="2142" VPOS="4136" WIDTH="54"/>
						<String ID="P6_ST00415" HPOS="2196" VPOS="4050" WIDTH="114" HEIGHT="58" CONTENT="out" WC="1.00" CC="000"/>
						<SP ID="P6_SP00379" HPOS="2310" VPOS="4136" WIDTH="56"/>
						<String ID="P6_ST00416" HPOS="2366" VPOS="4030" WIDTH="141" HEIGHT="78" CONTENT="that" WC="1.00" CC="0000"/>
						<SP ID="P6_SP00380" HPOS="2507" VPOS="4136" WIDTH="54"/>
						<String ID="P6_ST00417" HPOS="2561" VPOS="4027" WIDTH="87" HEIGHT="79" CONTENT="he" WC="1.00" CC="00"/>
						<SP ID="P6_SP00381" HPOS="2648" VPOS="4136" WIDTH="54"/>
						<String ID="P6_ST00418" HPOS="2702" VPOS="4030" WIDTH="50" HEIGHT="76" CONTENT="is" WC="0.71" CC="50"/>
						<SP ID="P6_SP00382" HPOS="2752" VPOS="4136" WIDTH="54"/>
						<String ID="P6_ST00419" HPOS="2806" VPOS="4024" WIDTH="162" HEIGHT="80" CONTENT="freer" WC="0.97" CC="66006"/>
					</TextLine>
					<TextLine ID="P6_TL00038" HPOS="169" VPOS="4144" WIDTH="686" HEIGHT="97">
						<String ID="P6_ST00420" HPOS="169" VPOS="4146" WIDTH="295" HEIGHT="95" CONTENT="working" WC="0.98" CC="0070769"/>
						<SP ID="P6_SP00383" HPOS="464" VPOS="4241" WIDTH="54"/>
						<String ID="P6_ST00421" HPOS="518" VPOS="4178" WIDTH="72" HEIGHT="45" CONTENT="as" WC="1.00" CC="00"/>
						<SP ID="P6_SP00384" HPOS="590" VPOS="4241" WIDTH="53"/>
						<String ID="P6_ST00422" HPOS="643" VPOS="4144" WIDTH="86" HEIGHT="79" CONTENT="he" WC="1.00" CC="00"/>
						<SP ID="P6_SP00385" HPOS="729" VPOS="4241" WIDTH="55"/>
						<String ID="P6_ST00423" HPOS="784" VPOS="4148" WIDTH="71" HEIGHT="73" CONTENT="is." WC="0.97" CC="503"/>
					</TextLine>
				</TextBlock>
			</PrintSpace>
		</Page>
	</Layout>
</alto>
