3130 4426
160 89 84 46 160

151 185 236 71 quainter
413 180 105 60 and
552 204 144 36 more
724 195 278 63 grotesque
1028 181 88 60 the
1144 180 189 61 better.
1404 181 108 60 Har-

155 259 85 75 ley
279 282 109 35 was
428 282 66 34 an
533 256 201 75 elderly
774 258 251 59 bachelor
1063 259 128 58 with
1216 260 334 57 mannerisms

153 335 106 59 and
298 335 228 74 perhaps
566 358 67 34 an
659 338 335 71 eccentricity
1020 358 58 36 or
1103 349 125 55 two,
1256 358 126 52 very
1408 335 116 59 char-

153 414 143 74 ming
335 425 53 43 to
428 410 71 58 be
538 434 136 36 sure.
754 411 95 59 On
887 411 89 59 the
1028 425 145 63 stage
1228 411 147 59 these
1416 435 136 54 gave

152 486 83 60 his
274 486 481 59 characterizations
794 488 101 72 just
932 486 89 59 the
1065 486 134 78 right
1256 486 176 68 touch,
1474 486 79 60 for

152 565 67 57 he
260 564 155 58 knew
452 565 101 72 just
579 561 156 60 when
774 576 54 45 to
867 562 89 60 fall
997 565 105 57 into
1130 564 158 58 them.
1369 564 80 59 Of
1472 565 78 58 his

151 640 361 66 Touchstone,
555 639 222 57 Grumio
837 639 104 58 and
1001 639 309 68 Launcelot,
1352 664 31 33 a
1422 664 96 34 con-

153 733 291 57 temporary
484 716 146 56 critic
670 714 132 68 said,
912 714 167 59 Their
1105 719 153 71 quips
1286 715 106 60 and
1418 716 132 60 their

153 786 305 81 quiddities,
512 791 130 57 their
701 791 146 74 gibes
907 791 105 58 and
1065 792 134 59 their
1249 795 300 74 cozenings,

155 870 195 72 always
388 867 179 59 obtain
604 870 54 56 in
697 867 79 59 his
804 867 197 74 speech
1026 869 132 58 their
1183 869 132 77 right
1342 885 210 58 aptness

153 946 107 58 and
298 945 210 67 flavour,
550 942 105 60 and
717 946 120 75 gain
875 947 53 56 in
966 945 79 57 his
1086 945 144 59 looks
1289 947 132 59 their
1459 971 61 35 en-

153 1025 94 57 tire
286 1021 303 58 illustration
595 1020 179 59 —that
800 1021 201 60 double
1028 1023 301 74 expression
1356 1023 194 68 which,

156 1124 56 34 as
277 1100 38 56 it
372 1097 151 75 lights
587 1120 72 51 up
722 1096 88 61 the
875 1100 258 76 meaning,
1200 1098 198 60 reveals
1464 1100 88 58 the

270 1250 115 59 We
425 1248 264 75 approach
729 1250 87 58 the
875 1251 105 57 end
1021 1251 53 58 of
1134 1250 248 76 Harley's
1442 1251 108 68 life,

155 1326 104 58 and
299 1326 55 57 of
392 1324 76 59 his
510 1324 190 75 library
738 1326 144 57 there
908 1328 197 56 remain
1130 1326 123 75 only
1277 1327 88 57 the
1394 1328 158 71 prints

155 1403 104 59 and
299 1402 241 58 sketches
567 1417 53 43 to
647 1401 121 58 look
794 1426 142 36 over.
1004 1403 82 59 Of
1112 1403 206 59 himself
1346 1403 204 75 Harley

156 1479 107 59 had
303 1504 30 33 a
373 1478 219 59 number
628 1478 56 59 of
722 1477 318 61 likenesses:

166 1556 120 57 186.
312 1556 52 54 A
400 1553 113 70 fine
551 1563 237 62 painting
824 1553 53 57 of
924 1552 112 61 Mr.
1078 1553 46 74 J.
1167 1554 62 57 P.
1279 1553 271 60 HARLEY

307 1629 72 74 by
420 1631 266 57 GEORGE
725 1632 212 66 CLINT,
979 1632 53 56 in
1072 1629 288 60 handsome
1401 1655 119 34 orna-

308 1705 216 59 mented
565 1704 90 80 gilt
694 1704 162 60 frame

166 1783 121 58 187.
310 1782 62 57 A
411 1784 115 71 pair
564 1780 53 59 of
669 1780 131 60 ditto
853 1780 267 60 character
1178 1782 263 68 Portraits,
1496 1782 54 58 of

311 1855 113 61 Mr.
490 1857 221 71 Harley
776 1882 57 33 as
900 1858 168 57 Caleb
1144 1857 231 69 Quotum
1442 1859 115 59 and

312 1933 219 58 Charles
600 1934 192 74 Young
849 1944 50 48 in
964 1934 111 58 The
1133 1934 269 75 Stranger,
1459 1935 90 75 gilt

308 2010 188 59 frames

166 2086 123 59 199.
334 2088 94 56 An
449 2085 75 59 oil
573 2094 250 65 painting,
866 2085 232 59 Portrait
1141 2085 70 70 of
1239 2084 113 61 Mr.
1394 2084 45 75 J.
1482 2086 62 59 P.

308 2161 286 68 HARLEY,
637 2161 71 75 by
760 2163 77 57 G.
889 2163 209 68 CLINT,
1153 2161 93 78 gilt
1295 2161 252 61 moulded

307 2236 161 60 frame

159 2314 128 59 207.
321 2315 127 58 Two
487 2324 159 48 water
686 2312 182 59 colour
905 2312 267 60 character
1208 2314 256 73 drawings
1491 2316 70 69 of

307 2389 45 73 J.
382 2390 61 58 P.
473 2389 271 58 HARLEY
769 2413 56 33 as
853 2387 273 69 Marcelli,
1155 2391 54 56 in
1228 2389 89 59 the
1340 2390 208 58 Devil's

308 2466 212 74 Bridge,
600 2465 106 58 and
785 2465 232 58 Lesardo
1096 2465 289 71 [Lissardo]
1477 2466 71 75 by

311 2541 95 59 DE
446 2541 223 60 WILDE

160 2619 127 55 210.
312 2620 61 56 A
411 2617 248 59 coloured
714 2617 270 57 miniature
1042 2616 221 61 Portrait
1309 2619 55 58 of
1384 2619 48 69 J.
1477 2619 67 58 P.

317 2692 219 70 Harley
562 2692 105 59 and
707 2693 36 58 4
771 2691 146 58 small
978 2691 266 61 character
1289 2696 166 72 prints
1496 2693 53 60 of

312 2768 146 68 ditto,
499 2767 201 60 framed
741 2767 105 59 and
887 2766 186 75 glazed

160 2845 129 58 214.
312 2845 177 58 Three
512 2861 162 42 water
693 2845 179 58 colour
900 2845 244 57 Portraits
1173 2846 54 57 of
1252 2843 113 61 Mr.
1395 2845 112 59 Har-

313 2920 87 71 ley
439 2945 55 34 as
534 2921 126 72 Jack
689 2920 272 68 Phantom,
992 2922 52 56 in
1072 2921 180 67 frame,
1282 2921 187 75 glazed

166 2997 120 57 158.
312 2998 262 75 Eighteen
614 3000 332 72 impressions
988 2997 54 57 of
1081 2997 87 58 the
1229 2998 220 59 Portrait
1495 2997 53 58 of

311 3073 107 59 Mr.
461 3073 43 74 J.
548 3073 64 59 P.
649 3072 203 74 Harley
885 3074 53 56 in
978 3071 122 59 The
1143 3073 219 76 Strange
1397 3073 111 59 Gen-

308 3148 192 60 tleman

308 3224 136 59 And
486 3224 145 59 there
684 3248 88 34 are
832 3223 189 59 others.
1129 3223 101 59 But
1286 3224 129 59 from
1468 3226 77 58 his

241 3342 9 11 .
311 3301 165 68 walls,
505 3299 123 60 well
656 3299 228 59 covered
923 3299 127 59 with
1083 3302 241 70 pictures,
1354 3301 194 61 looked

311 3377 161 57 down
512 3377 147 57 other
696 3375 145 58 faces
880 3374 121 59 than
1040 3373 79 60 his
1159 3400 149 34 own:

167 3453 119 57 163.
311 3454 61 57 A
413 3454 100 57 fine
553 3452 150 75 proof
743 3453 133 71 print
915 3450 54 59 of
1017 3450 111 59 The
1166 3452 227 58 Kemble
1441 3453 71 58 Fa-

308 3530 135 69 mily
482 3541 52 45 in
575 3529 193 69 Henry
821 3527 168 59 VIII..
1034 3527 129 57 after
1204 3528 241 60 Barlowe

167 3604 120 60 166.
312 3607 61 56 A
414 3605 129 58 ditto
603 3604 53 59 of
717 3604 281 57 Bannister
1056 3603 113 57 and
1220 3604 230 59 Parsons
1493 3607 54 56 in

310 3680 86 59 the
438 3680 218 76 Village
701 3680 246 73 Lawyer,
978 3678 103 58 and
1110 3703 30 32 a
1167 3682 112 71 pair
1317 3679 53 58 of
1397 3680 148 68 ditto,

313 3758 219 70 Garrick
607 3782 57 34 as
743 3755 238 59 Richard
1054 3754 86 60 111.
1220 3755 106 60 and
1392 3756 153 60 Abel

312 3833 243 77 Drugger

166 3906 118 59 168.
307 3908 142 58 Two
491 3909 285 58 Character
815 3909 177 72 prints,
1037 3906 201 59 Scenes
1290 3908 131 58 from
1460 3909 88 58 the

310 3985 256 75 Beggar's
626 3985 180 71 Opera
867 3984 113 58 and
1037 3983 247 58 Children
1352 3994 51 48 in
1464 3986 84 59 the

319 4061 182 57 Wood

167 4134 117 58 169.
308 4135 63 57 A
411 4136 130 59 ditto
583 4139 133 71 print
754 4135 55 58 of
1547 4134 15 58 H
1014 4134 169 58 Grace
1243 4135 83 58 the
1385 4136 163 70 Duke

308 4211 70 69 of
415 4212 320 59 Devonshire
773 4210 106 58 and
924 4234 32 33 a
1014 4210 249 60 coloured
1312 4215 134 70 print
1493 4214 54 57 of

1751 183 88 61 the
1882 184 245 58 Duchess
2178 184 68 71 of
2277 183 325 59 Devonshire
2644 183 147 75 (The
2831 183 163 63 house

1750 260 54 57 of
1845 260 354 69 Devonshire,
2243 259 128 60 from
2413 259 413 76 Shakespeare's
2852 265 140 68 time,

1751 335 93 59 has
1882 335 286 60 interested
2226 335 139 59 itself
2422 339 52 55 in
2514 336 87 58 the
2641 338 225 66 theatre;
2909 338 87 59 the

1751 427 210 61 present
2001 413 159 58 Duke
2196 437 269 49 possesses
2505 437 155 51 many
2701 438 159 34 scene
2899 415 87 59 de-
3024 434 9 8 '

1751 491 158 73 signs,
1950 489 270 77 including
2248 489 147 59 work
2434 489 71 75 by
2546 490 144 76 Inigo
2730 490 200 74 Jones).

1609 565 119 58 173.
1751 564 141 58 Two
1933 564 129 59 ditto
2103 565 54 57 of
2203 564 139 59 Miss
2400 565 235 58 Duncan
2693 568 113 57 and
2859 565 137 61 Miss

1751 639 215 59 Mellon
1971 687 13 20 ,
2025 641 107 59 and
2161 665 32 33 a
2234 640 132 58 ditto
2406 641 55 59 of
2503 641 220 60 Charles
2762 642 232 72 Dickens

1608 719 122 58 176.
1754 716 181 60 Three
1957 717 303 60 Theatrical
2283 720 159 71 prints
2470 719 53 58 of
2550 720 196 65 Liston,
2779 720 215 60 Charles

1764 794 194 75 Young
1994 795 114 58 and
2140 792 306 74 Macready
2451 842 13 21 ,
2507 795 105 58 and
2659 820 32 35 a
2743 796 249 60 coloured

1751 869 133 59 ditto
1924 871 54 57 of
2022 869 58 59 C.
2126 870 67 61 B.
2239 871 186 57 Cotton

1609 946 119 60 177.
1754 945 179 59 Three
1973 947 176 73 prints,
2193 946 246 60 Portraits
2498 946 56 60 of
2615 947 191 70 Quick.
2853 949 112 59 Elli-

1752 1032 111 49 ston
1903 1022 115 59 and
2050 1023 68 58 E.
2164 1023 218 69 Forrest,
2424 1022 107 60 and
2579 1025 33 57 2
2653 1023 133 60 ditto
2826 1025 53 58 of
2913 1026 78 61 St.

1751 1098 193 74 James*
1986 1098 107 59 and
2135 1098 78 59 St.
2257 1098 174 60 Giles'
2464 1100 245 58 Beauties

1609 1175 121 58 180.
1757 1176 64 57 A
1859 1199 127 51 very
2024 1176 100 57 fine
2185 1176 193 72 plaster
2433 1176 116 58 bust
2585 1177 69 70 of
2683 1176 113 61 Mr.
2833 1177 48 71 J.
2922 1178 69 60 P.

1754 1251 237 71 Harley,
2033 1251 71 75 by
2145 1252 240 67 Sconler,
2418 1252 71 58 27
2532 1252 180 60 inches
2753 1253 144 75 high,
2923 1280 69 34 on

1752 1327 290 60 handsome
2071 1328 252 75 scagliola
2342 1328 129 60 verd
2493 1333 213 73 antique
2733 1332 258 72 pedestal,

1754 1403 71 59 34
1865 1404 181 59 inches
2085 1404 125 77 high

1608 1478 120 60 181.
1752 1478 61 59 A
1854 1478 132 60 ditto
2028 1479 117 59 bust
2182 1479 69 71 of
2278 1478 140 61 Mrs.
2465 1479 222 61 Charles
2715 1482 175 70 Kean,
2919 1483 72 76 by

1752 1556 218 67 Dexter,
2014 1557 74 58 28
2128 1557 182 57 inches
2352 1557 127 77 high

1608 1632 120 57 183.
1751 1631 60 57 A
1858 1646 164 43 water
2079 1632 180 58 colour
2319 1633 287 60 Character
2652 1633 237 78 drawing
2941 1636 52 59 of

1749 1705 180 60 Liston
1967 1732 56 34 as
2067 1707 179 72 Gabey
2291 1708 162 69 Grim,
2498 1711 70 73 by
2610 1711 96 58 DE
2746 1712 168 58 VLTA

1606 1783 120 58 184.
1752 1783 61 58 A
1854 1783 132 60 ditto
2027 1783 240 77 drawing
2306 1785 53 59 of
2399 1784 247 62 Munden
2682 1812 56 34 as

1750 1882 107 44 cus,
1898 1859 72 74 by
2011 1859 96 59 DE
2146 1860 224 59 WILDE

1605 1934 121 60 185.
1770 1937 61 57 A
1872 1934 132 60 ditto
2064 1937 54 57 of
2179 1937 170 59 Gatlie
2401 1963 56 33 as
2499 1938 178 61 Mons.
2720 1939 271 70 Moibleu,

1749 2010 71 75 by
1860 2012 97 58 DE
1997 2012 224 59 WILDE

1605 2086 118 59 188.
1750 2088 61 56 A
1877 2089 112 70 pair
2053 2088 55 58 of
2175 2089 188 67 Prints,
2427 2089 246 61 Portraits
2738 2092 54 59 of
2857 2093 136 59 Miss

1750 2161 209 60 O'Neil
1997 2164 112 58 and
2141 2164 260 58 Edmund
2439 2166 159 60 Kean

1605 2238 121 59 189.
1749 2239 142 58 Two
1950 2243 159 69 prints
2169 2240 55 59 of
2291 2241 94 59 IV.
2446 2243 80 58 H.
2582 2244 162 72 Betty
2804 2244 105 60 and
2960 2271 31 33 a

1747 2314 132 58 ditto
1919 2316 54 57 of
2013 2315 80 61 H.
2137 2316 75 60 P.
2257 2316 199 73 Bishop

1604 2390 119 58 190.
1749 2393 55 55 A
1849 2394 114 72 pair
2022 2393 54 58 of
2135 2396 177 71 prints,
2359 2395 221 60 Charles
2620 2398 228 59 Kemble
2886 2399 114 60 and

1750 2466 81 59 the
1895 2469 102 57 late
2057 2469 220 58 Charles
2335 2469 284 72 Mathews,
2660 2499 31 32 a
2751 2475 130 57 ditto
2940 2475 53 57 of
3021 2503 22 10 -

1740 2542 136 70 John
1916 2544 282 59 Bannister
2224 2546 106 59 and
2357 2572 32 33 a
2420 2547 132 60 ditto
2579 2550 56 58 of
2668 2550 48 70 J.
2746 2550 245 60 Munden

1604 2617 120 60 193.
1747 2619 63 58 A
1851 2622 135 70 print
2044 2620 56 58 of
2157 2621 89 60 the
2306 2622 194 60 Prince
2558 2627 69 69 of
2686 2626 204 70 Wales,
2932 2652 57 33 as

1746 2695 225 59 Colonel
2015 2697 55 57 of
2109 2697 250 70 Hussars,
2403 2701 104 59 and
2561 2728 32 33 a
2640 2704 131 58 ditto
2812 2705 54 58 of
2904 2704 87 58 the

1747 2771 164 69 Duke
1949 2771 70 70 of
2046 2772 198 60 Sussex

1603 2846 120 60 195.
1747 2847 137 57 Four
1924 2848 217 59 circular
2182 2854 177 68 prints,
2425 2852 113 60 The
2594 2855 225 59 Sailors
2878 2856 76 60 De-

1743 2934 211 58 parture
1994 2925 113 57 and
2140 2925 225 71 Return,
2410 2913 125 75 &c.

1595 2998 127 59 209.
1747 2998 61 57 A
1850 3000 99 57 fine
1989 3015 165 43 water
2198 3003 179 60 colour
2418 3006 222 60 Portrait
2678 3007 55 59 of
2763 3007 144 70 Quin
2932 3033 59 33 as

1746 3074 250 70 Falstajf,
2050 3078 138 59 1743

1749 3152 62 55 A
1870 3152 131 57 ditto
2062 3152 238 77 drawing
2359 3157 55 58 of
2472 3158 89 60 the
2619 3161 104 58 late
2771 3161 220 60 Charles

1746 3226 265 59 Mathews
2025 3229 52 58 in
2097 3229 87 58 the
2204 3231 331 73 Woodman,
2550 3236 72 76 by
2652 3238 94 57 DE
2765 3237 223 60 WLLDE

1595 3303 126 59 215.
1745 3303 62 57 A
1848 3306 111 69 pair
2014 3304 55 58 of
2114 3306 294 77 lithograph
2461 3317 177 69 prints,
2687 3315 221 66 Views;
2954 3316 34 57 2

1745 3379 118 57 oval
1905 3378 128 58 ditto
2074 3381 105 58 and
2222 3383 221 64 Portrait
2481 3389 55 58 of
2574 3391 272 58 Adrienne
2884 3391 70 58 Le-

1745 3475 268 47 couvreur,
2056 3455 199 61 framed
2296 3464 107 58 and
2443 3464 188 77 glazed

1595 3529 129 59 216.
1747 3529 366 70 Testimonial,
2142 3534 129 59 with
2296 3541 289 73 autograph
2625 3543 284 75 signatures
2936 3542 56 58 of

1746 3604 89 59 the
1876 3608 307 68 performers
2213 3626 50 43 at
2290 3613 86 60 the
2405 3617 79 58 St.
2514 3603 176 87 James
2732 3619 251 66 Theatre,
3085 3642 26 55 ;

1757 3683 138 57 1837
1938 3682 103 59 and
2083 3687 55 64 8,
2182 3688 91 74 gilt
2331 3692 180 71 frame,
2565 3696 188 74 glazed
2812 3697 105 57 and
2956 3721 32 33 a

1745 3756 218 60 circular
2003 3760 285 63 medallion
2329 3767 55 58 of
2422 3769 87 59 the
2552 3770 127 59 Seal
2719 3772 53 58 of
2813 3772 176 73 Drury

1749 3834 147 58 Lane
1937 3834 152 60 Fund

1594 3911 129 59 218.
1747 3910 98 59 An
1884 3914 260 71 exquisite
2202 3936 100 48 pen
2363 3922 113 58 and
2528 3924 89 70 ink
2658 3924 236 73 drawing
2930 3923 71 70 of

1745 3985 331 71 Napoleons
2124 3989 164 62 Tomb
2337 4007 57 47 at
2429 3998 83 58 St.
2558 3999 233 66 Helena,
2833 3999 154 58 taken

1745 4087 70 33 on
1854 4061 86 59 the
1981 4078 132 58 spot,
2157 4065 61 59 21
2273 4070 161 74 April
2471 4075 160 68 1828,
2662 4077 71 73 by
2763 4075 225 70 Captain
3092 4099 19 19 -

1746 4137 69 59 II
1870 4137 200 72 Fabey,
2114 4141 132 60 67th
2288 4146 304 78 Regiment,
2635 4153 236 75 showing
2900 4150 88 57 the

1745 4207 305 66 celebrated
2091 4216 279 83 Weeping
2418 4224 245 72 Willow,
2693 4225 295 76 purchased
