3205 4479
216 353 275 101 THE
569 353 407 104 MASK.
1075 355 1516 107 OCTOBER-DECEMBER
2675 355 269 102 1928

594 630 912 84 LITERARY
1613 630 972 84 CONTENTS.

219 870 466 53 SHAKESPEARE,
733 873 371 47 STRATFORD
1135 875 89 44 ON
1272 875 184 45 AVON
1500 875 136 47 AND
1688 877 47 45 A

341 946 236 46 BRITISH
616 947 224 46 ARTIST
1721 986 13 12 .
1859 952 36 56 J.
1933 952 32 46 S
2712 919 20 79 I
2819 986 11 12 .
2871 955 11 44 1
2895 956 57 44 39

220 1054 148 45 TWO
399 1054 207 47 BOOKS
2871 1061 81 46 142

223 1160 127 46 THE
382 1162 259 45 PASSING
671 1163 81 44 OF
784 1166 45 43 A
862 1163 210 48 GREAT
1104 1166 224 45 ARTIST
1453 1201 12 10 .
1589 1201 10 10 .
1724 1201 10 12 .
1860 1164 113 59 Cyril
2001 1166 59 44 W
2105 1166 223 45 Beaumont
2408 1201 11 9 .
2543 1202 11 11 .
2681 1202 11 16 ,
2817 1168 136 46 .146

224 1268 130 45 THE
385 1268 264 47 LIBRARY
682 1271 81 44 OF
794 1272 46 43 A
870 1271 346 53 COMEDIAN,
1249 1273 37 58 J.
1317 1273 53 46 P.
1401 1273 254 47 HARLEY
1725 1309 12 11 .
1861 1273 103 46 Paul
1994 1273 238 46 McPharlin
2869 1275 82 45 154

227 1373 331 47 EXTRACTS
610 1376 174 45 FROM
835 1376 127 47 THE
1013 1378 298 45 PRACTICE
1357 1379 80 44 OF
1488 1379 252 47 MAKING
2610 1337 61 89 II
2712 1337 62 89 I
2915 1337 23 89 I

350 1451 228 46 SCENES
608 1453 132 44 AND
773 1453 321 47 MACHINES
1127 1455 60 45 IN
1218 1455 329 47 THEATRES
1591 1492 11 10 .
1728 1492 11 11 .
1860 1456 143 46 Nicola
2034 1456 244 46 Sabbattini.
2408 1491 12 10 .
2651 1423 44 78 I.
2819 1458 133 47 .162

227 1555 182 46 PARIS
454 1558 112 44 1928
1447 1599 10 8 .
1584 1599 12 15 ,
1726 1599 11 8 .
1860 1564 112 54 p.f.
2868 1564 85 45 169

227 1662 146 46 TWO
411 1663 405 47 DRAMATISTS
1862 1670 54 44 E.
1951 1670 60 45 G.
2041 1670 41 45 C
2872 1670 83 45 170

223 1769 312 47 TOWARDS
566 1771 382 47 PERFECTION
1861 1776 185 45 Hokusai
2872 1776 75 46 171

225 1875 433 47 WALDTEUFEL
1861 1882 57 47 D.
1960 1882 52 47 P.
2137 1917 11 12 .
2245 1856 20 69 1
2872 1883 83 46 172

228 1982 240 46 BRITISH
517 1985 247 47 OPERA:
826 1986 90 46 AN
966 1986 166 47 OPEN
1184 1988 238 47 LETTER
1471 1988 88 46 TO
1608 1990 93 45 SIR

348 2058 266 47 ThOMAS
653 2061 301 47 BEECHAM
1017 2096 693 16 ......
1862 2067 171 45 Gordon
2069 2068 120 55 Craig
2271 2102 13 11 .
2410 2102 12 11 .
2548 2102 10 10 .
2684 2102 13 10 .
2821 2067 134 45 .172

229 2165 45 43 A
309 2165 166 47 NOTE
506 2168 88 44 ON
623 2168 128 45 THE
782 2168 165 47 PLAN
978 2170 82 45 OF
1091 2171 239 46 VENICE.
1861 2174 38 56 J.
1937 2174 32 44 S
2869 2174 84 44 182

972 2330 173 46 BOOK
1174 2330 276 47 REVIEWS
1483 2331 135 46 AND
1646 2333 334 47 EDITORIAL
2015 2334 214 47 NOTES.

480 2601 1282 84 ILLUSTRA

232 2859 302 45 MAESTRO
566 2860 223 45 ENRICO
822 2860 342 46 CECCHETTI
2400 2865 117 46 Plate
2549 2867 74 50 21,
2717 2867 107 45 Face
2874 2867 82 45 139

232 2964 97 45 SIX
362 2964 239 46 PLATES
633 2965 81 44 OF
747 2968 43 43 A
823 2966 168 45 PLAN
1023 2967 80 44 OF
1134 2966 238 52 VENICE,
1414 2967 111 46 1500
2281 3006 11 11 .
2418 3008 11 10 .
2553 3008 12 10 .
2688 3008 10 10 .
2768 2974 18 25 ■
2876 2973 81 44 182

233 3071 140 45 FIVE
409 3071 330 48 DIAGRAMS
772 3072 119 44 FOR
923 3072 212 46 SCENIC
1168 3073 375 45 MECHANISM
1596 3108 11 11 .
1732 3107 10 11 .
1868 3075 144 45 Nicola
2043 3076 231 47 Sabbattini
2417 3113 12 24 ,
2553 3114 12 13 .
2614 3079 109 56 Page
2765 3079 194 45 162-168

231 3178 213 45 THREE
475 3179 454 46 SILHOUETTES.
1055 3213 689 14 ......
1873 3184 145 44 Daniel
2041 3183 190 46 Nicholas
2253 3185 323 47 Chodowiecki.
2645 3189 17 24 n
2739 3187 96 51 142,
2861 3186 95 50 146,

2873 3262 82 45 135

922 3345 124 46 Head
1077 3346 82 45 and
1190 3347 93 45 Tail
1317 3348 140 44 Pieces
1488 3347 103 47 from
1622 3349 70 46 old
1725 3349 81 45 and
1846 3350 167 45 modern
2049 3351 185 56 Designs.

355 3634 240 47 NOTICE
630 3636 82 43 TO
748 3637 126 44 CON
886 3638 30 42 T
923 3638 153 43 PdBlJ
1088 3639 172 45 TORS.
1311 3639 85 44 The
1428 3640 142 44 Editor
1599 3646 33 38 is
1664 3643 160 51 always
1853 3641 106 54 glad
1987 3650 39 35 to
2057 3643 183 44 consider
2272 3646 161 42 articles
2455 3645 89 44 and
2563 3646 265 44 illustrations
2846 3645 110 52 from

232 3736 160 43 experts
423 3733 41 39 in
498 3728 153 45 theatre
681 3731 152 53 history
865 3730 87 44 and
981 3738 79 43 art,
1095 3731 129 44 which
1258 3733 122 42 result
1403 3731 112 52 from
1559 3733 153 51 special
1747 3732 181 45 research
1965 3751 45 25 or
2045 3736 188 50 personal
2271 3741 245 46 experience•
2589 3736 148 46 Where
2773 3736 188 53 stamped

957 3801 1 2 ■

235 3819 88 45 and
354 3820 222 46 addressed
604 3824 211 52 envelopes
847 3840 69 27 are
947 3823 208 51 included,
1191 3838 118 39 every
1341 3825 117 53 effort
1488 3825 83 43 will
1601 3824 48 43 be
1679 3824 122 44 made
1831 3832 39 36 to
1901 3833 132 36 return
2064 3829 42 40 in
2137 3826 80 43 due
2249 3844 140 27 course
2419 3828 177 53 rejected
2641 3828 281 44 contributions
2941 3846 14 25 :

235 3911 70 45 but
335 3918 41 38 in
412 3930 52 26 no
498 3919 308 39 circumstances
836 3932 79 26 can
947 3914 51 44 he
1029 3913 102 45 hold
1159 3914 171 53 himself
1356 3914 242 54 responsible
1620 3915 73 52 for
1723 3915 92 52 safe
1859 3916 169 52 custody
2073 3934 44 26 or
2165 3926 145 37 return.
2379 3920 75 44 All
2500 3922 160 43 articles
2718 3919 150 44 should
2910 3919 46 43 be

235 4008 267 48 typewritten.

361 4095 217 45 Address:
619 4096 87 44 The
736 4097 176 44 Editor:
1015 4097 84 44 The
1130 4097 132 53 Mask
1376 4098 95 44 Box
1502 4098 120 50 444,
1653 4099 211 50 Florence,
1899 4098 125 54 Italy.
