3048 4411
130 105 81 44 146

122 217 178 47 actors
348 225 148 39 were
542 201 150 79 quite
739 198 94 63 the
880 212 141 49 most
1075 197 262 81 seriously
1401 197 67 64 be-

122 289 183 67 haved
350 317 126 36 men
523 287 112 66 and
682 315 222 40 women
955 287 18 63 I
1021 287 143 64 have
1213 315 128 37 ever
1373 315 130 37 seen

123 399 53 47 at
227 380 170 66 work.
498 380 44 65 It
589 380 133 64 took
769 380 150 64 them
968 381 309 61 sometimes
1310 408 33 36 a
1375 379 127 82 long

123 475 128 61 time
298 488 57 47 to
404 473 172 62 arrive
622 487 57 47 at
726 470 154 64 what
927 468 131 83 they
1105 497 151 37 were
1302 471 200 80 aiming

122 563 84 65 for
233 591 13 37 :
306 562 98 64 but
449 562 132 82 they
626 588 165 37 never
838 587 137 55 gave
1022 587 74 53 up
1143 564 194 79 trying,
1403 588 98 37 nor

123 652 98 66 did
266 653 135 81 they
449 652 209 75 cackle,
693 678 62 37 or
787 651 117 64 sulk
950 677 62 37 or
1044 649 111 66 talk
1187 652 310 82 disloyally.

259 743 19 62 I
326 770 165 37 never
538 770 140 37 once
724 769 118 38 saw
890 741 149 64 them
1087 769 71 53 go
1213 770 72 35 on
1340 742 161 63 strike

120 833 277 82 mentally.
494 835 109 62 Far
649 851 95 46 too
837 832 214 81 proud:
1224 833 152 65 what
1409 860 91 38 we

120 952 139 38 once
307 922 178 65 called
556 941 97 47 too
715 922 200 66 British
945 952 36 36 :.
1058 924 330 80 (Leuterloff
1455 927 45 61 is

126 1014 229 66 another
418 1015 180 64 clever
659 1014 239 80 fellow).

259 1106 179 82 Many
486 1133 93 37 are
625 1105 95 65 the
766 1106 237 64 theatres
1051 1104 110 65 and
1230 1108 176 61 artists
1478 1105 19 62 I

123 1213 203 48 cannot
357 1223 138 37 even
526 1195 138 65 refer
697 1213 57 47 to
801 1195 131 65 here
961 1223 13 46 ;
1020 1194 96 65 but
1149 1222 106 37 one
1286 1194 111 65 and
1429 1195 69 64 all

122 1288 146 64 have
315 1288 117 64 that
479 1315 236 53 courage
763 1287 18 62 I
825 1286 173 83 spoke
1028 1286 77 73 of,
1140 1312 92 38 are
1263 1286 235 66 without

123 1381 324 79 scepticism,
499 1376 112 64 and
655 1404 113 45 are,
819 1405 58 35 as
927 1404 33 35 a
1007 1376 133 73 rule,
1190 1376 307 82 essentially

123 1467 304 66 theatrical.
462 1466 359 82 Mayerhold,
857 1467 128 64 lam
1011 1466 136 74 told,
1166 1466 99 63 has
1290 1470 203 77 genius.

261 1559 59 63 In
367 1559 68 63 all
480 1559 107 63 this
632 1559 269 63 excellent
947 1557 158 64 work
1144 1556 112 65 and
1288 1560 179 79 passio-

123 1667 127 45 nate
296 1649 124 63 love
467 1649 57 63 of
570 1659 171 70 going
786 1675 90 46 on,
927 1648 58 63 of
1028 1648 244 78 pushing
1335 1673 91 47 on,
1477 1648 20 63 I

123 1738 110 64 find
266 1767 34 35 a
330 1738 274 81 tendency
653 1757 58 45 to
943 1738 178 82 things
1153 1738 183 63 rather
1365 1738 133 64 than

124 1846 56 45 to
227 1851 154 58 grow
427 1829 171 64 them.

261 1919 19 63 I
329 1918 157 64 don't
533 1918 167 65 know
748 1918 133 65 how
926 1921 40 61 it
1012 1922 62 68 is,
1148 1917 98 65 but
1318 1917 179 63 lam

127 2026 94 46 not
255 2008 305 84 altogether
589 2009 188 82 happy
811 2026 56 46 at
899 2008 94 64 the
1035 2008 241 64 Russian
1308 2007 152 65 Thea-

124 2116 78 47 tre
230 2129 12 35 :
296 2100 99 63 I'm
442 2117 95 46 not
583 2100 190 82 happy
819 2128 61 35 as
914 2100 142 63 lam
1089 2100 166 64 when
1305 2100 18 62 I
1357 2098 143 65 have

123 2218 34 34 a
203 2190 156 66 work
391 2191 57 64 of
479 2191 104 64 fine
630 2208 82 48 art
759 2208 57 45 to
865 2190 153 73 read,
1069 2206 57 47 to
1175 2189 125 63 look
1350 2206 56 46 at
1437 2215 63 37 or

122 2296 56 46 to
225 2280 151 65 hear.

260 2370 211 65 How's
522 2370 103 64 this
650 2378 27 56 ?

259 2460 175 73 Well,
486 2488 33 35 a
565 2460 104 64 fine
701 2478 82 46 art
814 2463 44 61 is
891 2488 33 36 a
955 2459 105 64 fine
1092 2477 81 46 art
1205 2458 111 65 and
1349 2458 152 65 there

126 2578 68 35 an
241 2550 108 64 end
397 2550 57 65 of
500 2554 40 60 it
569 2580 11 34 :
634 2550 110 65 and
791 2568 93 46 not
931 2567 95 63 yet
1078 2554 55 60 in
1194 2577 106 55 any
1370 2549 130 64 land

124 2644 43 59 is
213 2641 94 63 the
354 2642 210 63 theatre
611 2670 138 35 even
796 2644 241 78 entering
1084 2641 94 63 the
1219 2639 281 65 condition

126 2757 288 55 necessary
461 2749 57 45 to
565 2749 170 57 enter,
786 2732 192 65 before
1025 2733 37 61 it
1112 2757 102 39 can
1270 2730 230 64 become

126 2848 34 36 a
206 2820 104 64 fine
357 2837 99 47 art.

1216 2823 115 62 Ma
1378 2822 120 63 che.

458 4214 27 25 A
508 4215 268 25 SILHOUETTE
800 4215 49 25 BY
873 4215 310 26 CHODOWIECKI.

1548 200 315 104 THE
1967 203 670 101 PASSING
2739 203 190 101 OF

1548 340 101 96 A
1753 337 534 102 GREAT
2381 337 551 102 ARTIST

1550 472 122 64 BY
1740 473 311 65 CYRIL
2122 473 105 65 W.
2312 472 616 68 BEAUMONT.

1548 649 197 127 T'HE
1777 634 165 61 world
1976 635 53 57 of
2058 634 225 78 dancing
2310 638 42 54 is
2386 638 53 56 in
2474 635 141 74 deep
2648 638 284 74 mourning,

1660 712 76 57 for
1763 714 62 56 its
1846 725 131 44 most
2004 712 160 58 noted
2193 710 332 74 personality,
2551 710 88 57 the
2667 713 131 56 Cav.
2824 713 71 58 En-

1547 792 108 54 rico
1686 786 292 69 Cecchetti,
2009 786 121 58 who
2170 786 128 59 died
2328 786 181 77 during
2546 786 306 60 November
2884 804 48 42 at

1548 864 192 58 Milan.

1661 940 104 57 His
1804 938 166 58 father
2009 940 197 57 Cesare
2248 938 277 59 Cecchetti
2564 962 109 33 was
2721 962 32 33 a
2793 938 108 58 cele-

1545 1015 183 58 brated
1783 1015 193 57 dancer
2022 1014 104 58 and
2819 1014 114 58 chor
2599 1013 79 58 his
2737 1015 195 57 mother

1548 1090 231 58 Serafina
1826 1090 211 75 Casagli
2076 1114 109 33 was
2232 1114 32 32 a
2302 1100 248 59 premiere
2589 1089 248 58 danseuse
2880 1091 52 57 of

1544 1183 198 57 repute.
1812 1166 93 57 On
1933 1166 85 57 the
2052 1165 145 75 night
2222 1166 55 57 of
2309 1166 130 70 June
2474 1165 91 66 21,
2613 1166 159 65 1850,
2806 1165 124 58 after

1547 1242 240 75 dancing,
1840 1256 50 42 at
1939 1241 88 57 the
2072 1241 308 57 Tordinona
2434 1240 249 67 Theatre,
2738 1241 188 67 Rome,

1545 1317 92 59 she
1676 1341 111 33 was
1834 1316 151 57 taken
2039 1316 55 58 ill
2133 1319 54 54 in
2238 1316 91 57 her
2376 1315 405 75 dressing-room
2827 1317 100 57 and

1544 1394 144 57 there
1730 1416 129 51 gave
1911 1392 133 57 birth
2084 1407 52 42 to
2187 1416 29 32 a
2258 1391 142 58 child
2441 1391 120 57 who
2615 1415 143 34 some
2805 1392 123 74 days

1545 1468 126 59 later
1710 1491 108 35 was
1860 1466 294 60 christened
2196 1466 205 58 Enrico.
2471 1466 186 58 When
2696 1466 88 58 the
2823 1491 70 33 mo-

1544 1545 112 57 ther
1689 1567 108 34 was
1832 1542 122 59 well
1981 1542 208 76 enough
2224 1559 52 40 to
2301 1557 170 42 return
2504 1556 54 43 to
2592 1542 87 57 the
2715 1542 212 69 theatre,

1544 1618 86 57 the
1681 1618 144 74 baby
1864 1617 375 72 accompanied
2281 1617 127 65 her;
2460 1617 103 57 and
2616 1617 183 75 during
2846 1618 84 59 the

1544 1693 238 59 intervals
1821 1693 156 57 when
2017 1688 91 62 she
2149 1717 109 33 was
2297 1707 89 43 not
2424 1692 244 77 dancing,
2710 1693 91 57 she
2843 1694 85 58 fed

1545 1768 103 59 and
1697 1769 284 58 comforted
2041 1771 37 54 it
2138 1768 125 59 until
2315 1768 86 57 the
2460 1769 127 58 hour
2632 1769 202 58 arrived
2880 1786 50 42 to

1543 1860 170 42 return
1752 1843 168 59 home.

1660 1919 185 59 When
1872 1921 86 55 the
2001 1919 102 74 boy
2142 1943 109 35 was
2292 1919 117 66 five,
2439 1919 78 59 his
2556 1935 207 59 parents
2790 1945 140 34 were

1548 1994 225 75 dancing
1825 2009 51 42 at
1923 1995 207 58 Genoa.
2207 1993 122 58 The
2376 2009 263 60 repertory
2683 1995 247 59 included

1548 2070 184 58 Rota's
1765 2069 52 57 II
1857 2070 284 65 Giocatore,
2173 2072 51 54 in
2264 2069 174 59 which
2466 2072 86 57 the
2593 2096 172 51 young
2794 2073 100 57 Cec-

1547 2147 157 57 chetti
1737 2145 155 57 made
1926 2169 31 33 a
1995 2145 132 57 brief
2161 2169 329 49 appearance
2549 2172 54 33 as
2657 2172 66 33 an
2775 2163 155 42 actor.

1547 2220 120 59 The
1717 2219 160 58 ballet
1926 2244 249 35 concerns
2213 2246 31 31 a
2292 2222 231 74 gambler
2570 2222 137 66 who,
2746 2223 185 73 having

1545 2296 98 58 lost
1669 2295 317 75 everything,
2020 2310 195 44 returns
2250 2310 52 41 to
2329 2296 88 58 the
2457 2322 142 33 room
2640 2298 178 58 where
2853 2298 77 58 his

1547 2373 123 57 wife
1698 2373 103 57 and
1841 2373 140 56 child
2022 2396 86 33 are
2149 2373 252 72 sleeping,
2432 2387 51 43 to
2525 2373 123 58 seek
2674 2374 78 57 for
2790 2399 140 33 some

1547 2446 175 59 article
1761 2446 108 57 that
1907 2448 66 55 he
2022 2470 116 50 may
2179 2446 142 57 stake
2362 2451 52 54 in
2453 2449 87 57 the
2580 2449 139 72 hope
2761 2450 53 57 of
2851 2474 52 33 re-

1547 2524 214 73 trieving
1798 2521 76 57 his
1901 2523 243 57 fortunes.
2212 2521 121 57 The
2359 2523 124 57 wife
2511 2524 262 67 awakens,
2803 2525 125 74 begs

1547 2597 90 59 her
1675 2596 239 59 husband
1963 2613 87 40 not
2090 2613 50 40 to
2187 2622 66 50 go
2300 2599 105 57 and
2446 2601 52 55 in
2545 2599 117 58 final
2702 2617 229 58 entreaty

1547 2672 175 73 places
1769 2671 91 59 her
1919 2671 141 57 child
2113 2695 173 35 across
2342 2672 86 59 the
2475 2674 279 61 threshold.
2833 2677 98 58 But

1545 2747 87 57 the
1679 2747 244 77 gambler,
1972 2747 292 73 desperate,
2321 2747 190 60 throws
2558 2750 86 58 the
2692 2751 140 59 child
2879 2768 49 40 to

1545 2824 87 57 the
1671 2822 215 66 mother,
1917 2822 121 59 who
2079 2822 208 57 catches
2312 2826 40 55 it
2391 2827 52 55 in
2479 2825 91 58 her
2598 2850 150 34 arms.
2809 2827 119 57 The

1547 2897 141 59 child
1731 2921 109 33 was
1879 2897 122 57 then
2042 2898 263 73 supposed
2347 2915 52 41 to
2439 2925 173 48 weep.
2693 2902 100 59 But
2831 2926 97 35 one

1547 2973 158 75 night,
1735 2973 85 58 the
1848 2973 196 58 mother
2048 2976 270 71 played
2345 2976 70 72 by
2446 2977 272 76 Signorina
2747 2978 151 58 Santa-

1548 3048 187 57 licante
1745 3047 228 58 failed
2024 3062 52 43 to
2118 3048 151 59 catch
2315 3051 86 57 the
2442 3051 119 74 boy,
2593 3052 104 57 and
2737 3052 66 59 he
2842 3053 86 58 fell

1547 3149 66 33 on
1642 3125 85 57 the
1756 3138 145 60 stage
1940 3125 248 76 bumping
2216 3125 76 57 his
2320 3150 130 34 nose
2490 3152 56 33 so
2575 3128 106 59 that
2720 3131 37 54 it
2786 3130 140 57 bled.

1547 3199 120 58 The
1714 3199 275 65 audience,
2044 3215 89 42 not
2197 3199 244 78 knowing
2493 3203 98 57 this
2644 3220 51 42 to
2748 3205 69 57 be
2865 3229 63 31 an

1548 3273 255 67 accident,
1846 3273 214 75 thought
2112 3274 84 58 the
2236 3276 188 58 child's
2466 3292 131 43 tears
2639 3304 56 31 so
2735 3279 193 59 natural

1547 3351 105 57 that
1689 3349 143 57 there
1872 3373 141 33 were
2053 3352 252 72 repeated
2409 3353 124 57 calls

1662 3424 144 56 Soon
1844 3424 127 56 after
2010 3424 95 57 this
2147 3427 220 71 episode
2408 3428 274 58 Cecchetti
2724 3453 169 33 accom-

1548 3500 190 73 panied
1788 3500 76 56 his
1916 3499 163 57 father
2124 3500 103 58 and
2276 3503 195 58 mother
2521 3530 67 33 on
2641 3531 30 32 a
2724 3521 110 43 tour
2879 3521 49 42 to

1549 3577 268 63 America,
1845 3574 122 75 they
2005 3574 187 75 having
2231 3577 137 59 been
2403 3580 240 75 engaged
2676 3606 56 32 as
2770 3606 118 33 mem-

1548 3650 118 57 bers
1705 3649 52 58 of
1807 3674 30 33 a
1883 3674 255 49 company
2188 3655 278 73 organised
2518 3657 70 73 by
2639 3682 30 32 a
2714 3658 184 56 dancer-

1549 3728 296 70 impresario
1873 3724 168 58 called
2069 3726 250 60 Ronsani.
2387 3732 93 57 On
2513 3732 86 58 the
2631 3732 299 75 company's

1549 3817 168 42 return
1743 3815 53 41 to
1830 3800 141 74 Italy,
2008 3801 321 60 Cecchetti's
2361 3804 162 60 father
2550 3832 108 33 was
2691 3807 237 76 engaged

1550 3893 50 42 at
1644 3878 87 56 the
1777 3876 187 58 Victor
2011 3876 307 61 Emmanuel
2358 3880 248 69 Theatre,
2654 3883 182 67 Turin,
2879 3897 51 42 to

1550 3968 143 58 stage
1721 3951 110 57 four
1858 3950 331 72 productions
2216 3979 30 31 a
2274 3979 139 47 year.
2466 3958 93 57 He
2589 3973 162 43 wrote
2779 3982 151 48 many

1550 4029 183 57 ballets
1780 4026 126 57 such
1956 4052 54 30 as
2057 4026 109 59 The
2206 4029 206 70 Miller,
2462 4034 328 70 Christopher
2908 4067 19 11 -

1556 4102 199 59 lumhus
1794 4101 101 59 and
1942 4101 109 59 The
2091 4102 276 72 Mysteries
2406 4110 69 67 of
2505 4110 169 57 Paris.

1666 4179 119 58 The
1825 4177 138 75 early
2001 4177 441 74 eighteen-sixties
2481 4185 256 73 provided
2777 4208 151 50 many
