<?xml version="1.0" encoding="UTF-8"?>
<alto xmlns:xsi="http://www.w3.org/2001/XMLSchema-instance" xmlns="http://www.loc.gov/standards/alto/ns-v2#" xsi:schemaLocation="http://www.loc.gov/standards/alto/ns-v2# http://www.loc.gov/standards/alto/v2/alto-2-0.xsd" xmlns:xlink="http://www.w3.org/1999/xlink">
	<Description>
		<MeasurementUnit>mm10</MeasurementUnit>
		<sourceImageInformation>
			<fileName>./bmtnabr_1916-04_01_0034.jp2</fileName>
		</sourceImageInformation>
		<OCRProcessing ID="OCRPROCESSING_1">
			<preProcessingStep>
				<processingSoftware>
					<softwareCreator>CCS Content Conversion Specialists GmbH, Germany</softwareCreator>
					<softwareName>CCS docWorks</softwareName>
					<softwareVersion>6.8-1.27</softwareVersion>
				</processingSoftware>
			</preProcessingStep>
			<ocrProcessingStep>
				<processingSoftware>
					<softwareCreator>ABBYY (BIT Software), Russia</softwareCreator>
					<softwareName>FineReader</softwareName>
					<softwareVersion>11.0</softwareVersion>
				</processingSoftware>
			</ocrProcessingStep>
			<postProcessingStep>
				<processingSoftware>
					<softwareCreator>CCS Content Conversion Specialists GmbH, Germany</softwareCreator>
					<softwareName>CCS docWorks</softwareName>
					<softwareVersion>6.8-1.27</softwareVersion>
					<applicationDescription>docWorks: Text modified manually, or automatically replaced</applicationDescription>
				</processingSoftware>
			</postProcessingStep>
		</OCRProcessing>
	</Description>
	<Styles>
		<TextStyle ID="TXT_0" FONTSIZE="29" FONTFAMILY="Times New Roman"/>
		<TextStyle ID="TXT_1" FONTSIZE="20" FONTFAMILY="Times New Roman" FONTSTYLE="italics"/>
		<TextStyle ID="TXT_2" FONTSIZE="24" FONTFAMILY="Times New Roman"/>
		<TextStyle ID="TXT_3" FONTSIZE="18" FONTFAMILY="Times New Roman" FONTSTYLE="bold"/>
		<TextStyle ID="TXT_4" FONTSIZE="24" FONTFAMILY="Times New Roman" FONTSTYLE="bold"/>
		<ParagraphStyle ID="PAR_LEFT" ALIGN="Left"/>
		<ParagraphStyle ID="PAR_RIGHT" ALIGN="Right"/>
	</Styles>
	<Layout>
		<Page ID="P34" PHYSICAL_IMG_NR="34" HEIGHT="4572" WIDTH="3205" PRINTED_IMG_NR="30" PC="0.962">
			<TopMargin ID="P34_TM00001" HPOS="0" VPOS="0" WIDTH="3205" HEIGHT="493">
				<TextBlock ID="P34_TB00001" HPOS="667" VPOS="429" WIDTH="70" HEIGHT="59" STYLEREFS="TXT_0 PAR_LEFT">
					<TextLine ID="P34_TL00001" HPOS="667" VPOS="429" WIDTH="70" HEIGHT="59">
						<String ID="P34_ST00001" HPOS="667" VPOS="429" WIDTH="70" HEIGHT="59" CONTENT="30" WC="1.00" CC="00"/>
					</TextLine>
				</TextBlock>
				<TextBlock ID="P34_TB00002" HPOS="1325" VPOS="436" WIDTH="914" HEIGHT="55" STYLEREFS="TXT_1 PAR_RIGHT">
					<TextLine ID="P34_TL00002" HPOS="1326" VPOS="437" WIDTH="913" HEIGHT="54">
						<String ID="P34_ST00002" HPOS="1326" VPOS="438" WIDTH="128" HEIGHT="53" CONTENT="Carl" WC="1.00" CC="0000"/>
						<SP ID="P34_SP00001" HPOS="1454" VPOS="491" WIDTH="24"/>
						<String ID="P34_ST00003" HPOS="1478" VPOS="437" WIDTH="301" HEIGHT="53" CONTENT="Sternheim" WC="0.99" CC="040610505"/>
						<SP ID="P34_SP00002" HPOS="1779" VPOS="491" WIDTH="26"/>
						<String ID="P34_ST00004" HPOS="1805" VPOS="449" WIDTH="20" HEIGHT="28" CONTENT="*" WC="1.00" CC="0"/>
						<SP ID="P34_SP00003" HPOS="1825" VPOS="491" WIDTH="29"/>
						<String ID="P34_ST00005" HPOS="1854" VPOS="439" WIDTH="209" HEIGHT="51" CONTENT="Tabula" WC="0.98" CC="054405"/>
						<SP ID="P34_SP00004" HPOS="2063" VPOS="491" WIDTH="29"/>
						<String ID="P34_ST00006" HPOS="2092" VPOS="439" WIDTH="147" HEIGHT="52" CONTENT="Rasa" WC="0.96" CC="0908"/>
					</TextLine>
				</TextBlock>
			</TopMargin>
			<LeftMargin ID="P34_LM00001" HPOS="0" VPOS="493" WIDTH="647" HEIGHT="3521"/>
			<RightMargin ID="P34_RM00001" HPOS="2897" VPOS="493" WIDTH="308" HEIGHT="3521"/>
			<BottomMargin ID="P34_BM00001" HPOS="0" VPOS="4014" WIDTH="3205" HEIGHT="558"/>
			<PrintSpace ID="P34_PS00001" HPOS="647" VPOS="493" WIDTH="2250" HEIGHT="3521">
				<TextBlock ID="P34_TB00003" HPOS="647" VPOS="632" WIDTH="2250" HEIGHT="3342" STYLEREFS="TXT_2 PAR_RIGHT">
					<TextLine ID="P34_TL00003" HPOS="752" VPOS="634" WIDTH="1041" HEIGHT="74">
						<String ID="P34_ST00007" HPOS="752" VPOS="634" WIDTH="298" HEIGHT="72" CONTENT="Isolde:" WC="0.99" CC="5002700"/>
						<SP ID="P34_SP00005" HPOS="1050" VPOS="706" WIDTH="36"/>
						<String ID="P34_ST00008" HPOS="1086" VPOS="635" WIDTH="265" HEIGHT="73" CONTENT="Schiller" WC="0.99" CC="00762401"/>
						<SP ID="P34_SP00006" HPOS="1351" VPOS="708" WIDTH="42"/>
						<String ID="P34_ST00009" HPOS="1393" VPOS="639" WIDTH="80" HEIGHT="67" CONTENT="ist" WC="0.98" CC="600"/>
						<SP ID="P34_SP00007" HPOS="1473" VPOS="708" WIDTH="43"/>
						<String ID="P34_ST00010" HPOS="1516" VPOS="637" WIDTH="277" HEIGHT="71" CONTENT="veraltet." WC="0.99" CC="006040003"/>
					</TextLine>
					<TextLine ID="P34_TL00004" HPOS="748" VPOS="726" WIDTH="2149" HEIGHT="91">
						<String ID="P34_ST00011" HPOS="748" VPOS="726" WIDTH="377" HEIGHT="73" CONTENT="Stander:" WC="0.99" CC="00049002"/>
						<SP ID="P34_SP00008" HPOS="1125" VPOS="799" WIDTH="28"/>
						<String ID="P34_ST00012" HPOS="1153" VPOS="728" WIDTH="273" HEIGHT="85" CONTENT="Erprobt" WC="0.99" CC="0400070"/>
						<SP ID="P34_SP00009" HPOS="1426" VPOS="813" WIDTH="25"/>
						<String ID="P34_ST00013" HPOS="1451" VPOS="732" WIDTH="79" HEIGHT="67" CONTENT="ist" WC="0.97" CC="700"/>
						<SP ID="P34_SP00010" HPOS="1530" VPOS="813" WIDTH="26"/>
						<String ID="P34_ST00014" HPOS="1556" VPOS="756" WIDTH="86" HEIGHT="43" CONTENT="er." WC="0.99" CC="002"/>
						<SP ID="P34_SP00011" HPOS="1642" VPOS="813" WIDTH="49"/>
						<String ID="P34_ST00015" HPOS="1691" VPOS="729" WIDTH="147" HEIGHT="70" CONTENT="Was" WC="0.98" CC="500"/>
						<SP ID="P34_SP00012" HPOS="1838" VPOS="813" WIDTH="26"/>
						<String ID="P34_ST00016" HPOS="1864" VPOS="729" WIDTH="167" HEIGHT="71" CONTENT="kann" WC="0.99" CC="3000"/>
						<SP ID="P34_SP00013" HPOS="2031" VPOS="813" WIDTH="24"/>
						<String ID="P34_ST00017" HPOS="2055" VPOS="731" WIDTH="318" HEIGHT="71" CONTENT="Vernunft" WC="0.99" CC="00006160"/>
						<SP ID="P34_SP00014" HPOS="2373" VPOS="813" WIDTH="25"/>
						<String ID="P34_ST00018" HPOS="2398" VPOS="762" WIDTH="196" HEIGHT="55" CONTENT="gegen" WC="0.98" CC="50502"/>
						<SP ID="P34_SP00015" HPOS="2594" VPOS="817" WIDTH="26"/>
						<String ID="P34_ST00019" HPOS="2620" VPOS="732" WIDTH="112" HEIGHT="71" CONTENT="das" WC="1.00" CC="000"/>
						<SP ID="P34_SP00016" HPOS="2732" VPOS="817" WIDTH="25"/>
						<String ID="P34_ST00020" HPOS="2757" VPOS="734" WIDTH="140" HEIGHT="70" CONTENT="eine" WC="0.97" CC="0650"/>
					</TextLine>
					<TextLine ID="P34_TL00005" HPOS="665" VPOS="817" WIDTH="2232" HEIGHT="84">
						<String ID="P34_ST00021" HPOS="665" VPOS="817" WIDTH="210" HEIGHT="74" CONTENT="Wort:" WC="0.98" CC="90104"/>
						<SP ID="P34_SP00017" HPOS="875" VPOS="891" WIDTH="46"/>
						<String ID="P34_ST00022" HPOS="921" VPOS="821" WIDTH="191" HEIGHT="70" CONTENT="Ehret" WC="0.98" CC="07401"/>
						<SP ID="P34_SP00018" HPOS="1112" VPOS="891" WIDTH="45"/>
						<String ID="P34_ST00023" HPOS="1157" VPOS="822" WIDTH="103" HEIGHT="70" CONTENT="die" WC="0.97" CC="070"/>
						<SP ID="P34_SP00019" HPOS="1260" VPOS="892" WIDTH="44"/>
						<String ID="P34_ST00024" HPOS="1304" VPOS="821" WIDTH="264" HEIGHT="80" CONTENT="Frauen," WC="0.99" CC="3405000"/>
						<SP ID="P34_SP00020" HPOS="1568" VPOS="901" WIDTH="45"/>
						<String ID="P34_ST00025" HPOS="1613" VPOS="823" WIDTH="90" HEIGHT="69" CONTENT="sie" WC="0.98" CC="060"/>
						<SP ID="P34_SP00021" HPOS="1703" VPOS="901" WIDTH="43"/>
						<String ID="P34_ST00026" HPOS="1746" VPOS="821" WIDTH="274" HEIGHT="72" CONTENT="flechten" WC="0.99" CC="64000003"/>
						<SP ID="P34_SP00022" HPOS="2020" VPOS="901" WIDTH="44"/>
						<String ID="P34_ST00027" HPOS="2064" VPOS="825" WIDTH="137" HEIGHT="69" CONTENT="und" WC="0.97" CC="520"/>
						<SP ID="P34_SP00023" HPOS="2201" VPOS="901" WIDTH="42"/>
						<String ID="P34_ST00028" HPOS="2243" VPOS="826" WIDTH="265" HEIGHT="70" CONTENT="weben?" WC="0.99" CC="007006"/>
						<SP ID="P34_SP00024" HPOS="2508" VPOS="901" WIDTH="66"/>
						<String ID="P34_ST00029" HPOS="2574" VPOS="825" WIDTH="90" HEIGHT="71" CONTENT="So" WC="1.00" CC="00"/>
						<SP ID="P34_SP00025" HPOS="2664" VPOS="901" WIDTH="42"/>
						<String ID="P34_ST00030" HPOS="2706" VPOS="845" WIDTH="191" HEIGHT="52" CONTENT="etwas" WC="0.99" CC="30200"/>
					</TextLine>
					<TextLine ID="P34_TL00006" HPOS="664" VPOS="913" WIDTH="2233" HEIGHT="77">
						<String ID="P34_ST00031" HPOS="664" VPOS="913" WIDTH="182" HEIGHT="69" CONTENT="wirkt" WC="0.98" CC="06044"/>
						<SP ID="P34_SP00026" HPOS="846" VPOS="982" WIDTH="38"/>
						<String ID="P34_ST00032" HPOS="884" VPOS="915" WIDTH="86" HEIGHT="68" CONTENT="im" WC="0.69" CC="60"/>
						<SP ID="P34_SP00027" HPOS="970" VPOS="983" WIDTH="39"/>
						<String ID="P34_ST00033" HPOS="1009" VPOS="915" WIDTH="300" HEIGHT="70" CONTENT="Streitfall" WC="0.99" CC="0000636053"/>
						<SP ID="P34_SP00028" HPOS="1309" VPOS="985" WIDTH="38"/>
						<String ID="P34_ST00034" HPOS="1347" VPOS="917" WIDTH="117" HEIGHT="68" CONTENT="wie" WC="0.98" CC="060"/>
						<SP ID="P34_SP00029" HPOS="1464" VPOS="985" WIDTH="38"/>
						<String ID="P34_ST00035" HPOS="1502" VPOS="915" WIDTH="549" HEIGHT="71" CONTENT="bombensicheres" WC="1.00" CC="00100606070000"/>
						<SP ID="P34_SP00030" HPOS="2051" VPOS="986" WIDTH="39"/>
						<String ID="P34_ST00036" HPOS="2090" VPOS="917" WIDTH="329" HEIGHT="73" CONTENT="Bollwerk." WC="0.99" CC="007500500"/>
						<SP ID="P34_SP00031" HPOS="2419" VPOS="990" WIDTH="61"/>
						<String ID="P34_ST00037" HPOS="2480" VPOS="919" WIDTH="103" HEIGHT="71" CONTENT="Da" WC="0.81" CC="30"/>
						<SP ID="P34_SP00032" HPOS="2583" VPOS="990" WIDTH="38"/>
						<String ID="P34_ST00038" HPOS="2621" VPOS="919" WIDTH="89" HEIGHT="71" CONTENT="du" WC="0.81" CC="03"/>
						<SP ID="P34_SP00033" HPOS="2710" VPOS="990" WIDTH="38"/>
						<String ID="P34_ST00039" HPOS="2748" VPOS="920" WIDTH="149" HEIGHT="70" CONTENT="dich" WC="0.99" CC="0600"/>
					</TextLine>
					<TextLine ID="P34_TL00007" HPOS="664" VPOS="1006" WIDTH="2230" HEIGHT="85">
						<String ID="P34_ST00040" HPOS="664" VPOS="1006" WIDTH="352" HEIGHT="85" CONTENT="unbedingt" WC="0.99" CC="077007204"/>
						<SP ID="P34_SP00034" HPOS="1016" VPOS="1091" WIDTH="52"/>
						<String ID="P34_ST00041" HPOS="1068" VPOS="1037" WIDTH="124" HEIGHT="40" CONTENT="von" WC="0.99" CC="100"/>
						<SP ID="P34_SP00035" HPOS="1192" VPOS="1091" WIDTH="54"/>
						<String ID="P34_ST00042" HPOS="1246" VPOS="1007" WIDTH="250" HEIGHT="70" CONTENT="deinem" WC="0.99" CC="007600"/>
						<SP ID="P34_SP00036" HPOS="1496" VPOS="1091" WIDTH="54"/>
						<String ID="P34_ST00043" HPOS="1550" VPOS="1007" WIDTH="206" HEIGHT="70" CONTENT="Mann" WC="0.99" CC="0030"/>
						<SP ID="P34_SP00037" HPOS="1756" VPOS="1091" WIDTH="54"/>
						<String ID="P34_ST00044" HPOS="1810" VPOS="1021" WIDTH="243" HEIGHT="59" CONTENT="mästen" WC="1.00" CC="030000"/>
						<SP ID="P34_SP00038" HPOS="2053" VPOS="1091" WIDTH="52"/>
						<String ID="P34_ST00045" HPOS="2105" VPOS="1010" WIDTH="187" HEIGHT="71" CONTENT="willst" WC="0.98" CC="075400"/>
						<SP ID="P34_SP00039" HPOS="2292" VPOS="1091" WIDTH="186"/>
						<String ID="P34_ST00046" HPOS="2478" VPOS="1013" WIDTH="133" HEIGHT="69" CONTENT="sieh" WC="0.97" CC="0507"/>
						<SP ID="P34_SP00040" HPOS="2611" VPOS="1091" WIDTH="55"/>
						<String ID="P34_ST00047" HPOS="2666" VPOS="1013" WIDTH="228" HEIGHT="69" CONTENT="deinen" WC="1.00" CC="006000"/>
					</TextLine>
					<TextLine ID="P34_TL00008" HPOS="663" VPOS="1098" WIDTH="216" HEIGHT="69">
						<String ID="P34_ST00048" HPOS="663" VPOS="1098" WIDTH="216" HEIGHT="69" CONTENT="Bauch" WC="0.99" CC="30300"/>
						<SP ID="P34_SP00041" HPOS="879" VPOS="1167" WIDTH="0"/>
					</TextLine>
					<TextLine ID="P34_TL00009" HPOS="748" VPOS="1190" WIDTH="2146" HEIGHT="87">
						<String ID="P34_ST00049" HPOS="748" VPOS="1190" WIDTH="297" HEIGHT="71" CONTENT="Isolde:" WC="0.99" CC="6005000"/>
						<SP ID="P34_SP00042" HPOS="1045" VPOS="1261" WIDTH="46"/>
						<String ID="P34_ST00050" HPOS="1091" VPOS="1192" WIDTH="108" HEIGHT="69" CONTENT="Ich" WC="1.00" CC="000"/>
						<SP ID="P34_SP00043" HPOS="1199" VPOS="1261" WIDTH="43"/>
						<String ID="P34_ST00051" HPOS="1242" VPOS="1192" WIDTH="162" HEIGHT="69" CONTENT="habe" WC="0.98" CC="0070"/>
						<SP ID="P34_SP00044" HPOS="1404" VPOS="1261" WIDTH="42"/>
						<String ID="P34_ST00052" HPOS="1446" VPOS="1192" WIDTH="141" HEIGHT="71" CONTENT="kein" WC="0.98" CC="0063"/>
						<SP ID="P34_SP00045" HPOS="1587" VPOS="1263" WIDTH="49"/>
						<String ID="P34_ST00053" HPOS="1636" VPOS="1193" WIDTH="257" HEIGHT="71" CONTENT="Korsett" WC="1.00" CC="5000000"/>
						<SP ID="P34_SP00046" HPOS="1893" VPOS="1264" WIDTH="41"/>
						<String ID="P34_ST00054" HPOS="1934" VPOS="1225" WIDTH="104" HEIGHT="40" CONTENT="an." WC="0.98" CC="004"/>
						<SP ID="P34_SP00047" HPOS="2038" VPOS="1265" WIDTH="56"/>
						<String ID="P34_ST00055" HPOS="2094" VPOS="1209" WIDTH="112" HEIGHT="68" CONTENT="(Sie" WC="0.98" CC="0070" STYLEREFS="TXT_3"/>
						<SP ID="P34_SP00048" HPOS="2206" VPOS="1277" WIDTH="48"/>
						<String ID="P34_ST00056" HPOS="2254" VPOS="1222" WIDTH="174" HEIGHT="48" CONTENT="räumt" WC="0.98" CC="51004" STYLEREFS="TXT_3"/>
						<SP ID="P34_SP00049" HPOS="2428" VPOS="1277" WIDTH="46"/>
						<String ID="P34_ST00057" HPOS="2474" VPOS="1211" WIDTH="101" HEIGHT="59" CONTENT="den" WC="0.97" CC="700" STYLEREFS="TXT_3"/>
						<SP ID="P34_SP00050" HPOS="2575" VPOS="1277" WIDTH="47"/>
						<String ID="P34_ST00058" HPOS="2622" VPOS="1212" WIDTH="163" HEIGHT="58" CONTENT="Tisch" WC="0.98" CC="16007" STYLEREFS="TXT_3"/>
						<SP ID="P34_SP00051" HPOS="2785" VPOS="1277" WIDTH="41"/>
						<String ID="P34_ST00059" HPOS="2826" VPOS="1212" WIDTH="68" HEIGHT="58" CONTENT="ab" WC="0.54" CC="26" STYLEREFS="TXT_3"/>
					</TextLine>
					<TextLine ID="P34_TL00010" HPOS="660" VPOS="1297" WIDTH="1313" HEIGHT="81">
						<String ID="P34_ST00060" HPOS="660" VPOS="1298" WIDTH="111" HEIGHT="56" CONTENT="und" WC="0.96" CC="009" STYLEREFS="TXT_3"/>
						<SP ID="P34_SP00052" HPOS="771" VPOS="1354" WIDTH="26"/>
						<String ID="P34_ST00061" HPOS="797" VPOS="1297" WIDTH="173" HEIGHT="69" CONTENT="bringt" WC="0.97" CC="757115" STYLEREFS="TXT_3"/>
						<SP ID="P34_SP00053" HPOS="970" VPOS="1366" WIDTH="28"/>
						<String ID="P34_ST00062" HPOS="998" VPOS="1300" WIDTH="90" HEIGHT="55" CONTENT="das" WC="0.99" CC="001" STYLEREFS="TXT_3"/>
						<SP ID="P34_SP00054" HPOS="1088" VPOS="1366" WIDTH="27"/>
						<String ID="P34_ST00063" HPOS="1115" VPOS="1297" WIDTH="230" HEIGHT="58" CONTENT="Zimmer" WC="0.98" CC="269006" STYLEREFS="TXT_3"/>
						<SP ID="P34_SP00055" HPOS="1345" VPOS="1366" WIDTH="25"/>
						<String ID="P34_ST00064" HPOS="1370" VPOS="1301" WIDTH="192" HEIGHT="57" CONTENT="wieder" WC="0.98" CC="970000" STYLEREFS="TXT_3"/>
						<SP ID="P34_SP00056" HPOS="1562" VPOS="1366" WIDTH="24"/>
						<String ID="P34_ST00065" HPOS="1586" VPOS="1302" WIDTH="55" HEIGHT="56" CONTENT="in" WC="0.69" CC="60" STYLEREFS="TXT_3"/>
						<SP ID="P34_SP00057" HPOS="1641" VPOS="1366" WIDTH="29"/>
						<String ID="P34_ST00066" HPOS="1670" VPOS="1301" WIDTH="303" HEIGHT="77" CONTENT="Ordnung.)" WC="1.00" CC="010000530" STYLEREFS="TXT_3"/>
					</TextLine>
					<TextLine ID="P34_TL00011" HPOS="742" VPOS="1376" WIDTH="2151" HEIGHT="78">
						<String ID="P34_ST00067" HPOS="742" VPOS="1376" WIDTH="375" HEIGHT="72" CONTENT="Ständer:" WC="1.00" CC="03010000"/>
						<SP ID="P34_SP00058" HPOS="1117" VPOS="1448" WIDTH="44"/>
						<String ID="P34_ST00068" HPOS="1161" VPOS="1378" WIDTH="111" HEIGHT="70" CONTENT="Du" WC="0.75" CC="40"/>
						<SP ID="P34_SP00059" HPOS="1272" VPOS="1448" WIDTH="42"/>
						<String ID="P34_ST00069" HPOS="1314" VPOS="1378" WIDTH="126" HEIGHT="71" CONTENT="bist" WC="0.99" CC="0600"/>
						<SP ID="P34_SP00060" HPOS="1440" VPOS="1449" WIDTH="42"/>
						<String ID="P34_ST00070" HPOS="1482" VPOS="1381" WIDTH="142" HEIGHT="70" CONTENT="eine" WC="0.98" CC="0700"/>
						<SP ID="P34_SP00061" HPOS="1624" VPOS="1451" WIDTH="42"/>
						<String ID="P34_ST00071" HPOS="1666" VPOS="1380" WIDTH="318" HEIGHT="72" CONTENT="Fresserin" WC="1.00" CC="400000160"/>
						<SP ID="P34_SP00062" HPOS="1984" VPOS="1452" WIDTH="40"/>
						<String ID="P34_ST00072" HPOS="2024" VPOS="1382" WIDTH="137" HEIGHT="70" CONTENT="und" WC="0.98" CC="500"/>
						<SP ID="P34_SP00063" HPOS="2161" VPOS="1452" WIDTH="41"/>
						<String ID="P34_ST00073" HPOS="2202" VPOS="1382" WIDTH="207" HEIGHT="71" CONTENT="nichts" WC="0.98" CC="360700"/>
						<SP ID="P34_SP00064" HPOS="2409" VPOS="1453" WIDTH="42"/>
						<String ID="P34_ST00074" HPOS="2451" VPOS="1383" WIDTH="159" HEIGHT="71" CONTENT="wird" WC="0.99" CC="0600"/>
						<SP ID="P34_SP00065" HPOS="2610" VPOS="1454" WIDTH="40"/>
						<String ID="P34_ST00075" HPOS="2650" VPOS="1383" WIDTH="112" HEIGHT="71" CONTENT="ihn" WC="0.98" CC="600"/>
						<SP ID="P34_SP00066" HPOS="2762" VPOS="1454" WIDTH="42"/>
						<String ID="P34_ST00076" HPOS="2804" VPOS="1386" WIDTH="89" HEIGHT="68" CONTENT="im" WC="0.68" CC="60"/>
					</TextLine>
					<TextLine ID="P34_TL00012" HPOS="660" VPOS="1467" WIDTH="706" HEIGHT="74">
						<String ID="P34_ST00077" HPOS="660" VPOS="1467" WIDTH="367" HEIGHT="71" CONTENT="Wachstum" WC="1.00" CC="00000060"/>
						<SP ID="P34_SP00067" HPOS="1027" VPOS="1538" WIDTH="45"/>
						<String ID="P34_ST00078" HPOS="1072" VPOS="1470" WIDTH="294" HEIGHT="71" CONTENT="hindern." WC="0.99" CC="06500502"/>
					</TextLine>
					<TextLine ID="P34_TL00013" HPOS="743" VPOS="1561" WIDTH="2150" HEIGHT="89">
						<String ID="P34_ST00079" HPOS="743" VPOS="1561" WIDTH="299" HEIGHT="73" CONTENT="Isolde:" WC="1.00" CC="0040000"/>
						<SP ID="P34_SP00068" HPOS="1042" VPOS="1634" WIDTH="46"/>
						<String ID="P34_ST00080" HPOS="1088" VPOS="1562" WIDTH="158" HEIGHT="72" CONTENT="Und" WC="0.99" CC="200"/>
						<SP ID="P34_SP00069" HPOS="1246" VPOS="1634" WIDTH="42"/>
						<String ID="P34_ST00081" HPOS="1288" VPOS="1566" WIDTH="209" HEIGHT="69" CONTENT="meine" WC="0.99" CC="00500"/>
						<SP ID="P34_SP00070" HPOS="1497" VPOS="1635" WIDTH="41"/>
						<String ID="P34_ST00082" HPOS="1538" VPOS="1565" WIDTH="546" HEIGHT="85" CONTENT="ausgeschnittene" WC="1.00" CC="000000005700000"/>
						<SP ID="P34_SP00071" HPOS="2084" VPOS="1650" WIDTH="42"/>
						<String ID="P34_ST00083" HPOS="2126" VPOS="1566" WIDTH="230" HEIGHT="73" CONTENT="Blouse" WC="0.76" CC="152500"/>
						<SP ID="P34_SP00072" HPOS="2356" VPOS="1650" WIDTH="42"/>
						<String ID="P34_ST00084" HPOS="2398" VPOS="1568" WIDTH="133" HEIGHT="71" CONTENT="fürs" WC="0.98" CC="5030"/>
						<SP ID="P34_SP00073" HPOS="2531" VPOS="1650" WIDTH="48"/>
						<String ID="P34_ST00085" HPOS="2579" VPOS="1568" WIDTH="167" HEIGHT="81" CONTENT="Fest," WC="1.00" CC="00000"/>
						<SP ID="P34_SP00074" HPOS="2746" VPOS="1650" WIDTH="44"/>
						<String ID="P34_ST00086" HPOS="2790" VPOS="1569" WIDTH="103" HEIGHT="70" CONTENT="die" WC="0.97" CC="070"/>
					</TextLine>
					<TextLine ID="P34_TL00014" HPOS="658" VPOS="1654" WIDTH="1580" HEIGHT="90">
						<String ID="P34_ST00087" HPOS="658" VPOS="1654" WIDTH="195" HEIGHT="71" CONTENT="schon" WC="1.00" CC="00000"/>
						<SP ID="P34_SP00075" HPOS="853" VPOS="1725" WIDTH="45"/>
						<String ID="P34_ST00088" HPOS="898" VPOS="1686" WIDTH="164" HEIGHT="40" CONTENT="neue" WC="0.99" CC="0050"/>
						<SP ID="P34_SP00076" HPOS="1062" VPOS="1726" WIDTH="43"/>
						<String ID="P34_ST00089" HPOS="1105" VPOS="1656" WIDTH="297" HEIGHT="73" CONTENT="Rüschen" WC="1.00" CC="0000000"/>
						<SP ID="P34_SP00077" HPOS="1402" VPOS="1729" WIDTH="44"/>
						<String ID="P34_ST00090" HPOS="1446" VPOS="1658" WIDTH="107" HEIGHT="71" CONTENT="hat" WC="1.00" CC="000"/>
						<SP ID="P34_SP00078" HPOS="1553" VPOS="1729" WIDTH="42"/>
						<String ID="P34_ST00091" HPOS="1595" VPOS="1659" WIDTH="136" HEIGHT="70" CONTENT="und" WC="0.97" CC="700"/>
						<SP ID="P34_SP00079" HPOS="1731" VPOS="1729" WIDTH="42"/>
						<String ID="P34_ST00092" HPOS="1773" VPOS="1659" WIDTH="298" HEIGHT="85" CONTENT="geplättet" WC="1.00" CC="001500000"/>
						<SP ID="P34_SP00080" HPOS="2071" VPOS="1744" WIDTH="42"/>
						<String ID="P34_ST00093" HPOS="2113" VPOS="1663" WIDTH="125" HEIGHT="68" CONTENT="ist?" WC="0.97" CC="6009"/>
					</TextLine>
					<TextLine ID="P34_TL00015" HPOS="739" VPOS="1747" WIDTH="2151" HEIGHT="86">
						<String ID="P34_ST00094" HPOS="739" VPOS="1747" WIDTH="378" HEIGHT="72" CONTENT="Ständer:" WC="1.00" CC="00000100"/>
						<SP ID="P34_SP00081" HPOS="1117" VPOS="1819" WIDTH="44"/>
						<String ID="P34_ST00095" HPOS="1161" VPOS="1749" WIDTH="167" HEIGHT="71" CONTENT="Kein" WC="0.97" CC="5053"/>
						<SP ID="P34_SP00082" HPOS="1328" VPOS="1820" WIDTH="38"/>
						<String ID="P34_ST00096" HPOS="1366" VPOS="1750" WIDTH="182" HEIGHT="70" CONTENT="Wort" WC="1.00" CC="0000"/>
						<SP ID="P34_SP00083" HPOS="1548" VPOS="1820" WIDTH="38"/>
						<String ID="P34_ST00097" HPOS="1586" VPOS="1752" WIDTH="179" HEIGHT="70" CONTENT="mehr" WC="1.00" CC="0002"/>
						<SP ID="P34_SP00084" HPOS="1765" VPOS="1822" WIDTH="37"/>
						<String ID="P34_ST00098" HPOS="1802" VPOS="1752" WIDTH="230" HEIGHT="71" CONTENT="davon." WC="1.00" CC="000003"/>
						<SP ID="P34_SP00085" HPOS="2032" VPOS="1823" WIDTH="61"/>
						<String ID="P34_ST00099" HPOS="2093" VPOS="1752" WIDTH="247" HEIGHT="72" CONTENT="Wollen" WC="0.99" CC="003300"/>
						<SP ID="P34_SP00086" HPOS="2340" VPOS="1824" WIDTH="40"/>
						<String ID="P34_ST00100" HPOS="2380" VPOS="1753" WIDTH="214" HEIGHT="80" CONTENT="sehen," WC="0.99" CC="000053"/>
						<SP ID="P34_SP00087" HPOS="2594" VPOS="1833" WIDTH="41"/>
						<String ID="P34_ST00101" HPOS="2635" VPOS="1754" WIDTH="84" HEIGHT="70" CONTENT="ob" WC="0.64" CC="07"/>
						<SP ID="P34_SP00088" HPOS="2719" VPOS="1833" WIDTH="41"/>
						<String ID="P34_ST00102" HPOS="2760" VPOS="1753" WIDTH="87" HEIGHT="71" CONTENT="Ge" SUBS_TYPE="HypPart1" SUBS_CONTENT="Gerechtigkeit" WC="0.98" CC="00"/>
						<HYP HPOS="2847" VPOS="1753" WIDTH="43" CONTENT="-"/>
					</TextLine>
					<TextLine ID="P34_TL00016" HPOS="656" VPOS="1841" WIDTH="2237" HEIGHT="85">
						<String ID="P34_ST00103" HPOS="656" VPOS="1841" WIDTH="367" HEIGHT="85" CONTENT="rechtigkeit" SUBS_TYPE="HypPart2" SUBS_CONTENT="Gerechtigkeit" WC="1.00" CC="00060700070"/>
						<SP ID="P34_SP00089" HPOS="1023" VPOS="1926" WIDTH="40"/>
						<String ID="P34_ST00104" HPOS="1063" VPOS="1842" WIDTH="232" HEIGHT="81" CONTENT="zuläßt," WC="1.00" CC="0230000"/>
						<SP ID="P34_SP00090" HPOS="1295" VPOS="1926" WIDTH="41"/>
						<String ID="P34_ST00105" HPOS="1336" VPOS="1844" WIDTH="298" HEIGHT="70" CONTENT="während" WC="1.00" CC="0005100"/>
						<SP ID="P34_SP00091" HPOS="1634" VPOS="1926" WIDTH="40"/>
						<String ID="P34_ST00106" HPOS="1674" VPOS="1846" WIDTH="109" HEIGHT="69" CONTENT="das" WC="1.00" CC="000"/>
						<SP ID="P34_SP00092" HPOS="1783" VPOS="1926" WIDTH="41"/>
						<String ID="P34_ST00107" HPOS="1824" VPOS="1844" WIDTH="203" HEIGHT="71" CONTENT="Elend" WC="0.99" CC="05000"/>
						<SP ID="P34_SP00093" HPOS="2027" VPOS="1926" WIDTH="38"/>
						<String ID="P34_ST00108" HPOS="2065" VPOS="1847" WIDTH="136" HEIGHT="70" CONTENT="und" WC="0.98" CC="500"/>
						<SP ID="P34_SP00094" HPOS="2201" VPOS="1926" WIDTH="38"/>
						<String ID="P34_ST00109" HPOS="2239" VPOS="1847" WIDTH="103" HEIGHT="70" CONTENT="die" WC="0.98" CC="060"/>
						<SP ID="P34_SP00095" HPOS="2342" VPOS="1926" WIDTH="40"/>
						<String ID="P34_ST00110" HPOS="2382" VPOS="1847" WIDTH="360" HEIGHT="70" CONTENT="Unfreiheit" WC="0.99" CC="2053060050"/>
						<SP ID="P34_SP00096" HPOS="2742" VPOS="1926" WIDTH="38"/>
						<String ID="P34_ST00111" HPOS="2780" VPOS="1848" WIDTH="113" HEIGHT="70" CONTENT="der" WC="0.98" CC="005"/>
					</TextLine>
					<TextLine ID="P34_TL00017" HPOS="654" VPOS="1933" WIDTH="2236" HEIGHT="92">
						<String ID="P34_ST00112" HPOS="654" VPOS="1933" WIDTH="410" HEIGHT="73" CONTENT="arbeitenden" WC="1.00" CC="00706000000"/>
						<SP ID="P34_SP00097" HPOS="1064" VPOS="2006" WIDTH="41"/>
						<String ID="P34_ST00113" HPOS="1105" VPOS="1935" WIDTH="222" HEIGHT="71" CONTENT="Klasse" WC="0.99" CC="060000"/>
						<SP ID="P34_SP00098" HPOS="1327" VPOS="2006" WIDTH="36"/>
						<String ID="P34_ST00114" HPOS="1363" VPOS="1937" WIDTH="227" HEIGHT="84" CONTENT="gerade" WC="1.00" CC="004000"/>
						<SP ID="P34_SP00099" HPOS="1590" VPOS="2021" WIDTH="37"/>
						<String ID="P34_ST00115" HPOS="1627" VPOS="1938" WIDTH="133" HEIGHT="69" CONTENT="hier" WC="0.96" CC="7702"/>
						<SP ID="P34_SP00100" HPOS="1760" VPOS="2021" WIDTH="37"/>
						<String ID="P34_ST00116" HPOS="1797" VPOS="1969" WIDTH="147" HEIGHT="39" CONTENT="zum" WC="0.99" CC="020"/>
						<SP ID="P34_SP00101" HPOS="1944" VPOS="2021" WIDTH="38"/>
						<String ID="P34_ST00117" HPOS="1982" VPOS="1938" WIDTH="282" HEIGHT="71" CONTENT="Himmel" WC="0.98" CC="260006"/>
						<SP ID="P34_SP00102" HPOS="2264" VPOS="2021" WIDTH="37"/>
						<String ID="P34_ST00118" HPOS="2301" VPOS="1940" WIDTH="215" HEIGHT="80" CONTENT="stinkt," WC="0.99" CC="0073003"/>
						<SP ID="P34_SP00103" HPOS="2516" VPOS="2021" WIDTH="39"/>
						<String ID="P34_ST00119" HPOS="2555" VPOS="1940" WIDTH="125" HEIGHT="71" CONTENT="daß" WC="1.00" CC="000"/>
						<SP ID="P34_SP00104" HPOS="2680" VPOS="2021" WIDTH="36"/>
						<String ID="P34_ST00120" HPOS="2716" VPOS="1941" WIDTH="140" HEIGHT="84" CONTENT="kapi" SUBS_TYPE="HypPart1" SUBS_CONTENT="kapitalistische" WC="0.99" CC="0006"/>
						<HYP HPOS="2856" VPOS="1941" WIDTH="34" CONTENT="-"/>
					</TextLine>
					<TextLine ID="P34_TL00018" HPOS="654" VPOS="2025" WIDTH="2236" HEIGHT="87">
						<String ID="P34_ST00121" HPOS="654" VPOS="2025" WIDTH="342" HEIGHT="72" CONTENT="talistische" SUBS_TYPE="HypPart2" SUBS_CONTENT="kapitalistische" WC="1.00" CC="00650070000"/>
						<SP ID="P34_SP00105" HPOS="996" VPOS="2097" WIDTH="41"/>
						<String ID="P34_ST00122" HPOS="1037" VPOS="2026" WIDTH="239" HEIGHT="86" CONTENT="Orgien" WC="0.99" CC="050603"/>
						<SP ID="P34_SP00106" HPOS="1276" VPOS="2112" WIDTH="42"/>
						<String ID="P34_ST00123" HPOS="1318" VPOS="2027" WIDTH="258" HEIGHT="85" CONTENT="gefeiert" WC="0.99" CC="00606030"/>
						<SP ID="P34_SP00107" HPOS="1576" VPOS="2112" WIDTH="41"/>
						<String ID="P34_ST00124" HPOS="1617" VPOS="2029" WIDTH="274" HEIGHT="72" CONTENT="werden." WC="0.99" CC="0040053"/>
						<SP ID="P34_SP00108" HPOS="1891" VPOS="2112" WIDTH="65"/>
						<String ID="P34_ST00125" HPOS="1956" VPOS="2030" WIDTH="144" HEIGHT="71" CONTENT="Erst" WC="1.00" CC="0100"/>
						<SP ID="P34_SP00109" HPOS="2100" VPOS="2112" WIDTH="42"/>
						<String ID="P34_ST00126" HPOS="2142" VPOS="2031" WIDTH="163" HEIGHT="70" CONTENT="habe" WC="0.98" CC="0070"/>
						<SP ID="P34_SP00110" HPOS="2305" VPOS="2112" WIDTH="41"/>
						<String ID="P34_ST00127" HPOS="2346" VPOS="2032" WIDTH="101" HEIGHT="70" CONTENT="ich" WC="0.95" CC="507"/>
						<SP ID="P34_SP00111" HPOS="2447" VPOS="2112" WIDTH="43"/>
						<String ID="P34_ST00128" HPOS="2490" VPOS="2032" WIDTH="112" HEIGHT="70" CONTENT="der" WC="1.00" CC="001"/>
						<SP ID="P34_SP00112" HPOS="2602" VPOS="2112" WIDTH="43"/>
						<String ID="P34_ST00129" HPOS="2645" VPOS="2031" WIDTH="210" HEIGHT="71" CONTENT="Gesell" SUBS_TYPE="HypPart1" SUBS_CONTENT="Gesellschaft" WC="0.99" CC="000054"/>
						<HYP HPOS="2855" VPOS="2031" WIDTH="35" CONTENT="-"/>
					</TextLine>
					<TextLine ID="P34_TL00019" HPOS="655" VPOS="2119" WIDTH="2237" HEIGHT="90">
						<String ID="P34_ST00130" HPOS="655" VPOS="2119" WIDTH="203" HEIGHT="71" CONTENT="schaft" SUBS_TYPE="HypPart2" SUBS_CONTENT="Gesellschaft" WC="0.99" CC="000070"/>
						<SP ID="P34_SP00113" HPOS="858" VPOS="2190" WIDTH="33"/>
						<String ID="P34_ST00131" HPOS="891" VPOS="2120" WIDTH="125" HEIGHT="70" CONTENT="mal" WC="0.98" CC="006"/>
						<SP ID="P34_SP00114" HPOS="1016" VPOS="2190" WIDTH="33"/>
						<String ID="P34_ST00132" HPOS="1049" VPOS="2123" WIDTH="184" HEIGHT="68" CONTENT="einen" WC="0.99" CC="07000"/>
						<SP ID="P34_SP00115" HPOS="1233" VPOS="2191" WIDTH="36"/>
						<String ID="P34_ST00133" HPOS="1269" VPOS="2121" WIDTH="302" HEIGHT="85" CONTENT="Knüppel" WC="1.00" CC="0000005"/>
						<SP ID="P34_SP00116" HPOS="1571" VPOS="2206" WIDTH="34"/>
						<String ID="P34_ST00134" HPOS="1605" VPOS="2124" WIDTH="65" HEIGHT="68" CONTENT="in" WC="0.67" CC="60"/>
						<SP ID="P34_SP00117" HPOS="1670" VPOS="2206" WIDTH="33"/>
						<String ID="P34_ST00135" HPOS="1703" VPOS="2124" WIDTH="104" HEIGHT="70" CONTENT="die" WC="0.97" CC="060"/>
						<SP ID="P34_SP00118" HPOS="1807" VPOS="2206" WIDTH="33"/>
						<String ID="P34_ST00136" HPOS="1840" VPOS="2124" WIDTH="206" HEIGHT="70" CONTENT="Räder" WC="1.00" CC="00001"/>
						<SP ID="P34_SP00119" HPOS="2046" VPOS="2206" WIDTH="32"/>
						<String ID="P34_ST00137" HPOS="2078" VPOS="2125" WIDTH="337" HEIGHT="84" CONTENT="geworfen." WC="0.99" CC="000036003"/>
						<SP ID="P34_SP00120" HPOS="2415" VPOS="2209" WIDTH="58"/>
						<String ID="P34_ST00138" HPOS="2473" VPOS="2124" WIDTH="228" HEIGHT="72" CONTENT="Gleich" WC="0.99" CC="230600"/>
						<SP ID="P34_SP00121" HPOS="2701" VPOS="2209" WIDTH="32"/>
						<String ID="P34_ST00139" HPOS="2733" VPOS="2126" WIDTH="159" HEIGHT="70" CONTENT="wird" WC="0.98" CC="0710"/>
					</TextLine>
					<TextLine ID="P34_TL00020" HPOS="654" VPOS="2210" WIDTH="908" HEIGHT="88">
						<String ID="P34_ST00140" HPOS="654" VPOS="2210" WIDTH="311" HEIGHT="86" CONTENT="Wirkung" WC="0.99" CC="0600500"/>
						<SP ID="P34_SP00122" HPOS="965" VPOS="2296" WIDTH="41"/>
						<String ID="P34_ST00141" HPOS="1006" VPOS="2244" WIDTH="80" HEIGHT="40" CONTENT="zu" WC="0.66" CC="06"/>
						<SP ID="P34_SP00123" HPOS="1086" VPOS="2296" WIDTH="44"/>
						<String ID="P34_ST00142" HPOS="1130" VPOS="2227" WIDTH="233" HEIGHT="71" CONTENT="spüren" WC="1.00" CC="000010"/>
						<SP ID="P34_SP00124" HPOS="1363" VPOS="2298" WIDTH="43"/>
						<String ID="P34_ST00143" HPOS="1406" VPOS="2218" WIDTH="156" HEIGHT="67" CONTENT="sein." WC="0.98" CC="00652"/>
					</TextLine>
					<TextLine ID="P34_TL00021" HPOS="740" VPOS="2305" WIDTH="2150" HEIGHT="77">
						<String ID="P34_ST00144" HPOS="740" VPOS="2305" WIDTH="299" HEIGHT="72" CONTENT="Isolde:" WC="0.99" CC="5040020"/>
						<SP ID="P34_SP00125" HPOS="1039" VPOS="2377" WIDTH="43"/>
						<String ID="P34_ST00145" HPOS="1082" VPOS="2307" WIDTH="156" HEIGHT="70" CONTENT="Und" WC="1.00" CC="000"/>
						<SP ID="P34_SP00126" HPOS="1238" VPOS="2377" WIDTH="37"/>
						<String ID="P34_ST00146" HPOS="1275" VPOS="2308" WIDTH="103" HEIGHT="70" CONTENT="ich" WC="0.98" CC="600"/>
						<SP ID="P34_SP00127" HPOS="1378" VPOS="2378" WIDTH="40"/>
						<String ID="P34_ST00147" HPOS="1418" VPOS="2308" WIDTH="182" HEIGHT="70" CONTENT="sollte" WC="0.99" CC="004600"/>
						<SP ID="P34_SP00128" HPOS="1600" VPOS="2378" WIDTH="37"/>
						<String ID="P34_ST00148" HPOS="1637" VPOS="2308" WIDTH="104" HEIGHT="70" CONTENT="die" WC="0.97" CC="070"/>
						<SP ID="P34_SP00129" HPOS="1741" VPOS="2378" WIDTH="38"/>
						<String ID="P34_ST00149" HPOS="1779" VPOS="2308" WIDTH="410" HEIGHT="71" CONTENT="Abundantia" WC="0.73" CC="0725003060"/>
						<SP ID="P34_SP00130" HPOS="2189" VPOS="2379" WIDTH="38"/>
						<String ID="P34_ST00150" HPOS="2227" VPOS="2310" WIDTH="138" HEIGHT="70" CONTENT="und" WC="0.98" CC="500"/>
						<SP ID="P34_SP00131" HPOS="2365" VPOS="2380" WIDTH="39"/>
						<String ID="P34_ST00151" HPOS="2404" VPOS="2310" WIDTH="124" HEIGHT="70" CONTENT="den" WC="1.00" CC="000"/>
						<SP ID="P34_SP00132" HPOS="2528" VPOS="2380" WIDTH="44"/>
						<String ID="P34_ST00152" HPOS="2572" VPOS="2310" WIDTH="318" HEIGHT="72" CONTENT="Überfluß" WC="0.99" CC="10027040"/>
					</TextLine>
					<TextLine ID="P34_TL00022" HPOS="655" VPOS="2397" WIDTH="2235" HEIGHT="89">
						<String ID="P34_ST00153" HPOS="655" VPOS="2397" WIDTH="354" HEIGHT="81" CONTENT="darstellen," WC="0.99" CC="00500066003"/>
						<SP ID="P34_SP00133" HPOS="1009" VPOS="2478" WIDTH="28"/>
						<String ID="P34_ST00154" HPOS="1037" VPOS="2399" WIDTH="139" HEIGHT="71" CONTENT="weil" WC="0.98" CC="0055"/>
						<SP ID="P34_SP00134" HPOS="1176" VPOS="2478" WIDTH="28"/>
						<String ID="P34_ST00155" HPOS="1204" VPOS="2399" WIDTH="100" HEIGHT="70" CONTENT="ich" WC="0.95" CC="707"/>
						<SP ID="P34_SP00135" HPOS="1304" VPOS="2478" WIDTH="28"/>
						<String ID="P34_ST00156" HPOS="1332" VPOS="2401" WIDTH="351" HEIGHT="85" CONTENT="körperlich" WC="0.99" CC="0200025700"/>
						<SP ID="P34_SP00136" HPOS="1683" VPOS="2486" WIDTH="26"/>
						<String ID="P34_ST00157" HPOS="1709" VPOS="2432" WIDTH="104" HEIGHT="40" CONTENT="am" WC="1.00" CC="00"/>
						<SP ID="P34_SP00137" HPOS="1813" VPOS="2486" WIDTH="26"/>
						<String ID="P34_ST00158" HPOS="1839" VPOS="2402" WIDTH="494" HEIGHT="72" CONTENT="entwickeltsten" WC="1.00" CC="00007000500000"/>
						<SP ID="P34_SP00138" HPOS="2333" VPOS="2486" WIDTH="28"/>
						<String ID="P34_ST00159" HPOS="2361" VPOS="2403" WIDTH="133" HEIGHT="71" CONTENT="bin." WC="0.97" CC="7500"/>
						<SP ID="P34_SP00139" HPOS="2494" VPOS="2486" WIDTH="51"/>
						<String ID="P34_ST00160" HPOS="2545" VPOS="2404" WIDTH="126" HEIGHT="70" CONTENT="Die" WC="0.97" CC="052"/>
						<SP ID="P34_SP00140" HPOS="2671" VPOS="2486" WIDTH="24"/>
						<String ID="P34_ST00161" HPOS="2695" VPOS="2403" WIDTH="195" HEIGHT="71" CONTENT="Arme" WC="0.99" CC="0500"/>
					</TextLine>
					<TextLine ID="P34_TL00023" HPOS="654" VPOS="2490" WIDTH="2235" HEIGHT="90">
						<String ID="P34_ST00162" HPOS="654" VPOS="2490" WIDTH="366" HEIGHT="71" CONTENT="wohltuend" WC="0.99" CC="007606000"/>
						<SP ID="P34_SP00141" HPOS="1020" VPOS="2561" WIDTH="50"/>
						<String ID="P34_ST00163" HPOS="1070" VPOS="2492" WIDTH="416" HEIGHT="85" CONTENT="ausgebreitet" WC="1.00" CC="050007007000"/>
						<SP ID="P34_SP00142" HPOS="1486" VPOS="2577" WIDTH="35"/>
						<String ID="P34_ST00164" HPOS="1521" VPOS="2493" WIDTH="136" HEIGHT="70" CONTENT="und" WC="0.98" CC="040"/>
						<SP ID="P34_SP00143" HPOS="1657" VPOS="2577" WIDTH="36"/>
						<String ID="P34_ST00165" HPOS="1693" VPOS="2493" WIDTH="110" HEIGHT="71" CONTENT="das" WC="1.00" CC="000"/>
						<SP ID="P34_SP00144" HPOS="1803" VPOS="2577" WIDTH="38"/>
						<String ID="P34_ST00166" HPOS="1841" VPOS="2495" WIDTH="157" HEIGHT="69" CONTENT="Bein" WC="0.99" CC="0060"/>
						<SP ID="P34_SP00145" HPOS="1998" VPOS="2577" WIDTH="53"/>
						<String ID="P34_ST00167" HPOS="2051" VPOS="2495" WIDTH="311" HEIGHT="85" CONTENT="gehoben." WC="0.99" CC="00710014"/>
						<SP ID="P34_SP00146" HPOS="2362" VPOS="2580" WIDTH="64"/>
						<String ID="P34_ST00168" HPOS="2426" VPOS="2509" WIDTH="110" HEIGHT="68" CONTENT="(Sie" WC="0.98" CC="0080" STYLEREFS="TXT_3"/>
						<SP ID="P34_SP00147" HPOS="2536" VPOS="2580" WIDTH="55"/>
						<String ID="P34_ST00169" HPOS="2591" VPOS="2510" WIDTH="174" HEIGHT="58" CONTENT="macht" WC="0.99" CC="00070" STYLEREFS="TXT_3"/>
						<SP ID="P34_SP00148" HPOS="2765" VPOS="2580" WIDTH="39"/>
						<String ID="P34_ST00170" HPOS="2804" VPOS="2511" WIDTH="85" HEIGHT="57" CONTENT="die" WC="0.95" CC="740" STYLEREFS="TXT_3"/>
					</TextLine>
					<TextLine ID="P34_TL00024" HPOS="651" VPOS="2596" WIDTH="284" HEIGHT="78">
						<String ID="P34_ST00171" HPOS="651" VPOS="2596" WIDTH="284" HEIGHT="78" CONTENT="Stellung.)" WC="0.99" CC="0202612031" STYLEREFS="TXT_3"/>
					</TextLine>
					<TextLine ID="P34_TL00025" HPOS="735" VPOS="2676" WIDTH="2150" HEIGHT="88">
						<String ID="P34_ST00172" HPOS="735" VPOS="2676" WIDTH="87" HEIGHT="69" CONTENT="St" WC="1.00" CC="00"/>
						<SP ID="P34_SP00149" HPOS="822" VPOS="2745" WIDTH="16"/>
						<String ID="P34_ST00173" HPOS="838" VPOS="2677" WIDTH="152" HEIGHT="69" CONTENT="änd" WC="1.00" CC="000"/>
						<SP ID="P34_SP00150" HPOS="990" VPOS="2746" WIDTH="14"/>
						<String ID="P34_ST00174" HPOS="1004" VPOS="2707" WIDTH="35" HEIGHT="40" CONTENT="e" WC="1.00" CC="0"/>
						<SP ID="P34_SP00151" HPOS="1039" VPOS="2747" WIDTH="15"/>
						<String ID="P34_ST00175" HPOS="1054" VPOS="2705" WIDTH="60" HEIGHT="42" CONTENT="r:" WC="0.58" CC="44"/>
						<SP ID="P34_SP00152" HPOS="1114" VPOS="2747" WIDTH="28"/>
						<String ID="P34_ST00176" HPOS="1142" VPOS="2677" WIDTH="125" HEIGHT="70" CONTENT="Die" WC="0.98" CC="050"/>
						<SP ID="P34_SP00153" HPOS="1267" VPOS="2747" WIDTH="24"/>
						<String ID="P34_ST00177" HPOS="1291" VPOS="2677" WIDTH="290" HEIGHT="87" CONTENT="Stellung" WC="0.99" CC="00043500"/>
						<SP ID="P34_SP00154" HPOS="1581" VPOS="2764" WIDTH="25"/>
						<String ID="P34_ST00178" HPOS="1606" VPOS="2679" WIDTH="225" HEIGHT="71" CONTENT="kannst" WC="1.00" CC="000000"/>
						<SP ID="P34_SP00155" HPOS="1831" VPOS="2764" WIDTH="26"/>
						<String ID="P34_ST00179" HPOS="1857" VPOS="2680" WIDTH="88" HEIGHT="70" CONTENT="du" WC="0.79" CC="04"/>
						<SP ID="P34_SP00156" HPOS="1945" VPOS="2764" WIDTH="26"/>
						<String ID="P34_ST00180" HPOS="1971" VPOS="2711" WIDTH="89" HEIGHT="39" CONTENT="im" WC="0.99" CC="00"/>
						<SP ID="P34_SP00157" HPOS="2060" VPOS="2764" WIDTH="28"/>
						<String ID="P34_ST00181" HPOS="2088" VPOS="2680" WIDTH="218" HEIGHT="71" CONTENT="Leben" WC="0.99" CC="70003"/>
						<SP ID="P34_SP00158" HPOS="2306" VPOS="2764" WIDTH="27"/>
						<String ID="P34_ST00182" HPOS="2333" VPOS="2681" WIDTH="197" HEIGHT="70" CONTENT="schon" WC="0.99" CC="00701"/>
						<SP ID="P34_SP00159" HPOS="2530" VPOS="2764" WIDTH="26"/>
						<String ID="P34_ST00183" HPOS="2556" VPOS="2683" WIDTH="167" HEIGHT="69" CONTENT="noch" WC="0.99" CC="3100"/>
						<SP ID="P34_SP00160" HPOS="2723" VPOS="2764" WIDTH="25"/>
						<String ID="P34_ST00184" HPOS="2748" VPOS="2711" WIDTH="103" HEIGHT="41" CONTENT="ver" SUBS_TYPE="HypPart1" SUBS_CONTENT="verwerten." WC="1.00" CC="000"/>
						<HYP HPOS="2851" VPOS="2711" WIDTH="34" CONTENT="-"/>
					</TextLine>
					<TextLine ID="P34_TL00026" HPOS="651" VPOS="2770" WIDTH="1966" HEIGHT="88">
						<String ID="P34_ST00185" HPOS="651" VPOS="2788" WIDTH="256" HEIGHT="52" CONTENT="werten." SUBS_TYPE="HypPart2" SUBS_CONTENT="verwerten." WC="1.00" CC="0000053"/>
						<SP ID="P34_SP00161" HPOS="907" VPOS="2840" WIDTH="62"/>
						<String ID="P34_ST00186" HPOS="969" VPOS="2770" WIDTH="94" HEIGHT="70" CONTENT="Im" WC="1.00" CC="00"/>
						<SP ID="P34_SP00162" HPOS="1063" VPOS="2840" WIDTH="35"/>
						<String ID="P34_ST00187" HPOS="1098" VPOS="2771" WIDTH="266" HEIGHT="84" CONTENT="übrigen" WC="0.99" CC="0716000"/>
						<SP ID="P34_SP00163" HPOS="1364" VPOS="2855" WIDTH="148"/>
						<String ID="P34_ST00188" HPOS="1512" VPOS="2801" WIDTH="261" HEIGHT="57" CONTENT="morgen" WC="1.00" CC="000000"/>
						<SP ID="P34_SP00164" HPOS="1773" VPOS="2858" WIDTH="35"/>
						<String ID="P34_ST00189" HPOS="1808" VPOS="2774" WIDTH="181" HEIGHT="69" CONTENT="mehr" WC="0.98" CC="0073"/>
						<SP ID="P34_SP00165" HPOS="1989" VPOS="2858" WIDTH="33"/>
						<String ID="P34_ST00190" HPOS="2022" VPOS="2774" WIDTH="136" HEIGHT="70" CONTENT="und" WC="0.98" CC="600"/>
						<SP ID="P34_SP00166" HPOS="2158" VPOS="2858" WIDTH="34"/>
						<String ID="P34_ST00191" HPOS="2192" VPOS="2793" WIDTH="150" HEIGHT="65" CONTENT="gute" WC="0.99" CC="0300"/>
						<SP ID="P34_SP00167" HPOS="2342" VPOS="2858" WIDTH="34"/>
						<String ID="P34_ST00192" HPOS="2376" VPOS="2774" WIDTH="241" HEIGHT="71" CONTENT="Nacht!" WC="1.00" CC="100004"/>
					</TextLine>
					<TextLine ID="P34_TL00027" HPOS="735" VPOS="2862" WIDTH="474" HEIGHT="91">
						<String ID="P34_ST00193" HPOS="735" VPOS="2862" WIDTH="268" HEIGHT="71" CONTENT="Isolde" WC="0.99" CC="503204"/>
						<SP ID="P34_SP00168" HPOS="1003" VPOS="2933" WIDTH="41"/>
						<String ID="P34_ST00194" HPOS="1044" VPOS="2877" WIDTH="165" HEIGHT="76" CONTENT="(exit)." WC="0.83" CC="0007004" STYLEREFS="TXT_3"/>
					</TextLine>
					<TextLine ID="P34_TL00028" HPOS="733" VPOS="2954" WIDTH="2152" HEIGHT="96">
						<String ID="P34_ST00195" HPOS="733" VPOS="2954" WIDTH="348" HEIGHT="71" CONTENT="Ständer" WC="0.99" CC="0007036" STYLEREFS="TXT_3"/>
						<SP ID="P34_SP00169" HPOS="1081" VPOS="3025" WIDTH="69"/>
						<String ID="P34_ST00196" HPOS="1150" VPOS="2970" WIDTH="251" HEIGHT="67" CONTENT="(erbricht" WC="0.99" CC="004727000" STYLEREFS="TXT_3"/>
						<SP ID="P34_SP00170" HPOS="1401" VPOS="3037" WIDTH="47"/>
						<String ID="P34_ST00197" HPOS="1448" VPOS="2972" WIDTH="100" HEIGHT="57" CONTENT="den" WC="0.96" CC="901" STYLEREFS="TXT_3"/>
						<SP ID="P34_SP00171" HPOS="1548" VPOS="3037" WIDTH="46"/>
						<String ID="P34_ST00198" HPOS="1594" VPOS="2972" WIDTH="416" HEIGHT="69" CONTENT="Briefumschlag" WC="1.00" CC="2070600000600" STYLEREFS="TXT_3"/>
						<SP ID="P34_SP00172" HPOS="2010" VPOS="3041" WIDTH="62"/>
						<String ID="P34_ST00199" HPOS="2072" VPOS="2973" WIDTH="113" HEIGHT="58" CONTENT="und" WC="1.00" CC="000" STYLEREFS="TXT_3"/>
						<SP ID="P34_SP00173" HPOS="2185" VPOS="3041" WIDTH="54"/>
						<String ID="P34_ST00200" HPOS="2239" VPOS="2975" WIDTH="160" HEIGHT="75" CONTENT="liest):" WC="0.99" CC="7700015" STYLEREFS="TXT_3"/>
						<SP ID="P34_SP00174" HPOS="2399" VPOS="3050" WIDTH="65"/>
						<String ID="P34_ST00201" HPOS="2464" VPOS="2961" WIDTH="176" HEIGHT="78" CONTENT="~Wir" WC="0.84" CC="3202" STYLEREFS="TXT_4"/>
						<SP ID="P34_SP00175" HPOS="2640" VPOS="3050" WIDTH="55"/>
						<String ID="P34_ST00202" HPOS="2695" VPOS="2961" WIDTH="190" HEIGHT="71" CONTENT="teilen" WC="0.97" CC="056357" STYLEREFS="TXT_3"/>
					</TextLine>
					<TextLine ID="P34_TL00029" HPOS="654" VPOS="3047" WIDTH="2231" HEIGHT="89">
						<String ID="P34_ST00203" HPOS="654" VPOS="3047" WIDTH="195" HEIGHT="71" CONTENT="Ihnen" WC="0.97" CC="47606"/>
						<SP ID="P34_SP00176" HPOS="849" VPOS="3118" WIDTH="46"/>
						<String ID="P34_ST00204" HPOS="895" VPOS="3052" WIDTH="136" HEIGHT="78" CONTENT="mit," WC="0.99" CC="0600"/>
						<SP ID="P34_SP00177" HPOS="1031" VPOS="3130" WIDTH="45"/>
						<String ID="P34_ST00205" HPOS="1076" VPOS="3051" WIDTH="127" HEIGHT="70" CONTENT="daß" WC="1.00" CC="000"/>
						<SP ID="P34_SP00178" HPOS="1203" VPOS="3130" WIDTH="40"/>
						<String ID="P34_ST00206" HPOS="1243" VPOS="3052" WIDTH="113" HEIGHT="69" CONTENT="wir" WC="0.97" CC="051"/>
						<SP ID="P34_SP00179" HPOS="1356" VPOS="3130" WIDTH="43"/>
						<String ID="P34_ST00207" HPOS="1399" VPOS="3051" WIDTH="108" HEIGHT="70" CONTENT="Sie" WC="0.98" CC="050"/>
						<SP ID="P34_SP00180" HPOS="1507" VPOS="3130" WIDTH="42"/>
						<String ID="P34_ST00208" HPOS="1549" VPOS="3051" WIDTH="104" HEIGHT="70" CONTENT="für" WC="0.98" CC="401"/>
						<SP ID="P34_SP00181" HPOS="1653" VPOS="3130" WIDTH="42"/>
						<String ID="P34_ST00209" HPOS="1695" VPOS="3071" WIDTH="327" HEIGHT="65" CONTENT="getrennte" WC="1.00" CC="000000000"/>
						<SP ID="P34_SP00182" HPOS="2022" VPOS="3136" WIDTH="43"/>
						<String ID="P34_ST00210" HPOS="2065" VPOS="3052" WIDTH="662" HEIGHT="73" CONTENT="Dividendenscheine" WC="1.00" CC="06070000050000630"/>
						<SP ID="P34_SP00183" HPOS="2727" VPOS="3136" WIDTH="43"/>
						<String ID="P34_ST00211" HPOS="2770" VPOS="3056" WIDTH="115" HEIGHT="67" CONTENT="mit" WC="0.98" CC="060"/>
					</TextLine>
					<TextLine ID="P34_TL00030" HPOS="653" VPOS="3140" WIDTH="2232" HEIGHT="89">
						<String ID="P34_ST00212" HPOS="653" VPOS="3140" WIDTH="185" HEIGHT="71" CONTENT="Mark" WC="1.00" CC="0000"/>
						<SP ID="P34_SP00184" HPOS="838" VPOS="3211" WIDTH="32"/>
						<String ID="P34_ST00213" HPOS="870" VPOS="3141" WIDTH="608" HEIGHT="88" CONTENT="elfhundertfünfzig" WC="1.00" CC="02606000205007070"/>
						<SP ID="P34_SP00185" HPOS="1478" VPOS="3229" WIDTH="31"/>
						<String ID="P34_ST00214" HPOS="1509" VPOS="3145" WIDTH="227" HEIGHT="70" CONTENT="Valuta" WC="0.99" CC="007600"/>
						<SP ID="P34_SP00186" HPOS="1736" VPOS="3229" WIDTH="32"/>
						<String ID="P34_ST00215" HPOS="1768" VPOS="3146" WIDTH="148" HEIGHT="69" CONTENT="dato" WC="1.00" CC="0000"/>
						<SP ID="P34_SP00187" HPOS="1916" VPOS="3229" WIDTH="24"/>
						<String ID="P34_ST00216" HPOS="1940" VPOS="3146" WIDTH="263" HEIGHT="70" CONTENT="erkannt" WC="0.99" CC="0400230"/>
						<SP ID="P34_SP00188" HPOS="2203" VPOS="3229" WIDTH="27"/>
						<String ID="P34_ST00217" HPOS="2230" VPOS="3147" WIDTH="241" HEIGHT="80" CONTENT="haben;" WC="0.99" CC="007006"/>
						<SP ID="P34_SP00189" HPOS="2471" VPOS="3229" WIDTH="35"/>
						<String ID="P34_ST00218" HPOS="2506" VPOS="3146" WIDTH="226" HEIGHT="80" CONTENT="ferner," WC="1.00" CC="6000001"/>
						<SP ID="P34_SP00190" HPOS="2732" VPOS="3229" WIDTH="28"/>
						<String ID="P34_ST00219" HPOS="2760" VPOS="3146" WIDTH="125" HEIGHT="71" CONTENT="daß" WC="1.00" CC="000"/>
					</TextLine>
					<TextLine ID="P34_TL00031" HPOS="649" VPOS="3234" WIDTH="2236" HEIGHT="90">
						<String ID="P34_ST00220" HPOS="649" VPOS="3235" WIDTH="113" HEIGHT="67" CONTENT="wir" WC="0.97" CC="070"/>
						<SP ID="P34_SP00191" HPOS="762" VPOS="3302" WIDTH="49"/>
						<String ID="P34_ST00221" HPOS="811" VPOS="3234" WIDTH="102" HEIGHT="71" CONTENT="für" WC="0.98" CC="600"/>
						<SP ID="P34_SP00192" HPOS="913" VPOS="3305" WIDTH="52"/>
						<String ID="P34_ST00222" HPOS="965" VPOS="3235" WIDTH="108" HEIGHT="71" CONTENT="Sie" WC="0.97" CC="070"/>
						<SP ID="P34_SP00193" HPOS="1073" VPOS="3306" WIDTH="50"/>
						<String ID="P34_ST00223" HPOS="1123" VPOS="3236" WIDTH="289" HEIGHT="85" CONTENT="gekaufte" WC="1.00" CC="00004600"/>
						<SP ID="P34_SP00194" HPOS="1412" VPOS="3321" WIDTH="51"/>
						<String ID="P34_ST00224" HPOS="1463" VPOS="3238" WIDTH="188" HEIGHT="69" CONTENT="Mark" WC="1.00" CC="0000"/>
						<SP ID="P34_SP00195" HPOS="1651" VPOS="3321" WIDTH="51"/>
						<String ID="P34_ST00225" HPOS="1702" VPOS="3239" WIDTH="450" HEIGHT="71" CONTENT="sechstausend" WC="1.00" CC="000700000010"/>
						<SP ID="P34_SP00196" HPOS="2152" VPOS="3321" WIDTH="50"/>
						<String ID="P34_ST00226" HPOS="2202" VPOS="3241" WIDTH="340" HEIGHT="83" CONTENT="vereinigte" WC="0.99" CC="0530607000"/>
						<SP ID="P34_SP00197" HPOS="2542" VPOS="3324" WIDTH="51"/>
						<String ID="P34_ST00227" HPOS="2593" VPOS="3240" WIDTH="292" HEIGHT="70" CONTENT="Rodauer" WC="0.83" CC="0000505"/>
					</TextLine>
					<TextLine ID="P34_TL00032" HPOS="651" VPOS="3324" WIDTH="2233" HEIGHT="90">
						<String ID="P34_ST00228" HPOS="651" VPOS="3324" WIDTH="438" HEIGHT="75" CONTENT="Glasfabriken" WC="0.99" CC="340070706000"/>
						<SP ID="P34_SP00198" HPOS="1089" VPOS="3399" WIDTH="32"/>
						<String ID="P34_ST00229" HPOS="1121" VPOS="3359" WIDTH="66" HEIGHT="40" CONTENT="in" WC="0.28" CC="67" STYLEREFS="TXT_3"/>
						<SP ID="P34_SP00199" HPOS="1187" VPOS="3399" WIDTH="35"/>
						<String ID="P34_ST00230" HPOS="1222" VPOS="3329" WIDTH="104" HEIGHT="70" CONTENT="Ihr" WC="0.94" CC="077"/>
						<SP ID="P34_SP00200" HPOS="1326" VPOS="3399" WIDTH="31"/>
						<String ID="P34_ST00231" HPOS="1357" VPOS="3330" WIDTH="216" HEIGHT="84" CONTENT="Depot" WC="0.99" CC="07000"/>
						<SP ID="P34_SP00201" HPOS="1573" VPOS="3414" WIDTH="31"/>
						<String ID="P34_ST00232" HPOS="1604" VPOS="3330" WIDTH="456" HEIGHT="71" CONTENT="übernehmen." WC="0.99" CC="00770070773"/>
						<SP ID="P34_SP00202" HPOS="2060" VPOS="3414" WIDTH="70"/>
						<String ID="P34_ST00233" HPOS="2130" VPOS="3344" WIDTH="92" HEIGHT="69" CONTENT="(Er" WC="0.97" CC="206" STYLEREFS="TXT_3"/>
						<SP ID="P34_SP00203" HPOS="2222" VPOS="3414" WIDTH="41"/>
						<String ID="P34_ST00234" HPOS="2263" VPOS="3346" WIDTH="168" HEIGHT="58" CONTENT="öffnet" WC="0.98" CC="266100" STYLEREFS="TXT_3"/>
						<SP ID="P34_SP00204" HPOS="2431" VPOS="3414" WIDTH="43"/>
						<String ID="P34_ST00235" HPOS="2474" VPOS="3347" WIDTH="53" HEIGHT="54" CONTENT="in" WC="0.41" CC="74" STYLEREFS="TXT_3"/>
						<SP ID="P34_SP00205" HPOS="2527" VPOS="3414" WIDTH="41"/>
						<String ID="P34_ST00236" HPOS="2568" VPOS="3346" WIDTH="92" HEIGHT="57" CONTENT="der" WC="0.97" CC="006" STYLEREFS="TXT_3"/>
						<SP ID="P34_SP00206" HPOS="2660" VPOS="3414" WIDTH="35"/>
						<String ID="P34_ST00237" HPOS="2695" VPOS="3344" WIDTH="189" HEIGHT="59" CONTENT="Mauer" WC="0.99" CC="00005" STYLEREFS="TXT_3"/>
					</TextLine>
					<TextLine ID="P34_TL00033" HPOS="650" VPOS="3433" WIDTH="2231" HEIGHT="81">
						<String ID="P34_ST00238" HPOS="650" VPOS="3433" WIDTH="147" HEIGHT="56" CONTENT="einen" WC="0.98" CC="06103" STYLEREFS="TXT_3"/>
						<SP ID="P34_SP00207" HPOS="797" VPOS="3489" WIDTH="32"/>
						<String ID="P34_ST00239" HPOS="829" VPOS="3434" WIDTH="197" HEIGHT="59" CONTENT="Kasten" WC="0.99" CC="500002" STYLEREFS="TXT_3"/>
						<SP ID="P34_SP00208" HPOS="1026" VPOS="3493" WIDTH="29"/>
						<String ID="P34_ST00240" HPOS="1055" VPOS="3437" WIDTH="111" HEIGHT="56" CONTENT="und" WC="0.99" CC="200" STYLEREFS="TXT_3"/>
						<SP ID="P34_SP00209" HPOS="1166" VPOS="3493" WIDTH="40"/>
						<String ID="P34_ST00241" HPOS="1206" VPOS="3436" WIDTH="221" HEIGHT="58" CONTENT="schließt" WC="0.99" CC="00056001" STYLEREFS="TXT_3"/>
						<SP ID="P34_SP00210" HPOS="1427" VPOS="3494" WIDTH="40"/>
						<String ID="P34_ST00242" HPOS="1467" VPOS="3438" WIDTH="91" HEIGHT="56" CONTENT="das" WC="1.00" CC="000" STYLEREFS="TXT_3"/>
						<SP ID="P34_SP00211" HPOS="1558" VPOS="3494" WIDTH="41"/>
						<String ID="P34_ST00243" HPOS="1599" VPOS="3438" WIDTH="184" HEIGHT="70" CONTENT="Papier" WC="0.99" CC="400703" STYLEREFS="TXT_3"/>
						<SP ID="P34_SP00212" HPOS="1783" VPOS="3508" WIDTH="38"/>
						<String ID="P34_ST00244" HPOS="1821" VPOS="3438" WIDTH="220" HEIGHT="76" CONTENT="hinein.)" WC="0.99" CC="06206042" STYLEREFS="TXT_3"/>
						<SP ID="P34_SP00213" HPOS="2041" VPOS="3514" WIDTH="53"/>
						<String ID="P34_ST00245" HPOS="2094" VPOS="3438" WIDTH="154" HEIGHT="68" CONTENT="(Man" WC="0.99" CC="0004" STYLEREFS="TXT_3"/>
						<SP ID="P34_SP00214" HPOS="2248" VPOS="3514" WIDTH="43"/>
						<String ID="P34_ST00246" HPOS="2291" VPOS="3439" WIDTH="118" HEIGHT="58" CONTENT="hört" WC="0.98" CC="0550" STYLEREFS="TXT_3"/>
						<SP ID="P34_SP00215" HPOS="2409" VPOS="3514" WIDTH="37"/>
						<String ID="P34_ST00247" HPOS="2446" VPOS="3441" WIDTH="152" HEIGHT="56" CONTENT="einen" WC="0.99" CC="07000" STYLEREFS="TXT_3"/>
						<SP ID="P34_SP00216" HPOS="2598" VPOS="3514" WIDTH="42"/>
						<String ID="P34_ST00248" HPOS="2640" VPOS="3438" WIDTH="241" HEIGHT="57" CONTENT="schrillen" WC="0.99" CC="000076400" STYLEREFS="TXT_3"/>
					</TextLine>
					<TextLine ID="P34_TL00034" HPOS="649" VPOS="3516" WIDTH="2232" HEIGHT="89">
						<String ID="P34_ST00249" HPOS="649" VPOS="3523" WIDTH="118" HEIGHT="57" CONTENT="Pfiff" WC="0.98" CC="00066" STYLEREFS="TXT_3"/>
						<SP ID="P34_SP00217" HPOS="767" VPOS="3580" WIDTH="25"/>
						<String ID="P34_ST00250" HPOS="792" VPOS="3527" WIDTH="111" HEIGHT="56" CONTENT="und" WC="1.00" CC="000" STYLEREFS="TXT_3"/>
						<SP ID="P34_SP00218" HPOS="903" VPOS="3583" WIDTH="25"/>
						<String ID="P34_ST00251" HPOS="928" VPOS="3527" WIDTH="136" HEIGHT="57" CONTENT="noch" WC="0.97" CC="4007" STYLEREFS="TXT_3"/>
						<SP ID="P34_SP00219" HPOS="1064" VPOS="3584" WIDTH="29"/>
						<String ID="P34_ST00252" HPOS="1093" VPOS="3530" WIDTH="169" HEIGHT="54" CONTENT="einen." WC="0.98" CC="062064" STYLEREFS="TXT_3"/>
						<SP ID="P34_SP00220" HPOS="1262" VPOS="3584" WIDTH="5"/>
						<String ID="P34_ST00253" HPOS="1267" VPOS="3536" WIDTH="22" HEIGHT="69" CONTENT=")" WC="0.83" CC="1"/>
						<SP ID="P34_SP00221" HPOS="1289" VPOS="3605" WIDTH="67"/>
						<String ID="P34_ST00254" HPOS="1356" VPOS="3516" WIDTH="148" HEIGHT="70" CONTENT="Was" WC="1.00" CC="000"/>
						<SP ID="P34_SP00222" HPOS="1504" VPOS="3605" WIDTH="55"/>
						<String ID="P34_ST00255" HPOS="1559" VPOS="3516" WIDTH="105" HEIGHT="70" CONTENT="für" WC="0.96" CC="704"/>
						<SP ID="P34_SP00223" HPOS="1664" VPOS="3605" WIDTH="53"/>
						<String ID="P34_ST00256" HPOS="1717" VPOS="3547" WIDTH="103" HEIGHT="40" CONTENT="ein" WC="0.98" CC="300"/>
						<SP ID="P34_SP00224" HPOS="1820" VPOS="3605" WIDTH="59"/>
						<String ID="P34_ST00257" HPOS="1879" VPOS="3517" WIDTH="444" HEIGHT="85" CONTENT="Indianerpfiff" WC="0.99" CC="4306005705167"/>
						<SP ID="P34_SP00225" HPOS="2323" VPOS="3605" WIDTH="12"/>
						<String ID="P34_ST00258" HPOS="2335" VPOS="3525" WIDTH="31" HEIGHT="62" CONTENT="?" WC="1.00" CC="0"/>
						<SP ID="P34_SP00226" HPOS="2366" VPOS="3605" WIDTH="75"/>
						<String ID="P34_ST00259" HPOS="2441" VPOS="3531" WIDTH="94" HEIGHT="67" CONTENT="(Er" WC="0.96" CC="306" STYLEREFS="TXT_3"/>
						<SP ID="P34_SP00227" HPOS="2535" VPOS="3605" WIDTH="45"/>
						<String ID="P34_ST00260" HPOS="2580" VPOS="3531" WIDTH="138" HEIGHT="57" CONTENT="sieht" WC="0.99" CC="06000" STYLEREFS="TXT_3"/>
						<SP ID="P34_SP00228" HPOS="2718" VPOS="3605" WIDTH="40"/>
						<String ID="P34_ST00261" HPOS="2758" VPOS="3555" WIDTH="123" HEIGHT="33" CONTENT="zum" WC="1.00" CC="000" STYLEREFS="TXT_3"/>
					</TextLine>
					<TextLine ID="P34_TL00035" HPOS="651" VPOS="3608" WIDTH="2230" HEIGHT="89">
						<String ID="P34_ST00262" HPOS="651" VPOS="3616" WIDTH="212" HEIGHT="60" CONTENT="Fenster" WC="1.00" CC="0030300" STYLEREFS="TXT_3"/>
						<SP ID="P34_SP00229" HPOS="863" VPOS="3676" WIDTH="28"/>
						<String ID="P34_ST00263" HPOS="891" VPOS="3620" WIDTH="228" HEIGHT="77" CONTENT="hinaus.)" WC="0.99" CC="07400041" STYLEREFS="TXT_3"/>
						<SP ID="P34_SP00230" HPOS="1119" VPOS="3697" WIDTH="84"/>
						<String ID="P34_ST00264" HPOS="1203" VPOS="3608" WIDTH="251" HEIGHT="70" CONTENT="Sturm!" WC="0.99" CC="004005"/>
						<SP ID="P34_SP00231" HPOS="1454" VPOS="3697" WIDTH="42"/>
						<String ID="P34_ST00265" HPOS="1496" VPOS="3610" WIDTH="262" HEIGHT="70" CONTENT="Werner" WC="1.00" CC="000200"/>
						<SP ID="P34_SP00232" HPOS="1758" VPOS="3697" WIDTH="43"/>
						<String ID="P34_ST00266" HPOS="1801" VPOS="3610" WIDTH="241" HEIGHT="71" CONTENT="Sturm." WC="0.99" CC="000403"/>
						<SP ID="P34_SP00233" HPOS="2042" VPOS="3697" WIDTH="47"/>
						<String ID="P34_ST00267" HPOS="2089" VPOS="3611" WIDTH="130" HEIGHT="70" CONTENT="Mit" WC="0.97" CC="070"/>
						<SP ID="P34_SP00234" HPOS="2219" VPOS="3697" WIDTH="35"/>
						<String ID="P34_ST00268" HPOS="2254" VPOS="3610" WIDTH="281" HEIGHT="71" CONTENT="solchem" WC="1.00" CC="0060000"/>
						<SP ID="P34_SP00235" HPOS="2535" VPOS="3697" WIDTH="38"/>
						<String ID="P34_ST00269" HPOS="2573" VPOS="3610" WIDTH="308" HEIGHT="70" CONTENT="Firlefanz" WC="0.99" CC="054305041"/>
					</TextLine>
					<TextLine ID="P34_TL00036" HPOS="651" VPOS="3695" WIDTH="2229" HEIGHT="92">
						<String ID="P34_ST00270" HPOS="651" VPOS="3695" WIDTH="134" HEIGHT="68" CONTENT="fällt" WC="0.99" CC="60300"/>
						<SP ID="P34_SP00236" HPOS="785" VPOS="3763" WIDTH="26"/>
						<String ID="P34_ST00271" HPOS="811" VPOS="3724" WIDTH="65" HEIGHT="42" CONTENT="er" WC="1.00" CC="00"/>
						<SP ID="P34_SP00237" HPOS="876" VPOS="3766" WIDTH="26"/>
						<String ID="P34_ST00272" HPOS="902" VPOS="3700" WIDTH="177" HEIGHT="67" CONTENT="mehr" WC="0.99" CC="0006"/>
						<SP ID="P34_SP00238" HPOS="1079" VPOS="3767" WIDTH="28"/>
						<String ID="P34_ST00273" HPOS="1107" VPOS="3700" WIDTH="129" HEIGHT="79" CONTENT="auf," WC="0.98" CC="0270"/>
						<SP ID="P34_SP00239" HPOS="1236" VPOS="3779" WIDTH="25"/>
						<String ID="P34_ST00274" HPOS="1261" VPOS="3700" WIDTH="89" HEIGHT="70" CONTENT="als" WC="0.98" CC="050"/>
						<SP ID="P34_SP00240" HPOS="1350" VPOS="3779" WIDTH="27"/>
						<String ID="P34_ST00275" HPOS="1377" VPOS="3701" WIDTH="242" HEIGHT="70" CONTENT="kommt" WC="0.99" CC="00005"/>
						<SP ID="P34_SP00241" HPOS="1619" VPOS="3779" WIDTH="24"/>
						<String ID="P34_ST00276" HPOS="1643" VPOS="3730" WIDTH="68" HEIGHT="42" CONTENT="er" WC="0.83" CC="03"/>
						<SP ID="P34_SP00242" HPOS="1711" VPOS="3779" WIDTH="26"/>
						<String ID="P34_ST00277" HPOS="1737" VPOS="3704" WIDTH="394" HEIGHT="83" CONTENT="geradewegs" WC="1.00" CC="0000000000"/>
						<SP ID="P34_SP00243" HPOS="2131" VPOS="3787" WIDTH="25"/>
						<String ID="P34_ST00278" HPOS="2156" VPOS="3732" WIDTH="113" HEIGHT="40" CONTENT="zur" WC="1.00" CC="000"/>
						<SP ID="P34_SP00244" HPOS="2269" VPOS="3787" WIDTH="26"/>
						<String ID="P34_ST00279" HPOS="2295" VPOS="3704" WIDTH="324" HEIGHT="82" CONTENT="Haupttür" WC="1.00" CC="00000006"/>
						<SP ID="P34_SP00245" HPOS="2619" VPOS="3787" WIDTH="25"/>
						<String ID="P34_ST00280" HPOS="2644" VPOS="3702" WIDTH="236" HEIGHT="72" CONTENT="hinein." WC="0.98" CC="0600553"/>
					</TextLine>
					<TextLine ID="P34_TL00037" HPOS="653" VPOS="3787" WIDTH="2230" HEIGHT="92">
						<String ID="P34_ST00281" HPOS="653" VPOS="3787" WIDTH="392" HEIGHT="73" CONTENT="Hoffentlich" WC="0.99" CC="30760004200"/>
						<SP ID="P34_SP00246" HPOS="1045" VPOS="3860" WIDTH="48"/>
						<String ID="P34_ST00282" HPOS="1093" VPOS="3793" WIDTH="225" HEIGHT="69" CONTENT="schläft" WC="0.99" CC="0004070"/>
						<SP ID="P34_SP00247" HPOS="1318" VPOS="3862" WIDTH="51"/>
						<String ID="P34_ST00283" HPOS="1369" VPOS="3794" WIDTH="228" HEIGHT="70" CONTENT="Flocke" WC="0.99" CC="025202"/>
						<SP ID="P34_SP00248" HPOS="1597" VPOS="3864" WIDTH="49"/>
						<String ID="P34_ST00284" HPOS="1646" VPOS="3795" WIDTH="218" HEIGHT="71" CONTENT="schon." WC="0.98" CC="000673"/>
						<SP ID="P34_SP00249" HPOS="1864" VPOS="3866" WIDTH="51"/>
						<String ID="P34_ST00285" HPOS="1915" VPOS="3809" WIDTH="143" HEIGHT="69" CONTENT="(Exit" WC="0.85" CC="00070" STYLEREFS="TXT_3"/>
						<SP ID="P34_SP00250" HPOS="2058" VPOS="3878" WIDTH="27"/>
						<String ID="P34_ST00286" HPOS="2085" VPOS="3810" WIDTH="134" HEIGHT="57" CONTENT="links" WC="0.98" CC="16340" STYLEREFS="TXT_3"/>
						<SP ID="P34_SP00251" HPOS="2219" VPOS="3878" WIDTH="21"/>
						<String ID="P34_ST00287" HPOS="2240" VPOS="3810" WIDTH="112" HEIGHT="57" CONTENT="und" WC="1.00" CC="000" STYLEREFS="TXT_3"/>
						<SP ID="P34_SP00252" HPOS="2352" VPOS="3878" WIDTH="19"/>
						<String ID="P34_ST00288" HPOS="2371" VPOS="3812" WIDTH="113" HEIGHT="55" CONTENT="tritt" WC="0.98" CC="23630" STYLEREFS="TXT_3"/>
						<SP ID="P34_SP00253" HPOS="2484" VPOS="3878" WIDTH="28"/>
						<String ID="P34_ST00289" HPOS="2512" VPOS="3809" WIDTH="165" HEIGHT="70" CONTENT="gleich" WC="0.99" CC="060600" STYLEREFS="TXT_3"/>
						<SP ID="P34_SP00254" HPOS="2677" VPOS="3879" WIDTH="24"/>
						<String ID="P34_ST00290" HPOS="2701" VPOS="3810" WIDTH="182" HEIGHT="59" CONTENT="darauf" WC="0.99" CC="000007" STYLEREFS="TXT_3"/>
					</TextLine>
					<TextLine ID="P34_TL00038" HPOS="649" VPOS="3894" WIDTH="677" HEIGHT="80">
						<String ID="P34_ST00291" HPOS="649" VPOS="3895" WIDTH="96" HEIGHT="55" CONTENT="mit" WC="0.99" CC="003" STYLEREFS="TXT_3"/>
						<SP ID="P34_SP00255" HPOS="745" VPOS="3950" WIDTH="27"/>
						<String ID="P34_ST00292" HPOS="772" VPOS="3894" WIDTH="179" HEIGHT="59" CONTENT="Sturm" WC="0.99" CC="11030" STYLEREFS="TXT_3"/>
						<SP ID="P34_SP00256" HPOS="951" VPOS="3953" WIDTH="28"/>
						<String ID="P34_ST00293" HPOS="979" VPOS="3899" WIDTH="188" HEIGHT="56" CONTENT="wieder" WC="0.99" CC="650001" STYLEREFS="TXT_3"/>
						<SP ID="P34_SP00257" HPOS="1167" VPOS="3955" WIDTH="27"/>
						<String ID="P34_ST00294" HPOS="1194" VPOS="3899" WIDTH="132" HEIGHT="75" CONTENT="auf.)" WC="0.97" CC="04643" STYLEREFS="TXT_3"/>
					</TextLine>
				</TextBlock>
			</PrintSpace>
		</Page>
	</Layout>
</alto>
