3205 4572
1369 447 133 53 Carl
1520 444 302 55 Sternheim
1846 464 21 23 *
1900 442 210 54 Tabula
2136 444 147 51 Rasa

707 447 75 59 36

796 651 324 69 Flocke:
1162 647 557 84 Barmherzigkeit!

795 742 383 71 Stander:
1202 738 350 73 Thronend
1577 737 157 70 über
1757 734 403 73 dreitausend
2185 733 408 71 Proletariern
2620 734 115 69 mit
2759 732 142 70 acht-

713 836 275 70 hundert
1036 833 96 70 bis
1182 830 418 73 zweitausend
1648 828 185 70 Mark
1874 827 427 85 Jahresgehalt
2453 825 324 86 angestellt
2825 825 112 71 der

712 930 141 70 eine
993 926 228 70 Flocke
1244 926 116 69 mit
1385 920 896 79 fünftausendsechshundert,
2298 920 271 71 Ständer
2592 921 115 67 mit
2725 917 177 73 sechs-

711 1018 674 73 tausendvierhundert
1419 1015 190 71 Mark
1640 1014 285 86 jährlich.
1959 1014 167 85 Sage
2152 1014 139 70 und
2321 1013 306 72 schreibe.

796 1113 326 70 Flocke:
1169 1110 172 71 Aber
1372 1108 166 71 doch
1574 1105 484 73 Kunstbläser
2090 1105 210 71 beide.

796 1204 375 73 Ständer:
1204 1202 147 71 Daß
1384 1202 103 70 ich
1522 1201 176 71 nicht
1729 1199 207 71 lache!
1971 1199 146 71 Was
2152 1198 108 70 hat
2283 1227 147 41 zum
2457 1199 483 70 Donnerwetter

715 1298 213 70 Kunst
960 1300 64 67 in
1056 1322 272 45 unseren
1362 1293 334 73 Betrieben
1729 1324 80 39 zu
1841 1292 286 72 suchen?
2178 1292 133 70 Das
2344 1291 145 70 sind
2521 1293 57 83 ja
2613 1289 325 80 Fossilien,

713 1391 360 70 Mammute
1118 1388 110 72 die
1270 1387 255 73 beiden.
1587 1386 229 72 Stören
1863 1413 190 44 unser
2101 1383 220 88 glattes
2373 1381 565 86 Massengeschäft.

715 1484 233 85 Liegen
1012 1512 123 40 uns
1185 1482 87 69 im
1320 1481 182 84 Weg,
1559 1479 299 73 wuchern
1905 1479 88 69 als
2034 1480 342 84 parasitäre
2423 1476 390 71 Geschwüre
2858 1505 82 40 an

711 1603 291 43 unserem
1052 1575 324 85 gesunden
1428 1574 183 71 Leib.
1659 1571 331 73 Schmeißt
2038 1573 110 78 sie,
2184 1569 251 86 pfeffert
2467 1571 113 77 sie,
2613 1569 193 84 hängt
2838 1568 104 71 die

712 1669 312 85 Blutegel!

792 1762 296 71 Flocke
1111 1776 154 68 (wird
1298 1775 375 69 ohnmächtig).

792 1855 377 71 Ständer:
1235 1852 258 71 Flocke!
1560 1852 84 70 Er
1684 1852 108 69 hat
1836 1849 279 73 wirklich
2150 1849 264 86 schlapp
2446 1847 311 86 gemacht.
2809 1861 134 68 (Mit

715 1963 191 58 kaltem
928 1963 204 58 Wasser
1159 1963 177 67 bringt
1362 1984 56 34 er
1446 1960 186 58 Flocke
1661 1961 190 57 wieder
1877 1984 66 32 zu
1972 1959 154 76 sich.)
2204 1943 240 79 Besser,
2477 1942 154 71 alter
2667 1940 275 71 Knabe?

717 2040 338 85 Jedenfalls
1088 2040 140 70 hast
1256 2040 89 69 du
1378 2039 379 70 inzwischen
1790 2036 336 85 begriffen.

795 2133 329 71 Flocke:
1172 2131 298 72 Ständer!
1505 2145 91 69 (Er
1620 2148 283 72 jammert.)

795 2225 379 72 Ständer:
1225 2224 236 71 Flenne
1492 2224 206 70 nicht!
1750 2223 146 70 Hab
1929 2222 103 69 ich
2066 2220 223 71 recht?

797 2318 325 71 Flocke:
1191 2317 395 84 Unbedingt.
1658 2314 389 73 Meilenweit
2095 2313 236 72 werfen
2391 2314 89 69 sie
2526 2342 122 40 uns
2697 2310 248 81 hinaus,

717 2413 225 70 stoßen
976 2413 117 69 mit
1129 2411 246 71 Füßen.
1425 2411 134 71 Wir
1591 2410 145 71 sind
1771 2408 305 71 verloren.
2143 2424 238 73 (Weint.)

797 2504 381 71 Ständer:
1226 2504 254 69 Erstens
1507 2516 207 57 wären
1739 2504 114 69 wir
1877 2501 176 70 nicht
2077 2500 308 71 verloren.
2414 2497 127 73 Für
2556 2528 121 40 uns
2710 2497 108 69 hat
2842 2495 105 71 die

722 2598 421 71 Konkurrenz
1183 2600 225 67 immer
1458 2599 101 68 ein
1604 2595 358 71 Plätzchen.

797 2690 328 70 Flocke:
1174 2689 200 71 Nicht
1408 2718 79 41 zu
1530 2688 283 85 gleichen
1847 2686 478 86 Bedingungen.

800 2783 383 71 Ständer:
1230 2780 186 72 Auch
1437 2812 79 40 zu
1549 2780 259 72 solchen
1826 2779 461 85 Bedingungen
2306 2777 336 72 vielleicht.
2677 2777 131 68 Das
2828 2802 121 43 nur

720 2876 103 71 für
854 2877 125 70 den
1014 2876 266 71 Notfall.
1346 2874 225 71 Zuerst
1599 2874 151 70 aber
1778 2873 113 85 gilt
1924 2902 87 51 es,
2061 2872 134 70 sich
2230 2899 113 41 zur
2368 2871 194 71 Wehr
2595 2900 79 39 zu
2714 2887 233 52 setzen.

797 2970 329 69 Flocke:
1174 2967 171 72 Zwei
1380 2967 372 72 vereinzelte
1785 2966 122 71 alte
1933 2966 243 70 Bläser!
2220 2963 403 85 Rettungslos
2662 2962 143 70 sind
2837 2962 112 70 wir

721 3062 312 71 verloren!

800 3156 381 70 Ständer:
1215 3155 202 71 Nein!
1451 3154 148 71 Was
1633 3182 126 43 war
1792 3182 78 40 zu
1903 3159 162 63 tun?

802 3248 320 70 Flocke:
1155 3248 71 84 Ja
1259 3254 169 64 was?

811 3340 365 72 Ständer:
1219 3340 126 72 Die
1371 3338 421 86 Möglichkeit
1826 3337 223 73 müßte
2081 3367 147 41 man
2270 3335 195 72 ihnen
2501 3333 449 77 beschneiden,

726 3433 631 87 Nachforschungen,
1397 3432 504 86 Spezialstudien
1935 3431 267 69 machen
2230 3461 78 39 zu
2343 3429 274 70 können.
2653 3427 129 70 Mit
2809 3427 96 70 Un-

727 3526 598 85 vorhergesehenem
1343 3525 158 71 über
1517 3526 103 70 die
1638 3525 268 85 tägliche
1912 3523 222 71 Arbeit
2151 3523 223 70 hinaus
2394 3523 91 69 sie
2500 3517 451 86 beschäftigen.

809 3617 321 71 Flocke:
1163 3619 183 71 Wie?

809 3710 382 71 Ständer:
1247 3711 160 70 Man
1451 3710 155 72 warf
1653 3710 194 71 ihnen
1901 3711 184 69 einen
2138 3705 304 88 Knüppel
2489 3704 311 72 zwischen
2847 3705 106 70 die

731 3803 213 71 Beine.

814 3894 322 72 Flocke:
1169 3897 109 68 Du
1313 3894 241 72 folterst
1581 3895 194 71 mich.
