3284 4572
658 413 37 62 8

1162 421 145 52 Rene
1330 420 270 53 Schickele
1627 435 22 26 *
1674 420 110 52 Der
1810 419 227 53 Mensch
2064 419 76 53 im
2168 420 215 67 Kampf

658 622 209 84 digen,
908 622 104 69 die
1047 621 389 86 Blutzeugen
1474 622 167 70 ihrer
1677 620 558 81 Gemeinsamkeit,
2273 621 136 70 und
2444 647 68 44 er
2549 621 207 70 betete
2791 621 104 70 für

659 715 124 71 den
823 714 420 71 Fortbestand
1279 715 165 70 ihres
1480 712 620 71 leidenschaftlichen
2136 711 283 72 Willens.

741 806 192 71 Denn
959 807 205 70 nichts
1190 810 80 67 ist
1294 807 236 70 sinnlos
1555 806 103 70 für
1681 806 146 79 den,
1853 806 111 70 der
1988 806 200 70 Sinne
2211 807 127 79 hat,
2363 806 135 70 und
2521 805 170 85 jedes
2715 805 144 71 Blut-

659 900 181 85 opfer
884 903 81 68 ist
1008 901 113 70 der
1163 901 185 70 letzte
1390 900 211 70 Ernst.

745 994 108 69 Ich
899 995 180 83 neige
1122 994 169 70 mich
1333 993 116 70 tief
1489 1021 112 42 vor
1647 992 259 69 Charles
1952 992 213 85 Peguy
2206 993 137 70 und
2386 993 279 70 beweine
2706 992 191 71 Ernst

661 1087 268 71 Stadler.
990 1087 184 84 Jener
1210 1114 126 43 war
1371 1087 116 68 seit
1522 1087 279 82 zwanzig
1835 1086 230 82 Jahren
2103 1086 222 69 darauf
2359 1087 395 79 vorbereitet,
2792 1086 105 69 für

660 1182 140 67 eine
829 1180 145 69 Idee
999 1210 79 39 zu
1105 1180 270 78 sterben,
1404 1178 123 80 die,
1554 1178 109 70 auf
1687 1178 149 70 dem
1863 1177 451 81 Schlachtfeld,
2342 1180 104 68 die
2471 1181 172 67 seine
2667 1178 226 79 bliebe,

661 1272 251 70 bleiben
950 1271 238 80 mußte,
1225 1271 140 71 weil
1402 1303 65 38 es
1503 1274 172 67 seine
1710 1274 216 82 eigene
1966 1271 144 70 Idee
2143 1299 127 43 war
2306 1272 136 69 und
2477 1272 111 69 das
2626 1271 128 70 klar
2791 1303 70 53 ge-

659 1365 208 71 wollte
894 1364 221 85 Opfer.
1167 1364 84 70 Er
1277 1365 248 70 schrieb
1555 1365 246 80 „Notre
1826 1364 242 71 Patrie“
2099 1365 136 69 und
2259 1364 216 80 Verse,
2503 1366 66 68 in
2596 1365 205 69 denen
2829 1392 66 42 er

660 1460 212 68 seinen
906 1458 136 68 und
1077 1459 203 69 seiner
1317 1456 398 72 Kameraden
1750 1456 148 72 Tod
1931 1458 183 82 Jahre
2147 1456 89 69 im
2273 1484 223 44 voraus
2532 1476 283 64 segnete:

744 1642 347 80 „Heureux
1124 1672 160 41 ceux
1317 1643 109 84 qui
1464 1661 143 52 sont
1644 1661 195 52 morts
1875 1643 157 70 dans
2068 1643 88 70 les
2192 1642 266 85 grandes
2494 1642 277 70 batailles

741 1735 292 71 Couches
1078 1736 220 70 dessus
1341 1736 58 70 le
1441 1736 93 68 sol
1577 1741 36 63 ä
1654 1735 58 69 la
1754 1735 137 71 face
1931 1736 82 70 de
2055 1735 234 69 Dieu.“

659 1921 226 71 Dieser
906 1921 98 70 litt
1026 1919 344 87 unsäglich,
1394 1921 95 70 bis
1512 1949 87 52 er,
1621 1921 163 70 auch
1806 1949 66 42 er
1893 1923 183 68 einen
2100 1921 160 70 Sinn
2282 1920 154 71 fand
2457 1920 103 71 für
2580 1921 125 70 den
2728 1920 167 81 Tod,

660 2015 125 70 den
829 2043 86 52 er,
960 2015 160 70 auch
1164 2042 68 42 er
1290 2033 304 61 erwartet,
1638 2044 185 41 wenn
1865 2015 163 69 auch
2072 2015 176 69 nicht
2411 2014 248 85 gewollt
2703 2015 192 79 hatte,

660 2108 175 69 nicht
877 2107 111 70 auf
1028 2108 112 69 der
1183 2107 214 80 Stelle,
1440 2137 100 40 wo
1582 2135 67 42 er
1693 2108 110 69 ihn
1845 2107 154 70 traf:

826 2293 213 80 „Aber
1070 2295 170 68 eines
1275 2292 305 85 Morgens
1613 2292 181 70 rollte
1826 2292 201 70 durch
2061 2292 329 70 Nebelluft
2422 2293 110 69 das
2566 2292 174 70 Echo
2772 2323 125 39 von

1234 2385 320 85 Signalen,

825 2479 181 80 Hart,
1041 2479 230 80 scharf,
1305 2481 118 69 wie
1456 2478 433 71 Schwerthieb
1924 2478 306 85 pfeifend.
2287 2478 84 69 Es
2404 2505 127 44 war
2564 2481 118 68 wie
2712 2509 185 41 wenn

1234 2573 89 67 im
1367 2572 256 69 Dunkel
1667 2570 296 85 plötzlich
2009 2572 256 69 Lichter
2306 2570 110 70 auf
2418 2572 297 69 strahlen.

825 2664 83 71 Es
964 2693 147 53 war,
1171 2667 119 68 wie
1346 2695 183 40 wenn
1587 2665 202 70 durch
1848 2664 398 71 Biwakfrühe
2303 2664 595 85 Trompetenstösse

1234 2757 252 80 klirren,

826 2852 126 69 Die
979 2851 423 70 Schlafenden
1431 2850 406 85 aufspringen
1865 2851 136 70 und
2029 2851 103 70 die
2159 2850 176 71 Zelte
2361 2848 374 87 abschlagen
2762 2850 136 69 und

1235 2944 105 69 die
1381 2942 226 71 Pferde
1649 2944 303 69 schirren.

829 3036 107 70 Ich
960 3064 128 43 war
1112 3038 66 68 in
1205 3036 241 70 Reihen
1472 3036 447 84 eingeschient,
1945 3036 104 70 die
2075 3038 63 67 in
2166 3036 123 70 den
2317 3035 273 85 Morgen
2631 3034 264 80 stießen,

1239 3129 200 70 Feuer
1482 3130 159 70 über
1684 3129 191 71 Helm
1917 3130 136 69 und
2096 3129 220 85 Bügel,

825 3222 338 80 Vorwärts,
1190 3224 64 68 in
1281 3222 175 70 Blick
1480 3223 136 69 und
1639 3222 150 70 Blut
1814 3223 103 70 die
1943 3222 317 80 Schlacht,
2288 3223 116 69 mit
2429 3220 469 86 vorgehaltnem

1237 3313 219 87 Zügel.

825 3406 330 72 Vielleicht
1191 3408 262 70 würden
1489 3439 121 38 uns
1647 3439 103 39 am
1784 3407 232 71 Abend
2053 3407 504 85 Siegesmärsche
2590 3438 96 39 um-

1235 3502 312 69 streichen
1567 3532 16 49 ;

825 3591 330 74 Vielleicht
1191 3593 180 86 lägen
1408 3596 113 69 wir
1558 3594 321 85 irgendwo
1915 3594 421 85 ausgestreckt
2373 3613 186 51 unter
2597 3593 300 71 Leichen.

825 3687 173 69 Aber
1040 3716 112 42 vor
1195 3688 147 70 dem
1385 3687 289 71 Erraffen
1717 3688 136 70 und
1895 3715 111 43 vor
2048 3688 147 68 dem
2237 3688 351 70 Versinken

826 3779 282 71 Würden
1152 3808 191 42 unsre
1384 3779 226 85 Augen
1654 3781 134 68 sich
1830 3811 80 38 an
1954 3779 167 71 Welt
2162 3779 136 70 und
2342 3778 217 72 Sonne
2601 3797 119 51 satt
2763 3779 135 69 und

1235 3873 281 85 glühend
1557 3872 313 71 trinken.“
