3201 4572
1079 414 130 52 Carl
1232 414 300 54 Sternheim
1560 432 20 25 *
1609 416 210 53 Tabula
1847 419 145 50 Rasa

2568 422 77 60 37

485 611 379 71 Ständer:
900 612 160 70 Man
1094 616 200 82 zeigte
1328 618 100 69 ein
1473 619 206 84 wenig
1713 617 254 72 Talent.

486 705 329 69 Flocke:
848 705 173 71 Aber
1054 708 162 70 wie?

483 797 381 71 Ständer:
906 797 70 70 In
1003 800 104 71 die
1132 800 398 89 beiderseitig
1553 805 385 85 ungetrübte
1963 805 480 75 Zufriedenheit
2470 809 167 73 fährt

405 889 299 85 plötzlich
737 890 106 71 die
875 894 376 71 stürmische
1285 894 369 87 Forderung
1684 899 114 70 der
1828 898 317 72 Arbeiter.

487 984 319 71 Flocke:
851 985 125 70 Die
1018 986 385 74 Bibliothek!
1445 1004 91 68 (Er
1557 1004 219 60 klatscht
1803 1008 55 57 in
1887 1008 86 56 die
2001 1008 235 78 Hände.)

483 1075 379 73 Ständer:
903 1078 155 70 Und
1094 1080 174 70 nicht
1306 1084 116 68 mit
1459 1083 324 86 lumpigen
1821 1086 274 86 fünfzig-
2133 1088 155 70 oder
2326 1089 267 70 hundert-

398 1171 270 68 tausend
696 1171 208 69 Mark.
955 1172 118 70 Ein
1103 1174 572 73 Monumentalbau
1701 1182 116 66 mit
1845 1179 429 73 bedeutender
2301 1182 328 83 Bücherei,

401 1281 117 50 mit
579 1262 232 80 Fonds,
871 1263 503 73 Bibliothekaren
1432 1270 136 68 und
1624 1270 428 85 Angestellten
2110 1275 158 70 wird
2326 1276 301 85 verlangt.

398 1353 423 88 Voranschlag
854 1359 167 68 rund
1068 1361 139 67 eine
1243 1361 276 70 Million.
1579 1362 455 85 Festgeschenk
2067 1367 112 70 der
2214 1366 420 74 Gesellschaft

407 1477 83 39 an
533 1447 103 70 die
674 1447 311 72 Arbeiter.

481 1539 325 72 Flocke:
856 1543 111 68 Du
986 1543 229 70 hattest
1233 1564 207 51 zuerst
1458 1547 123 69 den
1601 1547 372 73 Gedanken.
2018 1552 106 68 Ich
2141 1553 160 70 weiß
2319 1585 63 39 es
2401 1586 225 53 genau.

477 1640 380 73 Ständer:
901 1644 287 70 Meinem
1225 1644 178 85 Kopf
1447 1648 80 69 ist
1576 1648 111 70 der
1736 1649 151 70 Plan
1934 1670 448 67 entsprungen.
2430 1656 193 71 Dann

396 1733 124 84 gab
574 1764 64 39 es
694 1765 183 39 einen
934 1736 245 84 bangen
1234 1738 395 84 Augenblick
1684 1741 143 85 lang
1882 1742 103 71 die
2025 1743 450 89 Befürchtung,
2512 1748 113 70 der

393 1825 422 72 Aufsichtsrat
854 1828 296 86 bewilligt
1188 1831 103 70 die
1332 1831 369 86 Forderung
1738 1835 112 70 der
1887 1835 451 86 Angestellten.

478 1917 326 73 Flocke:
848 1920 84 70 Er
974 1921 212 71 lehnte
1229 1926 89 68 sie
1361 1926 394 82 gottseidank
1795 1928 102 69 ab.

475 2010 376 72 Ständer:
924 2014 198 70 Nicht
1163 2015 112 70 der
1319 2015 413 74 Kostenhöhe
1771 2051 236 54 wegen.
2072 2021 173 73 Aber
2284 2025 172 70 seine
2490 2024 87 72 Ge-

395 2103 269 71 schenke
699 2135 79 39 an
816 2136 120 39 uns
975 2107 130 69 läßt
1141 2136 68 40 er
1245 2109 134 69 sich
1417 2112 175 68 nicht
1629 2113 462 71 vorschreiben.

481 2194 315 73 Flocke:
839 2198 92 81 Ja,
975 2229 79 53 ja.
1106 2212 94 69 (Er
1228 2213 238 79 kichert.)

472 2287 382 74 Ständer:
900 2291 108 70 Ich
1050 2292 148 70 aber
1239 2295 221 69 mache
1501 2296 123 70 den
1670 2296 330 72 Genossen
2043 2300 160 71 klar:
2248 2300 372 73 Geschenke

389 2394 229 69 mögen
671 2383 112 68 wir
837 2383 355 86 überhaupt
1247 2387 194 70 nicht.
1519 2389 110 69 Bei
1684 2390 243 70 solcher
1982 2391 433 86 Gelegenheit,
2471 2396 147 70 dem

391 2469 599 74 Generalüberbhck
1038 2476 157 70 über
1243 2508 336 42 unsere
1628 2480 405 86 Tüchtigkeit
2081 2485 215 70 hätten
2344 2514 113 43 wir
2505 2489 112 70 das

391 2561 222 82 Recht,
642 2565 156 83 groß
825 2568 136 68 und
989 2568 359 72 bedeutend
1374 2602 80 38 zu
1482 2571 278 73 fordern.

473 2654 325 72 Flocke:
840 2659 235 70 Bravo!

467 2745 375 74 Ständer:
875 2750 124 72 Die
1024 2753 356 86 Bewegung
1412 2757 107 68 hin
1550 2758 135 69 und
1710 2759 229 70 wieder
1969 2761 214 80 nahm,
2209 2764 117 69 wie
2357 2792 220 42 voraus-

386 2838 287 81 gesehen,
699 2841 230 83 täglich
955 2875 80 38 an
1065 2846 281 85 Umfang
1370 2879 100 48 zu,
1498 2850 134 68 und
1658 2851 188 70 heute
1873 2852 372 86 beschäftigt
2272 2856 103 70 die
2402 2857 211 71 Leiter

384 2928 111 69 der
536 2930 224 69 Werke
807 2936 116 66 mit
974 2935 461 83 Konferenzen,
1487 2942 383 82 gemischten
1916 2944 512 73 Kommissionen
2479 2950 136 70 und

384 3018 394 87 Beratungen
831 3055 72 38 so
955 3046 110 64 gut
1118 3032 117 66 wie
1285 3032 476 70 ausschließlich
1814 3035 103 70 die
1969 3036 474 88 Entscheidung
2496 3041 112 70 der

384 3111 220 85 Frage.

463 3204 324 72 Flocke:
826 3208 527 85 Ausgezeichnet!
1417 3229 93 66 (Er
1538 3232 243 57 schüttelt
1809 3233 225 58 Ständer
2061 3237 85 56 die
2169 3238 232 76 Hände.)

462 3297 376 72 Ständer:
878 3302 347 83 Langsam;
1265 3307 102 68 die
1407 3307 240 71 Gefahr
1684 3331 80 48 ist
1802 3313 174 69 nicht
2014 3317 292 70 vorüber.
2372 3318 234 71 Immer

379 3391 228 68 wieder
645 3392 133 82 gibt
816 3422 65 40 es
919 3393 448 85 Augenblicke,
1411 3430 63 38 in
1515 3401 205 70 denen
1762 3403 183 71 beide
1986 3406 282 72 Parteien
2308 3411 110 68 auf
2457 3412 149 71 dem

378 3481 207 71 Punkt
630 3485 238 78 stehen,
917 3516 87 38 im
1051 3487 300 72 Hinblick
1394 3492 109 69 auf
1548 3495 110 68 das
1705 3496 277 71 deutlich
2029 3504 422 80 gemeinsame
2500 3505 70 70 In-

377 3591 232 54 teresse
655 3604 110 42 zur
812 3577 314 87 Einigung
1172 3612 79 38 zu
1299 3584 316 72 kommen.
1687 3587 350 74 Besonders
2086 3595 65 67 in
2199 3595 125 70 den
2373 3596 231 73 letzten

377 3665 223 86 Tagen
631 3698 126 42 war
786 3670 101 70 die
919 3670 240 72 Gefahr
1188 3674 178 85 groß.

458 3760 320 74 Flocke:
821 3763 320 73 Wirklich.

456 3852 373 74 Ständer:
886 3857 338 73 Geschickt
1265 3862 262 71 arbeitet
1569 3864 296 74 Direktor
1908 3869 303 86 Schippel
2255 3877 116 69 mit
2414 3880 193 68 senti-
