3201 4572
1422 398 222 52 Glossen

2602 401 75 60 89

385 614 134 61 noch
549 614 91 56 der
669 611 376 67 bestgebauten
1080 611 429 66 „Geschichten“

385 695 137 57 alten
550 690 157 57 Stiles
735 689 94 57 soll
859 689 113 57 hier
1000 691 116 56 eine
1138 691 263 69 Disziplin
1426 691 56 59 Fi-

385 793 96 48 gur
521 769 228 63 werden,
789 767 86 58 die
902 766 161 59 voller
1090 767 386 71 Entwicklungs-

386 845 400 71 möglichkeiten
800 844 183 59 steckt.
994 844 139 58 Statt
1144 846 93 57 des
1247 847 73 56 im
1331 846 142 59 Grun-

385 929 65 56 de
488 924 145 58 nicht
672 922 147 57 mehr
854 922 120 57 sehr
1002 924 260 57 variablen
1292 925 218 58 Außens

385 1005 129 58 wird
544 1004 92 55 der
664 1000 417 70 tausendfältige,
1110 1002 136 57 noch
1275 1028 200 44 unange-

385 1096 184 45 tastete
610 1079 193 57 Schatz
840 1080 92 56 des
978 1080 192 57 Innens
1207 1082 53 56 in
1302 1081 208 69 Angriff

385 1180 312 48 genommen
739 1180 104 33 von
888 1157 143 56 einer
1073 1156 177 67 Hand,
1292 1160 85 56 die
1405 1160 103 56 den

385 1235 300 59 diffizilsten
702 1233 234 72 Apparat
963 1235 167 58 sicher
1160 1260 67 33 zu
1248 1236 261 58 bedienen

384 1313 151 60 weiß.
559 1313 138 58 Kein
720 1312 283 69 irgendwie
1025 1313 53 56 in
1099 1313 261 58 Personen
1384 1315 127 57 oder

385 1392 202 59 Sachen
615 1391 332 69 eingehakter
979 1391 216 58 Konflik
1222 1392 156 70 spielt
1400 1392 110 59 sich

385 1468 254 60 zwischen
666 1470 101 56 den
791 1468 294 58 bekannten
1105 1468 246 59 Kulissen
1368 1471 143 57 einer

385 1564 123 42 stets
525 1548 289 66 vorrätigen
833 1546 329 70 Körperwelt
1181 1547 85 66 ab,
1284 1548 225 56 sondern

384 1626 144 56 nicht
570 1623 150 57 mehr
747 1625 110 55 und
888 1623 148 59 nicht
1064 1626 229 67 weniger
1320 1625 73 57 als
1422 1625 88 57 die

385 1727 161 45 ganze
573 1702 409 69 Tragikomödie
1011 1703 91 56 des
1135 1702 346 59 Intellekt-Le-

385 1782 128 56 bens
578 1781 105 68 (die
738 1780 338 71 Geographie
1132 1782 92 56 des
1280 1782 229 57 Kosmos

387 1858 233 76 „Hirn“)
646 1858 133 57 wird
805 1882 123 33 zum
950 1858 278 57 erstenmal
1248 1858 75 57 als
1346 1858 137 59 Stoff-

384 1937 171 67 gebiet
583 1936 236 70 epischer
836 1936 315 68 Belichtung
1171 1936 340 70 freigemacht

387 2015 110 57 und
525 2035 92 35 zur
634 2013 230 57 Debatte
888 2013 226 69 gestellt.
1141 2015 139 67 Jetzt
1308 2016 125 67 geht
1454 2040 55 33 es

384 2116 90 32 um
518 2091 480 68 Komplizierteres,
1050 2092 75 57 als
1179 2117 91 32 um
1312 2093 168 57 Zufall-

385 2168 352 69 hemmungen
789 2171 113 56 und
941 2169 536 69 Augenblickshinder-

384 2248 151 64 nisse,
579 2247 85 57 die
692 2248 83 56 ein
805 2247 384 70 Arrangement
1215 2251 74 56 im
1320 2249 186 58 Husch

382 2323 216 69 erledigt
729 2324 93 58 der
845 2324 202 59 härtere
1069 2326 202 70 Kampf
1297 2327 92 57 des
1412 2327 63 57 Er-

384 2401 228 57 kennens
639 2403 66 56 ist
734 2403 92 56 das
850 2402 176 58 Motiv
1054 2406 95 54 mit
1170 2403 134 59 allen
1326 2406 180 56 seinen

382 2477 261 68 Ekstasen,
702 2479 261 68 Gebeten,
1021 2481 305 67 Grotesken,
1393 2483 84 59 Bit-

381 2558 271 64 ternissen,
724 2558 395 70 Winkelzügen,
1170 2559 301 71 Widersprü-

381 2633 130 58 chen
566 2637 112 56 und
744 2637 343 58 unstillbaren
1137 2638 367 60 Sehnsüchten

381 2710 130 56 über
558 2713 116 66 jede
716 2712 278 71 Erfüllung
1035 2716 205 58 hinaus.
1283 2716 194 68 („Stoff-

381 2787 252 68 losigkeit,
671 2789 429 71 Stofflosigkeit“,
1143 2794 263 57 knirschte
1450 2817 56 36 er

382 2888 91 33 vor
499 2867 205 77 Wut.“)
733 2870 155 58 Neue
917 2872 585 70 Höllenwanderungen

382 2943 116 56 sind
526 2968 66 32 zu
613 2944 268 69 bestehen,
911 2949 124 57 aber
1057 2950 86 56 die
1165 2950 339 69 Purgatorien

382 3019 202 58 heissen
627 3023 180 68 Logik,
854 3027 198 66 Erotik,
1087 3029 278 69 Ideologie,
1397 3031 70 55 Ro-

381 3098 213 66 mantik,
624 3099 383 74 Selbstbetrug,
1038 3107 111 57 und
1179 3108 94 56 der
1289 3107 121 58 Tod
1436 3111 68 54 ist

382 3175 163 64 mehr,
575 3177 75 55 als
672 3178 216 71 Lösung
903 3183 94 56 der
1010 3183 365 60 Dissonanzen
1392 3187 112 56 und

380 3251 162 59 erhält
584 3255 205 60 endlich
832 3262 142 56 seine
1017 3262 332 58 schlichteste
1377 3264 94 57 Ver-

380 3326 228 72 klärung.
638 3331 186 61 Einem
854 3361 57 33 so
932 3338 301 60 exklusiven
1259 3340 213 59 Futuris-

380 3428 115 34 mus
540 3406 95 68 (im
678 3410 239 60 besseren
960 3417 111 57 und
1114 3418 187 58 besten
1336 3418 165 58 Sinne

380 3483 90 56 des
498 3483 242 81 Wortes),
781 3490 93 59 der
916 3493 128 58 heut
1083 3495 136 57 noch
1261 3498 55 56 in
1344 3513 132 42 trost-

380 3558 131 59 loser
537 3563 319 63 Einsamkeit
884 3572 225 67 dasteht,
1149 3574 168 58 bleibt
1346 3575 156 59 kaum

381 3653 151 43 etwas
597 3645 217 57 anderes
867 3648 172 70 übrig,
1108 3650 73 57 als
1236 3653 112 57 sich
1416 3655 88 56 die

380 3712 326 65 Schwermut
729 3725 168 56 seines
911 3725 212 60 Abseits
1143 3729 168 58 durch
1328 3732 173 58 Ironie

380 3814 63 32 zu
471 3794 324 71 erleichtern,
832 3804 110 56 und
972 3805 259 57 natürlich
1260 3808 241 58 verführt

380 3867 160 60 schon
578 3874 90 57 das
695 3875 334 64 Bewußtsein
1058 3906 143 34 einer
1228 3909 241 46 exponier-

1550 630 89 42 ten
1657 614 372 58 Souveränität
2048 614 153 67 dazu,
2224 614 341 70 gelegentlich
2582 639 96 37 aus

1552 695 199 55 seinem
1782 690 195 60 Gesetz
2017 694 118 54 eine
2160 691 287 60 Akrobatik
2472 719 65 32 zu
2568 719 72 33 ma-

1550 770 153 57 chen.
1736 771 178 65 „Kein
1933 770 147 69 Ding
2105 783 160 56 gerät,
2295 795 66 32 an
2391 773 120 55 dem
2532 774 146 57 nicht

1549 851 94 55 der
1671 844 265 63 Übermut
1976 850 110 57 sein
2118 849 116 57 Teil
2264 849 144 67 hat“,
2452 850 145 58 heißt
2622 869 55 39 es

1550 926 86 57 bei
1665 927 302 58 Nietzsche.
1997 926 134 59 Man
2161 926 117 59 darf
2302 929 50 67 ja
2380 927 134 58 auch
2533 929 145 56 nicht

1550 1028 294 46 vergessen,
1887 1006 104 57 daß
2020 1006 240 57 Einstein
2304 1006 110 57 sich
2455 1006 221 57 faktisch

1550 1098 105 42 erst
1688 1084 87 56 die
1804 1085 199 56 seinem
2032 1084 202 58 Wollen
2263 1084 415 71 entsprechende

1549 1185 137 33 neue
1713 1161 234 70 Sprache
1983 1162 232 58 schaffen
2246 1162 201 66 mußte,
2490 1162 103 58 daß
2621 1184 57 37 er

1549 1239 109 56 also
1685 1263 320 45 gezwungen
2037 1241 85 65 ist,
2152 1241 298 57 manchmal
2478 1241 170 69 gleich-

1553 1340 110 33 sam
1704 1317 166 58 durch
1906 1320 85 55 ein
2022 1319 330 58 Kunststück
2377 1319 111 58 sich
2516 1319 161 57 selbst

1553 1418 65 31 zu
1646 1394 130 57 über
1780 1394 196 58 bieten.
2025 1396 308 69 Abgesehen
2364 1397 169 58 davon
2563 1396 113 59 und

1552 1471 292 69 abgesehen
1873 1496 100 35 von
2003 1475 142 57 einer
2173 1477 249 66 gewissen
2451 1475 225 58 Anämie

1554 1549 89 57 hat
1694 1550 91 56 das
1825 1550 150 57 Buch
2017 1552 134 57 doch
2193 1554 84 55 die
2320 1555 354 68 Konsequenz

1553 1626 112 57 und
1680 1626 93 57 das
1783 1626 413 70 Gleichgewicht
2210 1632 167 56 seiner
2386 1631 286 57 erstrebten

1552 1703 268 68 Struktur,
1865 1706 112 57 und
2019 1730 118 33 man
2180 1709 131 55 wird
2352 1720 171 58 später
2560 1709 116 57 hier

1552 1781 324 71 anknüpfen,
1900 1785 111 56 und
2027 1783 277 59 Grundriß
2317 1789 169 54 seiner
2500 1809 172 35 neuen

1554 1860 243 70 Gattung
1850 1863 131 56 wird
2023 1863 141 58 diese
2206 1863 119 58 Bild
2366 1866 307 66 gewordene

1553 1937 337 73 Philosophie
1944 1941 229 66 werden,
2227 1941 169 57 dieses
2450 1942 192 57 konzen-

1550 2018 199 64 trierte,
1804 2017 370 60 unmittelbare
2221 2018 342 72 Denk-Epos,
2618 2021 54 56 in

1550 2095 122 57 dem
1714 2097 94 56 der
1844 2095 331 59 Tatbestand
2216 2097 82 57 bis
2343 2120 95 34 zur
2465 2097 174 59 Durch-

1550 2172 296 69 sichtigkeit
1860 2173 254 69 geläutert
2128 2176 112 56 und
2255 2176 92 56 das
2361 2175 312 69 Schwingen

1548 2274 66 33 an
1651 2250 270 58 burlesken
1953 2251 271 71 Trapezen
2254 2252 136 59 noch
2418 2255 256 57 artistisch

1548 2330 202 66 graziös
1778 2330 113 57 und
1926 2330 305 58 beherrscht
2259 2332 85 57 ist.
2399 2331 68 58 Es
2495 2333 66 55 ist
2589 2333 84 56 ein

1548 2407 446 71 Aussichtspunkt
2019 2411 56 54 in
2103 2410 86 57 die
2216 2408 117 60 Zeit
2361 2408 197 68 hinein,
2594 2435 80 33 wo

1549 2485 92 58 der
1671 2485 154 59 Geist
1853 2488 193 56 wieder
2074 2487 150 57 mehr
2253 2487 297 66 vorstellen,
2592 2512 82 35 wo

1548 2563 94 56 das
1670 2563 385 57 Groschenleid
2089 2565 93 57 der
2199 2563 209 59 Herzen
2433 2566 127 57 oder
2579 2566 94 58 der

1548 2639 197 59 Hüllen
1802 2642 147 58 nicht
2010 2643 149 56 mehr
2206 2667 58 33 so
2305 2643 368 59 erschütternd

2171 2709 11 10 •
2191 2709 10 10 •

1545 2742 315 43 genommen
1903 2721 114 56 und
2044 2721 93 56 der
2160 2719 328 72 Überschlag
2514 2721 131 68 allge-

1547 2798 138 55 mein
1729 2798 110 56 sein
1882 2798 148 64 wird,
2074 2798 103 57 daß
2217 2799 88 56 die
2331 2798 338 69 Erregungen

1547 2876 94 56 der
1655 2874 185 59 Seelen
1856 2877 186 56 immer
2057 2892 156 42 etwas
2227 2877 444 71 Aufgepäppeltes

1545 2953 112 57 und
1679 2953 584 59 Kitschnachbarliches
2292 2954 260 66 behalten,
2575 2957 96 57 der

1548 3031 151 57 Geist
1785 3032 125 57 aber
1995 3032 368 70 Explosionen,
2448 3033 220 69 Jagden,

1545 3108 314 58 Schlachten
1902 3111 112 57 und
2061 3109 297 71 Triumphe
2404 3112 264 57 schenken

1545 3187 155 65 kann,
1755 3187 86 57 die
1898 3187 439 70 unvergleichlich
2391 3189 113 56 rein
2556 3191 113 56 und

1545 3264 272 59 fruchtbar
1845 3267 136 57 sind.
2013 3267 127 57 Und
2161 3267 102 57 daß
2286 3267 91 57 der
2400 3266 155 58 Geist
2577 3268 92 57 das

1545 3343 300 69 energische
1882 3344 110 57 und
2029 3343 311 58 machtvolle
2367 3343 178 70 Agens
2573 3367 95 36 zur

1545 3420 237 60 Zukunft
1809 3423 93 57 ist!

1624 3498 114 58 Wie
1780 3499 143 59 diese
1964 3498 237 61 Zukunft
2241 3499 162 57 schon
2446 3499 127 59 heut
2613 3502 55 57 in

1544 3577 102 57 den
1691 3577 440 71 Kompositionen
2175 3577 273 58 bildender
2491 3578 180 60 Kunst

1543 3655 112 58 sich
1682 3657 267 64 andeutet,
1973 3657 90 58 das
2084 3681 66 33 zu
2173 3657 372 66 untersuchen,
2568 3682 68 33 un-

1543 3733 311 58 ternahmen
1902 3734 267 57 Einsteins
2218 3733 450 71 Kundgebungen

1542 3810 134 58 über
1684 3812 391 68 Ausgestelltes,
2089 3812 184 66 Maler,
2286 3810 385 61 Malerkritiker

1543 3890 112 58 und
1684 3890 349 68 dergleichen.
2077 3892 129 58 Und
2229 3916 101 34 von
2364 3892 93 57 der
2479 3892 189 58 Orien-
