3251 4572
702 420 73 59 58

1246 432 174 53 Oskar
1446 434 179 54 Baum
1701 436 107 53 Die
1837 437 198 69 Gegner
2063 441 88 51 des
2176 442 225 67 Krieges

867 1287 242 81 DIE
1167 1290 579 89 GEGNER
1807 1297 249 84 DES
2117 1300 622 87 KRIEGES

1508 1096 258 81 Oskar
1835 1096 276 81 Baum

1058 1484 303 62 Gedanken
1383 1494 100 53 des
1503 1491 235 70 blinden,
1766 1495 132 57 sehr
1911 1493 196 78 feinen
2135 1496 215 81 Präger
2372 1499 258 61 Dichters
2655 1509 136 54 über
2814 1510 101 54 den

1055 1565 217 79 IKrieg;
1299 1568 133 57 eher
1453 1569 241 58 Notizen
1723 1578 114 52 und
1853 1573 461 81 ‘Betrachtungen,
2342 1578 92 58 als
2460 1587 86 50 ein

703 1733 73 128 Jh
811 1735 48 71 S
909 1739 156 71 muß
1116 1772 123 41 von
1290 1745 372 72 vornherein
1721 1780 457 54 angenommen
2226 1756 270 81 werden,
2555 1759 124 70 daß
2720 1762 192 84 jeder,

852 1832 272 71 welcher
1176 1836 372 83 politischen
1600 1841 150 70 oder
1784 1843 554 87 philosophischen
2373 1848 341 89 Richtung,
2763 1856 112 68 wel-

679 1921 184 71 chem
896 1924 195 72 Beruf
1122 1928 151 70 oder
1303 1928 200 73 Stand
1535 1960 65 42 er
1632 1935 161 69 auch
1823 1937 332 84 angehöre,
2187 1942 461 83 grundsätzlich
2678 1946 102 71 für
2808 1949 104 69 die

675 2013 442 91 Abschaffung
1173 2021 111 70 des
1334 2024 376 83 physischen
1762 2027 263 87 Krieges
2081 2034 111 70 sei.
2265 2034 149 71 Wer
2470 2067 79 39 an
2608 2041 139 68 eine
2792 2040 117 71 Art

678 2106 472 88 Gottesgericht
1181 2112 249 86 glaubt:
1477 2118 125 69 daß
1635 2120 148 70 dem
1817 2121 205 70 Recht
2053 2125 224 70 immer
2301 2126 103 72 die
2430 2130 261 83 größere
2720 2133 188 70 Kraft

677 2200 396 85 innewohne,
1101 2233 127 43 wer
1244 2209 65 67 in
1328 2208 365 73 Nietzsches
1714 2213 249 71 Namen
1983 2214 105 72 für
2104 2217 125 71 den
2248 2218 440 86 Schwächern,
2710 2227 156 70 wohl-

674 2294 282 83 gemerkt
1003 2295 123 71 den
1162 2299 297 84 physisch
1493 2302 442 83 Schwächern,
1983 2308 111 70 das
2129 2309 158 84 Joch
2322 2313 152 70 oder
2507 2316 124 68 den
2668 2318 197 70 Unter-

673 2415 166 56 gang
861 2389 119 69 mit
995 2389 430 74 distanzierter
1440 2394 255 85 Allgüte
1710 2398 88 70 als
1820 2398 101 71 für
1940 2401 108 71 ihn
2068 2406 365 85 notwendig
2448 2408 136 71 und
2601 2412 304 83 geradezu

674 2477 395 86 beglückend
1116 2483 387 84 herabbetet,
1554 2491 118 68 mit
1719 2491 149 72 dem
1917 2493 164 70 kann
2126 2497 101 70 ich
2262 2500 171 70 mich
2465 2500 440 90 ebensowenig

673 2600 115 41 wie
821 2593 116 49 mit
970 2577 222 82 irgend
1238 2608 173 42 einer
1442 2580 120 71 Art
1602 2613 124 39 von
1760 2585 444 85 Aberglauben
2253 2596 649 73 auseinandersetzen.

670 2661 85 71 Er
779 2667 157 69 wird
956 2669 371 73 historische
1345 2674 275 72 Beweise
1639 2675 242 84 finden,
1908 2681 136 70 und
2062 2683 102 70 ich
2182 2685 208 70 werde
2408 2685 494 88 Gegenbeweise

669 2756 433 85 heranziehen,
1152 2764 137 69 und
1337 2766 116 69 wir
1484 2769 253 70 werden
1771 2801 79 39 zu
1884 2772 248 71 keinem
2166 2775 179 72 Ende
2395 2778 316 84 kommen,
2761 2786 138 68 weil

666 2853 113 66 wir
804 2853 177 70 nicht
998 2883 110 41 um
1135 2858 102 69 ein
1257 2857 268 83 Wissen,
1559 2863 275 70 sondern
1858 2893 113 44 um
1996 2885 188 53 etwas
2208 2868 384 86 Geglaubtes
2618 2878 279 80 streiten,

666 2942 110 70 das
810 2960 109 54 aut
950 2976 208 43 einem
1191 2954 521 80 gewissermaßen
1741 2957 329 85 religiösen
2099 2960 239 73 Gefühl
2367 2963 248 84 beruht,
2650 2968 109 70 das
2787 2998 110 43 wir

665 3037 64 69 in
764 3038 403 74 niemandem
1201 3073 238 57 zeugen
1472 3047 153 70 oder
1662 3050 396 86 überzeugen
2094 3052 273 76 können.

764 3128 107 73 Ich
904 3131 124 70 will
1063 3135 170 70 mich
1275 3165 119 41 nur
1436 3141 117 67 mit
1592 3140 112 70 der
1738 3142 418 86 Möglichkeit
2188 3149 134 70 und
2356 3150 123 70 den
2513 3151 237 88 Wegen
2785 3186 110 40 zur

660 3220 443 91 Abschaffung
1126 3228 111 69 des
1263 3229 261 86 Krieges
1552 3233 429 88 beschäftigen
2008 3239 135 70 und
2168 3243 115 68 mit
2309 3241 226 84 denen,
2561 3247 104 69 die
2692 3249 62 67 in
2782 3249 112 70 der

661 3314 168 71 Welt
857 3348 124 40 von
1008 3319 210 82 heute,
1253 3324 64 67 in
1346 3324 123 70 den
1491 3327 368 72 Dezennien
1887 3360 112 41 vor
2023 3332 148 72 dem
2190 3334 233 88 Kriege
2448 3357 178 62 etwa,
2654 3342 103 68 die
2781 3342 83 68 all-

661 3436 285 54 gemeine
976 3410 394 91 Abrüstung,
1422 3418 122 69 den
1588 3450 238 56 ewigen
1869 3422 267 72 Pneden
2179 3455 121 42 nur
2343 3460 122 39 von
2505 3461 207 43 einem
2752 3454 105 50 ent-

660 3503 431 80 sprechenden
1145 3507 160 70 Maß
1355 3509 343 87 allseitigen
1751 3535 190 65 guten
1986 3518 258 71 Willens
2295 3522 313 88 abhängig
2658 3525 231 72 fanden

659 3595 134 68 und
819 3596 235 70 überall
1074 3628 119 41 nur
1211 3601 123 70 den
1353 3603 483 89 rückständigen
1856 3609 218 72 Frevel
2091 3614 571 73 chauvinistischen
2682 3619 173 72 Starr-

660 3686 174 70 sinns
868 3690 87 67 im
990 3690 193 86 Wege
1214 3695 214 71 sahen.

753 3779 192 72 Diese
971 3782 255 87 Gegner
1252 3789 108 68 des
1390 3788 286 87 Krieges,
1701 3794 105 70 die
1830 3796 172 70 seine
2028 3796 488 75 Verhütbarkeit
2538 3805 117 69 mit
2681 3809 170 67 zorni-

658 3899 142 55 gem
835 3871 409 77 Kindertrotz
1286 3879 276 84 fordern,
1609 3884 165 70 kann
1808 3917 145 39 man
1996 3890 309 84 ungefähr
2336 3894 68 69 in
2437 3898 151 67 zwei
2621 3897 220 86 Typen-
