3172 4572
899 440 145 52 Rene
1070 438 269 56 Schickele
1377 452 22 28 *
1435 440 115 52 Der
1573 438 228 54 Mensch
1929 439 216 68 Kampf

2570 434 68 60 19

400 640 136 68 eine
555 637 262 71 Periode
831 637 113 71 der
962 637 298 71 Diktatur
1274 637 433 74 abzuwenden
1733 640 114 69 sei.
1884 637 159 83 „Ich
2069 656 206 66 sagte:
2304 637 99 81 ,In
2427 638 206 71 dieser

402 731 167 83 Lage
601 730 207 71 werde
839 731 123 80 ich,
995 731 194 71 selbst
1213 762 184 41 wenn
1423 731 166 71 Eure
1616 731 300 85 Majestät
1945 732 122 69 mir
2092 731 215 84 Dinge
2337 730 295 72 befehlen

398 821 245 81 sollten,
675 822 105 72 die
812 822 103 72 ich
944 824 175 70 nicht
1154 822 102 73 für
1281 825 227 84 richtig
1541 824 212 80 hielte.
1794 822 199 72 Ihnen
2026 850 165 45 zwar
2217 824 175 70 diese
2421 826 211 69 meine

399 916 316 83 Meinung
762 915 171 71 offen
982 916 391 83 entwickeln,
1422 918 151 71 aber
1622 947 184 42 wenn
1869 918 108 70 Sie
2032 916 112 72 auf
2200 918 116 71 der
2379 916 253 86 Ihrigen

395 1007 367 72 schließlich
788 1008 328 82 beharren,
1142 1009 194 73 lieber
1361 1013 116 69 mit
1500 1012 149 70 dem
1679 1010 253 86 Könige
1956 1010 383 86 untergehn,
2355 1009 89 73 als
2463 1009 168 73 Eure

399 1101 299 83 Majestät
750 1103 89 69 im
881 1101 276 86 Kampfe
1194 1106 118 68 mit
1354 1103 112 71 der
1505 1103 741 73 Parlamentsherrschaft
2286 1106 91 68 im
2411 1103 218 71 Stiche

397 1192 268 71 lassen.“

489 1286 320 70 Bismarck
848 1286 105 71 hat
1000 1301 207 71 später
1250 1290 227 70 immer
1514 1287 234 73 wieder
1794 1289 244 81 betont,
2071 1289 129 72 daß
2245 1290 172 71 diese
2462 1287 123 73 Auf-

398 1377 255 86 fassung
679 1409 122 40 von
826 1380 239 69 seinem
1091 1380 196 70 Beruf
1311 1380 179 71 keine
1517 1380 391 86 prinzipielle
1931 1412 284 53 gewesen
2248 1385 112 79 sei,
2388 1385 119 69 wie
2534 1385 92 69 sie

397 1488 156 53 etwa
577 1470 173 83 jeder
766 1470 297 71 Minister
1085 1471 207 84 jedem
1311 1471 349 72 Herrscher
1676 1473 358 84 gegenüber
2051 1474 318 85 betätigen
2387 1488 239 57 müsse.

395 1560 322 71 Vielmehr
755 1563 155 70 solle
948 1592 147 41 man
1137 1563 180 71 ihren
1362 1564 336 84 Ursprung
1738 1565 136 70 und
1913 1565 99 70 ihr
2055 1565 181 73 Ende
2276 1569 65 69 in
2383 1569 239 70 seinem

397 1684 157 53 ganz
592 1653 437 84 persönlichen
1057 1653 243 71 Gefühl
1331 1654 102 71 für
1469 1656 297 72 Wilhelm
1809 1657 51 70 I.
1890 1658 259 71 suchen.

477 1745 82 69 Er
592 1745 235 72 befand
858 1747 136 69 sich
1020 1748 89 69 im
1145 1747 288 71 Konflikt
1469 1751 118 67 mit
1618 1750 148 71 dem
1806 1750 224 73 Enkel.

488 1837 324 84 Sprechen
855 1840 114 70 wir
1009 1838 167 70 doch
1222 1840 231 70 einmal
1495 1841 177 70 nicht
1710 1872 126 40 von
1875 1842 114 71 der
2029 1844 329 85 jüdischen
2403 1845 219 85 Frage,

394 1929 104 71 die
529 1931 118 68 mit
679 1930 166 70 noch
878 1931 118 70 viel
1034 1932 181 70 mehr
1254 1932 357 86 Ideologien
1654 1935 262 71 belastet
1958 1939 80 67 ist
2078 1938 174 80 oder,
2294 1968 184 41 wenn
2515 1940 108 71 Sie

394 2020 245 81 wollen,
672 2051 112 40 um
817 2021 194 73 soviel
1039 2024 336 71 verklärter
1405 2025 276 71 leuchtet
1714 2029 64 67 in
1813 2028 113 71 der
1951 2028 347 72 Finsternis
2322 2030 112 70 des
2462 2030 128 85 poli-

393 2114 242 70 tischen
680 2114 336 83 Himmels,
1057 2117 88 69 als
1185 2117 107 72 die
1331 2118 366 72 elsässische
1735 2119 219 85 Frage,
1994 2122 117 71 der
2149 2123 103 70 ich
2302 2124 162 70 auch
2505 2127 118 67 mit

395 2204 244 71 Fleisch
663 2207 138 70 und
823 2208 149 69 Blut
999 2209 396 71 verwachsen
1420 2211 113 71 bin
1557 2268 55 15 ..
1645 2212 328 85 Sprechen
1998 2217 114 69 wir
2138 2245 124 41 von
2286 2217 337 70 deutscher

393 2296 226 71 Politik
625 2355 16 23 ,
654 2329 127 40 von
798 2299 114 70 der
925 2299 226 72 Politik
1168 2302 110 70 des
1296 2302 348 72 deutschen
1663 2305 288 82 Reiches,
1969 2307 112 70 das
2097 2336 113 41 aus
2229 2308 88 70 24
2333 2308 249 73 Bundes-

393 2405 237 55 staaten
663 2390 270 81 besteht,
958 2393 136 70 und
1127 2393 109 70 das
1272 2395 165 71 noch
1469 2395 181 86 lange
1683 2397 179 70 nicht
1898 2429 65 39 in
1999 2399 105 71 die
2129 2400 251 71 Brüche
2412 2404 208 82 ginge,

393 2481 190 70 selbst
616 2513 205 51 wenn,
848 2486 118 70 wie
989 2487 102 68 ein
1118 2486 144 71 Esel
1287 2489 66 70 in
1378 2487 290 87 England
1691 2490 442 85 phantasierte,
2159 2494 106 70 die
2289 2495 330 71 indischen

394 2571 210 71 Reiter
644 2574 136 70 ihre
809 2575 502 88 Lanzenspitzen
1345 2580 204 71 Lhiter
1590 2581 126 70 den
1758 2583 252 71 Linden
2051 2584 293 72 leuchten
2387 2585 235 73 ließen.

392 2661 142 72 Von
583 2665 372 84 politischen
999 2669 386 83 Wünschen,
1433 2673 105 70 die
1584 2673 109 71 auf
1737 2675 148 70 dem
1932 2675 193 86 Wege
2158 2678 112 70 der
2303 2678 276 71 Verwirk-

392 2754 256 88 lichung
672 2761 141 67 sind
841 2761 153 69 oder
1018 2763 174 70 nicht
1218 2764 143 70 sind
1486 2766 201 71 wobei
1715 2769 133 79 wir,
1874 2771 66 67 in
1965 2769 239 72 diesem
2231 2771 153 71 oder
2408 2773 209 83 jenem

393 2846 218 82 Sinne,
635 2851 331 71 mithelfen
1000 2853 278 73 könnten
1409 2888 124 39 von
1560 2857 375 85 politischen
1961 2860 381 83 Tatsachen,
2373 2863 105 71 die
2502 2867 117 67 wir

392 2938 175 69 nicht
602 2970 72 39 so
703 2942 152 70 oder
886 2974 71 41 so
982 2946 294 85 auslegen
1301 2948 249 80 wollen,
1574 2951 297 80 sondern,
1899 2955 117 67 wie
2046 2955 93 70 sie
2173 2955 136 70 sich
2342 2957 92 70 im
2457 2956 120 71 Ver-

392 3030 223 71 hältnis
651 3036 310 70 zwischen
986 3039 283 71 Parteien
1302 3042 135 69 und
1461 3042 356 86 Regierung
1847 3046 137 69 und
2016 3048 66 68 in
2116 3048 112 69 der
2256 3048 361 86 Regierung

390 3122 191 70 selbst
604 3126 134 69 und
764 3129 87 68 im
878 3128 488 88 Haushaltsplan
1390 3135 416 73 ausdrücken.
1841 3136 133 72 Wir
2001 3139 205 71 haben
2233 3171 65 39 es
2325 3143 115 67 mit
2467 3143 148 70 dem

392 3214 278 70 Habicht
717 3247 77 39 zu
845 3237 136 62 tun,
1033 3223 175 70 nicht
1255 3225 118 69 mit
1416 3225 115 70 der
1575 3227 263 81 Lerche,
1888 3232 117 67 mit
2063 3230 552 88 Machtkämpfen,

390 3308 173 70 nicht
581 3310 114 69 mit
712 3310 471 84 rhythmischen
1199 3314 381 87 Allegorien.
1604 3319 290 84 (Wieviel
1912 3322 340 72 Tausende
2271 3355 122 41 von
2413 3327 162 85 Jüng-

390 3398 209 85 lingen
647 3402 134 70 und
815 3403 316 73 Männern
1180 3406 225 86 liegen,
1450 3423 256 70 getötet,
1752 3412 110 71 auf
1908 3415 127 69 den
2065 3415 549 76 Schlachtfeldern

390 3491 343 94 Europas!)

488 3585 93 70 Im
615 3586 287 72 Vorwort
950 3587 169 73 Ihres
1156 3590 300 87 Katalogs
1498 3595 233 71 deuten
1771 3596 107 73 Sie
1918 3629 102 51 an,
2055 3630 126 42 was
2217 3601 108 73 Sie
2365 3604 254 75 wollen.

390 3676 106 70 Sie
545 3679 245 82 wollen,
840 3681 155 84 grob
1041 3704 231 65 gesagt,
1323 3685 140 71 Ihre
1513 3690 561 84 innerpolitisehen
2124 3693 259 87 Gegner
2422 3698 158 71 über-

2158 1661 33 35 *
2211 1670 14 24 i

2149 1713 3 17 »

482 3815 24 25 *
536 3815 112 48 Zum
681 3818 222 49 erstenmal
936 3820 224 57 angeführt
1192 3822 58 47 im
1281 3823 344 58 Septemberheft
1654 3829 102 47 1913
1790 3829 76 48 der
1888 3831 179 48 Weißen
2100 3832 176 58 Blätter,
2308 3836 71 47 ein
2412 3836 102 56 Jahr
2544 3857 79 29 vor

388 3874 98 47 dem
517 3877 145 57 Krieg.
