3229 4572
2655 412 73 64 69

1181 414 188 56 Ulrich
1394 414 301 67 Steindorff
1732 428 20 28 *
1797 414 253 67 Golgatha

1269 1158 653 82 GOLGATHA

1224 974 271 82 Ulrich
1528 976 460 107 Steindorff

1261 1285 176 58 EINE
1472 1275 460 70 ERZÄHLUNG

571 1455 275 71 Neulich
873 1454 270 74 erzählte
1166 1456 292 84 jemand;
1491 1456 137 70 und
1661 1456 80 70 da
1767 1456 264 72 wurden
2065 1456 120 72 alle
2210 1475 263 54 stumm.
2523 1459 197 71 Denn

477 1580 64 39 es
568 1577 126 43 war
719 1549 111 70 das
859 1549 162 71 Leid
1053 1548 225 81 selber,
1314 1549 111 70 das
1452 1549 127 70 den
1607 1549 217 71 Mund
1856 1549 226 71 auftat.
2131 1550 126 72 Die
2281 1552 219 71 Worte
2530 1550 190 73 fielen

475 1643 117 69 wie
628 1642 231 70 Hände
903 1642 123 71 voll
1062 1642 177 70 Sand
1283 1641 109 71 auf
1437 1644 185 68 einen
1669 1642 178 85 Sarg,
1893 1643 137 70 und
2077 1674 66 40 es
2189 1643 120 86 gab
2352 1644 204 73 durch
2600 1646 120 71 alle

478 1735 206 69 Sinne
717 1737 100 67 ein
852 1735 205 71 hartes
1093 1733 196 73 Echo.

577 1829 148 69 Was
759 1829 144 69 sind
938 1827 188 71 zwölf
1147 1827 178 87 Tage
1359 1829 104 69 für
1496 1830 185 70 einen
1716 1829 461 85 Lebendigen?

567 1919 204 71 Zwölf
795 1920 370 71 brennende
1192 1921 282 80 Lichter,
1507 1921 105 70 die
1637 1921 113 71 der
1777 1921 277 87 Morgen
2087 1924 320 70 anzündet
2437 1925 138 70 und
2605 1924 113 71 der

471 2010 233 74 Abend
737 2013 225 71 löscht.
1013 2013 417 72 Zwölffaches
1467 2015 161 71 Leid
1661 2015 155 71 oder
1848 2014 408 75 zwölffaches
2293 2015 233 83 Glück,
2567 2019 152 70 aber

471 2105 166 70 doch
679 2107 170 83 jedes
883 2109 117 67 mit
1032 2107 149 71 dem
1216 2105 205 73 Glanz
1454 2109 111 70 des
1598 2108 279 71 anderen
1910 2138 115 40 aus
2050 2109 480 87 Vergangenem
2564 2112 154 70 oder

475 2198 494 71 Kommendem.

567 2291 203 71 Zwölf
804 2292 177 85 Tage
1015 2292 210 71 halten
1269 2323 147 41 zum
1449 2295 361 71 mindesten
1844 2297 187 69 einen
2067 2296 289 86 Sonntag
2399 2298 68 69 in
2512 2297 204 71 ihrem

475 2381 242 83 Schoß,
765 2386 187 67 einen
986 2384 159 86 Tag,
1194 2386 112 71 der
1354 2387 343 84 irgendwie
1745 2386 282 74 feierlich
2077 2391 81 67 ist
2192 2391 155 70 oder
2379 2391 136 73 sich
2547 2391 169 71 doch

473 2476 339 83 irgendwie
845 2477 282 72 feierlich
1157 2479 320 84 gebärdet.
1543 2480 108 70 Sie
1695 2480 144 70 sind
1886 2484 103 67 ein
2025 2481 282 82 Marsch,
2354 2486 104 68 ein
2502 2483 211 87 Gang,

468 2568 101 67 ein
606 2566 329 72 Schreiten
973 2601 147 40 vom
1153 2570 305 73 Hochher
1489 2574 98 67 ins
1622 2571 277 73 Niedere
1933 2574 154 70 oder
2116 2606 145 39 vom
2288 2575 232 71 Tiefen
2547 2578 167 70 hoch

471 2659 247 80 hinauf;
788 2662 152 68 oder
974 2663 247 84 beides;
1291 2665 152 72 oder
1500 2665 212 70 keines
1761 2696 124 41 von
1945 2667 255 80 beiden,
2249 2700 187 40 wenn
2483 2671 229 85 großes

469 2748 380 72 Geschehen
883 2753 202 71 ebene
1109 2756 194 85 Wege
1336 2757 432 84 ausgeworfen
1804 2758 128 71 hat.
1979 2757 177 72 Aber
2187 2763 90 68 sie
2310 2762 147 70 sind
2491 2762 185 71 leben-

466 2841 144 84 dige
637 2842 226 81 Natur,
901 2846 205 70 haben
1141 2866 152 52 stets
1322 2850 205 68 Raum
1562 2880 79 39 zu
1674 2851 210 68 einem
1917 2851 391 82 Innehalten,
2335 2852 374 83 Ausrasten,

463 2931 379 74 Atemholen
878 2936 104 70 für
1014 2969 188 39 einen
1239 2941 434 85 Lebendigen.

560 3025 303 86 Unselige
912 3027 161 83 Zeit,
1132 3062 185 40 wenn
1368 3034 133 68 sich
1551 3034 188 71 zwölf
1786 3034 178 87 Tage
2020 3039 226 70 anders
2303 3039 80 70 ab
2387 3040 317 72 wandeln.

465 3116 191 69 Denn
682 3118 169 69 dann
877 3123 158 68 wird
1060 3125 102 67 ein
1190 3123 159 71 Gott
1376 3126 357 84 gekreuzigt
1758 3129 135 69 und
1919 3129 115 70 der
2058 3130 430 73 schauerliche
2515 3132 193 88 Gang

465 3209 159 70 nach
670 3208 311 87 Golgatha
1032 3243 123 40 neu
1202 3246 344 56 gegangen.
1620 3218 176 71 Oder
1837 3220 113 70 der
1984 3223 201 85 Krieg
2224 3224 169 71 wirft
2440 3227 260 84 göttlich

461 3299 534 75 Auferstandenes
1029 3307 149 70 dem
1204 3308 137 70 Rad
1376 3311 110 68 der
1521 3309 208 73 Natur
1761 3344 66 38 in
1862 3313 103 71 die
1993 3314 342 86 Speichen,
2370 3318 128 71 daß
2530 3321 173 80 alles,

463 3392 169 81 alles,
667 3393 146 71 alles
850 3396 217 70 Leben
1101 3398 355 73 stillesteht.

1561 3548 34 37 *

552 3670 120 71 Ein
705 3673 220 71 dürrer
959 3674 418 89 Sommertag.
1429 3678 158 72 Eine
1621 3680 240 85 Sonne,
1894 3684 104 71 die
2031 3688 91 68 im
2157 3687 206 73 Staub
2394 3693 310 74 wandert.

459 3761 156 72 Eine
651 3764 414 84 Landstraße,
1114 3768 103 70 die
1251 3770 248 87 runzlig
1529 3774 102 80 ist,
1682 3774 140 73 weil
1856 3777 113 71 das
2004 3778 204 74 Elend
2251 3783 67 70 in
2354 3783 349 75 Kolonnen

460 3857 156 71 über
648 3861 89 67 sie
772 3859 412 86 hingefahren
1220 3864 102 71 ist.
