3254 4572
1682 453 223 53 Glossen

645 465 80 61 82

643 684 86 58 ich
746 686 152 61 dazu,
915 681 92 57 ihn
1026 681 96 55 mit
1136 678 94 57 der
1245 672 367 67 notwendigen
1628 668 103 57 Aus-

645 761 338 59 führlichkeit
1010 783 66 32 zu
1104 755 282 59 schildern.

716 841 92 55 Ich
835 838 133 57 habe
992 837 104 56 den
1123 832 167 57 Mann
1316 828 245 68 gekannt.
1605 823 70 57 Er
1699 823 68 56 ist

647 918 147 57 nicht
819 918 93 56 der
939 913 329 60 Hanswurst,
1293 907 86 55 für
1405 905 103 56 den
1534 926 59 33 so
1619 923 111 34 man-

648 996 123 57 cher
826 996 208 63 heutige
1081 985 251 60 deutsche
1379 979 251 60 Radikale
1675 978 93 56 ihn

649 1073 90 57 auf
799 1073 102 56 den
962 1062 429 63 internationalen
1435 1059 333 66 Kongressen

652 1150 172 58 halten
863 1145 224 64 mochte,
1238 1138 115 58 weil
1390 1158 72 43 er,
1506 1135 87 56 für
1627 1134 144 56 seine

653 1218 387 75 Überzeugung
1081 1216 286 65 verurteilt,
1423 1214 95 56 mit
1561 1210 210 59 Lachen

650 1305 111 58 und
784 1302 264 58 durchaus
1071 1298 138 57 ohne
1232 1294 102 57 viel
1357 1290 308 59 Aufhebens
1689 1310 83 33 ins

653 1380 290 68 Gefängnis
993 1373 366 61 übersiedelte.
1428 1369 123 57 Wer
1602 1364 171 59 wollte

650 1462 92 54 ihn
774 1460 153 55 einen
962 1454 200 57 Führer
1194 1454 246 55 nennen?
1491 1445 169 57 Aber:
1692 1465 81 33 wo

652 1559 170 35 waren
854 1537 141 55 denn
1026 1545 154 44 unter
1210 1529 103 56 den
1348 1523 425 59 Leichenbittern

652 1617 94 55 der
775 1613 289 59 deutschen
1097 1609 385 63 Unentwegten
1514 1603 85 55 die
1632 1599 107 57 Füh-

652 1698 119 52 rer?
822 1691 109 58 Vor
959 1690 168 55 lauter
1158 1686 342 65 Demagogen
1531 1679 92 57 sah
1655 1700 121 33 man

653 1770 150 57 keine
819 1766 245 59 Politiker
1082 1764 167 62 mehr,
1264 1782 94 35 vor
1372 1759 165 56 lauter
1553 1752 196 60 Schrift-

654 1848 269 68 gelehrten
962 1844 189 57 keinen
1392 1881 13 12 .
1462 1835 88 56 Sie
1588 1844 188 54 mögen

654 1925 268 64 einander,
959 1921 260 57 nachdem
1255 1914 160 59 Bebel
1451 1912 111 58 und
1598 1910 180 67 Jaures

655 2018 79 42 tot
760 2003 122 55 sind
907 2000 113 57 und
1044 2022 75 33 im
1147 1994 246 58 Glauben
1419 2014 66 33 an
1511 1990 87 55 die
1622 1986 156 56 letzte

658 2081 238 63 Illusion,
921 2079 86 56 die
1025 2076 75 55 sie
1118 2075 95 55 mit
1238 2072 181 56 diesen
1437 2067 208 56 Namen
1663 2084 87 35 ver-

658 2156 254 70 knüpfen,
946 2152 135 59 volle
1114 2149 314 58 Absolution
1462 2142 232 59 erteilen.

1031 2324 386 72 „DEMAIN.“

729 2467 113 58 Seit
863 2466 123 57 dem
1014 2462 77 58 15.
1118 2460 232 57 Februar
1378 2455 128 58 1916
1527 2451 261 60 erscheint

662 2547 53 56 in
756 2542 145 60 Genf
936 2544 116 54 eine
1081 2530 532 66 Halbmonatsschrift
1645 2528 109 66 „De-

663 2631 177 49 mam“
887 2621 85 56 die
1021 2617 168 56 Henri
1230 2612 301 59 Guilbeaux
1576 2607 185 56 heraus-

662 2701 131 69 gibt.
840 2699 125 55 Sein
995 2696 331 66 Programm:
1367 2686 264 68 „Demain
1660 2697 130 52 sagt,

663 2801 104 33 was
802 2777 85 56 die
922 2775 182 57 Presse
1137 2771 151 56 ihren
1325 2767 198 56 Lesern
1557 2784 235 45 sorgsam

663 2855 366 66 verschweigt:
1077 2847 290 60 Ansichten
1415 2867 103 34 von
1567 2838 196 59 Schrift-

664 2934 229 62 stellern,
953 2927 310 62 Künstlern,
1320 2920 330 67 Soziologen,
1707 2917 86 56 die

667 3008 295 59 Menschen
1010 3003 274 70 geblieben
1332 2998 139 64 sind,
1519 2996 112 57 und
1678 3014 86 36 ver-

664 3085 300 61 öffentlicht
1012 3081 281 66 vielfältige
1343 3076 111 58 und
1504 3069 289 61 zahlreiche

667 3165 334 57 Dokumente
1039 3160 124 57 aller
1194 3157 114 64 Art,
1340 3156 85 56 die
1457 3172 100 37 nur
1586 3149 207 66 einigen

667 3242 390 67 Privilegierten
1096 3236 229 57 bekannt
1364 3231 175 57 sind.“
1603 3228 58 55 In
1702 3227 94 55 der

669 3322 196 56 dritten
931 3317 263 56 Nummer
1259 3308 362 60 interessieren
1688 3303 72 57 Zu-

669 3396 251 61 schriften
948 3389 376 61 französischer
1353 3386 275 58 Soldaten:
1669 3381 127 66 „Ich

671 3476 156 57 kehre
856 3475 158 55 heute
1040 3495 66 33 an
1134 3471 88 56 die
1251 3467 164 56 Front
1443 3461 215 59 zurück.
1707 3458 89 57 Ich

666 3553 141 56 kann
819 3576 55 32 es
884 3549 164 64 nicht,
1059 3547 139 57 ohne
1212 3546 82 56 dir
1310 3567 83 33 ein
1405 3542 169 56 Bravo
1588 3538 86 56 für
1687 3537 83 56 dei-

671 3656 66 32 ne
765 3629 199 70 tapfere
991 3622 302 62 Zeitschrift
1321 3618 343 60 zuzurufen.“
1699 3614 98 56 Ein

672 3709 217 56 anderer
912 3702 307 70 verspricht,
1242 3701 87 55 die
1350 3693 301 61 Zeitschrift
1665 3690 135 66 „viel

675 3784 453 65 herumzuzeigen,
1181 3803 93 33 um
1326 3801 75 32 sie
1453 3773 229 57 bekannt
1735 3793 66 32 zu

676 3862 275 58 machen“.
991 3859 104 56 Die
1113 3853 304 60 Zeitschrift
1437 3849 261 59 erscheint
1717 3847 84 56 bei

675 3942 47 65 J.
742 3941 71 56 H.
832 3938 224 69 Jeheber
1075 3937 53 54 in
1150 3932 162 63 Genf,
1341 3932 66 54 28
1428 3929 113 56 Rue
1560 3928 73 55 du
1655 3924 111 56 Mar-

1815 665 116 57 che.
1967 664 89 56 Sie
2073 663 67 56 ist
2157 661 153 64 bunt,
2327 654 218 66 lebhaft,
2563 651 170 70 tapfer
2751 650 112 57 und
2878 650 56 55 in

1812 743 171 56 ihrem
2009 736 320 61 Glossenteil
2353 758 86 33 ein
2464 731 197 59 wahrer
2685 728 219 55 Tauberi-

1815 819 194 67 schlag,
2054 841 80 33 wo
2176 814 113 57 sich
2331 814 86 56 die
2459 806 338 71 sagenhaften
2840 794 64 66 Öl-

1815 898 192 66 zweige
2033 893 213 64 häufen,
2272 890 269 57 Vorboten
2567 886 93 56 des
2689 882 249 58 Friedens

1815 998 94 33 aus
1966 971 135 59 allen
2159 965 592 65 Himmelsrichtungen.
2828 959 111 56 Der

1819 1050 364 69 Herausgeber
2206 1046 122 69 geht
2350 1069 54 33 in
2427 1064 169 37 seiner
2616 1039 324 64 Auffassung

1818 1130 132 56 über
1975 1129 86 56 die
2087 1125 292 62 Probleme,
2406 1123 85 55 die
2515 1120 94 56 der
2637 1117 164 65 Krieg
2823 1114 87 55 auf-

1818 1205 262 71 geworfen
2116 1204 105 63 hat,
2257 1203 176 54 weiter
2467 1197 73 58 als
2574 1197 111 55 sein
2721 1194 219 56 Meister

1819 1286 112 56 und
1951 1281 212 59 Freund
2182 1279 225 57 Romain
2426 1274 244 63 Rolland,
2689 1272 103 56 den
2812 1291 55 35 er
2886 1270 54 54 in

1819 1365 143 55 einer
1986 1356 319 71 Flugschrift
2326 1378 163 44 gegen
2511 1352 194 56 ebenso
2726 1350 217 54 dumme

1821 1441 97 55 wie
1939 1437 232 58 maßlose
2191 1431 241 70 Angriffe
2453 1425 377 61 französischer
2854 1423 60 56 Li-

1820 1533 198 42 teraten
2040 1515 112 57 und
2171 1510 350 71 Journalisten
2543 1505 274 66 verteidigt
2839 1502 105 55 hat.

1823 1594 276 58 Natürlich
2115 1592 89 56 hat
2218 1591 86 56 die
2318 1586 161 70 große
2491 1584 243 57 Pressein
2748 1578 164 59 Frank-

1823 1674 142 57 reich
1985 1685 172 55 getan,
2177 1669 95 55 wie
2290 1666 178 80 große
2489 1662 243 59 Pressen
2759 1660 186 53 immer

1824 1751 112 57 und
1966 1746 257 70 ungefähr
2253 1741 200 60 überall
2484 1765 66 32 zu
2581 1754 96 42 tun
2709 1735 236 69 pflegen:

1825 1830 75 55 sie
1928 1827 105 64 hat,
2063 1825 133 57 nach
2224 1824 143 55 einer
2392 1820 188 66 langen
2609 1815 165 57 Reihe
2801 1834 117 44 sorg-

1825 1906 147 66 fältig
2007 1904 331 67 gesteigerter
2374 1896 230 69 Injurien
2641 1915 162 46 gegen
2841 1890 71 55 Ro-

1828 2006 139 33 main
1999 1978 244 64 Rolland,
2275 1977 85 56 bei
2390 1973 221 58 welcher
2642 1970 184 55 Arbeit
2856 1967 93 56 der

1829 2060 248 65 „Matin“
2097 2056 112 57 sich
2238 2052 286 59 besonders
2545 2050 280 58 hervortat,
2845 2067 104 32 von

1833 2139 94 55 der
1946 2135 374 66 Verteidigung
2341 2127 167 60 durch
2530 2125 315 60 Guilbeaux,
2865 2121 87 56 die

1834 2229 123 42 statt
1997 2235 92 34 aus
2130 2205 477 71 Beschimpfungen
2644 2225 93 33 aus
2780 2199 136 67 Argu-

1837 2305 209 44 menten
2115 2286 238 63 bestand,
2421 2283 150 56 keine
2638 2278 159 57 Notiz
2864 2299 59 44 ge-

1837 2391 268 36 nommen.

2168 2465 459 66 PAZIFISMUS.

1918 2601 159 57 Diese
2107 2593 299 62 Zeitschrift
2431 2591 213 59 rechnet
2672 2587 109 58 sich
2809 2584 145 59 nicht

1839 2702 93 36 zur
1948 2674 383 74 pazifistischen
2348 2672 280 57 Literatur.
2657 2664 89 59 Ich
2769 2662 186 70 glaube

1839 2757 163 63 nicht,
2059 2753 103 59 daß
2218 2753 94 56 wir
2365 2751 117 56 eine
2535 2743 272 69 Regelung
2863 2740 92 56 der

1840 2834 324 68 Gegensätze
2205 2831 74 54 im
2308 2827 180 57 Leben
2516 2824 93 56 der
2637 2820 205 63 Völker,
2873 2818 84 56 die

1842 2911 223 59 beileibe
2093 2907 145 60 nicht
2258 2926 101 37 nur
2379 2897 446 64 wirtschaftlicher
2848 2895 73 56 Na-

1840 3005 88 42 tur
1969 2987 134 63 sind,
2144 2983 209 60 erleben
2395 2979 229 59 werden.
2677 2970 282 74 Jedenfalls

1842 3067 130 58 wird
1990 3067 92 56 das
2098 3063 148 56 Ende
2262 3062 93 56 des
2376 3058 219 66 Krieges
2616 3054 155 57 kaum
2794 3049 164 59 durch

1842 3168 152 35 einen
2046 3142 158 66 „Sieg
2251 3139 92 56 der
2383 3132 297 61 Vernunft“
2738 3127 223 58 erreicht

1843 3222 227 62 werden,
2121 3214 366 66 ebensowenig
2527 3212 98 56 wie
2674 3208 140 56 seine
2861 3205 67 55 Be-

1843 3301 284 66 endigung,
2157 3318 72 33 sie
2270 3316 117 43 mag
2422 3313 109 33 sein
2560 3311 97 33 wie
2694 3308 74 33 sie
2795 3280 166 66 wolle,

1845 3379 84 56 die
1947 3374 297 60 erwähnten
2260 3372 326 66 Gegensätze
2606 3387 94 34 aus
2721 3363 91 56 der
2823 3358 139 58 Welt

1845 3453 232 58 schaffen
2116 3452 156 56 kann.
2333 3447 70 57 Es
2436 3459 67 42 ist
2539 3442 113 58 und
2679 3439 130 57 wird
2846 3459 117 33 eine

1847 3534 297 56 Unsumme
2187 3523 328 59 Kleinarbeit
2555 3544 66 32 zu
2668 3514 294 61 verrichten

1847 3609 227 64 bleiben,
2103 3631 92 33 um
2223 3603 133 58 auch
2384 3622 100 35 nur
2505 3599 85 57 die
2607 3596 147 58 Basis
2770 3593 162 66 wenig-

1849 3704 141 41 stens
2025 3685 85 58 für
2150 3684 116 56 eine
2304 3671 466 72 vernunftgemäße
2798 3670 135 67 Rege-

1847 3765 129 68 lung
2013 3787 102 34 von
2144 3760 212 66 Dingen
2393 3750 452 62 herbeizuführen,
2881 3748 86 55 die

1849 3867 131 44 ganz
2014 3840 153 57 allem
2204 3830 477 73 Angelegenheiten
2719 3829 90 54 der
2836 3825 98 57 Ver-

1851 3919 156 57 nunft
2035 3918 133 56 sind.
