3239 4572
709 409 68 58 50

1278 412 240 53 Theodor
1541 412 240 53 Däuhler
1806 428 21 23 *
2029 428 72 35 an
2128 411 244 52 Palermo

710 613 419 71 Normannen
1163 614 142 70 sind
1340 644 78 39 zu
1451 612 162 71 Wall
1647 612 135 70 und
1816 611 212 69 Hafen
2062 611 506 85 vorgedrungen.

710 707 136 70 Der
879 706 324 71 Einbruch
1237 708 65 68 in
1335 707 101 69 die
1472 706 222 68 Macht
1727 703 112 71 des
1876 705 280 69 Mondes
2191 732 127 44 war
2349 703 372 73 vollbracht.

710 798 120 72 Ein
865 829 192 41 neues
1093 800 328 68 Leuchten
1455 800 79 67 ist
1567 828 103 39 am
1704 797 220 69 Meere
1958 796 540 86 aufgesprungen:

710 892 136 70 Der
880 892 188 70 Stern
1101 892 110 70 der
1248 891 273 70 Freiheit
1557 890 105 70 hat
1695 920 111 40 aus
1840 920 121 41 uns
1995 890 268 85 gelacht.

712 1075 620 73 Normannenhelme
1365 1074 487 85 übertrumpfen
1886 1074 151 85 grell
2070 1074 104 70 die
2210 1074 296 71 Mauern.

711 1171 125 68 Die
871 1171 277 68 Mohren
1181 1167 245 71 flohen:
1459 1168 136 69 ihre
1628 1168 253 84 Burgen
1914 1168 145 70 sind
2093 1169 306 69 verwaist.

711 1263 348 85 Zypressen
1092 1262 231 85 fangen
1356 1291 80 40 an
1472 1263 65 68 in
1572 1261 371 71 Schlössern
1979 1293 78 38 zu
2092 1262 412 79 erschauern;

711 1356 125 69 Die
890 1353 570 87 Brunnensprache
1509 1353 334 86 schweigt:
1891 1355 110 68 der
2052 1353 210 70 Mond
2296 1355 80 68 ist
2409 1353 179 70 rasch
2624 1355 315 82 vergreist.

710 1541 120 70 Ein
879 1541 348 72 schwarzer
1275 1540 373 71 Halbmond
1699 1540 144 71 sind
1890 1540 102 70 die
2041 1540 245 70 Barken
2334 1539 112 71 der
2497 1538 442 72 Normannen.

710 1634 108 70 Sie
848 1634 268 70 machen
1150 1633 110 71 auf
1291 1634 103 70 die
1427 1634 230 69 letzten
1693 1633 352 70 Sarazenen
2079 1632 178 85 Jagd.

710 1726 108 71 Sie
849 1727 254 70 können
1137 1724 110 71 auf
1277 1727 115 70 der
1426 1727 205 70 Flotte
1665 1727 133 70 ihre
1832 1727 214 82 Bogen
2080 1755 318 54 spannen:

710 1821 112 70 Bei
855 1821 349 71 Vollmond
1236 1820 207 71 haben
1477 1822 90 67 sie
1600 1820 125 69 den
1760 1818 500 85 Mohrenkampf
2291 1837 260 66 gewagt.

712 2006 137 70 Der
884 2005 159 85 Sarg
1076 2006 78 69 ist
1189 2005 111 70 da:
1333 2004 102 70 die
1471 2004 298 70 Schlacht
1802 2004 149 84 liegt
1982 2021 187 51 unter
2203 2002 134 72 ihm
2370 2002 338 86 begraben.

711 2099 135 69 Der
879 2098 164 85 Berg
1072 2096 158 70 wird
1262 2124 113 42 zur
1406 2096 321 70 erhabnen
1761 2095 300 85 Ewigkeit
2094 2095 112 70 der
2239 2095 206 71 Stadt.

714 2192 135 70 Der
884 2190 184 72 Geist
1101 2189 382 71 beschenkte
1512 2218 121 41 uns
1669 2190 115 69 mit
1816 2188 467 85 ungeglaubten
2319 2187 250 72 Gaben.

711 2284 127 70 Die
872 2283 120 70 See
1023 2283 191 85 gebar
1244 2283 111 70 das
1388 2281 183 81 Volk,
1605 2282 111 70 das
1750 2283 88 69 sie
1871 2309 288 57 erwogen
2193 2282 128 70 hat.

1811 2429 34 36 *

714 2563 181 69 Mein
931 2561 374 85 Pilgerberg,
1342 2561 102 70 ich
1476 2560 125 71 will
1636 2590 78 40 zu
1749 2560 251 71 deinem
2038 2560 268 71 Frieden
2339 2561 263 84 steigen.

720 2654 70 71 In
823 2674 179 66 guter
1036 2654 549 71 Schluchtenruhe
1617 2654 207 71 werde
1857 2654 101 70 ich
1994 2654 263 84 gesund,

712 2749 124 70 Die
870 2748 249 71 starken
1153 2748 281 71 Träume
1465 2748 200 70 sollen
1698 2748 134 70 sich
1868 2747 258 71 bewußt
2159 2749 408 83 verzweigen,

719 2842 104 71 Ihr
857 2841 586 86 Frühlingsgrünen
1476 2841 227 85 sprüht
1736 2869 110 41 aus
1883 2842 275 68 meinem
2193 2839 231 70 kühlen
2461 2841 236 69 Mund.

712 2935 124 69 Die
871 2935 258 80 Frucht,
1164 2935 103 69 die
1300 2935 186 68 Blüte
1518 2933 229 71 dürfen
1780 2933 138 70 sich
1951 2936 614 82 zusammenneigen,

711 3029 193 68 Denn
938 3027 148 70 Saat
1119 3027 136 70 und
1289 3026 193 70 Ernte
1518 3027 156 84 gebe
1708 3027 210 69 meine
1951 3025 332 85 Dichtung
2318 3026 196 71 kund.

711 3121 183 69 Mein
928 3121 377 85 Pilgerberg,
1341 3121 86 70 du
1462 3119 243 71 ähnelst
1740 3121 207 69 einem
1980 3119 421 86 Sarkophage,

712 3215 187 69 Doch
932 3214 185 70 deine
1152 3213 192 71 Form
1378 3213 265 71 verklärt
1676 3213 113 70 der
1825 3211 312 72 Frohsinn
2170 3213 154 70 alter
2356 3211 197 86 Tage.

712 3398 135 71 Der
880 3399 161 86 Berg
1074 3398 217 71 betaut
1323 3399 156 80 sich,
1514 3401 211 67 meine
1758 3398 276 70 Schritte
2066 3398 175 70 sacht
2274 3427 80 40 zu
2387 3410 258 72 spüren.

721 3492 71 70 In
824 3495 173 68 seine
1031 3492 222 71 Klüfte
1286 3492 265 70 flüchtet
1584 3492 297 70 manches
1915 3492 193 70 müde
2141 3491 210 71 Pferd.

715 3585 183 70 Mich
930 3586 115 69 soll
1077 3587 114 69 der
1224 3586 315 85 Spürsinn
1577 3615 76 40 zu
1689 3586 149 70 dem
1872 3586 256 69 rechten
2163 3585 191 70 Tiere
2387 3584 251 80 führen,

715 3678 192 69 Dann
940 3680 207 69 werde
1178 3679 103 70 ich
1316 3709 147 40 vom
1495 3676 191 71 Pferd
1719 3680 88 67 im
1843 3678 388 71 Heilsuchen
2266 3678 264 69 belehrt.

717 3769 182 70 Mein
935 3770 226 85 Finger
1194 3802 143 53 mag
1368 3802 80 38 an
1482 3770 408 85 klepperstatt
1921 3773 103 68 ein
2060 3770 143 70 Roß
2238 3770 316 70 berühren

719 3863 193 70 Dann
946 3866 118 67 reit
1097 3864 104 69 ich
1232 3895 66 38 es
1331 3864 134 69 und
1498 3864 186 69 beide
1716 3864 254 69 bleiben
2004 3863 395 70 unversehrt.
