3219 4572
1008 408 239 54 Theodor
1273 409 237 54 Däuhler
1535 430 20 19 *
1582 413 150 66 Sang
1764 430 72 35 an
1861 414 247 53 Palermo

2589 418 72 60 57

434 611 140 71 Wie
605 608 328 71 furchtbar
966 609 170 70 mich
1169 609 113 71 der
1306 610 323 74 Wünsche
1662 613 500 89 Sprunggelüste
2193 620 226 82 reizen,

433 705 133 70 Der
600 702 228 69 Sterne
857 699 272 72 Anblick
1159 702 151 72 aber
1343 718 255 57 stämmt
1631 707 169 69 mich
1836 727 213 67 streng
2080 710 255 73 zurück.

440 797 107 70 Ich
582 794 177 71 fühle
793 795 447 84 pyramidisch,
1275 827 182 41 wenn
1490 799 135 70 sich
1654 801 281 71 Würden
1971 804 304 83 spreizen.

440 889 106 70 Ich
581 888 205 70 kenne
819 887 105 71 die
957 887 682 91 Gestirnverinnigung
1670 895 232 71 durchs
1939 895 233 73 Glück.

439 1076 93 70 Im
566 1074 223 71 Geiste
820 1074 143 71 sind
995 1075 106 71 die
1134 1075 355 88 Schlangen
1525 1080 208 70 meine
1753 1080 469 88 Wißbegierde.

438 1169 106 70 Ich
580 1168 179 71 fühle
791 1169 171 68 mich
999 1170 63 69 in
1098 1169 263 72 Sünden
1397 1171 264 72 dunkler
1694 1173 245 72 Stuben
1973 1178 125 70 ein.

438 1262 106 71 Ich
579 1262 252 69 forsche
863 1262 161 69 nach
1059 1263 124 70 den
1217 1263 370 72 Eitelkeiten
1621 1267 170 83 jeder
1824 1267 256 72 Zierde:

438 1356 106 69 Ich
579 1356 165 69 kann
777 1354 113 70 auf
922 1356 227 69 einmal
1184 1358 87 69 im
1306 1357 403 72 Bewußtsein
1733 1359 246 73 Andrer
2010 1364 156 70 sein.

1531 1504 36 37 *

435 1634 107 70 Ich
577 1634 167 70 kann
777 1634 106 71 die
916 1634 186 71 Stadt
1135 1636 118 69 mit
1287 1635 201 72 ihrem
1522 1636 164 85 Berg
1718 1640 65 67 in
1816 1640 120 69 mir
1968 1639 367 75 bezähmen.

427 1726 134 72 Wir
593 1726 146 70 sind
772 1726 222 87 gereift
1026 1728 137 70 und
1195 1728 344 86 schleppen
1570 1758 235 42 unsern
1840 1730 217 73 Süden
2091 1735 139 68 mit.

426 1820 109 70 Du
568 1823 173 67 wirst
789 1820 149 71 dich
990 1820 235 71 keusch
1275 1822 111 71 der
1435 1823 402 71 strahlenden
1887 1824 401 88 Gesundung
2332 1828 315 83 schämen.

426 1913 187 70 Doch
648 1913 213 71 halten
897 1914 230 71 Leiber
1159 1917 204 84 mutig
1394 1918 116 67 mit
1543 1916 111 71 der
1687 1916 286 72 Einsicht
2006 1917 260 72 Schritt.

424 2097 324 73 Bekannte
781 2100 205 81 Stadt,
1022 2101 101 70 ich
1159 2100 166 72 halte
1358 2102 232 70 deinen
1625 2102 163 87 Berg
1819 2105 65 68 in
1918 2102 232 74 Ehren.

422 2190 390 74 Verkannter
845 2194 183 85 Berg,
1064 2194 104 71 die
1200 2194 184 71 Stadt
1416 2195 335 70 verschafft
1781 2196 101 70 dir
1911 2196 228 71 deinen
2175 2198 201 86 Rang.

431 2283 102 71 Ihr
566 2284 187 71 müßt
787 2286 161 70 euch
982 2288 383 85 gegenseitig
1398 2288 213 70 Ruhm
1644 2289 135 69 und
1812 2289 223 71 Pracht
2068 2289 362 84 bescheren,

425 2377 152 71 Und
612 2406 148 44 eure
793 2378 256 74 Einheit
1082 2380 219 72 dauert
1336 2383 139 69 eine
1508 2382 408 71 Menschheit
1948 2383 165 85 lang.

421 2561 481 90 Verschwiegen
937 2566 221 71 fahren
1193 2566 240 71 Schiffe
1466 2570 99 68 ein
1602 2570 64 67 in
1699 2567 207 71 Bucht
1938 2568 133 70 und
2104 2568 234 72 Hafen.

421 2655 154 71 Und
607 2657 166 71 doch
810 2660 322 84 geschieht
1164 2660 198 70 sofort
1397 2660 101 71 bei
1535 2661 164 70 ihrer
1728 2661 290 70 Ankunft
2053 2661 212 71 Lärm.

419 2746 134 73 Der
585 2749 179 86 Sarg,
801 2779 110 43 vor
944 2753 148 69 dem
1125 2753 134 69 sich
1294 2753 167 69 hohe
1496 2753 482 83 Kundenträger
2010 2753 222 80 trafen.

417 2840 360 75 Beschließt
808 2844 105 71 die
944 2844 235 71 Einfalt
1211 2845 199 70 durch
1443 2845 110 70 das
1586 2847 244 82 witzige
1863 2844 428 72 Geschwärm.

417 3024 168 74 Stets
619 3047 363 68 unentwegt
1017 3029 275 72 bekennt
1324 3031 133 70 sich
1490 3057 191 44 unsre
1705 3029 165 72 Welt
1902 3057 110 44 zur
2045 3031 237 70 Dauer.

416 3118 119 71 Ein
567 3121 155 71 alter
755 3122 210 71 Hafen
998 3122 269 71 schließt
1297 3154 103 38 am
1432 3122 231 71 Abend
1694 3125 217 68 seinen
1945 3123 267 78 Damm;

415 3210 148 72 Wer
598 3215 273 81 einfuhr,
906 3215 123 71 den
1062 3216 343 70 umrundet
1440 3219 138 67 eine
1610 3215 234 71 dunkle
1877 3216 248 79 Mauer,

416 3302 155 74 Und
595 3306 267 71 Wolken
896 3308 300 80 horchen,
1233 3308 238 84 Fragen
1504 3327 162 64 wagt
1700 3309 100 68 ein
1826 3308 472 83 Wogenkamm.
