3229 4572
939 405 173 51 Oskar
1139 406 180 51 Baum
1343 421 22 27 +
1391 405 110 52 Die
1530 404 201 68 Gegner
1760 405 90 52 des
1877 404 224 68 Krieges

2573 402 63 61 61

401 609 114 69 der
557 605 410 71 Menschheit
1015 606 379 85 gegenüber,
1438 637 125 40 von
1604 606 112 71 der
1757 605 359 86 Tragweite
2156 606 491 71 unscheinbarer

402 699 302 86 täglicher
737 699 518 72 Vorkommnisse
1296 701 65 69 in
1404 701 112 70 der
1547 703 228 68 innern
1806 700 139 71 und
1978 699 240 72 äußern
2252 699 250 81 Politik,
2544 700 104 71 die

403 791 493 74 verschiedenen
954 791 440 87 Bewegungen
1458 795 89 69 im
1606 791 439 74 Geistesleben
2112 791 285 87 Europas
2462 793 185 85 jeden

403 887 307 71 Schuster
757 885 138 72 und
945 885 392 82 Kaufmann,
1386 888 142 84 jede
1577 885 321 73 Hausfrau
1949 887 136 70 und
2133 887 170 84 jedes
2349 885 262 72 Schreib-

402 979 686 73 maschinenmädchen
1107 981 194 71 näher
1316 983 338 83 angingen,
1673 985 145 68 weit
1836 981 183 72 mehr
2035 981 137 71 ihre
2191 981 457 85 persönlichste

401 1072 500 88 Angelegenheit
942 1101 228 54 waren,
1215 1105 123 40 von
1381 1075 207 71 denen
1630 1075 100 71 ihr
1765 1075 219 71 Leben
2017 1076 137 69 und
2187 1075 139 71 ihre
2360 1072 288 73 Zukunft

402 1167 260 84 abhing,
712 1166 87 71 als
849 1166 136 71 ihre
1027 1165 721 74 Geschäftseinnahmen
1790 1169 136 70 und
1968 1169 109 70 das
2121 1167 315 72 Befinden
2478 1167 169 70 ihrer

406 1260 755 85 Familienangehörigen.
1235 1261 334 72 Vielleicht
1612 1261 243 72 kommt
1895 1261 172 72 dann
2101 1264 104 69 die
2239 1261 404 80 Erkenntnis,

402 1353 128 71 daß
563 1353 104 71 die
699 1353 368 85 allgemeine
1102 1354 217 70 Denk-
1362 1354 137 69 und
1533 1354 399 84 Lehrpflicht
1973 1355 302 71 zuweilen
2318 1354 328 85 wichtiger

403 1462 187 64 wäre,
629 1447 86 70 als
749 1448 110 70 das
895 1447 369 86 allgemeine
1288 1447 386 81 Wahlrecht,
1709 1447 127 72 daß
1869 1448 110 70 das
2007 1448 206 71 Recht
2243 1449 263 70 anderer
2532 1480 76 39 an-

406 1541 397 71 zuerkennen
836 1541 137 70 und
1006 1541 135 71 ihm
1175 1538 203 87 Opfer
1411 1570 79 39 zu
1523 1540 288 85 bringen,
1855 1542 180 70 mehr
2065 1542 289 71 Unrecht
2387 1574 110 38 aus
2532 1543 113 70 der

404 1632 168 73 Welt
606 1632 285 73 schaffen
917 1635 238 79 würde,
1189 1632 88 70 als
1303 1632 411 71 unerbittlich
1740 1632 110 71 auf
1872 1635 150 70 dem
2048 1636 260 83 eigenen
2336 1635 202 71 Recht
2566 1665 79 40 zu

406 1727 308 72 bestehen
738 1727 139 70 und
903 1757 63 42 es
994 1727 169 70 ohne
1196 1726 304 73 Interesse
1527 1726 104 71 für
1657 1727 104 70 die
1782 1727 229 72 Keime
2036 1729 110 70 des
2173 1748 192 65 guten
2383 1729 260 71 Willens

404 1823 89 67 im
528 1820 241 70 andern
802 1821 117 69 mit
944 1819 149 71 aller
1121 1819 188 71 Kraft
1334 1851 80 39 zu
1448 1821 347 79 erstreiten,
1829 1820 184 71 dabei
2049 1848 122 42 nur
2205 1823 139 70 eine
2370 1820 275 85 Sorgfalt

403 1915 112 70 des
550 1914 371 71 Bedenkens
968 1914 139 71 und
1151 1913 356 86 Abwägens
1557 1914 327 71 kennend:
1932 1915 104 70 die
2069 1915 419 84 Berechnung
2534 1915 112 72 der

408 2006 634 72 Kraftunterschiede
1081 2006 137 72 und
1259 2007 112 71 des
1415 2007 601 71 voraussichtlichen
2060 2007 256 71 Lohnes
2358 2007 113 72 der
2509 2007 92 71 An-

404 2120 370 65 strengung.
825 2100 171 71 Muß
1020 2130 148 41 man
1193 2100 192 80 denn,
1413 2130 184 41 wenn
1622 2131 149 40 man
1790 2131 124 41 von
1941 2100 314 72 fremdem
2273 2100 372 86 Eigennutz,

407 2225 124 41 von
559 2194 343 86 Mißgunst
926 2194 137 71 und
1089 2194 335 71 Habsucht
1450 2194 350 85 angefallen
1825 2196 180 79 wird,
2041 2223 113 42 zur
2176 2192 281 75 Abwehr
2482 2195 165 85 flugs

404 2286 107 73 die
543 2290 217 83 eigene
794 2286 398 71 Selbstsucht
1223 2288 138 71 und
1394 2288 359 85 Machtgier
1786 2288 528 85 entgegenstellen
2335 2295 29 64 ?

500 2382 207 69 Wenn
735 2382 101 69 ein
862 2382 165 69 Volk
1057 2380 305 82 auszieht,
1396 2412 113 41 um
1536 2383 184 70 einen
1745 2382 143 71 Teil
1914 2384 206 69 seiner
2144 2382 503 86 Volksgenossen

406 2503 127 41 von
566 2473 278 72 fremder
877 2473 372 72 Herrschaft
1283 2503 79 41 zu
1396 2473 283 72 befreien
1836 2473 199 72 bleibt
2069 2505 64 40 es
2166 2474 171 71 denn
2372 2477 59 82 je
2463 2474 183 71 dabei

404 2568 268 70 stehen?
722 2568 183 84 Jedes
933 2568 130 70 hält
1090 2599 62 39 es
1180 2567 104 71 für
1309 2569 172 70 seine
1513 2568 657 71 selbstverständliche
2195 2567 253 81 Pflicht,
2474 2571 174 68 seine

406 2658 254 88 Erfolge
691 2662 136 70 und
858 2663 174 69 seine
1057 2661 225 71 Macht
1315 2661 169 71 ohne
1509 2661 344 70 Rücksicht
1885 2660 112 71 auf
2020 2661 105 71 die
2149 2661 162 71 eben
2337 2661 167 71 noch
2530 2663 117 69 mit

404 2752 596 88 selbstgeglaubtem
1011 2754 657 86 Begeisterungsfeuer
1684 2752 448 74 verfochtenen
2149 2754 244 71 idealen
2407 2752 200 73 Forde-

407 2874 244 57 rungen
693 2849 113 70 der
839 2848 255 71 Einheit
1132 2849 137 71 und
1311 2848 532 85 Selbständigkeit
1883 2848 227 71 andrer
2142 2848 232 71 Völker
2416 2848 98 69 bis
2563 2878 83 39 an

406 2939 125 71 den
558 2940 335 71 äußersten
921 2940 184 71 Rand
1131 2942 109 71 des
1260 2940 370 85 Möglichen
1658 2953 454 57 auszunützen.
2147 2940 312 70 Manches
2482 2939 165 72 Volk

407 3036 194 81 geriet
635 3034 315 71 vielleicht
982 3062 122 43 nur
1143 3034 261 71 deshalb
1436 3053 215 51 unters
1695 3034 180 83 Joch,
1917 3033 140 71 weil
2091 3065 65 39 es
2190 3033 309 81 ausholte,
2530 3064 116 41 um

406 3128 102 68 ein
548 3128 261 70 anderes
844 3157 78 40 zu
958 3128 345 71 erdrücken
1338 3127 138 71 und
1507 3127 104 71 die
1639 3126 644 72 Kräfteverhältnisse
2308 3126 197 71 falsch
2533 3127 76 71 be-

406 3220 260 71 rechnet
690 3221 193 70 hatte.
928 3220 155 84 (Die
1100 3221 192 71 Polen
1320 3220 366 72 entrechten
1711 3220 191 71 heute
1925 3220 166 70 noch
2114 3221 66 69 in
2199 3221 169 70 ihrer
2386 3221 217 70 Macht-

404 3312 229 84 sphäre
674 3312 104 72 die
811 3312 359 80 Ruthenen,
1213 3314 136 70 und
1387 3312 115 72 der
1533 3312 253 70 Verlust
1827 3311 650 87 Elsaß-Lothringens
2520 3340 127 44 war

404 3403 229 73 letzten
656 3405 208 71 Endes
892 3433 123 42 nur
1039 3405 104 71 die
1164 3405 193 85 Folge
1380 3406 113 70 der
1519 3403 465 73 französischen
2013 3403 268 73 Gelüste
2307 3406 164 70 nach
2496 3406 151 72 dem

404 3495 261 96 Rhein.)
1517 3550 37 39 *

489 3685 162 71 Sind
688 3687 171 70 diese
895 3685 269 85 heiligen
1202 3686 357 70 nationalen
1594 3685 357 86 Aufgaben,
1992 3687 115 69 mit
2144 3686 229 81 denen,
2412 3690 197 83 wenig-

406 3796 170 52 stens
605 3782 116 68 seit
749 3812 64 39 es
842 3779 539 72 verantwortliche
1410 3780 437 85 Regierungen
1875 3780 155 85 gibt,
2060 3810 70 41 so
2158 3781 291 71 ziemlich
2477 3782 171 84 jeder

408 3867 197 89 Krieg
632 3873 351 85 begründet
1010 3873 178 80 wird,
1218 3873 313 71 vielleicht
1559 3900 120 42 nur
1706 3874 104 70 die
1838 3874 413 84 Maskierung
2278 3875 171 70 einer
2476 3876 138 70 wirt-
