3167 4572
559 434 75 62 88

1590 436 218 54 Glossen

1011 2096 170 58 Franz
1202 2095 195 59 Kaver
1425 2077 260 80 ScHmitt

556 654 192 58 Politik
764 654 206 58 treiben
991 656 112 57 und
1121 656 56 56 in
1196 654 84 56 ihr
1299 654 143 56 seine
1463 652 185 56 Formu-

556 733 206 67 lierung
787 732 203 58 finden.
1018 733 158 56 Dann
1203 732 209 56 werden
1438 729 136 57 auch
1600 731 87 54 die

556 809 424 69 Verflachungen
1021 811 92 56 des
1155 808 250 56 Denkens
1447 807 112 56 und
1600 807 86 56 die

557 887 460 57 wirtschaftlichen
1054 884 322 60 Auswüchse
1413 886 144 54 einer
1593 905 92 35 zur

557 966 156 55 Blüte
749 964 377 69 gekommenen
1165 963 337 67 Bourgeoisie
1540 960 146 58 nicht

558 1043 386 56 wiederkehren
986 1043 96 56 wie
1121 1040 133 58 nach
1295 1038 391 58 Deutschlands

563 1121 213 57 letztem
810 1121 171 67 Siege.

627 1199 103 55 Die
762 1222 134 32 neue
928 1195 314 69 Geistigkeit
1272 1195 131 58 wird
1435 1194 147 57 nicht
1611 1194 75 57 im

558 1274 413 57 Nationalismus
985 1274 211 57 stecken
1214 1273 227 65 bleiben,
1456 1273 229 56 sondern

558 1354 97 56 wie
674 1353 182 56 früher
876 1353 93 56 das
990 1350 405 70 Schöpferische
1414 1350 125 58 aller
1559 1349 96 57 Völ-

558 1429 89 57 ker
678 1429 90 57 auf
770 1429 228 57 nehmen
1031 1429 112 57 und
1174 1428 344 57 verarbeiten.
1569 1428 118 56 Nur

556 1507 105 57 daß
685 1509 75 55 sie
784 1508 103 56 den
914 1507 146 57 Staat
1084 1507 113 57 und
1221 1507 144 55 seine
1389 1504 298 58 Schicksale

558 1585 146 56 nicht
750 1585 147 56 mehr
941 1584 339 69 gleichgültig
1322 1584 216 56 beiseite
1579 1583 110 56 läßt

557 1664 113 55 und
711 1663 237 57 dadurch
991 1662 204 57 Gefahr
1234 1660 150 65 läuft,
1424 1660 136 57 auch
1602 1660 87 57 die

558 1740 197 56 Nation
796 1764 66 33 zu
899 1754 259 43 verraten.
1215 1739 112 56 Der
1366 1738 154 57 Geist
1557 1739 132 56 wird

557 1819 95 56 das
673 1819 123 56 Blut
817 1820 75 55 im
913 1818 363 68 Staatskörper
1299 1816 390 58 Deutschlands

560 1896 228 65 werden,
817 1896 113 56 und
958 1896 144 56 diese
1129 1894 525 67 Zusammengehörig-

560 1971 105 59 keit
689 1974 132 56 wird
845 1973 183 57 beider
1052 1971 182 58 Leben
1261 1971 359 58 bereichern.“

878 2365 171 71 Carl
1076 2364 304 70 Einstein

640 2484 82 69 „ffj
723 2483 83 60 Dir
836 2488 131 54 sind
1000 2488 101 54 des
1143 2481 403 70 Hüakßtißers,
1586 2486 101 53 des

565 2561 437 78 cJcßauspiefers,
1008 2567 66 65 ja
1088 2566 99 53 des
1201 2561 352 57 asßetiscßen
1571 2558 74 60 Ar-

560 2651 170 47 tisten
760 2637 211 79 (dieses
990 2641 203 78 weißen
1215 2634 284 78 Bammes)
1524 2642 160 52 über“

560 2722 223 72 drüssig
886 2723 98 52 wir
989 2714 235 79 fordern
1240 2716 229 68 ‘Büeßer,
1492 2716 193 57 wefcße

561 2801 86 52 die
669 2796 380 77 {Handlungen
1598 2805 89 47 stär
1328 2798 114 52 und
1657 2820 27 19 *

561 2879 199 61 sieren,
782 2873 207 69 Bilder,
1018 2872 142 58 ohne
1188 2877 87 52 die
1295 2871 387 77 {Hemmungen

560 2957 101 53 des
707 2948 399 79 verfäßrenden
1149 2949 279 59 {Kostüms
1428 2994 18 24 f
1488 2949 196 57 we[cße

561 3034 86 54 die
676 3028 261 58 Qesicßte
963 3033 301 74 steigern.“

1120 3119 140 63 (‘Pofifiscße
1261 3119 241 60 Anmerkungen.
1538 3119 146 55 1912.)

640 3213 287 70 Wichtiger
943 3212 136 57 noch
1097 3211 75 58 als
1188 3215 55 53 in
1262 3210 267 58 normalen
1545 3210 112 58 Zeit-

562 3292 197 57 läuften
791 3293 63 56 ist
881 3315 56 33 es
961 3293 143 67 jetzt,
1134 3290 110 57 sich
1271 3288 91 59 auf
1391 3291 92 56 das
1504 3314 65 33 zu
1593 3288 61 58 be-

562 3371 189 56 sinnen
782 3370 110 56 und
920 3368 224 58 darüber
1167 3367 109 57 sich
1300 3366 385 58 Rechenschaft

562 3446 307 68 abzulegen,
899 3470 104 34 was
1028 3470 66 33 an
1123 3470 172 32 neuen
1323 3443 217 59 Werten
1568 3466 88 36 vor-

563 3526 209 56 handen
801 3526 66 56 ist
896 3525 112 57 und
1028 3525 92 55 der
1140 3522 234 58 Zukunft
1395 3537 200 51 wartet,
1619 3547 67 32 zu

563 3601 252 58 sammeln
854 3601 85 57 für
972 3602 87 56 die
1088 3600 223 58 helleren
1342 3598 161 70 Tage,
1532 3624 153 34 wenn

565 3681 85 56 die
678 3680 203 58 Wasser
914 3678 110 57 sich
1064 3677 268 58 verlaufen
1369 3677 171 57 haben
1574 3678 112 57 und

563 3758 94 56 der
708 3757 167 69 Berge
937 3756 217 71 Spitzen
1216 3756 195 58 wieder
1473 3754 181 59 hervor-

563 3834 262 58 kommen.
867 3833 159 59 Dann
1055 3834 131 58 wird
1207 3833 158 59 vieles
1393 3832 291 69 schweigen

563 3923 228 56 müssen,
821 3936 102 34 was
952 3912 146 58 nicht
1135 3913 180 57 weiter
1351 3911 108 66 sah,
1493 3911 74 56 als
1595 3912 87 56 die

1728 649 295 59 Handbreit
2070 672 92 36 vor
2208 649 122 57 dem
2377 649 215 68 eigenen
2640 647 199 66 Schild,

1725 728 126 57 aber
1879 728 100 56 den
2009 729 254 65 wenigen,
2291 727 86 57 die
2405 724 434 60 vorausschritten

1727 806 111 57 und
1892 804 200 57 steilere
2139 804 162 69 Wege
2355 804 300 64 bereiteten,
2705 803 137 56 ihres

1727 883 211 57 Lohnes
1964 883 120 57 kein
2105 883 332 70 Tüpfelchen
2466 882 146 57 mehr
2634 897 178 42 vorent-

1727 959 175 59 halten
1946 959 229 57 bleiben.
2223 959 268 57 Schwerer
2531 959 129 57 wird
2700 959 139 55 dann

1725 1039 93 56 das
1866 1037 244 58 Gewicht
2157 1037 136 57 ihres
2341 1037 211 57 Werkes
2599 1035 107 58 sich
2761 1057 54 36 er-

1725 1117 191 56 weisen
1944 1115 113 56 und
2084 1114 138 57 ihrer
2254 1114 169 57 stillen
2452 1113 274 68 Stetigkeit
2753 1137 58 46 ge-

1727 1194 176 57 rechte
1930 1193 331 70 Würdigung
2301 1193 112 56 und
2452 1192 146 57 mehr
2641 1190 75 58 als
2750 1192 92 56 das

1728 1270 312 58 beschieden
2067 1272 128 54 sein.

1804 1348 121 58 Carl
1948 1348 235 57 Einstein
2203 1349 67 55 ist
2292 1348 82 56 ein
2397 1347 202 55 solcher
2620 1347 191 67 Organi-

1727 1442 153 51 sator,
1910 1425 406 59 Schrittmacher
2338 1425 92 56 der
2453 1425 388 63 Kommenden,

1725 1505 117 56 eine
1870 1503 400 58 Stirner-Natur
2301 1504 95 55 mit
2425 1500 277 57 Richtmaß
2730 1502 113 55 und

1731 1580 257 70 Fernglas.
2002 1582 59 55 In
2077 1582 92 55 der
2183 1579 264 58 standhaft
2458 1578 356 58 zielentschlos-

1729 1684 158 33 senen
1915 1659 299 58 Zeitschrift
2250 1658 137 66 „Die
2406 1658 230 57 Aktion“
2665 1656 177 56 finden

1729 1738 111 58 sich
1887 1753 171 42 zuerst
2104 1735 248 57 Aufsätze
2396 1759 100 33 von
2546 1734 109 57 ihm
2712 1734 130 57 über

1729 1814 332 66 literarische,
2090 1813 290 71 politische,
2397 1810 444 71 psychologische,

1729 1891 399 59 kunstkritische
2167 1891 289 64 Probleme,
2496 1889 345 67 eindringlich

1727 1969 367 60 intellektuelle
2109 1968 265 64 Arbeiten,
2396 1968 84 58 die
2503 1966 75 57 oft
2599 1969 55 54 in
2674 1966 169 68 wenig

1727 2046 178 57 Zeilen
1935 2046 356 69 Anregendes,
2326 2044 403 58 Bereicherndes
2757 2043 84 57 für

1725 2124 149 68 lange
1896 2125 191 67 bargen
2110 2124 111 57 und
2242 2124 91 57 das
2355 2121 486 69 wohlausgerüstete

1727 2200 467 60 Gedankenatelier
2207 2203 141 55 eines
2362 2199 200 71 Kopfes
2573 2223 100 33 von
2691 2199 125 57 elast-

1725 2280 169 57 ischer
1932 2274 411 72 Überlegenheit
2380 2277 110 58 und
2531 2276 312 69 geschärfter

1724 2356 245 59 Sehkraft
1996 2356 310 57 enthüllten.
2335 2355 217 57 Skizzen
2581 2356 97 55 wie
2707 2354 102 65 „Le-

1724 2436 206 68 gende“
1973 2434 170 71 (April
2180 2435 164 75 1913)
2387 2434 125 57 oder
2559 2432 147 66 „Der
2734 2432 72 56 Ab-

1723 2512 215 58 schied“
1977 2511 124 67 (Juli
2141 2511 167 75 1913)
2358 2525 180 42 muten
2576 2511 97 56 wie
2710 2509 99 57 Vor-

1723 2590 209 57 studien
1962 2614 85 41 an,
2089 2590 110 56 und
2236 2590 55 55 in
2321 2589 119 56 dem
2468 2587 162 69 Essay
2659 2584 185 68 „Über

1722 2669 103 56 den
1868 2669 241 56 Roman“
2152 2666 205 76 (1912)
2396 2688 103 35 war
2548 2665 162 57 schon
2757 2666 84 55 ein

1722 2745 204 57 exaktes
1988 2745 305 67 Programm
2360 2741 333 69 aufgestellt:
2750 2742 94 57 der

1720 2848 163 43 ganze
1924 2822 351 71 plauschende
2306 2821 353 70 Hokuspokus
2693 2820 120 58 land-

1720 2900 219 68 läufiger
2002 2900 314 57 Belletristik
2373 2897 471 71 (philosophischer

1722 2979 256 64 Schwatz,
2026 2976 474 66 Anekdotenkram,
2550 2975 291 71 Lyrisches,

1722 3055 372 76 Schilderung)
2108 3056 66 56 ist
2183 3055 257 63 abzutun;
2461 3055 126 62 „das
2600 3053 243 56 Absurde

1724 3156 92 35 zur
1838 3132 256 59 Tatsache
2137 3132 244 57 machen!
2425 3131 178 57 Kunst
2634 3131 64 56 ist
2729 3132 115 55 eine

1724 3210 255 66 Technik,
2033 3208 336 59 tatsächliche
2423 3210 255 56 Bestände
2734 3208 109 58 und

1718 3288 206 59 Affekte
1941 3313 66 33 zu
2029 3297 311 59 erzeugen.“
2364 3287 348 67 Anwendung
2734 3287 110 56 und

1718 3366 198 58 Beweis
1959 3367 169 56 dieser
2157 3365 263 57 Theorien
2458 3363 94 57 soll
2581 3365 140 55 dann
2750 3365 94 55 der

1719 3445 203 57 Roman
1943 3445 316 67 „Bebuquin
2275 3443 126 56 oder
2415 3443 86 56 die
2515 3441 326 58 Dilettanten

1718 3523 94 56 des
1863 3522 297 57 Wunders“
2209 3522 131 64 sein,
2395 3520 326 68 (erschienen
2769 3521 75 56 im

1718 3598 216 69 Verlage
1973 3600 94 55 der
2113 3596 420 59 Wochenschrift
2576 3596 140 65 „Die
2736 3596 72 57 Ak-

1717 3678 167 64 tion“,
1927 3674 568 60 Berlin-Wilmersdorf
2533 3676 184 73 1912),
2758 3677 84 55 ein

1718 3754 321 68 Paradigma,
2070 3754 96 56 mit
2186 3753 124 57 dem
2339 3754 115 54 eine
2477 3776 132 33 neue
2632 3752 211 70 Epoche

1717 3833 91 56 der
1821 3832 134 70 Epik
1971 3832 274 67 begonnen
2261 3831 209 57 werden
2495 3829 191 58 dürfte.
2702 3829 141 58 Statt

1717 3909 311 66 Erzählerei,
2104 3907 377 72 Reporterlust,
2564 3908 279 56 Kinonähe
