3254 4572
1703 432 220 51 Glossen

668 439 76 58 84

668 654 434 59 Theaterbetrieb
1154 654 85 57 ein
1289 650 211 58 soziales
1545 646 243 60 Problem

669 734 245 57 entdeckt
933 732 159 65 hatte,
1108 730 191 58 wieder
1315 729 84 55 ein
1417 726 236 62 anderer,
1671 721 116 60 weil

669 834 56 36 er
754 811 128 65 sich,
914 812 95 55 mit
1045 806 343 61 unendlicher
1413 801 262 65 Vorsicht,
1704 798 85 59 für

673 891 250 56 moderne
978 886 217 58 Malerei
1248 882 366 59 interessierte.
1681 878 72 56 Da-

672 991 165 45 gegen
857 966 208 58 wohnte
1093 962 83 57 ich
1202 986 55 32 in
1285 961 93 56 der
1404 955 385 61 französischen

675 1046 254 57 Kammer
968 1065 171 34 einem
1181 1038 231 68 heftigen
1453 1033 208 70 Angriff
1699 1032 91 57 auf

675 1124 238 55 Maurice
947 1120 182 57 Barres
1171 1117 101 64 bei,
1315 1117 101 55 den
1460 1115 92 56 der
1580 1112 212 67 Gegner

677 1202 96 56 mit
799 1201 143 56 einer
976 1197 315 65 keineswegs
1333 1191 219 60 banalen
1578 1188 177 59 Würdi-

675 1300 141 46 gung
837 1276 94 56 des
952 1273 292 58 Verfassers
1266 1295 102 34 von
1392 1270 113 64 „Le
1526 1267 178 69 Jardln
1728 1266 66 56 de

674 1356 283 58 Berenice“
994 1352 109 57 und
1144 1351 218 56 anderer
1401 1345 392 68 „bedeutender

677 1432 183 59 Werke
889 1431 91 56 des
1007 1426 385 60 französischen
1416 1425 245 57 Geistes“
1681 1422 84 56 ein-

675 1511 174 57 leitete
862 1534 13 40 ;
905 1508 111 58 und
1044 1530 152 34 wenn
1225 1507 54 55 in
1303 1503 240 70 England
1563 1499 231 59 Bernard

677 1588 157 58 Shaw
861 1585 253 59 zuweilen
1134 1583 76 57 als
1235 1607 86 32 ein
1342 1582 139 56 Narr
1501 1576 295 72 hmgestellt

678 1666 147 63 wird,
868 1687 58 33 so
964 1662 127 69 liegt
1126 1662 93 56 das
1252 1658 118 59 teils
1403 1682 66 32 an
1506 1657 165 56 seiner
1698 1679 66 33 un-

678 1741 451 61 überwindlichen
1176 1738 266 69 Neigung,
1491 1734 188 70 Spässe
1733 1757 65 32 zu

680 1821 237 63 machen,
947 1820 85 55 die
1053 1817 110 57 ihm
1183 1831 143 42 ernst
1347 1814 135 65 sind,
1502 1812 134 63 teils,
1658 1811 141 57 beim

680 1898 315 69 Engländer,
1050 1920 66 32 an
1172 1896 93 56 der
1319 1888 337 71 Eigenschaft
1707 1888 92 56 des

682 1976 247 57 Dichters
970 1973 75 57 als
1081 1971 175 58 Kelte.
1310 1971 121 54 Den
1469 1967 173 56 haben
1677 1966 126 55 aber

684 2054 162 58 selbst
862 2054 55 55 in
933 2051 240 68 England
1191 2051 141 54 diese
1351 2044 292 60 Umstände
1658 2042 144 58 nicht

683 2128 453 70 zurückgehalten,
1164 2151 74 32 im
1265 2123 307 72 politischen
1605 2118 198 71 Kampf

683 2212 117 55 eine
843 2203 371 61 beträchtliche
1255 2199 273 74 politische
1556 2197 148 59 Rolle
1737 2221 66 32 zu

686 2286 215 71 spielen.
964 2284 111 56 Der
1106 2281 243 58 Politiker
1383 2278 143 57 führt
1561 2300 109 40 aus,
1710 2275 94 56 der

684 2361 372 60 Schriftsteller
1083 2359 196 59 bereite
1308 2358 85 56 die
1421 2354 188 59 Politik
1636 2375 109 35 vor.

764 2442 110 56 Das
904 2441 179 55 zweite
1114 2434 326 60 Kaiserreich
1476 2430 246 60 zerbrach
1750 2432 54 54 in

687 2521 193 57 Sedan.
922 2518 123 57 Wer
1072 2517 137 56 kann
1237 2515 204 61 wissen,
1484 2510 69 58 ob
1580 2533 54 33 es
1661 2508 146 58 nicht

687 2597 174 57 Sedan
884 2594 241 59 überlebt
1149 2593 159 62 hätte,
1337 2613 152 35 wenn
1512 2587 145 57 nicht
1679 2584 96 57 Mil-

687 2675 175 56 lionen
926 2672 176 70 Köpfe
1157 2669 166 59 durch
1382 2665 308 70 „Napoleon
1757 2663 50 57 le

687 2753 190 63 Petit“,
928 2750 87 58 die
1053 2747 406 66 „Chatiments“
1488 2742 112 58 und
1638 2742 170 67 einige

689 2830 228 56 hundert
968 2828 209 62 andere,
1232 2823 205 57 minder
1478 2819 332 58 bedeutende

689 2905 380 60 Geisteswerke
1096 2903 91 57 auf
1214 2903 86 56 die
1324 2898 350 70 Katastrophe
1694 2918 87 36 vor-

689 2987 220 56 bereitet
937 3006 235 48 gewesen
1200 2984 211 53 wären?

767 3063 179 57 Victor
980 3059 158 69 Hugo
1166 3059 190 66 beging
1384 3055 248 66 übrigens
1660 3053 150 57 einen

691 3140 195 69 großen
918 3137 201 59 Fehler,
1150 3135 103 57 den
1280 3133 245 57 Politiker
1553 3131 97 58 wie
1676 3129 102 57 Ben-

692 3243 159 43 jamin
894 3215 275 64 Constant,
1218 3209 444 63 Chateaubriand,
1712 3208 67 56 La-

693 3298 238 62 martine,
959 3294 202 63 Renan,
1188 3291 183 58 Barres
1408 3286 263 69 sorgfältig
1700 3305 84 37 ver-

694 3374 205 56 mieden
913 3397 13 33 :
995 3392 56 35 er
1100 3368 203 58 machte
1349 3389 93 33 aus
1496 3365 122 56 dem
1672 3363 105 55 Red-

692 3450 226 59 nertisch
969 3450 92 56 des
1100 3446 188 58 Senats
1343 3445 115 56 eine
1498 3441 187 57 Bühne
1728 3439 87 57 für

693 3526 315 60 literarische
1032 3524 336 58 Kleinkunst.
1390 3520 125 58 Also
1544 3520 193 57 konnte
1757 3539 55 36 er

696 3608 148 56 keine
881 3603 235 59 direkten
1145 3599 310 72 politischen
1486 3595 208 70 Erfolge
1722 3595 60 56 da-

694 3699 304 52 vontragen.
1028 3681 92 56 Bei
1143 3704 99 32 uns
1263 3679 88 56 hat
1374 3675 267 58 Friedrich
1662 3674 114 57 Nau-

696 3785 157 33 mann
908 3760 85 56 die
1041 3758 239 66 Stellung
1333 3756 141 55 eines
1525 3752 256 68 Repräsen-

694 3855 181 42 tanten
918 3839 93 56 des
1050 3838 250 67 geistigen
1329 3829 362 59 Deutschland
1721 3829 95 56 mit

696 3915 179 68 Erfolg
900 3914 243 58 erstrebt.
1194 3912 59 58 In
1280 3911 143 68 jeder
1451 3907 169 59 Partei
1650 3907 165 55 sitzen

1835 646 84 55 ein
1976 665 140 47 paar,
2170 642 84 56 die
2309 638 163 65 mehr,
2527 635 74 58 als
2655 632 271 72 parteipoli-

1836 721 164 57 tische
2017 718 369 70 Kampfhähne
2403 715 133 64 sind,
2554 712 214 58 Konrad
2780 711 140 56 Haus-

1839 823 157 33 mann
2024 798 112 56 und
2164 797 141 56 Haas
2333 796 85 56 bei
2446 795 103 56 den
2579 790 377 66 Freisinnigen,

1837 878 84 55 ein
1942 876 179 56 halbes
2132 872 252 59 Dutzend
2396 875 74 53 im
2484 870 270 62 Zentrum,
2767 864 189 59 Calker

1840 955 84 57 bei
1954 953 102 56 den
2077 948 500 61 Nationalliberalen
2683 946 103 63 die,
2809 942 147 57 sollte

1841 1055 120 33 man
1991 1031 227 62 meinen,
2246 1030 55 54 in
2328 1028 169 56 dieser
2514 1022 301 66 Beziehung
2841 1022 115 53 eine

1840 1110 212 67 gewisse
2069 1106 275 57 Tradition
2373 1103 171 56 haben
2658 1101 185 66 einige,
2874 1098 85 56 die

1841 1188 84 55 nie
1966 1185 270 69 sprechen,
2279 1182 84 56 bei
2392 1182 103 56 den
2525 1178 435 61 Konservativen,

1841 1266 87 56 die
1971 1263 283 66 wenigsten
2295 1273 152 42 unter
2476 1258 101 55 den
2606 1254 322 58 Sozialdemo-

1844 1343 195 56 kraten.
2066 1339 141 58 Aber
2235 1360 104 35 wer
2361 1336 175 58 wüßte
2564 1334 161 64 nicht,
2756 1331 101 57 daß
2888 1332 72 54 sie

1844 1445 101 33 von
1975 1419 169 56 ihrem
2161 1417 204 57 Wissen
2386 1439 92 31 um
2500 1412 263 66 Geistiges
2786 1408 178 57 bisher

1843 1499 152 56 einen
2037 1493 258 60 schamlos
2331 1492 201 70 prüden
2563 1487 280 58 Gebrauch
2873 1510 61 43 ge-

1846 1574 173 59 macht
2056 1573 188 64 haben,
2282 1572 53 54 in
2366 1571 92 55 der
2486 1564 345 60 Hinterstube
2860 1587 100 33 von

1848 1651 363 59 Zeitschriften
2229 1649 109 57 und
2352 1648 54 56 in
2425 1647 102 56 den
2544 1642 419 68 Wandelgängen

1848 1732 91 56 des
1956 1728 315 66 Reichstags,
2287 1750 79 33 wo
2381 1724 85 56 die
2480 1723 295 69 bequemen
2793 1718 137 56 Klub-

1849 1807 156 58 sessel
2034 1806 151 57 stehn
2208 1809 26 51 ?

1928 1883 243 57 Darnach
2188 1880 131 59 wird
2334 1903 121 33 man
2470 1902 53 32 es
2539 1878 99 55 mir
2654 1874 145 59 nicht
2815 1872 124 58 übel-

1849 1963 246 64 nehmen,
2137 1985 153 33 wenn
2330 1958 85 56 ich
2455 1953 161 61 Adolf
2644 1950 325 69 Grabowsky

1851 2042 84 56 die
1963 2038 182 69 größte
2168 2037 245 64 Achtung
2441 2034 245 66 bezeuge,
2714 2053 101 34 von
2846 2029 123 56 dem

1851 2118 84 57 ich
1975 2117 146 57 nicht
2160 2114 151 64 weiß,
2352 2110 193 60 welche
2574 2108 208 67 Erfolge
2822 2128 54 34 er
2912 2107 54 54 in

1853 2198 170 55 seiner
2113 2194 91 56 der
2218 2188 489 61 freikonservativen
2723 2185 167 56 Partei

1854 2273 169 58 haben
2051 2270 147 65 wird,
2227 2270 92 56 der
2349 2268 125 56 aber
2502 2265 85 57 für
2615 2264 142 57 seine
2785 2260 189 65 Sache,

1853 2352 85 56 die
1980 2373 129 45 ganz
2146 2348 111 56 und
2285 2367 90 47 gar
2400 2343 146 58 nicht
2575 2343 84 56 die
2688 2363 169 33 meine
2886 2340 86 62 ist,

1855 2429 141 56 seine
2037 2449 161 45 ganze
2226 2425 193 56 Person
2461 2433 216 43 einsetzt
2716 2419 54 53 in
2800 2439 172 33 einem

1855 2505 182 64 Maße,
2058 2503 102 58 daß
2183 2502 145 57 nicht
2347 2498 190 59 einmal
2556 2498 92 56 das
2666 2495 308 57 Geschwätz

1857 2584 168 56 seines
2037 2579 354 60 Mitarbeiters
2403 2575 163 59 Oskar
2577 2575 66 56 A.
2655 2573 73 56 H.
2738 2571 235 59 Schmitz

1858 2662 92 55 ihn
2001 2658 483 71 kompromittieren
2526 2654 136 56 kann
2678 2656 24 53 ?
2761 2651 70 56 Er
2871 2670 107 36 war

1854 2735 521 62 kulturkonservativ,
2396 2731 168 69 lange,
2585 2730 159 56 bevor
2763 2728 211 62 andere,

1859 2816 141 56 seine
2019 2814 227 67 Gegner,
2258 2811 85 56 bei
2358 2806 281 60 Ausbruch
2649 2806 93 57 des
2757 2804 222 67 Krieges

1859 2893 111 57 sich
2011 2890 247 71 plötzlich
2287 2913 66 32 zu
2382 2883 595 60 Kulturkonservativen

1858 2970 297 64 aufrafften,
2177 2990 53 35 er
2254 2966 224 64 machte,
2500 2964 171 56 neben
2691 2963 94 55 der
2800 2959 148 66 „Zeit-

1862 3048 180 58 schrift
2061 3046 83 57 für
2158 3045 241 64 Politik“,
2413 3045 90 56 das
2516 3041 186 65 „Neue
2715 3037 231 58 Deutsch-

1860 3126 178 65 land“,
2074 3149 66 32 an
2178 3124 122 57 dem
2337 3121 108 57 sich
2475 3119 189 57 seither
2695 3114 283 68 „bewußt“

1862 3204 307 70 gewordene
2207 3199 245 68 Journale
2513 3222 97 33 wie
2671 3195 83 56 die
2805 3191 140 66 „Süd-

1863 3280 287 58 deutschen
2192 3274 395 61 Monatshefte“
2627 3274 85 56 ein
2753 3269 229 69 Beispiel

1862 3360 224 56 nehmen
2118 3355 206 65 sollten,
2366 3354 113 56 und
2504 3373 104 37 war
2638 3349 110 58 und
2775 3363 67 40 ist
2870 3346 113 57 und

1863 3436 180 62 bleibt,
2081 3432 165 60 durch
2287 3431 65 57 all
2381 3431 109 64 das,
2533 3430 54 56 in
2626 3427 65 56 all
2734 3427 121 55 dem
2897 3425 85 54 ein

1860 3514 221 57 Dichter
2126 3535 100 35 von
2269 3510 168 66 Rang,
2481 3507 93 57 der
2602 3502 380 70 Schöpfungen

1862 3594 92 56 des
1978 3589 413 59 künstlerischen
2414 3586 211 57 Geistes
2653 3584 95 54 mit
2767 3603 216 45 ganzem

1863 3670 208 57 Herzen
2124 3666 91 59 auf
2217 3669 191 54 nimmt
2448 3662 111 57 und
2599 3662 86 55 die
2725 3660 259 66 geringste

1863 3763 213 53 geistige
2086 3745 282 67 Anregung
2378 3756 96 42 mit
2484 3735 504 62 leidenschaftlicher

1865 3825 205 57 Freude
2085 3821 277 58 annähme.
2390 3818 89 58 Ich
2492 3815 285 63 wünschte,
2793 3835 54 34 er
2865 3811 121 56 säße

1864 3902 89 57 auf
1981 3904 102 55 den
2111 3899 210 58 Bänken
2349 3899 93 55 der
2471 3892 515 60 Freikonservativen
