3201 4572
1421 399 222 52 Glossen

2600 402 70 59 83

460 619 103 56 Die
586 618 169 57 Leute
775 616 158 65 irren,
953 615 85 56 die
1058 639 122 33 vom
1202 615 305 57 Pazifismus

381 698 149 58 mehr
555 709 270 50 erwarten,
841 691 74 60 als
934 694 85 56 die
1035 691 338 71 Herstellung
1395 694 112 57 und

478 798 154 33 wenn
661 771 85 57 ich
769 795 58 32 so
846 794 156 45 sagen
1028 770 114 58 darf
1261 770 214 58 Konsoli-

380 855 225 64 dierung
649 851 144 55 einer
840 849 366 70 Atmosphäre,
1256 850 112 57 und
1407 865 97 42 tun

381 933 103 55 den
515 927 440 70 repräsentativen
986 926 237 57 Führern
1246 927 92 58 des
1359 927 117 58 Pazi-

379 1010 185 56 fismus
618 1004 241 59 unrecht.
927 1004 112 58 Der
1087 1004 304 58 Pazifismus
1441 1007 64 55 ist

383 1088 149 57 keine
586 1082 274 72 politische
908 1082 313 69 Bewegung,
1278 1084 226 57 sondern

381 1166 117 56 eine
532 1161 220 69 geistige
780 1160 339 68 Verfassung,
1156 1162 53 55 in
1244 1162 92 56 der
1366 1161 112 59 Indi-

384 1242 193 59 viduen
615 1239 109 58 sich
762 1239 266 66 befinden,
1066 1240 300 70 behaupten
1395 1240 112 57 und

384 1317 245 60 handeln.

463 1397 80 55 Im
555 1395 196 57 dritten
770 1394 129 58 Heft
913 1396 93 56 der
1024 1394 481 66 „Internationalen

385 1472 358 60 Rundschau“
772 1472 185 57 drückt
986 1472 110 59 sich
1118 1474 85 55 ein
1227 1471 280 58 berufener

384 1552 203 60 Führer
642 1552 92 56 des
788 1551 325 65 Pazifismus,
1184 1551 98 56 Dr.
1324 1550 184 57 Alfred

386 1630 172 65 Fried,
587 1629 108 58 also
722 1653 119 34 aus:

465 1707 205 66 „Wenn
715 1730 121 33 man
886 1706 124 57 aber
1057 1707 117 56 eine
1214 1705 293 57 Definition

385 1789 93 55 der
515 1785 382 71 pazifistischen
934 1783 301 69 Bewegung
1274 1785 55 56 in
1371 1783 137 59 ihrer

384 1862 334 60 Gesamtheit
759 1861 168 70 geben
966 1861 120 66 will,
1123 1886 60 33 so
1218 1861 129 57 muß
1386 1886 122 32 man

381 1968 70 31 zu
468 1943 144 56 einer
629 1942 274 66 negativen
922 1940 348 68 Feststellung
1289 1940 219 68 greifen.

385 2020 104 56 Die
524 2018 212 59 Einheit
771 2018 127 68 liegt
939 2018 146 59 nicht
1124 2020 55 56 in
1222 2018 141 65 dem,
1405 2043 104 33 was

385 2097 112 56 ihre
516 2120 56 33 so
590 2096 339 58 verschieden
948 2111 264 52 gearteten
1228 2095 281 68 Anhänger

384 2175 206 66 wollen,
614 2176 226 56 sondern
863 2175 52 57 in
941 2175 140 66 dem,
1096 2199 104 33 was
1220 2176 73 56 sie
1315 2199 34 32 n
1366 2176 15 55 i
1397 2199 28 33 c
1441 2173 34 56 h
1489 2189 21 43 t

386 2252 202 59 wollen.
618 2251 120 58 Nur
759 2252 85 57 die
865 2251 319 70 Ablehnung
1206 2252 92 57 des
1319 2275 160 46 gegen-

386 2332 246 66 wärtigen
653 2330 295 58 Zustandes
976 2331 92 57 der
1098 2330 383 58 zwischenstaat-

383 2408 175 59 lichen
585 2408 370 69 Beziehungen
985 2410 113 55 und
1126 2410 92 55 der
1246 2408 111 57 sich
1392 2408 89 57 dar-

381 2510 97 33 aus
505 2486 328 70 ergebenden
858 2485 353 58 Verhältnisse
1235 2485 164 58 bildet
1420 2487 91 56 das

384 2565 279 67 einigende
690 2565 152 57 Band
869 2565 93 57 der
988 2565 355 68 Bewegung.“

470 2641 89 58 Ich
590 2642 209 58 möchte
828 2642 103 57 den
959 2642 308 58 Pazifismus
1294 2643 96 55 mit
1418 2642 93 57 der

385 2719 385 70 Enzyklopädie
799 2719 354 70 vergleichen:
1185 2721 150 57 keine
1377 2719 106 72 poli-

384 2797 168 57 tische
578 2798 316 69 Bewegung,
933 2798 127 57 aber
1095 2799 85 56 ein
1208 2798 172 65 Wille,
1416 2799 93 56 der

385 2874 131 66 sich,
538 2874 358 70 vielgestaltig,
922 2876 223 57 auslebt.
1174 2876 70 57 Es
1265 2877 66 57 ist
1352 2874 157 59 leicht

388 2976 64 33 zu
488 2977 175 45 sagen,
706 2954 103 58 daß
845 2970 131 42 etwa
1004 2954 230 58 Voltaire
1270 2954 93 58 der
1397 2953 74 59 An-

386 3029 169 59 stifter
583 3032 94 57 der
704 3032 197 68 großen
930 3032 312 58 Revolution
1272 3056 235 44 gewesen

388 3108 90 55 sei.
521 3108 216 67 Jedoch,
776 3111 141 55 diese
955 3132 124 43 war,
1104 3112 121 54 weit
1253 3133 101 33 von
1382 3108 94 58 Vol-

386 3187 146 65 taire,
562 3210 148 45 sogar
739 3212 102 35 von
872 3188 268 57 Rousseau
1167 3187 147 58 nicht
1340 3187 135 57 unbe-

386 3263 275 58 trächtlich
687 3266 248 64 entfernt,
963 3267 85 56 ein
1079 3264 298 71 politischer
1399 3266 73 57 Ge-

388 3340 222 68 waltakt,
640 3344 112 56 und
779 3343 350 58 vortreffliche
1160 3343 347 65 Kameraden,

386 3418 87 57 die
493 3420 90 56 auf
605 3422 93 56 der
717 3420 147 59 Flöte
887 3422 85 57 die
991 3420 187 58 Macht
1195 3422 93 56 des
1298 3419 210 59 Geistes

389 3518 65 33 zu
470 3499 253 56 variieren
739 3499 224 70 pflegen,
973 3497 210 58 möchte
1198 3498 84 56 ich
1362 3497 146 58 nicht

386 3573 93 57 auf
493 3573 169 60 Taine
684 3578 111 57 und
817 3578 192 56 andere
1025 3575 309 65 Historiker,
1363 3577 144 63 nein,

390 3672 99 34 nur
524 3677 153 53 ganz
704 3655 324 59 menschficß
1063 3654 112 57 und
1214 3652 167 58 durch
1416 3653 93 56 das

389 3725 225 74 Beispiel
668 3734 144 56 eines
866 3730 460 61 Einzelschicksals
1382 3729 100 60 viel-

388 3803 157 61 leicht
585 3809 444 69 überzeugender,
1065 3808 73 58 als
1170 3808 166 58 durch
1364 3808 144 66 jedes

389 3884 403 65 geschichtliche
814 3888 226 70 System,
1058 3887 92 58 auf
1176 3888 93 57 das
1289 3885 186 60 Schick-

1555 614 72 57 sal
1648 616 144 56 eines
1814 614 207 58 Rivarol
2050 614 283 58 hinweisen
2361 618 109 55 und
2492 620 182 55 zweier

1554 693 283 58 Dutzende
1879 718 101 33 von
2020 694 198 56 andern
2256 693 291 69 Geistigen,
2589 698 83 54 die

1555 773 96 55 mit
1681 773 92 55 der
1802 770 286 70 Explosion
2119 771 92 56 des
2241 770 311 71 politischen
2580 773 62 58 Er-

1552 851 252 68 eignisses
1830 849 92 58 auf
1924 849 190 68 flogen.

1630 927 95 58 das
1767 929 75 56 sie
1882 929 54 54 ln
1976 927 147 69 jeder
2150 926 173 59 Weise
2365 927 311 60 vorbereitet

1554 1005 196 66 hatten,

1631 1085 113 56 und
1771 1085 110 63 das,
1910 1084 84 57 für
2032 1085 84 56 die
2145 1072 428 78 Überlebenden,
2604 1085 72 56 im

1555 1160 214 58 Verlauf
1790 1187 100 31 von
1919 1161 134 57 zehn
2082 1161 192 67 Jahren
2304 1162 144 56 seine
2470 1160 207 58 Gewalt

1554 1264 163 43 gegen
1759 1240 74 56 sie
1874 1240 180 57 kehrte
2095 1240 130 57 nach
2270 1239 279 66 Gesetzen,
2591 1241 85 56 die

1555 1317 195 58 stärker
1776 1339 188 43 waren,
1993 1316 74 57 als
2096 1319 91 56 sie.
2229 1316 113 59 Der
2364 1317 153 58 Geist
2539 1317 136 58 kann

1555 1394 112 57 und
1693 1394 94 57 soll
1814 1395 436 66 administrieren,
2272 1396 84 56 die
2379 1396 188 59 Politik
2587 1420 60 45 ge-

1556 1471 117 58 hört
1695 1494 91 34 zur
1808 1472 303 59 Exekutive.
2153 1472 234 59 Deshalb
2408 1475 131 56 wird
2558 1475 118 56 eine

1556 1550 166 57 starke
1736 1550 190 57 Politik
1942 1552 187 56 immer
2150 1575 92 33 zur
2257 1551 283 58 Exekutive
2557 1551 89 57 hin-

1556 1629 225 57 streben.
1813 1627 73 57 So
1914 1627 301 69 unmöglich
2244 1654 55 32 es
2328 1631 98 55 mir
2457 1630 218 65 scheint,

1555 1706 155 57 einen
1747 1705 315 68 lebendigen
2092 1705 292 58 Menschen
2421 1731 65 32 zu
2524 1709 121 55 zwei-

1556 1782 159 59 teilen
1786 1785 55 54 in
1894 1785 154 56 einen
2107 1783 422 72 „Philosophen“
2578 1785 97 67 (im

1557 1861 167 57 Sinne
1752 1862 94 56 der
1872 1861 474 71 Enzyklopädisten
2387 1863 111 58 und
2531 1863 116 56 Pazi-

1557 1938 178 77 fisten)
1775 1940 113 57 und
1928 1940 52 57 in
2022 1941 153 55 einen
2218 1938 296 59 brutaleren
2542 1940 108 57 Poli-

1556 2017 151 66 tiker,
1750 2041 58 33 so
1849 2017 124 57 sehe
2016 2017 81 57 ich
2140 2017 184 57 darum
2361 2017 135 57 doch
2533 2018 146 59 nicht

1559 2097 101 64 ein,
1715 2119 198 34 warum
1969 2097 93 56 der
2106 2095 244 58 Politiker
2397 2096 145 58 nicht
2594 2097 83 55 ein

1559 2172 282 71 Philosoph
1863 2173 127 58 oder
2011 2175 92 56 der
2125 2172 282 71 Philosoph
2436 2175 84 54 ein
2544 2173 107 56 Poli-

1559 2252 133 57 tiker
1717 2253 112 56 sein
1860 2251 142 57 solle.
2051 2252 88 57 Ich
2168 2253 236 56 erinnere
2435 2252 137 59 mich
2613 2276 64 32 an

1559 2332 116 55 eine
1788 2330 318 69 polemische
2218 2330 349 68 Schilderung
2589 2331 92 56 des

1560 2407 350 71 Philosophen
1941 2407 190 70 Peguy,
2169 2408 86 57 die
2293 2408 103 57 den
2437 2407 243 58 Politiker

1557 2486 183 68 Jaures
1780 2485 76 58 als
1900 2487 324 69 Interpreten
2266 2485 258 69 Bergsons
2570 2486 111 57 und

1559 2589 66 31 an
1646 2565 102 55 den
1764 2563 310 57 Seineufern
2098 2563 369 57 hinhallenden
2484 2563 196 69 Sänger

1560 2641 328 68 Hugo’scher
1900 2641 264 70 Strophen
2189 2642 165 66 zeigte
2366 2666 13 33 :
2402 2642 72 56 im
2497 2641 147 57 Hand-

1557 2742 252 42 gemenge
1827 2719 92 56 des
1943 2717 449 67 Dreyfushandels
2413 2719 112 56 und
2547 2718 106 66 poli-

1557 2797 192 58 tischer
1792 2797 366 70 Kampagnen.
2213 2796 103 58 Die
2354 2797 323 67 Forderung,

1556 2876 86 57 die
1665 2874 158 59 heute
1844 2876 315 67 dringender
2180 2876 82 63 ist,
2290 2873 75 57 als
2390 2876 67 67 je,
2487 2873 190 60 bleibt:

1557 2954 84 56 die
1688 2952 318 68 Ablehnung
2058 2953 92 56 des
2204 2952 475 70 parteipolitischen

1556 3031 302 57 Routiniers
1884 3029 73 57 als
1987 3028 309 71 politischen
2321 3027 242 67 Führers,
2594 3029 85 57 die

1556 3107 448 68 Notwendigkeit,
2022 3106 104 58 daß
2148 3108 85 56 ein
2255 3106 204 58 solcher
2478 3106 202 58 Führer

1555 3187 86 56 ein
1673 3186 415 69 „Repräsentant
2116 3186 168 55 seines
2310 3184 227 57 Volkes“
2566 3186 111 55 sein

1557 3274 190 46 müsse.
1843 3263 109 57 Der
2026 3263 654 69 Reichstagsabgeordnete

1559 3339 216 66 Franck,
1811 3342 85 56 ein
1932 3339 179 59 frühes
2140 3339 168 70 Opfer
2336 3340 91 56 des
2459 3339 221 70 Krieges

1556 3420 99 58 wie
1696 3419 175 69 Peguy
1912 3419 111 57 und
2062 3418 200 67 Jaures,
2303 3418 105 67 galt
2459 3418 100 58 fast
2606 3419 75 57 als

1557 3497 210 70 Dandy,
1796 3495 117 59 weil
1940 3518 57 36 er
2017 3495 272 66 zuweilen,
2312 3497 72 56 im
2406 3495 273 70 Smoking,

1556 3574 231 59 Berliner
1835 3573 520 71 Theaterpremieren
2404 3574 276 66 besuchte,

1556 3653 84 56 ein
1674 3653 221 56 anderer
1935 3650 278 59 deutscher
2242 3650 409 70 Reichstagabge-

1556 3730 244 58 ordneter
1820 3730 178 58 wurde
2020 3728 297 67 lächerlich,
2337 3729 75 59 als
2435 3733 85 55 ein
2549 3730 106 70 poli-

1554 3808 193 57 tischer
1771 3807 214 69 Gegner
2004 3809 73 56 im
2098 3808 280 70 Reichstag
2399 3808 162 58 Verse
2580 3833 101 35 von

1554 3885 111 57 ihm
1702 3902 227 51 vortrug,
1960 3887 85 55 ein
2086 3887 238 64 anderer,
2354 3887 118 58 weil
2512 3909 56 35 er
2609 3888 73 57 im
