3167 4572
1590 421 220 53 Glossen

559 428 74 61 90

2114 3094 150 59 Max
2289 3092 321 60 Herrmann
2614 3088 256 59 =Neisse

562 649 211 64 tierung
799 645 131 57 über
949 642 343 63 Tendenzen,
1334 638 85 56 die
1446 659 56 34 er
1528 635 151 58 dabei

564 724 240 66 vorfand,
848 722 116 57 kam
999 743 57 34 er
1082 719 74 57 als
1196 743 66 31 zu
1287 717 174 55 einem
1502 711 150 70 mögli-

563 802 137 59 chen
723 801 386 69 gemeinsamen
1131 790 439 72 Ausgangspunkt
1592 811 92 36 zur

564 877 381 71 Negerplastik,
969 877 92 55 der
1080 895 56 36 er
1155 873 152 56 einen
1336 868 316 70 grundlegen-

567 960 104 56 den
726 957 148 57 Band
917 953 229 59 widmet.
1225 950 110 56 Der
1362 947 187 67 Verlag
1593 946 93 57 der

568 1033 222 61 Weißen
818 1032 204 57 Bücher
1049 1031 54 55 in
1132 1028 218 69 Leipzig
1378 1026 176 66 bringt
1593 1023 91 56 ihn

569 1115 56 54 in
647 1110 324 59 schlechthin
994 1106 191 58 idealer
1201 1105 346 64 Ausstattung
1569 1100 88 57 her-

568 1213 113 35 aus.
727 1190 60 56 In
815 1188 85 55 ein
928 1206 121 48 paar
1066 1183 240 69 knappen
1324 1178 245 71 Kapiteln
1585 1201 102 34 von

571 1282 302 42 strammem
906 1262 128 58 Guß
1062 1261 130 57 wird
1231 1260 85 55 ein
1357 1256 200 64 Bezirk,
1596 1256 92 56 der

572 1345 175 58 bisher
775 1367 59 33 so
862 1356 92 55 gut
972 1342 97 56 wie
1091 1338 318 57 verschüttet
1436 1336 113 57 und
1574 1354 86 38 ver-

571 1422 172 57 achtet
762 1420 172 67 liegen
955 1416 274 70 gebheben
1250 1434 122 44 war,
1394 1436 122 34 vom
1536 1411 124 70 gröb-

572 1515 116 42 sten
732 1498 171 57 Unrat
943 1493 292 71 gesäubert,
1276 1492 111 56 und
1427 1491 85 56 ein
1557 1487 108 58 hoff-

573 1574 333 70 nungsvolles
955 1573 215 64 Gebiet,
1230 1571 91 57 das
1373 1567 319 67 Anmaßung

574 1654 114 59 und
701 1651 263 59 Vorurteil
983 1662 261 56 versperrt
1270 1646 143 64 hielt,
1441 1647 56 54 in
1523 1644 170 56 seiner

577 1729 396 60 Fruchtbarkeit
992 1726 243 59 entdeckt
1253 1724 111 57 und
1385 1721 310 59 ernsthafter

577 1809 343 65 Verwertung
1023 1802 311 70 zugänglich
1438 1798 257 70 gemacht.

578 1887 282 58 Geradezu
893 1882 309 61 vorbildlich
1244 1879 84 59 für
1372 1877 288 58 Kunstkom-

578 1964 230 71 pendien
839 1962 142 68 jeder
1008 1961 97 57 Art
1132 1958 207 57 möchte
1366 1955 84 58 ich
1479 1955 84 56 die
1587 1953 74 57 An-

578 2042 115 68 lage
722 2041 94 57 des
842 2038 207 60 Buches
1082 2060 229 39 nennen,
1349 2032 234 58 insofern
1624 2032 74 56 sie

581 2122 105 56 den
708 2117 369 71 Hauptakzent
1103 2113 90 58 auf
1213 2112 353 66 Anschauung
1592 2108 106 68 legt

582 2198 113 58 und
723 2197 103 56 den
854 2192 429 66 einundzwanzig
1310 2189 179 56 Selten
1518 2185 150 59 Erläu-

581 2289 190 53 terung
788 2273 94 56 mit
895 2264 614 64 hundertundneunzehn
1521 2263 179 57 Seiten

585 2348 331 62 untadelhaft
957 2347 413 69 reproduzierter
1399 2339 301 66 Bildtafeln,

586 2452 93 37 vor
713 2429 171 57 denen
915 2448 121 36 man
1076 2425 53 56 in
1159 2420 241 60 Andacht
1427 2418 274 61 versinken

585 2508 113 57 und
724 2507 103 56 den
855 2527 197 46 ganzen
1081 2500 352 59 Hellenismus
1461 2498 96 57 wie
1588 2497 114 57 eine

586 2582 320 72 gekräuselte
926 2575 593 75 Operettengelecktheit
1541 2574 136 70 preis-

586 2662 171 69 geben
806 2659 155 65 kann,
1005 2658 117 56 eine
1182 2651 342 61 zureichende
1556 2650 112 57 Kon-

587 2739 151 58 trolle
760 2739 113 57 und
897 2737 339 66 Bestätigung
1256 2730 235 61 verleiht.
1535 2721 136 65 Über-

587 2815 257 69 zeugend,
859 2815 53 56 in
935 2824 254 60 prägnant
1209 2808 347 68 festlegender
1579 2805 96 57 For-

590 2894 299 65 mulierung
903 2890 133 59 wird
1048 2890 85 56 ein
1147 2885 358 69 kurzgefaßter
1517 2884 192 57 Kanon

588 2971 88 58 für
708 2973 114 56 eine
851 2970 176 57 besser
1055 2992 64 33 zu
1145 2963 406 59 informierende
1573 2961 102 57 Wis-

592 3046 263 61 senschaft
870 3057 232 59 geprägt.
1131 3044 110 56 Der
1251 3043 177 67 Neger
1443 3040 111 57 und
1566 3039 144 57 seine

595 3128 178 58 Kunst
812 3124 193 58 erfährt
1044 3123 117 55 eine
1201 3119 284 70 glänzende
1513 3115 162 58 Ehren-

591 3219 235 52 rettung,
867 3201 113 58 und
1018 3200 87 57 die
1143 3195 343 60 afrikanische
1519 3192 192 60 Plastik

596 3281 132 59 wird
768 3278 295 69 gegenüber
1090 3297 184 36 unsrer
1300 3275 203 69 eignen,
1540 3271 142 57 konti-

594 3358 266 64 nentalen,
883 3355 140 58 stark
1039 3378 102 34 von
1164 3350 335 60 malerischen
1521 3349 158 57 Surro-

595 3452 156 54 gaten
779 3434 417 58 durchkreuzten
1222 3430 74 57 als
1324 3430 84 57 die
1436 3427 241 69 ungemin-

594 3515 148 57 derte
771 3513 110 57 und
915 3509 214 59 restlose
1157 3509 254 66 Leistung
1437 3505 93 58 des
1557 3504 124 57 Drei-

596 3589 436 63 dimensionalen,
1086 3585 308 60 Kubischen
1447 3584 264 56 erwiesen.

1731 633 139 66 „Die
1880 630 366 71 Negerplastik
2259 630 88 57 hat
2361 626 195 59 isoliert
2566 625 84 57 die
2662 645 181 35 reinen

1730 708 313 71 plastischen
2095 707 223 57 Formen
2373 702 335 71 gezüchtet“,
2768 701 76 54 sie

1730 787 113 69 gibt
1872 787 152 65 „eine
2064 786 136 57 klare
2231 783 279 68 Fixierung
2537 781 91 56 des
2656 799 158 36 unver-

1733 863 255 59 mischten
2007 862 312 71 plastischen
2336 859 201 58 Sehens
2552 854 295 73 gegenüber

1731 943 105 57 den
1864 966 101 33 uns
1991 941 306 68 geläufigen,
2319 936 369 71 europäischen
2711 933 102 56 Aus-

1734 1019 475 69 weg-Lösungen“.
2274 1018 58 56 In
2375 1014 221 72 präziser
2637 1011 182 58 Gliede-

1734 1121 133 45 rung
1913 1096 208 58 werden
2170 1094 142 58 diese
2359 1091 325 66 Sichtungen
2739 1087 111 57 und

1735 1174 485 68 Bescheinigungen
2248 1167 366 70 herausgefeilt
2634 1166 108 57 und
2764 1166 85 55 ein

1735 1251 333 72 gehaltvolles
2105 1248 156 60 Werk
2327 1272 102 33 von
2496 1243 356 58 bedeutender

1738 1331 289 68 Tragweite
2043 1328 87 57 auf
2133 1324 221 71 gestellt,
2373 1326 185 55 dessen
2581 1319 272 68 beiläufige

1739 1408 225 59 Glossen
1992 1407 131 56 über
2153 1406 86 55 die
2267 1402 273 63 Methode,
2570 1399 91 56 das
2688 1397 132 58 Täto-

1738 1488 211 64 wieren,
1978 1486 86 55 die
2093 1482 204 63 Maske,
2326 1482 103 56 den
2457 1478 278 69 Egoismus
2763 1475 94 56 des

1739 1566 180 58 Beters
1947 1563 210 67 (wieder
2185 1583 66 32 an
2274 1558 202 57 Stirner
2504 1553 354 75 gemahnend)

1740 1644 84 56 ein
1878 1663 187 46 ganzes
2107 1635 169 60 Rudel
2335 1630 523 63 tiefersondierender

1742 1719 301 68 Prüfungen
2071 1718 54 56 in
2147 1714 264 66 Schwung
2430 1726 175 43 setzen
2629 1719 228 46 müssen.

1820 1795 130 58 Eine
1971 1794 355 65 Abänderung
2352 1790 93 58 des
2473 1787 356 58 Einstein-Por-

1747 1887 124 46 träts
1921 1870 302 60 schließlich
2270 1868 133 57 nach
2452 1867 91 55 der
2591 1862 242 72 politisch-

1743 1950 355 59 literarischen
2120 1948 310 66 Betätigung
2450 1943 93 57 hin
2558 1942 178 58 würde
2758 1940 101 56 den

1745 2028 510 71 gekennzeichneten
2284 2020 397 61 Umrißbefund
2717 2016 145 59 nicht

1747 2107 306 63 verändern,
2098 2104 225 56 sondern
2373 2121 99 36 nur
2520 2098 135 57 noch
2703 2094 128 58 nach-

1747 2183 325 60 drücklicher
2114 2179 344 66 bekräftigen,
2514 2175 109 57 und
2662 2198 55 32 es
2772 2173 60 55 be-

1748 2263 217 68 hauptet
2006 2258 110 58 sich
2144 2259 112 56 dies
2285 2255 118 59 Bild
2436 2277 143 33 eines
2605 2249 258 58 Zukunft-

1753 2340 302 68 Ingenieurs
2079 2338 96 56 mit
2196 2334 229 70 geübten
2440 2331 205 68 Augen,
2669 2330 90 55 der
2780 2328 86 55 die

1749 2413 488 67 Zusammenhänge
2265 2410 112 57 und
2403 2408 369 66 Beziehungen
2801 2428 66 33 zu

1749 2493 363 58 Sternbildern
2140 2484 552 70 verheißungsreicher
2720 2483 110 55 Deu-

1749 2589 134 50 tung
1912 2570 184 57 ordnet
2125 2568 112 57 und
2270 2565 131 57 über
2430 2565 122 56 dem
2567 2561 112 59 Tor
2700 2561 169 55 seiner

1753 2673 100 36 von
1871 2648 158 58 Licht
2049 2641 263 63 erfüllten
2312 2641 264 63 Werkstatt
2599 2639 75 57 als
2692 2637 177 58 Motto

1753 2728 112 57 und
1885 2724 367 61 Willkommen
2294 2721 85 56 die
2420 2717 451 67 Strindbergsätze

1753 2806 178 68 zeigen
1961 2801 139 59 darf:

1836 2897 157 66 „Was
2020 2897 67 55 ist
2114 2894 155 57 deine
2294 2889 183 70 größte
2506 2888 203 58 Freude
2730 2891 63 53 ?“

1836 2975 205 63 „Einen
2069 2994 172 35 neuen
2266 2966 291 61 Gedanken
2585 2965 286 69 gebären!“

2217 3261 204 47 NOTIZ.

1822 3346 89 47 Das
1953 3342 276 56 Manuskript
2269 3339 77 47 des
2385 3339 163 47 vierten
2581 3334 179 48 Stückes
2793 3352 85 29 von

1758 3405 176 50 Eduard
1977 3404 245 47 Bernsteins
2267 3400 461 54 Erinnerungen:
2789 3394 89 54 „In

1760 3468 188 49 Zürich“
1985 3466 204 49 brauchte
2221 3484 48 27 so
2291 3464 83 48 viel
2405 3462 96 49 Zeit
2522 3461 70 47 für
2612 3460 118 46 seine
2755 3457 123 46 Reise

1761 3550 86 29 von
1880 3530 142 47 Berlin
2055 3528 183 53 hierher,
2272 3526 85 47 daß
2389 3544 44 26 es
2466 3536 83 34 erst
2582 3523 61 46 im
2676 3521 202 47 nächsten

1763 3593 106 47 Heft
1890 3591 313 49 veröffentlicht
2225 3588 171 48 werden
2418 3587 128 47 kann.

1332 3749 349 50 Verantwortlich
1740 3749 129 46 ‘Rene
1896 3735 248 61 iSeßidcefe.

598 3837 90 47 Für
704 3828 368 64 Öster.-Ungarn:
1090 3835 143 61 Wugo
1253 3832 181 53 Wetter,
1450 3829 125 47 Wien
1596 3827 36 55 I,
1647 3824 308 50 Bauernmarkt
1971 3824 42 47 3.
2132 3821 64 48 Im
2214 3819 152 56 Verlag
2386 3837 82 32 von
2498 3818 206 47 Rascßer
2718 3824 38 38 &
2776 3816 108 52 Cie.,

695 3915 157 47 Zürich
878 3913 17 47 I
918 3911 90 49 und
1031 3911 191 56 Leipzig,
1242 3908 238 48 Talstrasse
1506 3906 65 48 15.
1699 3903 150 48 Druck
1869 3921 84 29 von
1981 3902 193 47 <Benfeti
2196 3898 167 55 01.-9.,
2384 3894 199 59 Bümpliz
2610 3893 169 57 (Bern).
