2794 3860
1891 244 313 56 TEK
2280 247 60 54 H
2420 247 59 53 N
2559 235 47 65 É

118 3628 142 54 114

118 423 293 50 maçonnerie
463 419 226 43 ordinaire
738 437 122 32 avec,
912 421 265 50 seulement,
1228 420 61 42 les

120 483 239 51 planchers
390 483 181 51 d'étage
600 499 55 25 en
685 484 143 41 béton
856 485 138 40 armé.
1025 482 264 44 L'accident

122 544 174 43 semble
329 548 126 38 avoir
491 548 71 40 été
596 548 241 47 provoqué
870 562 83 33 par
987 546 41 40 le
1060 546 207 42 fléchisse-

122 621 123 30 ment
274 606 109 43 d'un
412 607 127 49 pilier
567 605 185 54 d'angle
779 609 113 39 suué
924 606 113 44 dans
1066 607 62 42 les
1152 624 138 25 caves

123 680 41 30 et
200 686 101 25 non,
334 669 340 41 suffisamment
713 668 139 48 durci.
895 668 31 43 Il
965 682 65 31 eJt
1069 673 221 38 étonnant

122 732 139 49 qu'on
293 731 110 41 n'ait
433 748 61 35 pu
524 732 183 48 prévoir
738 732 40 40 le
810 731 215 55 désastre,
1061 749 74 25 car
1166 732 27 40 il
1226 743 64 30 est

121 795 168 40 certain
320 809 85 34 que
434 796 41 41 le
502 791 128 52 pilier
659 809 56 24 en
743 797 209 46 question
981 793 167 43 laissait
1175 796 111 43 voir,

121 854 220 50 plusieurs
374 856 160 41 heures
566 865 140 31 avant
738 872 48 25 sa
822 863 196 42 rupture,
1057 857 56 42 de
1145 856 146 51 larges

122 917 192 41 fissures.
346 916 125 42 Ces':
503 915 121 42 donc
653 922 27 37 à
707 934 87 23 une
823 917 297 43 surveillance
1148 921 118 48 négli-

124 988 133 40 gente
292 977 59 41 de
385 979 43 41 la
461 981 308 40 construction
804 981 104 50 qu'il
945 981 96 41 faut
1077 981 215 41 attribuer

124 1040 8 40 1
156 1038 220 49 accident,
420 1040 298 43 surveillance
757 1042 57 41 de
851 1041 43 42 la
931 1051 104 40 part
1065 1040 85 43 des
1188 1041 80 42 diri-

125 1111 161 42 geants
319 1104 117 40 aussi
470 1103 106 41 bien
613 1119 90 34 que
736 1102 59 42 de
830 1103 40 41 la
904 1114 103 39 part
1040 1103 58 42 de
1134 1103 42 42 la
1209 1122 54 33 po-

122 1163 82 42 hce
247 1165 60 41 du
350 1165 236 48 bâtiment,
634 1164 194 51 laquelle
873 1167 110 40 était
1023 1167 268 51 surchargée

124 1223 57 41 de
217 1235 202 35 travaux.
457 1225 67 43 En
559 1236 129 32 outre
720 1227 41 42 le
795 1228 103 42 chef
933 1226 299 52 d'entreprise
1265 1245 26 24 a

122 1287 182 42 déclaré
329 1287 139 52 qu'un
498 1290 167 40 ciment
694 1292 89 39 très
809 1287 233 44 médiocre
1069 1292 121 41 avait
1221 1292 70 40 été

122 1348 144 43 utilisé
298 1366 118 33 pour
449 1349 62 42 les
546 1352 156 49 étages
733 1351 256 49 inférieurs;
1024 1369 50 24 ce
1105 1354 181 44 ciment,

122 1419 207 33 assurant
382 1427 88 25 une
520 1414 118 47 prise
692 1412 301 49 insuffisante,
1051 1416 240 47 provenait

124 1471 140 42 d'unie
304 1472 132 43 firme
799 1474 60 41 les
896 1473 200 52 grandes
1135 1475 130 43 indus-

120 1535 106 42 tries
252 1538 125 40 étant
407 1534 259 44 débordées
696 1534 57 42 de
781 1535 312 45 commandes.

245 1596 67 44 En
340 1600 189 42 résumé,
560 1595 185 52 d'après
772 1599 63 41 les
862 1615 215 27 examens
1104 1600 58 42 de
1190 1602 74 47 spé-

122 1659 192 41 cialistes
350 1659 88 51 (les
465 1659 282 50 professeurs
776 1661 198 41 Gessner
1004 1671 42 31 et
1075 1662 210 45 Nowrak,

123 1719 58 41 de
208 1720 187 52 Prague,
426 1732 42 31 et
496 1721 62 41 les
584 1724 255 48 ingénieurs
867 1723 195 47 Herzka,
1092 1723 198 50 Hempel

124 1793 43 31 et
210 1782 180 51 Petry),
437 1782 63 44 les
543 1800 155 25 eautes
741 1785 261 50 techniques
1049 1783 56 42 de
1146 1784 123 42 l'acci-

124 1842 109 44 dent
263 1846 149 41 furent
448 1863 8 23 :
486 1844 277 50 irrégularité
793 1846 60 41 du
880 1846 154 46 béton,
1068 1863 81 33 par
1179 1849 112 40 suite

123 1904 110 43 d'un
264 1909 207 37 mauvais
499 1905 209 53 mélange
739 1916 43 31 et
812 1907 110 41 d'un
956 1908 238 52 malaxage
1223 1911 46 37 in-

123 1967 232 50 suffisant;
395 1970 205 39 mauvais
637 1969 231 51 enrobage
906 1968 81 44 des
1025 1980 261 38 armatures,

124 2029 39 41 le
190 2029 146 43 calcul
367 2028 58 42 de
454 2029 200 43 celles-ci
685 2033 126 39 étant
842 2031 152 48 fautif;
1030 2049 59 24 on
1120 2032 171 41 n'avait

122 2107 82 33 pas
235 2093 90 48 pris
352 2093 100 39 soin
480 2091 58 42 de
566 2091 128 41 relier
724 2103 124 30 entre
877 2108 97 40 eux,
1006 2110 82 33 par
1116 2092 79 44 des
1224 2111 44 24 ar-

122 2161 199 34 matures
364 2153 337 46 transversales,
749 2155 63 40 les
856 2155 151 49 piliers
1049 2154 57 41 de
1148 2157 142 41 béton

125 2214 108 41 d'un
260 2218 151 47 étage;
440 2216 124 40 enfin
592 2215 61 45 les
681 2216 265 44 fondations
975 2216 149 44 furent
1149 2216 119 42 insuf-

124 2275 186 44 fisantes
360 2275 113 43 dans
504 2293 58 25 un
593 2284 66 40 sol
693 2278 80 44 fait
808 2277 59 41 de
897 2279 126 42 sable
1053 2291 233 30 mouvant.

314 2323 8 12 y

252 2338 63 42 Le
351 2337 173 44 second
565 2340 311 41 écioulement
917 2343 73 49 qui
1030 2352 75 30 eut
1143 2340 85 41 lieu
1267 2345 25 39 à

124 2400 188 53 Prague,
351 2417 47 24 se
434 2399 224 51 produisit
694 2401 39 41 le
778 2402 8 40 1
812 2403 8 41 1
871 2420 56 27 oc
949 2404 109 41 obre
1098 2402 191 42 dernier.

123 2462 65 42 Ce
221 2463 69 46 fut
320 2461 113 42 celui
468 2461 110 42 d'un
609 2463 249 44 imfmeuble
892 2481 55 24 en
981 2463 193 52 briques,
1212 2482 53 24 en-

122 2525 238 43 tièrement
392 2527 202 44 terminé,
627 2538 43 30 et
698 2528 73 47 qui
800 2525 155 43 devait
978 2543 243 34 composer
1251 2527 40 42 la

122 2588 145 47 partie
299 2586 202 42 centrale
535 2585 110 43 d'un
680 2587 235 42 ensemble
947 2587 58 41 de
1039 2591 107 39 trois
1176 2589 92 42 bâti-

124 2657 160 34 ments.
315 2649 74 41 On
418 2648 97 43 doit
541 2649 219 45 attribuer
785 2650 62 41 les
877 2667 155 26 causes
1060 2649 57 42 de
1145 2650 126 43 l'acci-

124 2710 111 41 dent
264 2715 27 39 à
322 2710 205 51 l'emploi
563 2710 110 42 d'un
704 2715 205 38 mauvais
942 2714 198 48 mortier,
1175 2717 25 38 à
1232 2730 58 23 un

123 2787 194 36 ancrage
358 2771 81 44 des
478 2789 124 26 murs
638 2773 271 49 insuffisant,
952 2790 185 25 comme

122 2838 26 38 à
180 2832 84 47 desl
293 2836 254 48 prévisions
580 2837 222 41 erronées.

246 2895 302 43 L'immeuble
587 2896 179 43 écroulé
802 2902 26 38 à
865 2899 273 45 Vincennes,
1181 2900 109 40 ainsi

117 2956 140 47 qu'on
277 2957 213 49 sait,était
508 2974 60 26 un
588 2957 226 43 bâtiment
833 2959 263 47 métallique
1114 2964 26 39 à
1161 2959 105 51 plan-

122 3020 130 42 chers
284 3018 184 54 d'étage
502 3038 58 24 en
590 3022 142 42 béton
766 3025 145 46 armé;
948 3033 140 40 quant
1122 3028 25 37 à
1175 3023 114 42 celui

124 3084 73 47 qui
228 3081 256 44 s'effondra
511 3088 27 38 à
565 3083 136 56 Paris,
738 3083 113 42 dans
880 3086 40 42 le
947 3086 234 50 voisinage
1211 3084 80 42 des

123 3142 180 52 Champ
309 3154 36 32 si-
351 3143 47 42 E1
403 3147 77 46 ysé
575 3145 152 41 c'était
757 3163 87 24 une
873 3149 308 40 construction
1213 3164 53 23 en-

125 3208 237 38 tièrement
398 3222 55 24 en
487 3208 142 41 béton
665 3210 136 40 armé.

246 3266 289 52 L'ingénieur
561 3269 175 44 Abeles
764 3272 190 39 termine
985 3288 83 25 son
1098 3287 192 25 examen

125 3344 55 24 en
219 3328 229 51 signifiant
491 3330 106 52 qu'il
634 3333 137 40 serait
810 3331 192 51 déplacé
1044 3333 149 42 d'user
1233 3331 58 43 de

124 3404 73 28 ces
232 3389 229 43 accidents
496 3408 116 33 pour
647 3408 156 26 mener
839 3411 255 35 campagne
1128 3412 55 24 en
1222 3395 46 41 fa-

126 3467 110 26 veur
270 3451 59 42 de
365 3452 120 42 l'une
517 3452 86 43 des
637 3453 121 45 deux
792 3455 244 43 méthodes
1071 3457 56 41 de
1163 3475 101 23 cons-

1439 431 194 34 truction
1674 440 8 24 :
1722 420 40 42 le
1794 421 144 43 béton
1971 437 126 29 arm,e
2131 438 58 23 ou
2223 421 42 40 la
2295 422 309 40 construction

1437 483 266 52 métallique
1740 496 45 31 et
1823 484 58 41 de
1919 482 210 41 conclure
2170 500 55 24 au
2266 482 245 43 détriment
2550 483 56 39 de

1439 544 172 44 l'autre.
1653 544 316 44 Recherchant
2010 546 216 50 quelques
2265 548 225 47 principes
2530 548 51 49 gé-

1438 610 171 41 néraux
1631 611 114 40 issus;
1767 606 82 42 des
1874 609 367 48 enseignements
2265 606 251 53 qu'offrent
2545 607 61 40 les

1439 670 231 43 accidents
1940 670 40 41 le
2020 673 150 37 même
2209 670 80 40 faix
2330 685 273 35 remarquer,

1439 748 113 27 avec
1602 733 42 41 le
1695 730 30 53 D
1755 730 30 53 1
1815 730 242 53 Emperger
2121 731 252 52 (Vienne),
2429 748 85 33 que
2566 730 40 41 la

1440 793 174 53 grande
1649 796 213 49 majorité
1900 792 81 42 des
2018 793 232 43 accidents
2286 793 58 42 de
2382 811 49 23 ce
2469 809 137 35 genre

1439 873 47 24 se
1517 856 268 52 proiduiisent
1819 873 57 26 en
1908 866 232 40 automne,
2178 861 27 38 à
2239 856 11 40 1
2274 864 243 33 ouverture
2549 855 57 41 de

1438 918 41 42 la
1510 922 151 38 saison
1691 916 161 46 froide.

1513 981 121 42 Pour
1668 983 200 38 résumer
1903 981 63 40 les
2001 996 155 28 causes
2192 979 186 41 d'ordre
2415 984 186 42 interne,

1439 1046 73 46 qui
1545 1054 202 38 peuvent
1778 1043 339 50 généralement
2150 1058 263 36 provoquer
2444 1043 63 41 les
2539 1042 44 42 ef-

1440 1104 329 47 fondrement®,
1813 1121 58 24 on
1907 1117 109 37 peut
2045 1104 170 41 classer
2253 1106 110 39 ainsi
2406 1124 8 22 :
2463 1106 9 40 1
2489 1111 14 16 0
2542 1121 42 23 er-

1439 1183 120 24 reurs
1586 1167 114 44 dans
1728 1165 376 45 l'établissemfent
2131 1165 81 44 des
2239 1166 164 45 calculs
2430 1166 58 41 de
2514 1178 68 30 sta-

1441 1236 141 43 tique;
1627 1230 46 41 2°
1712 1245 172 24 erreurs
1926 1228 114 45 dans
2081 1230 40 41 le
2164 1228 150 43 dessin
2356 1228 79 43 des
2475 1229 131 49 plans

1439 1292 28 30 **
1490 1294 258 45 exécution;
1800 1291 48 41 3°
1896 1293 239 40 exécution
2184 1289 304 43 défectueuse.
2539 1291 66 41 En

1439 1362 141 42 outre,,
1619 1353 319 51 l'importance
1977 1351 81 45 des
2095 1355 148 47 pièces
2289 1352 191 53 (pilliers
2531 1371 49 22 co-

1438 1415 184 52 lonnes)
1660 1415 214 52 chargées
1901 1414 173 44 debout
2104 1427 67 31 est
2192 1414 198 51 «capitale
2434 1427 43 31 et
2502 1425 102 40 trop

1438 1487 193 32 souvent
1663 1494 75 24 ces
1766 1480 151 48 pièces
1949 1494 57 23 ne
2038 1480 232 47 reçoivent
2302 1494 82 33 pas
2414 1477 100 50 plus
2547 1476 57 42 de

1439 1541 98 39 soin
1573 1556 87 35 que
1695 1538 62 41 les
1790 1539 253 49 planchers.

1573 1601 120 42 Tout
1722 1609 149 34 autres
1904 1611 78 31 ont
2014 1604 72 39 été
2115 1602 63 43 les
2208 1604 393 47 préoccupations,

1439 1679 54 25 en
1523 1663 183 46 France,
1741 1668 26 38 à
1796 1663 41 42 la
1867 1666 113 39 suite
2014 1663 84 42 des
2127 1665 331 41 écroulements
2490 1663 113 42 dont

1439 1741 115 26 nous
1584 1725 185 50 parlons
1802 1724 267 43 ci-idessousi.
2107 1727 158 41 Citons
2298 1732 126 35 entre
2458 1736 147 31 autres

1441 1788 41 41 la
1508 1804 137 24 revue
1672 1805 21 27 «
1723 1788 64 41 La
1809 1788 323 41 Construction
2157 1787 226 45 Moderne
2413 1806 38 31 »,
2483 1790 73 50 qui
2582 1804 22 24 a

1439 1849 154 49 publié
1632 1848 57 41 de
1729 1849 256 43 nombreux
2023 1853 98 41 avis
2158 1853 217 39 émanant
2414 1849 166 44 d'archi-

1437 1921 140 36 tectes
1606 1913 207 49 français.
1844 1912 125 42 Nous
1999 1912 170 41 faisons
2199 1913 135 42 choix
2365 1915 145 47 parmi
2543 1912 63 41 les

1437 1973 100 50 plus
1571 1976 397 50 caractéristiques,
2008 1991 86 34 que
2129 1991 114 24 nous
2276 1978 236 37 résumons
2543 1977 41 38 ci-

1439 2039 132 45 après
1611 2055 8 23 :

1566 2098 62 44 M.
1660 2096 53 42 G.
1745 2098 53 42 R.
1829 2096 156 47 admet
2014 2097 106 52 qu'il
2150 2098 123 42 faille
2303 2098 298 52 réglementer

1437 2157 40 42 la
1503 2159 258 48 profession
1787 2158 308 53 d'architecte,
2126 2162 124 47 mais,
2281 2159 129 48 dit-il,
2443 2178 22 26 «
2492 2162 112 42 c'est

1437 2226 131 35 notre
1602 2223 202 48 capacité
1841 2220 57 42 de
1933 2232 309 33 constructeur
2278 2237 43 30 et
2355 2240 92 24 non
2481 2222 99 42 d'ar-

1440 2285 100 38 tiste
1571 2287 73 48 qui
1675 2282 96 47 doit
1803 2288 94 38 être
1928 2284 306 51 réglementée
2266 2284 116 42 dans
2411 2284 195 42 l'intérêt

1440 2345 58 41 de
1535 2345 43 41 la
1616 2347 188 40 sécurité
1842 2345 237 51 publique;
2115 2347 89 41 elle
2240 2364 56 23 ne
2332 2363 108 35 peut
2479 2347 10 40 1
2512 2352 93 38 être

1438 2422 87 35 que
1555 2423 82 33 par
1668 2423 59 25 un
1759 2424 193 26 examen
2269 2413 132 46 passé
2434 2407 170 44 devant

1439 2467 81 41 des
1556 2469 286 52 techniciens,
1881 2474 26 39 à
1943 2468 191 44 l'entrée
2171 2472 57 41 de
2265 2482 131 31 notre
2429 2472 150 50 profes-

1437 2531 111 42 sion.
1583 2548 23 27 »

1511 2592 61 42 M.
1605 2594 56 41 G.
1692 2593 143 53 Lefol,
1869 2595 243 42 architect'e
2142 2595 57 42 de
2227 2594 42 42 la
2296 2594 105 43 ville
2432 2595 58 42 de
2518 2596 56 42 Pa-

1439 2656 66 45 lis,
1545 2653 181 43 déclare
1759 2655 108 50 qu'il
1902 2656 99 42 faut
2033 2656 261 51 apprendre
2330 2675 88 25 aux
2454 2657 151 43 élèves

1439 2714 57 42 de
1520 2715 172 44 l'Ecole
1714 2716 80 46 des
1818 2718 289 54 Beauxj-Arts
2129 2724 27 38 à
2177 2719 205 43 calculer.
2412 2738 22 27 «
2462 2721 107 42 Com-

1435 2776 107 45 bien
1571 2777 203 45 d'élèves
1803 2779 147 42 m'ont
1976 2780 197 47 affirmé,
2209 2780 128 57 dit-il,
2369 2787 93 38 être
2491 2781 113 42 dans

1441 2839 284 52 l'incapacité
1766 2840 57 42 de
1863 2841 275 45 déterminer
2177 2844 41 41 la
2255 2846 172 39 section
2467 2845 138 41 d'une

1438 2902 155 48 solive,
1627 2919 55 24 en
1714 2903 100 42 bois
1845 2921 57 25 ou
1933 2921 57 24 en
2020 2907 127 45 acier,
2183 2909 25 38 à
2237 2905 101 53 plus
2371 2907 119 42 forte
2519 2909 64 38 rai-

1439 2980 95 32 son,
1598 2964 43 42 la
1697 2968 172 40 section
1925 2964 110 44 d'un
2093 2967 198 42 élément
2349 2967 58 42 de
2463 2968 141 43 béton

1437 3028 139 41 armé.
1612 3043 23 27 »

1511 3088 61 43 M.
1604 3089 37 51 J.
1675 3089 61 42 M.
1769 3106 58 24 ne
1851 3092 115 42 croit
1992 3107 82 33 pas
2103 3108 87 34 que
2219 3107 22 26 «
2274 3091 276 42 l'affiliation
2580 3095 25 38 à

1437 3166 87 24 une
1552 3153 167 39 société
1747 3151 381 50 professionnelle
2156 3156 222 38 constitue
2408 3171 87 24 une
2526 3171 52 34 ga-

1438 3215 142 38 rantie
1611 3211 239 44 suffisante
1886 3213 56 42 de
1977 3217 203 47 capacité
2215 3216 240 50 technique
2490 3233 40 25 ».

1514 3273 60 41 M.
1613 3273 55 48 G.
1707 3276 55 41 G.
1802 3277 106 42 écrit
1950 3296 9 23 :
1999 3294 23 27 «
2059 3277 73 41 Un
2166 3276 94 42 bon
2296 3287 309 34 constructeur

1437 3352 167 33 pourra
1641 3340 206 47 toujours
1882 3341 246 38 construire
2162 3357 59 23 un
2251 3338 250 44 immeuble
2535 3357 46 24 so-

1435 3396 105 51 lide,
1583 3406 127 35 toute
1750 3401 211 49 question
1997 3399 186 43 d'ordre
2223 3404 233 48 artistique
2491 3404 114 39 mise

1439 3464 25 38 à
1660 3460 68 43 s'il
1769 3479 25 23 a
1835 3461 80 43 des
1949 3465 353 40 connaissances
2342 3464 262 52 techniques
