2794 3860
2479 3574 97 49 113

189 806 883 89 ARCHITECTURE
1095 834 33 36 «
1156 809 650 90 URBANISME
1832 839 33 36 -
1883 816 223 83 ART
2177 811 409 88 PUBLIC

188 989 323 94 ANNÉE
559 1012 211 68 1929
1151 1012 396 74 VOLUME
1591 1014 101 72 VII
2066 997 414 91 NUMÉRO
2530 1020 54 68 9

189 1575 1221 107 L'ARCHITECTURE
1545 1583 170 99 EN
1857 1583 721 127 BELGIQUE

183 1801 188 71 UNE
432 1801 587 74 HABITATION
1080 1806 58 69 A
1199 1804 333 73 UCCLE

183 1933 442 71 Architecte
686 1936 69 68 L.
816 1936 83 71 H.
955 1936 99 71 de
1114 1933 419 74 Koninck

179 2140 74 51 La
282 2141 240 54 banlieue
550 2144 234 52 uccloise
811 2157 214 53 compte
1052 2147 185 64 depuis
1265 2147 228 67 quelque
1522 2159 167 55 temps
1724 2169 100 32 une
1860 2150 94 51 des
1980 2149 117 66 plus
2125 2159 457 59 caractéristiques

178 2237 51 39 et
281 2227 94 50 des
426 2227 117 66 plus
595 2228 376 67 significatives
1024 2239 391 46 constructions
1468 2233 130 52 dûes
1656 2252 68 32 au
1776 2246 340 40 mouvement
2174 2235 408 52 d'architecture

176 2315 217 46 vivante
432 2331 65 31 en
537 2310 272 69 Belgique.

176 2392 151 53 Dans
355 2414 67 32 un
451 2395 160 53 cadre
638 2399 378 65 remarquable,
1048 2412 51 39 et
1139 2421 103 46 que
1270 2401 85 50 n'a
1383 2421 97 46 pas
1509 2421 194 34 encore
1731 2413 120 55 trop
1893 2402 184 53 souillé
2116 2403 368 67 l'épidémique
2530 2416 52 40 et

176 2478 187 52 banale
447 2481 122 50 villa
598 2482 68 51 de
694 2482 242 53 banlieue
1038 2484 324 54 l'architecte
1390 2486 57 50 L.
1472 2486 71 52 H.
1574 2487 66 52 de
1670 2484 247 55 Koninck
1943 2507 31 31 a
2004 2496 143 57 érigé
2173 2507 103 32 une
2304 2496 277 57 spacieuse

173 2562 309 58 habitation,
532 2566 157 52 home
736 2567 337 53 confortable
1119 2581 52 40 et
1211 2577 256 58 apaisant.
1512 2571 246 66 L'aspect
1804 2572 67 51 de
1917 2571 271 66 simplicité
2235 2572 346 52 accueillante

172 2647 66 52 de
266 2647 48 51 la
342 2660 382 48 construction,
755 2660 104 44 issu
888 2653 67 52 de
983 2655 47 50 la
1059 2655 233 53 solution
1321 2657 231 52 normale
1581 2656 212 53 donnée
1821 2666 31 42 à
1880 2677 67 31 un
1974 2657 273 65 problème
2277 2658 120 51 bien
2427 2666 149 56 posé,

170 2731 252 54 bénéficie
445 2735 70 52 du
537 2746 271 43 caractère
831 2740 274 66 tranquille
1200 2741 209 66 jusqu'à
1429 2750 211 57 présent
1740 2742 70 51 du
1833 2750 96 44 site
1951 2742 229 51 mi-rural
2209 2751 368 43 environnant.

172 2816 129 53 Hier
346 2840 211 37 encore,
600 2822 282 55 n'était-on
927 2845 97 46 pas
1068 2827 262 65 persuadé
1377 2827 123 66 qu'il
1546 2826 161 53 fallait
1759 2827 311 54 rechercher
2116 2840 142 41 cette
2304 2836 161 45 union
2512 2829 68 52 de

169 2901 13 51 1
205 2903 348 55 architecture
592 2928 67 30 au
697 2928 244 48 paysage
981 2931 64 32 en
1085 2924 195 53 posant
1320 2912 411 66 préalablement
1771 2914 94 50 des
2237 2914 339 66 esthétiques,

168 3005 148 36 assez
344 2990 239 53 douteux
611 2992 300 55 dailleurs...

170 3074 49 48 A
261 3074 174 53 divers
475 3085 178 57 points
694 3079 67 52 de
802 3100 120 36 vue,
953 3081 47 51 la
1037 3091 362 45 construction
1439 3083 217 53 réalisée
1696 3103 95 46 par
1832 3084 67 51 de
1941 3083 247 53 Koninck
2228 3104 209 46 occupe
2478 3104 102 32 une

169 3165 249 48 situation
471 3163 172 53 locale
690 3164 283 56 favorisée.
1030 3168 202 53 Edifiée
1284 3170 134 51 dans
1463 3189 102 32 une
1612 3169 156 52 réelle
1821 3170 242 52 banlieue
2117 3169 348 53 résidentielle
2512 3170 68 51 de

170 3243 12 50 1
203 3246 425 65 agglomération
650 3250 317 55 bruxelloise
1081 3264 70 43 où
1172 3255 49 51 la
1244 3267 184 39 nature
1452 3267 77 39 est
1551 3255 391 66 généralement
1964 3274 148 33 assez
2135 3263 353 58 compromise

169 3328 10 49 1
209 3325 301 60 habitation
540 3333 229 54 d'Uccle
798 3348 79 41 est
907 3349 149 42 toute
1084 3340 201 65 proche
1326 3339 158 52 d'une
1518 3348 317 57 importante
1862 3348 126 44 voie
2017 3342 66 50 de
2114 3348 462 47 communication,

170 3414 119 53 bien
334 3437 69 46 qu
426 3438 67 32 un
540 3439 104 46 peu
690 3442 66 32 en
802 3432 177 44 retrait
1026 3425 68 52 de
1141 3425 218 54 celle-ci.
1405 3425 72 52 Le
1518 3434 278 59 voisinage
1838 3427 67 52 de
1946 3427 48 52 la
2036 3425 160 55 Forêt
2238 3428 66 51 de
2333 3425 243 68 Soignes,
