2227 4356
725 415 340 53 BRUNO'S
1138 412 351 54 WEEKLY

2018 407 94 51 543

109 1761 144 49 Two
289 1758 287 51 Portraits
611 1757 62 49 of
709 1757 310 49 Nietzsche

111 1828 76 47 By
220 1824 149 50 Felix
404 1824 283 52 Vallotton,
722 1823 49 48 in
810 1825 70 46 La
915 1825 177 46 Revue
1127 1818 230 51 Blanche

113 1939 437 87 Hitherto
597 1931 640 114 Unpublished
1280 1931 364 88 Letters
1688 1925 124 106 by

115 2066 300 90 Oscar
452 2063 307 88 Wilde

187 2198 222 57 (Letters
441 2193 173 50 ivhich
647 2210 91 31 are
771 2203 53 38 at
857 2200 209 52 present
1099 2206 186 42 among
1321 2187 84 49 the
1439 2182 268 52 collection
1744 2180 56 61 of
1830 2177 209 52 Patrick
2070 2179 56 48 h.

113 2261 281 61 Madigan,
433 2259 209 50 ivritten
687 2259 64 59 by
794 2259 165 47 Oscar
1005 2253 175 53 Wilde
1223 2264 47 39 to
1316 2251 202 62 friends
1564 2250 104 48 and
1710 2245 416 63 acquaintances,

113 2326 107 48 and
253 2345 30 29 a
316 2325 110 61 few
460 2325 175 48 letters
671 2321 287 49 addressed
991 2330 47 39 to
1072 2323 107 45 Mr.
1213 2316 265 57 Smithers,
1514 2314 78 50 his
1623 2311 287 63 publisher,
1946 2326 90 32 are
2070 2325 54 31 so

113 2391 295 62 significant
440 2389 87 61 for
562 2388 78 50 his
675 2389 130 60 style
842 2387 106 48 and
983 2384 286 63 every-day
1305 2382 240 59 thoughts
1581 2380 111 49 that
1727 2379 83 47 the
1847 2374 248 62 reproduc-

116 2457 104 50 tion
261 2474 62 31 on
361 2457 141 48 these
536 2463 164 52 pages
736 2452 118 49 ivill
889 2460 165 53 prove
1092 2468 31 32 a
1161 2448 251 51 valuable
1451 2444 235 51 addition
1725 2453 47 39 to
1815 2459 93 32 our
1951 2438 178 52 IVilde

112 2520 307 60 literature.)

819 2576 398 53 Albermarble
1259 2575 159 58 Club,

672 2646 56 51 13
772 2643 398 54 Albermarble
1216 2642 204 59 Street,
1461 2640 108 53 W.

121 2714 185 60 (1884)
885 2711 60 49 16
979 2709 129 50 Tite
1148 2707 205 56 Street,

1029 2773 52 51 S.
1120 2773 91 51 W.

117 2843 153 52 Dear
311 2843 87 51 Sir
412 2860 9 10 *

186 2910 21 48 I
243 2909 113 51 will
391 2908 139 50 send
562 2924 111 44 you
706 2924 31 32 a
772 2905 108 51 Ms.
916 2921 146 44 copy
1094 2902 61 51 of
1188 2919 94 43 my
1316 2900 234 63 play—a
1584 2897 146 50 little
1766 2894 365 62 incomplete,

116 2975 99 49 but
252 2972 132 60 still,
421 2972 227 60 enough
687 2980 60 42 to
783 2970 127 59 give
945 2985 113 44 you
1095 2984 70 33 an
1203 2966 124 49 idea
1363 2963 60 52 of
1459 2963 72 50 its
1569 2961 204 52 ethical
1814 2961 246 49 scheme.

184 3040 162 49 Your
389 3037 169 51 letter
601 3038 102 47 has
748 3035 203 60 deeply
996 3032 206 51 moved
1247 3047 89 33 me
1340 3038 130 41 —to
1515 3029 96 49 the
1655 3026 182 52 world
1884 3026 21 48 I
1956 3040 173 42 seem,

115 3106 74 59 by
226 3103 282 51 intention
546 3120 66 33 or
649 3103 74 60 by
760 3108 143 54 part,
941 3116 31 33 a
1010 3098 300 50 dilettante
1349 3095 109 50 and
1499 3092 188 61 dandy
1725 3090 301 61 merely—.

189 3169 53 50 It
285 3168 45 51 is
376 3177 103 40 not
523 3167 135 50 wise
705 3174 60 42 to
810 3165 162 50 show
1016 3179 140 35 ones
1202 3163 162 48 heart
1411 3168 59 42 to
1515 3159 96 50 the
1656 3156 181 51 world
1840 3155 181 50 —and
2068 3169 61 36 as

118 3234 360 51 seriousness
523 3231 63 51 of
630 3247 238 34 manner
913 3229 45 49 is
1005 3229 94 49 the
1146 3225 251 61 disguise
1443 3224 61 51 of
1550 3224 94 49 the
1692 3221 136 60 fool,
1876 3236 64 35 so
1985 3219 144 59 folly

116 3299 54 49 in
211 3297 71 51 its
322 3296 280 61 exquisite
642 3295 200 51 modes
882 3292 61 51 of
981 3291 273 61 triviality
1294 3290 110 49 and
1444 3287 370 51 indifference
1853 3285 109 51 and
2004 3283 127 51 lack

117 3362 62 54 of
217 3380 146 42 care,
405 3362 46 50 is
493 3362 95 50 the
629 3361 138 49 robe
808 3358 61 51 of
911 3358 94 50 the
1047 3356 136 52 wise
1224 3372 148 33 man.

188 3428 65 51 In
297 3445 65 34 so
403 3427 109 51 vile
555 3443 70 33 an
668 3442 106 45 age
818 3441 61 33 as
922 3423 112 51 this
1077 3440 84 33 we
1205 3422 74 49 all
1321 3419 142 51 need
1506 3418 213 51 masks.

187 3493 113 51 But
349 3492 162 51 write
565 3499 60 44 to
677 3507 89 33 me
819 3489 177 51 about
1047 3484 429 66 yourself—tell
1529 3499 90 35 me
1672 3498 144 45 your
1868 3480 97 51 life
2020 3480 110 50 and

117 3558 159 52 loves
278 3556 181 51 —and
520 3555 73 51 all
654 3555 125 50 that
837 3554 198 49 makes
1094 3568 114 46 you
1268 3550 251 51 wonder.
1614 3548 155 50 Who
1829 3562 94 34 are
1983 3543 147 62 you?

122 3624 183 61 (what
343 3640 31 33 a
413 3620 237 52 difficult
689 3619 264 63 question
995 3617 90 51 for
1124 3634 112 44 any
1275 3631 108 36 one
1423 3614 61 52 of
1522 3630 66 34 us
1628 3621 61 42 to
1727 3611 280 60 answer!)
2088 3609 44 59 I,

117 3696 58 43 at
212 3705 112 45 any
363 3695 139 52 rate,
540 3703 91 34 am

921 3747 161 52 Your
1119 3746 202 57 friend,

1644 3810 170 46 Oscar
1865 3807 203 49 Wilde.
