1822 3547
86 27 210 62 Charles
369 25 234 61 Edison's
677 24 147 62 Little
903 24 235 61 Thimble
1204 24 239 72 Theatre,
1516 20 230 62 Situated

86 119 71 61 At
198 119 94 60 No.
336 122 63 57 10
448 117 136 61 Fifth
626 117 234 73 Avenue,
898 114 302 65 Greenwich
1242 115 220 74 Village,
1506 114 61 61 N.
1595 114 61 60 Y,
1686 113 59 62 C.

87 226 127 34 Guido
229 226 140 37 Bruno,
380 225 182 37 Manager

90 340 184 75 This
310 339 310 76 Week's
648 339 588 75 Performances

94 472 191 37 Monday,
390 472 90 31 8:45
504 480 39 28 p.
568 479 55 24 in.
719 472 137 30 Bruno
880 471 166 36 Players

94 565 200 36 Tuesday,
387 564 90 31 8:45
501 572 39 29 p.
565 572 55 23 m.
715 564 138 31 Bruno
877 564 166 36 Player*

94 657 266 36 Wednesday,
387 657 90 31 8:45
501 665 39 28 p.
565 663 56 26 m*
715 657 138 31 Bruno
876 656 168 37 Players

96 750 226 37 Thursday,
392 749 90 32 8:45
507 758 39 28 p.
571 757 55 24 m.
721 749 194 31 Musical©

94 842 166 37 Friday,
390 842 90 32 8:45
505 849 39 30 p.
569 849 54 25 m.
718 841 194 32 Musical©

95 935 217 38 Saturday,
394 934 91 32 8:00
509 943 39 29 p.
573 943 55 24 m.
723 935 137 31 Bruno
884 934 167 35 Players

94 1028 216 37 Saturday,
394 1029 90 31 8:15
507 1036 39 29 p.
571 1036 56 25 nu
721 1027 194 33 Musicale

90 1182 141 61 Ask
274 1206 73 37 or
390 1185 180 58 write
620 1182 101 61 for
763 1182 199 61 ticket
1012 1181 71 61 of
1136 1181 347 62 admission
1525 1191 70 48 to
1636 1178 111 63 the

91 1275 366 61 Musicales.
536 1275 179 72 They
741 1295 115 40 are
884 1275 160 61 free.

91 1495 31 74 I
203 1495 211 76 BUY
495 1495 348 76 BOOKS

287 1613 136 40 Single
459 1613 192 39 volumes,
692 1614 115 32 small
844 1614 92 39 lots,
973 1615 78 33 and
1089 1614 199 39 libraries;
1327 1612 223 42 autograph

288 1679 144 34 letters
464 1681 41 32 of
538 1680 142 33 known
713 1680 166 41 literary
912 1691 90 23 men
1035 1681 79 34 and
1145 1682 158 38 artists,
1337 1681 213 40 drawings,

286 1748 178 38 pictures
490 1747 77 33 and
593 1748 257 39 engravings.
896 1747 178 35 Address

559 1841 121 42 Care
708 1841 51 42 of
785 1842 194 41 Bruno's
1006 1841 208 52 Weekly,
1244 1843 63 41 58
1334 1842 306 51 Washington
1667 1843 78 50 Sq.

246 2067 166 62 There
440 2091 97 38 can
562 2068 66 63 be
655 2093 68 38 no
750 2070 294 75 pleasanter
1068 2070 150 76 place
1242 2080 56 52 to
1323 2068 128 64 hear

245 2175 111 61 that
382 2175 326 61 remarkable
735 2176 188 61 Edison
948 2176 205 63 Record

249 2281 222 62 Number
509 2282 228 79 (82536)
767 2282 125 62 than

249 2443 218 125 The
576 2446 468 124 Diamond
1153 2448 228 125 Disc
1485 2448 260 153 Shop

249 2641 83 81 at
373 2623 338 99 Number
757 2631 99 91 10
896 2629 214 96 Fifth
1145 2629 325 99 Avenue

249 2825 58 63 In
332 2825 103 63 this
461 2837 160 62 store,
642 2836 59 52 at
732 2825 153 75 least,
911 2827 88 62 the
1027 2828 271 75 delightful
1327 2839 184 52 atmos-

250 2918 160 78 phere
426 2919 57 61 of
500 2918 100 61 Old
614 2918 310 62 Greenwich
941 2921 200 76 Village
1160 2921 96 63 has
1271 2933 90 51 not
1378 2922 132 62 been

247 3011 275 63 sacrificed
563 3035 68 39 on
671 3011 88 63 the
800 3012 136 62 altar
980 3013 60 61 of
1094 3016 417 62 commercialism

999 3172 34 41 A
1061 3173 123 50 postal
1205 3174 75 41 will
1310 3174 105 49 bring
1445 3190 87 35 yon,
1563 3175 89 42 with
1680 3189 69 27 our

998 3241 272 48 compliments,
1307 3256 47 25 an
1391 3243 219 48 interesting
1649 3241 100 42 little

249 3291 187 58 Phone:
461 3293 278 64 Stuyvesant
760 3293 132 56 4570
993 3305 206 51 biography
1232 3307 43 40 of
1289 3307 69 42 Mr*
1385 3307 111 43 Thai.
1517 3309 48 41 A.
1593 3309 133 40 Edison
