2227 4356
102 428 95 51 544

722 427 338 52 BRUNO'S
1135 427 351 52 WEEKLY

700 542 88 50 To
825 542 64 51 T.
930 541 385 60 Hutchinson,
1355 541 152 61 Esq.,

860 607 60 50 16
969 607 129 50 Tite
1152 607 205 57 Street,

1071 671 255 59 Chelsea,
1366 669 52 51 S.
1453 669 92 51 W.

1451 734 132 61 July
1637 733 143 60 13th,
1834 732 142 50 1888.

106 802 100 60 My
240 802 135 49 dear
411 800 110 51 Sir:

176 866 22 49 I
249 873 153 42 must
451 865 178 50 thank
675 883 113 43 you
837 865 90 50 for
973 882 145 44 your
1164 882 138 43 very
1352 862 298 61 charming
1697 862 111 50 and
1857 860 255 62 graceful

106 930 169 51 letter
322 931 100 50 but
473 931 21 48 I
545 948 92 33 am
685 930 181 51 afraid
917 931 122 48 that
1090 931 22 48 I
1165 930 157 49 don't
1372 930 164 48 think
1583 945 61 33 as
1692 927 168 50 much
1909 927 61 50 of
2017 927 95 50 the

103 996 214 60 Young
350 995 242 50 Student
624 1012 61 33 as
718 1012 112 44 you
865 996 88 49 do.
1024 996 90 48 He
1148 1011 186 33 seems
1369 1002 59 42 to
1462 1010 88 33 me
1584 1011 29 32 a
1646 993 193 49 rather
1875 991 240 51 shallow

103 1077 196 42 young
329 1077 148 42 man,
507 1061 109 48 and
648 1061 211 49 almost
888 1077 61 33 as
981 1061 106 48 bad
1120 1077 61 32 as
1214 1059 94 50 the
1343 1058 106 61 girl
1481 1059 69 49 he
1583 1058 194 50 thinks
1811 1073 64 33 so
1909 1056 205 60 lovely.

106 1125 122 50 The
273 1124 374 61 Nightingale
690 1124 44 50 is
780 1125 94 49 the
919 1133 121 42 true
1085 1124 174 59 lover,
1303 1123 41 49 if
1387 1124 159 48 there
1592 1123 44 49 is
1682 1139 124 32 one.
1886 1122 127 54 She,
2058 1128 57 43 at

108 1189 159 60 least,
319 1190 43 48 is
414 1190 317 60 Romance;
783 1190 109 50 and
943 1190 94 50 the
1089 1189 242 51 Student
1380 1189 110 48 and
1541 1188 94 49 the
1686 1186 108 61 girl
1843 1203 111 42 are,
2003 1186 111 50 like

104 1264 154 40 most
294 1254 59 49 of
388 1271 82 39 us,
506 1255 305 60 unworthy
849 1254 61 50 of
946 1255 308 48 Romance.
1329 1252 92 58 So,
1460 1261 57 41 at
1554 1252 160 59 least,
1753 1252 41 49 it
1832 1268 185 33 seems
2056 1259 60 42 to

108 1336 106 42 me,
257 1320 100 48 but
404 1320 22 48 I
471 1318 111 51 like
626 1327 59 42 to
729 1318 169 61 fancy
943 1318 123 51 that
1110 1318 158 50 there
1313 1335 131 43 may
1487 1318 68 49 be
1599 1334 172 43 many
1815 1316 300 60 meanings

107 1383 52 50 in
200 1383 92 50 the
330 1384 157 59 Tale,
524 1383 90 51 for
649 1383 54 51 in
739 1383 233 60 writing
1007 1383 56 57 it,
1103 1383 109 50 and
1251 1383 93 48 the
1383 1382 215 58 others,
1637 1383 23 47 I
1702 1382 92 48 did
1833 1390 100 41 not
1971 1388 145 42 start

108 1448 136 51 with
287 1466 69 31 an
402 1449 123 50 idea
567 1449 109 50 and
720 1449 188 50 clothe
954 1448 39 49 it
1037 1448 53 48 in
1134 1448 167 58 form,
1343 1448 100 48 but
1485 1448 184 60 began
1711 1445 137 51 with
1893 1463 30 32 a
1965 1445 150 50 form

107 1514 108 48 and
249 1522 192 42 strove
475 1522 59 42 to
567 1514 164 50 make
765 1514 39 50 it
837 1513 275 51 beautiful
1147 1513 227 59 enough
1410 1520 60 42 to
1503 1513 142 49 have
1679 1528 170 43 many
1884 1519 232 51 secrets,

108 1579 108 48 and
257 1594 170 44 many
465 1594 269 34 answers.

908 1641 178 61 Truly
1122 1659 190 43 yours,

1629 1709 170 46 Oscar
1851 1709 202 45 Wilde.

159 1785 117 45 (The
317 1784 313 50 Nightingale
668 1786 90 40 and
799 1785 79 40 the
919 1785 138 47 Rose,
1099 1792 48 32 to
1186 1784 154 40 which
1380 1785 80 39 the
1501 1784 148 40 above
1690 1785 143 39 letter
1872 1784 164 47 refers,
2077 1783 39 40 is

104 1850 221 40 included
361 1851 47 39 in
444 1851 80 39 the
561 1851 249 39 collection
848 1851 46 39 of
931 1851 140 46 Fairy
1111 1850 175 40 stories
1321 1850 202 40 entitled
1726 1850 169 47 Happy
1935 1849 181 48 Prince,

107 1916 90 40 and
234 1916 149 39 Other
641 1917 61 46 by
739 1916 150 40 Oscar
926 1916 188 45 Wilde.)

103 2032 571 88 Book-Plate
719 2034 312 86 Notes.

107 2159 23 23 r
131 2159 172 85 jHHE
334 2159 334 62 book-plate
701 2162 200 59 to-day
932 2160 45 50 is
1010 2178 29 32 a
1071 2177 306 44 necessary
1409 2176 305 44 accessory
1747 2168 58 41 to
1838 2159 95 50 the
1966 2159 154 50 book

314 2229 169 51 itself.
865 2248 102 32 can
997 2232 113 58 buy
1141 2248 29 32 a
1199 2232 153 48 book
1380 2239 100 52 put
1510 2247 73 33 on
1614 2230 190 60 public
1834 2229 134 51 sale.
2030 2229 90 51 To

108 2295 158 61 place
303 2296 94 49 the
433 2295 309 50 individual
778 2296 162 49 mark
974 2296 60 50 of
1068 2295 327 62 ownership
1430 2313 153 43 upon
1621 2295 340 60 everything
1997 2295 124 50 that

110 2376 82 33 we
234 2360 229 61 acquire
506 2360 89 49 for
635 2361 268 60 personal
945 2378 99 31 use
1086 2361 46 48 is
1174 2361 94 48 the
1311 2361 235 48 marked
1589 2361 282 58 tendency
1914 2359 61 50 of
2016 2376 104 33 our

110 2423 191 51 times:
339 2433 59 41 to
433 2426 159 60 place
628 2442 104 32 our
769 2425 209 49 initials
1016 2442 64 33 or
1115 2442 103 32 our
1255 2425 401 50 coat-of-arms
1693 2442 65 33 or
1795 2442 103 32 our
1935 2426 155 48 trade-

108 2488 163 51 mark
301 2506 151 43 upon
487 2489 94 49 the
614 2489 193 60 things
838 2507 86 33 we
955 2506 93 33 are
1082 2489 169 60 using
1283 2489 166 60 daily.
1515 2489 122 50 The
1672 2506 340 42 monogram
2046 2506 73 33 on

110 2571 104 33 our
257 2554 411 51 handkerchief
711 2555 108 50 and
866 2572 73 33 on
985 2572 104 33 our
1132 2554 170 60 linen,
1348 2555 94 50 the
1487 2554 148 50 label
1679 2572 74 33 on
1800 2555 93 49 the
1940 2554 180 51 inside

110 2619 209 60 pocket
351 2618 61 50 of
445 2635 103 33 our
582 2627 129 41 coat
746 2637 63 31 or
844 2635 72 33 on
953 2619 93 49 the
1080 2618 197 62 vanity
1311 2635 128 33 case
1476 2637 64 31 or
1576 2635 71 33 on
1686 2619 94 49 the
1816 2619 115 49 seal
1968 2618 152 62 ring;

108 2700 74 33 on
223 2684 94 49 the
357 2684 165 49 china
559 2700 65 33 or
663 2684 172 49 silver
874 2700 81 33 we
995 2701 94 32 are
1128 2684 169 59 using
1336 2684 52 49 in
1429 2700 104 33 our
1573 2684 407 59 dining-room,
2021 2684 67 49 im-

110 2756 275 53 pregnate
422 2748 164 50 those
623 2748 194 59 things
854 2748 136 50 with
1028 2766 103 31 our
1167 2748 370 61 personality.
1612 2750 377 59 Book-plates
2027 2765 93 34 are

110 2822 101 42 not
252 2831 68 32 an
364 2822 317 42 ornament.
755 2816 129 58 Just
925 2832 30 32 a
995 2813 200 51 visible
1239 2813 125 61 sign
1407 2813 61 51 of
1508 2814 473 61 proprietorship.

182 2943 246 51 Coulton
473 2943 228 63 Waugh
746 2943 43 51 is
833 2943 275 61 devoting
1150 2943 231 49 himself
1421 2952 59 42 to
1523 2943 367 62 book-plates
1933 2943 160 52 exclu-

113 3008 178 59 sively
323 3010 109 47 and
464 3008 113 50 will
610 3025 241 43 arrange
885 3009 89 49 for
1009 3027 67 31 an
1112 3008 315 50 exhibition
1462 3009 53 48 in
1552 3009 94 49 the
1679 3027 136 31 near
1849 3009 205 51 future.

181 3072 226 61 During
436 3074 93 49 the
559 3074 123 49 first
711 3075 161 48 week
899 3074 53 48 in
987 3074 136 59 May
1153 3074 94 49 the
1279 3074 305 52 American
1617 3074 107 49 Art
1753 3074 368 50 Association

111 3137 114 51 will
262 3137 102 50 sell
400 3146 56 42 at
491 3137 189 61 public
713 3138 228 50 auction
981 3138 94 50 the
1112 3138 355 50 remarkable
1507 3138 303 51 collection
1851 3140 59 49 of
1945 3140 144 50 book-

112 3202 185 62 plates
341 3202 223 51 formed
606 3203 74 60 by
724 3203 92 50 the
861 3203 111 50 late
1018 3203 97 50 Dr.
1161 3203 202 61 Henry
1410 3203 56 50 C.
1514 3203 141 60 Eno,
1701 3204 320 60 consisting
2064 3204 61 51 of

111 3268 325 60 American,
498 3268 240 61 English
798 3269 109 50 and
968 3268 368 51 Continental
1395 3268 200 62 plates,
1656 3269 211 61 library
1927 3270 197 60 labels,

113 3333 221 50 leather
383 3333 365 61 book-plates
799 3334 109 48 and
962 3334 92 49 the
1106 3333 126 59 like,
1282 3334 184 49 which
1518 3335 240 48 number
1808 3352 135 33 over
1995 3335 129 51 four

113 3399 287 48 thousand
446 3397 166 51 items
656 3399 109 49 and
811 3397 222 51 include
1077 3399 93 49 the
1214 3400 191 48 works
1449 3399 63 50 of
1555 3399 226 50 famous
1825 3400 299 61 designers

113 3462 111 50 and
263 3462 93 51 the
395 3462 183 61 plates
616 3462 61 50 of
715 3462 313 61 important
1063 3479 353 44 personages
1456 3462 61 51 of
1552 3463 229 51 ancient
1818 3466 110 48 and
1968 3466 120 51 mod-

115 3545 97 33 ern
257 3528 184 50 times.

184 3594 202 60 Henry
422 3592 326 59 Blakewell,
783 3593 129 51 who
948 3593 254 61 recently
1237 3593 270 61 disposed
1541 3596 75 59 by
1649 3596 230 50 auction
1914 3596 117 52 sale
2067 3596 61 52 of

116 3658 86 51 iiis
239 3658 156 61 large
433 3658 304 51 collection
778 3658 59 51 of
874 3659 382 60 book-plates,
1294 3659 45 50 is
1377 3668 57 42 at
1470 3660 161 50 work
1667 3677 152 44 upon
1857 3679 31 32 a
1926 3663 169 51 check-

115 3723 95 50 list
247 3723 62 50 of
346 3723 303 50 American
691 3723 382 62 book-plates.
