2359 4239
338 472 57 45 38

793 478 77 41 LA
901 478 381 53 CHRONIQUE
1315 479 314 43 MUSICALE

339 619 178 39 moiselle
544 621 256 39 Pommereul
823 636 21 24 a
864 625 176 49 dix-sept
1059 638 71 24 ans
1151 625 22 37 à
1194 625 130 49 peine,
1348 626 73 38 elle
1444 634 57 30 est
1522 627 109 38 élève
1652 625 163 38 d'Alard
1832 633 38 30 et
1885 638 21 25 a
1927 626 153 38 obtenu

338 686 34 37 le
402 688 173 46 premier
594 689 86 48 prix
702 691 48 36 de
768 691 137 37 violon
932 704 49 24 au
1016 693 160 37 dernier
1207 705 196 25 concours
1425 694 54 36 du
1507 692 323 40 Conservatoire.
1859 694 221 50 Beaucoup

340 753 48 37 de
406 754 137 48 talent,
558 757 209 49 beaucoup
788 758 188 37 d'avenir.

393 889 236 47 QUATRIÈME
658 890 200 38 CONCERT,
966 892 210 37 Première
1202 894 173 37 audition
1404 895 87 36 d\in
1519 896 202 50 offertoire
1742 907 104 37 pour
1882 894 202 37 orchestre

344 956 48 36 de
412 957 61 35 M.
505 957 165 35 Gounod
679 987 8 8 .
711 957 147 36 Aucun
882 957 148 48 thème,
1054 971 133 25 aucun
1209 960 134 49 chant,
1368 973 133 26 aucun
1535 963 120 48 motif
1655 993 7 16 ,
1686 975 56 24 un
1773 962 142 49 simple
1952 962 132 36 dessin

343 1023 296 45 instrumental,
663 1035 80 24 une
764 1023 99 37 série
891 1025 47 36 de
959 1025 183 37 marches
1174 1026 291 50 harmoniques
1488 1030 121 36 d'une
1634 1030 179 36 sonorité
1848 1028 163 49 exquise
2046 1035 38 30 et

343 1089 121 35 d'une
482 1090 142 47 pureté
640 1089 47 37 de
710 1089 127 49 lignes
858 1090 142 48 idéale,
1019 1092 53 35 tel
1096 1100 58 28 est
1185 1093 231 50 Yoffertoire
1447 1096 47 35 de
1531 1097 56 35 M.
1611 1096 188 37 Gounod.
1835 1098 249 47 Remarquez

342 1167 79 37 que
442 1155 36 49 je
499 1155 77 37 n'ai
593 1169 69 35 pas
684 1156 56 37 dit
764 1167 7 26 :
796 1169 149 24 aucune
964 1158 167 36 mélodie
1138 1188 7 16 ,
1167 1171 75 31 car,
1272 1162 19 33 à
1323 1172 97 25 mon
1442 1173 100 35 sens,
1568 1162 20 36 Y
1595 1163 204 49 offertoire
1820 1163 47 36 de
1889 1163 60 39 M.
1976 1162 82 37 Gou-

344 1223 79 35 nod
449 1230 57 29 est
527 1235 80 25 une
627 1235 140 25 œuvre
797 1225 256 36 absolument
1084 1226 221 49 mélodique
1310 1256 8 17 ,
1342 1227 93 36 bien
1470 1228 98 48 qu'il
1601 1242 49 24 ne
1685 1242 139 37 repose
1853 1242 68 24 sur
1950 1241 134 25 aucun

345 1289 121 50 motif
479 1297 225 30 nettement
725 1291 246 36 caractérisé.
997 1292 106 36 C'est
1123 1293 37 36 là
1182 1306 79 24 une
1284 1294 254 48 proposition
1561 1308 78 35 que
1659 1296 36 49 je
1717 1308 65 25 me
1798 1304 188 29 contente
2009 1296 58 37 d'é-

347 1367 152 25 noncer
518 1355 272 49 aujourd'hui,
814 1357 34 49 je
867 1355 36 38 la
923 1357 281 49 développerai
1224 1371 50 25 en
1295 1360 175 37 d'autres
1491 1369 142 41 temps.
1646 1362 113 37 Cette
1779 1374 140 25 œuvre
1936 1374 125 24 remar-

347 1422 160 48 quable,
538 1434 90 25 sans
654 1425 162 35 tomber
838 1425 98 35 dans
957 1425 56 36 les
1032 1425 148 37 formes
1202 1427 246 48 hiératiques
1477 1428 53 37 du
1553 1429 122 36 chant
1693 1428 224 49 grégorien,
1940 1430 148 35 formes

346 1488 69 48 qui
438 1489 186 36 excluent
644 1492 19 33 à
691 1489 35 37 la
747 1489 76 37 fois
846 1491 36 36 le
901 1491 207 49 rhythme,
1131 1493 164 37 l'accent
1315 1502 39 29 et
1374 1494 141 39 l'unité
1530 1496 149 46 tonale,
1703 1508 165 37 marque
1888 1508 80 24 une
1985 1496 83 35 réac-

345 1556 87 36 tion
452 1559 78 33 très
551 1557 216 37 accentuée
788 1565 139 29 contre
941 1558 56 37 les
1023 1561 216 36 tendances
1260 1561 273 50 dramatiques
1548 1563 47 36 de
1617 1562 36 37 la
1676 1562 187 49 musique
1879 1562 209 49 religieuse

346 1623 193 37 moderne
562 1632 38 28 et
625 1635 55 25 un
709 1632 138 29 retour
866 1624 164 38 réfléchi
1050 1638 89 25 vers
1158 1626 35 37 le
1216 1631 172 44 système
1411 1630 47 35 de
1482 1630 220 36 Palestrina
1733 1637 38 30 et
1792 1630 57 36 les
1874 1628 216 39 traditions

346 1690 48 36 de
416 1701 73 25 son
513 1690 122 36 école.
662 1691 55 35 M.
745 1692 173 36 Gounod
935 1701 89 40 part
1046 1694 48 35 de
1122 1706 43 24 ce
1183 1694 180 48 principe
1385 1708 77 36 que
1483 1696 35 37 le
1547 1698 73 35 but
1642 1696 185 38 essentiel
1847 1696 48 37 de
1929 1696 37 37 la
2000 1708 60 23 mu-

350 1756 113 49 sique
485 1755 223 50 religieuse,
730 1758 93 37 c'est
846 1758 132 37 moins
1001 1760 48 36 de
1075 1759 162 49 frapper
1268 1761 150 48 l'esprit
1451 1770 39 29 et
1524 1762 47 37 de
1599 1762 169 38 toucher
1795 1763 37 37 le
1866 1774 114 25 cœur
2011 1773 79 37 que

348 1823 190 38 d'inviter
562 1823 115 37 l'âme
699 1824 22 36 à
753 1837 44 24 ce
826 1825 317 49 recueillement,
1178 1830 21 33 à
1230 1840 43 25 ce
1307 1828 312 39 demi-sommeil
1652 1830 199 49 mystique
1884 1829 70 50 qui
1985 1840 105 27 nous

347 1898 228 40 transporte
605 1891 98 36 dans
724 1903 62 25 ces
809 1892 161 48 régions
998 1894 173 36 sereines
1205 1895 47 36 de
1280 1894 36 36 la
1349 1895 239 38 méditation
1617 1904 38 29 et
1683 1897 48 36 de
1763 1897 172 44 l'extase,
1968 1900 53 33 où
2055 1895 36 38 la

348 1957 318 49 contemplation
682 1957 48 37 de
745 1958 103 37 Dieu
861 1971 101 24 nous
980 1960 168 37 détache
1170 1962 55 35 du
1241 1962 147 37 monde
1405 1963 67 36 des
1488 1975 116 36 corps
1620 1972 38 29 et
1679 1976 104 24 nous
1799 1964 121 47 élève,
1939 1976 50 25 ne
2010 1964 60 37 fût-

347 2033 43 25 ce
406 2024 126 47 qu'un
560 2024 164 48 instant,
745 2026 210 36 au-dessus
978 2027 53 35 du
1060 2028 123 36 néant
1203 2028 69 37 des
1293 2028 140 38 choses
1455 2029 225 38 humaines.
1700 2030 141 51 Conçu
1867 2031 99 36 dans
1989 2037 102 30 cette

341 2088 105 48 idée,
471 2089 70 49 qui
564 2103 103 24 nous
688 2091 130 48 paraît
848 2093 260 36 absolument
1139 2093 114 50 juste,
1274 2107 73 24 son
1384 2096 206 49 offertoire
1621 2098 113 45 n'est,
1770 2100 22 33 à
1829 2106 263 40 proprement

342 2157 143 49 parler,
505 2158 40 36 ni
569 2170 78 25 une
668 2157 143 49 prière,
836 2159 42 37 ni
900 2173 55 23 un
975 2161 122 36 chant
1124 2161 170 49 d'église,
1322 2162 42 37 ni
1385 2175 80 25 une
1488 2163 238 38 méditation
1745 2164 227 49 religieuse,
1997 2165 95 37 c'est

345 2237 57 23 un
423 2225 146 36 silence
589 2225 270 37 harmonieux
864 2255 9 19 ,
898 2226 29 36 si
952 2227 92 50 j'ose
1067 2228 257 48 m'exprimer
1345 2229 115 48 ainsi,
1489 2242 67 35 ou,
1580 2229 31 38 si
1632 2242 101 25 vous
1763 2232 35 35 le
1821 2232 188 47 préférez,
2034 2244 57 24 un

350 2303 208 25 murmure
577 2291 145 37 discret
743 2292 70 48 qui
833 2292 117 37 berce
972 2292 115 38 lame
1110 2302 38 28 et
1174 2294 151 37 l'invite
1346 2307 51 25 au
1420 2296 305 38 recueillement
1754 2306 39 28 et
1822 2296 20 37 à
1872 2298 38 35 la
1938 2297 147 49 prière.

354 2358 133 36 L'idée
510 2358 231 47 mélodique
763 2358 130 48 glisse,
919 2371 48 25 en
990 2359 239 38 l'effleurant
1249 2365 21 32 à
1289 2361 131 48 peine,
1444 2375 68 24 sur
1530 2376 55 23 un
1608 2363 97 38 tissu
1722 2364 274 48 harmonique
2013 2368 80 33 très

349 2426 107 36 serré
477 2433 36 27 et
529 2436 49 24 en
597 2432 180 40 estompe
793 2425 245 47 légèrement
1050 2425 55 37 les
1125 2435 194 28 contours
1341 2428 166 46 indécis,
1521 2429 221 38 semblable
1762 2430 21 37 à
1799 2439 102 28 cette
1921 2430 172 38 lumière

350 2492 128 36 douce
494 2500 38 28 et
553 2490 215 49 tranquille
790 2491 69 47 qui
882 2492 150 37 inonde
1054 2493 96 37 d'un
1173 2493 214 50 demi-jour
1408 2496 248 49 mystérieux
1677 2498 56 35 les
1754 2496 271 49 profondeurs
2044 2498 49 36 de

351 2570 72 24 nos
442 2557 259 46 cathédrales,
719 2569 89 24 sans
826 2557 158 37 donner
1003 2571 77 24 aux
1101 2560 126 47 objets
1249 2561 144 47 qu'elle
1416 2562 143 37 éclaire
1581 2575 158 24 aucune
1762 2563 129 37 forme
1922 2564 169 36 arrêtée.

349 2624 44 36 Je
415 2623 34 36 le
472 2624 149 47 répète,
643 2625 91 35 c'est
757 2624 35 36 là
809 2636 80 24 une
912 2636 137 26 œuvre
1072 2629 78 33 très
1166 2628 281 47 remarquable
1470 2636 37 29 et
1527 2629 315 48 profondément
1865 2630 225 48 empreinte

351 2691 47 36 de
419 2699 104 28 cette
545 2690 226 48 simplicité,
796 2691 130 49 pleine
950 2692 47 36 de
1017 2693 127 37 calme
1163 2701 41 29 et
1223 2693 47 37 de
1291 2695 122 44 force,
1435 2707 79 36 que
1535 2696 35 37 le
1599 2695 277 38 catholicisme
1912 2709 150 24 commu-

352 2757 121 49 nique
496 2762 21 33 à
539 2766 90 29 tous
649 2758 56 37 les
725 2766 81 29 arts
827 2759 69 48 qui
917 2759 223 38 s'éclairent
1159 2761 47 36 de
1230 2773 40 24 sa
1290 2761 185 38 lumière.

1526 2831 61 41 H.
1615 2831 210 38 Marcello.

401 2960 297 37 CONCERTS
737 2961 35 36 A
809 2962 395 39 L'ORCHESTRE.
1298 2965 55 36 La
1374 2964 197 39 direction
1604 2966 49 35 de
1686 2964 36 37 la
1757 2964 226 50 Chronique
2007 2977 58 24 mu-

348 3027 123 37 sicale
498 3034 121 42 ayant
656 3028 254 49 interrompu
925 3030 37 35 la
983 3031 252 47 publication
1256 3032 47 37 de
1326 3044 43 25 ce
1390 3029 162 52 journal
1569 3031 179 48 pendant
1767 3030 98 37 trois
1886 3031 115 47 mois,
2025 3043 71 36 par

348 3095 105 37 suite
475 3095 66 35 des
564 3095 287 49 changements
871 3105 37 28 et
927 3098 67 36 des
1016 3098 299 38 améliorations
1340 3098 143 49 qu'elle
1508 3111 39 24 se
1571 3098 203 48 proposait
1799 3097 65 50 d'y
1893 3105 201 42 apporter,

349 3163 35 50 je
407 3162 188 37 bornerai
618 3160 262 51 aujourd'hui
902 3165 36 36 le
966 3167 310 46 compte-rendu
1300 3166 48 37 de
1364 3167 35 35 la
1419 3166 165 47 portion
1606 3166 67 37 des
1695 3174 182 29 concerts
1896 3166 71 49 qui
1984 3168 113 35 m'est

356 3228 171 37 dévolue
553 3229 22 36 à
601 3242 56 23 un
686 3230 156 38 résumé
868 3232 47 36 de
943 3241 89 28 tout
1057 3246 42 24 ce
1120 3232 70 49 qui
1218 3246 21 23 a
1261 3234 60 36 été
1350 3234 163 36 exécuté
1541 3234 47 36 de
1616 3233 88 48 plus
1731 3232 155 38 saillant
1914 3234 98 36 dans
2041 3234 55 37 les

357 3295 228 37 différentes
616 3296 111 37 salles
760 3297 182 38 affectées
964 3300 21 35 à
1004 3300 34 36 la
1060 3300 199 49 musique,
1283 3300 140 48 depuis
1449 3300 35 37 le
1520 3308 349 29 commencement
1891 3301 47 36 de
1960 3300 37 36 la
2020 3302 56 35 sai-

356 3373 73 23 son
451 3361 163 38 d'hiver.
637 3364 50 35 Et
705 3375 103 37 pour
826 3366 90 47 plus
935 3366 47 37 de
1006 3366 132 48 clarté,
1157 3367 34 51 je
1213 3365 182 39 diviserai
1411 3366 54 37 les
1486 3375 181 28 concerts
1686 3379 50 24 en
1758 3375 182 28 concerts
1961 3367 21 37 à
2002 3368 75 37 l'or-

355 3427 154 38 chestre
531 3438 38 28 et
591 3441 49 25 en
660 3439 184 30 concerts
864 3445 50 24 au
936 3432 134 49 piano,
1089 3445 89 25 sans
1192 3434 56 37 les
1264 3432 239 39 entremêler
1524 3434 109 38 selon
1657 3433 144 38 l'ordre
1823 3434 68 37 des
1909 3434 110 38 dates
2041 3439 53 33 où

355 3493 47 37 ils
423 3503 71 29 ont
515 3507 49 25 eu
587 3495 93 38 lieu.
