2359 4239
817 482 212 41 REVUE
1064 483 113 41 DES
1209 484 328 42 CONCERTS

2017 488 57 45 33

295 619 64 38 Ble
381 621 55 37 les
457 622 167 40 ivresses
647 625 54 37 du
722 626 83 47 vin,
831 626 54 37 du
909 639 112 38 sang,
1045 628 49 37 de
1117 628 36 37 la
1171 628 81 50 joie
1276 639 38 28 et
1330 631 48 37 de
1402 631 37 37 la
1461 644 108 37 rage,
1591 635 54 35 où
1668 632 36 38 le
1727 633 195 51 rhythme
1943 637 134 47 paraît

294 689 134 38 tantôt
447 692 233 47 trébucher,
705 694 133 36 tantôt
861 694 140 38 courir
1020 708 95 25 avec
1144 697 119 48 furie,
1285 702 53 33 où
1362 699 57 37 les
1443 699 180 39 bouches
1645 700 48 38 de
1713 701 138 38 cuivre
1875 703 202 38 semblent

292 758 136 36 vomir
447 759 68 37 des
537 760 290 49 imprécations
856 771 38 28 et
918 764 202 49 répondre
1139 778 72 36 par
1233 765 35 38 le
1288 767 238 49 blasphème
1548 771 21 34 à
1589 769 69 37 des
1684 769 95 38 voix
1799 769 264 50 suppliantes,

296 828 53 34 où
372 826 11 35 1
400 839 54 24 on
477 826 63 47 rit,
565 827 98 48 boit,
689 828 153 50 frappe,
868 830 118 49 brise,
1013 840 68 28 tue
1106 841 38 28 et
1165 833 121 49 viole,
1312 839 54 33 où
1388 835 84 38 l'on
1492 837 174 38 s'amuse
1688 837 128 38 enfin.
1841 839 111 36 Dans
1973 846 102 30 cette

294 896 118 34 scène
431 894 49 36 de
502 894 202 50 brigands,
729 897 196 38 véritable
947 903 118 34 scène
1087 900 49 38 de
1153 901 297 52 Shakespeare,
1470 908 54 33 où
1545 905 36 37 le
1601 905 168 38 terrible
1788 904 38 39 le
1844 905 162 51 dispute
2025 919 52 25 au

294 969 235 42 grotesque,
550 963 12 36 1
579 964 209 38 orchestre
807 974 61 28 est
887 967 161 37 devenu
1072 981 81 25 une
1176 978 106 30 sorte
1306 971 48 38 de
1374 973 346 48 pandœmonium
1740 986 8 37 ;
1783 974 99 38 dans
1904 986 44 26 ce
1968 973 89 39 chef-

294 1028 24 35 d
334 1041 142 25 œuvre
509 1030 47 36 de
599 1032 148 38 coloris
788 1033 290 40 instrumental
1115 1038 176 39 éclatent
1332 1040 70 38 des
1440 1042 202 37 sonorités
1666 1044 186 49 étranges
1872 1055 80 37 que
1974 1054 103 27 vous

292 1108 26 24 n
334 1108 94 26 avez
464 1096 141 51 jamais
642 1101 229 37 entendues
899 1102 164 39 ailleurs
1084 1115 7 26 :
1113 1105 176 48 violons,
1325 1108 152 48 basses,
1513 1110 255 45 trombones,
1807 1110 192 37 timbales
2039 1117 39 29 et

292 1164 219 49 cymbales,
548 1174 93 30 tout
677 1168 165 48 chante,
880 1170 160 50 bondit,
1083 1174 110 49 rugit
1227 1176 100 37 dans
1349 1188 57 25 un
1430 1185 167 29 concert
1619 1177 250 50 diabolique,
1893 1178 186 50 pendant

290 1244 81 36 que
391 1233 108 37 l'alto
519 1234 102 48 solo,
644 1235 35 38 le
704 1238 146 38 rêveur
873 1240 172 49 Harold,
1070 1240 144 51 fuyant
1242 1244 245 49 épouvanté,
1510 1245 73 37 fait
1616 1258 149 25 encore
1796 1247 199 38 entendre
2024 1259 53 25 au

289 1300 88 37 loin
400 1302 199 50 quelques
621 1313 118 29 notes
769 1308 265 39 tremblantes
1054 1310 49 37 de
1125 1322 75 26 son
1223 1311 153 51 hymne
1405 1313 55 37 du
1484 1313 95 37 soir.

343 1390 91 46 Que
457 1390 86 37 dire
565 1391 49 37 de
635 1401 104 29 cette
761 1402 109 30 vaste
894 1396 299 50 composition;
1210 1397 136 39 faut-il
1369 1399 37 37 la
1429 1399 235 40 considérer
1686 1413 163 26 comme
1868 1414 58 25 un
1950 1411 109 29 trans-

292 1465 93 40 port
407 1457 49 37 de
476 1458 93 37 folie
592 1472 53 24 ou
670 1473 161 25 comme
856 1475 55 24 un
930 1471 207 42 transport
1160 1465 49 37 de
1230 1465 148 50 génie?
1393 1468 46 37 Je
1459 1480 103 26 vous
1583 1468 189 49 préviens
1800 1482 80 37 que
1905 1470 111 37 l'une
2039 1478 40 29 et

291 1524 12 37 1
320 1533 116 29 autre
458 1527 50 36 de
531 1540 64 24 ces
617 1528 202 39 manières
842 1529 49 38 de
914 1531 104 47 voir,
1043 1532 36 37 la
1101 1533 202 48 première
1524 1546 213 40 comptent
1757 1538 49 36 de
1843 1539 236 37 nombreux

292 1593 213 48 partisans.
539 1595 318 39 Gardons-nous
887 1607 125 30 avant
1044 1607 93 30 tout
1169 1601 69 37 des
1275 1601 194 50 opinions
1500 1604 221 48 extrêmes;
1762 1604 56 37 les
1858 1605 221 49 classiques

290 1674 112 36 purs,
424 1674 105 25 ceux
544 1661 72 51 qui
637 1675 40 25 se
697 1674 94 27 sont
812 1665 181 49 pétrifiés
1014 1668 99 37 dans
1133 1668 274 40 l'admiration
1426 1672 202 38 exclusive
1646 1672 194 49 d'Haydn
1859 1682 38 28 et
1916 1674 48 36 de
1986 1675 61 35 Mo-

290 1736 99 40 zart,
414 1741 103 25 ceux
539 1729 71 50 qui
642 1738 195 32 trouvent
864 1734 240 39 Beethoven
1127 1736 133 49 hardi,
1292 1738 294 37 Mendelssohn
1610 1740 130 36 obcur
1773 1748 40 29 et
1835 1739 243 39 Schumann

294 1796 303 52 inintelligible,
623 1812 50 24 ne
697 1802 325 48 comprendront
1045 1802 87 39 rien
1162 1802 21 39 à
1206 1817 64 25 ces
1292 1805 176 39 bizarres
1492 1807 308 37 combinaisons
1821 1808 48 37 de
1892 1808 183 47 timbres,

299 1861 23 40 à
342 1877 63 24 ces
426 1865 236 38 harmonies
683 1867 170 48 féroces,
878 1869 21 36 à
922 1882 64 25 ces
1005 1871 207 38 témérités
1233 1873 47 37 de
1305 1877 128 34 mètre
1456 1882 39 28 et
1519 1875 48 37 de
1590 1874 206 52 rhythme.
1828 1875 52 38 Ils
1913 1888 50 25 ne
1993 1888 66 26 ver-

296 1941 95 28 ront
413 1933 100 38 dans
534 1936 36 35 le
597 1933 95 38 final
715 1936 24 36 d
743 1936 178 38 'Harold
945 1950 80 37 que
1054 1940 54 36 du
1145 1940 124 48 bruit,
1294 1941 56 37 du
1385 1942 193 38 désordre
1609 1951 39 29 et
1682 1943 36 37 le
1752 1943 170 49 produit
1955 1943 123 39 d'une

296 2002 220 37 exaltation
537 2003 201 39 maladive
758 2013 39 29 et
816 2005 155 49 fébrile,
996 2015 38 29 et
1062 2008 19 36 à
1111 2008 37 38 la
1169 2009 127 38 vérité
1330 2019 63 29 cet
1426 2020 76 38 art,
1536 2011 219 51 surchargé
1788 2021 39 28 et
1860 2013 141 36 monté
2030 2012 49 37 de

297 2077 108 41 tons,
430 2071 101 37 n'est
552 2083 70 38 pas
644 2072 71 37 fait
743 2085 106 37 pour
868 2086 91 26 eux.
988 2074 30 37 Il
1037 2075 91 38 leur
1148 2076 87 38 faut
1249 2086 123 29 avant
1391 2086 88 29 tout
1497 2079 37 36 la
1556 2079 110 52 ligne
1687 2093 11 22 :
1717 2080 38 36 la
1776 2079 109 50 ligne
1920 2080 68 49 n'y
2021 2088 58 29 est

297 2149 72 38 pas
384 2150 7 36 ;
416 2139 91 49 plus
530 2140 48 36 de
602 2149 210 40 contours,
829 2142 91 47 plus
941 2142 49 37 de
1013 2143 102 50 style
1132 2155 7 35 ;
1161 2157 51 24 au
1235 2144 82 38 lieu
1340 2146 48 37 de
1411 2146 97 48 cela,
1532 2147 69 36 des
1617 2147 154 37 fouillis
1793 2156 39 29 et
1851 2148 69 37 des
1940 2148 110 49 empâ-

294 2213 177 30 tements
503 2207 280 49 merveilleux,
817 2222 81 24 une
931 2211 259 38 exubérance
1214 2213 47 37 de
1284 2213 149 50 palette
1456 2222 39 29 et
1526 2227 82 25 une
1637 2214 152 51 fougue
1821 2216 49 36 de
1902 2215 174 49 pinceau

296 2275 358 39 extraordinaires.
684 2276 50 37 Ils
751 2277 57 49 s'y
837 2278 172 48 perdent
1031 2279 282 50 absolument;
1348 2281 95 38 c'est
1477 2281 36 38 le
1548 2282 138 48 chaos,
1724 2282 95 39 c'est
1850 2284 224 39 l'absurde!

293 2343 105 37 Mais
414 2343 56 37 les
490 2345 145 48 esprits
652 2344 143 51 jeunes
814 2354 39 29 et
874 2347 164 37 ardents
1059 2349 129 48 qu'un
1212 2350 105 37 beau
1341 2363 205 36 morceau,
1568 2350 109 39 fût-il
1694 2364 132 40 conçu
1850 2364 50 26 en
1926 2353 151 37 dehors

289 2410 69 38 des
393 2410 129 50 règles
560 2411 235 49 d'Aristote,
829 2422 232 41 transporte
1094 2416 360 51 d'enthousiasme,
1490 2432 103 24 ceux
1626 2420 73 49 qui
1727 2430 141 28 savent
1899 2421 180 49 préférer

289 2479 262 49 quelquefois
574 2480 274 39 l'étincelante
872 2482 186 39 fantaisie
1086 2487 21 34 à
1124 2484 37 37 la
1185 2486 231 38 correction
1439 2487 281 51 académique,
1743 2489 56 37 les
1820 2488 131 50 orgies
1973 2490 48 36 de
2040 2489 39 37 la

290 2547 172 37 couleur
477 2557 39 28 et
535 2549 35 36 le
593 2549 193 38 désordre
809 2550 53 37 du
884 2561 267 29 mouvement
1173 2553 22 37 à
1213 2554 37 38 la
1267 2554 131 38 froide
1414 2555 257 39 inflexibilité
1687 2556 49 38 de
1755 2557 36 37 la
1813 2556 122 49 ligne,
1952 2570 100 24 ceux-

289 2615 50 48 là,
366 2615 137 52 dis-je,
527 2618 299 51 l'imagination
850 2620 53 37 du
932 2620 202 40 musicien
1155 2623 56 41 les
1235 2633 233 40 emportera
1503 2625 100 37 dans
1639 2638 74 24 son
1749 2627 68 36 vol
1849 2626 228 39 audacieux

288 2695 90 26 vers
395 2696 65 25 ces
482 2684 162 50 régions
671 2686 188 38 ardentes
880 2691 54 33 où
967 2688 35 37 le
1038 2688 67 38 feu
1143 2690 55 36 du
1230 2690 76 38 ciel
1329 2691 117 38 brûle
1480 2692 37 37 le
1550 2705 170 25 cerveau
1751 2701 39 29 et
1811 2693 200 38 volatilise
2039 2695 38 38 la

291 2750 152 49 raison,
470 2751 160 39 ceux-là
651 2766 40 24 se
715 2754 212 39 laisseront
944 2756 165 39 enlever
1129 2770 73 36 par
1218 2767 62 29 cet
1303 2771 183 37 ouragan
1503 2759 71 50 qui
1590 2761 191 37 déracine
1798 2770 91 29 tout
1911 2775 69 24 sur
2000 2775 76 25 son

290 2832 182 39 passage,
497 2821 180 51 logique,
701 2823 323 49 raisonnement,
1049 2825 213 49 réflexion,
1285 2834 91 30 tout
1396 2827 92 37 sauf
1497 2828 36 37 le
1548 2828 104 49 parti
1674 2829 96 48 pris,
1788 2829 46 37 ils
1856 2829 222 40 délireront

291 2902 97 26 avec
411 2890 37 37 le
471 2894 135 46 poète,
624 2888 66 52 j'ai
714 2891 100 38 écrit
835 2893 35 37 le
894 2902 87 28 mot
1003 2902 39 29 et
1060 2891 38 51 je
1122 2906 50 25 ne
1193 2895 35 36 le
1248 2895 120 37 retire
1390 2908 83 36 pas,
1498 2907 67 26 car
1583 2895 35 38 le
1641 2896 98 38 final
1773 2898 25 36 d
1801 2898 182 38 'Harold
2016 2909 61 29 est

289 2968 59 25 un
370 2965 210 42 transport
600 2958 49 36 de
670 2958 140 48 délire,
835 2971 57 25 un
916 2968 208 40 transport
1145 2959 47 38 de
1216 2973 43 25 ce
1280 2960 126 38 délire
1435 2963 111 36 sacré
1568 2962 72 49 qui
1663 2975 52 24 ne
1736 2964 165 37 troubla
1933 2964 144 49 jamais

289 3024 57 38 les
369 3037 201 27 cerveaux
593 3025 226 39 médiocres
843 3036 39 29 et
897 3027 102 38 dont
1021 3028 250 39 l'exaltation
1295 3029 173 38 conduit
1491 3029 21 38 à
1534 3039 103 29 cette
1659 3031 151 38 variété
1845 3045 80 37 peu
1961 3046 86 26 com-

294 3104 127 26 mune
445 3093 49 37 de
515 3093 108 48 folie,
654 3096 127 48 qu'on
802 3095 157 49 appelle
981 3095 37 38 le
1040 3095 139 50 génie!

340 3182 107 36 C'est
470 3182 104 36 beau
597 3194 93 25 sans
713 3183 124 38 doute
861 3184 36 37 le
925 3182 214 50 classique,
1162 3192 195 41 pourtant
1380 3184 26 38 il
1425 3199 26 37 y
1472 3198 21 26 a
1515 3186 69 38 des
1611 3187 111 52 jours
1751 3191 53 34 où
1828 3199 53 26 on
1918 3200 41 25 se
1990 3197 88 28 sent

290 3248 57 37 las
367 3249 256 49 d'applaudir
645 3250 37 37 le
706 3251 82 37 Cid
803 3259 38 29 et
859 3252 264 38 Britannicus
1142 3261 38 28 et
1200 3257 54 33 où
1277 3253 80 37 l'on
1378 3266 40 25 se
1434 3255 129 49 prend
1579 3256 98 36 d'un
1700 3255 54 38 fol
1772 3255 306 39 enthousiasme

292 3328 108 37 pour
421 3318 193 38 Hernani
635 3326 38 30 et
693 3319 168 38 Marion
889 3320 223 39 Delorme!
1131 3321 153 49 Certes,
1306 3321 37 51 je
1379 3334 51 25 ne
1463 3323 238 49 proposerai
1734 3321 143 52 jamais
1909 3324 36 37 le
1981 3324 99 37 final

292 3383 207 38 à'Harold
520 3398 162 26 comme
718 3387 160 38 modèle
907 3389 22 36 à
960 3401 58 24 un
1044 3387 292 51 compositeur,
1359 3389 101 38 mais
1484 3390 157 51 j'avoue
1663 3403 93 37 jque
1792 3403 43 26 ce
1868 3391 98 38 final
2002 3392 78 37 m'a

293 3453 321 46 profondément
643 3456 158 48 remué,
823 3457 141 37 remué
986 3469 160 25 comme
1163 3469 79 37 peu
1263 3458 49 35 de
1336 3457 297 49 compositions
1655 3457 213 40 musicales
1890 3459 191 39 l'avaient

296 3518 69 38 fait
389 3517 205 54 jusqu'ici.
621 3524 167 48 Erreur,
815 3523 31 38 si
869 3524 81 38 l'on
975 3534 110 40 veut,
1110 3523 100 39 mais
1233 3523 21 39 à
1277 3537 107 38 coup
1407 3526 70 37 sûr
1498 3526 95 38 c'est
1615 3539 80 26 une
1719 3539 141 26 erreur
1875 3528 49 37 de
1946 3527 133 50 génie.

471 3590 83 43 XI.

1891 3598 20 42 3
