<?xml version="1.0" encoding="UTF-8"?>
<alto xmlns:xsi="http://www.w3.org/2001/XMLSchema-instance" xmlns="http://www.loc.gov/standards/alto/ns-v2#" xsi:schemaLocation="http://www.loc.gov/standards/alto/ns-v2# http://www.loc.gov/standards/alto/alto-v2.0.xsd" xmlns:xlink="http://www.w3.org/1999/xlink">
	<Description>
		<MeasurementUnit>mm10</MeasurementUnit>
		<sourceImageInformation>
			<fileName>//fileserver7/IN2/Princeton/Batch3/bmtnabc/1876/04/01_01/00000026.tif</fileName>
		</sourceImageInformation>
		<OCRProcessing ID="OCRPROCESSING_1">
			<preProcessingStep>
				<processingSoftware>
					<softwareCreator>CCS Content Conversion Specialists GmbH, Germany</softwareCreator>
					<softwareName>CCS docWORKS</softwareName>
					<softwareVersion>6.6-1.18</softwareVersion>
				</processingSoftware>
			</preProcessingStep>
			<ocrProcessingStep>
				<processingSoftware>
					<softwareCreator>ABBYY (BIT Software), Russia</softwareCreator>
					<softwareName>NA</softwareName>
				</processingSoftware>
			</ocrProcessingStep>
		</OCRProcessing>
		<OCRProcessing ID="OCRPROCESSING_2">
			<preProcessingStep>
				<processingSoftware>
					<softwareCreator>CCS Content Conversion Specialists GmbH, Germany</softwareCreator>
					<softwareName>CCS docWORKS</softwareName>
					<softwareVersion>6.6-1.18</softwareVersion>
				</processingSoftware>
			</preProcessingStep>
			<ocrProcessingStep>
				<processingSoftware>
					<softwareCreator>ABBYY (BIT Software), Russia</softwareCreator>
					<softwareName>FineReader</softwareName>
					<softwareVersion>10.0</softwareVersion>
				</processingSoftware>
			</ocrProcessingStep>
		</OCRProcessing>
	</Description>
	<Styles>
		<TextStyle ID="TXT_0" FONTSIZE="25" FONTFAMILY="Times New Roman"/>
		<TextStyle ID="TXT_1" FONTSIZE="15" FONTFAMILY="Times New Roman"/>
		<TextStyle ID="TXT_2" FONTSIZE="12" FONTFAMILY="Times New Roman" FONTSTYLE="bold"/>
		<TextStyle ID="TXT_3" FONTSIZE="15" FONTFAMILY="Times New Roman" FONTSTYLE="italics"/>
		<ParagraphStyle ID="PAR_CENTER" ALIGN="Center"/>
		<ParagraphStyle ID="PAR_BLOCK" ALIGN="Block"/>
		<ParagraphStyle ID="PAR_LEFT" ALIGN="Left"/>
	</Styles>
	<Layout>
		<Page ID="P16" PHYSICAL_IMG_NR="16" HEIGHT="4239" WIDTH="2359" PC="0.934">
			<TopMargin ID="P16_TM00001" HPOS="0" VPOS="0" WIDTH="2359" HEIGHT="459"/>
			<LeftMargin ID="P16_LM00001" HPOS="0" VPOS="459" WIDTH="478" HEIGHT="3107"/>
			<RightMargin ID="P16_RM00001" HPOS="2240" VPOS="459" WIDTH="119" HEIGHT="3107"/>
			<BottomMargin ID="P16_BM00001" HPOS="0" VPOS="3566" WIDTH="2359" HEIGHT="673"/>
			<PrintSpace ID="P16_PS00001" HPOS="478" VPOS="459" WIDTH="1762" HEIGHT="3107">
				<TextBlock ID="P16_TB00001" HPOS="1071" VPOS="1281" WIDTH="597" HEIGHT="77" STYLEREFS="TXT_0 PAR_CENTER">
					<TextLine ID="P16_TL00001" HPOS="1071" VPOS="1282" WIDTH="596" HEIGHT="76">
						<String ID="P16_ST00001" HPOS="1071" VPOS="1282" WIDTH="596" HEIGHT="76" CONTENT="HABENECK" WC="0.96" CC="00431100"/>
					</TextLine>
				</TextBlock>
				<TextBlock ID="P16_TB00002" HPOS="921" VPOS="1739" WIDTH="1314" HEIGHT="427" STYLEREFS="TXT_1 PAR_BLOCK">
					<TextLine ID="P16_TL00002" HPOS="921" VPOS="1741" WIDTH="1312" HEIGHT="62">
						<String ID="P16_ST00002" HPOS="921" VPOS="1768" WIDTH="25" HEIGHT="24" CONTENT="A" WC="1.00" CC="0" STYLEREFS="TXT_2"/>
						<SP ID="P16_SP00001" HPOS="946" VPOS="1792" WIDTH="26"/>
						<String ID="P16_ST00003" HPOS="972" VPOS="1750" WIDTH="253" HEIGHT="53" CONTENT="Chronique" WC="0.99" CC="005630003" STYLEREFS="TXT_3"/>
						<SP ID="P16_SP00002" HPOS="1225" VPOS="1803" WIDTH="27"/>
						<String ID="P16_ST00004" HPOS="1252" VPOS="1748" WIDTH="213" HEIGHT="41" CONTENT="musicale" WC="0.99" CC="53000104" STYLEREFS="TXT_3"/>
						<SP ID="P16_SP00003" HPOS="1465" VPOS="1803" WIDTH="23"/>
						<String ID="P16_ST00005" HPOS="1488" VPOS="1744" WIDTH="222" HEIGHT="56" CONTENT="reproduit" WC="0.99" CC="000500560"/>
						<SP ID="P16_SP00004" HPOS="1710" VPOS="1803" WIDTH="20"/>
						<String ID="P16_ST00006" HPOS="1730" VPOS="1741" WIDTH="283" HEIGHT="54" CONTENT="aujourd'hui" WC="0.99" CC="03304304006"/>
						<SP ID="P16_SP00005" HPOS="2013" VPOS="1803" WIDTH="36"/>
						<String ID="P16_ST00007" HPOS="2049" VPOS="1752" WIDTH="61" HEIGHT="28" CONTENT="un" WC="0.59" CC="08"/>
						<SP ID="P16_SP00006" HPOS="2110" VPOS="1803" WIDTH="25"/>
						<String ID="P16_ST00008" HPOS="2135" VPOS="1750" WIDTH="74" HEIGHT="42" CONTENT="por" SUBS_TYPE="HypPart1" SUBS_CONTENT="portrait," WC="0.99" CC="000"/>
						<HYP HPOS="2209" VPOS="1750" WIDTH="24" CONTENT="-"/>
					</TextLine>
					<TextLine ID="P16_TL00003" HPOS="923" VPOS="1811" WIDTH="1311" HEIGHT="66">
						<String ID="P16_ST00009" HPOS="923" VPOS="1823" WIDTH="118" HEIGHT="51" CONTENT="trait," SUBS_TYPE="HypPart2" SUBS_CONTENT="portrait," WC="0.99" CC="203207"/>
						<SP ID="P16_SP00007" HPOS="1041" VPOS="1874" WIDTH="25"/>
						<String ID="P16_ST00010" HPOS="1066" VPOS="1823" WIDTH="197" HEIGHT="54" CONTENT="frappant" WC="1.00" CC="02000001"/>
						<SP ID="P16_SP00008" HPOS="1263" VPOS="1877" WIDTH="28"/>
						<String ID="P16_ST00011" HPOS="1291" VPOS="1821" WIDTH="50" HEIGHT="40" CONTENT="de" WC="1.00" CC="00"/>
						<SP ID="P16_SP00009" HPOS="1341" VPOS="1877" WIDTH="34"/>
						<String ID="P16_ST00012" HPOS="1375" VPOS="1820" WIDTH="328" HEIGHT="50" CONTENT="ressemblance," WC="1.00" CC="0000000000004"/>
						<SP ID="P16_SP00010" HPOS="1703" VPOS="1877" WIDTH="32"/>
						<String ID="P16_ST00013" HPOS="1735" VPOS="1816" WIDTH="59" HEIGHT="40" CONTENT="du" WC="1.00" CC="00"/>
						<SP ID="P16_SP00011" HPOS="1794" VPOS="1877" WIDTH="28"/>
						<String ID="P16_ST00014" HPOS="1822" VPOS="1814" WIDTH="160" HEIGHT="41" CONTENT="célèbre" WC="0.99" CC="3304051"/>
						<SP ID="P16_SP00012" HPOS="1982" VPOS="1877" WIDTH="21"/>
						<String ID="P16_ST00015" HPOS="2003" VPOS="1811" WIDTH="231" HEIGHT="42" CONTENT="fondateur" WC="0.99" CC="046005006"/>
					</TextLine>
					<TextLine ID="P16_TL00004" HPOS="922" VPOS="1886" WIDTH="1313" HEIGHT="52">
						<String ID="P16_ST00016" HPOS="922" VPOS="1898" WIDTH="52" HEIGHT="40" CONTENT="de" WC="1.00" CC="00"/>
						<SP ID="P16_SP00013" HPOS="974" VPOS="1938" WIDTH="31"/>
						<String ID="P16_ST00017" HPOS="1005" VPOS="1898" WIDTH="40" HEIGHT="39" CONTENT="la" WC="1.00" CC="00"/>
						<SP ID="P16_SP00014" HPOS="1045" VPOS="1938" WIDTH="34"/>
						<String ID="P16_ST00018" HPOS="1079" VPOS="1896" WIDTH="163" HEIGHT="40" CONTENT="Société" WC="1.00" CC="0003001"/>
						<SP ID="P16_SP00015" HPOS="1242" VPOS="1938" WIDTH="31"/>
						<String ID="P16_ST00019" HPOS="1273" VPOS="1895" WIDTH="72" HEIGHT="39" CONTENT="des" WC="1.00" CC="000"/>
						<SP ID="P16_SP00016" HPOS="1345" VPOS="1938" WIDTH="31"/>
						<String ID="P16_ST00020" HPOS="1376" VPOS="1901" WIDTH="193" HEIGHT="33" CONTENT="concerts" WC="0.99" CC="00510350"/>
						<SP ID="P16_SP00017" HPOS="1569" VPOS="1938" WIDTH="33"/>
						<String ID="P16_ST00021" HPOS="1602" VPOS="1891" WIDTH="60" HEIGHT="40" CONTENT="du" WC="0.81" CC="03"/>
						<SP ID="P16_SP00018" HPOS="1662" VPOS="1938" WIDTH="33"/>
						<String ID="P16_ST00022" HPOS="1695" VPOS="1886" WIDTH="344" HEIGHT="52" CONTENT="Conservatoire," WC="1.00" CC="23500300016503"/>
						<SP ID="P16_SP00019" HPOS="2039" VPOS="1938" WIDTH="33"/>
						<String ID="P16_ST00023" HPOS="2072" VPOS="1893" WIDTH="41" HEIGHT="32" CONTENT="et" WC="0.83" CC="30"/>
						<SP ID="P16_SP00020" HPOS="2113" VPOS="1938" WIDTH="35"/>
						<String ID="P16_ST00024" HPOS="2148" VPOS="1896" WIDTH="87" HEIGHT="28" CONTENT="une" WC="0.97" CC="080"/>
					</TextLine>
					<TextLine ID="P16_TL00005" HPOS="922" VPOS="1955" WIDTH="1313" HEIGHT="69">
						<String ID="P16_ST00025" HPOS="922" VPOS="1972" WIDTH="154" HEIGHT="52" CONTENT="charge" WC="0.99" CC="000801"/>
						<SP ID="P16_SP00021" HPOS="1076" VPOS="2024" WIDTH="19"/>
						<String ID="P16_ST00026" HPOS="1095" VPOS="1970" WIDTH="51" HEIGHT="39" CONTENT="de" WC="1.00" CC="00"/>
						<SP ID="P16_SP00022" HPOS="1146" VPOS="2024" WIDTH="36"/>
						<String ID="P16_ST00027" HPOS="1182" VPOS="1969" WIDTH="196" HEIGHT="51" CONTENT="Dantan," WC="0.73" CC="4008014"/>
						<SP ID="P16_SP00023" HPOS="1378" VPOS="2024" WIDTH="30"/>
						<String ID="P16_ST00028" HPOS="1408" VPOS="1971" WIDTH="225" HEIGHT="35" CONTENT="montrant" WC="0.99" CC="00662070"/>
						<SP ID="P16_SP00024" HPOS="1633" VPOS="2024" WIDTH="23"/>
						<String ID="P16_ST00029" HPOS="1656" VPOS="1964" WIDTH="38" HEIGHT="40" CONTENT="le" WC="1.00" CC="00"/>
						<SP ID="P16_SP00025" HPOS="1694" VPOS="2024" WIDTH="21"/>
						<String ID="P16_ST00030" HPOS="1715" VPOS="1961" WIDTH="136" HEIGHT="55" CONTENT="grand" WC="1.00" CC="01000"/>
						<SP ID="P16_SP00026" HPOS="1851" VPOS="2024" WIDTH="31"/>
						<String ID="P16_ST00031" HPOS="1882" VPOS="1959" WIDTH="147" HEIGHT="42" CONTENT="artiste" WC="0.99" CC="7352002"/>
						<SP ID="P16_SP00027" HPOS="2029" VPOS="2024" WIDTH="21"/>
						<String ID="P16_ST00032" HPOS="2050" VPOS="1971" WIDTH="110" HEIGHT="28" CONTENT="vu..." WC="0.98" CC="00444"/>
						<SP ID="P16_SP00028" HPOS="2160" VPOS="2024" WIDTH="25"/>
						<String ID="P16_ST00033" HPOS="2185" VPOS="1955" WIDTH="50" HEIGHT="41" CONTENT="de" WC="0.94" CC="01"/>
					</TextLine>
					<TextLine ID="P16_TL00006" HPOS="924" VPOS="2039" WIDTH="727" HEIGHT="52">
						<String ID="P16_ST00034" HPOS="924" VPOS="2045" WIDTH="90" HEIGHT="46" CONTENT="dos," WC="1.00" CC="0000"/>
						<SP ID="P16_SP00029" HPOS="1014" VPOS="2091" WIDTH="25"/>
						<String ID="P16_ST00035" HPOS="1039" VPOS="2046" WIDTH="24" HEIGHT="36" CONTENT="à" WC="0.44" CC="5"/>
						<SP ID="P16_SP00030" HPOS="1063" VPOS="2091" WIDTH="22"/>
						<String ID="P16_ST00036" HPOS="1085" VPOS="2044" WIDTH="39" HEIGHT="40" CONTENT="la" WC="0.94" CC="10"/>
						<SP ID="P16_SP00031" HPOS="1124" VPOS="2091" WIDTH="21"/>
						<String ID="P16_ST00037" HPOS="1145" VPOS="2042" WIDTH="83" HEIGHT="40" CONTENT="tête" WC="0.98" CC="0640"/>
						<SP ID="P16_SP00032" HPOS="1228" VPOS="2091" WIDTH="21"/>
						<String ID="P16_ST00038" HPOS="1249" VPOS="2041" WIDTH="51" HEIGHT="40" CONTENT="de" WC="0.86" CC="02"/>
						<SP ID="P16_SP00033" HPOS="1300" VPOS="2091" WIDTH="21"/>
						<String ID="P16_ST00039" HPOS="1321" VPOS="2053" WIDTH="80" HEIGHT="27" CONTENT="son" WC="0.96" CC="009"/>
						<SP ID="P16_SP00034" HPOS="1401" VPOS="2091" WIDTH="22"/>
						<String ID="P16_ST00040" HPOS="1423" VPOS="2039" WIDTH="228" HEIGHT="40" CONTENT="orchestre." WC="0.99" CC="1860000004"/>
					</TextLine>
					<TextLine ID="P16_TL00007" HPOS="980" VPOS="2103" WIDTH="1251" HEIGHT="63">
						<String ID="P16_ST00041" HPOS="980" VPOS="2117" WIDTH="125" HEIGHT="40" CONTENT="Nous" WC="0.98" CC="0190"/>
						<SP ID="P16_SP00035" HPOS="1105" VPOS="2157" WIDTH="35"/>
						<String ID="P16_ST00042" HPOS="1140" VPOS="2117" WIDTH="179" HEIGHT="38" CONTENT="n'avons" WC="0.99" CC="0400060"/>
						<SP ID="P16_SP00036" HPOS="1319" VPOS="2157" WIDTH="33"/>
						<String ID="P16_ST00043" HPOS="1352" VPOS="2126" WIDTH="74" HEIGHT="40" CONTENT="pas" WC="0.98" CC="050"/>
						<SP ID="P16_SP00037" HPOS="1426" VPOS="2166" WIDTH="39"/>
						<String ID="P16_ST00044" HPOS="1465" VPOS="2108" WIDTH="281" HEIGHT="56" CONTENT="aujourd'hui" WC="1.00" CC="05000004360"/>
						<SP ID="P16_SP00038" HPOS="1746" VPOS="2166" WIDTH="36"/>
						<String ID="P16_ST00045" HPOS="1782" VPOS="2107" WIDTH="179" HEIGHT="54" CONTENT="l'espace" WC="1.00" CC="04000000"/>
						<SP ID="P16_SP00039" HPOS="1961" VPOS="2166" WIDTH="34"/>
						<String ID="P16_ST00046" HPOS="1995" VPOS="2103" WIDTH="236" HEIGHT="42" CONTENT="nécessaire" WC="0.99" CC="0500036704"/>
					</TextLine>
				</TextBlock>
				<TextBlock ID="P16_TB00003" HPOS="478" VPOS="2178" WIDTH="1762" HEIGHT="1388" STYLEREFS="TXT_1 PAR_BLOCK">
					<TextLine ID="P16_TL00008" HPOS="482" VPOS="2180" WIDTH="1752" HEIGHT="69">
						<String ID="P16_ST00047" HPOS="482" VPOS="2208" WIDTH="112" HEIGHT="41" CONTENT="pour" WC="0.98" CC="3105"/>
						<SP ID="P16_SP00040" HPOS="594" VPOS="2249" WIDTH="33"/>
						<String ID="P16_ST00048" HPOS="627" VPOS="2201" WIDTH="135" HEIGHT="33" CONTENT="tracer" WC="0.99" CC="010205"/>
						<SP ID="P16_SP00041" HPOS="762" VPOS="2249" WIDTH="33"/>
						<String ID="P16_ST00049" HPOS="795" VPOS="2204" WIDTH="86" HEIGHT="29" CONTENT="une" WC="0.95" CC="272"/>
						<SP ID="P16_SP00042" HPOS="881" VPOS="2249" WIDTH="39"/>
						<String ID="P16_ST00050" HPOS="920" VPOS="2188" WIDTH="251" HEIGHT="56" CONTENT="biographie" WC="0.99" CC="0400630040"/>
						<SP ID="P16_SP00043" HPOS="1171" VPOS="2249" WIDTH="42"/>
						<String ID="P16_ST00051" HPOS="1213" VPOS="2187" WIDTH="193" HEIGHT="41" CONTENT="détaillée" WC="0.99" CC="073044750"/>
						<SP ID="P16_SP00044" HPOS="1406" VPOS="2249" WIDTH="36"/>
						<String ID="P16_ST00052" HPOS="1442" VPOS="2183" WIDTH="298" HEIGHT="43" CONTENT="d'Habeneck." WC="0.68" CC="04370060434"/>
						<SP ID="P16_SP00045" HPOS="1740" VPOS="2249" WIDTH="41"/>
						<String ID="P16_ST00053" HPOS="1781" VPOS="2180" WIDTH="130" HEIGHT="41" CONTENT="Aussi" WC="1.00" CC="00001"/>
						<SP ID="P16_SP00046" HPOS="1911" VPOS="2249" WIDTH="41"/>
						<String ID="P16_ST00054" HPOS="1952" VPOS="2190" WIDTH="282" HEIGHT="30" CONTENT="serons-nous" WC="0.99" CC="00032443080"/>
					</TextLine>
					<TextLine ID="P16_TL00009" HPOS="482" VPOS="2251" WIDTH="1751" HEIGHT="60">
						<String ID="P16_ST00055" HPOS="482" VPOS="2268" WIDTH="126" HEIGHT="39" CONTENT="sobre" WC="0.99" CC="05000"/>
						<SP ID="P16_SP00047" HPOS="608" VPOS="2307" WIDTH="29"/>
						<String ID="P16_ST00056" HPOS="637" VPOS="2265" WIDTH="52" HEIGHT="41" CONTENT="de" WC="1.00" CC="00"/>
						<SP ID="P16_SP00048" HPOS="689" VPOS="2307" WIDTH="32"/>
						<String ID="P16_ST00057" HPOS="721" VPOS="2265" WIDTH="116" HEIGHT="40" CONTENT="dates" WC="1.00" CC="00000"/>
						<SP ID="P16_SP00049" HPOS="837" VPOS="2307" WIDTH="34"/>
						<String ID="P16_ST00058" HPOS="871" VPOS="2273" WIDTH="40" HEIGHT="32" CONTENT="et" WC="0.81" CC="03"/>
						<SP ID="P16_SP00050" HPOS="911" VPOS="2307" WIDTH="27"/>
						<String ID="P16_ST00059" HPOS="938" VPOS="2263" WIDTH="52" HEIGHT="40" CONTENT="de" WC="1.00" CC="00"/>
						<SP ID="P16_SP00051" HPOS="990" VPOS="2307" WIDTH="35"/>
						<String ID="P16_ST00060" HPOS="1025" VPOS="2275" WIDTH="155" HEIGHT="27" CONTENT="menus" WC="0.99" CC="02400"/>
						<SP ID="P16_SP00052" HPOS="1180" VPOS="2307" WIDTH="31"/>
						<String ID="P16_ST00061" HPOS="1211" VPOS="2260" WIDTH="114" HEIGHT="51" CONTENT="faits," WC="0.98" CC="681003"/>
						<SP ID="P16_SP00053" HPOS="1325" VPOS="2311" WIDTH="36"/>
						<String ID="P16_ST00062" HPOS="1361" VPOS="2268" WIDTH="40" HEIGHT="33" CONTENT="et" WC="0.71" CC="05"/>
						<SP ID="P16_SP00054" HPOS="1401" VPOS="2311" WIDTH="30"/>
						<String ID="P16_ST00063" HPOS="1431" VPOS="2271" WIDTH="112" HEIGHT="28" CONTENT="nous" WC="0.96" CC="6147"/>
						<SP ID="P16_SP00055" HPOS="1543" VPOS="2311" WIDTH="38"/>
						<String ID="P16_ST00064" HPOS="1581" VPOS="2262" WIDTH="439" HEIGHT="36" CONTENT="contenterons-nous" WC="1.00" CC="51010730022040000"/>
						<SP ID="P16_SP00056" HPOS="2020" VPOS="2311" WIDTH="33"/>
						<String ID="P16_ST00065" HPOS="2053" VPOS="2251" WIDTH="52" HEIGHT="40" CONTENT="de" WC="1.00" CC="00"/>
						<SP ID="P16_SP00057" HPOS="2105" VPOS="2311" WIDTH="32"/>
						<String ID="P16_ST00066" HPOS="2137" VPOS="2264" WIDTH="72" HEIGHT="40" CONTENT="rap" SUBS_TYPE="HypPart1" SUBS_CONTENT="rappeler" WC="0.99" CC="100"/>
						<HYP HPOS="2209" VPOS="2264" WIDTH="24" CONTENT="-"/>
					</TextLine>
					<TextLine ID="P16_TL00010" HPOS="484" VPOS="2323" WIDTH="1750" HEIGHT="71">
						<String ID="P16_ST00067" HPOS="484" VPOS="2341" WIDTH="117" HEIGHT="53" CONTENT="peler" SUBS_TYPE="HypPart2" SUBS_CONTENT="rappeler" WC="0.99" CC="00150"/>
						<SP ID="P16_SP00058" HPOS="601" VPOS="2394" WIDTH="21"/>
						<String ID="P16_ST00068" HPOS="622" VPOS="2352" WIDTH="53" HEIGHT="27" CONTENT="en" WC="0.84" CC="30"/>
						<SP ID="P16_SP00059" HPOS="675" VPOS="2394" WIDTH="37"/>
						<String ID="P16_ST00069" HPOS="712" VPOS="2352" WIDTH="83" HEIGHT="41" CONTENT="peu" WC="1.00" CC="000"/>
						<SP ID="P16_SP00060" HPOS="795" VPOS="2394" WIDTH="34"/>
						<String ID="P16_ST00070" HPOS="829" VPOS="2337" WIDTH="50" HEIGHT="41" CONTENT="de" WC="0.80" CC="03"/>
						<SP ID="P16_SP00061" HPOS="879" VPOS="2394" WIDTH="35"/>
						<String ID="P16_ST00071" HPOS="914" VPOS="2343" WIDTH="113" HEIGHT="34" CONTENT="mots" WC="0.98" CC="8010"/>
						<SP ID="P16_SP00062" HPOS="1027" VPOS="2394" WIDTH="21"/>
						<String ID="P16_ST00072" HPOS="1048" VPOS="2335" WIDTH="38" HEIGHT="41" CONTENT="le" WC="0.73" CC="50"/>
						<SP ID="P16_SP00063" HPOS="1086" VPOS="2394" WIDTH="29"/>
						<String ID="P16_ST00073" HPOS="1115" VPOS="2333" WIDTH="138" HEIGHT="55" CONTENT="grand" WC="1.00" CC="00000"/>
						<SP ID="P16_SP00064" HPOS="1253" VPOS="2394" WIDTH="31"/>
						<String ID="P16_ST00074" HPOS="1284" VPOS="2333" WIDTH="89" HEIGHT="40" CONTENT="rôle" WC="0.99" CC="5000"/>
						<SP ID="P16_SP00065" HPOS="1373" VPOS="2394" WIDTH="22"/>
						<String ID="P16_ST00075" HPOS="1395" VPOS="2331" WIDTH="110" HEIGHT="55" CONTENT="qu'il" WC="0.98" CC="70430"/>
						<SP ID="P16_SP00066" HPOS="1505" VPOS="2394" WIDTH="30"/>
						<String ID="P16_ST00076" HPOS="1535" VPOS="2344" WIDTH="22" HEIGHT="27" CONTENT="a" WC="1.00" CC="9"/>
						<SP ID="P16_SP00067" HPOS="1557" VPOS="2394" WIDTH="37"/>
						<String ID="P16_ST00077" HPOS="1594" VPOS="2329" WIDTH="116" HEIGHT="54" CONTENT="joué," WC="0.96" CC="77334"/>
						<SP ID="P16_SP00068" HPOS="1710" VPOS="2394" WIDTH="26"/>
						<String ID="P16_ST00078" HPOS="1736" VPOS="2327" WIDTH="190" HEIGHT="55" CONTENT="pendant" WC="0.99" CC="0600070"/>
						<SP ID="P16_SP00069" HPOS="1926" VPOS="2394" WIDTH="28"/>
						<String ID="P16_ST00079" HPOS="1954" VPOS="2339" WIDTH="86" HEIGHT="27" CONTENT="une" WC="0.98" CC="006"/>
						<SP ID="P16_SP00070" HPOS="2040" VPOS="2394" WIDTH="23"/>
						<String ID="P16_ST00080" HPOS="2063" VPOS="2323" WIDTH="171" HEIGHT="56" CONTENT="période" WC="0.99" CC="0001308"/>
					</TextLine>
					<TextLine ID="P16_TL00011" HPOS="483" VPOS="2399" WIDTH="1563" HEIGHT="67">
						<String ID="P16_ST00081" HPOS="483" VPOS="2411" WIDTH="398" HEIGHT="55" CONTENT="particulièrement" WC="1.00" CC="0011010204009054"/>
						<SP ID="P16_SP00071" HPOS="881" VPOS="2466" WIDTH="23"/>
						<String ID="P16_ST00082" HPOS="904" VPOS="2409" WIDTH="203" HEIGHT="41" CONTENT="brillante" WC="1.00" CC="000000000"/>
						<SP ID="P16_SP00072" HPOS="1107" VPOS="2466" WIDTH="26"/>
						<String ID="P16_ST00083" HPOS="1133" VPOS="2406" WIDTH="50" HEIGHT="41" CONTENT="de" WC="1.00" CC="00"/>
						<SP ID="P16_SP00073" HPOS="1183" VPOS="2466" WIDTH="20"/>
						<String ID="P16_ST00084" HPOS="1203" VPOS="2404" WIDTH="208" HEIGHT="43" CONTENT="l'histoire" WC="0.99" CC="0401010360"/>
						<SP ID="P16_SP00074" HPOS="1411" VPOS="2466" WIDTH="15"/>
						<String ID="P16_ST00085" HPOS="1426" VPOS="2404" WIDTH="52" HEIGHT="40" CONTENT="de" WC="1.00" CC="00"/>
						<SP ID="P16_SP00075" HPOS="1478" VPOS="2466" WIDTH="22"/>
						<String ID="P16_ST00086" HPOS="1500" VPOS="2404" WIDTH="41" HEIGHT="40" CONTENT="la" WC="0.78" CC="40"/>
						<SP ID="P16_SP00076" HPOS="1541" VPOS="2466" WIDTH="23"/>
						<String ID="P16_ST00087" HPOS="1564" VPOS="2401" WIDTH="203" HEIGHT="54" CONTENT="musique" WC="1.00" CC="0003000"/>
						<SP ID="P16_SP00077" HPOS="1767" VPOS="2466" WIDTH="21"/>
						<String ID="P16_ST00088" HPOS="1788" VPOS="2413" WIDTH="52" HEIGHT="28" CONTENT="en" WC="0.62" CC="07"/>
						<SP ID="P16_SP00078" HPOS="1840" VPOS="2466" WIDTH="26"/>
						<String ID="P16_ST00089" HPOS="1866" VPOS="2399" WIDTH="180" HEIGHT="42" CONTENT="France." WC="0.99" CC="0400204"/>
					</TextLine>
					<TextLine ID="P16_TL00012" HPOS="538" VPOS="2470" WIDTH="1694" HEIGHT="67">
						<String ID="P16_ST00090" HPOS="538" VPOS="2486" WIDTH="68" HEIGHT="40" CONTENT="Né" WC="1.00" CC="00"/>
						<SP ID="P16_SP00079" HPOS="606" VPOS="2526" WIDTH="20"/>
						<String ID="P16_ST00091" HPOS="626" VPOS="2489" WIDTH="24" HEIGHT="37" CONTENT="à" WC="0.69" CC="3"/>
						<SP ID="P16_SP00080" HPOS="650" VPOS="2526" WIDTH="23"/>
						<String ID="P16_ST00092" HPOS="673" VPOS="2485" WIDTH="223" HEIGHT="51" CONTENT="Mézières," WC="0.82" CC="400105004"/>
						<SP ID="P16_SP00081" HPOS="896" VPOS="2536" WIDTH="14"/>
						<String ID="P16_ST00093" HPOS="910" VPOS="2484" WIDTH="38" HEIGHT="40" CONTENT="le" WC="0.97" CC="00"/>
						<SP ID="P16_SP00082" HPOS="948" VPOS="2536" WIDTH="23"/>
						<String ID="P16_ST00094" HPOS="971" VPOS="2498" WIDTH="12" HEIGHT="25" CONTENT="i" WC="1.00" CC="0"/>
						<String ID="P16_ST00095" HPOS="994" VPOS="2489" WIDTH="28" HEIGHT="16" CONTENT="er" STYLE="superscript" WC="0.54" CC="44"/>
						<SP ID="P16_SP00083" HPOS="1022" VPOS="2536" WIDTH="22"/>
						<String ID="P16_ST00096" HPOS="1044" VPOS="2482" WIDTH="95" HEIGHT="53" CONTENT="juin" WC="1.00" CC="0020"/>
						<SP ID="P16_SP00084" HPOS="1139" VPOS="2536" WIDTH="25"/>
						<String ID="P16_ST00097" HPOS="1164" VPOS="2481" WIDTH="127" HEIGHT="56" CONTENT="1781," WC="0.53" CC="32764"/>
						<SP ID="P16_SP00085" HPOS="1291" VPOS="2537" WIDTH="28"/>
						<String ID="P16_ST00098" HPOS="1319" VPOS="2477" WIDTH="238" HEIGHT="43" CONTENT="Habeneck" WC="0.87" CC="30007000"/>
						<SP ID="P16_SP00086" HPOS="1557" VPOS="2537" WIDTH="22"/>
						<String ID="P16_ST00099" HPOS="1579" VPOS="2482" WIDTH="180" HEIGHT="35" CONTENT="mourut" WC="0.99" CC="005300"/>
						<SP ID="P16_SP00087" HPOS="1759" VPOS="2537" WIDTH="20"/>
						<String ID="P16_ST00100" HPOS="1779" VPOS="2477" WIDTH="23" HEIGHT="37" CONTENT="à" WC="0.32" CC="6"/>
						<SP ID="P16_SP00088" HPOS="1802" VPOS="2537" WIDTH="24"/>
						<String ID="P16_ST00101" HPOS="1826" VPOS="2473" WIDTH="123" HEIGHT="42" CONTENT="Paris" WC="0.99" CC="05200"/>
						<SP ID="P16_SP00089" HPOS="1949" VPOS="2537" WIDTH="20"/>
						<String ID="P16_ST00102" HPOS="1969" VPOS="2472" WIDTH="40" HEIGHT="41" CONTENT="le" WC="1.00" CC="00"/>
						<SP ID="P16_SP00090" HPOS="2009" VPOS="2537" WIDTH="22"/>
						<String ID="P16_ST00103" HPOS="2031" VPOS="2470" WIDTH="24" HEIGHT="41" CONTENT="8" WC="0.54" CC="4"/>
						<SP ID="P16_SP00091" HPOS="2055" VPOS="2537" WIDTH="25"/>
						<String ID="P16_ST00104" HPOS="2080" VPOS="2471" WIDTH="152" HEIGHT="41" CONTENT="février" WC="0.99" CC="0001409"/>
					</TextLine>
					<TextLine ID="P16_TL00013" HPOS="486" VPOS="2544" WIDTH="1750" HEIGHT="69">
						<String ID="P16_ST00105" HPOS="486" VPOS="2560" WIDTH="128" HEIGHT="53" CONTENT="1849," WC="0.67" CC="32270"/>
						<SP ID="P16_SP00092" HPOS="614" VPOS="2613" WIDTH="22"/>
						<String ID="P16_ST00106" HPOS="636" VPOS="2569" WIDTH="39" HEIGHT="30" CONTENT="et" WC="0.94" CC="10"/>
						<SP ID="P16_SP00093" HPOS="675" VPOS="2613" WIDTH="21"/>
						<String ID="P16_ST00107" HPOS="696" VPOS="2558" WIDTH="87" HEIGHT="41" CONTENT="l'on" WC="1.00" CC="0200"/>
						<SP ID="P16_SP00094" HPOS="783" VPOS="2613" WIDTH="16"/>
						<String ID="P16_ST00108" HPOS="799" VPOS="2565" WIDTH="103" HEIGHT="48" CONTENT="peut" WC="0.99" CC="0600"/>
						<SP ID="P16_SP00095" HPOS="902" VPOS="2613" WIDTH="20"/>
						<String ID="P16_ST00109" HPOS="922" VPOS="2556" WIDTH="90" HEIGHT="40" CONTENT="dire" WC="0.98" CC="0240"/>
						<SP ID="P16_SP00096" HPOS="1012" VPOS="2613" WIDTH="25"/>
						<String ID="P16_ST00110" HPOS="1037" VPOS="2568" WIDTH="85" HEIGHT="41" CONTENT="que" WC="0.97" CC="440"/>
						<SP ID="P16_SP00097" HPOS="1122" VPOS="2613" WIDTH="21"/>
						<String ID="P16_ST00111" HPOS="1143" VPOS="2561" WIDTH="110" HEIGHT="34" CONTENT="cette" WC="1.00" CC="00000"/>
						<SP ID="P16_SP00098" HPOS="1253" VPOS="2613" WIDTH="20"/>
						<String ID="P16_ST00112" HPOS="1273" VPOS="2552" WIDTH="68" HEIGHT="41" CONTENT="vie" WC="0.98" CC="400"/>
						<SP ID="P16_SP00099" HPOS="1341" VPOS="2613" WIDTH="21"/>
						<String ID="P16_ST00113" HPOS="1362" VPOS="2552" WIDTH="50" HEIGHT="40" CONTENT="de" WC="1.00" CC="00"/>
						<SP ID="P16_SP00100" HPOS="1412" VPOS="2613" WIDTH="22"/>
						<String ID="P16_ST00114" HPOS="1434" VPOS="2550" WIDTH="315" HEIGHT="52" CONTENT="soixante-sept" WC="1.00" CC="0004053040000"/>
						<SP ID="P16_SP00101" HPOS="1749" VPOS="2613" WIDTH="21"/>
						<String ID="P16_ST00115" HPOS="1770" VPOS="2548" WIDTH="158" HEIGHT="40" CONTENT="années" WC="0.99" CC="006000"/>
						<SP ID="P16_SP00102" HPOS="1928" VPOS="2613" WIDTH="22"/>
						<String ID="P16_ST00116" HPOS="1950" VPOS="2560" WIDTH="24" HEIGHT="27" CONTENT="a" WC="1.00" CC="0"/>
						<SP ID="P16_SP00103" HPOS="1974" VPOS="2613" WIDTH="22"/>
						<String ID="P16_ST00117" HPOS="1996" VPOS="2546" WIDTH="64" HEIGHT="40" CONTENT="été" WC="0.98" CC="500"/>
						<SP ID="P16_SP00104" HPOS="2060" VPOS="2613" WIDTH="22"/>
						<String ID="P16_ST00118" HPOS="2082" VPOS="2544" WIDTH="129" HEIGHT="54" CONTENT="singu" SUBS_TYPE="HypPart1" SUBS_CONTENT="singulièrement" WC="0.99" CC="00005"/>
						<HYP HPOS="2211" VPOS="2544" WIDTH="25" CONTENT="-"/>
					</TextLine>
					<TextLine ID="P16_TL00014" HPOS="479" VPOS="2620" WIDTH="1757" HEIGHT="64">
						<String ID="P16_ST00119" HPOS="479" VPOS="2632" WIDTH="229" HEIGHT="42" CONTENT="lièrement" SUBS_TYPE="HypPart2" SUBS_CONTENT="singulièrement" WC="1.00" CC="000000005"/>
						<SP ID="P16_SP00105" HPOS="708" VPOS="2674" WIDTH="32"/>
						<String ID="P16_ST00120" HPOS="740" VPOS="2632" WIDTH="122" HEIGHT="52" CONTENT="utile," WC="0.99" CC="004504"/>
						<SP ID="P16_SP00106" HPOS="862" VPOS="2684" WIDTH="24"/>
						<String ID="P16_ST00121" HPOS="886" VPOS="2629" WIDTH="240" HEIGHT="42" CONTENT="laborieuse" WC="1.00" CC="0030030000"/>
						<SP ID="P16_SP00107" HPOS="1126" VPOS="2684" WIDTH="28"/>
						<String ID="P16_ST00122" HPOS="1154" VPOS="2635" WIDTH="40" HEIGHT="34" CONTENT="et" WC="1.00" CC="00"/>
						<SP ID="P16_SP00108" HPOS="1194" VPOS="2684" WIDTH="20"/>
						<String ID="P16_ST00123" HPOS="1214" VPOS="2626" WIDTH="229" HEIGHT="55" CONTENT="agissante." WC="1.00" CC="0010000000"/>
						<SP ID="P16_SP00109" HPOS="1443" VPOS="2684" WIDTH="29"/>
						<String ID="P16_ST00124" HPOS="1472" VPOS="2622" WIDTH="190" HEIGHT="42" CONTENT="D'abord" WC="0.99" CC="1400040"/>
						<SP ID="P16_SP00110" HPOS="1662" VPOS="2684" WIDTH="20"/>
						<String ID="P16_ST00125" HPOS="1682" VPOS="2622" WIDTH="117" HEIGHT="41" CONTENT="élève" WC="0.99" CC="03600"/>
						<SP ID="P16_SP00111" HPOS="1799" VPOS="2684" WIDTH="22"/>
						<String ID="P16_ST00126" HPOS="1821" VPOS="2620" WIDTH="51" HEIGHT="40" CONTENT="de" WC="1.00" CC="00"/>
						<SP ID="P16_SP00112" HPOS="1872" VPOS="2684" WIDTH="23"/>
						<String ID="P16_ST00127" HPOS="1895" VPOS="2632" WIDTH="79" HEIGHT="28" CONTENT="son" WC="1.00" CC="000"/>
						<SP ID="P16_SP00113" HPOS="1974" VPOS="2684" WIDTH="20"/>
						<String ID="P16_ST00128" HPOS="1994" VPOS="2620" WIDTH="115" HEIGHT="52" CONTENT="père," WC="0.99" CC="00504"/>
						<SP ID="P16_SP00114" HPOS="2109" VPOS="2684" WIDTH="22"/>
						<String ID="P16_ST00129" HPOS="2131" VPOS="2630" WIDTH="70" HEIGHT="28" CONTENT="mu" SUBS_TYPE="HypPart1" SUBS_CONTENT="musicien" WC="0.95" CC="44"/>
						<HYP HPOS="2201" VPOS="2630" WIDTH="35" CONTENT="-"/>
					</TextLine>
					<TextLine ID="P16_TL00015" HPOS="481" VPOS="2691" WIDTH="1756" HEIGHT="68">
						<String ID="P16_ST00130" HPOS="481" VPOS="2706" WIDTH="134" HEIGHT="41" CONTENT="sicien" SUBS_TYPE="HypPart2" SUBS_CONTENT="musicien" WC="0.98" CC="060465"/>
						<SP ID="P16_SP00115" HPOS="615" VPOS="2747" WIDTH="39"/>
						<String ID="P16_ST00131" HPOS="654" VPOS="2705" WIDTH="52" HEIGHT="41" CONTENT="de" WC="1.00" CC="00"/>
						<SP ID="P16_SP00116" HPOS="706" VPOS="2747" WIDTH="38"/>
						<String ID="P16_ST00132" HPOS="744" VPOS="2704" WIDTH="213" HEIGHT="55" CONTENT="régiment" WC="0.99" CC="00037401"/>
						<SP ID="P16_SP00117" HPOS="957" VPOS="2759" WIDTH="36"/>
						<String ID="P16_ST00133" HPOS="993" VPOS="2703" WIDTH="53" HEIGHT="40" CONTENT="né" WC="1.00" CC="00"/>
						<SP ID="P16_SP00118" HPOS="1046" VPOS="2759" WIDTH="38"/>
						<String ID="P16_ST00134" HPOS="1084" VPOS="2715" WIDTH="54" HEIGHT="28" CONTENT="en" WC="1.00" CC="00"/>
						<SP ID="P16_SP00119" HPOS="1138" VPOS="2759" WIDTH="34"/>
						<String ID="P16_ST00135" HPOS="1172" VPOS="2701" WIDTH="256" HEIGHT="52" CONTENT="Allemagne" WC="0.99" CC="002400670"/>
						<SP ID="P16_SP00120" HPOS="1428" VPOS="2759" WIDTH="38"/>
						<String ID="P16_ST00136" HPOS="1466" VPOS="2705" WIDTH="40" HEIGHT="34" CONTENT="et" WC="1.00" CC="00"/>
						<SP ID="P16_SP00121" HPOS="1506" VPOS="2759" WIDTH="22"/>
						<String ID="P16_ST00137" HPOS="1528" VPOS="2696" WIDTH="77" HEIGHT="56" CONTENT="qui" WC="0.96" CC="900"/>
						<SP ID="P16_SP00122" HPOS="1605" VPOS="2759" WIDTH="32"/>
						<String ID="P16_ST00138" HPOS="1637" VPOS="2694" WIDTH="115" HEIGHT="41" CONTENT="avait" WC="0.99" CC="00043"/>
						<SP ID="P16_SP00123" HPOS="1752" VPOS="2759" WIDTH="22"/>
						<String ID="P16_ST00139" HPOS="1774" VPOS="2693" WIDTH="88" HEIGHT="56" CONTENT="pris" WC="0.98" CC="0700"/>
						<SP ID="P16_SP00124" HPOS="1862" VPOS="2759" WIDTH="33"/>
						<String ID="P16_ST00140" HPOS="1895" VPOS="2693" WIDTH="61" HEIGHT="40" CONTENT="du" WC="1.00" CC="00"/>
						<SP ID="P16_SP00125" HPOS="1956" VPOS="2759" WIDTH="34"/>
						<String ID="P16_ST00141" HPOS="1990" VPOS="2691" WIDTH="163" HEIGHT="41" CONTENT="service" WC="0.99" CC="0560100"/>
						<SP ID="P16_SP00126" HPOS="2153" VPOS="2759" WIDTH="31"/>
						<String ID="P16_ST00142" HPOS="2184" VPOS="2703" WIDTH="53" HEIGHT="26" CONTENT="en" WC="0.63" CC="07"/>
					</TextLine>
					<TextLine ID="P16_TL00016" HPOS="482" VPOS="2765" WIDTH="1754" HEIGHT="67">
						<String ID="P16_ST00143" HPOS="482" VPOS="2778" WIDTH="183" HEIGHT="54" CONTENT="France," WC="0.99" CC="2077004"/>
						<SP ID="P16_SP00127" HPOS="665" VPOS="2832" WIDTH="29"/>
						<String ID="P16_ST00144" HPOS="694" VPOS="2778" WIDTH="30" HEIGHT="42" CONTENT="il" WC="1.00" CC="00"/>
						<SP ID="P16_SP00128" HPOS="724" VPOS="2832" WIDTH="19"/>
						<String ID="P16_ST00145" HPOS="743" VPOS="2778" WIDTH="48" HEIGHT="42" CONTENT="fit" WC="0.95" CC="750"/>
						<SP ID="P16_SP00129" HPOS="791" VPOS="2832" WIDTH="32"/>
						<String ID="P16_ST00146" HPOS="823" VPOS="2778" WIDTH="71" HEIGHT="40" CONTENT="des" WC="1.00" CC="000"/>
						<SP ID="P16_SP00130" HPOS="894" VPOS="2832" WIDTH="26"/>
						<String ID="P16_ST00147" HPOS="920" VPOS="2776" WIDTH="173" HEIGHT="55" CONTENT="progrès" WC="0.98" CC="9700060"/>
						<SP ID="P16_SP00131" HPOS="1093" VPOS="2832" WIDTH="22"/>
						<String ID="P16_ST00148" HPOS="1115" VPOS="2775" WIDTH="219" HEIGHT="41" CONTENT="tellement" WC="1.00" CC="100100000"/>
						<SP ID="P16_SP00132" HPOS="1334" VPOS="2832" WIDTH="21"/>
						<String ID="P16_ST00149" HPOS="1355" VPOS="2771" WIDTH="168" HEIGHT="55" CONTENT="rapides" WC="0.98" CC="6701090"/>
						<SP ID="P16_SP00133" HPOS="1523" VPOS="2832" WIDTH="26"/>
						<String ID="P16_ST00150" HPOS="1549" VPOS="2770" WIDTH="107" HEIGHT="40" CONTENT="dans" WC="1.00" CC="0000"/>
						<SP ID="P16_SP00134" HPOS="1656" VPOS="2832" WIDTH="22"/>
						<String ID="P16_ST00151" HPOS="1678" VPOS="2767" WIDTH="160" HEIGHT="42" CONTENT="l'étude" WC="0.99" CC="0408200"/>
						<SP ID="P16_SP00135" HPOS="1838" VPOS="2832" WIDTH="34"/>
						<String ID="P16_ST00152" HPOS="1872" VPOS="2766" WIDTH="61" HEIGHT="41" CONTENT="du" WC="0.64" CC="07"/>
						<SP ID="P16_SP00136" HPOS="1933" VPOS="2832" WIDTH="22"/>
						<String ID="P16_ST00153" HPOS="1955" VPOS="2765" WIDTH="149" HEIGHT="41" CONTENT="violon" WC="0.99" CC="013130"/>
						<SP ID="P16_SP00137" HPOS="2104" VPOS="2832" WIDTH="31"/>
						<String ID="P16_ST00154" HPOS="2135" VPOS="2775" WIDTH="101" HEIGHT="42" CONTENT="que," WC="0.97" CC="0374"/>
					</TextLine>
					<TextLine ID="P16_TL00017" HPOS="480" VPOS="2836" WIDTH="1759" HEIGHT="69">
						<String ID="P16_ST00155" HPOS="480" VPOS="2852" WIDTH="73" HEIGHT="41" CONTENT="dès" WC="0.99" CC="020"/>
						<SP ID="P16_SP00138" HPOS="553" VPOS="2893" WIDTH="30"/>
						<String ID="P16_ST00156" HPOS="583" VPOS="2852" WIDTH="109" HEIGHT="53" CONTENT="l'âge" WC="0.99" CC="04000"/>
						<SP ID="P16_SP00139" HPOS="692" VPOS="2905" WIDTH="26"/>
						<String ID="P16_ST00157" HPOS="718" VPOS="2851" WIDTH="52" HEIGHT="40" CONTENT="de" WC="1.00" CC="00"/>
						<SP ID="P16_SP00140" HPOS="770" VPOS="2905" WIDTH="33"/>
						<String ID="P16_ST00158" HPOS="803" VPOS="2851" WIDTH="75" HEIGHT="40" CONTENT="dix" WC="0.97" CC="033"/>
						<SP ID="P16_SP00141" HPOS="878" VPOS="2905" WIDTH="35"/>
						<String ID="P16_ST00159" HPOS="913" VPOS="2864" WIDTH="93" HEIGHT="38" CONTENT="ans," WC="0.97" CC="0704"/>
						<SP ID="P16_SP00142" HPOS="1006" VPOS="2905" WIDTH="36"/>
						<String ID="P16_ST00160" HPOS="1042" VPOS="2850" WIDTH="33" HEIGHT="40" CONTENT="il" WC="1.00" CC="00"/>
						<SP ID="P16_SP00143" HPOS="1075" VPOS="2905" WIDTH="33"/>
						<String ID="P16_ST00161" HPOS="1108" VPOS="2862" WIDTH="42" HEIGHT="27" CONTENT="se" WC="0.70" CC="05"/>
						<SP ID="P16_SP00144" HPOS="1150" VPOS="2905" WIDTH="23"/>
						<String ID="P16_ST00162" HPOS="1173" VPOS="2846" WIDTH="143" HEIGHT="42" CONTENT="faisait" WC="1.00" CC="0010006"/>
						<SP ID="P16_SP00145" HPOS="1316" VPOS="2905" WIDTH="22"/>
						<String ID="P16_ST00163" HPOS="1338" VPOS="2844" WIDTH="208" HEIGHT="42" CONTENT="entendre" WC="0.99" CC="00006070"/>
						<SP ID="P16_SP00146" HPOS="1546" VPOS="2905" WIDTH="21"/>
						<String ID="P16_ST00164" HPOS="1567" VPOS="2856" WIDTH="53" HEIGHT="28" CONTENT="en" WC="0.65" CC="60"/>
						<SP ID="P16_SP00147" HPOS="1620" VPOS="2905" WIDTH="37"/>
						<String ID="P16_ST00165" HPOS="1657" VPOS="2841" WIDTH="147" HEIGHT="55" CONTENT="public" WC="0.99" CC="050020"/>
						<SP ID="P16_SP00148" HPOS="1804" VPOS="2905" WIDTH="22"/>
						<String ID="P16_ST00166" HPOS="1826" VPOS="2852" WIDTH="100" HEIGHT="28" CONTENT="avec" WC="0.99" CC="0050"/>
						<SP ID="P16_SP00149" HPOS="1926" VPOS="2905" WIDTH="21"/>
						<String ID="P16_ST00167" HPOS="1947" VPOS="2841" WIDTH="160" HEIGHT="38" CONTENT="succès." WC="0.99" CC="0000704"/>
						<SP ID="P16_SP00150" HPOS="2107" VPOS="2905" WIDTH="26"/>
						<String ID="P16_ST00168" HPOS="2133" VPOS="2836" WIDTH="106" HEIGHT="41" CONTENT="Fixé" WC="1.00" CC="0000"/>
					</TextLine>
					<TextLine ID="P16_TL00018" HPOS="484" VPOS="2912" WIDTH="1754" HEIGHT="68">
						<String ID="P16_ST00169" HPOS="484" VPOS="2926" WIDTH="110" HEIGHT="40" CONTENT="dans" WC="0.99" CC="0050"/>
						<SP ID="P16_SP00151" HPOS="594" VPOS="2966" WIDTH="21"/>
						<String ID="P16_ST00170" HPOS="615" VPOS="2939" WIDTH="64" HEIGHT="27" CONTENT="ses" WC="1.00" CC="000"/>
						<SP ID="P16_SP00152" HPOS="679" VPOS="2966" WIDTH="21"/>
						<String ID="P16_ST00171" HPOS="700" VPOS="2924" WIDTH="97" HEIGHT="56" CONTENT="plus" WC="0.99" CC="0040"/>
						<SP ID="P16_SP00153" HPOS="797" VPOS="2980" WIDTH="31"/>
						<String ID="P16_ST00172" HPOS="828" VPOS="2924" WIDTH="148" HEIGHT="56" CONTENT="jeunes" WC="0.99" CC="504000"/>
						<SP ID="P16_SP00154" HPOS="976" VPOS="2980" WIDTH="24"/>
						<String ID="P16_ST00173" HPOS="1000" VPOS="2923" WIDTH="159" HEIGHT="40" CONTENT="années" WC="0.99" CC="002400"/>
						<SP ID="P16_SP00155" HPOS="1159" VPOS="2980" WIDTH="33"/>
						<String ID="P16_ST00174" HPOS="1192" VPOS="2926" WIDTH="24" HEIGHT="35" CONTENT="à" WC="0.64" CC="3"/>
						<SP ID="P16_SP00156" HPOS="1216" VPOS="2980" WIDTH="36"/>
						<String ID="P16_ST00175" HPOS="1252" VPOS="2921" WIDTH="138" HEIGHT="52" CONTENT="Brest," WC="1.00" CC="000004"/>
						<SP ID="P16_SP00157" HPOS="1390" VPOS="2980" WIDTH="31"/>
						<String ID="P16_ST00176" HPOS="1421" VPOS="2918" WIDTH="31" HEIGHT="41" CONTENT="il" WC="0.73" CC="13"/>
						<SP ID="P16_SP00158" HPOS="1452" VPOS="2980" WIDTH="32"/>
						<String ID="P16_ST00177" HPOS="1484" VPOS="2932" WIDTH="28" HEIGHT="40" CONTENT="y" WC="0.85" CC="1"/>
						<SP ID="P16_SP00159" HPOS="1512" VPOS="2980" WIDTH="32"/>
						<String ID="P16_ST00178" HPOS="1544" VPOS="2915" WIDTH="195" HEIGHT="43" CONTENT="travailla" WC="1.00" CC="007001200"/>
						<SP ID="P16_SP00160" HPOS="1739" VPOS="2980" WIDTH="31"/>
						<String ID="P16_ST00179" HPOS="1770" VPOS="2912" WIDTH="331" HEIGHT="49" CONTENT="solitairement," WC="1.00" CC="00111030000524"/>
						<SP ID="P16_SP00161" HPOS="2101" VPOS="2980" WIDTH="38"/>
						<String ID="P16_ST00180" HPOS="2139" VPOS="2923" WIDTH="99" HEIGHT="27" CONTENT="sans" WC="1.00" CC="0000"/>
					</TextLine>
					<TextLine ID="P16_TL00019" HPOS="486" VPOS="2985" WIDTH="1753" HEIGHT="65">
						<String ID="P16_ST00181" HPOS="486" VPOS="2999" WIDTH="168" HEIGHT="41" CONTENT="modèle" WC="1.00" CC="030000"/>
						<SP ID="P16_SP00162" HPOS="654" VPOS="3040" WIDTH="21"/>
						<String ID="P16_ST00182" HPOS="675" VPOS="3006" WIDTH="40" HEIGHT="32" CONTENT="et" WC="0.82" CC="03"/>
						<SP ID="P16_SP00163" HPOS="715" VPOS="3040" WIDTH="21"/>
						<String ID="P16_ST00183" HPOS="736" VPOS="3011" WIDTH="98" HEIGHT="28" CONTENT="sans" WC="1.00" CC="0000"/>
						<SP ID="P16_SP00164" HPOS="834" VPOS="3040" WIDTH="22"/>
						<String ID="P16_ST00184" HPOS="856" VPOS="2999" WIDTH="169" HEIGHT="51" CONTENT="maître," WC="0.99" CC="0004004"/>
						<SP ID="P16_SP00165" HPOS="1025" VPOS="3050" WIDTH="23"/>
						<String ID="P16_ST00185" HPOS="1048" VPOS="3004" WIDTH="41" HEIGHT="33" CONTENT="et" WC="0.81" CC="30"/>
						<SP ID="P16_SP00166" HPOS="1089" VPOS="3050" WIDTH="21"/>
						<String ID="P16_ST00186" HPOS="1110" VPOS="3008" WIDTH="101" HEIGHT="28" CONTENT="avec" WC="1.00" CC="0000"/>
						<SP ID="P16_SP00167" HPOS="1211" VPOS="3050" WIDTH="23"/>
						<String ID="P16_ST00187" HPOS="1234" VPOS="3007" WIDTH="87" HEIGHT="27" CONTENT="une" WC="0.94" CC="942"/>
						<SP ID="P16_SP00168" HPOS="1321" VPOS="3050" WIDTH="22"/>
						<String ID="P16_ST00188" HPOS="1343" VPOS="2991" WIDTH="96" HEIGHT="42" CONTENT="telle" WC="1.00" CC="00100"/>
						<SP ID="P16_SP00169" HPOS="1439" VPOS="3050" WIDTH="36"/>
						<String ID="P16_ST00189" HPOS="1475" VPOS="2990" WIDTH="157" HEIGHT="41" CONTENT="ardeur" WC="1.00" CC="040000"/>
						<SP ID="P16_SP00170" HPOS="1632" VPOS="3050" WIDTH="30"/>
						<String ID="P16_ST00190" HPOS="1662" VPOS="2987" WIDTH="109" HEIGHT="56" CONTENT="qu'il" WC="0.98" CC="63400"/>
						<SP ID="P16_SP00171" HPOS="1771" VPOS="3050" WIDTH="30"/>
						<String ID="P16_ST00191" HPOS="1801" VPOS="2985" WIDTH="167" HEIGHT="54" CONTENT="écrivit," WC="0.99" CC="00130404"/>
						<SP ID="P16_SP00172" HPOS="1968" VPOS="3050" WIDTH="27"/>
						<String ID="P16_ST00192" HPOS="1995" VPOS="2997" WIDTH="98" HEIGHT="28" CONTENT="sans" WC="0.99" CC="4000"/>
						<SP ID="P16_SP00173" HPOS="2093" VPOS="3050" WIDTH="23"/>
						<String ID="P16_ST00193" HPOS="2116" VPOS="2992" WIDTH="123" HEIGHT="33" CONTENT="autre" WC="0.99" CC="03040"/>
					</TextLine>
					<TextLine ID="P16_TL00020" HPOS="484" VPOS="3057" WIDTH="1754" HEIGHT="71">
						<String ID="P16_ST00194" HPOS="484" VPOS="3072" WIDTH="131" HEIGHT="56" CONTENT="guide" WC="0.99" CC="02403"/>
						<SP ID="P16_SP00174" HPOS="615" VPOS="3128" WIDTH="22"/>
						<String ID="P16_ST00195" HPOS="637" VPOS="3086" WIDTH="84" HEIGHT="40" CONTENT="que" WC="0.98" CC="006"/>
						<SP ID="P16_SP00175" HPOS="721" VPOS="3128" WIDTH="37"/>
						<String ID="P16_ST00196" HPOS="758" VPOS="3084" WIDTH="77" HEIGHT="28" CONTENT="son" WC="0.98" CC="050"/>
						<SP ID="P16_SP00176" HPOS="835" VPOS="3128" WIDTH="31"/>
						<String ID="P16_ST00197" HPOS="866" VPOS="3070" WIDTH="195" HEIGHT="49" CONTENT="instinct," WC="0.99" CC="070547004"/>
						<SP ID="P16_SP00177" HPOS="1061" VPOS="3128" WIDTH="25"/>
						<String ID="P16_ST00198" HPOS="1086" VPOS="3069" WIDTH="218" HEIGHT="54" CONTENT="plusieurs" WC="0.99" CC="042010250"/>
						<SP ID="P16_SP00178" HPOS="1304" VPOS="3128" WIDTH="29"/>
						<String ID="P16_ST00199" HPOS="1333" VPOS="3074" WIDTH="219" HEIGHT="33" CONTENT="concertos" WC="1.00" CC="000006050"/>
						<SP ID="P16_SP00179" HPOS="1552" VPOS="3128" WIDTH="21"/>
						<String ID="P16_ST00200" HPOS="1573" VPOS="3064" WIDTH="52" HEIGHT="39" CONTENT="de" WC="1.00" CC="00"/>
						<SP ID="P16_SP00180" HPOS="1625" VPOS="3128" WIDTH="27"/>
						<String ID="P16_ST00201" HPOS="1652" VPOS="3061" WIDTH="148" HEIGHT="41" CONTENT="violon" WC="0.99" CC="011410"/>
						<SP ID="P16_SP00181" HPOS="1800" VPOS="3128" WIDTH="22"/>
						<String ID="P16_ST00202" HPOS="1822" VPOS="3067" WIDTH="41" HEIGHT="33" CONTENT="et" WC="1.00" CC="00"/>
						<SP ID="P16_SP00182" HPOS="1863" VPOS="3128" WIDTH="30"/>
						<String ID="P16_ST00203" HPOS="1893" VPOS="3060" WIDTH="159" HEIGHT="51" CONTENT="même," WC="0.99" CC="06004"/>
						<SP ID="P16_SP00183" HPOS="2052" VPOS="3128" WIDTH="24"/>
						<String ID="P16_ST00204" HPOS="2076" VPOS="3057" WIDTH="162" HEIGHT="53" CONTENT="dit-on," WC="0.98" CC="0544304"/>
					</TextLine>
					<TextLine ID="P16_TL00021" HPOS="485" VPOS="3130" WIDTH="1753" HEIGHT="71">
						<String ID="P16_ST00205" HPOS="485" VPOS="3147" WIDTH="211" HEIGHT="54" CONTENT="quelques" WC="1.00" CC="00000000"/>
						<SP ID="P16_SP00184" HPOS="696" VPOS="3201" WIDTH="22"/>
						<String ID="P16_ST00206" HPOS="718" VPOS="3145" WIDTH="161" HEIGHT="54" CONTENT="opéras." WC="1.00" CC="0130002"/>
						<SP ID="P16_SP00185" HPOS="879" VPOS="3201" WIDTH="31"/>
						<String ID="P16_ST00207" HPOS="910" VPOS="3144" WIDTH="34" HEIGHT="40" CONTENT="Il" WC="0.94" CC="01"/>
						<SP ID="P16_SP00186" HPOS="944" VPOS="3201" WIDTH="25"/>
						<String ID="P16_ST00208" HPOS="969" VPOS="3142" WIDTH="117" HEIGHT="42" CONTENT="avait" WC="1.00" CC="00010"/>
						<SP ID="P16_SP00187" HPOS="1086" VPOS="3201" WIDTH="17"/>
						<String ID="P16_ST00209" HPOS="1103" VPOS="3142" WIDTH="92" HEIGHT="54" CONTENT="déjà" WC="0.98" CC="0106"/>
						<SP ID="P16_SP00188" HPOS="1195" VPOS="3201" WIDTH="24"/>
						<String ID="P16_ST00210" HPOS="1219" VPOS="3140" WIDTH="126" HEIGHT="54" CONTENT="vingt" WC="0.99" CC="06001"/>
						<SP ID="P16_SP00189" HPOS="1345" VPOS="3201" WIDTH="18"/>
						<String ID="P16_ST00211" HPOS="1363" VPOS="3152" WIDTH="78" HEIGHT="28" CONTENT="ans" WC="0.99" CC="300"/>
						<SP ID="P16_SP00190" HPOS="1441" VPOS="3201" WIDTH="22"/>
						<String ID="P16_ST00212" HPOS="1463" VPOS="3135" WIDTH="195" HEIGHT="56" CONTENT="lorsqu'il" WC="0.99" CC="006004432"/>
						<SP ID="P16_SP00191" HPOS="1658" VPOS="3201" WIDTH="17"/>
						<String ID="P16_ST00213" HPOS="1675" VPOS="3148" WIDTH="46" HEIGHT="27" CONTENT="se" WC="1.00" CC="00"/>
						<SP ID="P16_SP00192" HPOS="1721" VPOS="3201" WIDTH="24"/>
						<String ID="P16_ST00214" HPOS="1745" VPOS="3131" WIDTH="150" HEIGHT="42" CONTENT="décida" WC="0.99" CC="053000"/>
						<SP ID="P16_SP00193" HPOS="1895" VPOS="3201" WIDTH="22"/>
						<String ID="P16_ST00215" HPOS="1917" VPOS="3135" WIDTH="22" HEIGHT="36" CONTENT="à" WC="0.34" CC="6"/>
						<SP ID="P16_SP00194" HPOS="1939" VPOS="3201" WIDTH="22"/>
						<String ID="P16_ST00216" HPOS="1961" VPOS="3130" WIDTH="124" HEIGHT="41" CONTENT="venir" WC="0.98" CC="00746"/>
						<SP ID="P16_SP00195" HPOS="2085" VPOS="3201" WIDTH="20"/>
						<String ID="P16_ST00217" HPOS="2105" VPOS="3135" WIDTH="23" HEIGHT="36" CONTENT="à" WC="0.25" CC="7"/>
						<SP ID="P16_SP00196" HPOS="2128" VPOS="3201" WIDTH="25"/>
						<String ID="P16_ST00218" HPOS="2153" VPOS="3131" WIDTH="57" HEIGHT="40" CONTENT="Pa" SUBS_TYPE="HypPart1" SUBS_CONTENT="Paris" WC="0.98" CC="00"/>
						<HYP HPOS="2210" VPOS="3131" WIDTH="28" CONTENT="-"/>
					</TextLine>
					<TextLine ID="P16_TL00022" HPOS="486" VPOS="3203" WIDTH="1754" HEIGHT="70">
						<String ID="P16_ST00219" HPOS="486" VPOS="3220" WIDTH="59" HEIGHT="40" CONTENT="ris" SUBS_TYPE="HypPart2" SUBS_CONTENT="Paris" WC="0.96" CC="730"/>
						<SP ID="P16_SP00197" HPOS="545" VPOS="3260" WIDTH="22"/>
						<String ID="P16_ST00220" HPOS="567" VPOS="3229" WIDTH="39" HEIGHT="31" CONTENT="et" WC="0.78" CC="04"/>
						<SP ID="P16_SP00198" HPOS="606" VPOS="3260" WIDTH="24"/>
						<String ID="P16_ST00221" HPOS="630" VPOS="3233" WIDTH="42" HEIGHT="27" CONTENT="se" WC="1.00" CC="00"/>
						<SP ID="P16_SP00199" HPOS="672" VPOS="3260" WIDTH="22"/>
						<String ID="P16_ST00222" HPOS="694" VPOS="3220" WIDTH="193" HEIGHT="53" CONTENT="présenta" WC="1.00" CC="00301030"/>
						<SP ID="P16_SP00200" HPOS="887" VPOS="3273" WIDTH="23"/>
						<String ID="P16_ST00223" HPOS="910" VPOS="3231" WIDTH="56" HEIGHT="27" CONTENT="au" WC="0.67" CC="60"/>
						<SP ID="P16_SP00201" HPOS="966" VPOS="3273" WIDTH="24"/>
						<String ID="P16_ST00224" HPOS="990" VPOS="3215" WIDTH="346" HEIGHT="42" CONTENT="Conservatoire." WC="1.00" CC="06000000000406"/>
						<SP ID="P16_SP00202" HPOS="1336" VPOS="3273" WIDTH="25"/>
						<String ID="P16_ST00225" HPOS="1361" VPOS="3211" WIDTH="156" HEIGHT="42" CONTENT="Admis" WC="1.00" CC="00010"/>
						<SP ID="P16_SP00203" HPOS="1517" VPOS="3273" WIDTH="19"/>
						<String ID="P16_ST00226" HPOS="1536" VPOS="3210" WIDTH="107" HEIGHT="40" CONTENT="dans" WC="0.97" CC="0066"/>
						<SP ID="P16_SP00204" HPOS="1643" VPOS="3273" WIDTH="22"/>
						<String ID="P16_ST00227" HPOS="1665" VPOS="3208" WIDTH="40" HEIGHT="41" CONTENT="la" WC="0.82" CC="30"/>
						<SP ID="P16_SP00205" HPOS="1705" VPOS="3273" WIDTH="24"/>
						<String ID="P16_ST00228" HPOS="1729" VPOS="3207" WIDTH="132" HEIGHT="40" CONTENT="classe" WC="1.00" CC="200000"/>
						<SP ID="P16_SP00206" HPOS="1861" VPOS="3273" WIDTH="21"/>
						<String ID="P16_ST00229" HPOS="1882" VPOS="3205" WIDTH="52" HEIGHT="40" CONTENT="de" WC="1.00" CC="00"/>
						<SP ID="P16_SP00207" HPOS="1934" VPOS="3273" WIDTH="23"/>
						<String ID="P16_ST00230" HPOS="1957" VPOS="3204" WIDTH="180" HEIGHT="53" CONTENT="Baillot," WC="0.74" CC="10406007"/>
						<SP ID="P16_SP00208" HPOS="2137" VPOS="3273" WIDTH="25"/>
						<String ID="P16_ST00231" HPOS="2162" VPOS="3203" WIDTH="29" HEIGHT="40" CONTENT="il" WC="0.55" CC="35"/>
						<SP ID="P16_SP00209" HPOS="2191" VPOS="3273" WIDTH="21"/>
						<String ID="P16_ST00232" HPOS="2212" VPOS="3218" WIDTH="28" HEIGHT="40" CONTENT="y" WC="0.41" CC="5"/>
					</TextLine>
					<TextLine ID="P16_TL00023" HPOS="484" VPOS="3277" WIDTH="1756" HEIGHT="69">
						<String ID="P16_ST00233" HPOS="484" VPOS="3302" WIDTH="216" HEIGHT="44" CONTENT="remporta" WC="0.99" CC="30080930"/>
						<SP ID="P16_SP00210" HPOS="700" VPOS="3346" WIDTH="22"/>
						<String ID="P16_ST00234" HPOS="722" VPOS="3291" WIDTH="225" HEIGHT="47" CONTENT="d'emblée," WC="1.00" CC="030000304"/>
						<SP ID="P16_SP00211" HPOS="947" VPOS="3346" WIDTH="22"/>
						<String ID="P16_ST00235" HPOS="969" VPOS="3304" WIDTH="49" HEIGHT="26" CONTENT="en" WC="0.59" CC="08"/>
						<SP ID="P16_SP00212" HPOS="1018" VPOS="3346" WIDTH="29"/>
						<String ID="P16_ST00236" HPOS="1047" VPOS="3290" WIDTH="126" HEIGHT="53" CONTENT="1804," WC="0.70" CC="61024"/>
						<SP ID="P16_SP00213" HPOS="1173" VPOS="3346" WIDTH="26"/>
						<String ID="P16_ST00237" HPOS="1199" VPOS="3302" WIDTH="60" HEIGHT="28" CONTENT="un" WC="0.68" CC="06"/>
						<SP ID="P16_SP00214" HPOS="1259" VPOS="3346" WIDTH="22"/>
						<String ID="P16_ST00238" HPOS="1281" VPOS="3284" WIDTH="269" HEIGHT="56" CONTENT="magnifique" WC="0.99" CC="0808300050"/>
						<SP ID="P16_SP00215" HPOS="1550" VPOS="3346" WIDTH="19"/>
						<String ID="P16_ST00239" HPOS="1569" VPOS="3280" WIDTH="188" HEIGHT="58" CONTENT="premier" WC="0.99" CC="0000058"/>
						<SP ID="P16_SP00216" HPOS="1757" VPOS="3346" WIDTH="18"/>
						<String ID="P16_ST00240" HPOS="1775" VPOS="3279" WIDTH="109" HEIGHT="54" CONTENT="prix," WC="0.99" CC="00204"/>
						<SP ID="P16_SP00217" HPOS="1884" VPOS="3346" WIDTH="27"/>
						<String ID="P16_ST00241" HPOS="1911" VPOS="3286" WIDTH="41" HEIGHT="33" CONTENT="et" WC="0.98" CC="00"/>
						<SP ID="P16_SP00218" HPOS="1952" VPOS="3346" WIDTH="21"/>
						<String ID="P16_ST00242" HPOS="1973" VPOS="3277" WIDTH="67" HEIGHT="41" CONTENT="fut" WC="0.96" CC="054"/>
						<SP ID="P16_SP00219" HPOS="2040" VPOS="3346" WIDTH="15"/>
						<String ID="P16_ST00243" HPOS="2055" VPOS="3277" WIDTH="185" HEIGHT="42" CONTENT="aussitôt" WC="0.99" CC="04702005"/>
					</TextLine>
					<TextLine ID="P16_TL00024" HPOS="487" VPOS="3361" WIDTH="1072" HEIGHT="59">
						<String ID="P16_ST00244" HPOS="487" VPOS="3368" WIDTH="178" HEIGHT="39" CONTENT="nommé" WC="0.96" CC="70863"/>
						<SP ID="P16_SP00220" HPOS="665" VPOS="3407" WIDTH="30"/>
						<String ID="P16_ST00245" HPOS="695" VPOS="3367" WIDTH="233" HEIGHT="53" CONTENT="répétiteur" WC="0.99" CC="5005635300"/>
						<SP ID="P16_SP00221" HPOS="928" VPOS="3420" WIDTH="22"/>
						<String ID="P16_ST00246" HPOS="950" VPOS="3365" WIDTH="50" HEIGHT="40" CONTENT="de" WC="0.58" CC="08"/>
						<SP ID="P16_SP00222" HPOS="1000" VPOS="3420" WIDTH="21"/>
						<String ID="P16_ST00247" HPOS="1021" VPOS="3364" WIDTH="40" HEIGHT="40" CONTENT="la" WC="1.00" CC="00"/>
						<SP ID="P16_SP00223" HPOS="1061" VPOS="3420" WIDTH="18"/>
						<String ID="P16_ST00248" HPOS="1079" VPOS="3364" WIDTH="132" HEIGHT="40" CONTENT="classe" WC="1.00" CC="020000"/>
						<SP ID="P16_SP00224" HPOS="1211" VPOS="3420" WIDTH="16"/>
						<String ID="P16_ST00249" HPOS="1227" VPOS="3362" WIDTH="52" HEIGHT="41" CONTENT="de" WC="1.00" CC="00"/>
						<SP ID="P16_SP00225" HPOS="1279" VPOS="3420" WIDTH="21"/>
						<String ID="P16_ST00250" HPOS="1300" VPOS="3375" WIDTH="77" HEIGHT="28" CONTENT="son" WC="0.95" CC="247"/>
						<SP ID="P16_SP00226" HPOS="1377" VPOS="3420" WIDTH="18"/>
						<String ID="P16_ST00251" HPOS="1395" VPOS="3361" WIDTH="164" HEIGHT="40" CONTENT="maître." WC="0.98" CC="0946004"/>
					</TextLine>
					<TextLine ID="P16_TL00025" HPOS="547" VPOS="3425" WIDTH="1691" HEIGHT="61">
						<String ID="P16_ST00252" HPOS="547" VPOS="3440" WIDTH="59" HEIGHT="41" CONTENT="Ici" WC="0.98" CC="005"/>
						<SP ID="P16_SP00227" HPOS="606" VPOS="3481" WIDTH="22"/>
						<String ID="P16_ST00253" HPOS="628" VPOS="3451" WIDTH="249" HEIGHT="30" CONTENT="commence" WC="0.99" CC="01000690"/>
						<SP ID="P16_SP00228" HPOS="877" VPOS="3481" WIDTH="20"/>
						<String ID="P16_ST00254" HPOS="897" VPOS="3438" WIDTH="328" HEIGHT="41" CONTENT="véritablement" WC="1.00" CC="0100000007340"/>
						<SP ID="P16_SP00229" HPOS="1225" VPOS="3481" WIDTH="21"/>
						<String ID="P16_ST00255" HPOS="1246" VPOS="3450" WIDTH="43" HEIGHT="27" CONTENT="sa" WC="1.00" CC="00"/>
						<SP ID="P16_SP00230" HPOS="1289" VPOS="3481" WIDTH="22"/>
						<String ID="P16_ST00256" HPOS="1311" VPOS="3435" WIDTH="67" HEIGHT="41" CONTENT="vie" WC="0.98" CC="004"/>
						<SP ID="P16_SP00231" HPOS="1378" VPOS="3481" WIDTH="25"/>
						<String ID="P16_ST00257" HPOS="1403" VPOS="3432" WIDTH="252" HEIGHT="54" CONTENT="artistique." WC="0.99" CC="05000528004"/>
						<SP ID="P16_SP00232" HPOS="1655" VPOS="3486" WIDTH="44"/>
						<String ID="P16_ST00258" HPOS="1699" VPOS="3430" WIDTH="184" HEIGHT="54" CONTENT="L'usage" WC="0.99" CC="2430090"/>
						<SP ID="P16_SP00233" HPOS="1883" VPOS="3486" WIDTH="21"/>
						<String ID="P16_ST00259" HPOS="1904" VPOS="3427" WIDTH="106" HEIGHT="43" CONTENT="était" WC="1.00" CC="00004"/>
						<SP ID="P16_SP00234" HPOS="2010" VPOS="3486" WIDTH="21"/>
						<String ID="P16_ST00260" HPOS="2031" VPOS="3425" WIDTH="127" HEIGHT="54" CONTENT="alors," WC="0.98" CC="024604"/>
						<SP ID="P16_SP00235" HPOS="2158" VPOS="3486" WIDTH="25"/>
						<String ID="P16_ST00261" HPOS="2183" VPOS="3439" WIDTH="55" HEIGHT="28" CONTENT="au" WC="0.80" CC="04"/>
					</TextLine>
					<TextLine ID="P16_TL00026" HPOS="488" VPOS="3501" WIDTH="1751" HEIGHT="65">
						<String ID="P16_ST00262" HPOS="488" VPOS="3513" WIDTH="345" HEIGHT="53" CONTENT="Conservatoire," WC="0.99" CC="23700000661054"/>
						<SP ID="P16_SP00236" HPOS="833" VPOS="3566" WIDTH="28"/>
						<String ID="P16_ST00263" HPOS="861" VPOS="3526" WIDTH="82" HEIGHT="40" CONTENT="que" WC="1.00" CC="000"/>
						<SP ID="P16_SP00237" HPOS="943" VPOS="3566" WIDTH="31"/>
						<String ID="P16_ST00264" HPOS="974" VPOS="3512" WIDTH="39" HEIGHT="41" CONTENT="le" WC="0.49" CC="09"/>
						<SP ID="P16_SP00238" HPOS="1013" VPOS="3566" WIDTH="34"/>
						<String ID="P16_ST00265" HPOS="1047" VPOS="3511" WIDTH="184" HEIGHT="55" CONTENT="premier" WC="0.98" CC="0560167"/>
						<SP ID="P16_SP00239" HPOS="1231" VPOS="3566" WIDTH="22"/>
						<String ID="P16_ST00266" HPOS="1253" VPOS="3509" WIDTH="95" HEIGHT="56" CONTENT="prix" WC="0.96" CC="0619"/>
						<SP ID="P16_SP00240" HPOS="1348" VPOS="3566" WIDTH="32"/>
						<String ID="P16_ST00267" HPOS="1380" VPOS="3507" WIDTH="52" HEIGHT="42" CONTENT="de" WC="0.54" CC="09"/>
						<SP ID="P16_SP00241" HPOS="1432" VPOS="3566" WIDTH="20"/>
						<String ID="P16_ST00268" HPOS="1452" VPOS="3505" WIDTH="149" HEIGHT="42" CONTENT="violon" WC="0.99" CC="003420"/>
						<SP ID="P16_SP00242" HPOS="1601" VPOS="3566" WIDTH="25"/>
						<String ID="P16_ST00269" HPOS="1626" VPOS="3503" WIDTH="222" HEIGHT="44" CONTENT="conduisît" WC="1.00" CC="750001000"/>
						<SP ID="P16_SP00243" HPOS="1848" VPOS="3566" WIDTH="27"/>
						<String ID="P16_ST00270" HPOS="1875" VPOS="3501" WIDTH="247" HEIGHT="43" CONTENT="l'orchestre" WC="0.99" CC="04473002007"/>
						<SP ID="P16_SP00244" HPOS="2122" VPOS="3566" WIDTH="32"/>
						<String ID="P16_ST00271" HPOS="2154" VPOS="3514" WIDTH="85" HEIGHT="28" CONTENT="aux" WC="0.97" CC="330"/>
					</TextLine>
				</TextBlock>
				<ComposedBlock ID="P16_CB00001" HPOS="495" VPOS="459" WIDTH="1734" HEIGHT="475" STYLEREFS="TXT_1 PAR_LEFT" TYPE="Illustration">
					<GraphicalElement ID="P16_CB00001_SUB" HPOS="495" VPOS="459" WIDTH="1734" HEIGHT="475"/>
				</ComposedBlock>
				<ComposedBlock ID="P16_CB00002" HPOS="491" VPOS="1750" WIDTH="404" HEIGHT="404" STYLEREFS="TXT_1 PAR_LEFT" TYPE="Illustration">
					<GraphicalElement ID="P16_CB00002_SUB" HPOS="491" VPOS="1750" WIDTH="404" HEIGHT="404"/>
				</ComposedBlock>
			</PrintSpace>
		</Page>
	</Layout>
</alto>
