2359 4239
817 511 214 43 REVUE
1066 509 114 42 DES
1210 504 335 47 CONCERTS

2014 514 61 75 29

292 681 102 38 dans
429 694 65 25 ces
525 679 210 50 musiques
767 675 225 49 d'élégante
1025 672 213 46 diablerie,
1270 683 50 26 ne
1357 682 106 26 nous
1491 668 104 39 ravit
1628 680 70 39 pas
1726 667 21 38 à
1771 666 301 39 nous-mêmes.

298 752 32 36 Il
364 762 106 26 nous
500 749 119 37 laisse
651 753 118 30 notre
792 742 226 51 sang-froid
1039 750 39 29 et
1100 741 37 37 la
1159 740 102 38 libre
1285 738 234 52 possession
1542 737 48 37 de
1613 735 275 48 nous-même,
1912 734 48 37 de
1983 745 61 24 ma-

294 819 113 38 nière
429 815 93 52 qu'à
545 816 158 49 chaque
732 813 168 47 instant,
919 823 106 26 nous
1045 822 188 39 pouvons
1251 820 238 38 remarquer
1506 805 191 40 combien
1721 816 74 26 son
1818 803 101 51 style
1938 800 136 47 fleuri,

293 887 133 47 ciselé,
453 884 185 47 curieux,
670 882 180 50 s'adapte
870 880 96 39 bien
995 892 52 25 au
1070 876 108 53 sujet
1207 877 158 38 bizarre
1395 876 99 51 qu'il
1523 876 93 37 s'est
1637 873 172 51 imposé.
1849 871 92 49 Lui,
1975 872 75 35 Ber-

293 955 95 47 lioz,
405 953 26 38 il
448 966 20 24 a
485 963 161 27 comme
670 950 218 49 musicien,
913 950 101 36 dans
1037 960 65 26 ces
1122 948 155 37 mêmes
1298 945 140 52 sujets,
1465 958 57 25 un
1541 943 145 39 mérite
1708 949 93 32 tout
1820 938 256 54 particulier,

292 1034 58 26 un
381 1019 145 40 mérite
565 1018 176 52 original
773 1026 39 31 et
843 1018 72 51 qui
956 1029 52 26 ne
1044 1016 179 39 consiste
1265 1028 71 37 pas
1368 1013 266 52 simplement
1668 1011 22 39 à
1722 1023 42 26 se
1787 1009 128 40 servir
1951 1008 124 38 d'une

289 1090 151 49 langue
464 1086 91 53 déjà
577 1087 323 52 perfectionnée,
926 1085 102 39 mais
1057 1084 71 52 qui
1155 1084 133 40 arrive
1313 1084 135 37 même
1477 1085 21 35 à
1519 1082 102 38 fixer
1642 1093 58 26 un
1728 1080 174 50 langage
1923 1088 152 28 encore

291 1159 180 47 flottant,
496 1157 169 49 indécis,
687 1160 21 35 à
731 1168 42 27 se
795 1157 113 38 créer
928 1167 83 26 une
1033 1156 164 50 langue,
1222 1161 105 31 cette
1366 1152 148 50 langue
1543 1149 202 48 curieuse,
1783 1147 171 48 moirée,
1989 1159 58 25 ma-

291 1228 125 49 gique
434 1239 74 38 par
528 1233 201 41 moment,
764 1233 41 31 et
832 1227 55 36 où
915 1233 96 30 tous
1039 1224 58 38 les
1126 1221 166 51 pillards
1313 1220 225 40 viendront
1559 1232 23 24 a
1612 1218 91 38 leur
1726 1225 97 31 tour
1844 1214 138 53 puiser
2004 1214 73 39 des

291 1295 214 48 formules,
547 1294 71 39 des
658 1303 238 40 tournures,
932 1293 72 38 des
1046 1300 163 30 accents
1256 1289 122 51 qu'ils
1425 1286 313 40 s'attribueront
1776 1297 51 26 en
1865 1283 210 50 triomphe

292 1376 162 26 comme
489 1364 36 38 le
558 1363 88 50 geai
682 1363 50 37 de
764 1361 38 39 la
836 1361 106 39 fable
970 1359 185 50 lorsqu'il
1180 1371 41 26 se
1245 1369 95 38 pare
1372 1357 70 38 des
1472 1356 163 51 plumes
1669 1354 57 38 du
1760 1364 128 39 paon.
1921 1352 81 37 Dès
2035 1350 38 38 la

291 1433 203 50 première
529 1441 113 40 note,
677 1444 54 26 on
767 1439 62 30 est
863 1428 217 49 introduit,
1112 1427 181 40 enfermé
1328 1427 104 37 dans
1454 1425 37 38 le
1514 1423 130 40 cercle
1668 1422 218 39 enchanté.
1914 1418 164 40 Berlioz

292 1514 37 38 a,
358 1515 52 25 en
439 1501 108 49 effet,
578 1514 44 26 ce
654 1499 277 51 Coup-d'Etat
965 1498 56 37 du
1058 1496 118 52 génie
1203 1494 72 52 qui
1298 1494 161 52 dispose
1489 1491 218 40 d'autorité
1726 1491 58 38 les
1806 1490 143 38 choses
1969 1500 109 40 pour

291 1571 222 37 l'auditeur
533 1577 40 30 et
593 1569 58 37 les
673 1567 158 50 impose
852 1569 21 35 à
896 1578 75 26 son
995 1576 188 28 cerveau.
1208 1564 31 37 Il
1263 1576 23 25 a
1314 1562 33 38 si
1371 1561 97 40 bien
1498 1561 184 50 ménagé,
1707 1558 31 39 si
1761 1558 97 38 bien
1886 1556 190 39 ordonné

292 1650 63 27 ses
374 1638 284 47 instruments,
690 1635 28 38 il
740 1635 57 39 les
818 1648 23 24 a
862 1634 33 38 si
917 1633 95 39 bien
1032 1630 239 54 appropriés
1297 1635 22 34 à
1340 1630 38 38 la
1399 1632 135 45 scène,
1558 1627 100 52 qu'il
1681 1635 60 30 est
1764 1624 235 53 impossible
2022 1624 50 37 de

289 1720 42 26 se
350 1705 219 40 soustraire
588 1717 51 26 au
661 1705 179 37 charme.
873 1703 41 38 Si
943 1715 43 26 ce
1016 1702 167 38 charme
1209 1704 124 46 opère
1360 1697 356 48 invinciblement,
1747 1696 96 37 c'est
1866 1705 81 39 que
1973 1694 71 37 Ber-

289 1776 81 40 lioz
391 1788 23 25 a
439 1775 163 49 compté
621 1787 69 25 sur
717 1772 154 51 l'esprit
899 1773 70 37 des
1002 1779 139 30 autres
1175 1778 40 30 et
1239 1769 57 39 les
1325 1781 23 25 a
1381 1768 197 51 supposés
1605 1766 50 38 de
1681 1766 40 37 la
1752 1765 135 37 même
1917 1762 154 39 famille

288 1858 80 38 que
391 1844 71 39 lui.
490 1844 32 38 Il
547 1856 51 25 ne
622 1844 93 37 s'est
736 1855 71 38 pas
829 1842 175 49 trompé.
1033 1842 58 36 Le
1119 1837 139 53 public
1288 1850 23 25 a
1338 1837 145 38 trouvé
1520 1844 92 30 tout
1634 1837 81 35 très
1742 1841 83 41 net,
1850 1835 82 36 très
1954 1832 116 48 clair,

293 1917 81 35 très
395 1911 375 52 compréhensible,
794 1919 53 39 et,
871 1921 162 27 comme
1053 1905 207 54 toujours,
1287 1907 92 37 s'est
1402 1904 202 39 demandé
1625 1901 210 53 pourquoi
1860 1902 58 38 les
1940 1902 110 38 direc-

291 1991 113 30 teurs
445 1982 49 37 de
744 1978 56 39 les
835 1977 110 39 chefs
979 1976 265 48 d'orchestre,
1274 1974 57 39 les
1360 1973 174 39 comités
1562 1971 303 52 organisateurs
1888 1970 69 38 des
1978 1982 73 38 pro-

289 2063 205 39 grammes
515 2049 165 39 avaient
708 2048 188 52 toujours
929 2046 131 38 écarté
1089 2045 56 38 les
1178 2056 163 27 œuvres
1372 2042 224 51 générales.
1630 2042 133 37 Est-ce
1799 2051 120 39 parce
1952 2038 122 51 qu'ils

291 2128 93 29 sont
407 2117 297 51 inintelligents
719 2116 16 38 ?
771 2124 120 30 est-ce
915 2126 118 39 parce
1059 2113 120 51 qu'ils
1199 2126 40 24 se
1261 2112 155 38 défient
1451 2111 49 38 de
1526 2109 290 50 l'intelligence
1839 2109 56 36 du
1915 2107 155 51 public,

292 2200 44 26 ce
352 2186 71 51 qui
447 2195 59 30 est
521 2198 83 25 une
628 2185 190 38 nouvelle
835 2183 138 39 sottise
995 2190 40 31 et
1054 2182 106 38 aussi
1178 2193 83 25 une
1281 2180 209 38 insolence
1506 2178 16 38 ?
1537 2186 121 30 est-ce
1679 2189 119 38 parce
1820 2188 82 38 que
1921 2175 148 39 l'envie

291 2255 56 38 les
383 2267 127 38 ronge
538 2262 40 31 et
600 2252 99 52 qu'il
723 2253 90 38 leur
833 2251 152 51 déplaît
1005 2251 49 38 de
1077 2249 147 39 rendre
1246 2247 22 39 à
1283 2248 198 38 l'homme
1506 2246 49 38 de
1576 2245 129 39 talent
1726 2244 249 50 l'hommage
1994 2241 73 52 qui

290 2323 59 39 lui
365 2332 59 30 est
453 2323 80 38 dû?
555 2323 65 38 On
648 2329 100 44 peut
774 2320 91 39 leur
892 2319 203 39 attribuer
1123 2330 92 26 sans
1243 2316 192 54 injustice
1461 2323 95 31 tous
1583 2315 58 38 les
1672 2312 156 40 habiles
1859 2312 192 38 raisonne-

289 2401 135 31 ments
458 2392 49 38 de
543 2391 146 39 l'envie
717 2389 200 52 déloyale.
942 2390 57 38 Ce
1017 2388 72 51 qui
1112 2396 104 30 reste
1237 2387 172 50 prouvé,
1434 2386 96 37 c'est
1550 2396 82 39 que
1653 2383 36 39 le
1712 2383 140 51 public
1872 2382 103 39 n'est
1995 2394 71 38 pas

291 2461 234 39 réfractaire
547 2472 81 26 aux
647 2458 258 40 nouveautés
937 2455 227 40 créatrices.
1201 2454 58 39 Ce
1282 2463 95 30 sont
1403 2453 58 40 les
1487 2453 228 39 directeurs
1737 2452 49 39 de
1808 2451 174 48 théâtre,
2011 2450 59 40 les

289 2530 113 38 chefs
428 2530 252 38 d'orchestre
703 2536 40 30 et
763 2528 56 38 les
853 2526 200 50 intrigues
1086 2525 71 38 des
1186 2523 150 51 piètres
1371 2521 158 40 artistes
1550 2522 103 38 dont
1671 2521 36 38 le
1729 2518 272 53 journalisme
2030 2531 42 26 se

288 2597 72 40 fait
395 2606 92 43 trop
510 2604 176 32 souvent
707 2594 146 50 l'écho,
884 2594 73 52 qui
985 2603 93 29 sont
1099 2592 37 39 la
1159 2604 120 27 cause
1307 2590 201 53 première
1533 2590 56 38 du
1613 2588 186 41 mauvais
1819 2587 155 40 accueil
1997 2587 72 38 fait

288 2662 22 42 à
351 2666 71 38 des
458 2676 165 28 œuvres
663 2662 72 53 qui
772 2670 94 32 sont
897 2661 93 54 déjà
1035 2661 261 39 discréditées
1339 2659 251 51 lorsqu'elles
1628 2660 183 38 arrivent
1841 2658 151 39 devant
2031 2656 36 38 le

289 2733 154 52 public,
472 2733 31 40 si
523 2733 196 40 toutefois
742 2742 63 31 cet
827 2733 194 38 honneur
1045 2731 89 38 leur
1153 2739 59 30 est
1230 2730 185 39 accordé.

1555 2815 192 41 Maurice
1771 2813 179 42 Cristal.

339 3020 298 44 CONCERTS
683 3019 368 43 POPULAIRES.
1152 3017 167 44 Harold
1351 3034 48 25 en
1434 3017 125 43 Italie
1563 3050 9 19 ,
1611 3017 49 41 de
1698 3017 171 41 Berlioz.
1962 3017 109 39 «Un

294 3090 105 55 jour,
437 3101 166 31 raconte
642 3093 160 38 Berlioz
837 3091 101 39 dans
970 3104 60 26 ses
1055 3085 235 54 Mémoires,
1317 3088 200 53 Paganini
1538 3088 90 40 vint
1647 3102 64 25 me
1734 3087 108 43 voir.
1881 3101 15 23 «
1920 3086 75 40 J'ai
2016 3098 58 27 un

289 3163 83 38 alto
396 3162 280 47 merveilleux,
713 3174 66 25 me
802 3159 125 51 dit-il,
958 3173 57 25 un
1051 3159 250 39 instrument
1332 3156 224 41 admirable
1584 3157 48 39 de
1654 3154 288 51 Stradivarius,
1973 3165 40 29 et
2033 3151 37 54 je

285 3231 195 40 voudrais
514 3243 51 26 en
596 3229 118 52 jouer
744 3243 51 25 en
831 3229 151 51 public.
1021 3227 105 40 Mais
1159 3229 36 52 je
1223 3227 80 39 n'ai
1324 3240 70 37 pas
1414 3227 50 38 de
1485 3225 189 52 musique
1696 3225 53 40 ad
1769 3227 73 37 hoc
1847 3256 8 8 .
1892 3224 153 39 Voulez-

284 3312 103 27 vous
422 3299 126 38 écrire
584 3312 56 25 un
676 3298 87 39 solo
794 3297 153 40 d'alto?
979 3297 39 50 je
1053 3296 80 39 n'ai
1165 3296 213 39 confiance
1407 3296 125 50 qu'en
1554 3307 104 28 vous
1676 3307 106 38 pour
1803 3305 44 27 ce
1870 3291 155 41 travail.
2051 3307 14 21 »

286 3368 206 51 J'essayai,
526 3380 106 38 pour
666 3367 126 50 plaire
828 3364 22 41 à
884 3366 183 39 l'illustre
1101 3365 195 49 virtuose,
1334 3364 169 39 d'écrire
1531 3377 58 25 un
1618 3363 87 39 solo
1728 3362 137 50 d'alto,
1889 3361 102 40 mais
2011 3373 59 27 un

289 3436 85 38 solo
398 3436 192 38 combiné
612 3448 98 27 avec
731 3435 253 50 l'orchestre,
1018 3435 49 39 de
1096 3434 183 38 manière
1308 3432 21 40 à
1351 3446 50 26 ne
1428 3433 88 39 rien
1539 3432 164 39 enlever
1724 3432 49 38 de
1796 3443 75 27 son
1893 3429 137 41 action
2049 3431 23 37 à

287 3502 37 40 la
353 3518 128 26 masse
511 3504 326 40 instrumentale.
878 3505 116 38 Cette
1032 3504 179 52 esquisse
1240 3502 306 52 symphonique
1569 3514 51 26 ne
1642 3501 91 52 plut
1752 3504 125 49 guère
1896 3500 22 39 à
1946 3500 101 51 Paga-

289 3571 103 51 nini,
428 3582 54 40 et,
518 3574 201 51 quelques
748 3573 112 53 jours
886 3577 116 47 après
1023 3573 143 41 l'avoir
1187 3573 224 49 entendue,
1445 3572 93 54 déjà
1557 3570 202 41 souffrant
1780 3570 49 40 de
1849 3567 221 42 l'affection
