2359 4239
794 531 79 40 LA
910 527 193 43 FOIRE
1135 526 520 43 SAINT-GERMAIN

2065 526 52 44 15

386 682 82 42 Cet
508 682 139 42 arrêté
683 680 218 56 produisit
934 687 275 35 exactement
1248 678 130 42 l'effet
1415 678 73 42 des
1525 677 268 57 précédents.
1840 677 35 41 Il
1898 691 54 27 en
1973 677 68 43 fut
2063 678 52 41 de

329 758 145 41 même
496 757 50 41 de
567 769 108 29 ceux
692 755 80 57 qui
797 755 221 43 suivirent
1037 754 205 57 jusqu'en
1265 753 85 43 l'an
1380 754 126 55 1674,
1531 758 60 37 où
1614 753 40 42 la
1668 752 260 56 juridiction
1948 758 141 49 tempo-

327 831 102 43 relle
452 831 68 44 fut
541 831 175 42 enlevée
750 845 86 28 aux
867 831 227 55 seigneurs
1127 837 42 35 et
1189 828 306 57 propriétaires
1515 828 52 42 de
1590 828 40 42 la
1655 828 149 55 Foire,
1837 826 281 44 c'est-à-dire

326 910 62 40 les
409 906 210 56 religieux
639 915 43 34 et
703 907 145 41 l'abbé
869 907 53 41 de
943 904 631 44 Saint-Germain-des-Prés.

383 1001 320 43 Hâtons-nous
725 1003 52 41 de
798 1010 220 34 constater
1039 1000 245 58 cependant
1304 1000 201 56 qu'après
1527 998 43 44 la
1591 998 141 58 police
1758 1011 55 29 ne
1835 998 121 56 prêta
1981 997 134 54 guère

325 1076 151 42 mieux
505 1076 41 42 la
578 1077 124 42 main
730 1080 24 38 à
784 1077 263 43 l'exécution
1079 1076 54 42 de
1167 1090 64 28 ses
1254 1077 178 42 arrêtés.
1465 1076 55 42 Et
1538 1075 40 42 la
1599 1088 129 28 cause
1750 1087 53 28 en
1825 1081 63 35 est
1910 1085 87 44 que
2018 1073 36 40 si
2073 1071 40 42 la

325 1152 219 41 tolérance
578 1165 187 42 presque
799 1152 182 42 absolue
1012 1152 73 41 des
1107 1151 172 42 moines
1299 1151 120 42 avait
1438 1164 114 42 pour
1574 1147 168 44 mobile
1762 1148 40 41 le
1825 1147 103 56 gain
1952 1145 162 57 qu'elle

325 1225 97 43 leur
458 1228 258 55 rapportait,
751 1227 106 43 celle
886 1228 53 41 de
970 1228 41 41 la
1047 1226 137 57 police
1219 1225 190 57 reposait
1449 1239 75 27 sur
1546 1225 75 41 des
1642 1223 173 43 raisons
1838 1235 154 30 encore
2012 1221 102 56 plus

325 1301 208 42 sérieuses
570 1310 41 35 et
646 1303 188 42 maintes
868 1303 82 42 fois
990 1303 188 41 avouées
1209 1317 8 26 :
1256 1303 41 40 la
1332 1298 282 58 tranquillité
1645 1299 54 41 de
1736 1298 124 42 Paris
1883 1308 41 31 et
1944 1298 42 41 la
2009 1297 104 56 paix

325 1376 108 42 dans
454 1364 151 55 l'État.
643 1379 61 41 Le
722 1378 158 56 peuple
902 1378 172 52 chante,
1097 1376 113 42 donc
1231 1375 31 42 il
1283 1376 160 56 paiera,
1466 1374 133 43 disait
1620 1374 226 42 Mazarin.
1885 1375 141 55 Après
2047 1370 68 44 lui

323 1450 62 43 les
407 1464 300 43 gouvernants
727 1453 147 41 dirent
906 1467 10 27 :
952 1452 40 42 le
1013 1451 158 57 peuple
1194 1452 206 53 s'amuse,
1423 1449 116 43 donc
1559 1449 31 43 il
1612 1456 256 49 supportera
1892 1455 100 35 tout
2015 1462 101 28 sans

325 1539 158 43 songer
509 1533 25 36 à
565 1542 44 27 se
636 1527 203 58 plaindre
868 1535 42 36 et
940 1527 147 41 moins
1116 1539 155 29 encore
1289 1531 23 37 à
1336 1539 44 28 se
1398 1526 186 43 révolter
1595 1529 8 38 I
1638 1524 263 42 Tranchons
1924 1523 40 42 le
1982 1531 98 35 mot
2102 1538 9 28 :

323 1599 42 43 la
390 1600 128 44 Foire
537 1600 370 44 Saint-Germain
929 1600 68 44 fut
1016 1600 197 57 pendant
1233 1602 251 54 longtemps
1506 1613 65 29 un
1593 1613 160 42 moyen
1776 1599 54 42 de
1860 1611 224 43 gouverne-

323 1683 139 35 ment.

1184 1925 61 43 VI

381 2154 122 42 Tant
522 2166 86 43 que
628 2152 141 42 l'abbé
789 2151 52 41 de
871 2148 604 44 Saint-Germain-des-Prés
1506 2159 110 31 resta
1646 2148 206 55 régulier,
1880 2148 66 42 lui
1976 2158 42 34 et
2049 2164 64 28 ses

327 2228 212 55 religieux
566 2228 149 40 furent
742 2224 348 57 conjointement
1118 2224 227 55 seigneurs
1374 2232 42 33 et
1447 2222 310 57 propriétaires
1787 2223 52 41 de
1871 2222 43 43 la
1953 2223 128 42 Foire
2099 2239 11 38 ;

328 2306 24 39 à
374 2303 104 42 frais
497 2315 236 29 communs
751 2300 53 42 ils
826 2299 208 42 l'avaient
1055 2298 81 42 fait
1155 2298 261 50 construire,
1440 2300 25 39 à
1487 2297 103 43 frais
1612 2310 236 30 communs
1870 2297 52 42 ils
1944 2298 148 43 l'entre-

326 2378 198 42 tenaient
561 2392 21 23 «
612 2376 54 42 de
700 2388 167 43 grosses
901 2384 41 32 et
974 2387 184 29 menues
1191 2373 274 57 réparations
1490 2389 38 27 ».
1565 2371 107 44 Cela
1705 2373 195 55 changea
1936 2386 94 29 vers
2076 2372 39 43 le

325 2460 382 36 commencement
730 2451 61 42 du
812 2449 313 58 dix-septième
1148 2448 143 43 siècle.

382 2547 69 42 En
483 2545 234 44 exécution
745 2545 109 42 d'un
885 2543 251 52 concordat,
1169 2543 62 42 les
1264 2542 125 43 biens
1416 2543 53 42 de
1495 2543 203 56 l'abbaye
1715 2542 148 43 furent
1884 2542 110 42 alors
2015 2556 75 42 par-

327 2623 118 55 tagés
466 2632 123 33 entre
613 2622 60 41 les
693 2620 213 56 religieux
928 2630 41 33 et
991 2620 156 42 l'abbé.
1190 2619 63 42 La
1289 2619 129 42 Foire
1451 2619 132 43 échut
1616 2624 23 38 à
1671 2632 46 28 ce
1751 2618 188 54 dernier,
1974 2625 41 35 et
2037 2632 80 28 son

325 2705 146 48 aspect
504 2711 54 27 ne
592 2697 124 43 tarda
753 2710 75 42 pas
863 2699 24 38 à
921 2695 191 56 changer
1147 2709 79 41 par
1261 2694 42 42 la
1337 2703 128 33 vente
1493 2708 60 28 ou
1581 2694 41 42 la
1648 2693 361 43 transformation
2041 2693 75 42 des

324 2773 184 41 terrains
537 2772 220 55 contigus.
792 2770 220 56 Ajoutons
1035 2769 101 56 qu'à
1165 2769 41 41 la
1230 2770 144 41 même
1395 2770 186 54 époque,
1604 2769 39 42 le
1665 2768 193 56 quartier
1883 2768 53 41 de
1962 2768 152 41 Saint-

325 2846 471 54 Germain-des-Prés,
826 2859 87 41 que
946 2858 117 28 nous
1096 2858 137 28 avons
1254 2858 61 28 vu
1339 2843 35 42 si
1398 2844 209 54 solitaire,
1631 2843 142 43 s'était
1792 2843 299 41 considérable-

324 2929 125 35 ment
466 2920 181 58 peuplé;
673 2933 85 43 que
780 2920 60 41 les
862 2919 200 41 chemins
1085 2919 163 42 étaient
1269 2919 196 42 devenus
1496 2918 73 42 des
1592 2931 125 42 rues;
1748 2917 138 58 qu'on
1917 2931 55 28 en
2000 2917 117 44 avait

335 2997 100 41 racé
460 2997 191 42 d'autres
673 3010 75 28 sur
768 2995 187 56 lesquels
977 3008 60 29 on
1059 2994 219 56 bâtissait;
1311 3009 87 42 que
1426 2994 52 42 de
1505 3003 101 34 tous
1637 2995 116 41 côtés
1785 2992 248 43 s'élevaient
2063 2992 54 42 de

325 3081 268 49 somptueux
613 3073 154 56 hôtels,
793 3073 53 41 de
868 3072 207 56 superbes
1098 3071 196 42 maisons
1310 3083 11 43 ;
1357 3084 87 44 que
1472 3070 140 43 Marie
1640 3070 54 42 de
1715 3069 183 43 Médicis
1920 3069 172 56 s'apprê-

324 3149 83 43 tait
440 3155 23 37 à
491 3149 104 56 jeter
621 3149 61 42 les
711 3148 255 46 fondations
996 3147 61 42 du
1084 3147 139 56 palais
1250 3146 61 42 du
1343 3147 340 55 Luxembourg;
1724 3159 87 43 que
1832 3147 40 41 le
1891 3146 152 55 prince
2063 3145 54 42 de

327 3224 155 43 Condé
506 3225 146 42 faisait
671 3224 258 57 disparaître
950 3224 39 41 le
1009 3222 108 43 Clos
1137 3223 211 41 Bruneau
1371 3230 42 35 et
1433 3222 39 42 le
1489 3221 256 58 remplaçait
1765 3235 78 42 par
1866 3234 88 28 une
1976 3220 115 42 admi-

325 3300 120 43 rable
475 3300 244 54 résidence;
756 3299 136 53 enfin,
925 3298 166 56 qu'une
1121 3297 104 42 ville
1255 3298 163 41 entière
1444 3297 104 43 était
1576 3297 131 43 sortie
1734 3297 52 41 de
1815 3305 110 35 terre
1945 3309 174 28 comme

325 3389 78 42 par
424 3375 360 42 enchantement.
825 3375 170 41 Encore
1024 3373 214 56 quelques
1273 3373 178 51 années,
1487 3382 42 33 et
1562 3373 91 41 l'on
1684 3373 169 40 abattra
1898 3380 144 47 portes
2077 3380 42 34 et

325 3450 216 54 enceinte,
579 3465 59 27 on
671 3449 223 43 comblera
924 3448 60 42 les
1018 3448 150 54 fossés,
1207 3458 40 32 et
1273 3447 39 43 le
1340 3447 193 56 quartier
1554 3447 53 41 de
1638 3446 477 44 Saint-Germain-des-

326 3525 102 41 Prés
451 3526 210 56 éclipsera
681 3525 39 42 le
741 3525 132 41 vieux
899 3525 138 41 Paris.
1065 3523 108 57 Déjà
1194 3528 25 38 à
1239 3524 41 41 la
1303 3522 63 43 fin
1394 3523 60 42 du
1476 3524 133 55 règne
1629 3522 192 43 d'Henri
1848 3522 76 53 IV,
1960 3521 32 42 il
2013 3521 104 43 était

323 3599 139 56 grand
492 3614 173 29 comme
697 3609 157 47 quatre
885 3599 75 43 des
994 3599 180 44 anciens
1208 3599 218 56 quartiers
1442 3615 11 40 ;
1492 3603 27 38 à
1548 3598 42 43 la
1618 3599 63 42 fin
1703 3598 61 43 du
1786 3600 132 53 règne
1950 3596 53 44 de
2034 3610 80 29 son
