2359 4239
836 502 77 41 LA
944 496 385 53 CHRONIQUE
1361 492 320 46 MUSICALE

377 508 60 56 34

375 659 62 38 On
463 665 143 29 trouve
629 652 104 39 aussi
756 652 46 37 de
827 662 62 26 ces
911 654 250 44 égarements
1183 645 192 37 sublimes
1397 643 98 36 dans
1528 648 196 30 ceitaincs
1746 648 160 26 œu\ies
1935 639 52 33 où
2025 636 76 35 Bee-

374 726 155 38 thoven
551 737 20 25 a
588 723 108 37 tenté
716 722 47 36 de
785 719 111 37 créer
912 728 79 25 une
1013 715 145 47 langue
1181 711 188 38 nouvelle
1390 719 39 29 et
1449 710 47 37 de
1520 708 154 38 reculer
1695 705 54 38 les
1783 705 148 36 bornes
1960 702 48 37 de
2030 702 76 37 l'ex-

376 793 182 50 pression
588 787 204 41 musicale.
817 784 165 38 Harold
1003 783 99 36 n'est
1124 788 113 29 autre
1257 780 121 36 chose
1400 789 79 37 que
1514 777 54 35 du
1604 774 236 38 Beethoven
1875 770 129 38 arrivé
2038 770 22 37 à
2088 782 42 24 sa

376 859 230 51 quinzième
628 852 241 54 symphonie
891 864 53 25 ou
968 850 19 37 à
1004 862 73 25 son
1100 847 212 38 trentième
1335 853 188 41 quatuor,
1548 852 39 28 et
1610 842 85 37 rien
1718 853 50 25 ne
1790 852 78 24 mai
1879 850 78 38 que
1975 837 151 48 mieux,

376 931 22 35 à
421 940 96 25 mon
537 937 103 35 sens,
661 926 54 34 où
736 918 166 53 pouvait
917 916 194 39 conduire
1131 912 284 51 l'exagération
1430 912 54 36 du
1504 913 172 47 système
1693 909 47 37 de
1757 907 180 50 musique
1952 904 177 47 absolue,

379 995 195 48 inauguré
596 1003 71 37 par
684 990 35 36 le
742 987 128 51 grand
890 986 142 35 maître
1048 984 99 35 dans
1169 994 60 25 ses
1251 980 204 37 dernières
1477 976 305 50 compositions,
1805 987 96 26 avec
1921 981 102 30 cette
2055 971 57 38 dif-

378 1063 157 37 férence
559 1055 221 42 essentielle
800 1065 79 39 que
904 1051 234 38 Beethoven
1159 1057 103 29 reste
1282 1046 177 38 idéaliste
1478 1045 36 37 là
1537 1057 53 25 ou
1615 1043 158 39 Berlioz
1796 1050 55 30 est
1873 1050 39 29 et
1938 1042 193 36 demeure

378 1132 299 36 constamment
697 1120 257 40 matérialiste
976 1126 40 29 et
1037 1115 216 49 descriptif.

428 1216 66 36 On
510 1214 73 38 sait
598 1213 53 36 du
675 1217 99 31 reste
797 1219 93 38 que,
912 1206 66 37 dès
997 1205 35 37 le
1053 1202 176 50 premier
1249 1200 106 52 jour,
1375 1198 157 38 Berlioz
1548 1197 126 38 s'était
1692 1197 112 38 lancé
1827 1197 22 36 à
1870 1207 115 37 corps
2001 1193 127 51 perdu

380 1284 99 36 dans
508 1282 36 36 la
566 1277 186 40 nouvelle
774 1273 199 39 direction
995 1280 194 28 entrevue
1208 1280 71 37 par
1303 1266 233 37 Beethoven
1559 1273 37 28 et
1618 1263 190 49 indiquée
1839 1275 71 37 par
1942 1261 57 37 lui
2031 1262 99 35 dans

378 1351 58 37 les
468 1348 204 39 dernières
693 1355 160 26 œuvres
875 1341 47 36 de
939 1353 41 24 sa
997 1337 204 39 troisième
1225 1333 191 39 manière.
1439 1332 105 37 C'est
1562 1330 37 37 là
1620 1330 98 49 qu'il
1733 1343 21 23 a
1777 1329 110 50 puisé
1907 1341 50 25 en
1979 1328 151 50 grande

380 1417 126 51 partie
529 1423 101 30 cette
652 1410 240 51 inspiration
914 1413 172 31 souvent
1113 1404 168 38 confuse
1314 1402 100 36 dont
1444 1400 27 36 il
1507 1411 22 24 a
1554 1397 151 38 traduit
1732 1409 54 25 îes
1821 1397 110 36 élans
1959 1409 64 36 pai
2064 1395 68 36 des

384 1497 124 36 coups
527 1484 47 36 de
597 1481 136 49 plume
753 1478 120 36 d'une
895 1473 201 38 hardiesse
1119 1470 151 38 inouie.
1298 1468 115 37 Doué
1443 1466 119 37 d'une
1582 1463 258 50 imigination
1861 1463 165 36 ardente
2054 1473 79 37 que

382 1567 49 24 ne
452 1552 227 50 préoccupa
700 1544 141 52 jamais
856 1540 230 39 l'imitation
1108 1539 68 37 des
1197 1548 160 26 œuvres
1376 1532 187 48 d'autrui,
1587 1531 27 36 il
1635 1530 173 38 chercha
1824 1532 20 35 à
1859 1527 203 50 exprimer
2083 1540 50 25 en

382 1619 187 48 musique
590 1617 55 36 les
667 1615 111 37 rêves
796 1609 267 51 magnifiques
1085 1607 46 37 de
1148 1618 73 25 son
1241 1614 169 28 cerveau
1432 1600 212 46 surexcité,
1669 1607 51 37 et,
1741 1610 96 35 poui
1864 1595 145 38 anivei
2037 1595 21 36 à
2081 1595 54 36 les

383 1685 315 47 communiquer
719 1678 19 40 à
760 1681 37 36 la
815 1678 108 38 foule
945 1677 120 36 d'une
1089 1673 178 38 manière
1286 1669 149 50 précise
1467 1677 38 28 et
1537 1665 234 46 saisissable,
1802 1664 27 36 il
1856 1663 171 50 déploya
2053 1675 82 24 une

382 1755 157 38 science
566 1748 278 40 merveilleuse
869 1754 39 29 et
938 1741 186 50 atteignit
1148 1739 21 38 à
1201 1751 80 24 une
1303 1737 209 49 puissance
1535 1731 271 49 d'expression
1828 1731 124 48 qu'on
1987 1727 150 39 n'avait

382 1821 141 53 jamais
545 1816 260 51 soupçonnée
827 1819 120 32 avant
968 1810 69 37 lui.
1062 1807 254 38 L'orchestre
1343 1804 48 36 de
1421 1802 155 37 Berlioz
1599 1808 57 29 est
1691 1798 108 37 l'une
1819 1798 67 36 des
1907 1797 89 47 plus
2018 1795 92 37 éton-

383 1897 143 30 nantes
548 1884 223 40 merveilles
794 1882 48 36 de
867 1881 88 36 l'art
970 1875 180 40 musical.
1173 1872 200 39 Inférieur
1394 1882 77 24 aux
1493 1867 148 51 grands
1662 1866 162 37 maîtres
1838 1877 72 36 par
1929 1864 37 35 la
1982 1874 133 25 correc-

381 1955 88 40 tion
496 1956 54 36 du
576 1952 99 52 style
694 1960 39 29 et
755 1951 36 36 la
818 1947 141 51 pureté
981 1946 54 35 du
1057 1951 187 36 contour,
1270 1939 72 37 nul
1361 1951 26 23 n
1403 1950 22 24 a
1446 1936 145 49 poussé
1613 1934 89 49 plus
1723 1931 85 38 loin
1839 1943 78 38 que
1958 1932 12 34 I
1987 1938 144 29 auteur

382 2025 25 36 d
409 2021 176 40 'Harold
607 2028 61 30 cet
683 2026 60 30 art
759 2017 68 37 des
842 2014 206 38 brillantes
1070 2009 246 38 décadences
1336 2005 71 49 qui
1430 2002 172 39 consiste
1618 2000 22 39 à
1661 2011 129 27 serrer
1813 1999 47 36 de
1883 2002 89 45 près
1994 2000 35 34 la
2050 2009 63 24 rea-

381 2091 70 37 lité
473 2098 39 29 et
538 2086 22 40 à
588 2099 49 26 en
661 2084 171 40 extraire
858 2089 91 30 tout
971 2092 42 25 ce
1037 2077 145 50 qu'elle
1203 2081 98 43 peut
1322 2072 145 38 rendre
1486 2082 50 25 en
1558 2068 69 37 fait
1646 2068 47 37 de
1717 2075 104 38 tons,
1846 2066 49 35 de
1923 2065 55 36 foi
1990 2076 83 24 mes
2098 2071 38 28 et

382 2159 48 37 de
453 2155 151 40 détails.
628 2156 84 36 Son
734 2150 115 51 style,
871 2150 31 36 si
929 2144 218 53 personnel
1166 2151 38 30 et
1222 2142 31 36 si
1275 2138 185 52 original,
1491 2144 57 30 est
1568 2136 70 48 unj
1654 2133 183 48 mélange
1866 2131 153 38 bizarre
2052 2131 63 36 d'a-

381 2227 111 49 preté
520 2233 172 39 sauvage
714 2228 38 29 et
773 2219 47 37 de
848 2218 133 49 grâce;
1005 2226 74 26 son
1101 2209 232 51 expression
1349 2220 19 24 a
1391 2215 95 29 tour
1504 2206 22 35 à
1546 2212 95 29 tour
1662 2203 34 36 le
1721 2201 90 37 chai
1822 2213 62 24 me
1923 2200 97 35 dun
2058 2197 79 37 ciel

381 2306 78 37 pur
480 2299 39 30 et
535 2291 38 36 la
592 2298 157 29 terreur
769 2286 49 36 de
833 2285 147 46 l'orage
999 2293 9 36 ',
1031 2279 111 39 enfin
1164 2291 41 24 sa
1220 2275 210 51 puissance
1449 2273 25 36 d
1489 2270 217 39 exécution
1730 2275 56 30 est
1805 2266 90 38 telle
1918 2278 93 37 que,
2034 2265 76 36 mal-

382 2361 67 48 gré
468 2358 73 48 soi,
560 2369 53 25 on
640 2363 60 30 est
721 2352 181 39 entraîné
924 2361 94 27 avec
1039 2347 57 38 lui
1119 2346 97 37 dans
1236 2345 34 36 le
1288 2340 226 40 tourbillon
1541 2338 48 36 de
1611 2349 60 25 ses
1693 2335 182 50 pensées,
1908 2345 91 25 sans
2020 2331 107 38 avoii

381 2428 36 37 le
439 2435 129 38 temps
590 2423 47 37 de
660 2428 193 43 regretter
871 2418 35 36 le
929 2416 136 38 défaut
1088 2412 154 38 d'ordre
1265 2418 39 29 et
1324 2404 279 53 l'irrégularité
1636 2404 47 35 de
1723 2415 73 24 son
1827 2414 123 24 essoi.
1981 2399 157 38 Berlioz

381 2493 63 37 fut
476 2492 105 37 donc
603 2502 58 24 un
690 2486 126 50 grand
841 2482 208 40 musicien.
1076 2481 55 36 Ce
1151 2479 100 37 n'est
1272 2489 69 37 pas
1368 2487 57 25 un
1460 2472 129 51 grand
1616 2469 159 47 maître,
1808 2481 20 25 c
1844 2467 207 38 est-à-dire
2081 2479 56 24 un

381 2562 48 36 de
448 2571 62 26 ces
526 2557 135 50 génies
676 2555 121 36 d'une
818 2550 223 51 perfection
1055 2555 113 30 toute
1186 2545 140 46 idéale,
1343 2543 100 37 dont
1463 2541 55 36 les
1538 2538 308 38 chefs-d'œuvre
1867 2541 137 31 seront
2028 2535 83 36 éter-

379 2627 220 38 nellement
613 2621 192 52 proposés
824 2620 22 36 à
865 2615 273 42 l'admiration
1161 2614 69 37 des
1249 2611 136 38 siècles
1406 2609 132 37 futurs
1557 2615 39 29 et
1611 2604 200 39 serviront
1833 2602 49 37 de
1906 2601 180 38 modèles
2114 2600 23 38 à

378 2696 39 37 la
438 2691 201 52 postérité.
663 2690 108 37 Chez
801 2686 71 48 lui,
893 2686 55 37 les
967 2683 191 51 procédés
1180 2678 201 40 matériels
1402 2684 93 30 sont
1521 2674 104 37 seuls
1647 2672 22 37 à
1691 2671 148 46 imiter,
1870 2670 35 37 le
1941 2678 102 28 reste
2083 2679 51 26 ne

380 2763 87 38 doit
488 2774 69 38 pas
571 2759 97 38 faire
690 2757 123 38 école.
846 2754 157 38 Berlioz
1020 2761 57 29 est
1098 2759 39 30 et
1158 2749 86 38 doit
1263 2755 124 30 rester
1414 2756 84 28 une
1517 2740 229 50 exception,
1770 2752 34 36 je
1839 2738 122 36 diiais
1992 2738 124 38 volon-

378 2832 97 36 tiers
495 2842 57 24 un
571 2827 113 52 point
696 2823 198 54 singulier
901 2852 9 18 ,
930 2834 50 25 en
1001 2825 264 44 empruntant
1280 2827 51 25 au
1351 2814 165 48 langage
1534 2808 321 48 mathématique
1870 2818 82 24 une
1974 2817 141 37 expres-

382 2898 89 37 sion
491 2895 72 50 qui
585 2894 99 38 rend
704 2893 93 37 bien
817 2895 253 34 exactement
1086 2894 112 30 toute
1220 2896 65 25 ma
1307 2882 158 49 pensée.

430 2980 210 52 Jusqu'ici,
670 2991 55 26 on
752 2976 127 39 s'était
903 2975 71 38 fait
1004 2973 21 38 à
1053 2973 37 36 la
1112 2973 129 36 douce
1264 2966 193 40 habitude
1482 2965 47 36 de
1548 2960 223 50 vilipender
1804 2959 174 36 l'auteur
2005 2957 24 35 d
2044 2957 64 37 Ha-

383 3051 90 39 rold
505 3058 39 30 et
571 3049 49 37 de
641 3048 35 36 le
695 3045 136 39 traiter
849 3045 47 37 de
915 3042 192 47 factieux,
1128 3036 241 46 d'échevelé,
1392 3035 48 36 de
1461 3031 434 45 tranche-montagnes
1912 3027 7 34 !
1957 3025 156 51 Aujoui-

383 3117 127 49 d'hui,
541 3128 82 26 une
659 3112 180 61 réaction
873 3110 188 38 salutaire
1098 3106 151 39 semble
1286 3116 38 25 se
1359 3099 208 51 produire.
1606 3097 55 36 Le
1691 3093 138 50 public
1860 3103 168 37 marque
2050 3089 90 51 déjà

383 3187 200 51 quelques
600 3182 178 41 velléités
801 3181 48 37 de
871 3177 235 41 réhabiliter
1128 3188 43 25 ce
1191 3172 127 53 grand
1340 3182 97 26 nom
1451 3179 9 36 ;
1491 3180 54 24 on
1580 3164 84 39 voit
1697 3163 132 36 même
1859 3160 170 50 poindie
2052 3172 65 24 cei-

383 3255 130 38 taines
530 3252 218 39 tendances
769 3250 21 36 à
806 3248 176 38 l'exalter
999 3254 117 29 outre
1132 3251 172 29 mesure.
1326 3239 72 36 Les
1418 3235 120 37 belles
1558 3239 292 30 restaurations
1864 3229 47 36 de
1928 3229 20 35 l'
1954 3228 184 49 Enfance

386 3323 51 37 du
461 3321 139 39 Christ
618 3327 39 29 et
676 3317 48 37 de
746 3315 149 39 Roméo
915 3322 39 29 et
972 3313 166 38 Juliette
1143 3341 9 18 ,
1187 3308 153 39 tentées
1371 3315 96 27 avec
1501 3303 137 35 succès
1669 3311 63 36 pai
1762 3299 56 34 M.
1841 3295 202 47 Colonne,
2066 3308 49 23 au-

385 3397 95 30 ront
513 3389 60 36 été
607 3398 105 38 pour
744 3385 212 45 beaucoup
984 3381 99 36 dans
1117 3390 43 25 ce
1191 3375 243 38 revirement
1457 3371 223 46 d'opinion.
1721 3366 211 45 Pourtant,
1958 3363 34 52 je
2012 3362 86 37 dois
2117 3376 21 23 a

386 3456 39 37 la
444 3455 124 38 vérité
599 3454 48 36 de
682 3458 202 31 constater
914 3461 80 37 que
1024 3445 213 39 l'audition
1270 3442 34 37 d'
1309 3438 163 41 Harold
1490 3450 27 24 n
1533 3448 21 25 a
1575 3436 153 37 obtenu
1752 3445 54 37 qu
1823 3444 56 24 un
1900 3434 137 33 succès
2062 3434 78 33 tiès

389 3522 163 39 modéré
573 3523 144 45 auprès
738 3519 54 36 du
810 3516 138 51 public
969 3516 68 36 des
1056 3515 196 36 Concerts
1272 3507 242 51 populaires,
1545 3511 38 30 et
1613 3500 30 39 si
1678 3499 158 39 Beilioz
1864 3498 97 40 était
1992 3510 148 26 encore
