3534 4572
2045 4073 183 40 32

1102 477 111 42 Was
1246 490 84 29 nun
1362 475 65 42 die
1457 473 300 58 vielgerühmte
1787 474 140 41 Treue
1960 472 74 42 der
2065 470 313 57 Photographie
2419 469 188 55 anlangt,
2643 482 50 28 so
2725 468 52 42 ist
2807 468 107 42 auch
2946 469 111 43 diese
3087 486 76 28 nur
3191 490 50 27 zu
3271 480 57 41 oft

951 551 111 43 nicht
1093 550 256 44 vorhanden.
1410 551 61 40 Es
1502 549 52 41 ist
1585 548 65 42 ein
1681 561 172 42 grosser
1884 548 161 48 Irrtum,
2076 543 129 43 selbst
2224 542 108 43 nach
2353 541 82 43 den
2457 555 181 42 grossen
2652 540 375 57 Verbesserungen
3048 543 73 42 der
3138 556 192 38 neuesten

947 626 99 51 Zeit,
1079 639 122 29 wenn
1232 639 98 28 man
1360 623 236 56 behauptet,
1629 621 66 42 die
1725 619 313 58 Photographie
2069 618 111 57 gäbe
2213 616 65 43 die
2309 614 279 44 Kunstwerke
2618 615 147 41 immer
2796 614 166 42 absolut
2998 616 143 58 richtig
3164 621 165 44 wieder:

944 700 108 42 auch
1082 699 111 42 beim
1223 696 397 45 isochromatischen
1640 695 235 43 Verfahren
1906 694 198 42 kommen
2136 691 65 42 die
2222 690 140 43 Bilder
2392 689 109 43 noch
2532 689 143 56 häufig
2706 688 256 56 mangelhaft
2992 689 41 41 in
3060 690 79 43 den
3154 693 174 46 Valeurs

944 774 86 42 und
1061 774 56 41 im
1147 775 114 48 Ton;
1293 772 64 42 die
1387 768 288 58 Wiedergabe
1707 769 74 42 der
1801 769 188 50 Statuen,
2022 764 247 45 namentlich
2300 764 66 41 die
2398 763 74 42 der
2493 764 191 41 Bronzen
2709 762 108 56 zeigt
2837 762 41 41 in
2897 761 110 42 ihrer
3027 764 302 61 Modellierung,

943 848 41 41 in
1011 846 82 43 den
1110 846 316 43 Verhältnissen
1454 844 86 42 und
1578 844 41 41 in
1647 842 74 42 der
1751 841 140 43 Farbe
1924 842 40 40 in
1995 840 133 41 vielen
2158 838 144 43 Fällen
2333 837 109 42 noch
2474 835 247 43 auffallende
2750 835 362 56 Unrichtigkeiten,
3143 839 100 42 oder
3272 844 56 41 sie

942 920 176 42 verfehlt
1156 919 66 42 die
1260 917 296 44 künstlerische
1587 915 221 56 Wirkung.
1882 914 125 42 Noch
2046 917 198 52 grössere
2283 909 367 57 Schwierigkeiten
2687 908 126 42 bietet
2853 908 66 42 die
2958 908 371 59 photographische

942 993 241 42 Aufnahme
1213 1006 87 28 von
1331 992 172 41 Bauten.
1566 990 102 41 Dies
1700 988 92 43 sind
1811 988 166 50 Fehler,
2009 987 65 42 die
2105 985 131 43 selbst
2265 985 68 42 bei
2365 984 81 42 den
2477 983 149 42 besten
2659 983 304 42 Instrumenten
2994 983 85 41 und
3110 984 80 42 den
3219 988 89 42 tüch-

942 1066 153 56 tigsten
1132 1064 329 57 Photographen
1502 1062 130 43 durch
1672 1062 66 41 die
1777 1059 389 59 Eigentümlichkeit
2206 1059 75 42 des
2322 1056 326 57 Standpunktes,
2688 1056 75 42 des
2794 1056 223 51 Materials,
3059 1056 73 42 der
3161 1059 168 54 Lichter,

941 1140 173 41 Reflexe
1157 1153 39 27 u.
1228 1152 32 28 s.
1292 1152 49 28 w.
1383 1136 110 42 nicht
1538 1137 146 41 immer
1723 1149 52 27 zu
1813 1135 241 42 vermeiden
2093 1133 105 51 sind,
2238 1133 67 41 bei
2345 1131 217 56 flüchtiger
2610 1130 87 42 und
2734 1129 456 58 handwerksmässiger
3228 1135 77 41 Auf-

942 1212 161 53 nahme,
1134 1212 78 42 wie
1241 1212 61 41 sie
1333 1210 110 42 doch
1474 1209 66 42 die
1570 1209 137 56 Regel
1739 1209 145 51 bilden,
1925 1208 100 41 aber
2055 1208 146 41 immer
2232 1206 117 42 mehr
2388 1205 104 43 oder
2523 1205 184 55 weniger
2737 1202 248 44 vorhanden
3022 1204 101 42 sind.
3182 1205 148 44 Solche

940 1286 151 42 Fehler
1121 1284 168 44 werden
1322 1298 85 28 nun
1436 1284 41 42 in
1509 1283 81 42 den
1620 1282 312 56 mangelhaften
1964 1279 564 57 Reproduktionsverfahren
2568 1277 87 43 und
2695 1277 68 42 bei
2784 1276 97 42 dem
2900 1276 202 56 geringen
3121 1279 207 57 Umfange

941 1359 74 42 der
1035 1358 408 43 Textillustrationen
1472 1356 287 55 notwendiger
1778 1356 148 41 Weise
1960 1354 236 42 wesentlich
2226 1352 209 43 verstärkt
2460 1352 87 42 und
2579 1351 214 43 entstellen
2824 1350 66 41 die
2916 1350 276 44 Kunstwerke
3222 1354 106 43 nicht

940 1432 130 42 selten
1100 1431 63 42 bis
1198 1445 72 27 zur
1302 1430 254 42 Karrikatur.
1606 1430 101 41 Wie
1737 1427 116 44 stark
1884 1428 87 41 sich
2003 1427 113 42 diese
2147 1427 171 56 Mängel
2349 1425 170 57 geltend
2543 1424 185 51 machen,
2762 1423 121 42 dafür
2904 1423 155 55 spricht
3089 1437 69 29 am
3187 1425 141 44 besten

940 1505 67 42 die
1037 1505 251 51 Thatsache,
1321 1503 100 42 dass
1454 1503 63 42 ein
1549 1503 131 41 Mann
1719 1502 77 41 wie
1829 1502 144 53 Justus
2005 1500 280 42 Brinckmann
2324 1499 159 43 soeben
2514 1498 142 42 seinen
2688 1511 181 42 grossen
2900 1495 162 42 Führer
3099 1497 126 42 durch
3257 1499 72 43 das

939 1578 271 56 Hamburger
1241 1576 532 56 Kunstgewerbemuseum
1810 1575 72 41 mit
1921 1573 348 57 Nachbildungen
2301 1573 108 42 nach
2440 1572 295 55 Zeichnungen
2775 1570 87 42 und
2897 1570 111 41 nicht
3047 1571 106 41 nach
3184 1571 120 56 photo-

940 1652 278 57 graphischen
1251 1651 267 43 Aufnahmen
1550 1649 74 41 der
1655 1647 300 57 Gegenstände
1987 1653 277 51 ausgestattet
2293 1647 84 41 hat.

1089 1726 132 53 Jenen
1241 1724 235 42 Verfahren
1508 1722 246 56 gegenüber
1785 1721 139 42 haben
1957 1721 73 42 der
2053 1721 253 42 Lichtdruck
2335 1719 87 43 und
2455 1719 64 42 die
2538 1718 317 56 Heliogravüre,
2888 1717 192 56 obgleich
3111 1717 125 44 durch
3269 1720 61 42 die

938 1800 82 42 Art
1047 1799 74 41 der
1140 1797 266 56 Herstellung
1431 1796 224 56 gleichfalls
1682 1796 49 51 in;
1754 1795 134 42 einem
1919 1796 208 55 gewissen
2149 1794 142 42 Grade
2321 1794 278 49 unbestimmt,
2631 1792 109 42 doch
2772 1804 150 42 grosse
2939 1792 209 55 Vorzüge,
3175 1794 156 41 sowohl

938 1873 41 41 in
1011 1872 74 41 der
1108 1870 249 57 Richtigkeit
1388 1869 86 43 und
1497 1869 175 43 Schärfe
1704 1869 78 42 wie
1813 1869 41 41 in
1886 1868 75 42 der
1980 1867 308 56 Erscheinung;
2321 1867 85 42 ihre
2428 1865 285 56 Anwendung
2734 1866 64 41 für
2830 1865 65 41 die
2926 1865 293 57 Nachbildung
3248 1881 82 28 von

938 1944 316 50 Kunstwerken,
1293 1942 249 43 namentlich
1574 1956 87 28 von
1700 1942 180 50 solchen,
1919 1942 156 42 welche
2119 1941 65 41 die
2223 1940 321 56 Photographie'
2583 1940 73 41 mit
2697 1938 257 42 besonderer
2985 1940 139 40 Treue
3163 1941 144 41 wieder-

937 2018 189 56 zugeben
1157 2018 56 41 im
1233 2017 160 43 Stande
1423 2017 62 50 ist,
1518 2016 103 42 wird
1653 2015 130 42 daher
1813 2016 42 41 in
1886 2016 80 41 den
1987 2015 150 42 Tafeln
2168 2014 75 42 der
2273 2013 448 56 Kunstpublikationen
2751 2018 104 36 stets
2882 2013 118 40 mehr
3033 2013 101 41 oder
3154 2015 176 55 weniger

938 2092 73 41 mit
1041 2091 40 42 in
1112 2091 198 42 Betracht
1342 2090 207 42 kommen.
1611 2090 146 41 Zumal
1789 2090 40 41 in
1860 2088 418 43 wissenschaftlichen
2297 2087 199 50 Werken,
2529 2100 67 29 wo
2624 2087 140 41 Treue
2791 2086 74 41 der
2885 2086 288 56 Wiedergabe
3203 2094 126 36 erstes

937 2164 265 42 Erfordernis
1234 2165 69 50 ist;
1340 2165 64 40 für
1436 2163 89 42 eine
1556 2163 229 42 illustrierte
1817 2161 358 43 Kunstzeitschrift
2205 2161 111 42 steht
2347 2161 102 41 aber
2481 2161 155 41 meines
2669 2160 233 42 Erachtens
2937 2160 74 42 der
3041 2161 290 42 künstlerische

939 2238 325 56 Gesichtspunkt
1295 2252 144 27 voran.

1087 2312 103 53 Jene
1211 2309 395 56 Mannichfaltigkeit
1637 2309 75 42 der
1743 2309 230 42 modernen
1992 2308 461 56 Reproduktionsarten
2473 2308 86 43 und
2580 2309 86 41 ihre
2687 2309 388 56 Mangelhaftigkeit
3095 2307 137 43 haben
3253 2307 77 43 den

939 2384 263 43 Geschmack
1232 2384 85 42 und
1348 2384 104 42 Sinn
1483 2383 67 41 für
1580 2382 173 42 stilvolle
1785 2381 395 57 Buchausstattung,
2222 2395 110 43 ganz
2370 2382 235 42 besonders
2643 2382 67 42 bei
2750 2397 78 28 uns
2868 2384 41 41 in
2939 2382 303 50 Deutschland,
3281 2396 47 27 so

938 2459 273 42 verkommen
1241 2458 149 51 lassen,
1432 2457 101 42 dass
1564 2457 162 41 Werke
1765 2457 73 41 mit
1879 2457 97 40 dem
2015 2455 222 42 buntesten
2269 2455 197 42 Gemisch
2507 2455 134 42 dieser
2679 2455 405 51 Illustrationsarten,
3125 2456 71 41 mit
3236 2455 92 42 dem

938 2533 245 41 krausesten
1213 2532 85 41 und
1329 2530 474 56 verschiedenartigsten
1831 2530 109 50 Satz,
1972 2530 252 55 womöglich
2255 2529 41 41 in
2327 2529 217 42 mehreren
2574 2528 179 52 Farben,
2784 2544 87 28 von
2903 2530 81 42 den
3004 2529 232 55 Verlegern
3268 2528 62 42 für

937 2606 295 42 künstlerische
1253 2604 293 42 Prachtwerke
1578 2603 273 57 ausgegeben
1882 2602 86 43 und
1998 2617 102 28 vom
2120 2602 220 42 Publikum
2370 2603 73 41 mit
2464 2601 197 42 Vorliebe
2693 2603 174 55 gekauft
2895 2603 182 42 werden.
3134 2602 195 56 Aufgabe

939 2680 110 41 einer
1080 2693 180 42 grossen
1290 2678 358 43 Kunstzeitschrift
1677 2678 79 41 wie
1795 2676 74 42 des
1901 2678 99 40 Pan
2038 2677 52 41 ist
2128 2690 63 36 es,
2229 2676 88 41 hier
2356 2676 129 42 durch
2516 2677 293 41 musterhaftes
2840 2677 177 56 Beispiel
3048 2676 165 42 bildend
3248 2675 82 42 und

939 2752 197 42 fördernd
1168 2752 283 55 einzugreifen.
1512 2752 106 41 Eine
1648 2751 230 42 illustrierte
1909 2750 233 41 Zeitschrift
2182 2763 116 28 muss
2338 2764 112 27 zwar
2487 2751 76 40 auf
2601 2750 65 41 die
2704 2751 251 42 einheitliche
2986 2749 214 57 Wirkung
3240 2763 69 28 ver-

937 2827 167 50 zichten,
1136 2826 65 41 die
1230 2826 41 41 in
1303 2826 134 41 einem
1466 2825 256 42 illustrierten
1741 2824 118 42 Buch
1891 2824 130 42 durch
2053 2824 65 41 die
2136 2823 132 42 Wahl
2299 2824 127 41 Eines
2448 2824 220 41 Künstlers
2700 2824 66 42 für
2793 2824 269 56 Herstellung
3094 2824 73 41 der
3188 2822 117 42 Zeich-

935 2913 169 43 nungen
1135 2899 85 42 und
1258 2898 129 43 durch
1425 2899 105 41 Eine
1561 2898 318 56 gleichmässige
1911 2896 407 56 Reproduktionsart
2358 2897 98 41 aller
2487 2896 299 58 Abbildungen
2827 2898 135 41 erzielt
2999 2897 170 42 werden
3208 2897 119 41 kann.

936 2973 118 42 Aber
1084 2987 72 28 um
1186 2986 50 28 so
1268 2978 191 49 strenger
1490 2986 118 28 muss
1642 2971 65 41 die
1726 2970 238 42 Redaktion
1986 2968 181 43 darüber
2187 2970 186 50 wachen,
2406 2970 101 41 dass
2529 2970 65 42 die
2615 2971 233 42 Zeitschrift
2874 2971 132 42 durch
3026 2972 161 55 Typen,
3219 2971 106 49 Satz,

936 3046 145 42 Druck
1110 3045 86 43 und
1227 3046 150 55 Papier
1409 3045 131 42 schon
1571 3044 227 42 äusserlich
1839 3045 117 41 einen
1998 3043 287 51 einheitlichen,
2318 3044 205 42 vornehm
2561 3043 327 44 künstlerischen
2921 3044 231 42 Charakter
3193 3043 134 42 erhält.

938 3121 78 40 Als
1047 3121 123 54 Type
1201 3119 103 42 wird
1334 3133 78 27 nur
1443 3119 90 41 eine
1563 3118 386 56 Renaissancetype
1988 3116 82 42 den
2101 3116 347 57 Nachbildungen
2485 3116 74 42 der
2589 3118 279 42 Kunstwerke
2905 3118 103 42 alter
3040 3118 169 42 Meister
3248 3116 79 42 wie

940 3193 80 41 den
1038 3193 229 41 modernen
1285 3193 302 41 Illustrationen
1607 3191 294 56 gleichmässig
1921 3191 88 42 sich
2031 3205 233 42 anpassen;
2295 3205 45 28 es
2361 3191 145 42 würde
2537 3191 86 41 sich
2650 3192 73 41 mit
2745 3191 74 42 der
2836 3192 91 41 Zeit
2949 3191 200 42 vielleicht
3169 3190 157 50 lohnen,

940 3267 89 41 eine
1068 3266 140 42 solche
1247 3266 107 41 nach
1394 3265 82 42 den
1515 3264 255 43 klassischen
1801 3264 253 42 Vorbildern
2094 3278 77 28 aus
2205 3264 97 42 dem
2333 3264 122 42 Ende
2499 3264 74 42 des
2605 3275 55 43 15.
2699 3264 86 42 und
2815 3266 174 55 Anfang
3021 3264 75 42 des
3131 3264 57 42 16.
3212 3262 94 54 Jahr-

939 3340 209 51 hunderts,
1182 3340 64 41 die
1277 3340 124 55 lange
1432 3339 110 42 nicht
1572 3338 65 42 die
1669 3338 353 43 unkünstlerische
2054 3339 175 42 Schärfe
2260 3339 87 41 und
2377 3339 134 41 Härte
2554 3353 172 28 unserer
2765 3338 229 43 modernen
3024 3339 124 56 Type
3185 3336 143 50 haben,

941 3414 142 55 eigens
1114 3413 330 42 nachschneiden
1475 3427 51 27 zu
1556 3412 149 42 lassen.
1766 3412 118 42 Beim
1916 3412 101 43 Satz
2049 3412 103 42 wird
2185 3412 77 42 das
2294 3412 224 42 Einstellen
2559 3412 75 41 der
2664 3412 316 52 Illustrationen,
3020 3408 308 46 einschliesslich

942 3487 74 41 der
1046 3485 230 43 besonders
1307 3501 52 27 zu
1387 3485 326 43 kultivierenden
1742 3486 192 50 Initialen,
1966 3486 229 56 Vignetten
2227 3501 37 26 u.
2296 3499 32 28 s.
2359 3485 35 52 f.,
2435 3485 78 42 das
2544 3486 210 42 Verteilen
2793 3486 76 42 der
2899 3486 207 42 einzelnen
3136 3485 191 53 Beiträge

941 3559 86 43 und
1058 3560 64 41 die
1152 3560 275 56 Abmessung
1458 3560 74 41 der
1562 3560 199 55 richtigen
1792 3559 362 42 Zwischenräume
2185 3559 205 42 zwischen
2422 3559 81 42 den
2519 3559 280 52 Buchstaben,
2831 3561 205 41 Wörtern
3066 3558 85 42 und
3179 3558 149 42 Sätzen

943 3632 171 57 (freilich
1143 3632 67 42 bei
1241 3633 80 42 den
1352 3633 176 56 leidigen
1548 3632 286 43 Korrekturen
1864 3632 125 42 vieler
2010 3632 223 42 moderner
2260 3632 301 51 Schriftsteller,
2593 3647 52 28 zu
2677 3633 134 43 denen
2843 3634 64 41 ich
2939 3633 108 42 mich
3077 3631 126 42 leider
3225 3629 105 43 auch

942 3706 180 42 rechnen
1162 3720 128 37 muss,
1332 3706 89 42 eine
1463 3706 96 42 sehr
1599 3706 244 54 schwierige
1874 3704 218 58 Aufgabe)
2133 3706 73 41 mit
2245 3705 219 56 peinlicher
2499 3706 190 55 Sorgfalt
2728 3706 85 42 und
2852 3706 340 43 künstlerischem
3229 3704 99 42 Sinn

943 3778 250 43 beobachtet
1223 3780 169 41 werden
1423 3784 180 38 müssen.
1655 3781 89 40 Der
1775 3778 386 56 Hauptnachdruck
2192 3779 100 56 liegt
2323 3779 102 41 aber
2455 3779 75 42 auf
2558 3779 81 42 den
2669 3780 312 43 Illustrationen.
3043 3778 285 43 Einzelblätter

943 3853 148 42 sollten
1121 3853 40 41 in
1192 3853 125 51 Stich,
1348 3853 229 56 Radirung,
1609 3852 259 43 Holzschnitt
1907 3852 85 41 und
2024 3852 308 56 Lithographie,
2688 3854 106 42 auch
2832 3855 57 41 im
2918 3852 273 44 Farbenstich
3226 3850 101 42 oder
