3494 4572
319 454 66 37 für
395 453 235 43 Bücherzeichen,
653 456 308 35 Bibliothekenkunde
976 461 70 30 und
1061 460 334 43 Gelehrtengefdoidote“,
1418 463 52 31 die

327 505 95 31 unter
442 507 70 31 dem
529 507 174 41 Haupttitel
720 510 185 35 Ex-libris
925 521 61 22 von
1008 513 70 30 dem
1096 512 235 43 gleichnamigen
1348 514 122 33 Vereine

327 557 33 30 in
382 557 105 31 Berlin
513 559 233 43 herausgegeben
774 562 87 32 wird.
906 564 61 31 Die
994 564 165 42 Zeitfchrift
1184 566 36 37 iß
1237 567 75 40 fehr
1331 567 142 40 gefchickt

322 608 120 41 geleitet
455 612 72 29 und
536 613 75 40 fehr
617 613 93 40 fchön
725 615 196 42 ausgeßattet,
945 618 106 40 zumal
1070 618 33 31 in
1118 620 60 29 den
1194 619 274 41 Reproduktionen,

325 661 52 31 die
387 660 50 42 fie
456 663 75 31 nach
549 665 83 31 alten
655 668 71 30 und
746 676 100 23 neuen
861 668 225 43 Büdoerzeidoen
1103 670 89 41 giebt.
1222 671 107 39 Jedem
1343 671 108 32 Bücher-

324 713 153 32 liebhaber
495 715 36 40 ift
539 715 50 42 fie
611 717 157 42 befonders
789 728 41 33 zu
852 722 173 39 empfehlen.
1114 723 132 40 Guftave
1263 724 122 40 Geffroy
1404 724 66 31 tritt

324 774 45 22 tm
379 766 120 41 parifer
507 768 171 40 „Journal“
689 771 114 39 lebhaft
807 773 66 38 für
882 773 185 42 Gründung
1079 773 82 33 eines
1171 774 296 42 kunftgewerblidoen

324 817 160 42 Mufeums
506 820 58 32 mit
585 821 222 43 Abendkurfen
830 824 75 41 („Le
926 826 105 41 Mufee
1053 828 45 30 du
1120 827 101 41 Soir“)
1244 828 59 32 ein.

411 870 71 32 Aus
523 873 110 42 Anlaß
670 874 95 36 feines
805 884 47 35 75.
896 878 213 42 Geburtstages
1150 881 105 30 wurde
1292 879 176 36 Theodor

324 921 174 36 Fontane
524 933 73 33 zum
623 926 210 34 Ehrendoktor
860 931 57 30 der
942 931 138 31 Berliner
1108 931 186 42 Univerfität
1322 934 144 30 ernannt.

323 973 46 31 Er
393 974 54 31 hat
472 976 45 31 all
543 978 52 30 die
623 978 174 42 Ehrwngen,
829 981 51 32 die
907 981 62 32 ihm
997 983 57 30 der
1079 981 65 43 Tag
1164 983 136 41 gebracht
1319 985 59 40 hat,
1409 987 60 39 gut

322 1025 203 41 überftanden
548 1030 71 30 und
632 1030 36 39 ift
681 1039 44 22 an
739 1031 116 41 Frifche,
875 1032 138 42 geiftiger
1024 1034 222 41 Beweglichkeit
1258 1037 70 31 und
1341 1036 111 31 liebens-

324 1079 172 40 würdigem
525 1081 133 41 Intereffe
682 1084 66 37 für
777 1085 76 30 alles
883 1084 132 42 Tüchtige
1045 1086 112 32 immer
1184 1087 71 32 noch
1285 1089 56 30 das
1359 1088 108 41 fchöne

322 1129 120 42 Mußten
458 1133 65 37 für
541 1133 80 31 Alle.
666 1135 62 31 Die
752 1136 93 40 erften
872 1137 68 31 drei
960 1138 122 40 Kapitel
1093 1138 107 42 feiner
1220 1140 228 31 Lebenserinner-

322 1191 105 32 ungen
454 1186 124 30 werden
606 1186 34 30 in
670 1188 102 40 diefen
799 1189 138 31 Blättern
964 1189 172 41 erfdoeinen.
1238 1192 65 31 Am
1330 1202 22 21 1.
1374 1193 91 42 März

322 1236 108 30 wurde
457 1235 44 32 im
529 1237 115 32 Grand
670 1239 90 31 Hotel
785 1249 41 30 zu
853 1241 90 32 Paris
969 1251 60 23 von
1047 1242 111 41 feinen
1184 1244 183 40 „Freunden
1395 1246 71 30 und

320 1286 232 33 Bewunderern
559 1288 16 16 “
583 1289 162 35 Edmond
754 1300 50 24 de
813 1293 207 35 Goncourt
1025 1294 50 31 ein
1080 1296 105 40 großes
1193 1296 132 32 Bankett
1327 1297 136 41 gegeben,

321 1347 44 22 an
384 1340 70 30 dem
472 1340 74 31 auch
565 1342 51 30 die
633 1342 237 43 Genoffenfchaft
882 1345 98 33 PAN
991 1348 145 30 vertreten
1154 1357 73 22 war.
1314 1349 46 31 lm
1374 1349 92 31 Hotel

320 1390 122 32 Drouot
463 1401 41 32 zu
519 1393 92 31 Paris
625 1396 132 30 wurden
771 1396 132 41 kürzlich
917 1399 65 37 für
1000 1406 43 23 20
1051 1408 67 22 000
1133 1399 115 32 Francs
1266 1401 100 31 Werke
1384 1402 82 31 Paul

322 1443 168 40 Gauguins
504 1444 175 42 veifteigert.
712 1448 65 31 Das
793 1448 134 32 Vorwort
940 1458 41 33 zu
995 1452 71 30 dem
1077 1451 275 43 Auctionskatalog
1363 1453 101 31 rührte

320 1504 60 22 von
402 1495 124 41 Auguft
551 1497 180 43 Strindberg
750 1500 59 31 her.
855 1502 151 40 Gauguin
1032 1502 191 43 beabfichtigt,
1253 1505 115 31 wieder
1392 1505 73 32 nach

320 1545 94 33 Tahiti
432 1549 274 41 zurückzukehren.
781 1552 131 32 Richard
925 1554 126 32 Muther
1070 1555 35 40 ift
1126 1556 47 31 als
1187 1557 144 41 Profeffor
1350 1566 43 23 an
1415 1558 50 31 die

320 1599 163 32 Breslauer
515 1601 185 42 Univerfität
731 1603 126 40 berufen
891 1607 132 30 worden.
1142 1608 71 31 Vom
1244 1617 42 23 21.
1318 1609 44 32 bis
1392 1618 73 31 zum

319 1658 48 25 28.
391 1651 169 41 September
580 1655 81 30 wird
682 1656 57 30 der
759 1665 13 21 1
773 1664 29 32 7.
827 1656 139 42 Congreß
986 1660 57 30 der
1062 1659 182 41 Affociation
1270 1661 144 32 litteraire
1437 1663 31 30 et

319 1704 154 41 artiftique
489 1705 236 34 internationale
739 1708 35 31 in
786 1709 139 31 Dresden
936 1710 173 41 abgehalten
1124 1714 130 39 werden,
1271 1714 47 31 als
1329 1715 56 30 der
1394 1714 71 40 erfte

319 1757 98 39 diefer
432 1757 152 42 Congreffe
599 1760 62 37 auf
676 1760 164 42 deutfehem
855 1762 113 31 Boden.
1056 1763 37 32 ln
1108 1764 84 31 ihren
1206 1765 258 42 Märznummern

318 1809 251 40 veröffentlichten
586 1810 184 43 gleidozeitig
787 1813 52 31 die
860 1813 102 33 Neue
978 1815 193 34 Deutsche
1184 1817 229 34 Rundschau
1430 1818 34 31 in

318 1860 105 31 Berlin
436 1863 70 29 und
517 1863 57 30 der
583 1863 181 34 Mercure
778 1872 49 25 de
839 1865 146 34 France
998 1867 34 30 in
1042 1867 92 32 Paris
1145 1869 50 31 die
1206 1869 191 41 Antworten,
1413 1871 50 31 die

306 1911 50 41 fie
374 1914 64 38 auf
454 1913 67 32 eine
536 1915 141 41 Anfrage
699 1916 75 31 über
795 1917 51 32 die
866 1918 102 31 Mittel
988 1928 42 32 zu
1049 1919 86 32 einer
1152 1921 161 31 intimeren
1335 1921 112 41 deutfeh-

310 1964 221 42 franzöfifchen
543 1967 221 42 Annäherung
776 1970 134 31 erhalten
926 1970 102 32 haben.
1063 1972 61 31 Die
1139 1970 152 43 Thatfache
1307 1974 97 40 diefer
1413 1984 34 31 ge-

317 2017 266 40 meinfchaftlichen
597 2020 228 42 Frageftelhmg
846 2022 97 31 allein
955 2023 92 40 fdoon
1069 2025 71 30 und
1160 2025 89 30 dann
1272 2026 57 30 der
1348 2026 114 40 Erfolg,

317 2070 63 40 daß
404 2070 34 30 in
466 2069 106 33 beiden
595 2072 146 31 Ländern
767 2073 159 41 zahlreiche
948 2074 147 32 Stimmen
1110 2074 64 42 fich
1195 2076 44 31 im
1261 2076 94 32 Sinne
1373 2079 93 38 guter

316 2121 360 42 Kulturkameradfchaft
692 2125 149 39 geäußert
853 2125 103 41 haben,
976 2126 93 40 geben
1084 2128 70 30 dem
1171 2128 224 31 Unternehmen
1409 2130 56 30 der

316 2173 107 31 beiden
437 2174 142 32 Revueen
601 2176 56 30 das
678 2176 137 41 Gepräge
842 2177 81 31 eines
950 2178 92 40 höchft
1066 2179 193 38 erfreulichen
1282 2180 180 42 Ereigniffes.

317 2223 26 35 C
358 2224 134 34 Notizen
516 2234 41 24 zu
574 2225 173 42 Beiträgen
765 2227 32 33 in
819 2227 119 34 diesem
955 2229 95 41 Hefte
1067 2231 64 31 und
1147 2231 221 41 Mitteilungen
1387 2232 76 33 über

317 2276 105 42 einige
450 2277 149 42 künftige
622 2278 161 42 Beiträge.
815 2279 26 35 D
869 2281 66 31 Das
959 2281 144 42 Original
1129 2285 54 31 des
1205 2285 154 31 Gedichtes
1380 2286 82 40 „Die

316 2328 162 43 Tanzgilde
485 2331 16 16 u
533 2341 61 22 von
626 2332 89 32 Arne
749 2333 141 41 Garborg
923 2334 36 40 ift
993 2335 35 30 in
1065 2336 57 30 der
1155 2337 306 41 verallgemeinerten,

315 2382 235 42 litterarifiertm
568 2385 213 40 norwegifdoen
799 2385 210 42 Volksfpradoe,
1033 2388 70 30 dem
1115 2389 215 39 fogenannten
1345 2390 99 31 Lands-

315 2434 98 40 maal,
444 2436 181 40 gefchrieben
656 2439 71 29 und
757 2437 51 32 ein
839 2436 62 33 Teil
931 2448 57 22 aus
1020 2439 99 31 einem
1145 2441 146 40 größeren
1323 2441 138 42 Ganzen.

315 2486 61 32 Die
398 2487 117 31 Heldin
536 2488 100 40 diefer
648 2488 180 42 Erzählung
840 2489 37 40 ift
897 2491 56 30 das
966 2490 297 42 „Hügelweibchen“,
1287 2492 67 31 eine
1360 2493 102 41 junge

314 2539 116 40 Hirtin,
458 2539 51 31 die
537 2540 103 40 diefen
666 2540 124 33 Namen
816 2550 74 33 zum
919 2541 99 40 Spotte
1035 2543 102 38 führt.
1182 2544 63 31 Ihre
1267 2544 195 32 Kameraden

315 2592 110 30 wollen
435 2590 49 42 fie
506 2592 103 31 damit
628 2592 47 31 als
696 2592 78 32 Eine
796 2593 178 41 verhöhnen,
998 2594 51 32 die
1065 2594 43 32 im
1123 2595 212 41 Aberglauben
1351 2606 44 22 an
1410 2598 51 31 die

315 2643 117 41 Geifter
458 2644 52 30 des
536 2644 186 41 Blauhügels
748 2646 178 30 verdummt
950 2646 43 40 ift.
1038 2646 37 32 In
1100 2647 148 32 Wahrheit
1272 2648 36 40 ift
1321 2648 49 42 fie
1395 2649 66 31 eine

313 2695 193 40 Hellfeherin,
529 2695 311 41 „Spökenkiekerin.“
926 2698 99 33 Axel
1051 2700 154 40 Gallen,
1228 2709 60 22 von
1312 2702 69 30 dem
1404 2701 61 31 wir

313 2747 52 32 die
393 2747 225 40 Illuftrationen
646 2757 41 33 zu
716 2748 182 32 Scheerbarts
926 2750 182 41 Königslied
1138 2752 256 42 veröffentlidoten,
1426 2753 37 40 ift

308 2799 127 40 geboren
465 2801 70 40 1863
566 2800 34 31 in
629 2801 189 41 Bjerneborg,
851 2801 169 42 Finnland,
1048 2804 78 41 ging
1154 2812 72 32 1884
1258 2805 73 31 nach
1359 2806 100 39 Paris,

308 2851 145 38 Budierte
472 2852 47 31 bei
532 2853 202 40 Bouguereau
755 2854 71 31 und
841 2853 72 32 Toni
924 2855 113 32 Robert
1049 2855 108 40 Fleury
1178 2857 71 30 und
1269 2857 99 31 kehrte
1388 2865 72 33 188
1467 2851 6 47 p

310 2903 75 31 nach
400 2903 160 32 Finnland
581 2905 124 42 zurück.
743 2906 45 31 Er
807 2906 167 31 debütierte
997 2914 68 35 1883
1087 2907 44 32 im
1147 2907 94 32 Salon
1259 2910 53 30 des
1327 2909 133 40 Champs

310 2956 121 39 Elysees
456 2956 60 31 mit
539 2957 98 32 einem
659 2958 87 31 Bilde
768 2982 16 16 „
791 2959 190 41 Automne,“
998 2960 100 40 ftellte
1125 2967 76 34 ispo
1231 2961 44 32 im
1298 2961 93 32 Salon
1413 2963 47 30 du

311 3008 118 40 Champ
463 3011 37 30 de
529 3010 90 31 Mars
644 3010 52 31 ein
721 3010 73 32 Bild
819 3010 202 42 „Souffrance
1046 3013 112 30 muette
1161 3013 18 16 u
1206 3022 66 31 aus,
1303 3015 56 30 das
1385 3014 75 31 auch

310 3060 44 31 im
379 3061 122 41 vorigen
524 3062 112 31 Monat
657 3063 34 30 in
718 3064 56 29 der
800 3063 60 31 mit
879 3064 116 31 Mundo
1021 3067 176 39 zufummen
1228 3066 230 40 veranftalteten

310 3112 316 43 Separatausftellung
651 3114 35 31 in
712 3115 106 32 Berlin
844 3124 42 30 zu
902 3116 95 40 fehen
1023 3126 75 31 war,
1130 3119 72 30 und
1228 3120 107 29 wurde
1361 3120 100 38 dafür

309 3173 75 33 Zum
405 3165 127 31 Associe
553 3168 143 30 ernannt.
786 3167 88 33 Seine
901 3168 92 40 erften
1016 3169 113 41 Bilder,
1160 3170 84 41 meift
1264 3171 114 31 Motive
1400 3180 58 23 aus

298 3215 171 43 finnifdoem
487 3219 185 41 Völksfagen,
689 3220 155 32 darunter
856 3222 56 30 das
927 3219 166 42 Triptychon
1108 3222 54 41 „la
1177 3223 123 40 legende
1314 3224 144 31 d\Aino“

1575 462 187 44 (Kalevala),
1778 464 81 43 find
1884 466 34 32 in
1945 468 57 30 der
2022 467 125 33 Galerie
2169 478 61 22 von
2251 469 199 43 Helfingfors.
2493 471 73 32 Sein
2587 473 132 41 neueftes

1573 516 80 41 Bild,
1678 517 159 40 Conceptio
1863 519 91 40 artis,
1978 519 82 31 wird
2083 529 60 23 von
2170 520 62 32 ihm
2251 523 65 37 für
2335 523 99 34 PAN
2452 523 81 32 hmt
2552 525 64 39 auf
2634 525 85 32 Stein

1569 567 173 43 gezeichnet.
1790 570 46 32 Er
1863 570 59 32 lebt
1936 570 65 41 feit
2026 571 125 43 kurzem
2178 574 35 30 in
2239 574 113 32 Berlin.
2453 576 59 31 Die
2541 576 91 33 Hölle
2658 587 61 22 von

1574 620 158 34 Gustav
1751 622 180 34 Vigeland
1952 622 38 40 iß
2009 624 51 30 die
2083 624 70 39 erfte
2164 626 124 40 größere
2302 626 110 32 Arbeit
2430 627 31 43 (3
2476 635 38 26 x
2527 627 49 42 Pf
2600 630 116 41 Meter)

1573 673 52 31 des
1642 673 126 41 jungen
1794 674 213 41 norwegifdoen
2029 675 195 42 Bildhauers,
2253 679 56 30 der
2330 680 206 41 gegenwärtig
2560 681 35 31 in
2617 682 104 31 Berlin

1573 724 84 32 weilt
1682 727 70 30 und
1776 726 67 31 hier
1866 736 43 21 an
1937 727 153 32 mehreren
2117 729 148 40 Gruppen
2284 731 65 38 für
2373 732 116 42 Bronze
2515 733 130 32 arbeitet.

1572 777 81 39 Prof.
1669 777 160 35 Köpping
1851 778 54 31 hat
1924 788 30 22 es
1976 779 226 42 übernommen,
2218 782 52 31 die
2284 783 197 42 Herftellung
2491 785 54 31 des
2564 785 154 42 Facfimile

1571 828 82 32 eines
1667 830 233 41 altjapanifdoen
1919 831 214 32 Buntdruckes
2148 834 64 38 für
2223 834 101 33 PAN
2342 844 18 32 z
2361 844 22 22 u
2406 835 202 33 überwachen.
2652 838 67 31 Der

1572 880 148 41 tedonifdoe
1742 881 60 32 Teil
1823 882 37 36 iß
1879 882 80 42 Fritz
1975 884 87 42 Götz,
2086 886 70 30 dem
2171 894 99 23 neuen
2295 886 78 40 Chef
2390 896 60 22 von
2465 888 192 41 Meißenbach
2679 890 36 31 Sr

1570 933 140 41 Riffarth,
1735 935 187 31 anvertraut.
1996 936 144 41 Profeffor
2155 937 174 34 Wilhelm
2349 939 125 34 Hertz
2493 941 54 31 hat
2568 941 68 32 eine
2656 941 38 33 Er-

1571 994 161 33 neuerung
1759 987 52 31 des
1843 987 229 41 Wolframfchen
2102 989 147 31 Parceval
2274 991 118 42 nahezu
2418 993 159 32 vollendet.
2622 994 98 34 PAN

1571 1037 82 31 wird
1666 1037 50 32 ein
1731 1038 91 32 Stück
1844 1040 117 30 daraus
1975 1040 44 31 im
2034 1040 134 41 nädoften
2192 1042 90 39 Hefte
2297 1044 245 41 veröffentlichen.
2631 1047 84 39 Prof.

1571 1089 34 32 E.
1618 1090 44 31 M.
1680 1091 143 33 Geyger
1845 1091 126 31 arbeitet
1983 1093 94 31 unter
2089 1093 159 32 Anderem
2269 1103 42 23 an
2331 1095 266 42 Kleinfculpturen
2612 1098 87 41 kunft-

1571 1142 205 39 indußrieller
1789 1143 68 40 Art,
1872 1144 162 41 Kämmen,
2057 1145 139 42 Spiegeln
2212 1148 71 30 und
2296 1148 103 40 dergl.,
2424 1149 50 31 die
2496 1158 35 22 er
2545 1150 58 31 mit
2617 1150 99 32 einem

1570 1195 132 42 Auffatz
1722 1195 77 32 über
1815 1195 230 42 Kldnfculptur
2063 1197 44 31 im
2127 1198 99 33 PAN
2244 1207 18 33 z
2263 1208 22 22 u
2300 1200 190 41 publizieren
2509 1202 139 40 gedmkt.

1571 1247 56 31 PA
1633 1248 35 33 N
1680 1248 80 31 wird
1773 1257 43 22 an
1831 1248 256 33 Plattendruchen
2109 1250 34 31 in
2166 1249 131 42 nächfter
2309 1251 67 32 Zeit
2396 1261 31 23 u.
2443 1262 29 22 a.
2487 1253 146 33 Arbeiten
2655 1264 61 23 von

1569 1299 89 40 Zorn,
1672 1298 120 42 Thoma,
1805 1300 135 41 Klinger,
1953 1302 87 31 Peter
2049 1302 104 40 Halm,
2166 1302 116 41 Israels,
2295 1302 285 44 Touloufe-Lautrec,
2592 1306 124 41 Sattler,

1568 1350 169 42 Eckmann,
1755 1352 209 41 Meyer-Bafel,
1983 1354 158 40 Väüotton,
2161 1354 137 32 William
2322 1356 111 40 JJnger,
2457 1357 78 31 Karl
2549 1358 163 41 Koepping,

1569 1402 164 42 Schlittgen,
1756 1404 147 41 Besnard,
1919 1403 71 33 Toni
2011 1405 122 32 Stadler
2145 1407 246 41 veröffentlichen.
2464 1409 62 32 Des
2540 1410 177 42 Norwegers

1570 1455 225 34 Obstfelder
1814 1456 70 41 erfte
1908 1458 122 40 größere
2051 1458 109 31 Arbeit
2181 1458 34 31 in
2236 1459 92 41 Profa
2342 1459 100 41 „Liv“
2455 1461 148 41 erfcheint,
2627 1463 70 31 über-

1559 1509 81 40 fetzt
1656 1517 60 21 von
1735 1508 113 41 Dagny
1869 1509 263 42 Przybyszewska,
2156 1510 45 31 im
2214 1511 142 39 Juniheft
2377 1512 59 31 mit
2456 1512 85 32 einer
2562 1514 151 33 Rahmen-

1568 1559 166 42 Zeidmung
1768 1570 61 22 von
1862 1562 86 31 Dora
1981 1562 81 42 Hit\
2180 1563 183 35 Eckmann
2395 1564 126 33 arbeitet
2551 1575 44 22 an
2631 1566 87 31 einer

1568 1611 252 43 Steinzeichnung
1832 1613 33 31 in
1877 1613 83 41 fechs
1974 1614 114 32 Farben
2103 1616 66 37 für
2180 1615 103 41 PAN,
2307 1617 51 31 die
2377 1616 105 32 bereits
2497 1618 34 31 in
2549 1620 57 30 der
2618 1618 95 40 erften

1568 1665 154 32 Nummer
1745 1664 163 41 erfdoeinen
1920 1667 103 40 follte,
2053 1667 157 31 nunmehr
2227 1668 73 31 aber
2324 1669 59 31 mit
2407 1671 138 31 anderen
2567 1670 147 32 Arbeiten

1568 1717 52 30 des
1642 1716 158 40 Künftlers
1821 1717 44 31 im
1879 1717 144 39 Juniheft
2037 1718 167 43 publiziert
2223 1721 123 31 werden
2368 1721 89 32 wird.

1569 1766 25 35 CT
1617 1766 123 33 Societe
1762 1767 95 34 LArt.
1889 1768 26 35 ])
1937 1770 98 33 PAN
2053 1771 54 30 hat
2124 1772 65 38 für
2207 1772 206 41 Deutfchland
2433 1775 51 30 die
2506 1774 206 42 künftlerifche

1569 1820 180 41 Vertretung
1773 1822 57 29 der
1857 1820 113 32 Societe
2001 1822 96 31 DArt
2123 1823 34 30 in
2185 1823 113 42 Brüffel
2321 1825 217 32 übernommen
2564 1829 72 29 und
2660 1828 52 30 die

1568 1871 112 32 Societe
1694 1872 95 32 L’Art
1801 1881 41 29 zu
1846 1872 119 42 feinem
1980 1873 226 41 künftlerifdoen
2223 1876 147 32 Vertreter
2384 1877 33 31 in
2431 1878 114 41 Brüffel
2565 1881 146 29 ernannt.

1567 1924 61 32 Die
1644 1924 112 31 Societe
1769 1924 89 32 LArt
1876 1925 36 40 ift
1932 1924 66 33 eine
2020 1935 78 22 neue
2115 1926 205 43 Vereinigung
2339 1938 60 21 von
2415 1930 176 41 Künftlern,
2613 1933 99 30 denen

1567 1975 51 31 ein
1639 1975 109 32 reicher
1767 1977 217 40 Kunftfreund
2009 1978 52 30 ein
2079 1978 124 40 fchönes
2224 1980 348 42 Ausfteüungsgebäude
2601 1983 35 30 in
2657 1984 58 30 der

1566 2038 118 22 avenue
1709 2031 38 29 de
1768 2030 32 30 la
1823 2031 98 30 toison
1943 2031 68 30 d’or
2029 2039 60 30 zur
2110 2031 181 41 Verfügung
2310 2032 114 40 geftellt
2443 2034 59 40 hat,
2527 2044 47 22 wo
2596 2036 120 40 äußerft

1562 2081 244 41 gefchmackvolle
1832 2081 236 42 Ausßellungen
2098 2092 61 22 von
2189 2083 227 42 künftlerifdoen
2447 2088 72 29 und
2548 2088 79 30 aller
2651 2088 64 31 Art

1566 2133 294 40 kunftgewerblichm
1886 2133 122 32 Werken
2021 2134 192 42 ftattfinden.
2257 2137 67 30 Der
2338 2137 169 33 Charakter
2526 2140 54 30 des
2604 2139 84 32 Wohn-

1566 2185 104 40 haufes
1685 2187 71 30 und
1773 2194 60 23 von
1850 2186 221 32 Wohnräumen
2092 2187 37 40 ift
2149 2187 179 32 beibehalten
2350 2191 124 30 worden
2496 2192 72 30 und
2589 2192 123 32 verleiht

1566 2239 60 30 den
1648 2238 235 40 Ausftellungen
1907 2238 127 32 intimen
2056 2239 81 42 Reiz.

1567 2287 26 35 C
1630 2288 113 42 Verlag
1780 2288 76 34 Pan.
1893 2288 26 36 ])
1952 2291 59 31 Als
2043 2291 85 40 erftes
2164 2291 201 42 Verlagswerk
2397 2293 142 42 erfcheint
2566 2296 45 31 im
2642 2297 73 31 Mai

1568 2340 36 32 O.
1612 2341 30 39 J.
1655 2341 189 32 Bierbaum’s
1858 2341 147 42 Singfpiel
2018 2367 16 16 „
2041 2344 196 34 Lobetanz.
2245 2344 16 16 “
2293 2345 122 40 Diefem
2422 2346 108 41 folgen
2543 2371 16 16 „
2565 2348 126 34 Lebens-

1566 2394 165 38 blätter,
1745 2393 137 32 Gedichte
1898 2396 71 29 und
1978 2394 141 31 Anderes
2134 2404 60 21 von
2208 2395 131 32 Richard
2349 2397 133 32 Dehmel.
2490 2398 16 16 “
2535 2398 78 41 (Mit
2625 2400 68 31 Bild-

1556 2444 142 40 fdomuck
1720 2454 60 22 von
1803 2445 134 41 Sattler.)
1968 2446 135 40 Geplant
2117 2446 81 31 wird
2218 2448 51 31 die
2284 2448 195 42 Herausgabe
2494 2450 82 33 eines
2593 2452 118 33 Werkes

1566 2495 76 31 über
1662 2496 177 41 Medaillen,
1863 2506 43 22 an
1928 2498 69 30 dem
2020 2498 113 39 Alfred
2147 2499 164 33 Lichtwark
2333 2501 125 32 arbeitet
2478 2504 71 30 und
2570 2505 71 30 dem
2655 2506 57 30 der

1566 2548 35 31 in
1622 2549 111 40 diefem
1754 2549 88 38 Hefte
1865 2549 169 42 befindliche
2056 2550 133 42 Auffatz
2211 2553 194 31 entnommen
2427 2554 43 40 ift.

1567 2598 26 34 C[
1620 2598 108 41 Depot.
1759 2599 26 35 ]>
1815 2601 68 31 Pan
1914 2601 53 31 hat
1995 2601 96 42 einige
2123 2602 345 44 Originalzeichnungen
2499 2616 60 22 von
2587 2607 114 33 Sattler

1564 2651 147 31 Fernand
1731 2652 138 41 Khnopff
1885 2653 158 40 Doudelet,
2067 2653 97 42 einige
2188 2655 256 40 Originaldrucke
2465 2667 61 22 von
2548 2659 72 32 Otto
2634 2660 57 32 Eck-

1563 2712 100 22 mann
1686 2703 235 43 (Radierungen
1943 2707 71 29 und
2035 2706 228 42 Holzfdmitte),
2285 2706 97 42 einige
2404 2709 222 43 Radierungen
2648 2721 62 23 von

1563 2755 133 31 Eduard
1716 2755 114 32 Munch
1853 2758 70 29 und
1943 2756 334 44 Originalholzfdmitte
2301 2768 60 23 von
2378 2761 150 32 Vallotton
2551 2772 73 32 zum
2643 2764 51 31 Ver-

1566 2807 76 31 trieb
1664 2807 226 32 übernommen.
1935 2808 179 41 Mitglieder
2139 2811 134 32 erhalten
2298 2812 243 43 Vergünftigung
2564 2817 72 29 und
2658 2817 52 31 die

1562 2860 118 32 Blätter
1700 2862 63 37 auf
1783 2860 122 40 Wu/nfch
1926 2870 61 32 zur
2006 2862 123 42 Anficht
2144 2864 136 40 gefandt.
2356 2864 63 31 Von
2441 2866 70 31 dem
2532 2876 60 22 von
2606 2868 105 41 Jofeph

1562 2912 113 31 Sattler
1688 2913 64 38 für
1771 2913 51 31 die
1846 2913 237 41 Genoffenfchaft
2100 2915 93 33 PAN
2212 2915 34 31 in
2267 2915 68 31 drei
2356 2916 116 32 Farben
2494 2920 216 40 ausgeführten

1562 2964 117 36 Plakat,
1691 2963 82 42 find
1801 2973 43 22 20
1874 2964 90 32 Stück
1993 2968 63 37 auf
2074 2966 191 42 japanifches
2295 2968 223 41 Büttenpapier
2545 2971 166 43 abgezogen

1562 3017 71 30 und
1660 3025 69 22 vom
1750 3016 146 39 Künftler
1909 3016 146 43 figniert,
2085 3027 74 33 zum
2185 3019 96 41 Preife
2312 3029 59 23 von
2392 3022 35 40 je
2450 3031 31 33 13
2503 3023 108 42 Mark,
2640 3027 72 30 und

1562 3075 41 24 so
1615 3068 99 41 Stück,
1728 3067 165 42 gleichfalls
1896 3068 136 42 figniert
2046 3073 71 29 und
2131 3073 210 40 nummeriert,
2355 3074 62 38 auf
2424 3076 153 38 getöntem
2587 3077 121 41 Papier,

1561 3129 73 32 Zum
1649 3120 96 41 Preife
1760 3130 60 21 von
1834 3120 36 41 je
1883 3128 22 33 7
1920 3121 94 32 Mark
2023 3132 45 31 50
2084 3123 92 32 durch
2196 3125 52 30 die
2263 3124 229 41 Gefchäftsftelle
2507 3136 40 33 zu
2563 3128 144 43 beziehen.

1561 3173 178 40 Mitglieder
1758 3173 134 32 erhalten
1914 3174 51 31 die
1987 3174 126 42 Abzüge
2135 3177 63 38 auf
2220 3178 70 30 dem
2314 3177 196 42 japanifchen
2532 3181 115 39 Papier
2665 3191 42 33 zu

1561 3233 35 22 10
1618 3224 102 40 Mark,
1743 3226 51 30 die
1816 3227 65 37 auf
1897 3227 70 30 dem
1985 3228 141 39 getönten
2149 3237 40 33 zu
2206 3238 22 32 3
2250 3229 102 31 Mark.
