<?xml version="1.0" encoding="UTF-8"?>
<alto xmlns:xsi="http://www.w3.org/2001/XMLSchema-instance" xmlns="http://www.loc.gov/standards/alto/ns-v2#" xsi:schemaLocation="http://www.loc.gov/standards/alto/ns-v2# http://www.loc.gov/standards/alto/v2/alto-2-0.xsd" xmlns:xlink="http://www.w3.org/1999/xlink">
	<Description>
		<MeasurementUnit>mm10</MeasurementUnit>
		<sourceImageInformation>
			<fileName>//lib-docworks1/IN/PUL-BlueMountain-RQA/periodicals/bmtnabe/issues/1895/04_01/00000060.jp2</fileName>
		</sourceImageInformation>
		<OCRProcessing ID="OCRPROCESSING_1">
			<preProcessingStep>
				<processingSoftware>
					<softwareCreator>CCS Content Conversion Specialists GmbH, Germany</softwareCreator>
					<softwareName>CCS docWorks</softwareName>
					<softwareVersion>6.8-1.24</softwareVersion>
				</processingSoftware>
			</preProcessingStep>
			<ocrProcessingStep>
				<processingSoftware>
					<softwareCreator>ABBYY (BIT Software), Russia</softwareCreator>
					<softwareName>FineReader</softwareName>
					<softwareVersion>11.0</softwareVersion>
				</processingSoftware>
			</ocrProcessingStep>
			<postProcessingStep>
				<processingSoftware>
					<softwareCreator>CCS Content Conversion Specialists GmbH, Germany</softwareCreator>
					<softwareName>CCS docWorks</softwareName>
					<softwareVersion>6.8-1.24</softwareVersion>
					<applicationDescription>docWorks: Text modified manually, or automatically replaced</applicationDescription>
				</processingSoftware>
			</postProcessingStep>
		</OCRProcessing>
	</Description>
	<Styles>
		<TextStyle ID="TXT_0" FONTSIZE="43" FONTFAMILY="Courier New"/>
		<TextStyle ID="TXT_1" FONTSIZE="15" FONTFAMILY="Times New Roman"/>
		<TextStyle ID="TXT_2" FONTSIZE="45" FONTFAMILY="Times New Roman"/>
		<ParagraphStyle ID="PAR_RIGHT" ALIGN="Right"/>
		<ParagraphStyle ID="PAR_LEFT" ALIGN="Left"/>
		<ParagraphStyle ID="PAR_BLOCK" ALIGN="Block"/>
	</Styles>
	<Layout>
		<Page ID="P60" PHYSICAL_IMG_NR="60" HEIGHT="4572" WIDTH="3572" PRINTED_IMG_NR="36" PC="0.968">
			<TopMargin ID="P60_TM00001" HPOS="0" VPOS="0" WIDTH="3572" HEIGHT="447"/>
			<LeftMargin ID="P60_LM00001" HPOS="0" VPOS="447" WIDTH="190" HEIGHT="3611"/>
			<RightMargin ID="P60_RM00001" HPOS="3353" VPOS="447" WIDTH="219" HEIGHT="3611"/>
			<BottomMargin ID="P60_BM00001" HPOS="0" VPOS="4058" WIDTH="3572" HEIGHT="514">
				<TextBlock ID="P60_TB00001" HPOS="2072" VPOS="4060" WIDTH="183" HEIGHT="43" STYLEREFS="TXT_0 PAR_RIGHT">
					<TextLine ID="P60_TL00001" HPOS="2072" VPOS="4060" WIDTH="183" HEIGHT="43">
						<String ID="P60_ST00001" HPOS="2072" VPOS="4060" WIDTH="183" HEIGHT="43" CONTENT="36" WC="1.00" CC="00"/>
					</TextLine>
				</TextBlock>
			</BottomMargin>
			<PrintSpace ID="P60_PS00001" HPOS="190" VPOS="447" WIDTH="3163" HEIGHT="3611">
				<TextBlock ID="P60_TB00002" HPOS="930" VPOS="447" WIDTH="2405" HEIGHT="1041" STYLEREFS="TXT_1 PAR_LEFT">
					<TextLine ID="P60_TL00002" HPOS="932" VPOS="449" WIDTH="2390" HEIGHT="71">
						<String ID="P60_ST00002" HPOS="932" VPOS="464" WIDTH="72" HEIGHT="42" CONTENT="der" WC="0.98" CC="005"/>
						<SP ID="P60_SP00001" HPOS="1004" VPOS="506" WIDTH="36"/>
						<String ID="P60_ST00003" HPOS="1040" VPOS="463" WIDTH="263" HEIGHT="57" CONTENT="Radierung;" WC="1.00" CC="0000045007"/>
						<SP ID="P60_SP00002" HPOS="1303" VPOS="520" WIDTH="47"/>
						<String ID="P60_ST00004" HPOS="1350" VPOS="477" WIDTH="86" HEIGHT="28" CONTENT="von" WC="0.98" CC="400"/>
						<SP ID="P60_SP00003" HPOS="1436" VPOS="520" WIDTH="41"/>
						<String ID="P60_ST00005" HPOS="1477" VPOS="460" WIDTH="97" HEIGHT="43" CONTENT="dem" WC="0.98" CC="210"/>
						<SP ID="P60_SP00004" HPOS="1574" VPOS="520" WIDTH="32"/>
						<String ID="P60_ST00006" HPOS="1606" VPOS="458" WIDTH="184" HEIGHT="58" CONTENT="Stempel" WC="1.00" CC="0400001"/>
						<SP ID="P60_SP00005" HPOS="1790" VPOS="520" WIDTH="37"/>
						<String ID="P60_ST00007" HPOS="1827" VPOS="458" WIDTH="186" HEIGHT="57" CONTENT="dagegen" WC="1.00" CC="0000000"/>
						<SP ID="P60_SP00006" HPOS="2013" VPOS="520" WIDTH="29"/>
						<String ID="P60_ST00008" HPOS="2042" VPOS="456" WIDTH="128" HEIGHT="44" CONTENT="lassen" WC="1.00" CC="050000"/>
						<SP ID="P60_SP00007" HPOS="2170" VPOS="520" WIDTH="38"/>
						<String ID="P60_ST00009" HPOS="2208" VPOS="453" WIDTH="87" HEIGHT="44" CONTENT="sich" WC="0.99" CC="0003"/>
						<SP ID="P60_SP00008" HPOS="2295" VPOS="520" WIDTH="31"/>
						<String ID="P60_ST00010" HPOS="2326" VPOS="451" WIDTH="196" HEIGHT="45" CONTENT="tausende" WC="1.00" CC="34000000"/>
						<SP ID="P60_SP00009" HPOS="2522" VPOS="520" WIDTH="32"/>
						<String ID="P60_ST00011" HPOS="2554" VPOS="465" WIDTH="87" HEIGHT="28" CONTENT="von" WC="0.99" CC="010"/>
						<SP ID="P60_SP00010" HPOS="2641" VPOS="520" WIDTH="22"/>
						<String ID="P60_ST00012" HPOS="2663" VPOS="449" WIDTH="264" HEIGHT="59" CONTENT="Abschlägen" WC="1.00" CC="0000020000"/>
						<SP ID="P60_SP00011" HPOS="2927" VPOS="520" WIDTH="42"/>
						<String ID="P60_ST00013" HPOS="2969" VPOS="450" WIDTH="216" HEIGHT="47" CONTENT="herstellen." WC="0.89" CC="20003004001"/>
						<SP ID="P60_SP00012" HPOS="3185" VPOS="520" WIDTH="59"/>
						<String ID="P60_ST00014" HPOS="3244" VPOS="458" WIDTH="78" HEIGHT="44" CONTENT="Die" WC="1.00" CC="000"/>
					</TextLine>
					<TextLine ID="P60_TL00003" HPOS="932" VPOS="522" WIDTH="1383" HEIGHT="69">
						<String ID="P60_ST00015" HPOS="932" VPOS="540" WIDTH="197" HEIGHT="51" CONTENT="geprägte" WC="1.00" CC="00150010"/>
						<SP ID="P60_SP00013" HPOS="1129" VPOS="591" WIDTH="31"/>
						<String ID="P60_ST00016" HPOS="1160" VPOS="531" WIDTH="193" HEIGHT="44" CONTENT="Medaille" WC="0.99" CC="00510500"/>
						<SP ID="P60_SP00014" HPOS="1353" VPOS="591" WIDTH="32"/>
						<String ID="P60_ST00017" HPOS="1385" VPOS="531" WIDTH="169" HEIGHT="42" CONTENT="kommt" WC="0.99" CC="00006"/>
						<SP ID="P60_SP00015" HPOS="1554" VPOS="591" WIDTH="31"/>
						<String ID="P60_ST00018" HPOS="1585" VPOS="528" WIDTH="128" HEIGHT="44" CONTENT="somit" WC="0.99" CC="00027"/>
						<SP ID="P60_SP00016" HPOS="1713" VPOS="591" WIDTH="33"/>
						<String ID="P60_ST00019" HPOS="1746" VPOS="528" WIDTH="96" HEIGHT="41" CONTENT="dem" WC="1.00" CC="000"/>
						<SP ID="P60_SP00017" HPOS="1842" VPOS="591" WIDTH="31"/>
						<String ID="P60_ST00020" HPOS="1873" VPOS="524" WIDTH="296" HEIGHT="45" CONTENT="Holzschnitte" WC="1.00" CC="200500500100"/>
						<SP ID="P60_SP00018" HPOS="2169" VPOS="591" WIDTH="32"/>
						<String ID="P60_ST00021" HPOS="2201" VPOS="522" WIDTH="114" HEIGHT="45" CONTENT="nahe." WC="0.99" CC="04002"/>
					</TextLine>
					<TextLine ID="P60_TL00004" HPOS="1089" VPOS="588" WIDTH="2235" HEIGHT="72">
						<String ID="P60_ST00022" HPOS="1089" VPOS="602" WIDTH="149" HEIGHT="45" CONTENT="Durch" WC="0.98" CC="06203"/>
						<SP ID="P60_SP00019" HPOS="1238" VPOS="647" WIDTH="32"/>
						<String ID="P60_ST00023" HPOS="1270" VPOS="602" WIDTH="66" HEIGHT="44" CONTENT="die" WC="1.00" CC="000"/>
						<SP ID="P60_SP00020" HPOS="1336" VPOS="647" WIDTH="38"/>
						<String ID="P60_ST00024" HPOS="1374" VPOS="600" WIDTH="338" HEIGHT="60" CONTENT="Reproduktion," WC="1.00" CC="0100105003000"/>
						<SP ID="P60_SP00021" HPOS="1712" VPOS="660" WIDTH="31"/>
						<String ID="P60_ST00025" HPOS="1743" VPOS="597" WIDTH="66" HEIGHT="44" CONTENT="die" WC="0.97" CC="710"/>
						<SP ID="P60_SP00022" HPOS="1809" VPOS="660" WIDTH="40"/>
						<String ID="P60_ST00026" HPOS="1849" VPOS="596" WIDTH="111" HEIGHT="45" CONTENT="doch" WC="0.99" CC="1004"/>
						<SP ID="P60_SP00023" HPOS="1960" VPOS="660" WIDTH="37"/>
						<String ID="P60_ST00027" HPOS="1997" VPOS="596" WIDTH="151" HEIGHT="43" CONTENT="immer" WC="0.98" CC="52004"/>
						<SP ID="P60_SP00024" HPOS="2148" VPOS="660" WIDTH="31"/>
						<String ID="P60_ST00028" HPOS="2179" VPOS="594" WIDTH="154" HEIGHT="43" CONTENT="wieder" WC="0.99" CC="000006"/>
						<SP ID="P60_SP00025" HPOS="2333" VPOS="660" WIDTH="40"/>
						<String ID="P60_ST00029" HPOS="2373" VPOS="594" WIDTH="45" HEIGHT="40" CONTENT="in" WC="0.75" CC="50"/>
						<SP ID="P60_SP00026" HPOS="2418" VPOS="660" WIDTH="31"/>
						<String ID="P60_ST00030" HPOS="2449" VPOS="588" WIDTH="238" HEIGHT="46" CONTENT="demselben" WC="1.00" CC="000005000"/>
						<SP ID="P60_SP00027" HPOS="2687" VPOS="660" WIDTH="37"/>
						<String ID="P60_ST00031" HPOS="2724" VPOS="590" WIDTH="103" HEIGHT="42" CONTENT="Sinn" WC="0.99" CC="0400"/>
						<SP ID="P60_SP00028" HPOS="2827" VPOS="660" WIDTH="31"/>
						<String ID="P60_ST00032" HPOS="2858" VPOS="588" WIDTH="215" HEIGHT="58" CONTENT="Originale" WC="0.99" CC="400600500"/>
						<SP ID="P60_SP00029" HPOS="3073" VPOS="660" WIDTH="34"/>
						<String ID="P60_ST00033" HPOS="3107" VPOS="592" WIDTH="111" HEIGHT="56" CONTENT="giebt" WC="0.93" CC="00003"/>
						<SP ID="P60_SP00030" HPOS="3218" VPOS="660" WIDTH="30"/>
						<String ID="P60_ST00034" HPOS="3248" VPOS="597" WIDTH="76" HEIGHT="42" CONTENT="wie" WC="0.99" CC="020"/>
					</TextLine>
					<TextLine ID="P60_TL00005" HPOS="934" VPOS="657" WIDTH="2390" HEIGHT="72">
						<String ID="P60_ST00035" HPOS="934" VPOS="674" WIDTH="71" HEIGHT="43" CONTENT="der" WC="0.98" CC="005"/>
						<SP ID="P60_SP00031" HPOS="1005" VPOS="717" WIDTH="31"/>
						<String ID="P60_ST00036" HPOS="1036" VPOS="672" WIDTH="207" HEIGHT="45" CONTENT="Abdruck" WC="1.00" CC="0003000"/>
						<SP ID="P60_SP00032" HPOS="1243" VPOS="717" WIDTH="32"/>
						<String ID="P60_ST00037" HPOS="1275" VPOS="672" WIDTH="71" HEIGHT="43" CONTENT="der" WC="0.98" CC="006"/>
						<SP ID="P60_SP00033" HPOS="1346" VPOS="717" WIDTH="32"/>
						<String ID="P60_ST00038" HPOS="1378" VPOS="670" WIDTH="294" HEIGHT="59" CONTENT="Kupferplatte" WC="1.00" CC="000603026000"/>
						<SP ID="P60_SP00034" HPOS="1672" VPOS="729" WIDTH="32"/>
						<String ID="P60_ST00039" HPOS="1704" VPOS="669" WIDTH="103" HEIGHT="43" CONTENT="oder" WC="0.99" CC="0006"/>
						<SP ID="P60_SP00035" HPOS="1807" VPOS="729" WIDTH="32"/>
						<String ID="P60_ST00040" HPOS="1839" VPOS="667" WIDTH="69" HEIGHT="43" CONTENT="des" WC="1.00" CC="000"/>
						<SP ID="P60_SP00036" HPOS="1908" VPOS="729" WIDTH="19"/>
						<String ID="P60_ST00041" HPOS="1927" VPOS="663" WIDTH="301" HEIGHT="52" CONTENT="Holzschnitts," WC="0.99" CC="5046004414000"/>
						<SP ID="P60_SP00037" HPOS="2228" VPOS="729" WIDTH="33"/>
						<String ID="P60_ST00042" HPOS="2261" VPOS="662" WIDTH="158" HEIGHT="57" CONTENT="erlangt" WC="0.99" CC="0544000"/>
						<SP ID="P60_SP00038" HPOS="2419" VPOS="729" WIDTH="33"/>
						<String ID="P60_ST00043" HPOS="2452" VPOS="662" WIDTH="70" HEIGHT="42" CONTENT="das" WC="0.97" CC="060"/>
						<SP ID="P60_SP00039" HPOS="2522" VPOS="729" WIDTH="23"/>
						<String ID="P60_ST00044" HPOS="2545" VPOS="660" WIDTH="136" HEIGHT="42" CONTENT="Werk" WC="1.00" CC="0000"/>
						<SP ID="P60_SP00040" HPOS="2681" VPOS="729" WIDTH="31"/>
						<String ID="P60_ST00045" HPOS="2712" VPOS="658" WIDTH="69" HEIGHT="44" CONTENT="des" WC="0.99" CC="003"/>
						<SP ID="P60_SP00041" HPOS="2781" VPOS="729" WIDTH="32"/>
						<String ID="P60_ST00046" HPOS="2813" VPOS="657" WIDTH="257" HEIGHT="45" CONTENT="Medailleurs" WC="1.00" CC="00040000060"/>
						<SP ID="P60_SP00042" HPOS="3070" VPOS="729" WIDTH="32"/>
						<String ID="P60_ST00047" HPOS="3102" VPOS="676" WIDTH="198" HEIGHT="32" CONTENT="unermess" SUBS_TYPE="HypPart1" SUBS_CONTENT="unermessliche" WC="0.99" CC="60147000"/>
						<HYP HPOS="3300" VPOS="676" WIDTH="24" CONTENT="-"/>
					</TextLine>
					<TextLine ID="P60_TL00006" HPOS="934" VPOS="729" WIDTH="1874" HEIGHT="70">
						<String ID="P60_ST00048" HPOS="934" VPOS="742" WIDTH="106" HEIGHT="45" CONTENT="liche" SUBS_TYPE="HypPart2" SUBS_CONTENT="unermessliche" WC="0.99" CC="41040"/>
						<SP ID="P60_SP00043" HPOS="1040" VPOS="787" WIDTH="31"/>
						<String ID="P60_ST00049" HPOS="1071" VPOS="742" WIDTH="295" HEIGHT="57" CONTENT="Verbreitung," WC="1.00" CC="007041150000"/>
						<SP ID="P60_SP00044" HPOS="1366" VPOS="799" WIDTH="31"/>
						<String ID="P60_ST00050" HPOS="1397" VPOS="741" WIDTH="89" HEIGHT="43" CONTENT="und" WC="0.95" CC="760"/>
						<SP ID="P60_SP00045" HPOS="1486" VPOS="799" WIDTH="31"/>
						<String ID="P60_ST00051" HPOS="1517" VPOS="740" WIDTH="71" HEIGHT="43" CONTENT="das" WC="0.95" CC="830"/>
						<SP ID="P60_SP00046" HPOS="1588" VPOS="799" WIDTH="32"/>
						<String ID="P60_ST00052" HPOS="1620" VPOS="735" WIDTH="347" HEIGHT="59" CONTENT="unvergängliche" WC="1.00" CC="40015003000041"/>
						<SP ID="P60_SP00047" HPOS="1967" VPOS="799" WIDTH="32"/>
						<String ID="P60_ST00053" HPOS="1999" VPOS="733" WIDTH="143" HEIGHT="45" CONTENT="Metall" WC="0.99" CC="030410"/>
						<SP ID="P60_SP00048" HPOS="2142" VPOS="799" WIDTH="31"/>
						<String ID="P60_ST00054" HPOS="2173" VPOS="732" WIDTH="171" HEIGHT="43" CONTENT="verleiht" WC="0.99" CC="00503013"/>
						<SP ID="P60_SP00049" HPOS="2344" VPOS="799" WIDTH="29"/>
						<String ID="P60_ST00055" HPOS="2373" VPOS="731" WIDTH="90" HEIGHT="42" CONTENT="ihm" WC="1.00" CC="100"/>
						<SP ID="P60_SP00050" HPOS="2463" VPOS="799" WIDTH="32"/>
						<String ID="P60_ST00056" HPOS="2495" VPOS="729" WIDTH="131" HEIGHT="56" CONTENT="ewige" WC="0.99" CC="30100"/>
						<SP ID="P60_SP00051" HPOS="2626" VPOS="799" WIDTH="32"/>
						<String ID="P60_ST00057" HPOS="2658" VPOS="729" WIDTH="150" HEIGHT="41" CONTENT="Dauer." WC="0.99" CC="321030"/>
					</TextLine>
					<TextLine ID="P60_TL00007" HPOS="1091" VPOS="797" WIDTH="2237" HEIGHT="71">
						<String ID="P60_ST00058" HPOS="1091" VPOS="815" WIDTH="91" HEIGHT="41" CONTENT="Aus" WC="0.98" CC="040"/>
						<SP ID="P60_SP00052" HPOS="1182" VPOS="856" WIDTH="33"/>
						<String ID="P60_ST00059" HPOS="1215" VPOS="813" WIDTH="102" HEIGHT="42" CONTENT="allen" WC="0.98" CC="20505"/>
						<SP ID="P60_SP00053" HPOS="1317" VPOS="856" WIDTH="31"/>
						<String ID="P60_ST00060" HPOS="1348" VPOS="812" WIDTH="139" HEIGHT="42" CONTENT="diesen" WC="1.00" CC="000000"/>
						<SP ID="P60_SP00054" HPOS="1487" VPOS="856" WIDTH="19"/>
						<String ID="P60_ST00061" HPOS="1506" VPOS="806" WIDTH="327" HEIGHT="62" CONTENT="Eigenschaften" WC="1.00" CC="1500100154000"/>
						<SP ID="P60_SP00055" HPOS="1833" VPOS="868" WIDTH="30"/>
						<String ID="P60_ST00062" HPOS="1863" VPOS="804" WIDTH="156" HEIGHT="59" CONTENT="ergiebt" WC="0.79" CC="2401006"/>
						<SP ID="P60_SP00056" HPOS="2019" VPOS="868" WIDTH="30"/>
						<String ID="P60_ST00063" HPOS="2049" VPOS="803" WIDTH="87" HEIGHT="45" CONTENT="sich" WC="0.99" CC="0500"/>
						<SP ID="P60_SP00057" HPOS="2136" VPOS="868" WIDTH="32"/>
						<String ID="P60_ST00064" HPOS="2168" VPOS="803" WIDTH="66" HEIGHT="42" CONTENT="die" WC="0.97" CC="700"/>
						<SP ID="P60_SP00058" HPOS="2234" VPOS="868" WIDTH="31"/>
						<String ID="P60_ST00065" HPOS="2265" VPOS="798" WIDTH="371" HEIGHT="60" CONTENT="unvergleichliche" WC="1.00" CC="3000605030010102"/>
						<SP ID="P60_SP00059" HPOS="2636" VPOS="868" WIDTH="33"/>
						<String ID="P60_ST00066" HPOS="2669" VPOS="798" WIDTH="247" HEIGHT="57" CONTENT="Bedeutung" WC="1.00" CC="000050240"/>
						<SP ID="P60_SP00060" HPOS="2916" VPOS="868" WIDTH="33"/>
						<String ID="P60_ST00067" HPOS="2949" VPOS="797" WIDTH="69" HEIGHT="43" CONTENT="der" WC="0.97" CC="006"/>
						<SP ID="P60_SP00061" HPOS="3018" VPOS="868" WIDTH="25"/>
						<String ID="P60_ST00068" HPOS="3043" VPOS="797" WIDTH="189" HEIGHT="47" CONTENT="Medaille" WC="0.99" CC="00040442"/>
						<SP ID="P60_SP00062" HPOS="3232" VPOS="868" WIDTH="32"/>
						<String ID="P60_ST00069" HPOS="3264" VPOS="802" WIDTH="64" HEIGHT="46" CONTENT="für" WC="0.98" CC="005"/>
					</TextLine>
					<TextLine ID="P60_TL00008" HPOS="937" VPOS="868" WIDTH="2393" HEIGHT="68">
						<String ID="P60_ST00070" HPOS="937" VPOS="884" WIDTH="63" HEIGHT="42" CONTENT="die" WC="0.99" CC="030"/>
						<SP ID="P60_SP00063" HPOS="1000" VPOS="926" WIDTH="49"/>
						<String ID="P60_ST00071" HPOS="1049" VPOS="882" WIDTH="294" HEIGHT="44" CONTENT="künstlerische" WC="1.00" CC="0000201010001"/>
						<SP ID="P60_SP00064" HPOS="1343" VPOS="926" WIDTH="38"/>
						<String ID="P60_ST00072" HPOS="1381" VPOS="879" WIDTH="237" HEIGHT="57" CONTENT="Erziehung" WC="1.00" CC="000002700"/>
						<SP ID="P60_SP00065" HPOS="1618" VPOS="936" WIDTH="39"/>
						<String ID="P60_ST00073" HPOS="1657" VPOS="877" WIDTH="89" HEIGHT="44" CONTENT="und" WC="0.97" CC="330"/>
						<SP ID="P60_SP00066" HPOS="1746" VPOS="936" WIDTH="41"/>
						<String ID="P60_ST00074" HPOS="1787" VPOS="874" WIDTH="68" HEIGHT="45" CONTENT="für" WC="0.98" CC="005"/>
						<SP ID="P60_SP00067" HPOS="1855" VPOS="936" WIDTH="39"/>
						<String ID="P60_ST00075" HPOS="1894" VPOS="874" WIDTH="65" HEIGHT="43" CONTENT="die" WC="0.95" CC="750"/>
						<SP ID="P60_SP00068" HPOS="1959" VPOS="936" WIDTH="46"/>
						<String ID="P60_ST00076" HPOS="2005" VPOS="870" WIDTH="293" HEIGHT="47" CONTENT="künstlerische" WC="1.00" CC="0000360600000"/>
						<SP ID="P60_SP00069" HPOS="2298" VPOS="936" WIDTH="41"/>
						<String ID="P60_ST00077" HPOS="2339" VPOS="870" WIDTH="229" HEIGHT="56" CONTENT="Erbauung" WC="0.99" CC="00055070"/>
						<SP ID="P60_SP00070" HPOS="2568" VPOS="936" WIDTH="40"/>
						<String ID="P60_ST00078" HPOS="2608" VPOS="869" WIDTH="142" HEIGHT="42" CONTENT="weiter" WC="0.99" CC="104500"/>
						<SP ID="P60_SP00071" HPOS="2750" VPOS="936" WIDTH="33"/>
						<String ID="P60_ST00079" HPOS="2783" VPOS="868" WIDTH="155" HEIGHT="43" CONTENT="Kreise." WC="1.00" CC="0002000"/>
						<SP ID="P60_SP00072" HPOS="2938" VPOS="936" WIDTH="79"/>
						<String ID="P60_ST00080" HPOS="3017" VPOS="869" WIDTH="74" HEIGHT="42" CONTENT="Als" WC="1.00" CC="000"/>
						<SP ID="P60_SP00073" HPOS="3091" VPOS="936" WIDTH="39"/>
						<String ID="P60_ST00081" HPOS="3130" VPOS="870" WIDTH="200" HEIGHT="58" CONTENT="tragbares" WC="0.99" CC="651006200"/>
					</TextLine>
					<TextLine ID="P60_TL00009" HPOS="937" VPOS="936" WIDTH="2394" HEIGHT="69">
						<String ID="P60_ST00082" HPOS="937" VPOS="953" WIDTH="208" HEIGHT="42" CONTENT="Denkmal" WC="1.00" CC="0010060"/>
						<SP ID="P60_SP00074" HPOS="1145" VPOS="995" WIDTH="41"/>
						<String ID="P60_ST00083" HPOS="1186" VPOS="950" WIDTH="71" HEIGHT="45" CONTENT="hat" WC="0.98" CC="005"/>
						<SP ID="P60_SP00075" HPOS="1257" VPOS="995" WIDTH="39"/>
						<String ID="P60_ST00084" HPOS="1296" VPOS="950" WIDTH="56" HEIGHT="44" CONTENT="sie" WC="0.98" CC="040"/>
						<SP ID="P60_SP00076" HPOS="1352" VPOS="995" WIDTH="36"/>
						<String ID="P60_ST00085" HPOS="1388" VPOS="950" WIDTH="105" HEIGHT="42" CONTENT="einst" WC="0.99" CC="03003"/>
						<SP ID="P60_SP00077" HPOS="1493" VPOS="995" WIDTH="40"/>
						<String ID="P60_ST00086" HPOS="1533" VPOS="949" WIDTH="74" HEIGHT="42" CONTENT="alle" WC="0.99" CC="0300"/>
						<SP ID="P60_SP00078" HPOS="1607" VPOS="995" WIDTH="41"/>
						<String ID="P60_ST00087" HPOS="1648" VPOS="961" WIDTH="168" HEIGHT="44" CONTENT="grossen" WC="1.00" CC="0500000"/>
						<SP ID="P60_SP00079" HPOS="1816" VPOS="1005" WIDTH="35"/>
						<String ID="P60_ST00088" HPOS="1851" VPOS="944" WIDTH="229" HEIGHT="57" CONTENT="Ereignisse" WC="1.00" CC="0600063000"/>
						<SP ID="P60_SP00080" HPOS="2080" VPOS="1005" WIDTH="37"/>
						<String ID="P60_ST00089" HPOS="2117" VPOS="943" WIDTH="59" HEIGHT="42" CONTENT="im" WC="1.00" CC="00"/>
						<SP ID="P60_SP00081" HPOS="2176" VPOS="1005" WIDTH="41"/>
						<String ID="P60_ST00090" HPOS="2217" VPOS="939" WIDTH="142" HEIGHT="44" CONTENT="Leben" WC="0.99" CC="01601"/>
						<SP ID="P60_SP00082" HPOS="2359" VPOS="1005" WIDTH="41"/>
						<String ID="P60_ST00091" HPOS="2400" VPOS="938" WIDTH="70" HEIGHT="43" CONTENT="des" WC="0.98" CC="500"/>
						<SP ID="P60_SP00083" HPOS="2470" VPOS="1005" WIDTH="42"/>
						<String ID="P60_ST00092" HPOS="2512" VPOS="938" WIDTH="166" HEIGHT="51" CONTENT="Staates," WC="0.99" CC="06434000"/>
						<SP ID="P60_SP00084" HPOS="2678" VPOS="1005" WIDTH="38"/>
						<String ID="P60_ST00093" HPOS="2716" VPOS="936" WIDTH="73" HEIGHT="44" CONTENT="der" WC="0.96" CC="406"/>
						<SP ID="P60_SP00085" HPOS="2789" VPOS="1005" WIDTH="41"/>
						<String ID="P60_ST00094" HPOS="2830" VPOS="936" WIDTH="271" HEIGHT="44" CONTENT="Gesellschaft" WC="1.00" CC="000000000100"/>
						<SP ID="P60_SP00086" HPOS="3101" VPOS="1005" WIDTH="38"/>
						<String ID="P60_ST00095" HPOS="3139" VPOS="939" WIDTH="85" HEIGHT="43" CONTENT="und" WC="0.98" CC="220"/>
						<SP ID="P60_SP00087" HPOS="3224" VPOS="1005" WIDTH="38"/>
						<String ID="P60_ST00096" HPOS="3262" VPOS="940" WIDTH="69" HEIGHT="45" CONTENT="der" WC="0.98" CC="004"/>
					</TextLine>
					<TextLine ID="P60_TL00010" HPOS="937" VPOS="1020" WIDTH="585" HEIGHT="59">
						<String ID="P60_ST00097" HPOS="937" VPOS="1023" WIDTH="169" HEIGHT="43" CONTENT="Familie" WC="0.99" CC="0300450"/>
						<SP ID="P60_SP00088" HPOS="1106" VPOS="1066" WIDTH="32"/>
						<String ID="P60_ST00098" HPOS="1138" VPOS="1020" WIDTH="384" HEIGHT="59" CONTENT="wiedergespiegelt." WC="1.00" CC="06000000000000500"/>
					</TextLine>
					<TextLine ID="P60_TL00011" HPOS="1096" VPOS="1075" WIDTH="2236" HEIGHT="66">
						<String ID="P60_ST00099" HPOS="1096" VPOS="1093" WIDTH="86" HEIGHT="42" CONTENT="Das" WC="0.98" CC="050"/>
						<SP ID="P60_SP00089" HPOS="1182" VPOS="1135" WIDTH="30"/>
						<String ID="P60_ST00100" HPOS="1212" VPOS="1090" WIDTH="116" HEIGHT="43" CONTENT="Volk" WC="1.00" CC="0000"/>
						<SP ID="P60_SP00090" HPOS="1328" VPOS="1135" WIDTH="31"/>
						<String ID="P60_ST00101" HPOS="1359" VPOS="1089" WIDTH="71" HEIGHT="43" CONTENT="hat" WC="0.96" CC="055"/>
						<SP ID="P60_SP00091" HPOS="1430" VPOS="1135" WIDTH="31"/>
						<String ID="P60_ST00102" HPOS="1461" VPOS="1089" WIDTH="66" HEIGHT="43" CONTENT="die" WC="0.96" CC="540"/>
						<SP ID="P60_SP00092" HPOS="1527" VPOS="1135" WIDTH="31"/>
						<String ID="P60_ST00103" HPOS="1558" VPOS="1086" WIDTH="193" HEIGHT="44" CONTENT="Medaille" WC="1.00" CC="00030050"/>
						<SP ID="P60_SP00093" HPOS="1751" VPOS="1135" WIDTH="33"/>
						<String ID="P60_ST00104" HPOS="1784" VPOS="1099" WIDTH="85" HEIGHT="28" CONTENT="von" WC="0.97" CC="404"/>
						<SP ID="P60_SP00094" HPOS="1869" VPOS="1135" WIDTH="31"/>
						<String ID="P60_ST00105" HPOS="1900" VPOS="1083" WIDTH="35" HEIGHT="57" CONTENT="je" WC="0.73" CC="50"/>
						<SP ID="P60_SP00095" HPOS="1935" VPOS="1140" WIDTH="32"/>
						<String ID="P60_ST00106" HPOS="1967" VPOS="1083" WIDTH="159" HEIGHT="58" CONTENT="geliebt." WC="0.99" CC="00440032"/>
						<SP ID="P60_SP00096" HPOS="2126" VPOS="1141" WIDTH="63"/>
						<String ID="P60_ST00107" HPOS="2189" VPOS="1081" WIDTH="67" HEIGHT="42" CONTENT="Sie" WC="1.00" CC="000"/>
						<SP ID="P60_SP00097" HPOS="2256" VPOS="1141" WIDTH="31"/>
						<String ID="P60_ST00108" HPOS="2287" VPOS="1081" WIDTH="52" HEIGHT="42" CONTENT="ist" WC="0.97" CC="105"/>
						<SP ID="P60_SP00098" HPOS="2339" VPOS="1141" WIDTH="33"/>
						<String ID="P60_ST00109" HPOS="2372" VPOS="1080" WIDTH="66" HEIGHT="42" CONTENT="die" WC="1.00" CC="000"/>
						<SP ID="P60_SP00099" HPOS="2438" VPOS="1141" WIDTH="30"/>
						<String ID="P60_ST00110" HPOS="2468" VPOS="1076" WIDTH="220" HEIGHT="60" CONTENT="eigentlich" WC="1.00" CC="0200400100"/>
						<SP ID="P60_SP00100" HPOS="2688" VPOS="1141" WIDTH="32"/>
						<String ID="P60_ST00111" HPOS="2720" VPOS="1075" WIDTH="319" HEIGHT="44" CONTENT="volkstümliche" WC="1.00" CC="0000000003000"/>
						<SP ID="P60_SP00101" HPOS="3039" VPOS="1141" WIDTH="31"/>
						<String ID="P60_ST00112" HPOS="3070" VPOS="1077" WIDTH="136" HEIGHT="53" CONTENT="Form," WC="1.00" CC="00000"/>
						<SP ID="P60_SP00102" HPOS="3206" VPOS="1141" WIDTH="32"/>
						<String ID="P60_ST00113" HPOS="3238" VPOS="1095" WIDTH="94" HEIGHT="29" CONTENT="man" WC="0.97" CC="700"/>
					</TextLine>
					<TextLine ID="P60_TL00012" HPOS="941" VPOS="1143" WIDTH="2391" HEIGHT="70">
						<String ID="P60_ST00114" HPOS="941" VPOS="1163" WIDTH="158" HEIGHT="41" CONTENT="könnte" WC="0.99" CC="011060"/>
						<SP ID="P60_SP00103" HPOS="1099" VPOS="1204" WIDTH="32"/>
						<String ID="P60_ST00115" HPOS="1131" VPOS="1163" WIDTH="55" HEIGHT="40" CONTENT="sie" WC="1.00" CC="000"/>
						<SP ID="P60_SP00104" HPOS="1186" VPOS="1204" WIDTH="19"/>
						<String ID="P60_ST00116" HPOS="1205" VPOS="1160" WIDTH="70" HEIGHT="43" CONTENT="das" WC="1.00" CC="000"/>
						<SP ID="P60_SP00105" HPOS="1275" VPOS="1204" WIDTH="21"/>
						<String ID="P60_ST00117" HPOS="1296" VPOS="1159" WIDTH="217" HEIGHT="43" CONTENT="Volkslied" WC="1.00" CC="000002400"/>
						<SP ID="P60_SP00106" HPOS="1513" VPOS="1204" WIDTH="30"/>
						<String ID="P60_ST00118" HPOS="1543" VPOS="1159" WIDTH="71" HEIGHT="42" CONTENT="der" WC="1.00" CC="000"/>
						<SP ID="P60_SP00107" HPOS="1614" VPOS="1204" WIDTH="23"/>
						<String ID="P60_ST00119" HPOS="1637" VPOS="1155" WIDTH="195" HEIGHT="58" CONTENT="Sculptur" WC="0.88" CC="00020070"/>
						<SP ID="P60_SP00108" HPOS="1832" VPOS="1213" WIDTH="33"/>
						<String ID="P60_ST00120" HPOS="1865" VPOS="1168" WIDTH="172" HEIGHT="28" CONTENT="nennen." WC="1.00" CC="0000000"/>
						<SP ID="P60_SP00109" HPOS="2037" VPOS="1213" WIDTH="64"/>
						<String ID="P60_ST00121" HPOS="2101" VPOS="1152" WIDTH="56" HEIGHT="42" CONTENT="Es" WC="1.00" CC="00"/>
						<SP ID="P60_SP00110" HPOS="2157" VPOS="1213" WIDTH="31"/>
						<String ID="P60_ST00122" HPOS="2188" VPOS="1151" WIDTH="113" HEIGHT="43" CONTENT="Hesse" WC="0.99" CC="70000"/>
						<SP ID="P60_SP00111" HPOS="2301" VPOS="1213" WIDTH="32"/>
						<String ID="P60_ST00123" HPOS="2333" VPOS="1149" WIDTH="86" HEIGHT="43" CONTENT="sich" WC="1.00" CC="0001"/>
						<SP ID="P60_SP00112" HPOS="2419" VPOS="1213" WIDTH="32"/>
						<String ID="P60_ST00124" HPOS="2451" VPOS="1164" WIDTH="53" HEIGHT="26" CONTENT="an" WC="0.72" CC="50"/>
						<SP ID="P60_SP00113" HPOS="2504" VPOS="1213" WIDTH="32"/>
						<String ID="P60_ST00125" HPOS="2536" VPOS="1147" WIDTH="72" HEIGHT="43" CONTENT="der" WC="0.96" CC="604"/>
						<SP ID="P60_SP00114" HPOS="2608" VPOS="1213" WIDTH="21"/>
						<String ID="P60_ST00126" HPOS="2629" VPOS="1146" WIDTH="130" HEIGHT="43" CONTENT="Hand" WC="0.98" CC="4300"/>
						<SP ID="P60_SP00115" HPOS="2759" VPOS="1213" WIDTH="33"/>
						<String ID="P60_ST00127" HPOS="2792" VPOS="1146" WIDTH="74" HEIGHT="42" CONTENT="der" WC="0.99" CC="010"/>
						<SP ID="P60_SP00116" HPOS="2866" VPOS="1213" WIDTH="19"/>
						<String ID="P60_ST00128" HPOS="2885" VPOS="1143" WIDTH="447" HEIGHT="63" CONTENT="Wallfahrtspfennige," WC="1.00" CC="0045050600000060000"/>
					</TextLine>
					<TextLine ID="P60_TL00013" HPOS="941" VPOS="1216" WIDTH="2392" HEIGHT="65">
						<String ID="P60_ST00129" HPOS="941" VPOS="1232" WIDTH="71" HEIGHT="44" CONTENT="der" WC="1.00" CC="000"/>
						<SP ID="P60_SP00117" HPOS="1012" VPOS="1276" WIDTH="20"/>
						<String ID="P60_ST00130" HPOS="1032" VPOS="1230" WIDTH="262" HEIGHT="51" CONTENT="Hochzeits-," WC="0.76" CC="40062046000"/>
						<SP ID="P60_SP00118" HPOS="1294" VPOS="1281" WIDTH="33"/>
						<String ID="P60_ST00131" HPOS="1327" VPOS="1226" WIDTH="249" HEIGHT="46" CONTENT="Kindtaufs-" WC="0.86" CC="0200063001"/>
						<SP ID="P60_SP00119" HPOS="1576" VPOS="1281" WIDTH="21"/>
						<String ID="P60_ST00132" HPOS="1597" VPOS="1226" WIDTH="90" HEIGHT="43" CONTENT="und" WC="0.98" CC="410"/>
						<SP ID="P60_SP00120" HPOS="1687" VPOS="1281" WIDTH="21"/>
						<String ID="P60_ST00133" HPOS="1708" VPOS="1220" WIDTH="451" HEIGHT="47" CONTENT="Freundschaftsthaler" WC="0.85" CC="0000000064000630106"/>
						<SP ID="P60_SP00121" HPOS="2159" VPOS="1281" WIDTH="30"/>
						<String ID="P60_ST00134" HPOS="2189" VPOS="1221" WIDTH="90" HEIGHT="42" CONTENT="eine" WC="1.00" CC="0100"/>
						<SP ID="P60_SP00122" HPOS="2279" VPOS="1281" WIDTH="23"/>
						<String ID="P60_ST00135" HPOS="2302" VPOS="1217" WIDTH="253" HEIGHT="46" CONTENT="Geschichte" WC="1.00" CC="0000300020"/>
						<SP ID="P60_SP00123" HPOS="2555" VPOS="1281" WIDTH="21"/>
						<String ID="P60_ST00136" HPOS="2576" VPOS="1216" WIDTH="130" HEIGHT="43" CONTENT="seiner" WC="1.00" CC="000003"/>
						<SP ID="P60_SP00124" HPOS="2706" VPOS="1281" WIDTH="22"/>
						<String ID="P60_ST00137" HPOS="2728" VPOS="1216" WIDTH="370" HEIGHT="57" CONTENT="Seelenstimmung" WC="1.00" CC="00020005010100"/>
						<SP ID="P60_SP00125" HPOS="3098" VPOS="1281" WIDTH="21"/>
						<String ID="P60_ST00138" HPOS="3119" VPOS="1217" WIDTH="214" HEIGHT="53" CONTENT="schreiben," WC="1.00" CC="0054000020"/>
					</TextLine>
					<TextLine ID="P60_TL00014" HPOS="939" VPOS="1284" WIDTH="2396" HEIGHT="70">
						<String ID="P60_ST00139" HPOS="939" VPOS="1302" WIDTH="112" HEIGHT="42" CONTENT="denn" WC="1.00" CC="0020"/>
						<SP ID="P60_SP00126" HPOS="1051" VPOS="1344" WIDTH="31"/>
						<String ID="P60_ST00140" HPOS="1082" VPOS="1300" WIDTH="72" HEIGHT="43" CONTENT="alle" WC="1.00" CC="0000"/>
						<SP ID="P60_SP00127" HPOS="1154" VPOS="1344" WIDTH="31"/>
						<String ID="P60_ST00141" HPOS="1185" VPOS="1307" WIDTH="165" HEIGHT="35" CONTENT="äussern" WC="0.72" CC="4500044"/>
						<SP ID="P60_SP00128" HPOS="1350" VPOS="1344" WIDTH="31"/>
						<String ID="P60_ST00142" HPOS="1381" VPOS="1297" WIDTH="228" HEIGHT="57" CONTENT="Ereignisse" WC="1.00" CC="0404000000"/>
						<SP ID="P60_SP00129" HPOS="1609" VPOS="1354" WIDTH="40"/>
						<String ID="P60_ST00143" HPOS="1649" VPOS="1293" WIDTH="174" HEIGHT="45" CONTENT="wurden" WC="1.00" CC="005000"/>
						<SP ID="P60_SP00130" HPOS="1823" VPOS="1354" WIDTH="41"/>
						<String ID="P60_ST00144" HPOS="1864" VPOS="1292" WIDTH="74" HEIGHT="42" CONTENT="seit" WC="0.99" CC="0040"/>
						<SP ID="P60_SP00131" HPOS="1938" VPOS="1354" WIDTH="40"/>
						<String ID="P60_ST00145" HPOS="1978" VPOS="1291" WIDTH="98" HEIGHT="43" CONTENT="dem" WC="0.98" CC="500"/>
						<SP ID="P60_SP00132" HPOS="2076" VPOS="1354" WIDTH="42"/>
						<String ID="P60_ST00146" HPOS="2118" VPOS="1290" WIDTH="274" HEIGHT="44" CONTENT="sechzehnten" WC="1.00" CC="00034000100"/>
						<SP ID="P60_SP00133" HPOS="2392" VPOS="1354" WIDTH="24"/>
						<String ID="P60_ST00147" HPOS="2416" VPOS="1286" WIDTH="279" HEIGHT="57" CONTENT="Jahrhundert" WC="0.99" CC="00422300062"/>
						<SP ID="P60_SP00134" HPOS="2695" VPOS="1354" WIDTH="31"/>
						<String ID="P60_ST00148" HPOS="2726" VPOS="1284" WIDTH="132" HEIGHT="45" CONTENT="durch" WC="0.99" CC="00103"/>
						<SP ID="P60_SP00135" HPOS="2858" VPOS="1354" WIDTH="37"/>
						<String ID="P60_ST00149" HPOS="2895" VPOS="1286" WIDTH="200" HEIGHT="57" CONTENT="populäre" WC="1.00" CC="00000100"/>
						<SP ID="P60_SP00136" HPOS="3095" VPOS="1354" WIDTH="30"/>
						<String ID="P60_ST00150" HPOS="3125" VPOS="1287" WIDTH="210" HEIGHT="44" CONTENT="Medaillen" WC="0.99" CC="000403504"/>
					</TextLine>
					<TextLine ID="P60_TL00015" HPOS="941" VPOS="1353" WIDTH="2392" HEIGHT="72">
						<String ID="P60_ST00151" HPOS="941" VPOS="1372" WIDTH="43" HEIGHT="41" CONTENT="in" WC="1.00" CC="00"/>
						<SP ID="P60_SP00137" HPOS="984" VPOS="1413" WIDTH="30"/>
						<String ID="P60_ST00152" HPOS="1014" VPOS="1370" WIDTH="262" HEIGHT="55" CONTENT="Erinnerung" WC="0.99" CC="0330406000"/>
						<SP ID="P60_SP00138" HPOS="1276" VPOS="1425" WIDTH="37"/>
						<String ID="P60_ST00153" HPOS="1313" VPOS="1366" WIDTH="198" HEIGHT="59" CONTENT="gehalten." WC="0.99" CC="000534002"/>
						<SP ID="P60_SP00139" HPOS="1511" VPOS="1425" WIDTH="57"/>
						<String ID="P60_ST00154" HPOS="1568" VPOS="1364" WIDTH="119" HEIGHT="55" CONTENT="Jahre" WC="0.99" CC="03041"/>
						<SP ID="P60_SP00140" HPOS="1687" VPOS="1425" WIDTH="42"/>
						<String ID="P60_ST00155" HPOS="1729" VPOS="1363" WIDTH="71" HEIGHT="42" CONTENT="der" WC="0.98" CC="004"/>
						<SP ID="P60_SP00141" HPOS="1800" VPOS="1425" WIDTH="32"/>
						<String ID="P60_ST00156" HPOS="1832" VPOS="1361" WIDTH="98" HEIGHT="43" CONTENT="Not" WC="0.99" CC="003"/>
						<SP ID="P60_SP00142" HPOS="1930" VPOS="1425" WIDTH="38"/>
						<String ID="P60_ST00157" HPOS="1968" VPOS="1361" WIDTH="103" HEIGHT="42" CONTENT="oder" WC="0.99" CC="0005"/>
						<SP ID="P60_SP00143" HPOS="2071" VPOS="1425" WIDTH="32"/>
						<String ID="P60_ST00158" HPOS="2103" VPOS="1359" WIDTH="72" HEIGHT="44" CONTENT="des" WC="1.00" CC="000"/>
						<SP ID="P60_SP00144" HPOS="2175" VPOS="1425" WIDTH="33"/>
						<String ID="P60_ST00159" HPOS="2208" VPOS="1358" WIDTH="282" HEIGHT="43" CONTENT="Ueberflusses" WC="0.87" CC="100052200200"/>
						<SP ID="P60_SP00145" HPOS="2490" VPOS="1425" WIDTH="39"/>
						<String ID="P60_ST00160" HPOS="2529" VPOS="1356" WIDTH="176" HEIGHT="43" CONTENT="wurden" WC="1.00" CC="000000"/>
						<SP ID="P60_SP00146" HPOS="2705" VPOS="1425" WIDTH="39"/>
						<String ID="P60_ST00161" HPOS="2744" VPOS="1354" WIDTH="132" HEIGHT="43" CONTENT="durch" WC="1.00" CC="00300"/>
						<SP ID="P60_SP00147" HPOS="2876" VPOS="1425" WIDTH="33"/>
						<String ID="P60_ST00162" HPOS="2909" VPOS="1353" WIDTH="222" HEIGHT="44" CONTENT="Medaillen" WC="1.00" CC="000520004"/>
						<SP ID="P60_SP00148" HPOS="3131" VPOS="1425" WIDTH="30"/>
						<String ID="P60_ST00163" HPOS="3161" VPOS="1357" WIDTH="148" HEIGHT="56" CONTENT="gekenn" SUBS_TYPE="HypPart1" SUBS_CONTENT="gekennzeichnet," WC="1.00" CC="000000"/>
						<HYP HPOS="3309" VPOS="1357" WIDTH="24" CONTENT="-"/>
					</TextLine>
					<TextLine ID="P60_TL00016" HPOS="939" VPOS="1424" WIDTH="2396" HEIGHT="64">
						<String ID="P60_ST00164" HPOS="939" VPOS="1439" WIDTH="204" HEIGHT="49" CONTENT="zeichnet," SUBS_TYPE="HypPart2" SUBS_CONTENT="gekennzeichnet," WC="1.00" CC="001000030"/>
						<SP ID="P60_SP00149" HPOS="1143" VPOS="1488" WIDTH="43"/>
						<String ID="P60_ST00165" HPOS="1186" VPOS="1437" WIDTH="181" HEIGHT="43" CONTENT="erschien" WC="1.00" CC="02005000"/>
						<SP ID="P60_SP00150" HPOS="1367" VPOS="1488" WIDTH="41"/>
						<String ID="P60_ST00166" HPOS="1408" VPOS="1437" WIDTH="66" HEIGHT="42" CONTENT="ein" WC="0.96" CC="045"/>
						<SP ID="P60_SP00151" HPOS="1474" VPOS="1488" WIDTH="32"/>
						<String ID="P60_ST00167" HPOS="1506" VPOS="1436" WIDTH="180" HEIGHT="48" CONTENT="Komet," WC="1.00" CC="000030"/>
						<SP ID="P60_SP00152" HPOS="1686" VPOS="1488" WIDTH="41"/>
						<String ID="P60_ST00168" HPOS="1727" VPOS="1447" WIDTH="47" HEIGHT="28" CONTENT="so" WC="1.00" CC="00"/>
						<SP ID="P60_SP00153" HPOS="1774" VPOS="1488" WIDTH="40"/>
						<String ID="P60_ST00169" HPOS="1814" VPOS="1429" WIDTH="244" HEIGHT="43" CONTENT="verbreitete" WC="1.00" CC="00606001010"/>
						<SP ID="P60_SP00154" HPOS="2058" VPOS="1488" WIDTH="43"/>
						<String ID="P60_ST00170" HPOS="2101" VPOS="1429" WIDTH="65" HEIGHT="43" CONTENT="die" WC="0.98" CC="040"/>
						<SP ID="P60_SP00155" HPOS="2166" VPOS="1488" WIDTH="33"/>
						<String ID="P60_ST00171" HPOS="2199" VPOS="1428" WIDTH="193" HEIGHT="43" CONTENT="Medaille" WC="1.00" CC="03001040"/>
						<SP ID="P60_SP00156" HPOS="2392" VPOS="1488" WIDTH="40"/>
						<String ID="P60_ST00172" HPOS="2432" VPOS="1427" WIDTH="80" HEIGHT="43" CONTENT="mit" WC="0.98" CC="040"/>
						<SP ID="P60_SP00157" HPOS="2512" VPOS="1488" WIDTH="38"/>
						<String ID="P60_ST00173" HPOS="2550" VPOS="1425" WIDTH="157" HEIGHT="44" CONTENT="seinem" WC="1.00" CC="000000"/>
						<SP ID="P60_SP00158" HPOS="2707" VPOS="1488" WIDTH="42"/>
						<String ID="P60_ST00174" HPOS="2749" VPOS="1425" WIDTH="116" HEIGHT="42" CONTENT="Bilde" WC="1.00" CC="00200"/>
						<SP ID="P60_SP00159" HPOS="2865" VPOS="1488" WIDTH="38"/>
						<String ID="P60_ST00175" HPOS="2903" VPOS="1424" WIDTH="187" HEIGHT="57" CONTENT="zugleich" WC="0.99" CC="05000204"/>
						<SP ID="P60_SP00160" HPOS="3090" VPOS="1488" WIDTH="33"/>
						<String ID="P60_ST00176" HPOS="3123" VPOS="1424" WIDTH="212" HEIGHT="60" CONTENT="Mahnung" WC="1.00" CC="0040200"/>
					</TextLine>
				</TextBlock>
				<TextBlock ID="P60_TB00003" HPOS="938" VPOS="1501" WIDTH="931" HEIGHT="123" STYLEREFS="TXT_1 PAR_LEFT">
					<TextLine ID="P60_TL00017" HPOS="938" VPOS="1503" WIDTH="930" HEIGHT="60">
						<String ID="P60_ST00177" HPOS="938" VPOS="1509" WIDTH="85" HEIGHT="43" CONTENT="und" WC="0.97" CC="204"/>
						<SP ID="P60_SP00161" HPOS="1023" VPOS="1552" WIDTH="33"/>
						<String ID="P60_ST00178" HPOS="1056" VPOS="1509" WIDTH="141" HEIGHT="42" CONTENT="Trost." WC="0.99" CC="020050"/>
						<SP ID="P60_SP00162" HPOS="1197" VPOS="1552" WIDTH="62"/>
						<String ID="P60_ST00179" HPOS="1259" VPOS="1507" WIDTH="131" HEIGHT="56" CONTENT="Krieg" WC="0.98" CC="02207"/>
						<SP ID="P60_SP00163" HPOS="1390" VPOS="1563" WIDTH="31"/>
						<String ID="P60_ST00180" HPOS="1421" VPOS="1505" WIDTH="87" HEIGHT="42" CONTENT="und" WC="0.97" CC="430"/>
						<SP ID="P60_SP00164" HPOS="1508" VPOS="1563" WIDTH="32"/>
						<String ID="P60_ST00181" HPOS="1540" VPOS="1503" WIDTH="159" HEIGHT="51" CONTENT="Friede," WC="1.00" CC="0330000"/>
						<SP ID="P60_SP00165" HPOS="1699" VPOS="1563" WIDTH="32"/>
						<String ID="P60_ST00182" HPOS="1731" VPOS="1516" WIDTH="137" HEIGHT="43" CONTENT="grosse" WC="0.99" CC="560001"/>
					</TextLine>
					<TextLine ID="P60_TL00018" HPOS="938" VPOS="1571" WIDTH="931" HEIGHT="53">
						<String ID="P60_ST00183" HPOS="938" VPOS="1577" WIDTH="348" HEIGHT="47" CONTENT="volkstümlichen" WC="1.00" CC="70020001500100"/>
						<SP ID="P60_SP00166" HPOS="1286" VPOS="1624" WIDTH="39"/>
						<String ID="P60_ST00184" HPOS="1325" VPOS="1575" WIDTH="186" HEIGHT="49" CONTENT="Helden," WC="1.00" CC="0000000"/>
						<SP ID="P60_SP00167" HPOS="1511" VPOS="1624" WIDTH="46"/>
						<String ID="P60_ST00185" HPOS="1557" VPOS="1571" WIDTH="172" HEIGHT="45" CONTENT="wurden" WC="0.99" CC="104020"/>
						<SP ID="P60_SP00168" HPOS="1729" VPOS="1624" WIDTH="131"/>
						<String ID="P60_ST00186" HPOS="1860" VPOS="1606" WIDTH="9" HEIGHT="6" CONTENT="-" WC="0.24" CC="7"/>
					</TextLine>
				</TextBlock>
				<TextBlock ID="P60_TB00004" HPOS="939" VPOS="1626" WIDTH="862" HEIGHT="851" STYLEREFS="TXT_1 PAR_BLOCK">
					<Shape>
						<Polygon POINTS="1650,2477 939,2477 939,1626 1801,1626 1754,1663 1732,1683 1697,1720 1670,1754 1636,1802 1618,1831 1610,1845 1591,1892 1567,1958 1547,2044 1544,2067 1542,2102 1543,2162 1549,2217 1557,2265 1564,2292 1574,2332 1593,2379 1607,2408 1618,2429 1635,2456 1648,2475"/>
					</Shape>
					<TextLine ID="P60_TL00019" HPOS="939" VPOS="1643" WIDTH="722" HEIGHT="61">
						<String ID="P60_ST00187" HPOS="939" VPOS="1664" WIDTH="84" HEIGHT="29" CONTENT="war" WC="0.97" CC="006"/>
						<SP ID="P60_SP00169" HPOS="1023" VPOS="1693" WIDTH="40"/>
						<String ID="P60_ST00188" HPOS="1063" VPOS="1648" WIDTH="69" HEIGHT="43" CONTENT="das" WC="0.96" CC="270"/>
						<SP ID="P60_SP00170" HPOS="1132" VPOS="1693" WIDTH="42"/>
						<String ID="P60_ST00189" HPOS="1174" VPOS="1660" WIDTH="138" HEIGHT="44" CONTENT="grosse" WC="0.98" CC="572004"/>
						<SP ID="P60_SP00171" HPOS="1312" VPOS="1704" WIDTH="37"/>
						<String ID="P60_ST00190" HPOS="1349" VPOS="1643" WIDTH="173" HEIGHT="43" CONTENT="Sterben" WC="0.99" CC="0107006"/>
						<SP ID="P60_SP00172" HPOS="1522" VPOS="1704" WIDTH="41"/>
						<String ID="P60_ST00191" HPOS="1563" VPOS="1657" WIDTH="98" HEIGHT="27" CONTENT="vor-" WC="0.50" CC="7075"/>
					</TextLine>
					<TextLine ID="P60_TL00020" HPOS="940" VPOS="1712" WIDTH="664" HEIGHT="50">
						<String ID="P60_ST00192" HPOS="940" VPOS="1718" WIDTH="192" HEIGHT="44" CONTENT="Medaille" WC="0.81" CC="00080050"/>
						<SP ID="P60_SP00173" HPOS="1132" VPOS="1762" WIDTH="33"/>
						<String ID="P60_ST00193" HPOS="1165" VPOS="1716" WIDTH="70" HEIGHT="42" CONTENT="das" WC="1.00" CC="000"/>
						<SP ID="P60_SP00174" HPOS="1235" VPOS="1762" WIDTH="29"/>
						<String ID="P60_ST00194" HPOS="1264" VPOS="1714" WIDTH="142" HEIGHT="43" CONTENT="Glück" WC="1.00" CC="04000"/>
						<SP ID="P60_SP00175" HPOS="1406" VPOS="1762" WIDTH="27"/>
						<String ID="P60_ST00195" HPOS="1433" VPOS="1713" WIDTH="71" HEIGHT="43" CONTENT="der" WC="1.00" CC="000"/>
						<SP ID="P60_SP00176" HPOS="1504" VPOS="1762" WIDTH="22"/>
						<String ID="P60_ST00196" HPOS="1526" VPOS="1712" WIDTH="52" HEIGHT="42" CONTENT="Er" SUBS_TYPE="HypPart1" SUBS_CONTENT="Erdaneben" WC="0.59" CC="06"/>
						<HYP HPOS="1578" VPOS="1712" WIDTH="26" CONTENT="-"/>
					</TextLine>
					<TextLine ID="P60_TL00021" HPOS="941" VPOS="1781" WIDTH="630" HEIGHT="51">
						<String ID="P60_ST00197" HPOS="941" VPOS="1787" WIDTH="186" HEIGHT="45" CONTENT="daneben" SUBS_TYPE="HypPart2" SUBS_CONTENT="Erdaneben" WC="0.67" CC="0640047"/>
						<SP ID="P60_SP00177" HPOS="1127" VPOS="1832" WIDTH="14"/>
						<String ID="P60_ST00198" HPOS="1141" VPOS="1785" WIDTH="65" HEIGHT="43" CONTENT="die" WC="1.00" CC="000"/>
						<SP ID="P60_SP00178" HPOS="1206" VPOS="1832" WIDTH="13"/>
						<String ID="P60_ST00199" HPOS="1219" VPOS="1783" WIDTH="148" HEIGHT="44" CONTENT="eherne" WC="0.98" CC="000663"/>
						<SP ID="P60_SP00179" HPOS="1367" VPOS="1832" WIDTH="12"/>
						<String ID="P60_ST00200" HPOS="1379" VPOS="1781" WIDTH="192" HEIGHT="45" CONTENT="Chronik" WC="0.99" CC="3200012"/>
					</TextLine>
					<TextLine ID="P60_TL00022" HPOS="941" VPOS="1852" WIDTH="587" HEIGHT="59">
						<String ID="P60_ST00201" HPOS="941" VPOS="1858" WIDTH="141" HEIGHT="43" CONTENT="Malen" WC="1.00" CC="00200"/>
						<SP ID="P60_SP00180" HPOS="1082" VPOS="1901" WIDTH="48"/>
						<String ID="P60_ST00202" HPOS="1130" VPOS="1856" WIDTH="44" HEIGHT="41" CONTENT="in" WC="1.00" CC="00"/>
						<SP ID="P60_SP00181" HPOS="1174" VPOS="1901" WIDTH="47"/>
						<String ID="P60_ST00203" HPOS="1221" VPOS="1868" WIDTH="185" HEIGHT="43" CONTENT="grossem" WC="0.99" CC="6600004"/>
						<SP ID="P60_SP00182" HPOS="1406" VPOS="1911" WIDTH="48"/>
						<String ID="P60_ST00204" HPOS="1454" VPOS="1852" WIDTH="74" HEIGHT="42" CONTENT="Stil" WC="0.98" CC="0333"/>
					</TextLine>
					<TextLine ID="P60_TL00023" HPOS="1096" VPOS="1921" WIDTH="407" HEIGHT="47">
						<String ID="P60_ST00205" HPOS="1096" VPOS="1926" WIDTH="104" HEIGHT="42" CONTENT="Von" WC="0.99" CC="200"/>
						<SP ID="P60_SP00183" HPOS="1200" VPOS="1968" WIDTH="32"/>
						<String ID="P60_ST00206" HPOS="1232" VPOS="1924" WIDTH="49" HEIGHT="42" CONTENT="all" WC="0.97" CC="034"/>
						<SP ID="P60_SP00184" HPOS="1281" VPOS="1968" WIDTH="36"/>
						<String ID="P60_ST00207" HPOS="1317" VPOS="1923" WIDTH="97" HEIGHT="42" CONTENT="dem" WC="0.97" CC="035"/>
						<SP ID="P60_SP00185" HPOS="1414" VPOS="1968" WIDTH="36"/>
						<String ID="P60_ST00208" HPOS="1450" VPOS="1921" WIDTH="53" HEIGHT="42" CONTENT="ist" WC="1.00" CC="000"/>
					</TextLine>
					<TextLine ID="P60_TL00024" HPOS="943" VPOS="1991" WIDTH="555" HEIGHT="62">
						<String ID="P60_ST00209" HPOS="943" VPOS="1996" WIDTH="120" HEIGHT="57" CONTENT="übrig" WC="0.99" CC="00600"/>
						<SP ID="P60_SP00186" HPOS="1063" VPOS="2053" WIDTH="30"/>
						<String ID="P60_ST00210" HPOS="1093" VPOS="1992" WIDTH="215" HEIGHT="60" CONTENT="geblieben" WC="1.00" CC="000000000"/>
						<SP ID="P60_SP00187" HPOS="1308" VPOS="2053" WIDTH="37"/>
						<String ID="P60_ST00211" HPOS="1345" VPOS="1992" WIDTH="54" HEIGHT="42" CONTENT="als" WC="0.97" CC="600"/>
						<SP ID="P60_SP00188" HPOS="1399" VPOS="2053" WIDTH="34"/>
						<String ID="P60_ST00212" HPOS="1433" VPOS="1991" WIDTH="65" HEIGHT="43" CONTENT="die" WC="1.00" CC="000"/>
					</TextLine>
					<TextLine ID="P60_TL00025" HPOS="943" VPOS="2061" WIDTH="554" HEIGHT="58">
						<String ID="P60_ST00213" HPOS="943" VPOS="2067" WIDTH="66" HEIGHT="42" CONTENT="die" WC="1.00" CC="000"/>
						<SP ID="P60_SP00189" HPOS="1009" VPOS="2109" WIDTH="34"/>
						<String ID="P60_ST00214" HPOS="1043" VPOS="2061" WIDTH="454" HEIGHT="58" CONTENT="Ausstellungsprämie," WC="1.00" CC="0700003470001040007"/>
					</TextLine>
					<TextLine ID="P60_TL00026" HPOS="942" VPOS="2131" WIDTH="556" HEIGHT="48">
						<String ID="P60_ST00215" HPOS="942" VPOS="2135" WIDTH="118" HEIGHT="44" CONTENT="mehr" WC="0.98" CC="0046"/>
						<SP ID="P60_SP00190" HPOS="1060" VPOS="2179" WIDTH="35"/>
						<String ID="P60_ST00216" HPOS="1095" VPOS="2133" WIDTH="160" HEIGHT="44" CONTENT="Freude" WC="0.98" CC="060703"/>
						<SP ID="P60_SP00191" HPOS="1255" VPOS="2179" WIDTH="37"/>
						<String ID="P60_ST00217" HPOS="1292" VPOS="2131" WIDTH="89" HEIGHT="43" CONTENT="und" WC="0.97" CC="600"/>
						<SP ID="P60_SP00192" HPOS="1381" VPOS="2179" WIDTH="40"/>
						<String ID="P60_ST00218" HPOS="1421" VPOS="2131" WIDTH="52" HEIGHT="42" CONTENT="Er" SUBS_TYPE="HypPart1" SUBS_CONTENT="Erdurchaus" WC="0.96" CC="06"/>
						<HYP HPOS="1473" VPOS="2131" WIDTH="25" CONTENT="-"/>
					</TextLine>
					<TextLine ID="P60_TL00027" HPOS="944" VPOS="2201" WIDTH="557" HEIGHT="47">
						<String ID="P60_ST00219" HPOS="944" VPOS="2203" WIDTH="204" HEIGHT="45" CONTENT="durchaus" SUBS_TYPE="HypPart2" SUBS_CONTENT="Erdurchaus" WC="0.99" CC="07000070"/>
						<SP ID="P60_SP00193" HPOS="1148" VPOS="2248" WIDTH="48"/>
						<String ID="P60_ST00220" HPOS="1196" VPOS="2203" WIDTH="65" HEIGHT="43" CONTENT="die" WC="0.98" CC="004"/>
						<SP ID="P60_SP00194" HPOS="1261" VPOS="2248" WIDTH="45"/>
						<String ID="P60_ST00221" HPOS="1306" VPOS="2201" WIDTH="195" HEIGHT="43" CONTENT="Medaille" WC="0.99" CC="00060103"/>
					</TextLine>
					<TextLine ID="P60_TL00028" HPOS="945" VPOS="2271" WIDTH="565" HEIGHT="47">
						<String ID="P60_ST00222" HPOS="945" VPOS="2276" WIDTH="164" HEIGHT="42" CONTENT="Gemüt" WC="0.99" CC="04001"/>
						<SP ID="P60_SP00195" HPOS="1109" VPOS="2318" WIDTH="32"/>
						<String ID="P60_ST00223" HPOS="1141" VPOS="2273" WIDTH="69" HEIGHT="43" CONTENT="des" WC="0.99" CC="030"/>
						<SP ID="P60_SP00196" HPOS="1210" VPOS="2318" WIDTH="22"/>
						<String ID="P60_ST00224" HPOS="1232" VPOS="2271" WIDTH="159" HEIGHT="44" CONTENT="Volkes" WC="1.00" CC="002000"/>
						<SP ID="P60_SP00197" HPOS="1391" VPOS="2318" WIDTH="27"/>
						<String ID="P60_ST00225" HPOS="1418" VPOS="2286" WIDTH="69" HEIGHT="27" CONTENT="ver" SUBS_TYPE="HypPart1" SUBS_CONTENT="vervollkommenen" WC="0.75" CC="600"/>
						<HYP HPOS="1487" VPOS="2286" WIDTH="23" CONTENT="-"/>
					</TextLine>
					<TextLine ID="P60_TL00029" HPOS="944" VPOS="2339" WIDTH="588" HEIGHT="48">
						<String ID="P60_ST00226" HPOS="944" VPOS="2345" WIDTH="341" HEIGHT="42" CONTENT="vollkommenen" SUBS_TYPE="HypPart2" SUBS_CONTENT="vervollkommenen" WC="0.66" CC="401204060757"/>
						<SP ID="P60_SP00198" HPOS="1285" VPOS="2387" WIDTH="77"/>
						<String ID="P60_ST00227" HPOS="1362" VPOS="2339" WIDTH="146" HEIGHT="44" CONTENT="Gleich" SUBS_TYPE="HypPart1" SUBS_CONTENT="Gleichjetzigen" WC="1.00" CC="000000"/>
						<HYP HPOS="1508" VPOS="2339" WIDTH="24" CONTENT="-"/>
					</TextLine>
					<TextLine ID="P60_TL00030" HPOS="943" VPOS="2410" WIDTH="626" HEIGHT="64">
						<String ID="P60_ST00228" HPOS="943" VPOS="2415" WIDTH="175" HEIGHT="59" CONTENT="jetzigen" SUBS_TYPE="HypPart2" SUBS_CONTENT="Gleichjetzigen" WC="0.99" CC="60050027"/>
						<SP ID="P60_SP00199" HPOS="1118" VPOS="2474" WIDTH="13"/>
						<String ID="P60_ST00229" HPOS="1131" VPOS="2412" WIDTH="172" HEIGHT="43" CONTENT="banalen" WC="0.99" CC="0406500"/>
						<SP ID="P60_SP00200" HPOS="1303" VPOS="2474" WIDTH="14"/>
						<String ID="P60_ST00230" HPOS="1317" VPOS="2410" WIDTH="252" HEIGHT="56" CONTENT="Leistungen" WC="1.00" CC="0310060030"/>
					</TextLine>
				</TextBlock>
				<TextBlock ID="P60_TB00005" HPOS="947" VPOS="2480" WIDTH="921" HEIGHT="265" STYLEREFS="TXT_1 PAR_LEFT">
					<Shape>
						<Polygon POINTS="1868,2745 947,2745 947,2480 1652,2480 1668,2501 1690,2527 1739,2577 1801,2629 1848,2658 1868,2668"/>
					</Shape>
					<TextLine ID="P60_TL00031" HPOS="947" VPOS="2480" WIDTH="658" HEIGHT="60">
						<String ID="P60_ST00231" HPOS="947" VPOS="2485" WIDTH="144" HEIGHT="55" CONTENT="König" WC="0.99" CC="00105"/>
						<SP ID="P60_SP00201" HPOS="1091" VPOS="2540" WIDTH="57"/>
						<String ID="P60_ST00232" HPOS="1148" VPOS="2497" WIDTH="87" HEIGHT="27" CONTENT="von" WC="0.96" CC="605"/>
						<SP ID="P60_SP00202" HPOS="1235" VPOS="2540" WIDTH="50"/>
						<String ID="P60_ST00233" HPOS="1285" VPOS="2481" WIDTH="145" HEIGHT="42" CONTENT="Baiern" WC="0.76" CC="163020"/>
						<SP ID="P60_SP00203" HPOS="1430" VPOS="2540" WIDTH="54"/>
						<String ID="P60_ST00234" HPOS="1484" VPOS="2480" WIDTH="121" HEIGHT="41" CONTENT="einen" WC="0.99" CC="06000"/>
					</TextLine>
					<TextLine ID="P60_TL00032" HPOS="947" VPOS="2549" WIDTH="711" HEIGHT="58">
						<String ID="P60_ST00235" HPOS="947" VPOS="2567" WIDTH="99" HEIGHT="32" CONTENT="statt" WC="0.98" CC="00536"/>
						<SP ID="P60_SP00204" HPOS="1046" VPOS="2599" WIDTH="32"/>
						<String ID="P60_ST00236" HPOS="1078" VPOS="2553" WIDTH="70" HEIGHT="43" CONTENT="des" WC="1.00" CC="000"/>
						<SP ID="P60_SP00205" HPOS="1148" VPOS="2599" WIDTH="33"/>
						<String ID="P60_ST00237" HPOS="1181" VPOS="2549" WIDTH="228" HEIGHT="45" CONTENT="bairischen" WC="1.00" CC="0013300300"/>
						<SP ID="P60_SP00206" HPOS="1409" VPOS="2599" WIDTH="30"/>
						<String ID="P60_ST00238" HPOS="1439" VPOS="2549" WIDTH="219" HEIGHT="58" CONTENT="Wappens" WC="1.00" CC="0500000"/>
					</TextLine>
					<TextLine ID="P60_TL00033" HPOS="948" VPOS="2617" WIDTH="785" HEIGHT="56">
						<String ID="P60_ST00239" HPOS="948" VPOS="2623" WIDTH="193" HEIGHT="44" CONTENT="Bavariae" WC="0.76" CC="60222220"/>
						<SP ID="P60_SP00207" HPOS="1141" VPOS="2667" WIDTH="21"/>
						<String ID="P60_ST00240" HPOS="1162" VPOS="2622" WIDTH="111" HEIGHT="51" CONTENT="ziert," WC="0.99" CC="000440"/>
						<SP ID="P60_SP00208" HPOS="1273" VPOS="2673" WIDTH="23"/>
						<String ID="P60_ST00241" HPOS="1296" VPOS="2619" WIDTH="111" HEIGHT="43" CONTENT="dann" WC="0.99" CC="0500"/>
						<SP ID="P60_SP00209" HPOS="1407" VPOS="2673" WIDTH="20"/>
						<String ID="P60_ST00242" HPOS="1427" VPOS="2617" WIDTH="306" HEIGHT="44" CONTENT="verschwindet" WC="1.00" CC="405001040004"/>
					</TextLine>
					<TextLine ID="P60_TL00034" HPOS="951" VPOS="2687" WIDTH="891" HEIGHT="58">
						<String ID="P60_ST00243" HPOS="951" VPOS="2692" WIDTH="101" HEIGHT="53" CONTENT="lauf," WC="0.98" CC="05550"/>
						<SP ID="P60_SP00210" HPOS="1052" VPOS="2745" WIDTH="39"/>
						<String ID="P60_ST00244" HPOS="1091" VPOS="2692" WIDTH="111" HEIGHT="43" CONTENT="denn" WC="1.00" CC="0100"/>
						<SP ID="P60_SP00211" HPOS="1202" VPOS="2745" WIDTH="38"/>
						<String ID="P60_ST00245" HPOS="1240" VPOS="2689" WIDTH="108" HEIGHT="56" CONTENT="jedes" WC="0.99" CC="60000"/>
						<SP ID="P60_SP00212" HPOS="1348" VPOS="2745" WIDTH="41"/>
						<String ID="P60_ST00246" HPOS="1389" VPOS="2687" WIDTH="210" HEIGHT="44" CONTENT="Mädchen" WC="1.00" CC="4300000"/>
						<SP ID="P60_SP00213" HPOS="1599" VPOS="2745" WIDTH="40"/>
						<String ID="P60_ST00247" HPOS="1639" VPOS="2693" WIDTH="109" HEIGHT="51" CONTENT="trägt" WC="0.98" CC="04063"/>
						<SP ID="P60_SP00214" HPOS="1748" VPOS="2745" WIDTH="39"/>
						<String ID="P60_ST00248" HPOS="1787" VPOS="2688" WIDTH="55" HEIGHT="42" CONTENT="sie" WC="0.99" CC="020"/>
					</TextLine>
				</TextBlock>
				<TextBlock ID="P60_TB00006" HPOS="2405" VPOS="1494" WIDTH="934" HEIGHT="138" STYLEREFS="TXT_1 PAR_LEFT">
					<TextLine ID="P60_TL00035" HPOS="2406" VPOS="1494" WIDTH="931" HEIGHT="60">
						<String ID="P60_ST00249" HPOS="2406" VPOS="1494" WIDTH="216" HEIGHT="60" CONTENT="politische" WC="1.00" CC="0000541020"/>
						<SP ID="P60_SP00215" HPOS="2622" VPOS="1554" WIDTH="20"/>
						<String ID="P60_ST00250" HPOS="2642" VPOS="1495" WIDTH="230" HEIGHT="56" CONTENT="Ereignisse" WC="0.99" CC="0404523000"/>
						<SP ID="P60_SP00216" HPOS="2872" VPOS="1554" WIDTH="32"/>
						<String ID="P60_ST00251" HPOS="2904" VPOS="1495" WIDTH="80" HEIGHT="42" CONTENT="wie" WC="0.99" CC="030"/>
						<SP ID="P60_SP00217" HPOS="2984" VPOS="1554" WIDTH="32"/>
						<String ID="P60_ST00252" HPOS="3016" VPOS="1494" WIDTH="71" HEIGHT="43" CONTENT="der" WC="0.99" CC="003"/>
						<SP ID="P60_SP00218" HPOS="3087" VPOS="1554" WIDTH="11"/>
						<String ID="P60_ST00253" HPOS="3098" VPOS="1494" WIDTH="102" HEIGHT="43" CONTENT="Tod" WC="0.98" CC="103"/>
						<SP ID="P60_SP00219" HPOS="3200" VPOS="1554" WIDTH="34"/>
						<String ID="P60_ST00254" HPOS="3234" VPOS="1497" WIDTH="103" HEIGHT="43" CONTENT="eines" WC="0.99" CC="00702"/>
					</TextLine>
					<TextLine ID="P60_TL00036" HPOS="2521" VPOS="1564" WIDTH="817" HEIGHT="57">
						<String ID="P60_ST00255" HPOS="2521" VPOS="1564" WIDTH="130" HEIGHT="44" CONTENT="durch" WC="1.00" CC="00100"/>
						<SP ID="P60_SP00220" HPOS="2651" VPOS="1608" WIDTH="32"/>
						<String ID="P60_ST00256" HPOS="2683" VPOS="1565" WIDTH="67" HEIGHT="42" CONTENT="die" WC="1.00" CC="000"/>
						<SP ID="P60_SP00221" HPOS="2750" VPOS="1608" WIDTH="21"/>
						<String ID="P60_ST00257" HPOS="2771" VPOS="1564" WIDTH="195" HEIGHT="43" CONTENT="Medaille" WC="1.00" CC="00060040"/>
						<SP ID="P60_SP00222" HPOS="2966" VPOS="1608" WIDTH="31"/>
						<String ID="P60_ST00258" HPOS="2997" VPOS="1564" WIDTH="227" HEIGHT="57" CONTENT="registriert," WC="0.99" CC="406004012600"/>
						<SP ID="P60_SP00223" HPOS="3224" VPOS="1621" WIDTH="32"/>
						<String ID="P60_ST00259" HPOS="3256" VPOS="1566" WIDTH="82" HEIGHT="44" CONTENT="und" WC="0.96" CC="270"/>
					</TextLine>
				</TextBlock>
				<TextBlock ID="P60_TB00007" HPOS="2505" VPOS="1633" WIDTH="838" HEIGHT="823" STYLEREFS="TXT_1 PAR_LEFT">
					<Shape>
						<Polygon POINTS="3343,2456 2657,2456 2675,2427 2701,2378 2721,2326 2731,2299 2742,2254 2749,2218 2755,2144 2756,2105 2754,2060 2745,2002 2727,1927 2703,1871 2678,1821 2655,1789 2641,1769 2577,1694 2560,1678 2532,1654 2505,1633 3343,1633"/>
					</Shape>
					<TextLine ID="P60_TL00037" HPOS="2600" VPOS="1633" WIDTH="735" HEIGHT="59">
						<String ID="P60_ST00260" HPOS="2600" VPOS="1633" WIDTH="328" HEIGHT="59" CONTENT="übergegangen," WC="0.99" CC="0006606136063"/>
						<SP ID="P60_SP00224" HPOS="2928" VPOS="1692" WIDTH="15"/>
						<String ID="P60_ST00261" HPOS="2943" VPOS="1650" WIDTH="47" HEIGHT="27" CONTENT="so" WC="1.00" CC="00"/>
						<SP ID="P60_SP00225" HPOS="2990" VPOS="1692" WIDTH="16"/>
						<String ID="P60_ST00262" HPOS="3006" VPOS="1634" WIDTH="250" HEIGHT="43" CONTENT="verkündete" WC="1.00" CC="6060000030"/>
						<SP ID="P60_SP00226" HPOS="3256" VPOS="1692" WIDTH="17"/>
						<String ID="P60_ST00263" HPOS="3273" VPOS="1634" WIDTH="62" HEIGHT="43" CONTENT="die" WC="1.00" CC="000"/>
					</TextLine>
					<TextLine ID="P60_TL00038" HPOS="2671" VPOS="1704" WIDTH="665" HEIGHT="57">
						<String ID="P60_ST00264" HPOS="2671" VPOS="1704" WIDTH="158" HEIGHT="57" CONTENT="lösung." WC="0.78" CC="4006004"/>
						<SP ID="P60_SP00227" HPOS="2829" VPOS="1761" WIDTH="33"/>
						<String ID="P60_ST00265" HPOS="2862" VPOS="1706" WIDTH="113" HEIGHT="41" CONTENT="Dem" WC="1.00" CC="000"/>
						<SP ID="P60_SP00228" HPOS="2975" VPOS="1761" WIDTH="15"/>
						<String ID="P60_ST00266" HPOS="2990" VPOS="1704" WIDTH="174" HEIGHT="42" CONTENT="Fürsten" WC="0.99" CC="0070410"/>
						<SP ID="P60_SP00229" HPOS="3164" VPOS="1761" WIDTH="15"/>
						<String ID="P60_ST00267" HPOS="3179" VPOS="1719" WIDTH="85" HEIGHT="27" CONTENT="war" WC="0.94" CC="266"/>
						<SP ID="P60_SP00230" HPOS="3264" VPOS="1761" WIDTH="19"/>
						<String ID="P60_ST00268" HPOS="3283" VPOS="1704" WIDTH="53" HEIGHT="42" CONTENT="sie" WC="1.00" CC="001"/>
					</TextLine>
					<TextLine ID="P60_TL00039" HPOS="2709" VPOS="1773" WIDTH="629" HEIGHT="43">
						<String ID="P60_ST00269" HPOS="2709" VPOS="1775" WIDTH="129" HEIGHT="41" CONTENT="seiner" WC="1.00" CC="001010"/>
						<SP ID="P60_SP00231" HPOS="2838" VPOS="1816" WIDTH="20"/>
						<String ID="P60_ST00270" HPOS="2858" VPOS="1773" WIDTH="185" HEIGHT="43" CONTENT="Thaten:" WC="0.79" CC="0193000"/>
						<SP ID="P60_SP00232" HPOS="3043" VPOS="1816" WIDTH="28"/>
						<String ID="P60_ST00271" HPOS="3071" VPOS="1788" WIDTH="99" HEIGHT="28" CONTENT="zum" WC="0.95" CC="066"/>
						<SP ID="P60_SP00233" HPOS="3170" VPOS="1816" WIDTH="20"/>
						<String ID="P60_ST00272" HPOS="3190" VPOS="1775" WIDTH="148" HEIGHT="41" CONTENT="letzten" WC="0.99" CC="0035500"/>
					</TextLine>
					<TextLine ID="P60_TL00040" HPOS="2737" VPOS="1843" WIDTH="600" HEIGHT="59">
						<String ID="P60_ST00273" HPOS="2737" VPOS="1857" WIDTH="122" HEIGHT="30" CONTENT="unter" WC="0.99" CC="60000"/>
						<SP ID="P60_SP00234" HPOS="2859" VPOS="1887" WIDTH="7"/>
						<String ID="P60_ST00274" HPOS="2866" VPOS="1843" WIDTH="220" HEIGHT="59" CONTENT="Napoleon" WC="1.00" CC="00001000"/>
						<SP ID="P60_SP00235" HPOS="3086" VPOS="1902" WIDTH="9"/>
						<String ID="P60_ST00275" HPOS="3095" VPOS="1843" WIDTH="95" HEIGHT="42" CONTENT="dem" WC="0.99" CC="003"/>
						<SP ID="P60_SP00236" HPOS="3190" VPOS="1902" WIDTH="9"/>
						<String ID="P60_ST00276" HPOS="3199" VPOS="1855" WIDTH="138" HEIGHT="30" CONTENT="ersten," WC="0.99" CC="0604004"/>
					</TextLine>
					<TextLine ID="P60_TL00041" HPOS="2776" VPOS="1912" WIDTH="561" HEIGHT="44">
						<String ID="P60_ST00277" HPOS="2776" VPOS="1930" WIDTH="78" HEIGHT="26" CONTENT="uns" WC="0.97" CC="700"/>
						<SP ID="P60_SP00237" HPOS="2854" VPOS="1956" WIDTH="50"/>
						<String ID="P60_ST00278" HPOS="2904" VPOS="1912" WIDTH="116" HEIGHT="44" CONTENT="nicht" WC="0.99" CC="00015"/>
						<SP ID="P60_SP00238" HPOS="3020" VPOS="1956" WIDTH="45"/>
						<String ID="P60_ST00279" HPOS="3065" VPOS="1913" WIDTH="81" HEIGHT="42" CONTENT="viel" WC="0.99" CC="6000"/>
						<SP ID="P60_SP00239" HPOS="3146" VPOS="1956" WIDTH="51"/>
						<String ID="P60_ST00280" HPOS="3197" VPOS="1914" WIDTH="140" HEIGHT="42" CONTENT="anders" WC="0.99" CC="600070"/>
					</TextLine>
					<TextLine ID="P60_TL00042" HPOS="2787" VPOS="1982" WIDTH="553" HEIGHT="56">
						<String ID="P60_ST00281" HPOS="2787" VPOS="1982" WIDTH="410" HEIGHT="56" CONTENT="Jubiläumsmedaille" WC="1.00" CC="06023360000090542"/>
						<SP ID="P60_SP00240" HPOS="3197" VPOS="2038" WIDTH="46"/>
						<String ID="P60_ST00282" HPOS="3243" VPOS="1982" WIDTH="97" HEIGHT="42" CONTENT="oder" WC="0.98" CC="0007"/>
					</TextLine>
					<TextLine ID="P60_TL00043" HPOS="2801" VPOS="2051" WIDTH="539" HEIGHT="44">
						<String ID="P60_ST00283" HPOS="2801" VPOS="2068" WIDTH="52" HEIGHT="27" CONTENT="an" WC="0.65" CC="07"/>
						<SP ID="P60_SP00241" HPOS="2853" VPOS="2095" WIDTH="33"/>
						<String ID="P60_ST00284" HPOS="2886" VPOS="2053" WIDTH="134" HEIGHT="42" CONTENT="denen" WC="0.99" CC="00050"/>
						<SP ID="P60_SP00242" HPOS="3020" VPOS="2095" WIDTH="31"/>
						<String ID="P60_ST00285" HPOS="3051" VPOS="2052" WIDTH="96" HEIGHT="43" CONTENT="kein" WC="1.00" CC="0000"/>
						<SP ID="P60_SP00243" HPOS="3147" VPOS="2095" WIDTH="21"/>
						<String ID="P60_ST00286" HPOS="3168" VPOS="2051" WIDTH="172" HEIGHT="42" CONTENT="Mensch" WC="0.99" CC="005004"/>
					</TextLine>
					<TextLine ID="P60_TL00044" HPOS="2800" VPOS="2121" WIDTH="541" HEIGHT="59">
						<String ID="P60_ST00287" HPOS="2800" VPOS="2122" WIDTH="170" HEIGHT="58" CONTENT="bauung" WC="0.65" CC="077600"/>
						<SP ID="P60_SP00244" HPOS="2970" VPOS="2180" WIDTH="53"/>
						<String ID="P60_ST00288" HPOS="3023" VPOS="2121" WIDTH="140" HEIGHT="44" CONTENT="findet." WC="0.98" CC="7700054"/>
						<SP ID="P60_SP00245" HPOS="3163" VPOS="2180" WIDTH="80"/>
						<String ID="P60_ST00289" HPOS="3243" VPOS="2121" WIDTH="98" HEIGHT="42" CONTENT="Wie" WC="0.98" CC="005"/>
					</TextLine>
					<TextLine ID="P60_TL00045" HPOS="2798" VPOS="2190" WIDTH="542" HEIGHT="45">
						<String ID="P60_ST00290" HPOS="2798" VPOS="2193" WIDTH="86" HEIGHT="42" CONTENT="ihre" WC="0.98" CC="2050"/>
						<SP ID="P60_SP00246" HPOS="2884" VPOS="2235" WIDTH="50"/>
						<String ID="P60_ST00291" HPOS="2934" VPOS="2190" WIDTH="148" HEIGHT="44" CONTENT="Macht" WC="0.98" CC="37005"/>
						<SP ID="P60_SP00247" HPOS="3082" VPOS="2235" WIDTH="45"/>
						<String ID="P60_ST00292" HPOS="3127" VPOS="2190" WIDTH="101" HEIGHT="44" CONTENT="über" WC="0.98" CC="0036"/>
						<SP ID="P60_SP00248" HPOS="3228" VPOS="2235" WIDTH="45"/>
						<String ID="P60_ST00293" HPOS="3273" VPOS="2191" WIDTH="67" HEIGHT="42" CONTENT="das" WC="0.98" CC="050"/>
					</TextLine>
					<TextLine ID="P60_TL00046" HPOS="2796" VPOS="2260" WIDTH="547" HEIGHT="59">
						<String ID="P60_ST00294" HPOS="2796" VPOS="2264" WIDTH="115" HEIGHT="41" CONTENT="loren" WC="0.81" CC="60300"/>
						<SP ID="P60_SP00249" HPOS="2911" VPOS="2305" WIDTH="14"/>
						<String ID="P60_ST00295" HPOS="2925" VPOS="2261" WIDTH="80" HEIGHT="52" CONTENT="hat," WC="0.98" CC="0503"/>
						<SP ID="P60_SP00250" HPOS="3005" VPOS="2313" WIDTH="20"/>
						<String ID="P60_ST00296" HPOS="3025" VPOS="2260" WIDTH="98" HEIGHT="59" CONTENT="geht" WC="1.00" CC="0000"/>
						<SP ID="P60_SP00251" HPOS="3123" VPOS="2319" WIDTH="11"/>
						<String ID="P60_ST00297" HPOS="3134" VPOS="2276" WIDTH="69" HEIGHT="28" CONTENT="aus" WC="0.95" CC="570"/>
						<SP ID="P60_SP00252" HPOS="3203" VPOS="2319" WIDTH="14"/>
						<String ID="P60_ST00298" HPOS="3217" VPOS="2260" WIDTH="126" HEIGHT="43" CONTENT="seiner" WC="0.99" CC="001720"/>
					</TextLine>
					<TextLine ID="P60_TL00047" HPOS="2778" VPOS="2330" WIDTH="564" HEIGHT="59">
						<String ID="P60_ST00299" HPOS="2778" VPOS="2332" WIDTH="218" HEIGHT="57" CONTENT="gültigkeit" WC="0.92" CC="0010100003"/>
						<SP ID="P60_SP00253" HPOS="2996" VPOS="2389" WIDTH="75"/>
						<String ID="P60_ST00300" HPOS="3071" VPOS="2345" WIDTH="132" HEIGHT="42" CONTENT="gegen" WC="0.98" CC="67000"/>
						<SP ID="P60_SP00254" HPOS="3203" VPOS="2389" WIDTH="76"/>
						<String ID="P60_ST00301" HPOS="3279" VPOS="2330" WIDTH="63" HEIGHT="42" CONTENT="die" WC="0.98" CC="060"/>
					</TextLine>
					<TextLine ID="P60_TL00048" HPOS="2744" VPOS="2400" WIDTH="598" HEIGHT="45">
						<String ID="P60_ST00302" HPOS="2744" VPOS="2403" WIDTH="158" HEIGHT="42" CONTENT="hervor." WC="0.99" CC="0010064"/>
						<SP ID="P60_SP00255" HPOS="2902" VPOS="2445" WIDTH="63"/>
						<String ID="P60_ST00303" HPOS="2965" VPOS="2400" WIDTH="117" HEIGHT="43" CONTENT="Aber" WC="0.99" CC="0040"/>
						<SP ID="P60_SP00256" HPOS="3082" VPOS="2445" WIDTH="36"/>
						<String ID="P60_ST00304" HPOS="3118" VPOS="2415" WIDTH="121" HEIGHT="27" CONTENT="wenn" WC="1.00" CC="0100"/>
						<SP ID="P60_SP00257" HPOS="3239" VPOS="2445" WIDTH="36"/>
						<String ID="P60_ST00305" HPOS="3275" VPOS="2400" WIDTH="67" HEIGHT="41" CONTENT="der" WC="0.98" CC="005"/>
					</TextLine>
				</TextBlock>
				<TextBlock ID="P60_TB00008" HPOS="2405" VPOS="2457" WIDTH="940" HEIGHT="267" STYLEREFS="TXT_1 PAR_RIGHT">
					<Shape>
						<Polygon POINTS="3345,2724 2405,2724 2405,2675 2465,2642 2505,2617 2543,2590 2572,2562 2602,2532 2618,2511 2644,2477 2656,2457 3345,2457"/>
					</Shape>
					<TextLine ID="P60_TL00049" HPOS="2691" VPOS="2470" WIDTH="653" HEIGHT="59">
						<String ID="P60_ST00306" HPOS="2691" VPOS="2472" WIDTH="155" HEIGHT="44" CONTENT="Thaler" WC="0.58" CC="305257"/>
						<SP ID="P60_SP00258" HPOS="2846" VPOS="2516" WIDTH="39"/>
						<String ID="P60_ST00307" HPOS="2885" VPOS="2471" WIDTH="192" HEIGHT="58" CONTENT="schlagen" WC="0.99" CC="00005507"/>
						<SP ID="P60_SP00259" HPOS="3077" VPOS="2529" WIDTH="41"/>
						<String ID="P60_ST00308" HPOS="3118" VPOS="2471" WIDTH="109" HEIGHT="49" CONTENT="lässt," WC="0.99" CC="430000"/>
						<SP ID="P60_SP00260" HPOS="3227" VPOS="2529" WIDTH="40"/>
						<String ID="P60_ST00309" HPOS="3267" VPOS="2470" WIDTH="77" HEIGHT="42" CONTENT="den" WC="0.96" CC="027"/>
					</TextLine>
					<TextLine ID="P60_TL00050" HPOS="2629" VPOS="2540" WIDTH="715" HEIGHT="58">
						<String ID="P60_ST00310" HPOS="2629" VPOS="2544" WIDTH="64" HEIGHT="42" CONTENT="die" WC="1.00" CC="100"/>
						<SP ID="P60_SP00261" HPOS="2693" VPOS="2586" WIDTH="14"/>
						<String ID="P60_ST00311" HPOS="2707" VPOS="2541" WIDTH="383" HEIGHT="57" CONTENT="Himmelskönigin" WC="1.00" CC="60120100002400"/>
						<SP ID="P60_SP00262" HPOS="3090" VPOS="2598" WIDTH="15"/>
						<String ID="P60_ST00312" HPOS="3105" VPOS="2540" WIDTH="52" HEIGHT="42" CONTENT="als" WC="1.00" CC="010"/>
						<SP ID="P60_SP00263" HPOS="3157" VPOS="2598" WIDTH="14"/>
						<String ID="P60_ST00313" HPOS="3171" VPOS="2540" WIDTH="173" HEIGHT="41" CONTENT="Patrona" WC="0.67" CC="4045007"/>
					</TextLine>
					<TextLine ID="P60_TL00051" HPOS="2563" VPOS="2608" WIDTH="782" HEIGHT="48">
						<String ID="P60_ST00314" HPOS="2563" VPOS="2614" WIDTH="109" HEIGHT="42" CONTENT="diese" WC="0.99" CC="00400"/>
						<SP ID="P60_SP00264" HPOS="2672" VPOS="2656" WIDTH="21"/>
						<String ID="P60_ST00315" HPOS="2693" VPOS="2615" WIDTH="152" HEIGHT="40" CONTENT="Münze" WC="1.00" CC="00000"/>
						<SP ID="P60_SP00265" HPOS="2845" VPOS="2656" WIDTH="25"/>
						<String ID="P60_ST00316" HPOS="2870" VPOS="2609" WIDTH="139" HEIGHT="45" CONTENT="sofort" WC="0.99" CC="005032"/>
						<SP ID="P60_SP00266" HPOS="3009" VPOS="2656" WIDTH="22"/>
						<String ID="P60_ST00317" HPOS="3031" VPOS="2626" WIDTH="70" HEIGHT="27" CONTENT="aus" WC="0.95" CC="560"/>
						<SP ID="P60_SP00267" HPOS="3101" VPOS="2656" WIDTH="23"/>
						<String ID="P60_ST00318" HPOS="3124" VPOS="2610" WIDTH="96" HEIGHT="42" CONTENT="dem" WC="1.00" CC="000"/>
						<SP ID="P60_SP00268" HPOS="3220" VPOS="2656" WIDTH="20"/>
						<String ID="P60_ST00319" HPOS="3240" VPOS="2608" WIDTH="70" HEIGHT="42" CONTENT="Um" SUBS_TYPE="HypPart1" SUBS_CONTENT="Umals" WC="0.89" CC="03"/>
						<HYP HPOS="3310" VPOS="2608" WIDTH="35" CONTENT="-"/>
					</TextLine>
					<TextLine ID="P60_TL00052" HPOS="2463" VPOS="2680" WIDTH="688" HEIGHT="44">
						<String ID="P60_ST00320" HPOS="2463" VPOS="2684" WIDTH="54" HEIGHT="40" CONTENT="als" SUBS_TYPE="HypPart2" SUBS_CONTENT="Umals" WC="0.78" CC="320"/>
						<SP ID="P60_SP00269" HPOS="2517" VPOS="2724" WIDTH="33"/>
						<String ID="P60_ST00321" HPOS="2550" VPOS="2681" WIDTH="164" HEIGHT="43" CONTENT="Broche" WC="0.73" CC="460040"/>
						<SP ID="P60_SP00270" HPOS="2714" VPOS="2724" WIDTH="32"/>
						<String ID="P60_ST00322" HPOS="2746" VPOS="2684" WIDTH="101" HEIGHT="40" CONTENT="oder" WC="0.98" CC="0046"/>
						<SP ID="P60_SP00271" HPOS="2847" VPOS="2724" WIDTH="32"/>
						<String ID="P60_ST00323" HPOS="2879" VPOS="2696" WIDTH="67" HEIGHT="27" CONTENT="am" WC="0.81" CC="30"/>
						<SP ID="P60_SP00272" HPOS="2946" VPOS="2724" WIDTH="34"/>
						<String ID="P60_ST00324" HPOS="2980" VPOS="2680" WIDTH="171" HEIGHT="43" CONTENT="Mieder." WC="0.99" CC="0100064"/>
					</TextLine>
				</TextBlock>
				<TextBlock ID="P60_TB00009" HPOS="953" VPOS="2884" WIDTH="2400" HEIGHT="1041" STYLEREFS="TXT_1 PAR_BLOCK">
					<TextLine ID="P60_TL00053" HPOS="1107" VPOS="2887" WIDTH="2240" HEIGHT="68">
						<String ID="P60_ST00325" HPOS="1107" VPOS="2902" WIDTH="47" HEIGHT="42" CONTENT="In" WC="0.55" CC="26"/>
						<SP ID="P60_SP00273" HPOS="1154" VPOS="2944" WIDTH="32"/>
						<String ID="P60_ST00326" HPOS="1186" VPOS="2901" WIDTH="72" HEIGHT="43" CONTENT="der" WC="0.98" CC="006"/>
						<SP ID="P60_SP00274" HPOS="1258" VPOS="2944" WIDTH="40"/>
						<String ID="P60_ST00327" HPOS="1298" VPOS="2904" WIDTH="104" HEIGHT="51" CONTENT="1891" WC="0.71" CC="3340"/>
						<SP ID="P60_SP00275" HPOS="1402" VPOS="2955" WIDTH="39"/>
						<String ID="P60_ST00328" HPOS="1441" VPOS="2896" WIDTH="288" HEIGHT="45" CONTENT="erschienenen" WC="1.00" CC="060000000000"/>
						<SP ID="P60_SP00276" HPOS="1729" VPOS="2955" WIDTH="32"/>
						<String ID="P60_ST00329" HPOS="1761" VPOS="2896" WIDTH="348" HEIGHT="43" CONTENT="verdienstvollen" WC="1.00" CC="123000005500400"/>
						<SP ID="P60_SP00277" HPOS="2109" VPOS="2955" WIDTH="20"/>
						<String ID="P60_ST00330" HPOS="2129" VPOS="2895" WIDTH="280" HEIGHT="43" CONTENT="Münzkunde" WC="1.00" CC="000600001"/>
						<SP ID="P60_SP00278" HPOS="2409" VPOS="2955" WIDTH="30"/>
						<String ID="P60_ST00331" HPOS="2439" VPOS="2909" WIDTH="89" HEIGHT="26" CONTENT="von" WC="1.00" CC="000"/>
						<SP ID="P60_SP00279" HPOS="2528" VPOS="2955" WIDTH="22"/>
						<String ID="P60_ST00332" HPOS="2550" VPOS="2890" WIDTH="282" HEIGHT="57" CONTENT="Dannenberg" WC="0.99" CC="0660000060"/>
						<SP ID="P60_SP00280" HPOS="2832" VPOS="2955" WIDTH="31"/>
						<String ID="P60_ST00333" HPOS="2863" VPOS="2890" WIDTH="108" HEIGHT="43" CONTENT="wird" WC="0.97" CC="5140"/>
						<SP ID="P60_SP00281" HPOS="2971" VPOS="2955" WIDTH="23"/>
						<String ID="P60_ST00334" HPOS="2994" VPOS="2905" WIDTH="68" HEIGHT="28" CONTENT="am" WC="1.00" CC="00"/>
						<SP ID="P60_SP00282" HPOS="3062" VPOS="2955" WIDTH="21"/>
						<String ID="P60_ST00335" HPOS="3083" VPOS="2888" WIDTH="163" HEIGHT="44" CONTENT="Schluss" WC="0.99" CC="0024400"/>
						<SP ID="P60_SP00283" HPOS="3246" VPOS="2955" WIDTH="31"/>
						<String ID="P60_ST00336" HPOS="3277" VPOS="2887" WIDTH="70" HEIGHT="42" CONTENT="der" WC="0.98" CC="006"/>
					</TextLine>
					<TextLine ID="P60_TL00054" HPOS="955" VPOS="2955" WIDTH="2395" HEIGHT="67">
						<String ID="P60_ST00337" HPOS="955" VPOS="2968" WIDTH="160" HEIGHT="46" CONTENT="Verfall" WC="0.99" CC="4040003"/>
						<SP ID="P60_SP00284" HPOS="1115" VPOS="3014" WIDTH="31"/>
						<String ID="P60_ST00338" HPOS="1146" VPOS="2970" WIDTH="69" HEIGHT="42" CONTENT="des" WC="1.00" CC="000"/>
						<SP ID="P60_SP00285" HPOS="1215" VPOS="3014" WIDTH="22"/>
						<String ID="P60_ST00339" HPOS="1237" VPOS="2966" WIDTH="381" HEIGHT="44" CONTENT="Medaillenwesens" WC="1.00" CC="000510405000070"/>
						<SP ID="P60_SP00286" HPOS="1618" VPOS="3014" WIDTH="20"/>
						<String ID="P60_ST00340" HPOS="1638" VPOS="2963" WIDTH="165" HEIGHT="59" CONTENT="beklagt" WC="0.99" CC="0050300"/>
						<SP ID="P60_SP00287" HPOS="1803" VPOS="3022" WIDTH="22"/>
						<String ID="P60_ST00341" HPOS="1825" VPOS="2965" WIDTH="91" HEIGHT="43" CONTENT="und" WC="0.98" CC="400"/>
						<SP ID="P60_SP00288" HPOS="1916" VPOS="3022" WIDTH="32"/>
						<String ID="P60_ST00342" HPOS="1948" VPOS="2980" WIDTH="71" HEIGHT="27" CONTENT="aus" WC="0.97" CC="060"/>
						<SP ID="P60_SP00289" HPOS="2019" VPOS="3022" WIDTH="23"/>
						<String ID="P60_ST00343" HPOS="2042" VPOS="2965" WIDTH="71" HEIGHT="42" CONTENT="der" WC="0.97" CC="025"/>
						<SP ID="P60_SP00290" HPOS="2113" VPOS="3022" WIDTH="20"/>
						<String ID="P60_ST00344" HPOS="2133" VPOS="2963" WIDTH="207" HEIGHT="44" CONTENT="Kenntnis" WC="0.99" CC="00346700"/>
						<SP ID="P60_SP00291" HPOS="2340" VPOS="3022" WIDTH="21"/>
						<String ID="P60_ST00345" HPOS="2361" VPOS="2963" WIDTH="72" HEIGHT="42" CONTENT="der" WC="0.98" CC="004"/>
						<SP ID="P60_SP00292" HPOS="2433" VPOS="3022" WIDTH="22"/>
						<String ID="P60_ST00346" HPOS="2455" VPOS="2962" WIDTH="254" HEIGHT="57" CONTENT="Leistungen" WC="0.99" CC="0000040806"/>
						<SP ID="P60_SP00293" HPOS="2709" VPOS="3022" WIDTH="22"/>
						<String ID="P60_ST00347" HPOS="2731" VPOS="2958" WIDTH="187" HEIGHT="45" CONTENT="früherer" WC="0.99" CC="50010405"/>
						<SP ID="P60_SP00294" HPOS="2918" VPOS="3022" WIDTH="20"/>
						<String ID="P60_ST00348" HPOS="2938" VPOS="2958" WIDTH="98" HEIGHT="43" CONTENT="Zeit" WC="0.99" CC="0003"/>
						<SP ID="P60_SP00295" HPOS="3036" VPOS="3022" WIDTH="31"/>
						<String ID="P60_ST00349" HPOS="3067" VPOS="2958" WIDTH="71" HEIGHT="43" CONTENT="der" WC="0.99" CC="003"/>
						<SP ID="P60_SP00296" HPOS="3138" VPOS="3022" WIDTH="21"/>
						<String ID="P60_ST00350" HPOS="3159" VPOS="2955" WIDTH="191" HEIGHT="45" CONTENT="Wunsch" WC="1.00" CC="000004"/>
					</TextLine>
					<TextLine ID="P60_TL00055" HPOS="956" VPOS="3029" WIDTH="2395" HEIGHT="69">
						<String ID="P60_ST00351" HPOS="956" VPOS="3038" WIDTH="339" HEIGHT="60" CONTENT="ausgesprochen," WC="1.00" CC="52080001004030"/>
						<SP ID="P60_SP00297" HPOS="1295" VPOS="3098" WIDTH="32"/>
						<String ID="P60_ST00352" HPOS="1327" VPOS="3054" WIDTH="40" HEIGHT="26" CONTENT="es" WC="1.00" CC="00"/>
						<SP ID="P60_SP00298" HPOS="1367" VPOS="3098" WIDTH="22"/>
						<String ID="P60_ST00353" HPOS="1389" VPOS="3036" WIDTH="202" HEIGHT="44" CONTENT="möchten" WC="0.99" CC="0006600"/>
						<SP ID="P60_SP00299" HPOS="1591" VPOS="3098" WIDTH="22"/>
						<String ID="P60_ST00354" HPOS="1613" VPOS="3037" WIDTH="66" HEIGHT="42" CONTENT="die" WC="1.00" CC="000"/>
						<SP ID="P60_SP00300" HPOS="1679" VPOS="3098" WIDTH="21"/>
						<String ID="P60_ST00355" HPOS="1700" VPOS="3036" WIDTH="109" HEIGHT="42" CONTENT="alten" WC="1.00" CC="00010"/>
						<SP ID="P60_SP00301" HPOS="1809" VPOS="3098" WIDTH="32"/>
						<String ID="P60_ST00356" HPOS="1841" VPOS="3033" WIDTH="267" HEIGHT="45" CONTENT="technischen" WC="1.00" CC="00000000400"/>
						<SP ID="P60_SP00302" HPOS="2108" VPOS="3098" WIDTH="20"/>
						<String ID="P60_ST00357" HPOS="2128" VPOS="3035" WIDTH="89" HEIGHT="41" CONTENT="und" WC="0.98" CC="500"/>
						<SP ID="P60_SP00303" HPOS="2217" VPOS="3098" WIDTH="22"/>
						<String ID="P60_ST00358" HPOS="2239" VPOS="3032" WIDTH="323" HEIGHT="44" CONTENT="künstlerischen" WC="1.00" CC="00004000101000"/>
						<SP ID="P60_SP00304" HPOS="2562" VPOS="3098" WIDTH="23"/>
						<String ID="P60_ST00359" HPOS="2585" VPOS="3029" WIDTH="235" HEIGHT="45" CONTENT="Methoden" WC="1.00" CC="00030000"/>
						<SP ID="P60_SP00305" HPOS="2820" VPOS="3098" WIDTH="21"/>
						<String ID="P60_ST00360" HPOS="2841" VPOS="3029" WIDTH="156" HEIGHT="44" CONTENT="wieder" WC="0.99" CC="040006"/>
						<SP ID="P60_SP00306" HPOS="2997" VPOS="3098" WIDTH="30"/>
						<String ID="P60_ST00361" HPOS="3027" VPOS="3032" WIDTH="324" HEIGHT="55" CONTENT="autgenommen" WC="0.84" CC="54700000000"/>
					</TextLine>
					<TextLine ID="P60_TL00056" HPOS="955" VPOS="3095" WIDTH="2392" HEIGHT="68">
						<String ID="P60_ST00362" HPOS="955" VPOS="3109" WIDTH="176" HEIGHT="44" CONTENT="werden." WC="1.00" CC="0030002"/>
						<SP ID="P60_SP00307" HPOS="1131" VPOS="3153" WIDTH="64"/>
						<String ID="P60_ST00363" HPOS="1195" VPOS="3109" WIDTH="104" HEIGHT="42" CONTENT="Dass" WC="1.00" CC="0200"/>
						<SP ID="P60_SP00308" HPOS="1299" VPOS="3153" WIDTH="33"/>
						<String ID="P60_ST00364" HPOS="1332" VPOS="3107" WIDTH="65" HEIGHT="42" CONTENT="die" WC="1.00" CC="000"/>
						<SP ID="P60_SP00309" HPOS="1397" VPOS="3153" WIDTH="24"/>
						<String ID="P60_ST00365" HPOS="1421" VPOS="3104" WIDTH="324" HEIGHT="59" CONTENT="Wiedergeburt" WC="1.00" CC="020005000256"/>
						<SP ID="P60_SP00310" HPOS="1745" VPOS="3163" WIDTH="31"/>
						<String ID="P60_ST00366" HPOS="1776" VPOS="3104" WIDTH="73" HEIGHT="44" CONTENT="der" WC="0.98" CC="004"/>
						<SP ID="P60_SP00311" HPOS="1849" VPOS="3163" WIDTH="21"/>
						<String ID="P60_ST00367" HPOS="1870" VPOS="3103" WIDTH="192" HEIGHT="43" CONTENT="Medaille" WC="1.00" CC="00001610"/>
						<SP ID="P60_SP00312" HPOS="2062" VPOS="3163" WIDTH="33"/>
						<String ID="P60_ST00368" HPOS="2095" VPOS="3103" WIDTH="154" HEIGHT="42" CONTENT="damals" WC="1.00" CC="000200"/>
						<SP ID="P60_SP00313" HPOS="2249" VPOS="3163" WIDTH="33"/>
						<String ID="P60_ST00369" HPOS="2282" VPOS="3101" WIDTH="268" HEIGHT="44" CONTENT="thatsächlich" WC="0.74" CC="134402053101"/>
						<SP ID="P60_SP00314" HPOS="2550" VPOS="3163" WIDTH="32"/>
						<String ID="P60_ST00370" HPOS="2582" VPOS="3099" WIDTH="146" HEIGHT="43" CONTENT="bereits" WC="1.00" CC="0030200"/>
						<SP ID="P60_SP00315" HPOS="2728" VPOS="3163" WIDTH="31"/>
						<String ID="P60_ST00371" HPOS="2759" VPOS="3097" WIDTH="315" HEIGHT="59" CONTENT="stattgefunden" WC="1.00" CC="0500090010004"/>
						<SP ID="P60_SP00316" HPOS="3074" VPOS="3163" WIDTH="32"/>
						<String ID="P60_ST00372" HPOS="3106" VPOS="3097" WIDTH="123" HEIGHT="51" CONTENT="hatte," WC="0.99" CC="440000"/>
						<SP ID="P60_SP00317" HPOS="3229" VPOS="3163" WIDTH="33"/>
						<String ID="P60_ST00373" HPOS="3262" VPOS="3095" WIDTH="85" HEIGHT="42" CONTENT="dass" WC="0.99" CC="0500"/>
					</TextLine>
					<TextLine ID="P60_TL00057" HPOS="957" VPOS="3167" WIDTH="2394" HEIGHT="63">
						<String ID="P60_ST00374" HPOS="957" VPOS="3179" WIDTH="131" HEIGHT="43" CONTENT="schon" WC="1.00" CC="00000"/>
						<SP ID="P60_SP00318" HPOS="1088" VPOS="3222" WIDTH="30"/>
						<String ID="P60_ST00375" HPOS="1118" VPOS="3179" WIDTH="75" HEIGHT="42" CONTENT="seit" WC="0.99" CC="0013"/>
						<SP ID="P60_SP00319" HPOS="1193" VPOS="3222" WIDTH="31"/>
						<String ID="P60_ST00376" HPOS="1224" VPOS="3177" WIDTH="105" HEIGHT="43" CONTENT="zwei" WC="1.00" CC="1000"/>
						<SP ID="P60_SP00320" HPOS="1329" VPOS="3222" WIDTH="23"/>
						<String ID="P60_ST00377" HPOS="1352" VPOS="3174" WIDTH="277" HEIGHT="56" CONTENT="Jahrzehnten" WC="1.00" CC="06001010600"/>
						<SP ID="P60_SP00321" HPOS="1629" VPOS="3230" WIDTH="31"/>
						<String ID="P60_ST00378" HPOS="1660" VPOS="3173" WIDTH="328" HEIGHT="57" CONTENT="hervorragende" WC="1.00" CC="5060003300000"/>
						<SP ID="P60_SP00322" HPOS="1988" VPOS="3230" WIDTH="36"/>
						<String ID="P60_ST00379" HPOS="2024" VPOS="3172" WIDTH="169" HEIGHT="43" CONTENT="Meister" WC="1.00" CC="0000005"/>
						<SP ID="P60_SP00323" HPOS="2193" VPOS="3230" WIDTH="32"/>
						<String ID="P60_ST00380" HPOS="2225" VPOS="3172" WIDTH="80" HEIGHT="43" CONTENT="mit" WC="1.00" CC="000"/>
						<SP ID="P60_SP00324" HPOS="2305" VPOS="3230" WIDTH="40"/>
						<String ID="P60_ST00381" HPOS="2345" VPOS="3172" WIDTH="80" HEIGHT="43" CONTENT="den" WC="1.00" CC="000"/>
						<SP ID="P60_SP00325" HPOS="2425" VPOS="3230" WIDTH="41"/>
						<String ID="P60_ST00382" HPOS="2466" VPOS="3169" WIDTH="357" HEIGHT="45" CONTENT="neuerworbenen" WC="0.99" CC="0040340600606"/>
						<SP ID="P60_SP00326" HPOS="2823" VPOS="3230" WIDTH="32"/>
						<String ID="P60_ST00383" HPOS="2855" VPOS="3168" WIDTH="170" HEIGHT="43" CONTENT="Mitteln" WC="1.00" CC="0001060"/>
						<SP ID="P60_SP00327" HPOS="3025" VPOS="3230" WIDTH="32"/>
						<String ID="P60_ST00384" HPOS="3057" VPOS="3168" WIDTH="69" HEIGHT="43" CONTENT="der" WC="0.98" CC="006"/>
						<SP ID="P60_SP00328" HPOS="3126" VPOS="3230" WIDTH="32"/>
						<String ID="P60_ST00385" HPOS="3158" VPOS="3167" WIDTH="193" HEIGHT="55" CONTENT="heutigen" WC="1.00" CC="00001700"/>
					</TextLine>
					<TextLine ID="P60_TL00058" HPOS="957" VPOS="3238" WIDTH="2394" HEIGHT="67">
						<String ID="P60_ST00386" HPOS="957" VPOS="3250" WIDTH="140" HEIGHT="42" CONTENT="Kunst" WC="0.98" CC="06402"/>
						<SP ID="P60_SP00329" HPOS="1097" VPOS="3292" WIDTH="39"/>
						<String ID="P60_ST00387" HPOS="1136" VPOS="3249" WIDTH="89" HEIGHT="42" CONTENT="eine" WC="0.99" CC="0103"/>
						<SP ID="P60_SP00330" HPOS="1225" VPOS="3292" WIDTH="47"/>
						<String ID="P60_ST00388" HPOS="1272" VPOS="3262" WIDTH="139" HEIGHT="43" CONTENT="grosse" WC="0.99" CC="360000"/>
						<SP ID="P60_SP00331" HPOS="1411" VPOS="3305" WIDTH="45"/>
						<String ID="P60_ST00389" HPOS="1456" VPOS="3244" WIDTH="110" HEIGHT="45" CONTENT="Zahl" WC="0.98" CC="0403"/>
						<SP ID="P60_SP00332" HPOS="1566" VPOS="3305" WIDTH="41"/>
						<String ID="P60_ST00390" HPOS="1607" VPOS="3261" WIDTH="89" HEIGHT="26" CONTENT="von" WC="1.00" CC="000"/>
						<SP ID="P60_SP00333" HPOS="1696" VPOS="3305" WIDTH="41"/>
						<String ID="P60_ST00391" HPOS="1737" VPOS="3243" WIDTH="223" HEIGHT="44" CONTENT="Medaillen" WC="1.00" CC="000100000"/>
						<SP ID="P60_SP00334" HPOS="1960" VPOS="3305" WIDTH="39"/>
						<String ID="P60_ST00392" HPOS="1999" VPOS="3242" WIDTH="235" HEIGHT="58" CONTENT="geschaffen" WC="0.99" CC="0000147700"/>
						<SP ID="P60_SP00335" HPOS="2234" VPOS="3305" WIDTH="39"/>
						<String ID="P60_ST00393" HPOS="2273" VPOS="3242" WIDTH="154" HEIGHT="52" CONTENT="hatten," WC="0.99" CC="3400050"/>
						<SP ID="P60_SP00336" HPOS="2427" VPOS="3305" WIDTH="41"/>
						<String ID="P60_ST00394" HPOS="2468" VPOS="3242" WIDTH="67" HEIGHT="43" CONTENT="die" WC="0.99" CC="020"/>
						<SP ID="P60_SP00337" HPOS="2535" VPOS="3305" WIDTH="39"/>
						<String ID="P60_ST00395" HPOS="2574" VPOS="3255" WIDTH="53" HEIGHT="28" CONTENT="zu" WC="0.93" CC="10"/>
						<SP ID="P60_SP00338" HPOS="2627" VPOS="3305" WIDTH="41"/>
						<String ID="P60_ST00396" HPOS="2668" VPOS="3239" WIDTH="81" HEIGHT="43" CONTENT="den" WC="0.98" CC="004"/>
						<SP ID="P60_SP00339" HPOS="2749" VPOS="3305" WIDTH="41"/>
						<String ID="P60_ST00397" HPOS="2790" VPOS="3239" WIDTH="274" HEIGHT="57" CONTENT="originellsten" WC="1.00" CC="0430000100600"/>
						<SP ID="P60_SP00340" HPOS="3064" VPOS="3305" WIDTH="42"/>
						<String ID="P60_ST00398" HPOS="3106" VPOS="3238" WIDTH="245" HEIGHT="54" CONTENT="Leistungen" WC="1.00" CC="0060540000"/>
					</TextLine>
					<TextLine ID="P60_TL00059" HPOS="960" VPOS="3304" WIDTH="2392" HEIGHT="68">
						<String ID="P60_ST00399" HPOS="960" VPOS="3319" WIDTH="71" HEIGHT="42" CONTENT="der" WC="0.98" CC="004"/>
						<SP ID="P60_SP00341" HPOS="1031" VPOS="3361" WIDTH="30"/>
						<String ID="P60_ST00400" HPOS="1061" VPOS="3333" WIDTH="154" HEIGHT="28" CONTENT="neuern" WC="0.99" CC="403051"/>
						<SP ID="P60_SP00342" HPOS="1215" VPOS="3361" WIDTH="30"/>
						<String ID="P60_ST00401" HPOS="1245" VPOS="3316" WIDTH="140" HEIGHT="44" CONTENT="Kunst" WC="0.99" CC="05500"/>
						<SP ID="P60_SP00343" HPOS="1385" VPOS="3361" WIDTH="40"/>
						<String ID="P60_ST00402" HPOS="1425" VPOS="3315" WIDTH="198" HEIGHT="57" CONTENT="gehören," WC="0.99" CC="70303100"/>
						<SP ID="P60_SP00344" HPOS="1623" VPOS="3372" WIDTH="40"/>
						<String ID="P60_ST00403" HPOS="1663" VPOS="3329" WIDTH="85" HEIGHT="28" CONTENT="war" WC="0.99" CC="001"/>
						<SP ID="P60_SP00345" HPOS="1748" VPOS="3372" WIDTH="41"/>
						<String ID="P60_ST00404" HPOS="1789" VPOS="3314" WIDTH="83" HEIGHT="42" CONTENT="den" WC="1.00" CC="000"/>
						<SP ID="P60_SP00346" HPOS="1872" VPOS="3372" WIDTH="40"/>
						<String ID="P60_ST00405" HPOS="1912" VPOS="3311" WIDTH="249" HEIGHT="45" CONTENT="Fachleuten" WC="1.00" CC="0500202110"/>
						<SP ID="P60_SP00347" HPOS="2161" VPOS="3372" WIDTH="41"/>
						<String ID="P60_ST00406" HPOS="2202" VPOS="3313" WIDTH="44" HEIGHT="42" CONTENT="in" WC="1.00" CC="00"/>
						<SP ID="P60_SP00348" HPOS="2246" VPOS="3372" WIDTH="40"/>
						<String ID="P60_ST00407" HPOS="2286" VPOS="3310" WIDTH="285" HEIGHT="45" CONTENT="Deutschland" WC="1.00" CC="20310003500"/>
						<SP ID="P60_SP00349" HPOS="2571" VPOS="3372" WIDTH="38"/>
						<String ID="P60_ST00408" HPOS="2609" VPOS="3309" WIDTH="243" HEIGHT="44" CONTENT="unbekannt" WC="1.00" CC="000004000"/>
						<SP ID="P60_SP00350" HPOS="2852" VPOS="3372" WIDTH="41"/>
						<String ID="P60_ST00409" HPOS="2893" VPOS="3308" WIDTH="223" HEIGHT="59" CONTENT="geblieben," WC="1.00" CC="4000200000"/>
						<SP ID="P60_SP00351" HPOS="3116" VPOS="3372" WIDTH="38"/>
						<String ID="P60_ST00410" HPOS="3154" VPOS="3306" WIDTH="93" HEIGHT="43" CONTENT="weil" WC="0.97" CC="9002"/>
						<SP ID="P60_SP00352" HPOS="3247" VPOS="3372" WIDTH="38"/>
						<String ID="P60_ST00411" HPOS="3285" VPOS="3304" WIDTH="67" HEIGHT="43" CONTENT="das" WC="0.98" CC="050"/>
					</TextLine>
					<TextLine ID="P60_TL00060" HPOS="960" VPOS="3372" WIDTH="2393" HEIGHT="71">
						<String ID="P60_ST00412" HPOS="960" VPOS="3386" WIDTH="185" HEIGHT="57" CONTENT="Ereignis" WC="1.00" CC="00010010"/>
						<SP ID="P60_SP00353" HPOS="1145" VPOS="3443" WIDTH="33"/>
						<String ID="P60_ST00413" HPOS="1178" VPOS="3385" WIDTH="87" HEIGHT="44" CONTENT="sich" WC="0.99" CC="0003"/>
						<SP ID="P60_SP00354" HPOS="1265" VPOS="3443" WIDTH="30"/>
						<String ID="P60_ST00414" HPOS="1295" VPOS="3386" WIDTH="44" HEIGHT="42" CONTENT="in" WC="0.92" CC="10"/>
						<SP ID="P60_SP00355" HPOS="1339" VPOS="3443" WIDTH="31"/>
						<String ID="P60_ST00415" HPOS="1370" VPOS="3384" WIDTH="248" HEIGHT="44" CONTENT="Frankreich" WC="1.00" CC="0600060001"/>
						<SP ID="P60_SP00356" HPOS="1618" VPOS="3443" WIDTH="31"/>
						<String ID="P60_ST00416" HPOS="1649" VPOS="3396" WIDTH="251" HEIGHT="45" CONTENT="zugetragen" WC="0.99" CC="4172002000"/>
						<SP ID="P60_SP00357" HPOS="1900" VPOS="3443" WIDTH="31"/>
						<String ID="P60_ST00417" HPOS="1931" VPOS="3381" WIDTH="113" HEIGHT="43" CONTENT="hatte" WC="0.99" CC="03010"/>
						<SP ID="P60_SP00358" HPOS="2044" VPOS="3443" WIDTH="31"/>
						<String ID="P60_ST00418" HPOS="2075" VPOS="3381" WIDTH="89" HEIGHT="42" CONTENT="und" WC="0.99" CC="200"/>
						<SP ID="P60_SP00359" HPOS="2164" VPOS="3443" WIDTH="40"/>
						<String ID="P60_ST00419" HPOS="2204" VPOS="3380" WIDTH="187" HEIGHT="43" CONTENT="überdies" WC="1.00" CC="00020000"/>
						<SP ID="P60_SP00360" HPOS="2391" VPOS="3443" WIDTH="37"/>
						<String ID="P60_ST00420" HPOS="2428" VPOS="3379" WIDTH="105" HEIGHT="44" CONTENT="auch" WC="0.99" CC="4000"/>
						<SP ID="P60_SP00361" HPOS="2533" VPOS="3443" WIDTH="32"/>
						<String ID="P60_ST00421" HPOS="2565" VPOS="3379" WIDTH="97" HEIGHT="43" CONTENT="dort" WC="0.99" CC="0040"/>
						<SP ID="P60_SP00362" HPOS="2662" VPOS="3443" WIDTH="30"/>
						<String ID="P60_ST00422" HPOS="2692" VPOS="3379" WIDTH="173" HEIGHT="43" CONTENT="weitern" WC="0.99" CC="0020015"/>
						<SP ID="P60_SP00363" HPOS="2865" VPOS="3443" WIDTH="31"/>
						<String ID="P60_ST00423" HPOS="2896" VPOS="3377" WIDTH="173" HEIGHT="44" CONTENT="Kreisen" WC="0.99" CC="0034003"/>
						<SP ID="P60_SP00364" HPOS="3069" VPOS="3443" WIDTH="31"/>
						<String ID="P60_ST00424" HPOS="3100" VPOS="3376" WIDTH="110" HEIGHT="43" CONTENT="noch" WC="0.99" CC="2210"/>
						<SP ID="P60_SP00365" HPOS="3210" VPOS="3443" WIDTH="32"/>
						<String ID="P60_ST00425" HPOS="3242" VPOS="3372" WIDTH="111" HEIGHT="45" CONTENT="nicht" WC="0.99" CC="20003"/>
					</TextLine>
					<TextLine ID="P60_TL00061" HPOS="962" VPOS="3454" WIDTH="965" HEIGHT="58">
						<String ID="P60_ST00426" HPOS="962" VPOS="3456" WIDTH="116" HEIGHT="43" CONTENT="recht" WC="0.99" CC="20052"/>
						<SP ID="P60_SP00366" HPOS="1078" VPOS="3499" WIDTH="30"/>
						<String ID="P60_ST00427" HPOS="1108" VPOS="3471" WIDTH="98" HEIGHT="27" CONTENT="zum" WC="1.00" CC="000"/>
						<SP ID="P60_SP00367" HPOS="1206" VPOS="3499" WIDTH="33"/>
						<String ID="P60_ST00428" HPOS="1239" VPOS="3456" WIDTH="273" HEIGHT="42" CONTENT="Bewusstsein" WC="1.00" CC="00030000005"/>
						<SP ID="P60_SP00368" HPOS="1512" VPOS="3499" WIDTH="32"/>
						<String ID="P60_ST00429" HPOS="1544" VPOS="3454" WIDTH="256" HEIGHT="58" CONTENT="gekommen" WC="1.00" CC="00003000"/>
						<SP ID="P60_SP00369" HPOS="1800" VPOS="3512" WIDTH="32"/>
						<String ID="P60_ST00430" HPOS="1832" VPOS="3468" WIDTH="95" HEIGHT="28" CONTENT="war." WC="0.99" CC="0030"/>
					</TextLine>
					<TextLine ID="P60_TL00062" HPOS="1117" VPOS="3513" WIDTH="2236" HEIGHT="69">
						<String ID="P60_ST00431" HPOS="1117" VPOS="3526" WIDTH="45" HEIGHT="42" CONTENT="ln" WC="0.68" CC="60"/>
						<SP ID="P60_SP00370" HPOS="1162" VPOS="3568" WIDTH="33"/>
						<String ID="P60_ST00432" HPOS="1195" VPOS="3523" WIDTH="291" HEIGHT="59" CONTENT="Kopenhagen" WC="1.00" CC="0000003200"/>
						<SP ID="P60_SP00371" HPOS="1486" VPOS="3582" WIDTH="48"/>
						<String ID="P60_ST00433" HPOS="1534" VPOS="3525" WIDTH="129" HEIGHT="42" CONTENT="lernte" WC="0.99" CC="004030"/>
						<SP ID="P60_SP00372" HPOS="1663" VPOS="3582" WIDTH="49"/>
						<String ID="P60_ST00434" HPOS="1712" VPOS="3521" WIDTH="68" HEIGHT="44" CONTENT="ich" WC="1.00" CC="000"/>
						<SP ID="P60_SP00373" HPOS="1780" VPOS="3582" WIDTH="48"/>
						<String ID="P60_ST00435" HPOS="1828" VPOS="3525" WIDTH="108" HEIGHT="39" CONTENT="1888" WC="0.70" CC="0515"/>
						<SP ID="P60_SP00374" HPOS="1936" VPOS="3582" WIDTH="44"/>
						<String ID="P60_ST00436" HPOS="1980" VPOS="3521" WIDTH="45" HEIGHT="42" CONTENT="in" WC="1.00" CC="00"/>
						<SP ID="P60_SP00375" HPOS="2025" VPOS="3582" WIDTH="41"/>
						<String ID="P60_ST00437" HPOS="2066" VPOS="3520" WIDTH="71" HEIGHT="43" CONTENT="der" WC="0.99" CC="003"/>
						<SP ID="P60_SP00376" HPOS="2137" VPOS="3582" WIDTH="37"/>
						<String ID="P60_ST00438" HPOS="2174" VPOS="3535" WIDTH="87" HEIGHT="27" CONTENT="von" WC="1.00" CC="000"/>
						<SP ID="P60_SP00377" HPOS="2261" VPOS="3582" WIDTH="40"/>
						<String ID="P60_ST00439" HPOS="2301" VPOS="3518" WIDTH="141" HEIGHT="44" CONTENT="Herrn" WC="0.98" CC="60650"/>
						<SP ID="P60_SP00378" HPOS="2442" VPOS="3582" WIDTH="34"/>
						<String ID="P60_ST00440" HPOS="2476" VPOS="3517" WIDTH="205" HEIGHT="56" CONTENT="Jacobsen" WC="0.85" CC="46000000"/>
						<SP ID="P60_SP00379" HPOS="2681" VPOS="3582" WIDTH="53"/>
						<String ID="P60_ST00441" HPOS="2734" VPOS="3518" WIDTH="317" HEIGHT="42" CONTENT="veranstalteten" WC="1.00" CC="00640002200600"/>
						<SP ID="P60_SP00380" HPOS="3051" VPOS="3582" WIDTH="44"/>
						<String ID="P60_ST00442" HPOS="3095" VPOS="3513" WIDTH="258" HEIGHT="55" CONTENT="Ausstellung" WC="0.99" CC="50015205400"/>
					</TextLine>
					<TextLine ID="P60_TL00063" HPOS="965" VPOS="3581" WIDTH="2386" HEIGHT="69">
						<String ID="P60_ST00443" HPOS="965" VPOS="3593" WIDTH="297" HEIGHT="45" CONTENT="französischer" WC="1.00" CC="0640200000106"/>
						<SP ID="P60_SP00381" HPOS="1262" VPOS="3638" WIDTH="30"/>
						<String ID="P60_ST00444" HPOS="1292" VPOS="3595" WIDTH="143" HEIGHT="40" CONTENT="Kunst" WC="0.99" CC="05000"/>
						<SP ID="P60_SP00382" HPOS="1435" VPOS="3638" WIDTH="30"/>
						<String ID="P60_ST00445" HPOS="1465" VPOS="3593" WIDTH="132" HEIGHT="57" CONTENT="einige" WC="0.99" CC="020320"/>
						<SP ID="P60_SP00383" HPOS="1597" VPOS="3650" WIDTH="32"/>
						<String ID="P60_ST00446" HPOS="1629" VPOS="3593" WIDTH="71" HEIGHT="42" CONTENT="der" WC="1.00" CC="010"/>
						<SP ID="P60_SP00384" HPOS="1700" VPOS="3650" WIDTH="24"/>
						<String ID="P60_ST00447" HPOS="1724" VPOS="3591" WIDTH="233" HEIGHT="43" CONTENT="führenden" WC="1.00" CC="001420010"/>
						<SP ID="P60_SP00385" HPOS="1957" VPOS="3650" WIDTH="21"/>
						<String ID="P60_ST00448" HPOS="1978" VPOS="3588" WIDTH="170" HEIGHT="45" CONTENT="Meister" WC="0.99" CC="0001406"/>
						<SP ID="P60_SP00386" HPOS="2148" VPOS="3650" WIDTH="32"/>
						<String ID="P60_ST00449" HPOS="2180" VPOS="3588" WIDTH="71" HEIGHT="43" CONTENT="der" WC="0.99" CC="002"/>
						<SP ID="P60_SP00387" HPOS="2251" VPOS="3650" WIDTH="23"/>
						<String ID="P60_ST00450" HPOS="2274" VPOS="3587" WIDTH="193" HEIGHT="43" CONTENT="Medaille" WC="1.00" CC="00000100"/>
						<SP ID="P60_SP00388" HPOS="2467" VPOS="3650" WIDTH="31"/>
						<String ID="P60_ST00451" HPOS="2498" VPOS="3587" WIDTH="175" HEIGHT="43" CONTENT="kennen." WC="1.00" CC="0003000"/>
						<SP ID="P60_SP00389" HPOS="2673" VPOS="3650" WIDTH="53"/>
						<String ID="P60_ST00452" HPOS="2726" VPOS="3588" WIDTH="107" HEIGHT="42" CONTENT="Was" WC="1.00" CC="000"/>
						<SP ID="P60_SP00390" HPOS="2833" VPOS="3650" WIDTH="30"/>
						<String ID="P60_ST00453" HPOS="2863" VPOS="3586" WIDTH="70" HEIGHT="43" CONTENT="ich" WC="0.96" CC="403"/>
						<SP ID="P60_SP00391" HPOS="2933" VPOS="3650" WIDTH="31"/>
						<String ID="P60_ST00454" HPOS="2964" VPOS="3586" WIDTH="81" HEIGHT="52" CONTENT="sah," WC="0.99" CC="0600"/>
						<SP ID="P60_SP00392" HPOS="3045" VPOS="3650" WIDTH="32"/>
						<String ID="P60_ST00455" HPOS="3077" VPOS="3584" WIDTH="137" HEIGHT="59" CONTENT="ergriff" WC="0.98" CC="0595200"/>
						<SP ID="P60_SP00393" HPOS="3214" VPOS="3650" WIDTH="30"/>
						<String ID="P60_ST00456" HPOS="3244" VPOS="3581" WIDTH="107" HEIGHT="45" CONTENT="mich" WC="0.98" CC="0107"/>
					</TextLine>
					<TextLine ID="P60_TL00064" HPOS="964" VPOS="3654" WIDTH="2389" HEIGHT="65">
						<String ID="P60_ST00457" HPOS="964" VPOS="3663" WIDTH="102" HEIGHT="51" CONTENT="sehr," WC="0.98" CC="00560"/>
						<SP ID="P60_SP00394" HPOS="1066" VPOS="3714" WIDTH="33"/>
						<String ID="P60_ST00458" HPOS="1099" VPOS="3663" WIDTH="53" HEIGHT="43" CONTENT="da" WC="0.66" CC="06"/>
						<SP ID="P60_SP00395" HPOS="1152" VPOS="3714" WIDTH="30"/>
						<String ID="P60_ST00459" HPOS="1182" VPOS="3664" WIDTH="43" HEIGHT="41" CONTENT="in" WC="0.84" CC="30"/>
						<SP ID="P60_SP00396" HPOS="1225" VPOS="3714" WIDTH="32"/>
						<String ID="P60_ST00460" HPOS="1257" VPOS="3663" WIDTH="155" HEIGHT="42" CONTENT="meiner" WC="1.00" CC="010000"/>
						<SP ID="P60_SP00397" HPOS="1412" VPOS="3714" WIDTH="30"/>
						<String ID="P60_ST00461" HPOS="1442" VPOS="3677" WIDTH="153" HEIGHT="42" CONTENT="engem" WC="1.00" CC="02002"/>
						<SP ID="P60_SP00398" HPOS="1595" VPOS="3719" WIDTH="31"/>
						<String ID="P60_ST00462" HPOS="1626" VPOS="3663" WIDTH="174" HEIGHT="42" CONTENT="Heimat" WC="0.99" CC="301055"/>
						<SP ID="P60_SP00399" HPOS="1800" VPOS="3719" WIDTH="40"/>
						<String ID="P60_ST00463" HPOS="1840" VPOS="3661" WIDTH="66" HEIGHT="43" CONTENT="ein" WC="0.99" CC="200"/>
						<SP ID="P60_SP00400" HPOS="1906" VPOS="3719" WIDTH="30"/>
						<String ID="P60_ST00464" HPOS="1936" VPOS="3659" WIDTH="149" HEIGHT="44" CONTENT="uraltes" WC="0.99" CC="4603500"/>
						<SP ID="P60_SP00401" HPOS="2085" VPOS="3719" WIDTH="32"/>
						<String ID="P60_ST00465" HPOS="2117" VPOS="3657" WIDTH="360" HEIGHT="44" CONTENT="Medaillenwesen" WC="1.00" CC="00001000600001"/>
						<SP ID="P60_SP00402" HPOS="2477" VPOS="3719" WIDTH="40"/>
						<String ID="P60_ST00466" HPOS="2517" VPOS="3657" WIDTH="70" HEIGHT="43" CONTENT="des" WC="1.00" CC="000"/>
						<SP ID="P60_SP00403" HPOS="2587" VPOS="3719" WIDTH="31"/>
						<String ID="P60_ST00467" HPOS="2618" VPOS="3657" WIDTH="155" HEIGHT="43" CONTENT="Staates" WC="0.99" CC="0652400"/>
						<SP ID="P60_SP00404" HPOS="2773" VPOS="3719" WIDTH="45"/>
						<String ID="P60_ST00468" HPOS="2818" VPOS="3657" WIDTH="87" HEIGHT="42" CONTENT="und" WC="0.98" CC="040"/>
						<SP ID="P60_SP00405" HPOS="2905" VPOS="3719" WIDTH="40"/>
						<String ID="P60_ST00469" HPOS="2945" VPOS="3656" WIDTH="72" HEIGHT="43" CONTENT="der" WC="1.00" CC="000"/>
						<SP ID="P60_SP00406" HPOS="3017" VPOS="3719" WIDTH="32"/>
						<String ID="P60_ST00470" HPOS="3049" VPOS="3654" WIDTH="165" HEIGHT="43" CONTENT="Familie" WC="0.99" CC="0450110"/>
						<SP ID="P60_SP00407" HPOS="3214" VPOS="3719" WIDTH="39"/>
						<String ID="P60_ST00471" HPOS="3253" VPOS="3664" WIDTH="100" HEIGHT="31" CONTENT="neue" WC="0.99" CC="0030"/>
					</TextLine>
					<TextLine ID="P60_TL00065" HPOS="964" VPOS="3720" WIDTH="2389" HEIGHT="71">
						<String ID="P60_ST00472" HPOS="964" VPOS="3736" WIDTH="232" HEIGHT="55" CONTENT="Anregung" WC="0.99" CC="07530070"/>
						<SP ID="P60_SP00408" HPOS="1196" VPOS="3791" WIDTH="41"/>
						<String ID="P60_ST00473" HPOS="1237" VPOS="3730" WIDTH="151" HEIGHT="45" CONTENT="ebenso" WC="1.00" CC="000003"/>
						<SP ID="P60_SP00409" HPOS="1388" VPOS="3791" WIDTH="39"/>
						<String ID="P60_ST00474" HPOS="1427" VPOS="3733" WIDTH="121" HEIGHT="56" CONTENT="nötig" WC="1.00" CC="00300"/>
						<SP ID="P60_SP00410" HPOS="1548" VPOS="3791" WIDTH="37"/>
						<String ID="P60_ST00475" HPOS="1585" VPOS="3730" WIDTH="198" HEIGHT="44" CONTENT="brauchte" WC="0.99" CC="04500400"/>
						<SP ID="P60_SP00411" HPOS="1783" VPOS="3791" WIDTH="35"/>
						<String ID="P60_ST00476" HPOS="1818" VPOS="3730" WIDTH="82" HEIGHT="42" CONTENT="wie" WC="1.00" CC="000"/>
						<SP ID="P60_SP00412" HPOS="1900" VPOS="3791" WIDTH="39"/>
						<String ID="P60_ST00477" HPOS="1939" VPOS="3730" WIDTH="58" HEIGHT="42" CONTENT="im" WC="0.81" CC="30"/>
						<SP ID="P60_SP00413" HPOS="1997" VPOS="3791" WIDTH="41"/>
						<String ID="P60_ST00478" HPOS="2038" VPOS="3728" WIDTH="176" HEIGHT="58" CONTENT="übrigen" WC="1.00" CC="0053000"/>
						<SP ID="P60_SP00414" HPOS="2214" VPOS="3791" WIDTH="41"/>
						<String ID="P60_ST00479" HPOS="2255" VPOS="3725" WIDTH="295" HEIGHT="45" CONTENT="Deutschland." WC="1.00" CC="000301426000"/>
						<SP ID="P60_SP00415" HPOS="2550" VPOS="3791" WIDTH="62"/>
						<String ID="P60_ST00480" HPOS="2612" VPOS="3725" WIDTH="138" HEIGHT="45" CONTENT="Nicht" WC="1.00" CC="00010"/>
						<SP ID="P60_SP00416" HPOS="2750" VPOS="3791" WIDTH="37"/>
						<String ID="P60_ST00481" HPOS="2787" VPOS="3727" WIDTH="118" HEIGHT="42" CONTENT="einen" WC="1.00" CC="00000"/>
						<SP ID="P60_SP00417" HPOS="2905" VPOS="3791" WIDTH="38"/>
						<String ID="P60_ST00482" HPOS="2943" VPOS="3723" WIDTH="265" HEIGHT="60" CONTENT="Augenblick" WC="1.00" CC="0000000201"/>
						<SP ID="P60_SP00418" HPOS="3208" VPOS="3791" WIDTH="35"/>
						<String ID="P60_ST00483" HPOS="3243" VPOS="3720" WIDTH="110" HEIGHT="43" CONTENT="hätte" WC="0.98" CC="65060"/>
					</TextLine>
					<TextLine ID="P60_TL00066" HPOS="965" VPOS="3790" WIDTH="2385" HEIGHT="67">
						<String ID="P60_ST00484" HPOS="965" VPOS="3819" WIDTH="98" HEIGHT="28" CONTENT="man" WC="0.96" CC="046"/>
						<SP ID="P60_SP00419" HPOS="1063" VPOS="3847" WIDTH="33"/>
						<String ID="P60_ST00485" HPOS="1096" VPOS="3803" WIDTH="108" HEIGHT="43" CONTENT="diese" WC="1.00" CC="00000"/>
						<SP ID="P60_SP00420" HPOS="1204" VPOS="3847" WIDTH="31"/>
						<String ID="P60_ST00486" HPOS="1235" VPOS="3802" WIDTH="220" HEIGHT="43" CONTENT="Medaillen" WC="0.99" CC="000710400"/>
						<SP ID="P60_SP00421" HPOS="1455" VPOS="3847" WIDTH="33"/>
						<String ID="P60_ST00487" HPOS="1488" VPOS="3800" WIDTH="69" HEIGHT="44" CONTENT="für" WC="0.95" CC="506"/>
						<SP ID="P60_SP00422" HPOS="1557" VPOS="3847" WIDTH="20"/>
						<String ID="P60_ST00488" HPOS="1577" VPOS="3800" WIDTH="366" HEIGHT="57" CONTENT="Nachahmungen" WC="1.00" CC="000244040700"/>
						<SP ID="P60_SP00423" HPOS="1943" VPOS="3857" WIDTH="31"/>
						<String ID="P60_ST00489" HPOS="1974" VPOS="3799" WIDTH="98" HEIGHT="42" CONTENT="alter" WC="0.98" CC="10507"/>
						<SP ID="P60_SP00424" HPOS="2072" VPOS="3857" WIDTH="23"/>
						<String ID="P60_ST00490" HPOS="2095" VPOS="3797" WIDTH="224" HEIGHT="44" CONTENT="Vorbilder" WC="0.99" CC="416055005"/>
						<SP ID="P60_SP00425" HPOS="2319" VPOS="3857" WIDTH="30"/>
						<String ID="P60_ST00491" HPOS="2349" VPOS="3797" WIDTH="137" HEIGHT="43" CONTENT="halten" WC="1.00" CC="003000"/>
						<SP ID="P60_SP00426" HPOS="2486" VPOS="3857" WIDTH="22"/>
						<String ID="P60_ST00492" HPOS="2508" VPOS="3797" WIDTH="179" HEIGHT="50" CONTENT="können," WC="1.00" CC="0000000"/>
						<SP ID="P60_SP00427" HPOS="2687" VPOS="3857" WIDTH="34"/>
						<String ID="P60_ST00493" HPOS="2721" VPOS="3797" WIDTH="113" HEIGHT="43" CONTENT="doch" WC="1.00" CC="0000"/>
						<SP ID="P60_SP00428" HPOS="2834" VPOS="3857" WIDTH="31"/>
						<String ID="P60_ST00494" HPOS="2865" VPOS="3797" WIDTH="217" HEIGHT="41" CONTENT="stimmten" WC="1.00" CC="00500300"/>
						<SP ID="P60_SP00429" HPOS="3082" VPOS="3857" WIDTH="30"/>
						<String ID="P60_ST00495" HPOS="3112" VPOS="3794" WIDTH="56" HEIGHT="43" CONTENT="sie" WC="1.00" CC="000"/>
						<SP ID="P60_SP00430" HPOS="3168" VPOS="3857" WIDTH="29"/>
						<String ID="P60_ST00496" HPOS="3197" VPOS="3793" WIDTH="44" HEIGHT="42" CONTENT="in" WC="0.62" CC="24"/>
						<SP ID="P60_SP00431" HPOS="3241" VPOS="3857" WIDTH="31"/>
						<String ID="P60_ST00497" HPOS="3272" VPOS="3790" WIDTH="78" HEIGHT="42" CONTENT="den" WC="1.00" CC="000"/>
					</TextLine>
					<TextLine ID="P60_TL00067" HPOS="965" VPOS="3857" WIDTH="2388" HEIGHT="68">
						<String ID="P60_ST00498" HPOS="965" VPOS="3871" WIDTH="264" HEIGHT="45" CONTENT="technischen" WC="1.00" CC="00030500005"/>
						<SP ID="P60_SP00432" HPOS="1229" VPOS="3916" WIDTH="32"/>
						<String ID="P60_ST00499" HPOS="1261" VPOS="3871" WIDTH="86" HEIGHT="44" CONTENT="und" WC="1.00" CC="000"/>
						<SP ID="P60_SP00433" HPOS="1347" VPOS="3916" WIDTH="33"/>
						<String ID="P60_ST00500" HPOS="1380" VPOS="3870" WIDTH="320" HEIGHT="43" CONTENT="künstlerischen" WC="1.00" CC="00000006200000"/>
						<SP ID="P60_SP00434" HPOS="1700" VPOS="3916" WIDTH="32"/>
						<String ID="P60_ST00501" HPOS="1732" VPOS="3869" WIDTH="234" HEIGHT="56" CONTENT="Prinzipien" WC="0.99" CC="2543410500"/>
						<SP ID="P60_SP00435" HPOS="1966" VPOS="3925" WIDTH="38"/>
						<String ID="P60_ST00502" HPOS="2004" VPOS="3868" WIDTH="78" HEIGHT="43" CONTENT="mit" WC="0.99" CC="002"/>
						<SP ID="P60_SP00436" HPOS="2082" VPOS="3925" WIDTH="41"/>
						<String ID="P60_ST00503" HPOS="2123" VPOS="3869" WIDTH="97" HEIGHT="41" CONTENT="dem" WC="0.99" CC="010"/>
						<SP ID="P60_SP00437" HPOS="2220" VPOS="3925" WIDTH="35"/>
						<String ID="P60_ST00504" HPOS="2255" VPOS="3868" WIDTH="163" HEIGHT="49" CONTENT="Besten," WC="0.99" CC="5004000"/>
						<SP ID="P60_SP00438" HPOS="2418" VPOS="3925" WIDTH="39"/>
						<String ID="P60_ST00505" HPOS="2457" VPOS="3880" WIDTH="84" HEIGHT="28" CONTENT="was" WC="0.93" CC="656"/>
						<SP ID="P60_SP00439" HPOS="2541" VPOS="3925" WIDTH="39"/>
						<String ID="P60_ST00506" HPOS="2580" VPOS="3880" WIDTH="78" HEIGHT="28" CONTENT="uns" WC="0.98" CC="500"/>
						<SP ID="P60_SP00440" HPOS="2658" VPOS="3925" WIDTH="31"/>
						<String ID="P60_ST00507" HPOS="2689" VPOS="3866" WIDTH="77" HEIGHT="42" CONTENT="seit" WC="0.98" CC="0044"/>
						<SP ID="P60_SP00441" HPOS="2766" VPOS="3925" WIDTH="43"/>
						<String ID="P60_ST00508" HPOS="2809" VPOS="3866" WIDTH="96" HEIGHT="42" CONTENT="dem" WC="1.00" CC="000"/>
						<SP ID="P60_SP00442" HPOS="2905" VPOS="3925" WIDTH="40"/>
						<String ID="P60_ST00509" HPOS="2945" VPOS="3861" WIDTH="274" HEIGHT="46" CONTENT="fünfzehnten" WC="0.99" CC="00404046200"/>
						<SP ID="P60_SP00443" HPOS="3219" VPOS="3925" WIDTH="23"/>
						<String ID="P60_ST00510" HPOS="3242" VPOS="3857" WIDTH="111" HEIGHT="58" CONTENT="Jahr-" WC="0.99" CC="00060"/>
					</TextLine>
				</TextBlock>
				<ComposedBlock ID="P60_CB00001" HPOS="1558" VPOS="1537" WIDTH="1182" HEIGHT="1175" STYLEREFS="TXT_2 PAR_LEFT" TYPE="Illustration">
					<Shape>
						<Polygon POINTS="1558,2146 1558,2102 1559,2085 1560,2068 1561,2057 1563,2047 1568,2021 1582,1963 1591,1939 1606,1898 1614,1879 1625,1852 1626,1851 1632,1840 1636,1833 1650,1810 1660,1795 1683,1763 1695,1748 1709,1730 1723,1714 1742,1695 1760,1678 1764,1675 1792,1653 1821,1631 1866,1605 1867,1604 1904,1586 1925,1577 1939,1572 1957,1566 1976,1560 2012,1549 2017,1548 2028,1546 2052,1542 2076,1539 2090,1538 2120,1537 2180,1537 2200,1538 2218,1539 2236,1542 2350,1558 2443,1610 2452,1615 2458,1619 2473,1629 2482,1635 2503,1650 2522,1666 2538,1680 2550,1690 2565,1704 2566,1705 2599,1741 2628,1779 2632,1784 2642,1798 2661,1826 2664,1829 2679,1859 2689,1878 2699,1901 2711,1932 2717,1951 2725,1987 2729,2005 2734,2035 2738,2062 2739,2078 2740,2105 2740,2108 2739,2144 2738,2163 2733,2216 2732,2225 2727,2250 2722,2273 2715,2295 2711,2306 2706,2320 2696,2347 2690,2362 2686,2371 2668,2408 2661,2419 2649,2441 2631,2468 2611,2494 2605,2502 2597,2513 2590,2521 2562,2550 2561,2551 2542,2569 2533,2577 2518,2588 2496,2604 2481,2614 2457,2629 2419,2650 2392,2664 2386,2666 2358,2677 2331,2685 2290,2696 2263,2701 2232,2706 2222,2707 2185,2711 2158,2712 2118,2712 2102,2711 2061,2707 2046,2704 2024,2701 1998,2696 1991,2694 1962,2687 1942,2680 1938,2679 1924,2674 1901,2665 1888,2660 1864,2649 1855,2644 1815,2619 1811,2616 1770,2584 1750,2565 1717,2532 1702,2516 1687,2498 1680,2490 1671,2479 1661,2465 1651,2451 1648,2447 1636,2427 1632,2421 1627,2412 1621,2400 1616,2391 1607,2372 1601,2357 1596,2344 1589,2327 1587,2318 1579,2289 1575,2273 1573,2262 1570,2247 1565,2215 1560,2172 1559,2160"/>
					</Shape>
					<GraphicalElement ID="P60_CB00001_SUB" HPOS="1558" VPOS="1537" WIDTH="1182" HEIGHT="1175"/>
				</ComposedBlock>
			</PrintSpace>
		</Page>
	</Layout>
</alto>
