2215 3652
711 164 57 26 UN
804 163 243 27 ORGANISTE
1080 165 54 25 AU
1167 160 87 30 XVII
1259 155 14 17 e
1306 157 150 33 SIÈCLE

1998 156 76 41 553

108 253 215 41 compose
343 253 88 26 une
452 253 20 27 «
500 240 135 53 fugue
658 239 264 54 poursuivie
952 251 40 29 et
1015 240 249 41 diversifiée
1286 241 22 41 à
1331 242 40 39 la
1401 240 198 42 manière
1623 239 210 41 italienne
1856 252 36 38 »,
1930 252 46 26 ce
1999 237 76 54 qui

108 321 115 26 nous
245 306 197 54 rappelle
468 306 290 40 Frescobaldi
785 306 173 54 (1583-1
969 308 102 53 644)
1105 318 39 30 et
1177 322 67 26 ses
1266 307 247 41 variations
1546 307 53 39 de
1630 305 176 55 rythme
1844 306 110 39 dans
1987 317 66 26 cer-

108 374 141 40 taines

109 442 369 54 contemporains
514 455 115 40 pour
661 455 86 26 une
790 441 208 55 musique
1041 444 134 38 ornée
1216 452 40 30 et
1289 442 193 54 quelque
1514 455 86 41 peu
1649 438 327 49 sentimentale,
2011 452 68 26 ses

111 510 253 39 nombreux
386 519 165 29 versets
577 522 54 26 en
664 509 131 51 façon
819 510 38 38 d'
883 522 21 27 «
928 509 86 39 airs
1040 522 20 27 »
1084 523 52 26 en
1161 509 281 53 témoignent
1463 523 137 26 assez.
1625 509 36 39 Il
1685 518 63 30 est
1765 508 101 40 bien
1897 508 51 39 de
1971 516 109 30 cette

112 578 174 52 époque
310 577 58 39 où
388 577 62 39 les
476 576 244 40 musiciens
742 589 52 26 ne
815 576 96 39 font
935 576 99 52 plus
1063 590 21 26 a
1101 576 120 39 leurs
1239 586 161 30 motets
1430 590 85 39 que
1552 589 77 40 par
1652 576 128 40 récits
1804 576 59 52 (2)
1898 588 19 26 ))
1954 585 40 29 et
2023 574 57 39 où

113 644 60 39 Le
196 644 149 53 Bègue
370 643 324 40 recommande
715 656 85 26 aux
819 642 249 53 organistes
1088 642 206 53 de'jouer
1313 642 64 40 les
1414 642 122 40 solos
1579 643 52 38 de
1664 655 239 26 cromorne
1932 655 20 25 «
1975 642 82 38 dou-

112 722 177 29 cement
324 722 40 28 et
399 710 332 53 agréablement
767 722 50 26 en
843 708 181 40 imitant
1044 710 40 38 la
1128 708 199 40 manière
1358 710 51 38 de
1451 708 186 40 chanter
1656 708 62 52 (3)
1751 720 37 27 )).
1830 708 35 39 Il
1894 718 65 29 est
1980 708 104 39 bien

113 777 120 40 aussi
268 779 51 38 de
355 787 67 29 cet
463 777 78 53 âge
579 777 57 38 où
662 775 89 39 Ton
784 775 115 39 aime
941 788 47 26 ce
1021 788 85 40 que
1151 774 42 41 S.
1223 776 52 38 de
1312 775 219 39 Brossard
1563 787 183 27 nomme
1767 775 76 38 des
1868 790 18 20 «
1920 773 142 54 pretin-

113 844 144 40 tailles
278 857 37 35 »,
349 857 73 26 car
460 843 30 39 il
526 841 107 41 écrit
656 842 52 39 de
732 842 254 39 nombreux
1026 855 20 26 «
1087 852 263 30 ornements
1374 854 21 26 »
1439 852 39 28 et
1517 850 172 44 permet
1729 840 23 40 à
1776 840 173 40 chacun
1986 840 100 40 d'en

114 910 173 54 ajouter
309 911 192 38 d'autres
522 922 177 37 encore,
722 908 23 40 à
763 922 82 26 son
863 910 74 51 gré
960 919 40 29 et
1027 908 124 40 selon
1177 922 46 27 sa
1248 925 17 20 «
1300 908 210 40 méthode
1534 908 52 39 de
1610 907 189 41 toucher
1818 924 35 24 ».
1882 907 37 40 Il
1944 920 22 26 a
1986 920 76 40 pro-

115 979 106 51 posé
236 976 226 40 d'ailleurs
479 989 61 26 un
561 974 199 54 exemple
782 976 51 39 de
857 988 46 27 sa
927 989 164 40 propre
1109 976 229 48 méthode,
1354 989 20 27 «
1393 989 53 26 en
1471 975 153 40 faveur
1647 976 76 38 des
1745 987 248 41 personnes
2011 974 76 54 qui

115 1043 196 40 seroient
335 1042 104 40 bien
462 1042 114 40 aises
602 1042 170 40 d'avoir
793 1042 191 54 quelque
1006 1044 229 39 tendresse
1258 1057 53 25 en
1331 1042 97 40 leur
1445 1042 162 40 touché
1628 1059 14 19 >:
1671 1052 39 29 et
1726 1041 170 54 publié,
1919 1042 110 38 dans
2048 1040 40 40 le

115 1110 108 40 livre
247 1111 52 39 de
325 1110 156 50 Noëls,
509 1124 20 26 ((
554 1123 86 27 une
657 1109 123 54 pièce
798 1109 268 55 diatonique
1092 1123 20 27 »
1136 1124 54 26 en
1211 1110 145 40 forme
1374 1110 26 39 d
1407 1109 262 41 'allemande
1691 1108 133 40 écrite
1850 1122 20 27 «
1901 1122 53 26 en
1975 1109 113 39 deux

117 1178 239 48 manières,
382 1177 119 40 l'une
525 1177 162 54 simple
708 1186 40 30 et
771 1176 153 41 l'autre
945 1178 241 52 composée
1211 1178 51 39 de
1286 1187 125 44 ports
1431 1178 52 38 de
1498 1176 118 49 voix,
1632 1190 116 40 pour
1764 1178 176 38 donner
1962 1175 127 41 l'idée

118 1255 41 29 et
182 1245 167 53 l'usage
374 1245 52 39 de
447 1244 62 40 les
530 1244 241 54 appliquer
790 1244 22 40 à
837 1254 146 30 toutes
1009 1258 148 26 autres
1178 1254 142 30 sortes
1341 1245 51 39 de
1426 1244 146 54 pièces
1599 1244 58 54 (4)
1678 1260 37 23 ».
1745 1244 129 40 Nous
1906 1242 183 41 aurions

118 1311 130 54 peine
269 1311 23 40 à
312 1311 163 41 tolérer
499 1322 93 29 tant
612 1311 53 40 de
690 1311 167 53 grâces,
876 1322 40 29 et
940 1312 250 53 cependant
1211 1310 182 54 Gigault
1413 1325 53 26 en
1493 1313 183 38 connaît
1692 1311 190 40 d'autres
1900 1324 160 26 encore
2079 1322 8 28 :

119 1392 22 26 «
174 1379 71 40 On
269 1392 168 40 pourra
455 1378 118 40 aussi
593 1392 117 39 pour
730 1378 174 40 animer
928 1392 81 26 son
1037 1378 69 53 jeu
1131 1378 100 54 plus
1261 1392 57 26 ou
1339 1379 149 39 moins
1509 1378 227 53 adjouster
1756 1378 76 39 des
1853 1377 152 54 points
2032 1378 57 38 où

118 1447 92 39 l'on
234 1447 172 38 voudra
433 1459 37 36 »,
496 1445 123 40 dit-il
642 1446 110 39 dans
794 1445 373 40 l'avertissement
1207 1446 59 39 du
1290 1445 109 40 livre
1424 1446 51 39 de
1509 1445 123 51 1685,
1659 1444 192 41 invitant
1873 1444 115 41 ainsi
2025 1458 66 26 ses

118 1513 192 40 lecteurs
334 1513 22 39 à
395 1512 234 54 employer
666 1512 179 53 jusqu'à
863 1512 174 49 l'excès,
1082 1526 53 26 en
1176 1514 232 38 exécutant
1442 1525 66 27 ses
1545 1525 191 36 œuvres,
1769 1525 87 26 une
1896 1511 195 41 formule

120 1580 261 54 rythmique
405 1580 209 39 saccadée
654 1590 40 29 et
732 1579 302 53 prétentieuse
1071 1580 110 39 dont
1203 1579 30 39 il
1266 1580 141 39 abuse
1438 1578 98 54 déjà
1570 1578 240 40 lui-même
1842 1578 75 54 (5).
1954 1578 35 40 Il
2030 1588 63 30 est

122 1647 227 40 d'ailleurs
374 1646 251 40 excusable.
653 1647 194 40 Comme
880 1656 102 30 tous
1022 1659 67 26 ses
1114 1647 228 39 confrères
1367 1646 29 39 il
1417 1646 150 52 garde,
1603 1645 23 40 à
1653 1646 184 52 l'orgue,
1875 1645 64 39 les
1969 1644 100 40 habi-

121 1715 143 45 tudes,
292 1713 39 40 le
357 1726 22 27 «
404 1713 71 40 bel
514 1713 65 40 air
617 1726 19 26 »
671 1713 106 39 d'un
814 1715 156 38 maître
1014 1714 51 39 de
1105 1713 215 40 clavecin.
1351 1713 117 40 Mais
1501 1726 62 26 un
1590 1712 223 54 babillage
1837 1712 127 40 fleuri
1985 1713 111 40 n'est

121 1781 175 54 jamais,
323 1794 116 40 pour
460 1779 82 53 lui,
566 1779 39 40 le
638 1793 19 26 «
695 1779 77 49 joli
809 1792 247 40 mensonge
1079 1792 20 26 »
1120 1779 52 39 de
1210 1779 42 40 la
1277 1778 226 54 musique.
1542 1778 114 41 Sous
1680 1792 70 26 ces
1774 1778 246 54 broderies,
2054 1780 40 40 la

121 1859 144 30 trame
286 1858 63 30 est
370 1847 113 40 forte
505 1857 40 30 et
566 1846 168 40 l'étoffe
753 1860 43 26 se
813 1846 177 53 déploie
1010 1846 266 53 largement.
1305 1846 182 53 Gigault
1507 1845 115 41 aime
1643 1846 63 39 les
1726 1846 189 53 longues
1947 1846 122 54 pério-

121 1917 79 39 des
223 1915 252 47 sinueuses,
518 1927 84 26 son
629 1913 112 54 style
774 1924 113 29 reste
913 1912 191 41 continu
1125 1913 159 54 jusque
1318 1914 110 39 dans
1465 1913 63 40 les
1552 1913 147 49 récits,
1724 1924 40 29 et
1795 1913 30 40 il
1849 1913 83 40 sait
1957 1913 138 41 mêler

122 1997 90 26 aux
233 1981 318 55 progressions
572 1980 285 54 mélodiques
880 1981 76 39 des
977 1980 138 40 suites
1141 1980 233 41 d'accords
1396 1980 305 41 audacieuses.
1731 1980 55 40 Sa
1806 1980 228 40 hardiesse
2072 1981 24 39 à

124 2049 232 55 pratiquer
375 2049 62 39 les
478 2048 292 41 dissonances
803 2058 63 29 est
899 2061 53 26 en
991 2046 98 41 effet
1122 2047 364 54 caractéristique
1515 2049 78 51 (6).
1622 2047 261 40 Observons
1913 2047 56 40 ici
2010 2061 85 40 que

135 2244 136 36 Traité
292 2244 45 35 de
360 2242 189 36 l'Accord
569 2242 46 35 de
652 2242 251 47 FEspinette
937 2242 49 36 de
1016 2242 100 37 Jean
1153 2242 141 44 Denis,
1318 2254 68 37 pp.
1426 2242 44 37 35
1503 2251 38 28 et
1565 2244 63 45 36,
1670 2251 38 28 et
1744 2244 36 36 le
1820 2244 18 36 3
1847 2251 12 16 e
1887 2252 133 29 verset
2049 2245 49 36 de

130 2299 180 48 l'hymne
335 2298 49 35 Ut
401 2302 140 43 queant
558 2297 110 35 Iaxis
692 2297 49 35 de
766 2298 103 35 Jean
891 2297 216 38 Titelouze
1127 2298 221 47 (Archives
1371 2299 68 36 des
1459 2300 174 35 Maîtres
1656 2300 45 35 de
1724 2300 159 47 l'Orgue
1909 2300 189 48 publiées

129 2367 73 35 par
226 2354 56 35 M.
313 2354 47 34 A.
393 2351 226 43 Guilmant,
649 2363 11 23 i
670 2358 31 15 re
735 2352 146 47 année,
903 2365 40 36 p.
983 2353 75 48 38).
1098 2354 78 35 Les
1214 2352 207 49 exemples
1446 2353 48 36 de
1534 2366 44 24 ce
1609 2366 124 36 genre
1757 2362 93 28 sont
1891 2354 207 37 d'ailleurs

131 2421 114 25 assez
269 2408 235 36 nombreux
522 2406 99 36 chez
645 2406 232 37 Titelouze.

180 2465 53 46 (1)
268 2463 109 36 C'est
399 2460 187 50 l'origine
612 2462 49 35 de
701 2462 37 35 la
768 2462 126 48 fugue
914 2464 20 34 à
955 2463 210 48 plusieurs
1191 2470 286 30 mouvements
1501 2463 91 48 déjà
1616 2463 144 37 traitée
1789 2475 72 37 par
1882 2465 96 36 J.-J.
2005 2465 73 35 Fro-

131 2520 146 46 berger
296 2519 124 47 (mort
443 2528 51 24 en
515 2515 129 49 1667),
671 2516 32 36 si
724 2515 217 50 fréquente
972 2518 98 36 chez
1096 2519 47 35 D.
1170 2518 243 36 Buxtehude
1433 2517 65 49 (de
1533 2518 97 48 1637
1655 2518 172 37 environ
1861 2519 21 35 à
1926 2519 112 49 1707)
2064 2526 38 29 et

131 2573 215 49 employée
366 2583 73 37 par
461 2571 106 36 J.-S.
588 2571 125 36 Bach.

182 2629 54 47 (2)
265 2627 187 36 Histoire
476 2627 46 35 de
536 2626 38 35 la
595 2629 190 45 musique
804 2627 49 36 de
878 2627 229 36 Bourdelot
1130 2627 71 47 (111,
1228 2628 104 47 254).

177 2683 53 47 (3)
256 2684 140 35 Pièces
418 2682 162 46 d'orgue
598 2681 58 35 de
679 2682 116 47 1676.
828 2681 82 36 Dès
938 2682 96 35 1665
1061 2681 147 37 Nivers
1228 2694 154 36 engage
1402 2682 58 36 les
1485 2682 233 49 organistes
1743 2683 20 35 à
1785 2696 17 20 «
1832 2683 213 36 consulter
2066 2684 36 35 la

134 2738 195 36 méthode
353 2738 49 35 de
426 2736 171 36 chanter
617 2750 33 21 ».
677 2736 34 35 A
732 2748 77 23 son
830 2736 97 43 avis,
957 2750 17 21 «
998 2736 155 48 l'orgue
1178 2736 86 37 doit
1283 2736 135 37 imiter
1440 2736 37 37 la
1498 2737 94 36 voix
1613 2752 17 18 »
1662 2737 11 48 (
1678 2738 122 35 Livre
1828 2738 160 47 d'orgue
2018 2750 63 24 con-

136 2797 135 33 tenant
294 2797 89 30 cent
398 2792 139 45 pièces
544 2818 9 17 ,
577 2789 180 47 Ballard,
787 2790 129 49 1664).

185 2847 51 48 (4)
257 2848 56 35 M.
338 2845 212 36 Guilmant
573 2855 21 23 a
628 2843 105 47 joint
755 2844 60 37 les
840 2845 108 36 deux
969 2846 188 36 versions
1181 2846 49 37 de
1256 2854 104 29 cette
1394 2846 116 49 pièce
1533 2847 214 48 précieuse
1779 2859 107 37 pour
1907 2847 198 37 l'histoire

135 2902 49 36 de
207 2898 363 39 l'ornementation
588 2898 20 35 à
631 2910 77 23 son
731 2899 158 36 édition
917 2900 54 36 du
993 2901 126 36 Livre
1139 2902 167 48 d'Orgue
1326 2902 47 36 de
1403 2902 110 38 1685.

186 2957 53 47 (5)
263 2957 55 35 Ce
341 2953 180 51 procédé
539 2952 183 38 consiste
743 2956 21 34 à
788 2955 281 46 transformer,
1108 2957 101 36 dans
1232 2969 81 25 une
1338 2957 104 37 série
1472 2959 47 35 de
1551 2959 186 46 croches,
1769 2959 158 47 chaque
1950 2971 155 35 groupe

137 3012 49 35 de
210 3011 108 37 deux
334 3010 174 37 croches
663 3021 50 25 en
745 3022 58 24 un
826 3023 155 36 groupe
1012 3013 198 46 composé
1235 3013 121 35 d'une
1386 3013 148 36 croche
1550 3013 169 48 pointée
1741 3022 37 26 et
1795 3013 120 36 d'une
1955 3013 152 36 double

139 3066 149 36 croche
312 3078 7 24 :
455 3079 67 35 ou,
548 3069 94 47 plus
667 3073 222 37 rarement,
1050 3067 268 36 Frescobaldi
1341 3079 72 24 use
1434 3068 91 48 déjà
1548 3069 48 35 de
1621 3080 66 24 ces
1719 3068 106 35 deux
1853 3068 151 48 figures
2027 3069 80 44 (Cf.

137 3127 115 37 l'avis
276 3140 51 23 au
342 3128 157 36 lecteur
522 3130 71 36 des
624 3130 174 35 Toccate
819 3128 50 36 de
890 3127 128 48 1637).
1045 3128 32 35 Il
1096 3140 50 24 ne
1183 3129 156 36 semble
1363 3129 117 48 point
1503 3128 206 37 d'ailleurs
1747 3130 125 47 qu'on
1896 3130 72 34 dût
1988 3129 101 36 inter-

138 3183 137 47 préter
308 3191 102 28 cette
431 3183 178 37 formule
634 3184 260 36 strictement
934 3194 50 24 en
1009 3195 176 25 mesure.
1226 3183 119 37 Ainsi
1369 3183 212 49 Gouperin
1604 3183 172 48 indique
1797 3183 232 37 seulement
2059 3184 49 36 de

140 3237 165 47 pointer
326 3253 17 17 «
366 3250 56 23 un
444 3247 87 28 tant
553 3239 81 37 soit
672 3251 83 37 peu
780 3253 15 19 »
823 3238 200 48 (Premier
1062 3239 125 36 Livre
1204 3240 47 35 de
1289 3239 146 36 Pièces
1475 3239 45 36 de
1544 3239 189 35 Clavecin
1740 3267 8 18 ,
1790 3238 153 36 second
1972 3239 136 45 ordre,

141 3307 19 17 «
184 3295 58 33 La
267 3293 255 37 Laborieuse
542 3311 18 17 »
588 3295 149 47 (1713).

191 3346 52 49 (6)
268 3346 100 36 Voir
390 3359 50 25 en
456 3349 241 47 particulier
715 3361 69 36 pp.
814 3348 16 36 3
840 3361 19 35 j
882 3355 36 29 et
941 3348 47 37 5o
1013 3349 48 35 de
1091 3347 187 38 l'édition
1301 3349 213 41 moderne,
1537 3356 37 29 et
1597 3356 118 29 notre
1743 3349 256 48 Supplément
2025 3361 56 24 mu-

142 3401 116 46 sical,
282 3413 38 36 p.
342 3415 65 34 70.

251 3462 43 32 R.
318 3462 47 32 M.

1931 3466 43 32 38
