3492 4384
1749 149 102 51 192

264 283 326 64 rakterisirung
619 281 77 49 des
727 282 239 66 behaglich
998 286 236 63 gemeinen
1263 286 380 67 Lumpenthums.
1676 289 100 48 Von

259 360 340 50 entschiedener
621 360 302 66 Wichtigkeit
939 362 77 47 für
1032 363 228 66 Nestroy's
1277 362 328 52 künstlerische
1619 365 128 49 Wirk-

260 437 189 50 samkeit
477 452 95 33 war
600 437 148 48 seiner
776 440 99 47 Zeit
903 438 119 50 seine
1050 441 207 65 Stellung
1285 457 57 32 an
1374 441 81 51 der
1479 443 136 50 Wien
1647 450 132 42 unter

261 515 210 48 Director
501 515 103 48 Carl
635 515 148 49 neben
815 516 193 48 Wenzel
1036 517 173 48 Scholz.
1258 520 195 66 Nestroy
1482 536 95 32 war
1605 518 173 50 damals

265 592 69 46 ein
363 590 234 66 wichtiges
628 592 129 48 Glied
787 592 42 48 in
859 592 80 48 der
966 593 324 66 Entwicklung
1319 596 78 48 des
1427 597 168 48 wiener
1619 596 133 49 Volks-

261 667 211 48 theaters.
527 668 66 49 Er
621 667 292 51 beherrschte
947 670 125 48 nicht
1098 671 339 51 unbeschränkt
1464 672 71 48 die
1563 672 217 50 Lachlust

263 743 90 50 und
382 744 86 47 den
500 744 152 49 Beifall
683 744 80 50 der
790 747 181 63 Menge,
1013 746 140 51 dafür
1193 757 153 57 sorgte
1374 751 141 47 seines
1544 750 232 49 Directors

263 822 219 65 Klugheit
510 822 90 47 und
628 822 143 48 seines
812 822 224 49 beliebten
1069 826 215 66 Collegen
1324 827 247 48 eminentes
1600 828 175 47 Talent.

260 901 64 45 Er
367 913 94 33 war
501 898 182 57 beliebt,
726 898 121 50 nicht
889 899 299 52 überschätzt.
1254 904 73 47 An
1374 903 151 50 seinen
1574 904 200 49 Stücken

260 976 156 48 wurde
445 976 173 48 damals
646 983 199 60 strenge,
875 978 63 48 oft
969 979 297 66 überstrenge
1293 982 139 48 Justiz
1461 981 155 64 geübt.
1662 983 108 48 Wie

255 1053 110 47 viele
405 1052 170 49 Stücke
617 1053 184 48 werden
849 1054 272 66 heutzutage
1160 1057 216 65 geduldig
1417 1058 354 65 hingenommen

254 1129 111 50 oder
395 1146 82 48 gar
504 1147 86 32 von
621 1133 371 50 unverschämten
1017 1136 251 64 Claqueurs
1299 1134 217 66 bejubelt,
1547 1136 72 49 die
1649 1137 120 48 wohl

254 1208 71 47 ein
354 1208 107 47 weit
487 1212 183 61 ärgeres
685 1209 227 49 Schicksal
936 1211 274 58 verdienten,
1240 1212 64 48 als
1332 1212 85 48 den
1446 1213 322 50 schwächeren

254 1285 343 65 Nestroy'schen
621 1285 197 49 Stücken
842 1287 172 49 damals
1037 1288 191 50 bereitet
1249 1289 141 49 ward.
1417 1291 95 47 Viel
1536 1291 207 48 nachsich-

252 1363 117 63 tiger
398 1377 94 32 war
523 1378 102 31 man
655 1363 81 48 seit
758 1363 46 65 je
835 1364 82 48 her
943 1382 145 48 gegen
1112 1365 85 50 den
1221 1367 317 65 Schauspieler
1561 1369 210 65 Nestroy,

252 1439 101 48 dem
379 1454 102 33 man
505 1439 149 48 Vieles
678 1445 228 61 ungerügt
929 1444 196 64 passiren
1148 1444 100 48 liess
1275 1445 91 49 und
1388 1445 42 49 in
1455 1447 114 48 allen
1594 1447 145 48 Ueber-

250 1515 269 66 treibungen
552 1517 139 48 freien
720 1519 256 65 Spielraum
1008 1522 248 64 gewährte.

363 1593 100 48 Von
489 1594 141 48 Carl's
652 1595 143 57 Tode,
825 1595 102 50 dem
959 1597 80 49 der
1068 1599 87 48 alte
1185 1599 158 50 Scholz
1371 1600 108 49 zwei
1506 1600 140 49 Jahre
1668 1606 76 62 spä-

247 1678 69 41 ter
336 1670 66 50 ins
426 1670 125 50 Grab
578 1672 303 64 folgte,datirt
899 1675 228 66 Nestroy's
1153 1677 273 49 materieller
1450 1678 316 58 Glücksstern;

246 1764 84 32 von
360 1749 237 48 derselben
626 1752 99 48 Zeit
767 1755 178 47 müssen
978 1755 81 47 wir
1098 1755 121 49 seine
1263 1755 327 50 künstlerische
1619 1758 120 48 Deca-

247 1825 111 50 denz
386 1826 190 50 datiren.
632 1829 79 47 Als
739 1829 420 52 Schriftsteller
1202 1833 78 49 hat
1307 1851 49 31 er
1384 1834 84 48 seit
1497 1834 145 48 dieser
1668 1835 100 50 Zeit

247 1904 141 48 nichts
416 1905 414 50 Nennenswertes
859 1909 248 64 producirt,
1152 1912 62 47 als
1243 1912 401 64 Schauspieler
1688 1913 51 48 be-

251 1997 120 48 gann
412 1998 50 32 er
503 1999 50 31 zu
593 1984 145 47 altern
774 1984 89 48 und
895 1985 123 50 hatte
1047 1987 162 49 keinen
1238 1989 283 48 natürlichen
1550 1989 189 50 Anhalts-

249 2060 144 64 punkt
434 2060 130 48 mehr
604 2061 84 47 auf
718 2061 86 49 den
835 2064 276 48 Trümmern
1154 2065 81 50 der
1272 2067 169 49 wiener
1468 2068 297 65 Localposse;

249 2138 63 47 als
334 2138 261 47 Director
623 2138 193 59 endlich,
844 2159 52 29 zu
922 2140 101 48 dem
1050 2159 103 32 man
1178 2144 74 47 ihn
1273 2144 214 63 gemacht
1511 2145 140 56 hatte,
1670 2163 96 32 war

249 2229 49 32 er
326 2213 71 49 die
426 2214 389 52 unbedeutendste
835 2219 125 57 Null,
989 2220 170 48 welche
1182 2220 46 65 je
1258 2221 145 49 einem
1431 2221 216 50 Weiber-
1672 2223 92 48 und

252 2290 447 66 Coterie-Begiment
720 2293 85 49 den
824 2296 176 47 Namen
1023 2296 223 65 geliehen.
1270 2299 153 47 Dafür
1439 2299 127 48 ward
1590 2317 48 30 er
1661 2300 80 48 frei-

250 2368 84 48 lich
365 2384 83 32 von
470 2369 108 65 jetzt
605 2385 55 32 an
692 2370 278 66 gehätschelt
998 2373 88 48 und
1113 2373 218 66 bejubelt,
1361 2375 85 48 wie
1477 2376 71 47 nie
1577 2376 187 58 vorher;

247 2444 137 49 dafür
412 2445 125 50 ward
567 2464 50 31 er
647 2448 167 49 freilich
837 2449 109 65 jetzt
966 2458 90 40 erst
1075 2469 102 32 zum
1202 2453 181 48 reichen
1407 2454 189 54 Manne;
1627 2454 139 48 dafür

249 2522 124 49 ward
404 2539 48 32 er
482 2524 168 48 freilich
678 2543 99 30 zum
805 2528 222 64 Halbgott
1055 2529 81 48 der
1164 2530 170 48 wiener
1359 2531 271 65 Volksposse
1661 2549 78 31 aus-

247 2609 207 56 posaunt,
496 2602 80 49 der
618 2620 155 32 armen
805 2606 151 57 Posse,
999 2606 71 50 die
1108 2609 42 47 in
1193 2608 87 49 den
1309 2609 160 49 letzten
1498 2611 65 47 Zü
1571 2627 86 48 gen
1689 2611 73 65 lag

247 2677 87 50 und
367 2677 78 50 der
476 2680 82 47 ein
589 2681 216 64 genialer,
835 2682 112 50 aber
970 2685 244 62 gealterter
1238 2685 380 67 Chargenspieler
1641 2688 123 49 nicht

247 2756 130 48 mehr
405 2757 80 47 auf
508 2757 70 49 die
608 2759 136 48 Beine
773 2760 145 49 helfen
948 2761 183 51 konnte.
1171 2764 160 49 Dieser
1355 2765 293 50 unverdiente
1671 2768 59 47 Er-

247 2834 108 64 folg,
382 2851 55 31 an
468 2835 101 47 dem
600 2836 91 47 sich
722 2835 80 49 der
824 2839 375 50 einflussreichste
1221 2841 129 50 Theil
1374 2842 81 49 der
1479 2844 170 48 wiener
1671 2845 60 48 Ta-

244 2926 231 50 gespresse
504 2912 42 49 in
579 2916 480 48 unverantwortlicher
1084 2917 156 50 Weise
1265 2919 278 66 betheiligte,
1571 2920 190 49 dauerte

244 2989 125 47 sechs
395 2991 156 53 Jahre,
593 2991 114 48 nach
748 2994 202 48 welchen
990 2996 192 65 Nestroy
1219 2997 71 47 die
1320 2999 230 48 Direction
1582 2999 153 49 nieder-

247 3067 116 64 legte
390 3067 91 49 und
511 3086 83 30 nur
626 3070 129 48 mehr
785 3071 62 47 als
868 3072 111 49 Gast
1002 3081 133 41 unter
1158 3075 151 47 Herrn
1333 3076 302 50 Treumann's
1658 3077 76 49 Lei-

246 3150 112 58 tung
388 3145 252 49 mitwirkte.
759 3149 103 48 Sein
894 3150 226 49 Abschied
1159 3152 62 47 als
1251 3154 231 48 Knieriem
1517 3155 41 47 in
1588 3155 169 48 seinem

247 3221 270 48 berühmten
564 3223 372 67 Erstlingswerke
1666 3249 95 30 war

244 3298 233 64 glänzend,
509 3300 90 48 und
630 3317 91 31 wer
744 3305 147 47 wollte
918 3305 148 49 diesen
1098 3307 158 49 letzten
1281 3309 221 64 Triumph
1529 3309 100 48 dem
1656 3310 84 48 letz-

244 3382 71 41 ten
348 3376 270 49 Mohikaner
645 3377 81 48 der
755 3380 167 49 wiener
951 3382 269 50 Volksmuse
1252 3386 342 65 missgönnen?!

355 3455 82 61 (Er
466 3456 156 47 wurde
652 3472 72 32 am
752 3457 47 48 2.
820 3460 104 47 Juni
957 3461 78 47 mit
1064 3461 272 51 feierlichem
1359 3466 128 64 Zuge
1520 3465 234 65 begraben

237 3531 83 48 auf
343 3531 100 49 dem
478 3533 281 66 Währinger
788 3535 258 59 Friedhofe,
1075 3538 42 47 in
1148 3538 78 50 der
1248 3542 128 49 Nähe
1406 3542 81 49 der
1512 3544 242 48 Buhestät-

237 3616 73 41 ten
341 3625 83 32 von
454 3610 226 49 Schubert
710 3611 89 48 und
830 3612 290 67 Beethoven.)

1379 3617 100 67 (W.
1511 3619 127 67 Ree.)

530 3769 182 70 Tages-
742 3769 90 70 und
862 3769 598 70 Unterhaltungs-Blatt.

320 3862 125 34 Hans
476 3861 184 48 Seling,
690 3863 64 34 der
780 3863 161 47 begabte
961 3865 146 34 Pianist
1130 3866 78 34 und
1227 3864 230 49 Componist,
1487 3869 63 35 der
1577 3882 72 24 uns
1677 3870 81 35 hier

243 3920 37 33 in
312 3921 94 34 Köln
440 3922 97 36 noch
579 3935 67 22 vor
688 3924 122 35 einem
838 3924 117 35 Jahre
991 3926 38 33 in
1076 3926 65 35 der
1182 3926 293 36 musicalischen
1504 3929 254 36 Gesellschaft

244 3979 66 34 mit
337 3982 126 34 seinen
491 3984 208 46 Vorträgen
728 3984 162 35 erfreute
918 3983 90 48 (vgl.
1039 3986 193 38 Niederrh.
1262 3988 127 43 M.-Z.,
1421 3985 107 48 186],
1556 3991 63 37 Nr.
1642 3989 48 36 14
1720 4003 35 23 v.

246 4038 33 37 ().
310 4040 132 48 April),
469 4043 47 34 ist
544 4055 57 23 am
631 4041 59 40 25.
720 4045 77 34 Mai
826 4055 47 24 zu
900 4045 159 49 Leipzig
1087 4058 47 22 an
1163 4047 105 35 einer
1294 4048 369 46 Lungen-Affection
1693 4063 42 35 ge-

243 4100 160 36 storben.

2196 3586 72 51 £ie

1829 3645 187 35 erscheint
2046 3646 115 45 jeden
2200 3648 173 47 Samstag
2414 3651 39 33 in
2496 3653 123 33 einem
2662 3665 146 33 ganzen
2843 3655 131 45 Bogen
3018 3654 69 34 mit
3121 3654 241 47 zwanglosen

1831 3696 192 48 Beilagen.
2131 3700 78 32 Der
2230 3700 386 49 xVbonnemcntspreis
2637 3704 149 46 beträgt
2819 3705 60 34 für
2907 3705 66 34 das
2994 3705 186 45 Halbjahr
3208 3704 23 36 2
3247 3707 116 42 Thlr.,

1829 3747 60 35 bei
1918 3748 70 34 den
2009 3749 47 35 K.
2086 3761 143 35 preuss.
2251 3751 310 37 Post-Anstalten
2590 3753 23 37 2
2629 3753 102 36 Thlr.
2757 3756 21 36 5
2800 3756 81 45 Sgr.
2937 3756 95 35 Eine
3061 3756 169 35 einzelne
3250 3758 84 34 Num-

1829 3810 78 23 mer
1934 3798 25 36 4
1987 3799 80 47 Sgr.

1933 3852 123 34 Briefe
2084 3853 78 34 und
2182 3853 276 47 Zusendungen
2493 3855 93 35 aller
2604 3857 71 34 Art
2703 3856 150 36 werden
2882 3862 110 31 unter
3020 3858 65 35 der
3109 3858 163 37 Adresse
3302 3860 63 35 der

1829 3902 52 34 M.
1912 3903 541 48 DuMont-Schauberg'schen
2481 3907 305 47 Buchhandlung
2813 3909 38 34 in
2881 3909 101 35 Köln
3012 3911 164 34 erbeten.

1948 4005 357 33 Verantwortlicher
2337 4006 281 46 Herausgeber:
2649 4007 100 36 Prof.
2782 4007 35 34 L
2820 4033 12 12 ♦
2861 4007 176 48 Bischoff
3058 4012 40 33 in
3126 4011 114 37 Köln.

1905 4055 194 46 Verleger:
2131 4055 54 37 M.
2216 4056 418 48 DuMont-Schauberj
2650 4058 88 35 sehe
2767 4060 302 49 Buchhandlung
3099 4064 39 33 in
3168 4064 115 35 Köln.

1861 4106 191 36 Drucker:
2083 4107 54 37 M.
2169 4107 66 35 Du
2240 4106 345 49 Mont-Schauberg
2613 4111 38 33 in
2681 4111 112 44 Köln,
2832 4112 242 37 Breitstrasse
3105 4114 47 38 76
3178 4127 36 24 u.
3246 4115 61 38 78.

2387 359 454 79 3tttkiitt&ipttsen.

2240 528 205 46 HEUE
2495 531 496 48 MUSICALIEN

1912 592 66 54 im
2022 593 205 72 Verlage
2269 613 96 37 von
2405 597 277 72 Breitkopf
2716 600 41 53 &
2796 599 172 56 Härtel
3010 602 49 54 in
3104 603 213 74 Leipzig.

1850 677 36 35 B
1898 679 164 36 eethov
2075 691 72 33 en,
2184 680 46 37 L.
2269 692 114 36 van,
2424 680 282 49 Symphonieen
2733 686 77 46 für
2848 686 157 46 Violine,
3045 687 207 39 Violoncell
3292 692 85 35 und

2158 730 124 37 Piano
2283 733 106 46 forte,
2415 746 46 23 zu
2488 738 25 31 4
2540 734 186 46 Händen,
2757 738 203 47 arrangirt
2986 752 73 24 von
3092 740 38 36 C.
3153 740 224 39 Burchard.

2058 782 74 37 -AV.
2161 786 22 32 1
2212 796 43 22 m
2285 784 136 45 C-dur,
2457 788 67 43 Op.
2554 789 62 33 2i.
2671 790 23 32 2
2730 788 107 36 TAZr.

2085 861 17 19 „
2159 834 93 36 2in
2279 835 146 45 D-dur,
2459 837 73 45 Op.
2561 840 63 34 36.
2678 841 24 33 3
2737 839 108 37 TMr.

1853 884 204 47 Chopin,
2086 886 62 47 F.,
2179 886 161 36 Marche
2358 887 171 47 funhbre
2557 889 92 37 tirie
2677 891 47 35 de
2751 891 40 35 la
2818 891 143 37 Sonate
2996 896 67 42 Op.
3085 895 61 34 35.
3176 895 200 49 Arrange-

2155 943 103 30 ment
2279 951 100 35 pour
2405 941 23 33 2
2456 939 147 37 Pianos
2629 941 25 35 ä
2682 944 24 33 8
2732 943 137 36 mains.
2924 946 51 34 20
3005 945 97 47 Ngr.

1847 987 175 36 Bitner
2029 1015 8 17 ,
2076 988 61 45 i?.,
2183 990 68 44 Op.
2281 993 61 44 iO,
2387 990 353 39 Salon-Phantasie
2766 995 91 35 über
2884 995 142 37 Motive
3053 1009 70 23 aus
3151 998 125 37 Faust
3304 1012 73 25 von

2158 1039 202 38 Gounod
2378 1044 79 45 für
2484 1043 70 36 das
2582 1044 239 48 Pianoforte.
2878 1049 49 33 15
2958 1048 97 46 Ngr.

1847 1090 58 35 El
1915 1101 22 23 v
1949 1084 157 50 enich,
2139 1091 60 45 G.,
2227 1094 23 34 2
2283 1095 209 36 Mazurkas
2515 1108 102 33 pour
2645 1097 34 34 le
2706 1095 141 38 Piano.
2905 1100 51 34 18
2983 1098 98 48 Ngr.

1849 1141 152 46 Gade,
2043 1142 139 36 Niels
2220 1143 182 48 WOp.
2433 1148 60 44 37,
2523 1147 167 38 Hamlet.
2744 1148 403 39 Concert-Ouvertüre.
3178 1152 199 49 Arrange-

2152 1201 103 29 ment
2269 1195 77 47 für
2374 1197 71 36 das
2473 1198 229 48 Pianoforte
2742 1213 47 23 zu
2822 1201 83 36 vier
2932 1202 175 37 Händen
3147 1216 74 25 von
3249 1206 48 35 F.
3330 1206 47 36 G.

2154 1246 198 38 Jansen.
2406 1251 50 33 25
2488 1249 96 48 Ngr.

1846 1294 172 47 Gluckj
2053 1296 73 37 Ch»
2153 1310 106 32 von,
2291 1300 263 47 Ausgewählte
2573 1300 125 38 Arien
2727 1304 82 35 und
2838 1303 184 48 Gesänge,
3051 1306 67 35 mit
3146 1306 228 38 besonderer

2152 1350 369 49 Berücksichtigung
2562 1353 126 36 seiner
2730 1355 125 35 bisher
2890 1357 274 37 unbekannten
3203 1361 172 36 italiäni-

2152 1401 113 37 schen
2298 1405 140 44 Opern.
2469 1404 74 36 Mit
2570 1404 200 37 deutscher
2801 1406 273 50 Uebersetzung
3102 1422 74 25 von
3207 1411 44 36 G.
3275 1413 70 35 En
3359 1433 13 5 -

2149 1454 94 46 gel,
2273 1453 304 50 herausgegeben
2603 1469 75 23 von
2718 1457 217 37 Wilhelm
2962 1460 127 36 Bust.

2276 1506 136 37 Zweite
2441 1508 240 48 Abtheilung.
2711 1509 218 37 Alt-Arien.

2051 1556 63 35 Nr
2140 1559 33 34 1.
2203 1557 190 37 Becitativ
2419 1560 83 35 und
2527 1560 95 36 Arie
2650 1573 70 23 aus
2749 1561 68 36 der
2850 1561 121 47 Oper:
3001 1564 75 37 Die
3102 1566 272 39 Chinesinnen.

2204 1611 51 33 15
2291 1611 96 46 Ngr.

2257 1661 238 37 Grausamer
2523 1662 134 49 Sieger
2764 1667 154 47 Ferma,
2947 1668 162 36 crudele.

2067 1738 18 20 „
2142 1714 33 33 2.
2206 1712 232 47 Buffo-Arie
2466 1728 71 22 aus
2565 1716 195 37 derselben
2793 1719 114 44 Oper.
2961 1722 49 32 15
3042 1721 96 47 Ngr.

2255 1764 115 37 Solch
2398 1766 61 35 ein
2483 1766 174 38 Lächeln
2763 1769 64 35 Ad
2853 1782 54 24 un
2934 1769 78 37 riso

2071 1843 17 19 n
2145 1817 34 34 3.
2211 1817 95 36 Arie
2334 1829 70 24 aus
2431 1818 70 35 der
2533 1818 101 46 Oper
2663 1819 234 37 Semiramis.
2953 1826 50 32 10
3034 1824 95 47 Ngr.

2264 1869 224 45 Verrathen,
2517 1872 218 38 verlassen!
2847 1873 175 45 Tradita,
3050 1883 205 38 sprezzata.

2067 1946 16 20 n
2142 1924 32 31 4.
2212 1920 182 37 Cavatine
2423 1935 70 22 aus
2521 1923 193 36 derselben
2748 1926 111 44 Oper.
2914 1928 25 33 5
2967 1926 97 48 Ngr.

2255 1972 128 38 Schon
2418 1974 97 36 naht
2554 1975 61 35 die
2643 1981 125 31 traute
2797 1977 150 36 Stunde
3066 1980 118 44 Vieni,
3215 1982 65 35 cÄe
3306 1994 64 33 po*

2302 2036 144 26 sereno.

2067 2103 16 20 „
2139 2077 36 35 5.
2203 2074 97 39 Arie
2328 2090 71 23 aus
2428 2077 196 37 derselben
2659 2081 111 44 Oper.
2826 2083 50 33 10
2907 2081 98 49 Ngr.

2256 2129 134 35 Fliehe
2422 2130 67 34 mit
2521 2131 203 36 schnellem
2751 2130 167 39 Schritte
3024 2135 127 47 Fuggi
3179 2135 102 49 dagV
3312 2149 58 24 oc-

2305 2180 62 37 chi
2392 2181 98 36 miei.

2065 2257 18 20 ,j
2141 2234 32 33 6.
2208 2231 91 36 Arie
2325 2244 71 23 aus
2424 2232 195 37 derselben
2653 2236 112 43 Oper.
2821 2237 51 35 10
2902 2236 97 47 Ngr.

2264 2283 76 36 Wie
2354 2296 69 23 vor
2438 2284 69 35 der
2522 2284 131 37 Sonne
2667 2285 186 37 Strahlen
2927 2290 147 34 Oscura
3093 2289 30 35 il
3137 2291 104 35 solle
3254 2293 116 35 stelle.

1838 2333 198 47 Haydn,
2067 2335 49 45 J.,
2154 2337 84 34 Der
2266 2333 133 37 Sturm
2427 2336 89 44 (La
2550 2337 230 45 Tempesta).
2829 2337 102 38 Chor
2957 2340 67 34 mit
3050 2340 228 50 Begleitung
3306 2344 64 36 des

2154 2387 230 37 Orchesters.
2411 2387 182 37 Partitur
2607 2389 67 35 mit
2693 2391 294 47 untergelegtem
3011 2392 357 50 Ciavier-Auszuge.

2154 2439 109 35 Neue
2289 2439 187 47 Ausgabe.
2531 2443 25 32 2
2591 2441 106 35 Thlr.

1838 2488 224 49 Klengel,
2203 2490 68 47 Op.
2299 2493 38 43 I,
2382 2490 88 36 Trio
2488 2492 81 46 für
2594 2491 245 49 Pianoforte,
2881 2493 147 38 Violine
3054 2497 86 35 und
3176 2497 120 39 Viola.
3345 2502 23 33 3

2157 2542 105 36 Thlr.
2289 2545 50 33 10
2368 2543 96 47 Ngr.

1997 2594 68 45 Op.
2094 2596 36 42 2,
2159 2594 113 36 Erste
2301 2593 144 38 Sonate
2464 2596 76 46 für
2568 2594 157 49 Pianof.
2754 2610 37 23 u.
2833 2598 154 38 Violine.
3019 2602 21 32 1
3067 2600 106 36 Thlr.
3201 2604 50 33 25
3268 2601 97 48 Ngr.

1998 2646 69 45 Op.
2095 2648 36 45 3,
2162 2645 136 37 Zioeite
2326 2646 145 37 Sonate
2499 2648 78 47 für
2603 2647 231 48 Pianoforte
2867 2650 83 36 und
2988 2651 154 38 Violine.
3200 2655 23 33 2
3259 2653 108 37 Thlr.

1836 2696 156 48 Leidg
2006 2697 49 36 eb
2069 2699 58 44 el,
2158 2697 48 38 A.
2237 2698 58 44 L.,
2340 2700 68 44 Op.
2438 2702 61 40 20,
2652 2700 85 36 dem
2763 2701 187 36 Züricher
2979 2701 82 38 See.
3108 2705 160 37 Gedicht
3294 2718 74 25 von

2150 2749 197 36 Goethe.
2395 2751 52 36 In
2479 2753 118 34 Form
2626 2752 106 36 einer
2760 2753 142 36 Sonate
2920 2754 79 45 für
3026 2754 232 49 Pianoforte
3286 2759 84 35 und

2147 2803 172 35 Männer
2321 2801 103 40 chor.
2453 2804 324 49 Ciavier-Auszug
2798 2805 83 36 und
2903 2805 97 48 Sing
3003 2808 181 38 stimmen.
3213 2812 23 33 2
3259 2810 107 36 Thlr.

1838 2852 219 38 Mendels
2070 2854 194 36 sohn-B
2276 2867 24 23 a
2314 2854 220 48 rtholdy,
2565 2858 60 44 F.,
2672 2859 67 43 Op.
2772 2861 58 40 74,
2879 2859 213 36 Ouvertüre
3118 2872 47 23 zu
3195 2862 171 36 Athalia.

2144 2905 286 48 Arrangement
2447 2908 78 46 für
2551 2907 88 37 zwei
2666 2908 232 48 Pianoforte
2923 2922 47 24 zu
2998 2911 90 36 acht
3116 2913 184 36 Händen.
3344 2918 19 30 1

2154 2958 107 36 Thlr.
2284 2961 51 33 20
2365 2959 97 46 Ngr.

1834 3007 263 46 Beinecke,
2132 3010 53 43 C,
2219 3010 67 45 Op.
2319 3013 58 42 72,
2412 3010 157 38 Concert
2586 3012 80 47 für
2693 3012 72 36 das
2784 3012 228 48 Pianoforte
3039 3014 67 36 mit
3134 3015 229 50 Begleitung

2147 3062 65 35 des
2245 3062 230 36 Orchesters.
2531 3067 25 32 4
2591 3064 107 36 Thlr.
2728 3067 49 33 25
2809 3067 97 46 Ngr.

1987 3112 181 37 Dasselbe
2185 3114 76 45 für
2288 3114 70 36 das
2387 3113 229 48 Pianoforte
2643 3115 131 38 allein.
2831 3120 23 33 2
2890 3118 108 38 Thlr.

1836 3161 205 51 Schone,
2072 3164 60 45 Ä.,
2162 3166 127 47 Zwölf
2311 3166 144 36 Lieder
2473 3168 78 45 für
2580 3166 83 39 eine
2686 3167 241 49 Singstimme
2953 3170 68 36 mit
3046 3168 229 52 Begleitung
3305 3174 63 34 des

2141 3217 241 47 Pianoforte.
2438 3221 48 33 25
2518 3220 99 46 Ngr.

1844 3267 128 48 Vogt,
2004 3269 49 47 J.,
2099 3271 67 43 Op.
2196 3271 61 43 32,
2300 3270 76 36 Die
2403 3270 87 47 Auf
2491 3272 220 46 erweckung
2741 3272 66 35 des
2834 3273 190 36 Lazarus.
3075 3276 223 35 Oratorium
3324 3276 43 36 in

2136 3321 89 36 zwei
2255 3321 167 37 Theilen.
2476 3323 283 47 Vollständiger
2789 3324 322 50 Ciavier-Auszug
3139 3339 85 24 vom
3255 3330 105 35 (Kom-

2132 3373 192 44 ponisten.
2380 3377 24 31 4
2439 3374 105 37 Thlr.
2575 3377 49 33 15
2655 3376 99 45 Ngr.

1991 3425 182 35 Dasselbe
2199 3426 61 35 die
2293 3425 280 38 Chorstimmen.
2630 3430 20 31 1
2688 3427 108 36 Thlr.
2825 3430 50 33 10
2904 3427 98 49 Ngr.

1840 3473 128 48 Weil,
2004 3478 55 45 0.,
2093 3478 68 44 Op.
2191 3479 36 43 3,
2257 3477 152 37 Danses
2435 3478 182 36 serieuses
2638 3490 106 34 pour
2772 3480 33 35 le
2833 3479 140 37 Piano.
3028 3484 51 34 20
3109 3483 99 46 Ngr.
