<?xml version="1.0" encoding="UTF-8"?>
<alto xmlns:xsi="http://www.w3.org/2001/XMLSchema-instance" xmlns="http://www.loc.gov/standards/alto/ns-v2#" xsi:schemaLocation="http://www.loc.gov/standards/alto/ns-v2# http://www.loc.gov/standards/alto/alto-v2.0.xsd" xmlns:xlink="http://www.w3.org/1999/xlink">
	<Description>
		<MeasurementUnit>mm10</MeasurementUnit>
		<sourceImageInformation>
			<fileName>//fileserver7/IN2-2/Princeton/bmtnabj/1904/07/15_01/00000381.tif</fileName>
		</sourceImageInformation>
		<OCRProcessing ID="OCRPROCESSING_1">
			<preProcessingStep>
				<processingSoftware>
					<softwareCreator>CCS Content Conversion Specialists GmbH, Germany</softwareCreator>
					<softwareName>CCS docWorks</softwareName>
					<softwareVersion>6.7-1.20</softwareVersion>
				</processingSoftware>
			</preProcessingStep>
			<ocrProcessingStep>
				<processingSoftware>
					<softwareCreator>ABBYY (BIT Software), Russia</softwareCreator>
					<softwareName>FineReader</softwareName>
					<softwareVersion>10.0</softwareVersion>
				</processingSoftware>
			</ocrProcessingStep>
		</OCRProcessing>
	</Description>
	<Styles>
		<TextStyle ID="TXT_0" FONTSIZE="18" FONTFAMILY="Times New Roman"/>
		<TextStyle ID="TXT_1" FONTSIZE="11" FONTFAMILY="Times New Roman"/>
		<TextStyle ID="TXT_2" FONTSIZE="15" FONTFAMILY="Times New Roman"/>
		<TextStyle ID="TXT_3" FONTSIZE="15" FONTFAMILY="Times New Roman" FONTSTYLE="italics"/>
		<ParagraphStyle ID="PAR_RIGHT" ALIGN="Right"/>
		<ParagraphStyle ID="PAR_CENTER" ALIGN="Center"/>
		<ParagraphStyle ID="PAR_LEFT" ALIGN="Left"/>
	</Styles>
	<Layout>
		<Page ID="P21" PHYSICAL_IMG_NR="21" HEIGHT="3759" WIDTH="2268" PRINTED_IMG_NR="365" PC="0.965">
			<TopMargin ID="P21_TM00001" HPOS="0" VPOS="0" WIDTH="2268" HEIGHT="232">
				<TextBlock ID="P21_TB00001" HPOS="2082" VPOS="178" WIDTH="80" HEIGHT="52" STYLEREFS="TXT_0 PAR_RIGHT">
					<TextLine ID="P21_TL00001" HPOS="2082" VPOS="178" WIDTH="80" HEIGHT="52">
						<String ID="P21_ST00001" HPOS="2082" VPOS="178" WIDTH="80" HEIGHT="52" CONTENT="365" WC="1.00" CC="000"/>
					</TextLine>
				</TextBlock>
				<TextBlock ID="P21_TB00002" HPOS="856" VPOS="185" WIDTH="591" HEIGHT="33" STYLEREFS="TXT_1 PAR_CENTER">
					<TextLine ID="P21_TL00002" HPOS="856" VPOS="186" WIDTH="591" HEIGHT="32">
						<String ID="P21_ST00002" HPOS="856" VPOS="187" WIDTH="52" HEIGHT="26" CONTENT="LA" WC="0.79" CC="22"/>
						<SP ID="P21_SP00001" HPOS="908" VPOS="213" WIDTH="34"/>
						<String ID="P21_ST00003" HPOS="942" VPOS="187" WIDTH="146" HEIGHT="26" CONTENT="HARPE" WC="0.99" CC="40010"/>
						<SP ID="P21_SP00002" HPOS="1088" VPOS="213" WIDTH="35"/>
						<String ID="P21_ST00004" HPOS="1123" VPOS="186" WIDTH="324" HEIGHT="32" CONTENT="CHROMATIQUE" WC="0.99" CC="14408001010"/>
						<SP ID="P21_SP00003" HPOS="1447" VPOS="218" WIDTH="0"/>
					</TextLine>
				</TextBlock>
			</TopMargin>
			<LeftMargin ID="P21_LM00001" HPOS="0" VPOS="232" WIDTH="128" HEIGHT="3346"/>
			<RightMargin ID="P21_RM00001" HPOS="2167" VPOS="232" WIDTH="101" HEIGHT="3346"/>
			<BottomMargin ID="P21_BM00001" HPOS="0" VPOS="3578" WIDTH="2268" HEIGHT="181"/>
			<PrintSpace ID="P21_PS00001" HPOS="128" VPOS="232" WIDTH="2039" HEIGHT="3346">
				<TextBlock ID="P21_TB00003" HPOS="128" VPOS="260" WIDTH="2039" HEIGHT="3318" STYLEREFS="TXT_2 PAR_LEFT">
					<TextLine ID="P21_TL00003" HPOS="192" VPOS="273" WIDTH="1970" HEIGHT="60">
						<String ID="P21_ST00005" HPOS="192" VPOS="273" WIDTH="100" HEIGHT="44" CONTENT="Elle" WC="0.98" CC="0350"/>
						<SP ID="P21_SP00004" HPOS="292" VPOS="317" WIDTH="24"/>
						<String ID="P21_ST00006" HPOS="316" VPOS="289" WIDTH="47" HEIGHT="28" CONTENT="se" WC="0.92" CC="01"/>
						<SP ID="P21_SP00005" HPOS="363" VPOS="317" WIDTH="24"/>
						<String ID="P21_ST00007" HPOS="387" VPOS="279" WIDTH="165" HEIGHT="39" CONTENT="servait" WC="0.99" CC="0010206"/>
						<SP ID="P21_SP00006" HPOS="552" VPOS="318" WIDTH="14"/>
						<String ID="P21_ST00008" HPOS="566" VPOS="277" WIDTH="134" HEIGHT="42" CONTENT="d'une" WC="0.98" CC="04320"/>
						<SP ID="P21_SP00007" HPOS="700" VPOS="319" WIDTH="23"/>
						<String ID="P21_ST00009" HPOS="723" VPOS="278" WIDTH="139" HEIGHT="53" CONTENT="harpe" WC="0.98" CC="02720"/>
						<SP ID="P21_SP00008" HPOS="862" VPOS="331" WIDTH="23"/>
						<String ID="P21_ST00010" HPOS="885" VPOS="280" WIDTH="314" HEIGHT="53" CONTENT="chromatique" WC="1.00" CC="15000150000"/>
						<SP ID="P21_SP00009" HPOS="1199" VPOS="333" WIDTH="23"/>
						<String ID="P21_ST00011" HPOS="1222" VPOS="281" WIDTH="244" HEIGHT="40" CONTENT="construite" WC="1.00" CC="0000000000"/>
						<SP ID="P21_SP00010" HPOS="1466" VPOS="333" WIDTH="20"/>
						<String ID="P21_ST00012" HPOS="1486" VPOS="294" WIDTH="83" HEIGHT="39" CONTENT="par" WC="1.00" CC="000"/>
						<SP ID="P21_SP00011" HPOS="1569" VPOS="333" WIDTH="22"/>
						<String ID="P21_ST00013" HPOS="1591" VPOS="279" WIDTH="63" HEIGHT="41" CONTENT="M." WC="1.00" CC="00"/>
						<SP ID="P21_SP00012" HPOS="1654" VPOS="333" WIDTH="26"/>
						<String ID="P21_ST00014" HPOS="1680" VPOS="279" WIDTH="145" HEIGHT="54" CONTENT="Lyon," WC="0.97" CC="65054"/>
						<SP ID="P21_SP00013" HPOS="1825" VPOS="333" WIDTH="36"/>
						<String ID="P21_ST00015" HPOS="1861" VPOS="281" WIDTH="223" HEIGHT="41" CONTENT="directeur" WC="0.99" CC="540000060"/>
						<SP ID="P21_SP00014" HPOS="2084" VPOS="333" WIDTH="22"/>
						<String ID="P21_ST00016" HPOS="2106" VPOS="284" WIDTH="56" HEIGHT="39" CONTENT="de" WC="0.59" CC="08"/>
					</TextLine>
					<TextLine ID="P21_TL00004" HPOS="137" VPOS="343" WIDTH="2025" HEIGHT="60">
						<String ID="P21_ST00017" HPOS="137" VPOS="343" WIDTH="40" HEIGHT="41" CONTENT="la" WC="1.00" CC="00"/>
						<SP ID="P21_SP00015" HPOS="177" VPOS="384" WIDTH="22"/>
						<String ID="P21_ST00018" HPOS="199" VPOS="343" WIDTH="210" HEIGHT="55" CONTENT="fabrique" WC="1.00" CC="20000000"/>
						<SP ID="P21_SP00016" HPOS="409" VPOS="398" WIDTH="22"/>
						<String ID="P21_ST00019" HPOS="431" VPOS="346" WIDTH="54" HEIGHT="40" CONTENT="de" WC="1.00" CC="00"/>
						<SP ID="P21_SP00017" HPOS="485" VPOS="398" WIDTH="20"/>
						<String ID="P21_ST00020" HPOS="505" VPOS="347" WIDTH="162" HEIGHT="51" CONTENT="pianos" WC="0.99" CC="020400"/>
						<SP ID="P21_SP00018" HPOS="667" VPOS="398" WIDTH="27"/>
						<String ID="P21_ST00021" HPOS="694" VPOS="356" WIDTH="43" HEIGHT="32" CONTENT="et" WC="0.79" CC="04"/>
						<SP ID="P21_SP00019" HPOS="737" VPOS="398" WIDTH="20"/>
						<String ID="P21_ST00022" HPOS="757" VPOS="348" WIDTH="54" HEIGHT="40" CONTENT="de" WC="1.00" CC="00"/>
						<SP ID="P21_SP00020" HPOS="811" VPOS="398" WIDTH="17"/>
						<String ID="P21_ST00023" HPOS="828" VPOS="348" WIDTH="40" HEIGHT="40" CONTENT="la" WC="1.00" CC="00"/>
						<SP ID="P21_SP00021" HPOS="868" VPOS="398" WIDTH="33"/>
						<String ID="P21_ST00024" HPOS="901" VPOS="350" WIDTH="177" HEIGHT="40" CONTENT="maison" WC="1.00" CC="010000"/>
						<SP ID="P21_SP00022" HPOS="1078" VPOS="398" WIDTH="30"/>
						<String ID="P21_ST00025" HPOS="1108" VPOS="349" WIDTH="171" HEIGHT="49" CONTENT="Plevel," WC="0.87" CC="0004013"/>
						<SP ID="P21_SP00023" HPOS="1279" VPOS="398" WIDTH="32"/>
						<String ID="P21_ST00026" HPOS="1311" VPOS="354" WIDTH="21" HEIGHT="36" CONTENT="à" WC="1.00" CC="0"/>
						<SP ID="P21_SP00024" HPOS="1332" VPOS="398" WIDTH="26"/>
						<String ID="P21_ST00027" HPOS="1358" VPOS="349" WIDTH="144" HEIGHT="42" CONTENT="Paris." WC="0.99" CC="040004"/>
						<SP ID="P21_SP00025" HPOS="1502" VPOS="398" WIDTH="27"/>
						<String ID="P21_ST00028" HPOS="1529" VPOS="348" WIDTH="128" HEIGHT="43" CONTENT="Nous" WC="0.99" CC="0060"/>
						<SP ID="P21_SP00026" HPOS="1657" VPOS="398" WIDTH="34"/>
						<String ID="P21_ST00029" HPOS="1691" VPOS="363" WIDTH="139" HEIGHT="28" CONTENT="avons" WC="0.98" CC="06050"/>
						<SP ID="P21_SP00027" HPOS="1830" VPOS="398" WIDTH="23"/>
						<String ID="P21_ST00030" HPOS="1853" VPOS="350" WIDTH="98" HEIGHT="53" CONTENT="déjà" WC="0.98" CC="0704"/>
						<SP ID="P21_SP00028" HPOS="1951" VPOS="403" WIDTH="37"/>
						<String ID="P21_ST00031" HPOS="1988" VPOS="351" WIDTH="127" HEIGHT="52" CONTENT="parlé" WC="0.98" CC="00326"/>
						<SP ID="P21_SP00029" HPOS="2115" VPOS="403" WIDTH="25"/>
						<String ID="P21_ST00032" HPOS="2140" VPOS="355" WIDTH="22" HEIGHT="36" CONTENT="à" WC="0.70" CC="2"/>
					</TextLine>
					<TextLine ID="P21_TL00005" HPOS="136" VPOS="414" WIDTH="692" HEIGHT="53">
						<String ID="P21_ST00033" HPOS="136" VPOS="427" WIDTH="85" HEIGHT="27" CONTENT="nos" WC="1.00" CC="000"/>
						<SP ID="P21_SP00030" HPOS="221" VPOS="454" WIDTH="24"/>
						<String ID="P21_ST00034" HPOS="245" VPOS="414" WIDTH="190" HEIGHT="40" CONTENT="lecteurs" WC="0.99" CC="30050300"/>
						<SP ID="P21_SP00031" HPOS="435" VPOS="454" WIDTH="25"/>
						<String ID="P21_ST00035" HPOS="460" VPOS="414" WIDTH="54" HEIGHT="40" CONTENT="de" WC="1.00" CC="00"/>
						<SP ID="P21_SP00032" HPOS="514" VPOS="454" WIDTH="24"/>
						<String ID="P21_ST00036" HPOS="538" VPOS="423" WIDTH="112" HEIGHT="32" CONTENT="cette" WC="0.99" CC="00350"/>
						<SP ID="P21_SP00033" HPOS="650" VPOS="455" WIDTH="21"/>
						<String ID="P21_ST00037" HPOS="671" VPOS="415" WIDTH="157" HEIGHT="52" CONTENT="harpe." WC="0.99" CC="030007"/>
					</TextLine>
					<TextLine ID="P21_TL00006" HPOS="191" VPOS="481" WIDTH="1976" HEIGHT="61">
						<String ID="P21_ST00038" HPOS="191" VPOS="481" WIDTH="275" HEIGHT="42" CONTENT="L'ancienne" WC="1.00" CC="5200020330"/>
						<SP ID="P21_SP00034" HPOS="466" VPOS="523" WIDTH="24"/>
						<String ID="P21_ST00039" HPOS="490" VPOS="483" WIDTH="141" HEIGHT="53" CONTENT="harpe" WC="1.00" CC="00000"/>
						<SP ID="P21_SP00035" HPOS="631" VPOS="536" WIDTH="33"/>
						<String ID="P21_ST00040" HPOS="664" VPOS="498" WIDTH="55" HEIGHT="26" CONTENT="ne" WC="0.67" CC="60"/>
						<SP ID="P21_SP00036" HPOS="719" VPOS="536" WIDTH="32"/>
						<String ID="P21_ST00041" HPOS="751" VPOS="486" WIDTH="194" HEIGHT="50" CONTENT="possède" WC="1.00" CC="0000700"/>
						<SP ID="P21_SP00037" HPOS="945" VPOS="536" WIDTH="35"/>
						<String ID="P21_ST00042" HPOS="980" VPOS="500" WIDTH="175" HEIGHT="27" CONTENT="comme" WC="1.00" CC="00000"/>
						<SP ID="P21_SP00038" HPOS="1155" VPOS="536" WIDTH="23"/>
						<String ID="P21_ST00043" HPOS="1178" VPOS="489" WIDTH="156" HEIGHT="40" CONTENT="cordes" WC="1.00" CC="000030"/>
						<SP ID="P21_SP00039" HPOS="1334" VPOS="536" WIDTH="25"/>
						<String ID="P21_ST00044" HPOS="1359" VPOS="502" WIDTH="87" HEIGHT="39" CONTENT="que" WC="0.98" CC="060"/>
						<SP ID="P21_SP00040" HPOS="1446" VPOS="541" WIDTH="32"/>
						<String ID="P21_ST00045" HPOS="1478" VPOS="489" WIDTH="41" HEIGHT="40" CONTENT="la" WC="0.98" CC="00"/>
						<SP ID="P21_SP00041" HPOS="1519" VPOS="541" WIDTH="29"/>
						<String ID="P21_ST00046" HPOS="1548" VPOS="502" WIDTH="181" HEIGHT="38" CONTENT="gamme" WC="0.99" CC="70000"/>
						<SP ID="P21_SP00042" HPOS="1729" VPOS="541" WIDTH="23"/>
						<String ID="P21_ST00047" HPOS="1752" VPOS="502" WIDTH="54" HEIGHT="27" CONTENT="en" WC="1.00" CC="00"/>
						<SP ID="P21_SP00043" HPOS="1806" VPOS="541" WIDTH="24"/>
						<String ID="P21_ST00048" HPOS="1830" VPOS="489" WIDTH="174" HEIGHT="53" CONTENT="majeur" WC="1.00" CC="002000"/>
						<SP ID="P21_SP00044" HPOS="2004" VPOS="542" WIDTH="17"/>
						<String ID="P21_ST00049" HPOS="2021" VPOS="500" WIDTH="9" HEIGHT="38" CONTENT=";" WC="0.25" CC="7"/>
						<SP ID="P21_SP00045" HPOS="2030" VPOS="542" WIDTH="22"/>
						<String ID="P21_ST00050" HPOS="2052" VPOS="502" WIDTH="115" HEIGHT="39" CONTENT="pour" WC="1.00" CC="0000"/>
					</TextLine>
					<TextLine ID="P21_TL00007" HPOS="139" VPOS="551" WIDTH="2019" HEIGHT="57">
						<String ID="P21_ST00051" HPOS="139" VPOS="551" WIDTH="175" HEIGHT="53" CONTENT="chaque" WC="1.00" CC="000000"/>
						<SP ID="P21_SP00046" HPOS="314" VPOS="604" WIDTH="32"/>
						<String ID="P21_ST00052" HPOS="346" VPOS="551" WIDTH="135" HEIGHT="41" CONTENT="corde" WC="1.00" CC="00000"/>
						<SP ID="P21_SP00047" HPOS="481" VPOS="604" WIDTH="18"/>
						<String ID="P21_ST00053" HPOS="499" VPOS="554" WIDTH="138" HEIGHT="38" CONTENT="existe" WC="0.99" CC="001040"/>
						<SP ID="P21_SP00048" HPOS="637" VPOS="604" WIDTH="24"/>
						<String ID="P21_ST00054" HPOS="661" VPOS="566" WIDTH="88" HEIGHT="27" CONTENT="une" WC="0.99" CC="030"/>
						<SP ID="P21_SP00049" HPOS="749" VPOS="604" WIDTH="42"/>
						<String ID="P21_ST00055" HPOS="791" VPOS="554" WIDTH="176" HEIGHT="52" CONTENT="pédale," WC="1.00" CC="0000004"/>
						<SP ID="P21_SP00050" HPOS="967" VPOS="606" WIDTH="27"/>
						<String ID="P21_ST00056" HPOS="994" VPOS="555" WIDTH="195" HEIGHT="53" CONTENT="laquelle" WC="1.00" CC="10000540"/>
						<SP ID="P21_SP00051" HPOS="1189" VPOS="608" WIDTH="23"/>
						<String ID="P21_ST00057" HPOS="1212" VPOS="555" WIDTH="80" HEIGHT="42" CONTENT="fait" WC="0.99" CC="0015"/>
						<SP ID="P21_SP00052" HPOS="1292" VPOS="608" WIDTH="37"/>
						<String ID="P21_ST00058" HPOS="1329" VPOS="566" WIDTH="177" HEIGHT="33" CONTENT="monter" WC="0.99" CC="005500"/>
						<SP ID="P21_SP00053" HPOS="1506" VPOS="608" WIDTH="22"/>
						<String ID="P21_ST00059" HPOS="1528" VPOS="558" WIDTH="40" HEIGHT="40" CONTENT="la" WC="0.94" CC="10"/>
						<SP ID="P21_SP00054" HPOS="1568" VPOS="608" WIDTH="31"/>
						<String ID="P21_ST00060" HPOS="1599" VPOS="567" WIDTH="103" HEIGHT="32" CONTENT="note" WC="0.99" CC="0050"/>
						<SP ID="P21_SP00055" HPOS="1702" VPOS="608" WIDTH="23"/>
						<String ID="P21_ST00061" HPOS="1725" VPOS="559" WIDTH="105" HEIGHT="40" CONTENT="d'un" WC="0.98" CC="0440"/>
						<SP ID="P21_SP00056" HPOS="1830" VPOS="608" WIDTH="28"/>
						<String ID="P21_ST00062" HPOS="1858" VPOS="559" WIDTH="69" HEIGHT="46" CONTENT="1/2" WC="0.82" CC="202"/>
						<SP ID="P21_SP00057" HPOS="1927" VPOS="608" WIDTH="37"/>
						<String ID="P21_ST00063" HPOS="1964" VPOS="566" WIDTH="92" HEIGHT="37" CONTENT="ton," WC="0.99" CC="0004"/>
						<SP ID="P21_SP00058" HPOS="2056" VPOS="608" WIDTH="28"/>
						<String ID="P21_ST00064" HPOS="2084" VPOS="571" WIDTH="74" HEIGHT="35" CONTENT="ou," WC="0.96" CC="054"/>
					</TextLine>
					<TextLine ID="P21_TL00008" HPOS="137" VPOS="618" WIDTH="2024" HEIGHT="62">
						<String ID="P21_ST00065" HPOS="137" VPOS="631" WIDTH="55" HEIGHT="29" CONTENT="en" WC="0.80" CC="30"/>
						<SP ID="P21_SP00059" HPOS="192" VPOS="660" WIDTH="21"/>
						<String ID="P21_ST00066" HPOS="213" VPOS="620" WIDTH="117" HEIGHT="52" CONTENT="plus," WC="0.99" CC="06004"/>
						<SP ID="P21_SP00060" HPOS="330" VPOS="672" WIDTH="27"/>
						<String ID="P21_ST00067" HPOS="357" VPOS="618" WIDTH="106" HEIGHT="43" CONTENT="d'un" WC="0.98" CC="0306"/>
						<SP ID="P21_SP00061" HPOS="463" VPOS="672" WIDTH="27"/>
						<String ID="P21_ST00068" HPOS="490" VPOS="629" WIDTH="126" HEIGHT="32" CONTENT="autre" WC="0.98" CC="06500"/>
						<SP ID="P21_SP00062" HPOS="616" VPOS="672" WIDTH="28"/>
						<String ID="P21_ST00069" HPOS="644" VPOS="621" WIDTH="69" HEIGHT="51" CONTENT="1/2" WC="0.99" CC="000"/>
						<SP ID="P21_SP00063" HPOS="713" VPOS="672" WIDTH="26"/>
						<String ID="P21_ST00070" HPOS="739" VPOS="631" WIDTH="92" HEIGHT="32" CONTENT="ton." WC="0.98" CC="0073"/>
						<SP ID="P21_SP00064" HPOS="831" VPOS="672" WIDTH="39"/>
						<String ID="P21_ST00071" HPOS="870" VPOS="622" WIDTH="160" HEIGHT="42" CONTENT="Foutes" WC="0.99" CC="704000"/>
						<SP ID="P21_SP00065" HPOS="1030" VPOS="672" WIDTH="23"/>
						<String ID="P21_ST00072" HPOS="1053" VPOS="638" WIDTH="72" HEIGHT="26" CONTENT="ces" WC="1.00" CC="000"/>
						<SP ID="P21_SP00066" HPOS="1125" VPOS="672" WIDTH="19"/>
						<String ID="P21_ST00073" HPOS="1144" VPOS="625" WIDTH="183" HEIGHT="52" CONTENT="pédales" WC="1.00" CC="0000200"/>
						<SP ID="P21_SP00067" HPOS="1327" VPOS="677" WIDTH="25"/>
						<String ID="P21_ST00074" HPOS="1352" VPOS="632" WIDTH="88" HEIGHT="35" CONTENT="très" WC="0.98" CC="3070"/>
						<SP ID="P21_SP00068" HPOS="1440" VPOS="677" WIDTH="19"/>
						<String ID="P21_ST00075" HPOS="1459" VPOS="628" WIDTH="312" HEIGHT="40" CONTENT="incommodes" WC="1.00" CC="0000000000"/>
						<SP ID="P21_SP00069" HPOS="1771" VPOS="677" WIDTH="17"/>
						<String ID="P21_ST00076" HPOS="1788" VPOS="636" WIDTH="42" HEIGHT="32" CONTENT="et" WC="0.71" CC="05"/>
						<SP ID="P21_SP00070" HPOS="1830" VPOS="677" WIDTH="24"/>
						<String ID="P21_ST00077" HPOS="1854" VPOS="628" WIDTH="75" HEIGHT="52" CONTENT="qui" WC="0.97" CC="044"/>
						<SP ID="P21_SP00071" HPOS="1929" VPOS="680" WIDTH="33"/>
						<String ID="P21_ST00078" HPOS="1962" VPOS="628" WIDTH="199" HEIGHT="50" CONTENT="exigent," WC="0.99" CC="01190244"/>
					</TextLine>
					<TextLine ID="P21_TL00009" HPOS="134" VPOS="689" WIDTH="2030" HEIGHT="60">
						<String ID="P21_ST00079" HPOS="134" VPOS="702" WIDTH="83" HEIGHT="39" CONTENT="par" WC="1.00" CC="000"/>
						<SP ID="P21_SP00072" HPOS="217" VPOS="741" WIDTH="22"/>
						<String ID="P21_ST00080" HPOS="239" VPOS="689" WIDTH="203" HEIGHT="53" CONTENT="exemple" WC="1.00" CC="0000010"/>
						<SP ID="P21_SP00073" HPOS="442" VPOS="742" WIDTH="33"/>
						<String ID="P21_ST00081" HPOS="475" VPOS="690" WIDTH="116" HEIGHT="41" CONTENT="dans" WC="1.00" CC="0000"/>
						<SP ID="P21_SP00074" HPOS="591" VPOS="742" WIDTH="31"/>
						<String ID="P21_ST00082" HPOS="622" VPOS="690" WIDTH="39" HEIGHT="41" CONTENT="la" WC="0.81" CC="30"/>
						<SP ID="P21_SP00075" HPOS="661" VPOS="742" WIDTH="39"/>
						<String ID="P21_ST00083" HPOS="700" VPOS="689" WIDTH="300" HEIGHT="44" CONTENT="Chevauchée" WC="1.00" CC="0000000060"/>
						<SP ID="P21_SP00076" HPOS="1000" VPOS="742" WIDTH="33"/>
						<String ID="P21_ST00084" HPOS="1033" VPOS="693" WIDTH="54" HEIGHT="40" CONTENT="de" WC="1.00" CC="00"/>
						<SP ID="P21_SP00077" HPOS="1087" VPOS="742" WIDTH="25"/>
						<String ID="P21_ST00085" HPOS="1112" VPOS="694" WIDTH="39" HEIGHT="39" CONTENT="la" WC="0.74" CC="50"/>
						<SP ID="P21_SP00078" HPOS="1151" VPOS="742" WIDTH="32"/>
						<String ID="P21_ST00086" HPOS="1183" VPOS="693" WIDTH="223" HEIGHT="54" CONTENT="Walkyne" WC="0.69" CC="1505080" STYLEREFS="TXT_3"/>
						<String ID="P21_ST00087" HPOS="1414" VPOS="726" WIDTH="8" HEIGHT="17" CONTENT="," WC="0.59" CC="4"/>
						<SP ID="P21_SP00079" HPOS="1422" VPOS="747" WIDTH="25"/>
						<String ID="P21_ST00088" HPOS="1447" VPOS="709" WIDTH="87" HEIGHT="26" CONTENT="une" WC="0.99" CC="030"/>
						<SP ID="P21_SP00080" HPOS="1534" VPOS="747" WIDTH="21"/>
						<String ID="P21_ST00089" HPOS="1555" VPOS="698" WIDTH="322" HEIGHT="51" CONTENT="gymnastique" WC="1.00" CC="00000003010"/>
						<SP ID="P21_SP00081" HPOS="1877" VPOS="749" WIDTH="43"/>
						<String ID="P21_ST00090" HPOS="1920" VPOS="696" WIDTH="77" HEIGHT="41" CONTENT="des" WC="1.00" CC="000"/>
						<SP ID="P21_SP00082" HPOS="1997" VPOS="749" WIDTH="38"/>
						<String ID="P21_ST00091" HPOS="2035" VPOS="696" WIDTH="129" HEIGHT="53" CONTENT="pieds" WC="0.99" CC="01006"/>
					</TextLine>
					<TextLine ID="P21_TL00010" HPOS="137" VPOS="759" WIDTH="2020" HEIGHT="57">
						<String ID="P21_ST00092" HPOS="137" VPOS="764" WIDTH="88" HEIGHT="35" CONTENT="très" WC="0.98" CC="4070"/>
						<SP ID="P21_SP00083" HPOS="225" VPOS="799" WIDTH="20"/>
						<String ID="P21_ST00093" HPOS="245" VPOS="759" WIDTH="302" HEIGHT="50" CONTENT="dangereuse," WC="1.00" CC="00500000000"/>
						<SP ID="P21_SP00084" HPOS="547" VPOS="809" WIDTH="23"/>
						<String ID="P21_ST00094" HPOS="570" VPOS="769" WIDTH="102" HEIGHT="31" CONTENT="sont" WC="1.00" CC="0020"/>
						<SP ID="P21_SP00085" HPOS="672" VPOS="809" WIDTH="22"/>
						<String ID="P21_ST00095" HPOS="694" VPOS="762" WIDTH="282" HEIGHT="51" CONTENT="supprimées" WC="1.00" CC="0000000600"/>
						<SP ID="P21_SP00086" HPOS="976" VPOS="813" WIDTH="34"/>
						<String ID="P21_ST00096" HPOS="1010" VPOS="766" WIDTH="22" HEIGHT="35" CONTENT="à" WC="0.71" CC="2"/>
						<SP ID="P21_SP00087" HPOS="1032" VPOS="813" WIDTH="26"/>
						<String ID="P21_ST00097" HPOS="1058" VPOS="762" WIDTH="40" HEIGHT="40" CONTENT="la" WC="0.96" CC="00"/>
						<SP ID="P21_SP00088" HPOS="1098" VPOS="813" WIDTH="25"/>
						<String ID="P21_ST00098" HPOS="1123" VPOS="762" WIDTH="209" HEIGHT="41" CONTENT="nouvelle" WC="1.00" CC="20000100"/>
						<SP ID="P21_SP00089" HPOS="1332" VPOS="813" WIDTH="25"/>
						<String ID="P21_ST00099" HPOS="1357" VPOS="763" WIDTH="138" HEIGHT="53" CONTENT="harpe" WC="1.00" CC="00000"/>
						<SP ID="P21_SP00090" HPOS="1495" VPOS="816" WIDTH="19"/>
						<String ID="P21_ST00100" HPOS="1514" VPOS="775" WIDTH="9" HEIGHT="38" CONTENT=";" WC="1.00" CC="0"/>
						<SP ID="P21_SP00091" HPOS="1523" VPOS="816" WIDTH="26"/>
						<String ID="P21_ST00101" HPOS="1549" VPOS="764" WIDTH="84" HEIGHT="40" CONTENT="elle" WC="1.00" CC="0010"/>
						<SP ID="P21_SP00092" HPOS="1633" VPOS="816" WIDTH="25"/>
						<String ID="P21_ST00102" HPOS="1658" VPOS="780" WIDTH="20" HEIGHT="25" CONTENT="a" WC="1.00" CC="0"/>
						<SP ID="P21_SP00093" HPOS="1678" VPOS="816" WIDTH="26"/>
						<String ID="P21_ST00103" HPOS="1704" VPOS="764" WIDTH="183" HEIGHT="49" CONTENT="obtenu," WC="0.99" CC="0000504"/>
						<SP ID="P21_SP00094" HPOS="1887" VPOS="816" WIDTH="28"/>
						<String ID="P21_ST00104" HPOS="1915" VPOS="778" WIDTH="179" HEIGHT="28" CONTENT="comme" WC="1.00" CC="00000"/>
						<SP ID="P21_SP00095" HPOS="2094" VPOS="816" WIDTH="23"/>
						<String ID="P21_ST00105" HPOS="2117" VPOS="766" WIDTH="40" HEIGHT="40" CONTENT="le" WC="0.78" CC="40"/>
					</TextLine>
					<TextLine ID="P21_TL00011" HPOS="135" VPOS="828" WIDTH="2026" HEIGHT="58">
						<String ID="P21_ST00106" HPOS="135" VPOS="829" WIDTH="154" HEIGHT="51" CONTENT="piano," WC="1.00" CC="000004"/>
						<SP ID="P21_SP00096" HPOS="289" VPOS="880" WIDTH="27"/>
						<String ID="P21_ST00107" HPOS="316" VPOS="828" WIDTH="63" HEIGHT="40" CONTENT="les" WC="0.98" CC="400"/>
						<SP ID="P21_SP00097" HPOS="379" VPOS="880" WIDTH="29"/>
						<String ID="P21_ST00108" HPOS="408" VPOS="828" WIDTH="69" HEIGHT="51" CONTENT="1/2" WC="0.96" CC="100"/>
						<SP ID="P21_SP00098" HPOS="477" VPOS="880" WIDTH="20"/>
						<String ID="P21_ST00109" HPOS="497" VPOS="837" WIDTH="117" HEIGHT="32" CONTENT="tons." WC="0.99" CC="50004"/>
						<SP ID="P21_SP00099" HPOS="614" VPOS="880" WIDTH="23"/>
						<String ID="P21_ST00110" HPOS="637" VPOS="828" WIDTH="31" HEIGHT="40" CONTENT="Il" WC="1.00" CC="00"/>
						<SP ID="P21_SP00100" HPOS="668" VPOS="880" WIDTH="18"/>
						<String ID="P21_ST00111" HPOS="686" VPOS="838" WIDTH="66" HEIGHT="32" CONTENT="est" WC="0.98" CC="004"/>
						<SP ID="P21_SP00101" HPOS="752" VPOS="880" WIDTH="24"/>
						<String ID="P21_ST00112" HPOS="776" VPOS="828" WIDTH="128" HEIGHT="42" CONTENT="facile" WC="1.00" CC="000040"/>
						<SP ID="P21_SP00102" HPOS="904" VPOS="880" WIDTH="23"/>
						<String ID="P21_ST00113" HPOS="927" VPOS="830" WIDTH="55" HEIGHT="40" CONTENT="de" WC="1.00" CC="00"/>
						<SP ID="P21_SP00103" HPOS="982" VPOS="880" WIDTH="15"/>
						<String ID="P21_ST00114" HPOS="997" VPOS="832" WIDTH="100" HEIGHT="39" CONTENT="voir" WC="1.00" CC="0000"/>
						<SP ID="P21_SP00104" HPOS="1097" VPOS="880" WIDTH="20"/>
						<String ID="P21_ST00115" HPOS="1117" VPOS="844" WIDTH="102" HEIGHT="40" CONTENT="que," WC="0.98" CC="0403"/>
						<SP ID="P21_SP00105" HPOS="1219" VPOS="884" WIDTH="23"/>
						<String ID="P21_ST00116" HPOS="1242" VPOS="846" WIDTH="81" HEIGHT="38" CONTENT="par" WC="0.99" CC="020"/>
						<SP ID="P21_SP00106" HPOS="1323" VPOS="884" WIDTH="16"/>
						<String ID="P21_ST00117" HPOS="1339" VPOS="832" WIDTH="38" HEIGHT="40" CONTENT="le" WC="0.96" CC="00"/>
						<SP ID="P21_SP00107" HPOS="1377" VPOS="884" WIDTH="18"/>
						<String ID="P21_ST00118" HPOS="1395" VPOS="838" WIDTH="197" HEIGHT="47" CONTENT="système" WC="0.99" CC="0004700"/>
						<SP ID="P21_SP00108" HPOS="1592" VPOS="885" WIDTH="19"/>
						<String ID="P21_ST00119" HPOS="1611" VPOS="834" WIDTH="331" HEIGHT="52" CONTENT="chromatique," WC="1.00" CC="310000500004"/>
						<SP ID="P21_SP00109" HPOS="1942" VPOS="886" WIDTH="27"/>
						<String ID="P21_ST00120" HPOS="1969" VPOS="842" WIDTH="101" HEIGHT="33" CONTENT="tous" WC="0.99" CC="3000"/>
						<SP ID="P21_SP00110" HPOS="2070" VPOS="886" WIDTH="25"/>
						<String ID="P21_ST00121" HPOS="2095" VPOS="835" WIDTH="66" HEIGHT="40" CONTENT="les" WC="0.98" CC="400"/>
					</TextLine>
					<TextLine ID="P21_TL00012" HPOS="137" VPOS="896" WIDTH="1164" HEIGHT="57">
						<String ID="P21_ST00122" HPOS="137" VPOS="896" WIDTH="224" HEIGHT="41" CONTENT="obstacles" WC="1.00" CC="000400300"/>
						<SP ID="P21_SP00111" HPOS="361" VPOS="937" WIDTH="23"/>
						<String ID="P21_ST00123" HPOS="384" VPOS="897" WIDTH="55" HEIGHT="40" CONTENT="de" WC="1.00" CC="00"/>
						<SP ID="P21_SP00112" HPOS="439" VPOS="937" WIDTH="24"/>
						<String ID="P21_ST00124" HPOS="463" VPOS="897" WIDTH="250" HEIGHT="41" CONTENT="l'ancienne" WC="1.00" CC="0301020000"/>
						<SP ID="P21_SP00113" HPOS="713" VPOS="938" WIDTH="23"/>
						<String ID="P21_ST00125" HPOS="736" VPOS="899" WIDTH="140" HEIGHT="53" CONTENT="harpe" WC="1.00" CC="00000"/>
						<SP ID="P21_SP00114" HPOS="876" VPOS="952" WIDTH="30"/>
						<String ID="P21_ST00126" HPOS="906" VPOS="908" WIDTH="102" HEIGHT="33" CONTENT="sont" WC="1.00" CC="0000"/>
						<SP ID="P21_SP00115" HPOS="1008" VPOS="952" WIDTH="22"/>
						<String ID="P21_ST00127" HPOS="1030" VPOS="902" WIDTH="271" HEIGHT="51" CONTENT="supprimés." WC="1.00" CC="0000000704"/>
					</TextLine>
					<TextLine ID="P21_TL00013" HPOS="193" VPOS="963" WIDTH="1513" HEIGHT="60">
						<String ID="P21_ST00128" HPOS="193" VPOS="963" WIDTH="89" HEIGHT="43" CONTENT="Sur" WC="1.00" CC="000"/>
						<SP ID="P21_SP00116" HPOS="282" VPOS="1006" WIDTH="23"/>
						<String ID="P21_ST00129" HPOS="305" VPOS="966" WIDTH="40" HEIGHT="40" CONTENT="la" WC="0.86" CC="20"/>
						<SP ID="P21_SP00117" HPOS="345" VPOS="1006" WIDTH="18"/>
						<String ID="P21_ST00130" HPOS="363" VPOS="966" WIDTH="211" HEIGHT="40" CONTENT="nouvelle" WC="1.00" CC="20000050"/>
						<SP ID="P21_SP00118" HPOS="574" VPOS="1006" WIDTH="16"/>
						<String ID="P21_ST00131" HPOS="590" VPOS="967" WIDTH="154" HEIGHT="53" CONTENT="harpe," WC="0.99" CC="030004"/>
						<SP ID="P21_SP00119" HPOS="744" VPOS="1020" WIDTH="26"/>
						<String ID="P21_ST00132" HPOS="770" VPOS="968" WIDTH="28" HEIGHT="40" CONTENT="il" WC="0.65" CC="15"/>
						<SP ID="P21_SP00120" HPOS="798" VPOS="1020" WIDTH="19"/>
						<String ID="P21_ST00133" HPOS="817" VPOS="968" WIDTH="72" HEIGHT="53" CONTENT="n'y" WC="0.96" CC="640"/>
						<SP ID="P21_SP00121" HPOS="889" VPOS="1021" WIDTH="24"/>
						<String ID="P21_ST00134" HPOS="913" VPOS="983" WIDTH="21" HEIGHT="26" CONTENT="a" WC="1.00" CC="0"/>
						<SP ID="P21_SP00122" HPOS="934" VPOS="1021" WIDTH="26"/>
						<String ID="P21_ST00135" HPOS="960" VPOS="969" WIDTH="102" HEIGHT="52" CONTENT="plus" WC="1.00" CC="0100"/>
						<SP ID="P21_SP00123" HPOS="1062" VPOS="1021" WIDTH="25"/>
						<String ID="P21_ST00136" HPOS="1087" VPOS="971" WIDTH="94" HEIGHT="39" CONTENT="rien" WC="0.98" CC="0204"/>
						<SP ID="P21_SP00124" HPOS="1181" VPOS="1021" WIDTH="21"/>
						<String ID="P21_ST00137" HPOS="1202" VPOS="971" WIDTH="75" HEIGHT="52" CONTENT="qui" WC="0.99" CC="020"/>
						<SP ID="P21_SP00125" HPOS="1277" VPOS="1023" WIDTH="25"/>
						<String ID="P21_ST00138" HPOS="1302" VPOS="972" WIDTH="85" HEIGHT="39" CONTENT="soit" WC="0.99" CC="0004"/>
						<SP ID="P21_SP00126" HPOS="1387" VPOS="1023" WIDTH="32"/>
						<String ID="P21_ST00139" HPOS="1419" VPOS="969" WIDTH="287" HEIGHT="54" CONTENT="impossible." WC="1.00" CC="30010020200"/>
					</TextLine>
					<TextLine ID="P21_TL00014" HPOS="190" VPOS="1033" WIDTH="1971" HEIGHT="59">
						<String ID="P21_ST00140" HPOS="190" VPOS="1033" WIDTH="329" HEIGHT="43" CONTENT="L'instrument" WC="1.00" CC="012600000024"/>
						<SP ID="P21_SP00127" HPOS="519" VPOS="1076" WIDTH="21"/>
						<String ID="P21_ST00141" HPOS="540" VPOS="1050" WIDTH="21" HEIGHT="26" CONTENT="a" WC="1.00" CC="0"/>
						<SP ID="P21_SP00128" HPOS="561" VPOS="1076" WIDTH="27"/>
						<String ID="P21_ST00142" HPOS="588" VPOS="1034" WIDTH="78" HEIGHT="43" CONTENT="fait" WC="0.99" CC="0005"/>
						<SP ID="P21_SP00129" HPOS="666" VPOS="1077" WIDTH="25"/>
						<String ID="P21_ST00143" HPOS="691" VPOS="1039" WIDTH="121" HEIGHT="38" CONTENT="aussi" WC="0.99" CC="05000"/>
						<SP ID="P21_SP00130" HPOS="812" VPOS="1077" WIDTH="25"/>
						<String ID="P21_ST00144" HPOS="837" VPOS="1039" WIDTH="230" HEIGHT="40" CONTENT="sensation" WC="0.99" CC="073000502"/>
						<SP ID="P21_SP00131" HPOS="1067" VPOS="1079" WIDTH="36"/>
						<String ID="P21_ST00145" HPOS="1103" VPOS="1041" WIDTH="144" HEIGHT="50" CONTENT="parmi" WC="1.00" CC="00000"/>
						<SP ID="P21_SP00132" HPOS="1247" VPOS="1091" WIDTH="25"/>
						<String ID="P21_ST00146" HPOS="1272" VPOS="1039" WIDTH="62" HEIGHT="41" CONTENT="les" WC="0.98" CC="500"/>
						<SP ID="P21_SP00133" HPOS="1334" VPOS="1091" WIDTH="33"/>
						<String ID="P21_ST00147" HPOS="1367" VPOS="1039" WIDTH="229" HEIGHT="53" CONTENT="harpistes" WC="1.00" CC="000020400"/>
						<SP ID="P21_SP00134" HPOS="1596" VPOS="1092" WIDTH="37"/>
						<String ID="P21_ST00148" HPOS="1633" VPOS="1048" WIDTH="40" HEIGHT="32" CONTENT="et" WC="1.00" CC="00"/>
						<SP ID="P21_SP00135" HPOS="1673" VPOS="1092" WIDTH="40"/>
						<String ID="P21_ST00149" HPOS="1713" VPOS="1048" WIDTH="226" HEIGHT="31" CONTENT="amateurs" WC="1.00" CC="40040000"/>
						<SP ID="P21_SP00136" HPOS="1939" VPOS="1092" WIDTH="38"/>
						<String ID="P21_ST00150" HPOS="1977" VPOS="1039" WIDTH="90" HEIGHT="41" CONTENT="lors" WC="0.99" CC="5000"/>
						<SP ID="P21_SP00137" HPOS="2067" VPOS="1092" WIDTH="34"/>
						<String ID="P21_ST00151" HPOS="2101" VPOS="1041" WIDTH="60" HEIGHT="40" CONTENT="du" WC="1.00" CC="00"/>
					</TextLine>
					<TextLine ID="P21_TL00015" HPOS="134" VPOS="1103" WIDTH="790" HEIGHT="45">
						<String ID="P21_ST00152" HPOS="134" VPOS="1103" WIDTH="178" HEIGHT="42" CONTENT="festival" WC="1.00" CC="00050000"/>
						<SP ID="P21_SP00138" HPOS="312" VPOS="1145" WIDTH="24"/>
						<String ID="P21_ST00153" HPOS="336" VPOS="1104" WIDTH="54" HEIGHT="41" CONTENT="de" WC="1.00" CC="00"/>
						<SP ID="P21_SP00139" HPOS="390" VPOS="1145" WIDTH="25"/>
						<String ID="P21_ST00154" HPOS="415" VPOS="1104" WIDTH="509" HEIGHT="44" CONTENT="Francfort-sur-Mein." WC="0.84" CC="6003000004000500073"/>
					</TextLine>
					<TextLine ID="P21_TL00016" HPOS="276" VPOS="1173" WIDTH="1885" HEIGHT="57">
						<String ID="P21_ST00155" HPOS="276" VPOS="1173" WIDTH="277" HEIGHT="42" CONTENT="Traduction" WC="0.99" CC="0000015506"/>
						<SP ID="P21_SP00140" HPOS="553" VPOS="1215" WIDTH="17"/>
						<String ID="P21_ST00156" HPOS="570" VPOS="1175" WIDTH="59" HEIGHT="40" CONTENT="du" WC="1.00" CC="00"/>
						<SP ID="P21_SP00141" HPOS="629" VPOS="1215" WIDTH="25"/>
						<String ID="P21_ST00157" HPOS="654" VPOS="1176" WIDTH="177" HEIGHT="48" CONTENT="journal" WC="0.99" CC="1000544"/>
						<SP ID="P21_SP00142" HPOS="831" VPOS="1224" WIDTH="22"/>
						<String ID="P21_ST00158" HPOS="853" VPOS="1176" WIDTH="225" HEIGHT="40" CONTENT="Aachener" WC="0.71" CC="06506310" STYLEREFS="TXT_3"/>
						<SP ID="P21_SP00143" HPOS="1078" VPOS="1224" WIDTH="18"/>
						<String ID="P21_ST00159" HPOS="1096" VPOS="1176" WIDTH="123" HEIGHT="51" CONTENT="Post," WC="0.45" CC="52629" STYLEREFS="TXT_3"/>
						<SP ID="P21_SP00144" HPOS="1219" VPOS="1227" WIDTH="20"/>
						<String ID="P21_ST00160" HPOS="1239" VPOS="1176" WIDTH="416" HEIGHT="54" CONTENT="Aix-la-Chapelle," WC="1.00" CC="0204401002000003"/>
						<SP ID="P21_SP00145" HPOS="1655" VPOS="1230" WIDTH="27"/>
						<String ID="P21_ST00161" HPOS="1682" VPOS="1181" WIDTH="47" HEIGHT="37" CONTENT="16" WC="0.96" CC="00"/>
						<SP ID="P21_SP00146" HPOS="1729" VPOS="1230" WIDTH="24"/>
						<String ID="P21_ST00162" HPOS="1753" VPOS="1178" WIDTH="91" HEIGHT="52" CONTENT="juin" WC="0.99" CC="0600"/>
						<SP ID="P21_SP00147" HPOS="1844" VPOS="1230" WIDTH="30"/>
						<String ID="P21_ST00163" HPOS="1874" VPOS="1190" WIDTH="120" HEIGHT="40" CONTENT="1904." WC="0.62" CC="53054"/>
						<SP ID="P21_SP00148" HPOS="1994" VPOS="1230" WIDTH="27"/>
						<String ID="P21_ST00164" HPOS="2021" VPOS="1176" WIDTH="112" HEIGHT="53" CONTENT="Quoi" SUBS_TYPE="HypPart1" SUBS_CONTENT="Quoique" WC="0.98" CC="0504"/>
						<HYP HPOS="2133" VPOS="1176" WIDTH="28" CONTENT="-"/>
					</TextLine>
					<TextLine ID="P21_TL00017" HPOS="137" VPOS="1243" WIDTH="2022" HEIGHT="57">
						<String ID="P21_ST00165" HPOS="137" VPOS="1256" WIDTH="87" HEIGHT="40" CONTENT="que" SUBS_TYPE="HypPart2" SUBS_CONTENT="Quoique" WC="0.99" CC="020"/>
						<SP ID="P21_SP00149" HPOS="224" VPOS="1296" WIDTH="35"/>
						<String ID="P21_ST00166" HPOS="259" VPOS="1243" WIDTH="40" HEIGHT="40" CONTENT="le" WC="0.75" CC="40"/>
						<SP ID="P21_SP00150" HPOS="299" VPOS="1296" WIDTH="20"/>
						<String ID="P21_ST00167" HPOS="319" VPOS="1256" WIDTH="291" HEIGHT="40" CONTENT="programme" WC="1.00" CC="000000000"/>
						<SP ID="P21_SP00151" HPOS="610" VPOS="1296" WIDTH="26"/>
						<String ID="P21_ST00168" HPOS="636" VPOS="1244" WIDTH="59" HEIGHT="41" CONTENT="du" WC="1.00" CC="00"/>
						<SP ID="P21_SP00152" HPOS="695" VPOS="1296" WIDTH="24"/>
						<String ID="P21_ST00169" HPOS="719" VPOS="1255" WIDTH="177" HEIGHT="32" CONTENT="concert" WC="1.00" CC="0020000"/>
						<SP ID="P21_SP00153" HPOS="896" VPOS="1296" WIDTH="24"/>
						<String ID="P21_ST00170" HPOS="920" VPOS="1246" WIDTH="336" HEIGHT="54" CONTENT="symphonique" WC="0.99" CC="00000000010"/>
						<SP ID="P21_SP00154" HPOS="1256" VPOS="1300" WIDTH="23"/>
						<String ID="P21_ST00171" HPOS="1279" VPOS="1246" WIDTH="142" HEIGHT="42" CONTENT="d'hier" WC="1.00" CC="000000"/>
						<SP ID="P21_SP00155" HPOS="1421" VPOS="1300" WIDTH="19"/>
						<String ID="P21_ST00172" HPOS="1440" VPOS="1246" WIDTH="65" HEIGHT="42" CONTENT="fût" WC="0.96" CC="064"/>
						<SP ID="P21_SP00156" HPOS="1505" VPOS="1300" WIDTH="25"/>
						<String ID="P21_ST00173" HPOS="1530" VPOS="1260" WIDTH="114" HEIGHT="40" CONTENT="pour" WC="0.99" CC="0050"/>
						<SP ID="P21_SP00157" HPOS="1644" VPOS="1300" WIDTH="35"/>
						<String ID="P21_ST00174" HPOS="1679" VPOS="1246" WIDTH="63" HEIGHT="41" CONTENT="les" WC="0.99" CC="200"/>
						<SP ID="P21_SP00158" HPOS="1742" VPOS="1300" WIDTH="36"/>
						<String ID="P21_ST00175" HPOS="1778" VPOS="1248" WIDTH="115" HEIGHT="39" CONTENT="amis" WC="1.00" CC="0000"/>
						<SP ID="P21_SP00159" HPOS="1893" VPOS="1300" WIDTH="21"/>
						<String ID="P21_ST00176" HPOS="1914" VPOS="1247" WIDTH="53" HEIGHT="40" CONTENT="de" WC="1.00" CC="00"/>
						<SP ID="P21_SP00160" HPOS="1967" VPOS="1300" WIDTH="25"/>
						<String ID="P21_ST00177" HPOS="1992" VPOS="1247" WIDTH="38" HEIGHT="40" CONTENT="la" WC="1.00" CC="00"/>
						<SP ID="P21_SP00161" HPOS="2030" VPOS="1300" WIDTH="27"/>
						<String ID="P21_ST00178" HPOS="2057" VPOS="1261" WIDTH="68" HEIGHT="27" CONTENT="mu" SUBS_TYPE="HypPart1" SUBS_CONTENT="musique" WC="0.98" CC="00"/>
						<HYP HPOS="2125" VPOS="1261" WIDTH="34" CONTENT="-"/>
					</TextLine>
					<TextLine ID="P21_TL00018" HPOS="137" VPOS="1312" WIDTH="2024" HEIGHT="56">
						<String ID="P21_ST00179" HPOS="137" VPOS="1314" WIDTH="129" HEIGHT="50" CONTENT="sique" SUBS_TYPE="HypPart2" SUBS_CONTENT="musique" WC="1.00" CC="00000"/>
						<SP ID="P21_SP00162" HPOS="266" VPOS="1364" WIDTH="29"/>
						<String ID="P21_ST00180" HPOS="295" VPOS="1312" WIDTH="98" HEIGHT="53" CONTENT="déjà" WC="0.99" CC="0013"/>
						<SP ID="P21_SP00163" HPOS="393" VPOS="1365" WIDTH="26"/>
						<String ID="P21_ST00181" HPOS="419" VPOS="1318" WIDTH="88" HEIGHT="35" CONTENT="très" WC="0.97" CC="4070"/>
						<SP ID="P21_SP00164" HPOS="507" VPOS="1365" WIDTH="25"/>
						<String ID="P21_ST00182" HPOS="532" VPOS="1314" WIDTH="288" HEIGHT="48" CONTENT="intéressant," WC="0.99" CC="365600000554"/>
						<SP ID="P21_SP00165" HPOS="820" VPOS="1365" WIDTH="44"/>
						<String ID="P21_ST00183" HPOS="864" VPOS="1315" WIDTH="270" HEIGHT="42" CONTENT="l'attraction" WC="1.00" CC="300540000300"/>
						<SP ID="P21_SP00166" HPOS="1134" VPOS="1365" WIDTH="24"/>
						<String ID="P21_ST00184" HPOS="1158" VPOS="1317" WIDTH="106" HEIGHT="40" CONTENT="était" WC="1.00" CC="00010"/>
						<SP ID="P21_SP00167" HPOS="1264" VPOS="1365" WIDTH="23"/>
						<String ID="P21_ST00185" HPOS="1287" VPOS="1330" WIDTH="161" HEIGHT="27" CONTENT="encore" WC="1.00" CC="000000"/>
						<SP ID="P21_SP00168" HPOS="1448" VPOS="1365" WIDTH="24"/>
						<String ID="P21_ST00186" HPOS="1472" VPOS="1321" WIDTH="269" HEIGHT="46" CONTENT="augmentée" WC="1.00" CC="070000500"/>
						<SP ID="P21_SP00169" HPOS="1741" VPOS="1367" WIDTH="24"/>
						<String ID="P21_ST00187" HPOS="1765" VPOS="1330" WIDTH="82" HEIGHT="38" CONTENT="par" WC="1.00" CC="000"/>
						<SP ID="P21_SP00170" HPOS="1847" VPOS="1368" WIDTH="32"/>
						<String ID="P21_ST00188" HPOS="1879" VPOS="1316" WIDTH="40" HEIGHT="40" CONTENT="le" WC="0.86" CC="20"/>
						<SP ID="P21_SP00171" HPOS="1919" VPOS="1368" WIDTH="23"/>
						<String ID="P21_ST00189" HPOS="1942" VPOS="1329" WIDTH="219" HEIGHT="28" CONTENT="concours" WC="1.00" CC="00000004"/>
					</TextLine>
					<TextLine ID="P21_TL00019" HPOS="136" VPOS="1379" WIDTH="937" HEIGHT="54">
						<String ID="P21_ST00190" HPOS="136" VPOS="1382" WIDTH="53" HEIGHT="39" CONTENT="de" WC="1.00" CC="00"/>
						<SP ID="P21_SP00172" HPOS="189" VPOS="1421" WIDTH="25"/>
						<String ID="P21_ST00191" HPOS="214" VPOS="1379" WIDTH="48" HEIGHT="41" CONTENT="M" WC="0.86" CC="1"/>
						<String ID="P21_ST00192" HPOS="266" VPOS="1385" WIDTH="49" HEIGHT="18" CONTENT="me" STYLE="superscript" WC="0.79" CC="04"/>
						<SP ID="P21_SP00173" HPOS="315" VPOS="1421" WIDTH="19"/>
						<String ID="P21_ST00193" HPOS="334" VPOS="1381" WIDTH="496" HEIGHT="52" CONTENT="Wurmser-Delcourt," WC="0.90" CC="00000000204000054"/>
						<SP ID="P21_SP00174" HPOS="830" VPOS="1433" WIDTH="24"/>
						<String ID="P21_ST00194" HPOS="854" VPOS="1384" WIDTH="54" HEIGHT="40" CONTENT="de" WC="1.00" CC="00"/>
						<SP ID="P21_SP00175" HPOS="908" VPOS="1433" WIDTH="20"/>
						<String ID="P21_ST00195" HPOS="928" VPOS="1384" WIDTH="145" HEIGHT="41" CONTENT="Paris." WC="0.99" CC="300044"/>
					</TextLine>
					<TextLine ID="P21_TL00020" HPOS="191" VPOS="1450" WIDTH="1966" HEIGHT="56">
						<String ID="P21_ST00196" HPOS="191" VPOS="1450" WIDTH="99" HEIGHT="41" CONTENT="Elle" WC="1.00" CC="0000"/>
						<SP ID="P21_SP00176" HPOS="290" VPOS="1491" WIDTH="25"/>
						<String ID="P21_ST00197" HPOS="315" VPOS="1465" WIDTH="21" HEIGHT="26" CONTENT="a" WC="1.00" CC="0"/>
						<SP ID="P21_SP00177" HPOS="336" VPOS="1491" WIDTH="26"/>
						<String ID="P21_ST00198" HPOS="362" VPOS="1451" WIDTH="102" HEIGHT="52" CONTENT="joué" WC="1.00" CC="2000"/>
						<SP ID="P21_SP00178" HPOS="464" VPOS="1503" WIDTH="21"/>
						<String ID="P21_ST00199" HPOS="485" VPOS="1464" WIDTH="77" HEIGHT="27" CONTENT="sur" WC="1.00" CC="000"/>
						<SP ID="P21_SP00179" HPOS="562" VPOS="1503" WIDTH="20"/>
						<String ID="P21_ST00200" HPOS="582" VPOS="1465" WIDTH="88" HEIGHT="26" CONTENT="une" WC="0.99" CC="010"/>
						<SP ID="P21_SP00180" HPOS="670" VPOS="1503" WIDTH="21"/>
						<String ID="P21_ST00201" HPOS="691" VPOS="1452" WIDTH="209" HEIGHT="41" CONTENT="nouvelle" WC="0.99" CC="00660320"/>
						<SP ID="P21_SP00181" HPOS="900" VPOS="1503" WIDTH="36"/>
						<String ID="P21_ST00202" HPOS="936" VPOS="1453" WIDTH="139" HEIGHT="52" CONTENT="harpe" WC="1.00" CC="00100"/>
						<SP ID="P21_SP00182" HPOS="1075" VPOS="1505" WIDTH="18"/>
						<String ID="P21_ST00203" HPOS="1093" VPOS="1467" WIDTH="105" HEIGHT="27" CONTENT="sans" WC="0.99" CC="0060"/>
						<SP ID="P21_SP00183" HPOS="1198" VPOS="1505" WIDTH="24"/>
						<String ID="P21_ST00204" HPOS="1222" VPOS="1454" WIDTH="197" HEIGHT="52" CONTENT="pédales." WC="1.00" CC="00004004"/>
						<SP ID="P21_SP00184" HPOS="1419" VPOS="1506" WIDTH="37"/>
						<String ID="P21_ST00205" HPOS="1456" VPOS="1452" WIDTH="64" HEIGHT="41" CONTENT="La" WC="0.64" CC="33"/>
						<SP ID="P21_SP00185" HPOS="1520" VPOS="1506" WIDTH="21"/>
						<String ID="P21_ST00206" HPOS="1541" VPOS="1452" WIDTH="280" HEIGHT="41" CONTENT="satisfaction" WC="1.00" CC="000200005008"/>
						<SP ID="P21_SP00186" HPOS="1821" VPOS="1506" WIDTH="21"/>
						<String ID="P21_ST00207" HPOS="1842" VPOS="1467" WIDTH="54" HEIGHT="26" CONTENT="en" WC="1.00" CC="00"/>
						<SP ID="P21_SP00187" HPOS="1896" VPOS="1506" WIDTH="22"/>
						<String ID="P21_ST00208" HPOS="1918" VPOS="1467" WIDTH="20" HEIGHT="26" CONTENT="a" WC="1.00" CC="0"/>
						<SP ID="P21_SP00188" HPOS="1938" VPOS="1506" WIDTH="26"/>
						<String ID="P21_ST00209" HPOS="1964" VPOS="1458" WIDTH="69" HEIGHT="35" CONTENT="été" WC="0.98" CC="050"/>
						<SP ID="P21_SP00189" HPOS="2033" VPOS="1506" WIDTH="35"/>
						<String ID="P21_ST00210" HPOS="2068" VPOS="1458" WIDTH="89" HEIGHT="35" CONTENT="très" WC="0.97" CC="6070"/>
					</TextLine>
					<TextLine ID="P21_TL00021" HPOS="134" VPOS="1518" WIDTH="2026" HEIGHT="57">
						<String ID="P21_ST00211" HPOS="134" VPOS="1520" WIDTH="188" HEIGHT="50" CONTENT="grande." WC="1.00" CC="0000003"/>
						<SP ID="P21_SP00190" HPOS="322" VPOS="1570" WIDTH="26"/>
						<String ID="P21_ST00212" HPOS="348" VPOS="1518" WIDTH="64" HEIGHT="42" CONTENT="La" WC="1.00" CC="00"/>
						<SP ID="P21_SP00191" HPOS="412" VPOS="1570" WIDTH="20"/>
						<String ID="P21_ST00213" HPOS="432" VPOS="1520" WIDTH="428" HEIGHT="53" CONTENT="harpiste-virtuose" WC="1.00" CC="00003000202040000"/>
						<SP ID="P21_SP00192" HPOS="860" VPOS="1573" WIDTH="24"/>
						<String ID="P21_ST00214" HPOS="884" VPOS="1535" WIDTH="114" HEIGHT="28" CONTENT="nous" WC="0.99" CC="3003"/>
						<SP ID="P21_SP00193" HPOS="998" VPOS="1573" WIDTH="19"/>
						<String ID="P21_ST00215" HPOS="1017" VPOS="1537" WIDTH="21" HEIGHT="25" CONTENT="a" WC="1.00" CC="0"/>
						<SP ID="P21_SP00194" HPOS="1038" VPOS="1573" WIDTH="26"/>
						<String ID="P21_ST00216" HPOS="1064" VPOS="1531" WIDTH="176" HEIGHT="32" CONTENT="surtout" WC="0.99" CC="0005005"/>
						<SP ID="P21_SP00195" HPOS="1240" VPOS="1573" WIDTH="23"/>
						<String ID="P21_ST00217" HPOS="1263" VPOS="1523" WIDTH="149" HEIGHT="40" CONTENT="donné" WC="0.99" CC="00306"/>
						<SP ID="P21_SP00196" HPOS="1412" VPOS="1573" WIDTH="36"/>
						<String ID="P21_ST00218" HPOS="1448" VPOS="1523" WIDTH="374" HEIGHT="52" CONTENT="l'interprétation" WC="1.00" CC="3210000000002300"/>
						<SP ID="P21_SP00197" HPOS="1822" VPOS="1575" WIDTH="31"/>
						<String ID="P21_ST00219" HPOS="1853" VPOS="1523" WIDTH="57" HEIGHT="40" CONTENT="du" WC="0.77" CC="04"/>
						<SP ID="P21_SP00198" HPOS="1910" VPOS="1575" WIDTH="25"/>
						<String ID="P21_ST00220" HPOS="1935" VPOS="1521" WIDTH="225" HEIGHT="42" CONTENT="Concerto" WC="0.99" CC="20500050"/>
					</TextLine>
					<TextLine ID="P21_TL00022" HPOS="137" VPOS="1589" WIDTH="2018" HEIGHT="55">
						<String ID="P21_ST00221" HPOS="137" VPOS="1601" WIDTH="115" HEIGHT="40" CONTENT="pour" WC="0.99" CC="0030"/>
						<SP ID="P21_SP00199" HPOS="252" VPOS="1641" WIDTH="31"/>
						<String ID="P21_ST00222" HPOS="283" VPOS="1589" WIDTH="108" HEIGHT="40" CONTENT="flûte" WC="0.97" CC="77450"/>
						<SP ID="P21_SP00200" HPOS="391" VPOS="1641" WIDTH="24"/>
						<String ID="P21_ST00223" HPOS="415" VPOS="1597" WIDTH="41" HEIGHT="32" CONTENT="et" WC="1.00" CC="00"/>
						<SP ID="P21_SP00201" HPOS="456" VPOS="1641" WIDTH="23"/>
						<String ID="P21_ST00224" HPOS="479" VPOS="1589" WIDTH="140" HEIGHT="53" CONTENT="harpe" WC="1.00" CC="00000"/>
						<SP ID="P21_SP00202" HPOS="619" VPOS="1642" WIDTH="23"/>
						<String ID="P21_ST00225" HPOS="642" VPOS="1590" WIDTH="54" HEIGHT="40" CONTENT="de" WC="1.00" CC="00"/>
						<SP ID="P21_SP00203" HPOS="696" VPOS="1642" WIDTH="17"/>
						<String ID="P21_ST00226" HPOS="713" VPOS="1589" WIDTH="190" HEIGHT="46" CONTENT="Mozart," WC="1.00" CC="0010003"/>
						<SP ID="P21_SP00204" HPOS="903" VPOS="1642" WIDTH="24"/>
						<String ID="P21_ST00227" HPOS="927" VPOS="1604" WIDTH="87" HEIGHT="28" CONTENT="une" WC="0.99" CC="020"/>
						<SP ID="P21_SP00205" HPOS="1014" VPOS="1642" WIDTH="23"/>
						<String ID="P21_ST00228" HPOS="1037" VPOS="1605" WIDTH="155" HEIGHT="27" CONTENT="œuvre" WC="0.99" CC="05000"/>
						<SP ID="P21_SP00206" HPOS="1192" VPOS="1642" WIDTH="15"/>
						<String ID="P21_ST00229" HPOS="1207" VPOS="1592" WIDTH="108" HEIGHT="40" CONTENT="dont" WC="1.00" CC="0000"/>
						<SP ID="P21_SP00207" HPOS="1315" VPOS="1642" WIDTH="17"/>
						<String ID="P21_ST00230" HPOS="1332" VPOS="1592" WIDTH="64" HEIGHT="40" CONTENT="les" WC="0.98" CC="500"/>
						<SP ID="P21_SP00208" HPOS="1396" VPOS="1642" WIDTH="20"/>
						<String ID="P21_ST00231" HPOS="1416" VPOS="1592" WIDTH="188" HEIGHT="52" CONTENT="phrases" WC="1.00" CC="0000000"/>
						<SP ID="P21_SP00209" HPOS="1604" VPOS="1644" WIDTH="26"/>
						<String ID="P21_ST00232" HPOS="1630" VPOS="1597" WIDTH="89" HEIGHT="35" CONTENT="très" WC="0.98" CC="2070"/>
						<SP ID="P21_SP00210" HPOS="1719" VPOS="1644" WIDTH="19"/>
						<String ID="P21_ST00233" HPOS="1738" VPOS="1590" WIDTH="417" HEIGHT="53" CONTENT="compréhensibles" WC="1.00" CC="000006000000400"/>
					</TextLine>
					<TextLine ID="P21_TL00023" HPOS="134" VPOS="1658" WIDTH="2023" HEIGHT="55">
						<String ID="P21_ST00234" HPOS="134" VPOS="1658" WIDTH="219" HEIGHT="52" CONTENT="forçaient" WC="1.00" CC="000100005"/>
						<SP ID="P21_SP00211" HPOS="353" VPOS="1710" WIDTH="23"/>
						<String ID="P21_ST00235" HPOS="376" VPOS="1672" WIDTH="114" HEIGHT="39" CONTENT="pour" WC="0.99" CC="0060"/>
						<SP ID="P21_SP00212" HPOS="490" VPOS="1711" WIDTH="25"/>
						<String ID="P21_ST00236" HPOS="515" VPOS="1661" WIDTH="114" HEIGHT="39" CONTENT="ainsi" WC="0.99" CC="02303"/>
						<SP ID="P21_SP00213" HPOS="629" VPOS="1711" WIDTH="25"/>
						<String ID="P21_ST00237" HPOS="654" VPOS="1659" WIDTH="93" HEIGHT="40" CONTENT="dire" WC="0.99" CC="0300"/>
						<SP ID="P21_SP00214" HPOS="747" VPOS="1711" WIDTH="33"/>
						<String ID="P21_ST00238" HPOS="780" VPOS="1658" WIDTH="268" HEIGHT="43" CONTENT="l'attention." WC="1.00" CC="230050010003"/>
						<SP ID="P21_SP00215" HPOS="1048" VPOS="1711" WIDTH="25"/>
						<String ID="P21_ST00239" HPOS="1073" VPOS="1660" WIDTH="193" HEIGHT="53" CONTENT="L'esprit" WC="1.00" CC="04020000"/>
						<SP ID="P21_SP00216" HPOS="1266" VPOS="1713" WIDTH="23"/>
						<String ID="P21_ST00240" HPOS="1289" VPOS="1661" WIDTH="55" HEIGHT="41" CONTENT="de" WC="1.00" CC="00"/>
						<SP ID="P21_SP00217" HPOS="1344" VPOS="1713" WIDTH="18"/>
						<String ID="P21_ST00241" HPOS="1362" VPOS="1660" WIDTH="190" HEIGHT="49" CONTENT="Mozart," WC="0.99" CC="0000053"/>
						<SP ID="P21_SP00218" HPOS="1552" VPOS="1713" WIDTH="25"/>
						<String ID="P21_ST00242" HPOS="1577" VPOS="1674" WIDTH="105" HEIGHT="28" CONTENT="avec" WC="1.00" CC="0000"/>
						<SP ID="P21_SP00219" HPOS="1682" VPOS="1713" WIDTH="16"/>
						<String ID="P21_ST00243" HPOS="1698" VPOS="1670" WIDTH="122" HEIGHT="32" CONTENT="toute" WC="0.98" CC="60440"/>
						<SP ID="P21_SP00220" HPOS="1820" VPOS="1713" WIDTH="23"/>
						<String ID="P21_ST00244" HPOS="1843" VPOS="1674" WIDTH="47" HEIGHT="26" CONTENT="sa" WC="1.00" CC="00"/>
						<SP ID="P21_SP00221" HPOS="1890" VPOS="1713" WIDTH="24"/>
						<String ID="P21_ST00245" HPOS="1914" VPOS="1658" WIDTH="243" HEIGHT="52" CONTENT="fraîcheur," WC="1.00" CC="0000010004"/>
					</TextLine>
					<TextLine ID="P21_TL00024" HPOS="134" VPOS="1729" WIDTH="988" HEIGHT="52">
						<String ID="P21_ST00246" HPOS="134" VPOS="1742" WIDTH="28" HEIGHT="38" CONTENT="y" WC="1.00" CC="0"/>
						<SP ID="P21_SP00222" HPOS="162" VPOS="1780" WIDTH="22"/>
						<String ID="P21_ST00247" HPOS="184" VPOS="1729" WIDTH="244" HEIGHT="52" CONTENT="paraissait" WC="1.00" CC="0001310020"/>
						<SP ID="P21_SP00223" HPOS="428" VPOS="1781" WIDTH="22"/>
						<String ID="P21_ST00248" HPOS="450" VPOS="1742" WIDTH="177" HEIGHT="26" CONTENT="comme" WC="1.00" CC="00000"/>
						<SP ID="P21_SP00224" HPOS="627" VPOS="1781" WIDTH="22"/>
						<String ID="P21_ST00249" HPOS="649" VPOS="1743" WIDTH="57" HEIGHT="25" CONTENT="un" WC="0.68" CC="06"/>
						<SP ID="P21_SP00225" HPOS="706" VPOS="1781" WIDTH="26"/>
						<String ID="P21_ST00250" HPOS="732" VPOS="1742" WIDTH="141" HEIGHT="39" CONTENT="rayon" WC="1.00" CC="00000"/>
						<SP ID="P21_SP00226" HPOS="873" VPOS="1781" WIDTH="27"/>
						<String ID="P21_ST00251" HPOS="900" VPOS="1730" WIDTH="54" HEIGHT="40" CONTENT="de" WC="1.00" CC="00"/>
						<SP ID="P21_SP00227" HPOS="954" VPOS="1781" WIDTH="24"/>
						<String ID="P21_ST00252" HPOS="978" VPOS="1729" WIDTH="144" HEIGHT="41" CONTENT="soleil." WC="0.99" CC="0000064"/>
					</TextLine>
					<TextLine ID="P21_TL00025" HPOS="189" VPOS="1796" WIDTH="1967" HEIGHT="55">
						<String ID="P21_ST00253" HPOS="189" VPOS="1796" WIDTH="47" HEIGHT="41" CONTENT="M" WC="1.00" CC="0"/>
						<String ID="P21_ST00254" HPOS="241" VPOS="1801" WIDTH="48" HEIGHT="18" CONTENT="me" STYLE="superscript" WC="0.91" CC="10"/>
						<SP ID="P21_SP00228" HPOS="289" VPOS="1837" WIDTH="20"/>
						<String ID="P21_ST00255" HPOS="309" VPOS="1796" WIDTH="242" HEIGHT="43" CONTENT="Wurmser" WC="0.90" CC="6000000"/>
						<SP ID="P21_SP00229" HPOS="551" VPOS="1839" WIDTH="19"/>
						<String ID="P21_ST00256" HPOS="570" VPOS="1797" WIDTH="270" HEIGHT="53" CONTENT="manipulait" WC="0.99" CC="0002052430"/>
						<SP ID="P21_SP00230" HPOS="840" VPOS="1850" WIDTH="23"/>
						<String ID="P21_ST00257" HPOS="863" VPOS="1811" WIDTH="81" HEIGHT="28" CONTENT="son" WC="0.98" CC="005"/>
						<SP ID="P21_SP00231" HPOS="944" VPOS="1850" WIDTH="24"/>
						<String ID="P21_ST00258" HPOS="968" VPOS="1797" WIDTH="283" HEIGHT="54" CONTENT="magnifique" WC="1.00" CC="0400322000"/>
						<SP ID="P21_SP00232" HPOS="1251" VPOS="1851" WIDTH="35"/>
						<String ID="P21_ST00259" HPOS="1286" VPOS="1801" WIDTH="287" HEIGHT="48" CONTENT="instrument," WC="1.00" CC="00050000004"/>
						<SP ID="P21_SP00233" HPOS="1573" VPOS="1851" WIDTH="37"/>
						<String ID="P21_ST00260" HPOS="1610" VPOS="1799" WIDTH="133" HEIGHT="40" CONTENT="d'une" WC="1.00" CC="00000"/>
						<SP ID="P21_SP00234" HPOS="1743" VPOS="1851" WIDTH="40"/>
						<String ID="P21_ST00261" HPOS="1783" VPOS="1797" WIDTH="118" HEIGHT="42" CONTENT="belle" WC="0.99" CC="00130"/>
						<SP ID="P21_SP00235" HPOS="1901" VPOS="1851" WIDTH="38"/>
						<String ID="P21_ST00262" HPOS="1939" VPOS="1798" WIDTH="217" HEIGHT="47" CONTENT="sonorité," WC="1.00" CC="000000604"/>
					</TextLine>
					<TextLine ID="P21_TL00026" HPOS="134" VPOS="1866" WIDTH="1505" HEIGHT="54">
						<String ID="P21_ST00263" HPOS="134" VPOS="1866" WIDTH="408" HEIGHT="51" CONTENT="magistralement," WC="1.00" CC="000105001000063"/>
						<SP ID="P21_SP00236" HPOS="542" VPOS="1917" WIDTH="23"/>
						<String ID="P21_ST00264" HPOS="565" VPOS="1875" WIDTH="42" HEIGHT="32" CONTENT="et" WC="1.00" CC="00"/>
						<SP ID="P21_SP00237" HPOS="607" VPOS="1917" WIDTH="24"/>
						<String ID="P21_ST00265" HPOS="631" VPOS="1867" WIDTH="192" HEIGHT="40" CONTENT="adonné" WC="1.00" CC="000000"/>
						<SP ID="P21_SP00238" HPOS="823" VPOS="1917" WIDTH="31"/>
						<String ID="P21_ST00266" HPOS="854" VPOS="1881" WIDTH="88" HEIGHT="27" CONTENT="une" WC="0.98" CC="500"/>
						<SP ID="P21_SP00239" HPOS="942" VPOS="1917" WIDTH="23"/>
						<String ID="P21_ST00267" HPOS="965" VPOS="1869" WIDTH="234" HEIGHT="40" CONTENT="exécution" WC="1.00" CC="000050300"/>
						<SP ID="P21_SP00240" HPOS="1199" VPOS="1917" WIDTH="17"/>
						<String ID="P21_ST00268" HPOS="1216" VPOS="1869" WIDTH="149" HEIGHT="51" CONTENT="pleine" WC="1.00" CC="020000"/>
						<SP ID="P21_SP00241" HPOS="1365" VPOS="1920" WIDTH="23"/>
						<String ID="P21_ST00269" HPOS="1388" VPOS="1869" WIDTH="54" HEIGHT="39" CONTENT="de" WC="1.00" CC="00"/>
						<SP ID="P21_SP00242" HPOS="1442" VPOS="1920" WIDTH="23"/>
						<String ID="P21_ST00270" HPOS="1465" VPOS="1869" WIDTH="174" HEIGHT="51" CONTENT="poésie." WC="1.00" CC="0000004"/>
					</TextLine>
					<TextLine ID="P21_TL00027" HPOS="191" VPOS="1933" WIDTH="1962" HEIGHT="57">
						<String ID="P21_ST00271" HPOS="191" VPOS="1933" WIDTH="65" HEIGHT="42" CONTENT="La" WC="1.00" CC="00"/>
						<SP ID="P21_SP00243" HPOS="256" VPOS="1975" WIDTH="24"/>
						<String ID="P21_ST00272" HPOS="280" VPOS="1935" WIDTH="141" HEIGHT="53" CONTENT="harpe" WC="1.00" CC="00000"/>
						<SP ID="P21_SP00244" HPOS="421" VPOS="1988" WIDTH="23"/>
						<String ID="P21_ST00273" HPOS="444" VPOS="1935" WIDTH="153" HEIGHT="54" CONTENT="Pleyel" WC="0.87" CC="030004"/>
						<SP ID="P21_SP00245" HPOS="597" VPOS="1989" WIDTH="22"/>
						<String ID="P21_ST00274" HPOS="619" VPOS="1951" WIDTH="46" HEIGHT="26" CONTENT="se" WC="0.93" CC="10"/>
						<SP ID="P21_SP00246" HPOS="665" VPOS="1989" WIDTH="23"/>
						<String ID="P21_ST00275" HPOS="688" VPOS="1937" WIDTH="230" HEIGHT="50" CONTENT="distingue" WC="1.00" CC="020230020"/>
						<SP ID="P21_SP00247" HPOS="918" VPOS="1989" WIDTH="23"/>
						<String ID="P21_ST00276" HPOS="941" VPOS="1937" WIDTH="54" HEIGHT="40" CONTENT="de" WC="1.00" CC="00"/>
						<SP ID="P21_SP00248" HPOS="995" VPOS="1989" WIDTH="24"/>
						<String ID="P21_ST00277" HPOS="1019" VPOS="1937" WIDTH="250" HEIGHT="40" CONTENT="l'ancienne" WC="0.99" CC="0407030350"/>
						<SP ID="P21_SP00249" HPOS="1269" VPOS="1989" WIDTH="20"/>
						<String ID="P21_ST00278" HPOS="1289" VPOS="1937" WIDTH="139" HEIGHT="53" CONTENT="harpe" WC="1.00" CC="00000"/>
						<SP ID="P21_SP00250" HPOS="1428" VPOS="1990" WIDTH="22"/>
						<String ID="P21_ST00279" HPOS="1450" VPOS="1951" WIDTH="84" HEIGHT="38" CONTENT="par" WC="1.00" CC="000"/>
						<SP ID="P21_SP00251" HPOS="1534" VPOS="1990" WIDTH="33"/>
						<String ID="P21_ST00280" HPOS="1567" VPOS="1937" WIDTH="63" HEIGHT="40" CONTENT="les" WC="0.99" CC="200"/>
						<SP ID="P21_SP00252" HPOS="1630" VPOS="1990" WIDTH="42"/>
						<String ID="P21_ST00281" HPOS="1672" VPOS="1936" WIDTH="157" HEIGHT="41" CONTENT="cordes" WC="0.99" CC="006000"/>
						<SP ID="P21_SP00253" HPOS="1829" VPOS="1990" WIDTH="29"/>
						<String ID="P21_ST00282" HPOS="1858" VPOS="1937" WIDTH="193" HEIGHT="38" CONTENT="croisées" WC="1.00" CC="00030000"/>
						<SP ID="P21_SP00254" HPOS="2051" VPOS="1990" WIDTH="25"/>
						<String ID="P21_ST00283" HPOS="2076" VPOS="1935" WIDTH="77" HEIGHT="52" CONTENT="qui" WC="0.97" CC="025"/>
					</TextLine>
					<TextLine ID="P21_TL00028" HPOS="134" VPOS="2003" WIDTH="2023" HEIGHT="55">
						<String ID="P21_ST00284" HPOS="134" VPOS="2013" WIDTH="103" HEIGHT="32" CONTENT="sont" WC="0.98" CC="0046"/>
						<SP ID="P21_SP00255" HPOS="237" VPOS="2045" WIDTH="22"/>
						<String ID="P21_ST00285" HPOS="259" VPOS="2005" WIDTH="358" HEIGHT="53" CONTENT="chromatiques," WC="1.00" CC="0000000301004"/>
						<SP ID="P21_SP00256" HPOS="617" VPOS="2058" WIDTH="25"/>
						<String ID="P21_ST00286" HPOS="642" VPOS="2019" WIDTH="177" HEIGHT="27" CONTENT="comme" WC="1.00" CC="00000"/>
						<SP ID="P21_SP00257" HPOS="819" VPOS="2058" WIDTH="32"/>
						<String ID="P21_ST00287" HPOS="851" VPOS="2006" WIDTH="65" HEIGHT="40" CONTENT="les" WC="0.99" CC="300"/>
						<SP ID="P21_SP00258" HPOS="916" VPOS="2058" WIDTH="20"/>
						<String ID="P21_ST00288" HPOS="936" VPOS="2006" WIDTH="186" HEIGHT="40" CONTENT="touches" WC="1.00" CC="3000000"/>
						<SP ID="P21_SP00259" HPOS="1122" VPOS="2058" WIDTH="25"/>
						<String ID="P21_ST00289" HPOS="1147" VPOS="2007" WIDTH="151" HEIGHT="39" CONTENT="noires" WC="1.00" CC="100000"/>
						<SP ID="P21_SP00260" HPOS="1298" VPOS="2058" WIDTH="22"/>
						<String ID="P21_ST00290" HPOS="1320" VPOS="2015" WIDTH="42" HEIGHT="31" CONTENT="et" WC="0.72" CC="05"/>
						<SP ID="P21_SP00261" HPOS="1362" VPOS="2058" WIDTH="23"/>
						<String ID="P21_ST00291" HPOS="1385" VPOS="2005" WIDTH="217" HEIGHT="41" CONTENT="blanches" WC="1.00" CC="04000000"/>
						<SP ID="P21_SP00262" HPOS="1602" VPOS="2058" WIDTH="36"/>
						<String ID="P21_ST00292" HPOS="1638" VPOS="2006" WIDTH="58" HEIGHT="40" CONTENT="du" WC="0.92" CC="01"/>
						<SP ID="P21_SP00263" HPOS="1696" VPOS="2058" WIDTH="26"/>
						<String ID="P21_ST00293" HPOS="1722" VPOS="2006" WIDTH="152" HEIGHT="51" CONTENT="piano." WC="0.99" CC="020203"/>
						<SP ID="P21_SP00264" HPOS="1874" VPOS="2058" WIDTH="24"/>
						<String ID="P21_ST00294" HPOS="1898" VPOS="2003" WIDTH="127" HEIGHT="41" CONTENT="Cette" WC="0.99" CC="00060"/>
						<SP ID="P21_SP00265" HPOS="2025" VPOS="2058" WIDTH="22"/>
						<String ID="P21_ST00295" HPOS="2047" VPOS="2017" WIDTH="83" HEIGHT="27" CONTENT="con" SUBS_TYPE="HypPart1" SUBS_CONTENT="construction" WC="0.99" CC="000"/>
						<HYP HPOS="2130" VPOS="2017" WIDTH="27" CONTENT="-"/>
					</TextLine>
					<TextLine ID="P21_TL00029" HPOS="133" VPOS="2072" WIDTH="2026" HEIGHT="53">
						<String ID="P21_ST00296" HPOS="133" VPOS="2076" WIDTH="219" HEIGHT="38" CONTENT="struction" SUBS_TYPE="HypPart2" SUBS_CONTENT="construction" WC="0.99" CC="050115200"/>
						<SP ID="P21_SP00266" HPOS="352" VPOS="2114" WIDTH="34"/>
						<String ID="P21_ST00297" HPOS="386" VPOS="2074" WIDTH="150" HEIGHT="42" CONTENT="donne" WC="1.00" CC="00000"/>
						<SP ID="P21_SP00267" HPOS="536" VPOS="2116" WIDTH="31"/>
						<String ID="P21_ST00298" HPOS="567" VPOS="2079" WIDTH="22" HEIGHT="36" CONTENT="à" WC="1.00" CC="0"/>
						<SP ID="P21_SP00268" HPOS="589" VPOS="2116" WIDTH="32"/>
						<String ID="P21_ST00299" HPOS="621" VPOS="2085" WIDTH="65" HEIGHT="31" CONTENT="cet" WC="0.98" CC="004"/>
						<SP ID="P21_SP00269" HPOS="686" VPOS="2116" WIDTH="30"/>
						<String ID="P21_ST00300" HPOS="716" VPOS="2077" WIDTH="272" HEIGHT="39" CONTENT="instrument" WC="1.00" CC="1005020003"/>
						<SP ID="P21_SP00270" HPOS="988" VPOS="2116" WIDTH="43"/>
						<String ID="P21_ST00301" HPOS="1031" VPOS="2089" WIDTH="87" HEIGHT="27" CONTENT="une" WC="0.98" CC="004"/>
						<SP ID="P21_SP00271" HPOS="1118" VPOS="2116" WIDTH="32"/>
						<String ID="P21_ST00302" HPOS="1150" VPOS="2076" WIDTH="232" HEIGHT="40" CONTENT="meilleure" WC="0.99" CC="003530500"/>
						<SP ID="P21_SP00272" HPOS="1382" VPOS="2116" WIDTH="25"/>
						<String ID="P21_ST00303" HPOS="1407" VPOS="2076" WIDTH="200" HEIGHT="40" CONTENT="sonorité" WC="0.99" CC="00330150"/>
						<SP ID="P21_SP00273" HPOS="1607" VPOS="2116" WIDTH="35"/>
						<String ID="P21_ST00304" HPOS="1642" VPOS="2083" WIDTH="42" HEIGHT="32" CONTENT="et" WC="0.68" CC="06"/>
						<SP ID="P21_SP00274" HPOS="1684" VPOS="2116" WIDTH="33"/>
						<String ID="P21_ST00305" HPOS="1717" VPOS="2087" WIDTH="88" HEIGHT="28" CONTENT="une" WC="0.98" CC="600"/>
						<SP ID="P21_SP00275" HPOS="1805" VPOS="2116" WIDTH="38"/>
						<String ID="P21_ST00306" HPOS="1843" VPOS="2073" WIDTH="101" HEIGHT="52" CONTENT="plus" WC="0.98" CC="0540"/>
						<SP ID="P21_SP00276" HPOS="1944" VPOS="2125" WIDTH="37"/>
						<String ID="P21_ST00307" HPOS="1981" VPOS="2072" WIDTH="178" HEIGHT="51" CONTENT="grande" WC="0.99" CC="000009"/>
					</TextLine>
					<TextLine ID="P21_TL00030" HPOS="134" VPOS="2144" WIDTH="280" HEIGHT="51">
						<String ID="P21_ST00308" HPOS="134" VPOS="2144" WIDTH="280" HEIGHT="51" CONTENT="expression." WC="1.00" CC="00000000004"/>
					</TextLine>
					<TextLine ID="P21_TL00031" HPOS="188" VPOS="2211" WIDTH="1967" HEIGHT="55">
						<String ID="P21_ST00309" HPOS="188" VPOS="2212" WIDTH="48" HEIGHT="40" CONTENT="M" WC="1.00" CC="0"/>
						<String ID="P21_ST00310" HPOS="240" VPOS="2217" WIDTH="48" HEIGHT="17" CONTENT="me" STYLE="superscript" WC="0.91" CC="01"/>
						<SP ID="P21_SP00277" HPOS="288" VPOS="2252" WIDTH="22"/>
						<String ID="P21_ST00311" HPOS="310" VPOS="2212" WIDTH="242" HEIGHT="42" CONTENT="Wurmser" WC="0.92" CC="0500000"/>
						<SP ID="P21_SP00278" HPOS="552" VPOS="2254" WIDTH="23"/>
						<String ID="P21_ST00312" HPOS="575" VPOS="2227" WIDTH="116" HEIGHT="27" CONTENT="nous" WC="1.00" CC="0000"/>
						<SP ID="P21_SP00279" HPOS="691" VPOS="2254" WIDTH="28"/>
						<String ID="P21_ST00313" HPOS="719" VPOS="2228" WIDTH="22" HEIGHT="25" CONTENT="a" WC="1.00" CC="0"/>
						<SP ID="P21_SP00280" HPOS="741" VPOS="2254" WIDTH="35"/>
						<String ID="P21_ST00314" HPOS="776" VPOS="2227" WIDTH="161" HEIGHT="27" CONTENT="encore" WC="1.00" CC="050000"/>
						<SP ID="P21_SP00281" HPOS="937" VPOS="2254" WIDTH="24"/>
						<String ID="P21_ST00315" HPOS="961" VPOS="2214" WIDTH="101" HEIGHT="52" CONTENT="plus" WC="0.98" CC="0250"/>
						<SP ID="P21_SP00282" HPOS="1062" VPOS="2266" WIDTH="34"/>
						<String ID="P21_ST00316" HPOS="1096" VPOS="2213" WIDTH="367" HEIGHT="42" CONTENT="enthousiasmés" WC="1.00" CC="0200005000000"/>
						<SP ID="P21_SP00283" HPOS="1463" VPOS="2266" WIDTH="23"/>
						<String ID="P21_ST00317" HPOS="1486" VPOS="2213" WIDTH="114" HEIGHT="40" CONTENT="dans" WC="0.99" CC="0030"/>
						<SP ID="P21_SP00284" HPOS="1600" VPOS="2266" WIDTH="32"/>
						<String ID="P21_ST00318" HPOS="1632" VPOS="2211" WIDTH="262" HEIGHT="42" CONTENT="l'exécution" WC="1.00" CC="24000014200"/>
						<SP ID="P21_SP00285" HPOS="1894" VPOS="2266" WIDTH="37"/>
						<String ID="P21_ST00319" HPOS="1931" VPOS="2211" WIDTH="79" HEIGHT="40" CONTENT="des" WC="1.00" CC="000"/>
						<SP ID="P21_SP00286" HPOS="2010" VPOS="2266" WIDTH="33"/>
						<String ID="P21_ST00320" HPOS="2043" VPOS="2212" WIDTH="112" HEIGHT="38" CONTENT="trois" WC="0.98" CC="20424"/>
					</TextLine>
					<TextLine ID="P21_TL00032" HPOS="133" VPOS="2281" WIDTH="2022" HEIGHT="50">
						<String ID="P21_ST00321" HPOS="133" VPOS="2295" WIDTH="239" HEIGHT="27" CONTENT="morceaux" WC="1.00" CC="00000440"/>
						<SP ID="P21_SP00287" HPOS="372" VPOS="2322" WIDTH="21"/>
						<String ID="P21_ST00322" HPOS="393" VPOS="2281" WIDTH="101" HEIGHT="49" CONTENT="soli," WC="0.87" CC="00202"/>
						<SP ID="P21_SP00288" HPOS="494" VPOS="2330" WIDTH="28"/>
						<String ID="P21_ST00323" HPOS="522" VPOS="2288" WIDTH="56" HEIGHT="35" CONTENT="oû" WC="1.00" CC="00"/>
						<SP ID="P21_SP00289" HPOS="578" VPOS="2330" WIDTH="22"/>
						<String ID="P21_ST00324" HPOS="600" VPOS="2282" WIDTH="84" HEIGHT="41" CONTENT="ellê" WC="0.68" CC="0047"/>
						<SP ID="P21_SP00290" HPOS="684" VPOS="2330" WIDTH="17"/>
						<String ID="P21_ST00325" HPOS="701" VPOS="2297" WIDTH="22" HEIGHT="26" CONTENT="a" WC="1.00" CC="0"/>
						<SP ID="P21_SP00291" HPOS="723" VPOS="2330" WIDTH="23"/>
						<String ID="P21_ST00326" HPOS="746" VPOS="2281" WIDTH="79" HEIGHT="42" CONTENT="fait" WC="0.99" CC="0004"/>
						<SP ID="P21_SP00292" HPOS="825" VPOS="2330" WIDTH="24"/>
						<String ID="P21_ST00327" HPOS="849" VPOS="2285" WIDTH="210" HEIGHT="39" CONTENT="ressortir" WC="1.00" CC="000000000"/>
						<SP ID="P21_SP00293" HPOS="1059" VPOS="2330" WIDTH="23"/>
						<String ID="P21_ST00328" HPOS="1082" VPOS="2283" WIDTH="40" HEIGHT="40" CONTENT="la" WC="0.96" CC="00"/>
						<SP ID="P21_SP00294" HPOS="1122" VPOS="2330" WIDTH="21"/>
						<String ID="P21_ST00329" HPOS="1143" VPOS="2282" WIDTH="116" HEIGHT="41" CONTENT="belle" WC="0.99" CC="00340"/>
						<SP ID="P21_SP00295" HPOS="1259" VPOS="2330" WIDTH="24"/>
						<String ID="P21_ST00330" HPOS="1283" VPOS="2284" WIDTH="201" HEIGHT="39" CONTENT="sonorité" WC="1.00" CC="00300140"/>
						<SP ID="P21_SP00296" HPOS="1484" VPOS="2330" WIDTH="23"/>
						<String ID="P21_ST00331" HPOS="1507" VPOS="2282" WIDTH="53" HEIGHT="40" CONTENT="de" WC="1.00" CC="00"/>
						<SP ID="P21_SP00297" HPOS="1560" VPOS="2330" WIDTH="23"/>
						<String ID="P21_ST00332" HPOS="1583" VPOS="2281" WIDTH="319" HEIGHT="47" CONTENT="l'instrument," WC="1.00" CC="3340040500034"/>
						<SP ID="P21_SP00298" HPOS="1902" VPOS="2330" WIDTH="27"/>
						<String ID="P21_ST00333" HPOS="1929" VPOS="2281" WIDTH="113" HEIGHT="38" CONTENT="ainsi" WC="1.00" CC="00001"/>
						<SP ID="P21_SP00299" HPOS="2042" VPOS="2330" WIDTH="26"/>
						<String ID="P21_ST00334" HPOS="2068" VPOS="2292" WIDTH="87" HEIGHT="39" CONTENT="que" WC="0.98" CC="040"/>
					</TextLine>
					<TextLine ID="P21_TL00033" HPOS="132" VPOS="2349" WIDTH="552" HEIGHT="43">
						<String ID="P21_ST00335" HPOS="132" VPOS="2349" WIDTH="99" HEIGHT="43" CONTENT="l'art" WC="0.99" CC="00200"/>
						<SP ID="P21_SP00300" HPOS="231" VPOS="2392" WIDTH="20"/>
						<String ID="P21_ST00336" HPOS="251" VPOS="2351" WIDTH="55" HEIGHT="40" CONTENT="de" WC="1.00" CC="00"/>
						<SP ID="P21_SP00301" HPOS="306" VPOS="2392" WIDTH="24"/>
						<String ID="P21_ST00337" HPOS="330" VPOS="2363" WIDTH="81" HEIGHT="28" CONTENT="son" WC="0.99" CC="001"/>
						<SP ID="P21_SP00302" HPOS="411" VPOS="2392" WIDTH="23"/>
						<String ID="P21_ST00338" HPOS="434" VPOS="2352" WIDTH="250" HEIGHT="40" CONTENT="exécution." WC="1.00" CC="0001062003"/>
					</TextLine>
					<TextLine ID="P21_TL00034" HPOS="264" VPOS="2416" WIDTH="1893" HEIGHT="58">
						<String ID="P21_ST00339" HPOS="264" VPOS="2419" WIDTH="278" HEIGHT="41" CONTENT="Traduction" WC="1.00" CC="0000106200"/>
						<SP ID="P21_SP00303" HPOS="542" VPOS="2460" WIDTH="37"/>
						<String ID="P21_ST00340" HPOS="579" VPOS="2420" WIDTH="58" HEIGHT="40" CONTENT="du" WC="1.00" CC="00"/>
						<SP ID="P21_SP00304" HPOS="637" VPOS="2460" WIDTH="37"/>
						<String ID="P21_ST00341" HPOS="674" VPOS="2420" WIDTH="177" HEIGHT="53" CONTENT="journal" WC="1.00" CC="0000303"/>
						<SP ID="P21_SP00305" HPOS="851" VPOS="2473" WIDTH="41"/>
						<String ID="P21_ST00342" HPOS="892" VPOS="2419" WIDTH="181" HEIGHT="41" CONTENT="Kœlner" WC="0.90" CC="000410" STYLEREFS="TXT_3"/>
						<SP ID="P21_SP00306" HPOS="1073" VPOS="2473" WIDTH="40"/>
						<String ID="P21_ST00343" HPOS="1113" VPOS="2419" WIDTH="228" HEIGHT="55" CONTENT="Tageblatt" WC="0.64" CC="370320770" STYLEREFS="TXT_3"/>
						<String ID="P21_ST00344" HPOS="1347" VPOS="2453" WIDTH="9" HEIGHT="16" CONTENT="," WC="0.59" CC="4"/>
						<SP ID="P21_SP00307" HPOS="1356" VPOS="2474" WIDTH="50"/>
						<String ID="P21_ST00345" HPOS="1406" VPOS="2434" WIDTH="46" HEIGHT="36" CONTENT="14" WC="0.91" CC="10"/>
						<SP ID="P21_SP00308" HPOS="1452" VPOS="2474" WIDTH="38"/>
						<String ID="P21_ST00346" HPOS="1490" VPOS="2420" WIDTH="93" HEIGHT="51" CONTENT="juin" WC="0.98" CC="1230"/>
						<SP ID="P21_SP00309" HPOS="1583" VPOS="2474" WIDTH="38"/>
						<String ID="P21_ST00347" HPOS="1621" VPOS="2432" WIDTH="118" HEIGHT="37" CONTENT="1904." WC="0.70" CC="14053"/>
						<SP ID="P21_SP00310" HPOS="1739" VPOS="2474" WIDTH="34"/>
						<String ID="P21_ST00348" HPOS="1773" VPOS="2417" WIDTH="64" HEIGHT="40" CONTENT="Le" WC="0.94" CC="01"/>
						<SP ID="P21_SP00311" HPOS="1837" VPOS="2474" WIDTH="23"/>
						<String ID="P21_ST00349" HPOS="1860" VPOS="2416" WIDTH="163" HEIGHT="41" CONTENT="second" WC="1.00" CC="000000"/>
						<SP ID="P21_SP00312" HPOS="2023" VPOS="2474" WIDTH="26"/>
						<String ID="P21_ST00350" HPOS="2049" VPOS="2429" WIDTH="81" HEIGHT="26" CONTENT="con" SUBS_TYPE="HypPart1" SUBS_CONTENT="concert" WC="0.99" CC="000"/>
						<HYP HPOS="2130" VPOS="2429" WIDTH="27" CONTENT="-"/>
					</TextLine>
					<TextLine ID="P21_TL00035" HPOS="132" VPOS="2484" WIDTH="2023" HEIGHT="56">
						<String ID="P21_ST00351" HPOS="132" VPOS="2497" WIDTH="90" HEIGHT="31" CONTENT="cert" SUBS_TYPE="HypPart2" SUBS_CONTENT="concert" WC="0.99" CC="0004"/>
						<SP ID="P21_SP00313" HPOS="222" VPOS="2528" WIDTH="23"/>
						<String ID="P21_ST00352" HPOS="245" VPOS="2488" WIDTH="54" HEIGHT="40" CONTENT="de" WC="1.00" CC="00"/>
						<SP ID="P21_SP00314" HPOS="299" VPOS="2528" WIDTH="33"/>
						<String ID="P21_ST00353" HPOS="332" VPOS="2486" WIDTH="283" HEIGHT="54" CONTENT="Symphonie" WC="1.00" CC="000000030"/>
						<SP ID="P21_SP00315" HPOS="615" VPOS="2540" WIDTH="22"/>
						<String ID="P21_ST00354" HPOS="637" VPOS="2490" WIDTH="117" HEIGHT="39" CONTENT="avait" WC="0.99" CC="00005"/>
						<SP ID="P21_SP00316" HPOS="754" VPOS="2540" WIDTH="36"/>
						<String ID="P21_ST00355" HPOS="790" VPOS="2504" WIDTH="61" HEIGHT="25" CONTENT="un" WC="0.69" CC="60"/>
						<SP ID="P21_SP00317" HPOS="851" VPOS="2540" WIDTH="23"/>
						<String ID="P21_ST00356" HPOS="874" VPOS="2489" WIDTH="182" HEIGHT="40" CONTENT="charme" WC="1.00" CC="000000"/>
						<SP ID="P21_SP00318" HPOS="1056" VPOS="2540" WIDTH="29"/>
						<String ID="P21_ST00357" HPOS="1085" VPOS="2497" WIDTH="96" HEIGHT="32" CONTENT="tout" WC="0.98" CC="0034"/>
						<SP ID="P21_SP00319" HPOS="1181" VPOS="2540" WIDTH="19"/>
						<String ID="P21_ST00358" HPOS="1200" VPOS="2488" WIDTH="259" HEIGHT="52" CONTENT="particulier" WC="1.00" CC="00004001100"/>
						<SP ID="P21_SP00320" HPOS="1459" VPOS="2540" WIDTH="31"/>
						<String ID="P21_ST00359" HPOS="1490" VPOS="2502" WIDTH="80" HEIGHT="38" CONTENT="par" WC="1.00" CC="000"/>
						<SP ID="P21_SP00321" HPOS="1570" VPOS="2540" WIDTH="22"/>
						<String ID="P21_ST00360" HPOS="1592" VPOS="2487" WIDTH="39" HEIGHT="39" CONTENT="le" WC="0.87" CC="20"/>
						<SP ID="P21_SP00322" HPOS="1631" VPOS="2540" WIDTH="21"/>
						<String ID="P21_ST00361" HPOS="1652" VPOS="2499" WIDTH="218" HEIGHT="28" CONTENT="concours" WC="1.00" CC="00300000"/>
						<SP ID="P21_SP00323" HPOS="1870" VPOS="2540" WIDTH="35"/>
						<String ID="P21_ST00362" HPOS="1905" VPOS="2485" WIDTH="54" HEIGHT="40" CONTENT="de" WC="0.99" CC="00"/>
						<SP ID="P21_SP00324" HPOS="1959" VPOS="2540" WIDTH="24"/>
						<String ID="P21_ST00363" HPOS="1983" VPOS="2485" WIDTH="40" HEIGHT="39" CONTENT="la" WC="0.57" CC="34"/>
						<SP ID="P21_SP00325" HPOS="2023" VPOS="2540" WIDTH="26"/>
						<String ID="P21_ST00364" HPOS="2049" VPOS="2484" WIDTH="80" HEIGHT="39" CONTENT="har" SUBS_TYPE="HypPart1" SUBS_CONTENT="harpiste-virtuose," WC="0.99" CC="000"/>
						<HYP HPOS="2129" VPOS="2484" WIDTH="26" CONTENT="-"/>
					</TextLine>
					<TextLine ID="P21_TL00036" HPOS="131" VPOS="2556" WIDTH="1011" HEIGHT="53">
						<String ID="P21_ST00365" HPOS="131" VPOS="2558" WIDTH="353" HEIGHT="51" CONTENT="piste-virtuose," SUBS_TYPE="HypPart2" SUBS_CONTENT="harpiste-virtuose," WC="1.00" CC="000403000200003"/>
						<SP ID="P21_SP00326" HPOS="484" VPOS="2609" WIDTH="26"/>
						<String ID="P21_ST00366" HPOS="510" VPOS="2556" WIDTH="45" HEIGHT="40" CONTENT="M" WC="1.00" CC="0"/>
						<String ID="P21_ST00367" HPOS="561" VPOS="2561" WIDTH="48" HEIGHT="18" CONTENT="me" STYLE="superscript" WC="0.78" CC="04"/>
						<SP ID="P21_SP00327" HPOS="609" VPOS="2609" WIDTH="31"/>
						<String ID="P21_ST00368" HPOS="640" VPOS="2557" WIDTH="256" HEIGHT="51" CONTENT="Wurmser," WC="0.92" CC="00001004"/>
						<SP ID="P21_SP00328" HPOS="896" VPOS="2609" WIDTH="26"/>
						<String ID="P21_ST00369" HPOS="922" VPOS="2558" WIDTH="53" HEIGHT="40" CONTENT="de" WC="1.00" CC="00"/>
						<SP ID="P21_SP00329" HPOS="975" VPOS="2609" WIDTH="22"/>
						<String ID="P21_ST00370" HPOS="997" VPOS="2557" WIDTH="145" HEIGHT="41" CONTENT="Paris." WC="1.00" CC="000004"/>
					</TextLine>
					<TextLine ID="P21_TL00037" HPOS="186" VPOS="2621" WIDTH="1968" HEIGHT="58">
						<String ID="P21_ST00371" HPOS="186" VPOS="2624" WIDTH="129" HEIGHT="42" CONTENT="Cette" WC="0.98" CC="00560"/>
						<SP ID="P21_SP00330" HPOS="315" VPOS="2666" WIDTH="19"/>
						<String ID="P21_ST00372" HPOS="334" VPOS="2627" WIDTH="153" HEIGHT="40" CONTENT="artiste" WC="1.00" CC="0002000"/>
						<SP ID="P21_SP00331" HPOS="487" VPOS="2667" WIDTH="23"/>
						<String ID="P21_ST00373" HPOS="510" VPOS="2627" WIDTH="102" HEIGHT="52" CONTENT="joue" WC="0.99" CC="0400"/>
						<SP ID="P21_SP00332" HPOS="612" VPOS="2679" WIDTH="16"/>
						<String ID="P21_ST00374" HPOS="628" VPOS="2626" WIDTH="39" HEIGHT="40" CONTENT="la" WC="0.98" CC="00"/>
						<SP ID="P21_SP00333" HPOS="667" VPOS="2679" WIDTH="22"/>
						<String ID="P21_ST00375" HPOS="689" VPOS="2626" WIDTH="207" HEIGHT="41" CONTENT="nouvelle" WC="0.99" CC="20000350"/>
						<SP ID="P21_SP00334" HPOS="896" VPOS="2679" WIDTH="30"/>
						<String ID="P21_ST00376" HPOS="926" VPOS="2627" WIDTH="138" HEIGHT="52" CONTENT="harpe" WC="1.00" CC="00400"/>
						<SP ID="P21_SP00335" HPOS="1064" VPOS="2679" WIDTH="20"/>
						<String ID="P21_ST00377" HPOS="1084" VPOS="2626" WIDTH="312" HEIGHT="52" CONTENT="chromatique" WC="1.00" CC="00000051000"/>
						<SP ID="P21_SP00336" HPOS="1396" VPOS="2679" WIDTH="22"/>
						<String ID="P21_ST00378" HPOS="1418" VPOS="2627" WIDTH="207" HEIGHT="39" CONTENT="inventée" WC="0.99" CC="36000100"/>
						<SP ID="P21_SP00337" HPOS="1625" VPOS="2679" WIDTH="23"/>
						<String ID="P21_ST00379" HPOS="1648" VPOS="2638" WIDTH="79" HEIGHT="38" CONTENT="par" WC="1.00" CC="000"/>
						<SP ID="P21_SP00338" HPOS="1727" VPOS="2679" WIDTH="21"/>
						<String ID="P21_ST00380" HPOS="1748" VPOS="2622" WIDTH="63" HEIGHT="42" CONTENT="M." WC="0.79" CC="04"/>
						<SP ID="P21_SP00339" HPOS="1811" VPOS="2679" WIDTH="25"/>
						<String ID="P21_ST00381" HPOS="1836" VPOS="2621" WIDTH="146" HEIGHT="55" CONTENT="Lyon," WC="1.00" CC="00000"/>
						<SP ID="P21_SP00340" HPOS="1982" VPOS="2679" WIDTH="27"/>
						<String ID="P21_ST00382" HPOS="2009" VPOS="2622" WIDTH="121" HEIGHT="40" CONTENT="direc" SUBS_TYPE="HypPart1" SUBS_CONTENT="directeur" WC="1.00" CC="00000"/>
						<HYP HPOS="2130" VPOS="2622" WIDTH="24" CONTENT="-"/>
					</TextLine>
					<TextLine ID="P21_TL00038" HPOS="132" VPOS="2692" WIDTH="2023" HEIGHT="56">
						<String ID="P21_ST00383" HPOS="132" VPOS="2704" WIDTH="97" HEIGHT="31" CONTENT="teur" SUBS_TYPE="HypPart2" SUBS_CONTENT="directeur" WC="0.98" CC="4030"/>
						<SP ID="P21_SP00341" HPOS="229" VPOS="2735" WIDTH="22"/>
						<String ID="P21_ST00384" HPOS="251" VPOS="2695" WIDTH="53" HEIGHT="40" CONTENT="de" WC="1.00" CC="00"/>
						<SP ID="P21_SP00342" HPOS="304" VPOS="2735" WIDTH="24"/>
						<String ID="P21_ST00385" HPOS="328" VPOS="2694" WIDTH="41" HEIGHT="41" CONTENT="la" WC="0.61" CC="52"/>
						<SP ID="P21_SP00343" HPOS="369" VPOS="2735" WIDTH="23"/>
						<String ID="P21_ST00386" HPOS="392" VPOS="2693" WIDTH="208" HEIGHT="54" CONTENT="fabrique" WC="1.00" CC="10004000"/>
						<SP ID="P21_SP00344" HPOS="600" VPOS="2747" WIDTH="24"/>
						<String ID="P21_ST00387" HPOS="624" VPOS="2695" WIDTH="54" HEIGHT="40" CONTENT="de" WC="1.00" CC="00"/>
						<SP ID="P21_SP00345" HPOS="678" VPOS="2747" WIDTH="31"/>
						<String ID="P21_ST00388" HPOS="709" VPOS="2697" WIDTH="161" HEIGHT="51" CONTENT="pianos" WC="1.00" CC="000500"/>
						<SP ID="P21_SP00346" HPOS="870" VPOS="2748" WIDTH="20"/>
						<String ID="P21_ST00389" HPOS="890" VPOS="2695" WIDTH="169" HEIGHT="53" CONTENT="Pleyel." WC="0.88" CC="0000043"/>
						<SP ID="P21_SP00347" HPOS="1059" VPOS="2748" WIDTH="26"/>
						<String ID="P21_ST00390" HPOS="1085" VPOS="2694" WIDTH="70" HEIGHT="41" CONTENT="Au" WC="0.84" CC="03"/>
						<SP ID="P21_SP00348" HPOS="1155" VPOS="2748" WIDTH="21"/>
						<String ID="P21_ST00391" HPOS="1176" VPOS="2695" WIDTH="125" HEIGHT="52" CONTENT="point" WC="0.98" CC="00076"/>
						<SP ID="P21_SP00349" HPOS="1301" VPOS="2748" WIDTH="23"/>
						<String ID="P21_ST00392" HPOS="1324" VPOS="2695" WIDTH="54" HEIGHT="40" CONTENT="de" WC="1.00" CC="00"/>
						<SP ID="P21_SP00350" HPOS="1378" VPOS="2748" WIDTH="21"/>
						<String ID="P21_ST00393" HPOS="1399" VPOS="2707" WIDTH="86" HEIGHT="27" CONTENT="vue" WC="0.98" CC="040"/>
						<SP ID="P21_SP00351" HPOS="1485" VPOS="2748" WIDTH="32"/>
						<String ID="P21_ST00394" HPOS="1517" VPOS="2693" WIDTH="256" HEIGHT="52" CONTENT="technique," WC="1.00" CC="4000330004"/>
						<SP ID="P21_SP00352" HPOS="1773" VPOS="2748" WIDTH="45"/>
						<String ID="P21_ST00395" HPOS="1818" VPOS="2692" WIDTH="63" HEIGHT="40" CONTENT="les" WC="0.99" CC="100"/>
						<SP ID="P21_SP00353" HPOS="1881" VPOS="2748" WIDTH="25"/>
						<String ID="P21_ST00396" HPOS="1906" VPOS="2699" WIDTH="249" HEIGHT="42" CONTENT="avantages" WC="1.00" CC="000400007"/>
					</TextLine>
					<TextLine ID="P21_TL00039" HPOS="131" VPOS="2761" WIDTH="2023" HEIGHT="56">
						<String ID="P21_ST00397" HPOS="131" VPOS="2765" WIDTH="54" HEIGHT="40" CONTENT="de" WC="1.00" CC="00"/>
						<SP ID="P21_SP00354" HPOS="185" VPOS="2805" WIDTH="20"/>
						<String ID="P21_ST00398" HPOS="205" VPOS="2773" WIDTH="111" HEIGHT="32" CONTENT="cette" WC="0.98" CC="00560"/>
						<SP ID="P21_SP00355" HPOS="316" VPOS="2805" WIDTH="20"/>
						<String ID="P21_ST00399" HPOS="336" VPOS="2764" WIDTH="139" HEIGHT="53" CONTENT="harpe" WC="1.00" CC="00000"/>
						<SP ID="P21_SP00356" HPOS="475" VPOS="2817" WIDTH="17"/>
						<String ID="P21_ST00400" HPOS="492" VPOS="2778" WIDTH="77" HEIGHT="27" CONTENT="sur" WC="0.99" CC="030"/>
						<SP ID="P21_SP00357" HPOS="569" VPOS="2817" WIDTH="26"/>
						<String ID="P21_ST00401" HPOS="595" VPOS="2765" WIDTH="40" HEIGHT="40" CONTENT="la" WC="1.00" CC="00"/>
						<SP ID="P21_SP00358" HPOS="635" VPOS="2817" WIDTH="25"/>
						<String ID="P21_ST00402" HPOS="660" VPOS="2765" WIDTH="139" HEIGHT="52" CONTENT="harpe" WC="0.99" CC="09000"/>
						<SP ID="P21_SP00359" HPOS="799" VPOS="2817" WIDTH="32"/>
						<String ID="P21_ST00403" HPOS="831" VPOS="2763" WIDTH="143" HEIGHT="42" CONTENT="Erard" WC="1.00" CC="00000"/>
						<SP ID="P21_SP00360" HPOS="974" VPOS="2817" WIDTH="26"/>
						<String ID="P21_ST00404" HPOS="1000" VPOS="2773" WIDTH="101" HEIGHT="32" CONTENT="sont" WC="0.98" CC="0065"/>
						<SP ID="P21_SP00361" HPOS="1101" VPOS="2817" WIDTH="24"/>
						<String ID="P21_ST00405" HPOS="1125" VPOS="2763" WIDTH="229" HEIGHT="42" CONTENT="tellement" WC="1.00" CC="000000002"/>
						<SP ID="P21_SP00362" HPOS="1354" VPOS="2817" WIDTH="22"/>
						<String ID="P21_ST00406" HPOS="1376" VPOS="2763" WIDTH="170" HEIGHT="51" CONTENT="grands" WC="0.99" CC="000701"/>
						<SP ID="P21_SP00363" HPOS="1546" VPOS="2817" WIDTH="34"/>
						<String ID="P21_ST00407" HPOS="1580" VPOS="2775" WIDTH="85" HEIGHT="40" CONTENT="que" WC="1.00" CC="000"/>
						<SP ID="P21_SP00364" HPOS="1665" VPOS="2817" WIDTH="36"/>
						<String ID="P21_ST00408" HPOS="1701" VPOS="2761" WIDTH="40" HEIGHT="40" CONTENT="la" WC="0.91" CC="10"/>
						<SP ID="P21_SP00365" HPOS="1741" VPOS="2817" WIDTH="35"/>
						<String ID="P21_ST00409" HPOS="1776" VPOS="2761" WIDTH="138" HEIGHT="52" CONTENT="harpe" WC="1.00" CC="00000"/>
						<SP ID="P21_SP00366" HPOS="1914" VPOS="2817" WIDTH="35"/>
						<String ID="P21_ST00410" HPOS="1949" VPOS="2761" WIDTH="176" HEIGHT="40" CONTENT="chroma" SUBS_TYPE="HypPart1" SUBS_CONTENT="chromatique" WC="1.00" CC="002000"/>
						<HYP HPOS="2125" VPOS="2761" WIDTH="29" CONTENT="-"/>
					</TextLine>
					<TextLine ID="P21_TL00040" HPOS="131" VPOS="2829" WIDTH="2025" HEIGHT="58">
						<String ID="P21_ST00411" HPOS="131" VPOS="2835" WIDTH="122" HEIGHT="52" CONTENT="tique" SUBS_TYPE="HypPart2" SUBS_CONTENT="chromatique" WC="1.00" CC="00000"/>
						<SP ID="P21_SP00367" HPOS="253" VPOS="2887" WIDTH="23"/>
						<String ID="P21_ST00412" HPOS="276" VPOS="2833" WIDTH="326" HEIGHT="41" CONTENT="s'introduirait" WC="1.00" CC="00040020030005"/>
						<SP ID="P21_SP00368" HPOS="602" VPOS="2887" WIDTH="24"/>
						<String ID="P21_ST00413" HPOS="626" VPOS="2839" WIDTH="88" HEIGHT="35" CONTENT="très" WC="0.98" CC="0070"/>
						<SP ID="P21_SP00369" HPOS="714" VPOS="2887" WIDTH="28"/>
						<String ID="P21_ST00414" HPOS="742" VPOS="2835" WIDTH="89" HEIGHT="39" CONTENT="vite" WC="0.98" CC="0350"/>
						<SP ID="P21_SP00370" HPOS="831" VPOS="2887" WIDTH="35"/>
						<String ID="P21_ST00415" HPOS="866" VPOS="2834" WIDTH="36" HEIGHT="40" CONTENT="si" WC="0.95" CC="00"/>
						<SP ID="P21_SP00371" HPOS="902" VPOS="2887" WIDTH="22"/>
						<String ID="P21_ST00416" HPOS="924" VPOS="2834" WIDTH="63" HEIGHT="40" CONTENT="les" WC="0.98" CC="400"/>
						<SP ID="P21_SP00372" HPOS="987" VPOS="2887" WIDTH="33"/>
						<String ID="P21_ST00417" HPOS="1020" VPOS="2834" WIDTH="223" HEIGHT="52" CONTENT="harpistes" WC="1.00" CC="020030100"/>
						<SP ID="P21_SP00373" HPOS="1243" VPOS="2887" WIDTH="21"/>
						<String ID="P21_ST00418" HPOS="1264" VPOS="2846" WIDTH="54" HEIGHT="27" CONTENT="ne" WC="0.83" CC="30"/>
						<SP ID="P21_SP00374" HPOS="1318" VPOS="2887" WIDTH="19"/>
						<String ID="P21_ST00419" HPOS="1337" VPOS="2833" WIDTH="208" HEIGHT="40" CONTENT="devaient" WC="0.99" CC="00602004"/>
						<SP ID="P21_SP00375" HPOS="1545" VPOS="2887" WIDTH="20"/>
						<String ID="P21_ST00420" HPOS="1565" VPOS="2845" WIDTH="80" HEIGHT="39" CONTENT="pas" WC="1.00" CC="000"/>
						<SP ID="P21_SP00376" HPOS="1645" VPOS="2887" WIDTH="23"/>
						<String ID="P21_ST00421" HPOS="1668" VPOS="2842" WIDTH="333" HEIGHT="29" CONTENT="recommencer" WC="1.00" CC="00000000000"/>
						<SP ID="P21_SP00377" HPOS="2001" VPOS="2887" WIDTH="33"/>
						<String ID="P21_ST00422" HPOS="2034" VPOS="2829" WIDTH="122" HEIGHT="41" CONTENT="leurs" WC="0.97" CC="50508"/>
					</TextLine>
					<TextLine ID="P21_TL00041" HPOS="129" VPOS="2899" WIDTH="2028" HEIGHT="56">
						<String ID="P21_ST00423" HPOS="129" VPOS="2902" WIDTH="157" HEIGHT="42" CONTENT="études" WC="0.99" CC="660000"/>
						<SP ID="P21_SP00378" HPOS="286" VPOS="2944" WIDTH="20"/>
						<String ID="P21_ST00424" HPOS="306" VPOS="2911" WIDTH="42" HEIGHT="32" CONTENT="et" WC="0.68" CC="06"/>
						<SP ID="P21_SP00379" HPOS="348" VPOS="2944" WIDTH="32"/>
						<String ID="P21_ST00425" HPOS="380" VPOS="2906" WIDTH="220" HEIGHT="49" CONTENT="peut-être" WC="0.99" CC="000443500"/>
						<SP ID="P21_SP00380" HPOS="600" VPOS="2955" WIDTH="40"/>
						<String ID="P21_ST00426" HPOS="640" VPOS="2904" WIDTH="122" HEIGHT="40" CONTENT="aussi" WC="0.99" CC="40002"/>
						<SP ID="P21_SP00381" HPOS="762" VPOS="2955" WIDTH="40"/>
						<String ID="P21_ST00427" HPOS="802" VPOS="2904" WIDTH="36" HEIGHT="39" CONTENT="si" WC="1.00" CC="00"/>
						<SP ID="P21_SP00382" HPOS="838" VPOS="2955" WIDTH="25"/>
						<String ID="P21_ST00428" HPOS="863" VPOS="2902" WIDTH="39" HEIGHT="40" CONTENT="la" WC="1.00" CC="00"/>
						<SP ID="P21_SP00383" HPOS="902" VPOS="2955" WIDTH="41"/>
						<String ID="P21_ST00429" HPOS="943" VPOS="2904" WIDTH="200" HEIGHT="39" CONTENT="sonorité" WC="1.00" CC="00300150"/>
						<SP ID="P21_SP00384" HPOS="1143" VPOS="2955" WIDTH="19"/>
						<String ID="P21_ST00430" HPOS="1162" VPOS="2900" WIDTH="153" HEIGHT="42" CONTENT="n'était" WC="0.99" CC="0405025"/>
						<SP ID="P21_SP00385" HPOS="1315" VPOS="2955" WIDTH="23"/>
						<String ID="P21_ST00431" HPOS="1338" VPOS="2914" WIDTH="80" HEIGHT="40" CONTENT="pas" WC="1.00" CC="000"/>
						<SP ID="P21_SP00386" HPOS="1418" VPOS="2955" WIDTH="39"/>
						<String ID="P21_ST00432" HPOS="1457" VPOS="2916" WIDTH="60" HEIGHT="25" CONTENT="un" WC="0.74" CC="50"/>
						<SP ID="P21_SP00387" HPOS="1517" VPOS="2955" WIDTH="23"/>
						<String ID="P21_ST00433" HPOS="1540" VPOS="2914" WIDTH="85" HEIGHT="39" CONTENT="peu" WC="0.98" CC="022"/>
						<SP ID="P21_SP00388" HPOS="1625" VPOS="2955" WIDTH="33"/>
						<String ID="P21_ST00434" HPOS="1658" VPOS="2899" WIDTH="101" HEIGHT="53" CONTENT="plus" WC="1.00" CC="0100"/>
						<SP ID="P21_SP00389" HPOS="1759" VPOS="2955" WIDTH="22"/>
						<String ID="P21_ST00435" HPOS="1781" VPOS="2900" WIDTH="135" HEIGHT="51" CONTENT="petite" WC="0.99" CC="003050"/>
						<SP ID="P21_SP00390" HPOS="1916" VPOS="2955" WIDTH="40"/>
						<String ID="P21_ST00436" HPOS="1956" VPOS="2912" WIDTH="86" HEIGHT="38" CONTENT="que" WC="1.00" CC="000"/>
						<SP ID="P21_SP00391" HPOS="2042" VPOS="2955" WIDTH="36"/>
						<String ID="P21_ST00437" HPOS="2078" VPOS="2911" WIDTH="79" HEIGHT="27" CONTENT="sur" WC="0.98" CC="400"/>
					</TextLine>
					<TextLine ID="P21_TL00042" HPOS="130" VPOS="2970" WIDTH="334" HEIGHT="54">
						<String ID="P21_ST00438" HPOS="130" VPOS="2970" WIDTH="158" HEIGHT="43" CONTENT="l'autre" WC="0.99" CC="4400500"/>
						<SP ID="P21_SP00392" HPOS="288" VPOS="3013" WIDTH="23"/>
						<String ID="P21_ST00439" HPOS="311" VPOS="2972" WIDTH="153" HEIGHT="52" CONTENT="harpe." WC="1.00" CC="000004"/>
					</TextLine>
					<TextLine ID="P21_TL00043" HPOS="185" VPOS="3034" WIDTH="1969" HEIGHT="60">
						<String ID="P21_ST00440" HPOS="185" VPOS="3040" WIDTH="65" HEIGHT="41" CONTENT="La" WC="0.86" CC="20"/>
						<SP ID="P21_SP00393" HPOS="250" VPOS="3081" WIDTH="25"/>
						<String ID="P21_ST00441" HPOS="275" VPOS="3041" WIDTH="140" HEIGHT="53" CONTENT="harpe" WC="1.00" CC="00000"/>
						<SP ID="P21_SP00394" HPOS="415" VPOS="3094" WIDTH="19"/>
						<String ID="P21_ST00442" HPOS="434" VPOS="3041" WIDTH="314" HEIGHT="53" CONTENT="chromatique" WC="1.00" CC="00000030000"/>
						<SP ID="P21_SP00395" HPOS="748" VPOS="3094" WIDTH="23"/>
						<String ID="P21_ST00443" HPOS="771" VPOS="3041" WIDTH="70" HEIGHT="40" CONTENT="n'a" WC="0.99" CC="300"/>
						<SP ID="P21_SP00396" HPOS="841" VPOS="3094" WIDTH="22"/>
						<String ID="P21_ST00444" HPOS="863" VPOS="3041" WIDTH="101" HEIGHT="52" CONTENT="plus" WC="0.99" CC="0220"/>
						<SP ID="P21_SP00397" HPOS="964" VPOS="3094" WIDTH="16"/>
						<String ID="P21_ST00445" HPOS="980" VPOS="3040" WIDTH="158" HEIGHT="41" CONTENT="besoin" WC="0.99" CC="000045"/>
						<SP ID="P21_SP00398" HPOS="1138" VPOS="3094" WIDTH="20"/>
						<String ID="P21_ST00446" HPOS="1158" VPOS="3040" WIDTH="79" HEIGHT="40" CONTENT="des" WC="1.00" CC="000"/>
						<SP ID="P21_SP00399" HPOS="1237" VPOS="3094" WIDTH="24"/>
						<String ID="P21_ST00447" HPOS="1261" VPOS="3039" WIDTH="198" HEIGHT="53" CONTENT="pédales," WC="1.00" CC="00002004"/>
						<SP ID="P21_SP00400" HPOS="1459" VPOS="3094" WIDTH="25"/>
						<String ID="P21_ST00448" HPOS="1484" VPOS="3038" WIDTH="84" HEIGHT="41" CONTENT="elle" WC="0.98" CC="0440"/>
						<SP ID="P21_SP00401" HPOS="1568" VPOS="3094" WIDTH="17"/>
						<String ID="P21_ST00449" HPOS="1585" VPOS="3052" WIDTH="21" HEIGHT="26" CONTENT="a" WC="1.00" CC="0"/>
						<SP ID="P21_SP00402" HPOS="1606" VPOS="3094" WIDTH="26"/>
						<String ID="P21_ST00450" HPOS="1632" VPOS="3036" WIDTH="167" HEIGHT="42" CONTENT="obtenu" WC="0.99" CC="000006"/>
						<SP ID="P21_SP00403" HPOS="1799" VPOS="3094" WIDTH="25"/>
						<String ID="P21_ST00451" HPOS="1824" VPOS="3050" WIDTH="79" HEIGHT="38" CONTENT="par" WC="1.00" CC="000"/>
						<SP ID="P21_SP00404" HPOS="1903" VPOS="3094" WIDTH="15"/>
						<String ID="P21_ST00452" HPOS="1918" VPOS="3036" WIDTH="63" HEIGHT="40" CONTENT="les" WC="0.98" CC="500"/>
						<SP ID="P21_SP00405" HPOS="1981" VPOS="3094" WIDTH="15"/>
						<String ID="P21_ST00453" HPOS="1996" VPOS="3034" WIDTH="158" HEIGHT="42" CONTENT="cordes" WC="0.99" CC="000006"/>
					</TextLine>
					<TextLine ID="P21_TL00044" HPOS="132" VPOS="3104" WIDTH="2021" HEIGHT="59">
						<String ID="P21_ST00454" HPOS="132" VPOS="3112" WIDTH="76" HEIGHT="51" CONTENT="qui" WC="1.00" CC="000"/>
						<SP ID="P21_SP00406" HPOS="208" VPOS="3163" WIDTH="25"/>
						<String ID="P21_ST00455" HPOS="233" VPOS="3123" WIDTH="46" HEIGHT="28" CONTENT="se" WC="1.00" CC="00"/>
						<SP ID="P21_SP00407" HPOS="279" VPOS="3163" WIDTH="24"/>
						<String ID="P21_ST00456" HPOS="303" VPOS="3111" WIDTH="193" HEIGHT="41" CONTENT="croisent" WC="0.99" CC="00030034"/>
						<SP ID="P21_SP00408" HPOS="496" VPOS="3163" WIDTH="28"/>
						<String ID="P21_ST00457" HPOS="524" VPOS="3120" WIDTH="41" HEIGHT="31" CONTENT="et" WC="0.69" CC="06"/>
						<SP ID="P21_SP00409" HPOS="565" VPOS="3163" WIDTH="23"/>
						<String ID="P21_ST00458" HPOS="588" VPOS="3109" WIDTH="195" HEIGHT="42" CONTENT="forment" WC="1.00" CC="0000004"/>
						<SP ID="P21_SP00410" HPOS="783" VPOS="3163" WIDTH="24"/>
						<String ID="P21_ST00459" HPOS="807" VPOS="3110" WIDTH="39" HEIGHT="40" CONTENT="la" WC="0.92" CC="10"/>
						<SP ID="P21_SP00411" HPOS="846" VPOS="3163" WIDTH="41"/>
						<String ID="P21_ST00460" HPOS="887" VPOS="3123" WIDTH="183" HEIGHT="38" CONTENT="gamme" WC="1.00" CC="00000"/>
						<SP ID="P21_SP00412" HPOS="1070" VPOS="3163" WIDTH="38"/>
						<String ID="P21_ST00461" HPOS="1108" VPOS="3109" WIDTH="329" HEIGHT="51" CONTENT="chromatique," WC="1.00" CC="000000200103"/>
						<SP ID="P21_SP00413" HPOS="1437" VPOS="3163" WIDTH="26"/>
						<String ID="P21_ST00462" HPOS="1463" VPOS="3116" WIDTH="101" HEIGHT="32" CONTENT="tous" WC="1.00" CC="0000"/>
						<SP ID="P21_SP00414" HPOS="1564" VPOS="3163" WIDTH="32"/>
						<String ID="P21_ST00463" HPOS="1596" VPOS="3107" WIDTH="64" HEIGHT="40" CONTENT="les" WC="0.98" CC="400"/>
						<SP ID="P21_SP00415" HPOS="1660" VPOS="3163" WIDTH="20"/>
						<String ID="P21_ST00464" HPOS="1680" VPOS="3115" WIDTH="117" HEIGHT="40" CONTENT="tons," WC="0.99" CC="10104"/>
						<SP ID="P21_SP00416" HPOS="1797" VPOS="3163" WIDTH="43"/>
						<String ID="P21_ST00465" HPOS="1840" VPOS="3104" WIDTH="84" HEIGHT="40" CONTENT="elle" WC="0.99" CC="0300"/>
						<SP ID="P21_SP00417" HPOS="1924" VPOS="3163" WIDTH="24"/>
						<String ID="P21_ST00466" HPOS="1948" VPOS="3112" WIDTH="67" HEIGHT="31" CONTENT="est" WC="0.99" CC="002"/>
						<SP ID="P21_SP00418" HPOS="2015" VPOS="3163" WIDTH="23"/>
						<String ID="P21_ST00467" HPOS="2038" VPOS="3104" WIDTH="115" HEIGHT="40" CONTENT="donc" WC="0.99" CC="0400"/>
					</TextLine>
					<TextLine ID="P21_TL00045" HPOS="130" VPOS="3169" WIDTH="2020" HEIGHT="62">
						<String ID="P21_ST00468" HPOS="130" VPOS="3179" WIDTH="233" HEIGHT="52" CONTENT="identique" WC="1.00" CC="004030050"/>
						<SP ID="P21_SP00419" HPOS="363" VPOS="3231" WIDTH="18"/>
						<String ID="P21_ST00469" HPOS="381" VPOS="3182" WIDTH="22" HEIGHT="36" CONTENT="à" WC="1.00" CC="0"/>
						<SP ID="P21_SP00420" HPOS="403" VPOS="3231" WIDTH="25"/>
						<String ID="P21_ST00470" HPOS="428" VPOS="3179" WIDTH="40" HEIGHT="40" CONTENT="la" WC="0.91" CC="10"/>
						<SP ID="P21_SP00421" HPOS="468" VPOS="3231" WIDTH="24"/>
						<String ID="P21_ST00471" HPOS="492" VPOS="3177" WIDTH="197" HEIGHT="42" CONTENT="division" WC="0.99" CC="06001103"/>
						<SP ID="P21_SP00422" HPOS="689" VPOS="3231" WIDTH="21"/>
						<String ID="P21_ST00472" HPOS="710" VPOS="3179" WIDTH="59" HEIGHT="41" CONTENT="du" WC="0.79" CC="04"/>
						<SP ID="P21_SP00423" HPOS="769" VPOS="3231" WIDTH="23"/>
						<String ID="P21_ST00473" HPOS="792" VPOS="3181" WIDTH="152" HEIGHT="50" CONTENT="piano." WC="0.99" CC="020402"/>
						<SP ID="P21_SP00424" HPOS="944" VPOS="3231" WIDTH="25"/>
						<String ID="P21_ST00474" HPOS="969" VPOS="3177" WIDTH="290" HEIGHT="42" CONTENT="L'exécutant" WC="1.00" CC="04000330006"/>
						<SP ID="P21_SP00425" HPOS="1259" VPOS="3231" WIDTH="23"/>
						<String ID="P21_ST00475" HPOS="1282" VPOS="3186" WIDTH="104" HEIGHT="44" CONTENT="peut" WC="0.98" CC="0016"/>
						<SP ID="P21_SP00426" HPOS="1386" VPOS="3231" WIDTH="24"/>
						<String ID="P21_ST00476" HPOS="1410" VPOS="3184" WIDTH="255" HEIGHT="33" CONTENT="surmonter" WC="1.00" CC="100001001"/>
						<SP ID="P21_SP00427" HPOS="1665" VPOS="3231" WIDTH="17"/>
						<String ID="P21_ST00477" HPOS="1682" VPOS="3182" WIDTH="145" HEIGHT="32" CONTENT="toutes" WC="1.00" CC="100000"/>
						<SP ID="P21_SP00428" HPOS="1827" VPOS="3231" WIDTH="33"/>
						<String ID="P21_ST00478" HPOS="1860" VPOS="3173" WIDTH="62" HEIGHT="39" CONTENT="les" WC="0.98" CC="220"/>
						<SP ID="P21_SP00429" HPOS="1922" VPOS="3231" WIDTH="36"/>
						<String ID="P21_ST00479" HPOS="1958" VPOS="3169" WIDTH="171" HEIGHT="43" CONTENT="difficul" SUBS_TYPE="HypPart1" SUBS_CONTENT="difficultés" WC="1.00" CC="00311001"/>
						<HYP HPOS="2129" VPOS="3169" WIDTH="21" CONTENT="-"/>
					</TextLine>
					<TextLine ID="P21_TL00046" HPOS="131" VPOS="3243" WIDTH="2021" HEIGHT="58">
						<String ID="P21_ST00480" HPOS="131" VPOS="3253" WIDTH="65" HEIGHT="37" CONTENT="tés" SUBS_TYPE="HypPart2" SUBS_CONTENT="difficultés" WC="0.98" CC="500"/>
						<SP ID="P21_SP00430" HPOS="196" VPOS="3290" WIDTH="25"/>
						<String ID="P21_ST00481" HPOS="221" VPOS="3249" WIDTH="75" HEIGHT="52" CONTENT="qui" WC="1.00" CC="000"/>
						<SP ID="P21_SP00431" HPOS="296" VPOS="3301" WIDTH="25"/>
						<String ID="P21_ST00482" HPOS="321" VPOS="3261" WIDTH="46" HEIGHT="27" CONTENT="se" WC="1.00" CC="00"/>
						<SP ID="P21_SP00432" HPOS="367" VPOS="3301" WIDTH="17"/>
						<String ID="P21_ST00483" HPOS="384" VPOS="3252" WIDTH="258" HEIGHT="48" CONTENT="présentent" WC="0.99" CC="0000025065"/>
						<SP ID="P21_SP00433" HPOS="642" VPOS="3301" WIDTH="21"/>
						<String ID="P21_ST00484" HPOS="663" VPOS="3262" WIDTH="75" HEIGHT="26" CONTENT="sur" WC="0.99" CC="030"/>
						<SP ID="P21_SP00434" HPOS="738" VPOS="3301" WIDTH="13"/>
						<String ID="P21_ST00485" HPOS="751" VPOS="3248" WIDTH="40" HEIGHT="40" CONTENT="le" WC="0.89" CC="20"/>
						<SP ID="P21_SP00435" HPOS="791" VPOS="3301" WIDTH="20"/>
						<String ID="P21_ST00486" HPOS="811" VPOS="3248" WIDTH="165" HEIGHT="40" CONTENT="clavier" WC="0.99" CC="0150100"/>
						<SP ID="P21_SP00436" HPOS="976" VPOS="3301" WIDTH="22"/>
						<String ID="P21_ST00487" HPOS="998" VPOS="3247" WIDTH="58" HEIGHT="41" CONTENT="du" WC="1.00" CC="00"/>
						<SP ID="P21_SP00437" HPOS="1056" VPOS="3301" WIDTH="21"/>
						<String ID="P21_ST00488" HPOS="1077" VPOS="3248" WIDTH="152" HEIGHT="52" CONTENT="piano." WC="0.99" CC="010314"/>
						<SP ID="P21_SP00438" HPOS="1229" VPOS="3301" WIDTH="27"/>
						<String ID="P21_ST00489" HPOS="1256" VPOS="3245" WIDTH="191" HEIGHT="41" CONTENT="Comme" WC="1.00" CC="00000"/>
						<SP ID="P21_SP00439" HPOS="1447" VPOS="3301" WIDTH="19"/>
						<String ID="P21_ST00490" HPOS="1466" VPOS="3245" WIDTH="63" HEIGHT="40" CONTENT="les" WC="0.97" CC="304"/>
						<SP ID="P21_SP00440" HPOS="1529" VPOS="3301" WIDTH="17"/>
						<String ID="P21_ST00491" HPOS="1546" VPOS="3244" WIDTH="113" HEIGHT="40" CONTENT="deux" WC="0.99" CC="0040"/>
						<SP ID="P21_SP00441" HPOS="1659" VPOS="3301" WIDTH="15"/>
						<String ID="P21_ST00492" HPOS="1674" VPOS="3243" WIDTH="146" HEIGHT="38" CONTENT="mains" WC="1.00" CC="00120"/>
						<SP ID="P21_SP00442" HPOS="1820" VPOS="3301" WIDTH="25"/>
						<String ID="P21_ST00493" HPOS="1845" VPOS="3254" WIDTH="45" HEIGHT="27" CONTENT="se" WC="1.00" CC="00"/>
						<SP ID="P21_SP00443" HPOS="1890" VPOS="3301" WIDTH="20"/>
						<String ID="P21_ST00494" HPOS="1910" VPOS="3248" WIDTH="242" HEIGHT="44" CONTENT="partagent" WC="1.00" CC="000000005"/>
					</TextLine>
					<TextLine ID="P21_TL00047" HPOS="130" VPOS="3309" WIDTH="2022" HEIGHT="59">
						<String ID="P21_ST00495" HPOS="130" VPOS="3316" WIDTH="401" HEIGHT="44" CONTENT="continuellement" WC="1.00" CC="300400403400006"/>
						<SP ID="P21_SP00444" HPOS="531" VPOS="3360" WIDTH="20"/>
						<String ID="P21_ST00496" HPOS="551" VPOS="3316" WIDTH="40" HEIGHT="40" CONTENT="la" WC="0.91" CC="10"/>
						<SP ID="P21_SP00445" HPOS="591" VPOS="3360" WIDTH="38"/>
						<String ID="P21_ST00497" HPOS="629" VPOS="3316" WIDTH="218" HEIGHT="51" CONTENT="besogne," WC="1.00" CC="00000003"/>
						<SP ID="P21_SP00446" HPOS="847" VPOS="3367" WIDTH="42"/>
						<String ID="P21_ST00498" HPOS="889" VPOS="3317" WIDTH="28" HEIGHT="40" CONTENT="il" WC="0.67" CC="05"/>
						<SP ID="P21_SP00447" HPOS="917" VPOS="3367" WIDTH="36"/>
						<String ID="P21_ST00499" HPOS="953" VPOS="3325" WIDTH="66" HEIGHT="33" CONTENT="est" WC="1.00" CC="000"/>
						<SP ID="P21_SP00448" HPOS="1019" VPOS="3367" WIDTH="23"/>
						<String ID="P21_ST00500" HPOS="1042" VPOS="3328" WIDTH="195" HEIGHT="40" CONTENT="presque" WC="1.00" CC="0000000"/>
						<SP ID="P21_SP00449" HPOS="1237" VPOS="3368" WIDTH="36"/>
						<String ID="P21_ST00501" HPOS="1273" VPOS="3313" WIDTH="269" HEIGHT="54" CONTENT="impossible" WC="1.00" CC="1000000030"/>
						<SP ID="P21_SP00450" HPOS="1542" VPOS="3368" WIDTH="34"/>
						<String ID="P21_ST00502" HPOS="1576" VPOS="3311" WIDTH="247" HEIGHT="40" CONTENT="d'exécuter" WC="1.00" CC="0000000500"/>
						<SP ID="P21_SP00451" HPOS="1823" VPOS="3368" WIDTH="23"/>
						<String ID="P21_ST00503" HPOS="1846" VPOS="3309" WIDTH="62" HEIGHT="41" CONTENT="les" WC="0.99" CC="200"/>
						<SP ID="P21_SP00452" HPOS="1908" VPOS="3368" WIDTH="25"/>
						<String ID="P21_ST00504" HPOS="1933" VPOS="3320" WIDTH="219" HEIGHT="42" CONTENT="passages" WC="1.00" CC="00000000"/>
					</TextLine>
					<TextLine ID="P21_TL00048" HPOS="130" VPOS="3378" WIDTH="2024" HEIGHT="60">
						<String ID="P21_ST00505" HPOS="130" VPOS="3390" WIDTH="53" HEIGHT="41" CONTENT="de" WC="1.00" CC="00"/>
						<SP ID="P21_SP00453" HPOS="183" VPOS="3431" WIDTH="25"/>
						<String ID="P21_ST00506" HPOS="208" VPOS="3391" WIDTH="133" HEIGHT="38" CONTENT="tierce" WC="1.00" CC="000000"/>
						<SP ID="P21_SP00454" HPOS="341" VPOS="3431" WIDTH="30"/>
						<String ID="P21_ST00507" HPOS="371" VPOS="3401" WIDTH="57" HEIGHT="27" CONTENT="ou" WC="1.00" CC="00"/>
						<SP ID="P21_SP00455" HPOS="428" VPOS="3431" WIDTH="34"/>
						<String ID="P21_ST00508" HPOS="462" VPOS="3386" WIDTH="55" HEIGHT="41" CONTENT="de" WC="1.00" CC="00"/>
						<SP ID="P21_SP00456" HPOS="517" VPOS="3431" WIDTH="20"/>
						<String ID="P21_ST00509" HPOS="537" VPOS="3388" WIDTH="111" HEIGHT="38" CONTENT="sixte" WC="0.99" CC="03020"/>
						<SP ID="P21_SP00457" HPOS="648" VPOS="3431" WIDTH="22"/>
						<String ID="P21_ST00510" HPOS="670" VPOS="3400" WIDTH="80" HEIGHT="38" CONTENT="par" WC="1.00" CC="000"/>
						<SP ID="P21_SP00458" HPOS="750" VPOS="3438" WIDTH="21"/>
						<String ID="P21_ST00511" HPOS="771" VPOS="3386" WIDTH="79" HEIGHT="40" CONTENT="des" WC="1.00" CC="000"/>
						<SP ID="P21_SP00459" HPOS="850" VPOS="3438" WIDTH="32"/>
						<String ID="P21_ST00512" HPOS="882" VPOS="3393" WIDTH="314" HEIGHT="33" CONTENT="mouvements" WC="1.00" CC="0000000530"/>
						<SP ID="P21_SP00460" HPOS="1196" VPOS="3438" WIDTH="18"/>
						<String ID="P21_ST00513" HPOS="1214" VPOS="3389" WIDTH="87" HEIGHT="35" CONTENT="très" WC="0.98" CC="4070"/>
						<SP ID="P21_SP00461" HPOS="1301" VPOS="3438" WIDTH="25"/>
						<String ID="P21_ST00514" HPOS="1326" VPOS="3382" WIDTH="198" HEIGHT="53" CONTENT="rapides." WC="1.00" CC="00000004"/>
						<SP ID="P21_SP00462" HPOS="1524" VPOS="3438" WIDTH="41"/>
						<String ID="P21_ST00515" HPOS="1565" VPOS="3380" WIDTH="88" HEIGHT="41" CONTENT="Par" WC="1.00" CC="000"/>
						<SP ID="P21_SP00463" HPOS="1653" VPOS="3438" WIDTH="22"/>
						<String ID="P21_ST00516" HPOS="1675" VPOS="3389" WIDTH="167" HEIGHT="39" CONTENT="contre," WC="1.00" CC="0002003"/>
						<SP ID="P21_SP00464" HPOS="1842" VPOS="3438" WIDTH="23"/>
						<String ID="P21_ST00517" HPOS="1865" VPOS="3379" WIDTH="29" HEIGHT="40" CONTENT="il" WC="1.00" CC="00"/>
						<SP ID="P21_SP00465" HPOS="1894" VPOS="3438" WIDTH="36"/>
						<String ID="P21_ST00518" HPOS="1930" VPOS="3378" WIDTH="73" HEIGHT="53" CONTENT="n'y" WC="0.99" CC="020"/>
						<SP ID="P21_SP00466" HPOS="2003" VPOS="3438" WIDTH="23"/>
						<String ID="P21_ST00519" HPOS="2026" VPOS="3393" WIDTH="21" HEIGHT="26" CONTENT="a" WC="1.00" CC="0"/>
						<SP ID="P21_SP00467" HPOS="2047" VPOS="3438" WIDTH="22"/>
						<String ID="P21_ST00520" HPOS="2069" VPOS="3391" WIDTH="85" HEIGHT="40" CONTENT="pas" WC="0.97" CC="007"/>
					</TextLine>
					<TextLine ID="P21_TL00049" HPOS="131" VPOS="3447" WIDTH="2019" HEIGHT="62">
						<String ID="P21_ST00521" HPOS="131" VPOS="3459" WIDTH="54" HEIGHT="41" CONTENT="de" WC="1.00" CC="00"/>
						<SP ID="P21_SP00468" HPOS="185" VPOS="3500" WIDTH="24"/>
						<String ID="P21_ST00522" HPOS="209" VPOS="3457" WIDTH="236" HEIGHT="42" CONTENT="difficultés" WC="1.00" CC="00100053070"/>
						<SP ID="P21_SP00469" HPOS="445" VPOS="3500" WIDTH="36"/>
						<String ID="P21_ST00523" HPOS="481" VPOS="3469" WIDTH="115" HEIGHT="40" CONTENT="pour" WC="1.00" CC="0000"/>
						<SP ID="P21_SP00470" HPOS="596" VPOS="3509" WIDTH="34"/>
						<String ID="P21_ST00524" HPOS="630" VPOS="3459" WIDTH="205" HEIGHT="36" CONTENT="exécuter" WC="1.00" CC="00000000"/>
						<SP ID="P21_SP00471" HPOS="835" VPOS="3509" WIDTH="20"/>
						<String ID="P21_ST00525" HPOS="855" VPOS="3454" WIDTH="79" HEIGHT="40" CONTENT="des" WC="1.00" CC="000"/>
						<SP ID="P21_SP00472" HPOS="934" VPOS="3509" WIDTH="30"/>
						<String ID="P21_ST00526" HPOS="964" VPOS="3452" WIDTH="168" HEIGHT="53" CONTENT="figures" WC="1.00" CC="2200000"/>
						<SP ID="P21_SP00473" HPOS="1132" VPOS="3509" WIDTH="39"/>
						<String ID="P21_ST00527" HPOS="1171" VPOS="3453" WIDTH="336" HEIGHT="51" CONTENT="chromatiques" WC="1.00" CC="020000110000"/>
						<SP ID="P21_SP00474" HPOS="1507" VPOS="3509" WIDTH="24"/>
						<String ID="P21_ST00528" HPOS="1531" VPOS="3455" WIDTH="86" HEIGHT="35" CONTENT="très" WC="0.97" CC="3370"/>
						<SP ID="P21_SP00475" HPOS="1617" VPOS="3509" WIDTH="36"/>
						<String ID="P21_ST00529" HPOS="1653" VPOS="3449" WIDTH="193" HEIGHT="53" CONTENT="rapides," WC="0.99" CC="40010033"/>
						<SP ID="P21_SP00476" HPOS="1846" VPOS="3509" WIDTH="36"/>
						<String ID="P21_ST00530" HPOS="1882" VPOS="3450" WIDTH="37" HEIGHT="40" CONTENT="si" WC="0.98" CC="00"/>
						<SP ID="P21_SP00477" HPOS="1919" VPOS="3509" WIDTH="31"/>
						<String ID="P21_ST00531" HPOS="1950" VPOS="3448" WIDTH="40" HEIGHT="41" CONTENT="la" WC="0.88" CC="20"/>
						<SP ID="P21_SP00478" HPOS="1990" VPOS="3509" WIDTH="24"/>
						<String ID="P21_ST00532" HPOS="2014" VPOS="3447" WIDTH="136" HEIGHT="42" CONTENT="basse" WC="1.00" CC="00000"/>
					</TextLine>
					<TextLine ID="P21_TL00050" HPOS="129" VPOS="3525" WIDTH="1190" HEIGHT="53">
						<String ID="P21_ST00533" HPOS="129" VPOS="3527" WIDTH="112" HEIGHT="42" CONTENT="n'est" WC="0.98" CC="53004"/>
						<SP ID="P21_SP00479" HPOS="241" VPOS="3569" WIDTH="20"/>
						<String ID="P21_ST00534" HPOS="261" VPOS="3540" WIDTH="81" HEIGHT="38" CONTENT="pas" WC="1.00" CC="000"/>
						<SP ID="P21_SP00480" HPOS="342" VPOS="3578" WIDTH="20"/>
						<String ID="P21_ST00535" HPOS="362" VPOS="3541" WIDTH="55" HEIGHT="26" CONTENT="en" WC="1.00" CC="00"/>
						<SP ID="P21_SP00481" HPOS="417" VPOS="3578" WIDTH="24"/>
						<String ID="P21_ST00536" HPOS="441" VPOS="3530" WIDTH="147" HEIGHT="37" CONTENT="même" WC="0.99" CC="0700"/>
						<SP ID="P21_SP00482" HPOS="588" VPOS="3578" WIDTH="21"/>
						<String ID="P21_ST00537" HPOS="609" VPOS="3533" WIDTH="145" HEIGHT="44" CONTENT="temps" WC="1.00" CC="30000"/>
						<SP ID="P21_SP00483" HPOS="754" VPOS="3578" WIDTH="25"/>
						<String ID="P21_ST00538" HPOS="779" VPOS="3532" WIDTH="97" HEIGHT="43" CONTENT="trop" WC="1.00" CC="1000"/>
						<SP ID="P21_SP00484" HPOS="876" VPOS="3578" WIDTH="25"/>
						<String ID="P21_ST00539" HPOS="901" VPOS="3531" WIDTH="191" HEIGHT="32" CONTENT="souvent" WC="1.00" CC="0020005"/>
						<SP ID="P21_SP00485" HPOS="1092" VPOS="3578" WIDTH="20"/>
						<String ID="P21_ST00540" HPOS="1112" VPOS="3525" WIDTH="207" HEIGHT="49" CONTENT="occupée." WC="0.99" CC="00030802"/>
					</TextLine>
				</TextBlock>
			</PrintSpace>
		</Page>
	</Layout>
</alto>
