2920 3048
1534 2385 73 35 292

981 873 647 47 HANDZEICHNUNG
1675 878 460 51 LEONARDOS.

806 949 27 87 /
886 993 114 43 Den
1024 994 213 45 rechten
1259 996 129 43 Arm
1413 1008 91 30 um
1528 996 100 44 den
1651 1001 422 60 geschmeidigen
2096 1006 131 45 Leib

874 1053 90 43 des
985 1053 224 45 Knaben
1232 1056 320 56 schlingend,
1570 1059 235 45 welcher
1826 1063 243 46 lächelnd
2092 1067 148 56 greift

858 1113 137 43 nach
1018 1114 172 44 einem
1213 1114 418 59 Schmetterling,
1651 1120 90 43 der
1762 1135 92 30 um
1878 1124 92 43 ihn
1993 1125 261 54 schweift,

956 1174 344 45 erschrocken
1322 1175 356 46 halberhoben
1701 1183 154 42 starrt
1880 1184 84 42 ein
1987 1185 175 45 Weib.

883 1282 117 44 Von
1023 1285 168 44 ihrem
1213 1285 180 56 Haupt
1414 1286 66 44 ist
1502 1286 156 46 leicht
1681 1291 92 44 das
1795 1291 151 46 Tuch
1969 1296 263 53 geglitten,

946 1344 82 44 die
1050 1344 245 46 Schläfen
1317 1346 209 44 hüllend
1549 1346 115 46 fällt
1688 1351 92 43 das
1802 1352 200 45 braune
2025 1355 146 44 Haar

919 1404 133 43 rund
1074 1418 93 30 um
1190 1406 100 43 den
1311 1406 148 56 Kopf.
1483 1406 209 45 Stumm
1716 1411 266 46 drohende
2007 1414 191 45 Gefahr

988 1463 92 45 hat
1104 1465 166 45 dieser
1292 1466 417 57 angstgelähmte
1731 1471 149 44 Blick
1906 1473 218 44 erlitten.

902 1573 330 46 Gesträubter
1255 1576 213 51 Mähne,
1493 1576 122 44 Glut
1638 1579 72 43 im
1733 1581 149 57 Auge
1905 1585 310 52 sammelnd,

842 1633 158 44 duckt
1021 1633 213 45 federnd
1258 1637 163 43 schon
1444 1635 90 44 der
1551 1636 174 47 Löwe
1747 1641 110 43 sich
1880 1655 123 31 zum
2024 1643 251 59 Sprunge,

879 1694 95 43 mit
999 1694 381 45 Gliedermasse
1401 1695 132 44 breit
1557 1696 100 44 den
1681 1699 130 44 Pfad
1833 1705 406 44 verrammelnd.

973 1804 59 44 In
1051 1805 150 56 jäher
1222 1806 188 45 Felsen
1433 1806 250 47 Schatten
1706 1810 161 59 bangt
1891 1813 82 44 die
1997 1813 146 51 Qual.

841 1864 81 43 Da
941 1865 146 44 wirft
1109 1866 110 44 sich
1244 1880 94 30 aus
1361 1867 87 43 der
1466 1866 121 44 Luft
1609 1870 96 43 mit
1728 1871 224 45 sicherm
1971 1873 306 62 Schwünge

1031 1926 83 44 ein
1136 1926 342 44 riesenhafter
1502 1926 146 46 Greif
1664 1931 109 45 wie
1798 1932 83 44 ein
1903 1933 183 47 Fanal,

440 2039 119 23 Gedicht
578 2044 57 16 von

397 2074 121 23 Richard
528 2071 147 27 Schaukal,

397 2108 196 26 Umrahmung
620 2112 55 16 von

397 2143 102 23 Friedr.
510 2141 92 28 König
613 2140 61 23 OM.
