2275 3338
160 268 72 36 194

1035 267 227 26 CONCERTS

153 358 53 42 G.
232 359 279 50 Mauguière,
538 358 50 40 P.
611 359 212 50 Daraux),
849 360 38 39 le
908 362 21 36 8
955 373 133 33 mars,
1102 359 39 40 le
1165 373 11 25 i
1186 364 33 17 er
1243 359 147 39 récital
1414 357 171 40 Enesco
1605 356 204 50 (Tartini,
1834 355 135 47 Bach,
1992 354 152 47 Ernst,

153 427 237 50 Paganini,
433 425 226 53 Sarasate)
680 427 72 49 ;le
792 441 39 36 9,
858 427 38 40 le
944 441 11 25 i
965 432 32 22 er
1019 435 173 32 concert
1215 426 54 39 de
1301 425 108 40 MM.
1438 425 270 40 Barmeister
1745 434 40 30 et
1827 423 81 40 Ed.
1947 421 197 42 Bernard

153 494 205 50 (Mozart,
384 494 137 48 Bach,
544 493 193 53 Chopin,
753 494 336 46 Mendelssohn,
1105 493 221 52 Debussy,
1351 492 124 53 etc.);
1495 493 38 40 le
1566 507 62 33 11,
1653 493 38 39 le
1714 500 174 32 concert
1910 492 208 47 d'inaugu-

153 565 142 39 ration
319 563 53 39 de
397 562 38 40 la
460 562 205 40 nouvelle
705 561 173 42 Société
918 562 120 40 Bach
1079 561 217 52 (Gustave
1329 561 116 46 Bret,
1480 562 268 47 directeur);
1792 561 38 39 le
1854 574 60 35 13,
1948 559 39 40 le
2022 557 114 41 beau

154 631 146 40 récital
325 631 183 50 d'orgue
529 630 52 40 de
604 629 60 41 M.
691 629 132 52 Loth,
850 644 103 26 avec
983 631 38 39 le
1059 643 214 27 concours
1315 630 52 39 de
1407 628 44 40 M
1456 634 47 16 me
1526 627 59 41 M.
1630 627 153 53 Capoy
1816 625 321 54 (Frescobaldi,

151 699 134 50 Bach,
306 697 100 41 Cés.
435 698 206 52 Franck),

205 802 155 41 Citons
401 816 157 27 encore
591 804 141 51 parmi
771 804 61 39 les
870 805 219 38 virtuoses
1131 807 268 35 récemment
1447 802 233 51 applaudis
1707 816 7 24 :
1754 800 46 39 M
1806 798 36 24 lle
1865 799 276 50 Marguerite

152 870 307 53 Caponsacchi
491 872 363 49 (violoncelliste)
889 880 40 31 et
970 871 46 39 M
1020 869 38 24 lle
1096 869 204 41 Suzanne
1341 869 287 50 Richebourg
1649 880 9 36 ;
1684 868 62 40 xM.
1785 868 139 39 Dezsb
1948 866 195 41 Léderer

153 938 219 49 (audition
415 938 220 41 d'oeuvres
674 940 53 38 de
762 938 90 41 Léo
889 938 157 52 Sachs)
1071 953 8 33 ;
1132 938 60 40 M.
1232 938 121 54 Jules
1382 937 203 50 Marneff,
1628 936 263 41 violoncelle
1926 935 97 40 solo
2056 935 79 40 des

151 1016 197 31 concerts
393 1006 284 41 Lamoureux
696 1018 9 37 ;
728 1006 61 41 M.
826 1007 30 39 I.
883 1007 178 51 Philipp
1103 1007 195 48 (œuvres
1332 1006 53 40 de
1427 1006 83 40 Ch.
1543 1005 61 41 M.
1644 1005 177 47 Wïdor,
1846 1004 109 40 salle
1978 1002 160 51 Erard,

151 1079 23 36 6
199 1074 152 52 mars),
373 1083 41 31 et
431 1074 44 39 M
480 1079 47 17 me
550 1074 186 40 Charles
758 1074 102 39 Max
879 1088 9 33 ;
914 1074 45 38 M
964 1072 38 28 lle
1033 1074 175 38 Andrée
1230 1072 151 42 Geïlée
1399 1074 168 48 (récital
1590 1074 53 38 de
1675 1073 168 51 piano).

207 1175 143 41 SALLE
373 1175 173 40 ERARD.
647 1174 124 41 Voici
794 1189 59 25 un
878 1187 158 39 aperçu
1059 1175 77 40 des
1159 1188 307 39 programmes
1494 1175 77 39 des
1595 1183 156 43 quatre
1775 1182 198 32 concerts
1996 1174 121 39 histo-

155 1246 148 49 riques
337 1256 84 38 que
444 1243 196 40 donnera
661 1247 21 35 à
706 1243 40 39 la
770 1243 108 39 salle
900 1242 139 40 Erard
1064 1242 62 40 M.
1150 1242 189 41 Ricardo
1363 1242 137 41 Vinès
1522 1254 8 27 :

205 1310 63 41 La
297 1326 13 24 i
320 1316 32 17 re
390 1316 157 34 séance
569 1309 67 52 (27
671 1310 136 51 mars)
833 1310 286 52 comprendra
1159 1311 76 39 des
1265 1324 173 26 œuvres
1477 1310 53 40 de
1565 1310 161 40 clavier
1762 1310 157 51 depuis
1957 1310 63 39 les
2044 1312 69 37 ori-

151 1380 129 49 gines
303 1376 172 54 jusqu'à
503 1378 159 52 Haydn
683 1389 8 29 :
717 1378 40 40 la
782 1392 20 26 2
807 1383 14 17 e
843 1377 39 52 (3
906 1378 142 52 avril),
1082 1378 54 40 de
1159 1377 170 41 Mozart
1348 1383 21 35 à
1395 1378 176 52 Chopin
1595 1394 6 23 :
1626 1378 61 40 les
1721 1392 16 37 3
1744 1383 15 17 e
1780 1387 41 31 et
1842 1392 25 36 4
1872 1383 11 15 e
1918 1378 69 52 (10
2009 1386 42 32 et
2089 1392 44 37 17

151 1446 125 52 avril)
303 1455 98 31 sont
417 1451 257 35 consacrées
699 1450 19 36 à
745 1446 37 40 la
798 1448 206 50 musique
1027 1446 212 40 moderne
1258 1446 53 40 de
1332 1455 143 31 toutes
1505 1447 62 39 les
1588 1447 159 39 écoles.

208 1514 219 52 Ajoutons
450 1527 84 39 que
553 1514 62 39 M.
649 1514 139 40 Vinès
812 1528 21 26 a
858 1515 181 39 institué
1061 1528 112 38 pour
1213 1527 69 27 ces
1317 1519 181 35 séances
1526 1514 77 40 des
1627 1514 325 40 abonnements
1992 1523 41 31 et
2056 1514 79 40 des

150 1587 173 35 entrées
348 1585 21 36 à
391 1597 58 25 un
473 1584 94 49 prix
590 1590 94 32 tout
709 1586 21 36 à
753 1580 79 42 fait
853 1582 231 52 populaire
1107 1581 69 51 (10
1199 1581 52 41 fr.
1276 1591 40 32 et
1334 1596 20 26 2
1380 1582 90 50 fr.).

211 1684 143 42 SALLE
394 1685 192 41 PLEYEL.
710 1686 214 40 Concerts
959 1691 254 36 annoncés:
1239 1687 39 40 le
1318 1691 61 46 16,
1420 1688 44 38 M
1469 1684 40 30 lle
1538 1686 198 53 Lapidus
1768 1687 162 51 Dylion
1947 1688 77 48 ;le
2067 1702 63 36 17,

153 1753 61 39 M.
241 1752 266 50 Catherine;
532 1754 39 40 le
596 1756 60 45 18,
682 1752 61 40 M.
781 1752 47 42 S.
850 1754 192 51 Bûrger;
1068 1754 38 40 le
1130 1768 67 37 20,
1220 1754 60 40 M.
1306 1754 82 40 Ed.
1416 1754 166 50 Risler;
1605 1756 39 39 le
1668 1770 65 36 23,
1759 1759 22 35 à
1816 1770 23 35 4
1863 1756 72 49 h.,
1963 1754 177 41 Société

153 1821 78 39 des
248 1820 294 42 Instruments
567 1826 21 35 à
610 1830 103 31 vent
734 1826 57 46 ;à
812 1836 23 37 9
855 1822 63 49 h.,
941 1820 174 42 Société
1134 1822 76 40 des
1227 1822 360 52 Compositeurs;
1607 1824 39 39 le
1670 1838 64 36 24,
1757 1823 46 39 M
1809 1828 46 17 me
1878 1824 257 39 Bernaudin

150 1889 137 53 Jetot;
323 1888 37 40 le
398 1902 65 38 25,
488 1888 62 40 M.
585 1888 204 54 Morpain
806 1901 8 36 ;
837 1890 38 39 le
907 1904 64 37 27,
1009 1889 58 40 M.
1095 1888 337 52 Stavenhagen;
1459 1891 39 40 le
1536 1895 66 43 28,
1647 1891 61 39 M.
1754 1890 187 42 Grovlez
1961 1902 7 30 ;
1996 1892 39 39 le
2077 1905 66 37 29,

152 1955 60 40 M.
236 1955 181 50 Tracol;
442 1956 38 40 le
506 1969 64 37 31,
595 1956 111 40 MM.
728 1955 235 43 Granados
986 1966 40 32 et
1047 1957 285 41 Crickhoom.

207 2050 150 50 ÉCOLE
380 2074 81 26 DES
483 2060 180 41 HAUTES
687 2051 182 51 ÉTUDES
902 2076 225 26 SOCIALES.
1134 2060 5 54 ]
1253 2062 85 40 Les
1362 2063 146 39 lundis
1533 2076 69 37 20,
1632 2077 47 37 27
1715 2077 119 27 mars
1853 2073 41 31 et
1921 2077 14 39 5
1965 2065 126 46 avril,
2117 2070 23 34 à

150 2142 24 36 4
198 2127 44 39 h.
284 2127 86 50 1/4,
401 2126 224 42 M.Louis
663 2128 139 53 Laloy
824 2130 197 40 étudiera
1063 2130 214 52 quelques
1316 2144 173 26 œuvres
1518 2131 53 39 de
1609 2133 207 49 musique
1851 2132 291 52 dramatique

152 2197 385 50 contemporaine:
564 2195 194 51 Fervaal,
779 2196 170 51 Louise,
975 2197 170 40 Pelléas
1167 2203 37 33 et
1218 2196 256 41 Mélisctnde.

207 2299 144 41 BAZAR
376 2314 53 25 DE
450 2314 49 26 LA
530 2297 215 44 CHARITÉ.
844 2300 62 42 Le
931 2315 47 38 24
1015 2316 135 35 mars,
1176 2307 21 35 à
1220 2317 24 35 4
1267 2303 62 47 h.,
1371 2312 172 32 concert
1567 2304 140 50 dirigé
1742 2318 79 38 par
1860 2305 61 39 M.
1950 2304 186 42 Vincent

151 2366 168 53 d'lndy,
343 2377 40 31 et
414 2368 184 52 précédé
619 2367 131 42 d'une
772 2372 197 38 causerie
988 2384 78 38 par
1087 2370 62 40 xM.
1172 2370 138 40 Louis
1334 2370 139 52 Laloy
1494 2383 8 27 :
1528 2372 50 39 de
1593 2371 268 41 Monteverdi
1881 2375 24 37 à
1921 2373 220 40 Rameau.
