2276 3739
156 197 75 37 186

767 206 145 27 COURS
946 206 58 27 DU
1040 196 200 36 COLLÈGE
1273 204 56 25 DE
1362 202 170 27 FRANCE

208 296 258 41 Nullement
484 308 9 38 ;
519 306 41 31 et
589 306 126 32 notre
746 297 182 53 analyse
954 297 91 40 doit
1072 297 229 52 parcourir
1329 308 86 27 une
1448 302 122 32 autre
1594 297 140 47 étape.

209 364 125 41 Nous
360 377 138 28 avons
516 379 58 26 vu
595 365 63 40 les
691 367 214 38 exercices
931 366 90 51 qui,
1049 377 54 28 en
1127 368 148 36 créant
1298 362 40 40 la
1362 363 164 48 langue
1552 362 78 38 des
1654 373 120 34 sons,
1797 374 54 26 en
1880 360 260 52 l'assouplis-

153 442 115 41 sant,
295 446 53 27 en
372 433 38 40 la
433 433 156 40 dotant
614 434 53 39 de
688 447 253 28 ressources
975 438 88 36 très
1087 432 160 48 riches,
1274 438 74 33 ont
1383 433 190 49 préparé
1595 429 40 40 la
1673 433 162 47 pensée
1867 429 214 39 musicale
2113 437 42 32 et

153 502 107 40 l'ont
300 501 167 40 rendue
499 500 213 53 possible,
764 503 111 39 mais
929 515 115 26 nous
1107 499 186 41 n'avons
1333 510 159 28 encore
1527 506 111 31 cette
1679 501 162 48 pensée
1883 494 101 55 qu'à
2033 496 128 40 l'état

150 569 361 52 embryonnaire.
539 567 72 43 On
633 578 105 44 peut
762 569 109 43 faire
903 569 77 41 des
1017 581 168 28 canons
1204 568 54 39 de
1291 574 95 33 tout
1412 579 155 37 genre,
1592 565 78 40 des
1703 564 177 52 fugues,
1916 565 78 40 des
2022 577 105 27 cons-

151 639 216 39 tructions
390 638 176 40 vocales
591 651 56 27 ou
678 637 366 41 instrumentales
1068 642 87 35 très
1189 644 224 38 savantes,
1440 646 105 27 sans
1573 634 168 39 arriver
1774 637 21 35 à
1816 633 210 51 produire
2049 632 113 40 chez:

150 704 237 42 l'auditeur
418 714 111 33 cette
552 708 196 39 émotion
772 706 192 52 spéciale
983 713 40 32 et
1046 703 233 54 profonde,
1315 716 47 28 ce
1400 701 176 42 trouble
1598 703 158 39 intime
1783 701 53 40 de
1860 699 121 42 l'être
2009 701 145 39 moral

152 783 95 32 tout
266 776 139 39 entier
426 776 74 50 qui
534 783 65 31 est
633 788 172 26 comme
828 774 38 40 le
894 775 127 48 signe
1040 772 162 52 auquel
1226 785 57 27 on
1321 774 227 37 reconnaît
1585 769 40 40 la
1663 771 122 38 vraie
1804 770 221 50 musique.
2065 767 90 41 Les

151 844 239 50 praticiens
419 843 52 39 de
495 843 39 39 la
557 842 304 41 Renaissance
885 850 75 32 ont
981 849 174 32 surtout
1188 844 97 36 créé
1321 838 78 41 des
1435 838 154 40 cadres
1611 852 7 25 :
1658 837 182 41 l'œuvre
1872 837 76 40 des
1984 837 170 49 grands

150 915 186 35 maîtres
358 911 58 39 du
437 925 104 25 xvni
547 915 15 17 e
584 910 130 40 siècle
739 925 21 24 a
785 914 68 35 été
875 910 64 38 les
959 908 195 51 remplir.
1182 906 117 41 Avec
1323 906 131 52 quoil
1474 906 152 40 ont-ils
1649 904 110 41 fait?

208 977 229 53 Quelques
461 978 230 50 analogies
713 985 108 32 vont
838 990 114 26 nous
980 976 197 40 éclairer.

205 1045 123 41 Dans
346 1045 213 40 l'histoire
576 1045 53 39 de
647 1044 40 40 la
709 1045 151 51 poésie
877 1043 233 49 française,
1127 1054 114 28 nous
1260 1049 261 32 constatons
1538 1042 85 38 ceci
1640 1056 7 24 :
1672 1049 132 32 avant
1820 1040 39 40 le
1877 1055 87 25 xvn
1969 1045 15 18 e
2001 1040 157 50 siècley

150 1122 40 31 et
213 1113 62 40 les
298 1113 199 39 derniers
539 1112 167 50 grands
739 1117 153 45 poètes
939 1110 54 39 de
1028 1108 116 51 l'âge
1180 1108 238 52 précédent
1447 1109 76 50 qui
1567 1106 298 50 l'annoncent,
1899 1108 29 38 il
1962 1122 27 37 y
2020 1122 22 24 a
2073 1108 81 39 des

150 1181 217 38 écrivains
391 1181 75 49 qui
490 1184 148 35 créent
658 1179 77 39 des
757 1177 336 41 combinaisons
1113 1177 53 39 de
1190 1178 151 46 rimes,
1374 1175 56 41 de
1466 1189 100 27 vers
1601 1185 41 31 et
1684 1176 53 40 de
1766 1176 208 52 strophes
2005 1179 124 37 extrê-

150 1256 195 31 mement
364 1246 187 41 subtiles
567 1258 9 37 ;
602 1249 113 38 mais
738 1259 47 27 ce
806 1245 129 53 qu'ils
960 1244 184 41 fondent
1165 1252 190 40 surtout,
1381 1242 105 42 c'est
1503 1243 97 41 l'art
1616 1244 54 40 de
1689 1244 40 40 la
1752 1242 301 42 versification
2072 1258 10 33 ;
2105 1257 48 27 ce

151 1316 131 51 qu'ils
307 1319 161 45 créent,
494 1314 104 41 c'est
619 1329 60 26 un
701 1315 285 49 instrument,
1012 1322 40 31 et
1075 1314 94 38 rien
1191 1312 54 40 de
1265 1312 100 52 plus
1390 1323 8 37 ;
1425 1317 130 47 après
1587 1325 98 37 eux,
1708 1313 211 39 viennent
1948 1311 64 41 les
2032 1313 123 39 vrais

155 1383 169 50 grands
362 1388 168 47 poètes,
569 1383 62 39 les
656 1381 240 46 Corneille,
935 1381 62 40 les
1035 1379 202 49 Molière,
1282 1380 63 39 les
1379 1379 183 49 Racine,
1590 1381 90 50 qui,
1706 1378 211 54 profitant
1952 1379 53 40 de
2041 1388 113 32 cette

151 1465 150 27 œuvre
325 1449 444 54 d'assouplissement
785 1458 40 31 et
847 1447 322 54 d'adaptation,
1194 1462 46 25 se
1257 1456 174 32 servent
1452 1448 53 40 de
1527 1447 39 40 la
1591 1447 178 51 langue,
1795 1461 91 27 non
1915 1448 101 51 plus
2039 1461 116 38 pour

152 1519 78 40 des
253 1520 97 51 jeux
367 1519 197 52 d'esprit,
591 1519 77 39 des
705 1517 249 50 badinages
990 1531 55 26 ou
1068 1517 77 40 des
1177 1529 239 40 prouesses
1440 1516 53 39 de
1513 1517 359 49 grammairiens,
1905 1518 113 38 mais
2038 1529 118 38 pour

155 1588 224 51 exprimer
399 1586 78 40 des
497 1586 121 40 idées
641 1592 87 34 très
760 1586 156 39 hautes
938 1593 42 32 et
1002 1585 77 40 des
1103 1585 263 39 sentiments
1389 1583 226 40 humains.
1711 1583 123 40 Dans
1858 1584 219 39 l'histoire
2098 1583 56 42 de

150 1655 290 51 l'éloquence,
467 1654 40 40 la
529 1654 57 40 loi
611 1663 64 30 est
696 1654 38 39 la
757 1657 144 36 même
920 1664 8 27 :
956 1653 102 40 chez
1082 1652 63 40 les
1166 1655 195 45 anciens,
1384 1653 250 50 paraissent
1656 1651 185 40 d'abord
1865 1651 63 40 les
1947 1652 192 40 rhéteurs-

152 1725 75 49 qui
266 1729 205 33 trouvent
495 1722 39 39 la
555 1722 182 51 période
756 1730 41 32 et
837 1728 276 45 apprennent
1135 1724 21 35 à
1186 1720 40 39 la
1247 1721 249 39 construire
1520 1733 104 26 avec
1646 1719 332 50 d'ingénieuses
2008 1724 118 47 symé-

148 1793 106 38 tries
273 1806 9 32 ;
320 1791 99 50 puis
439 1793 143 47 paraît
605 1804 59 25 un
687 1788 317 50 Démosthène,
1028 1790 91 50 qui,
1143 1788 113 40 dans
1286 1801 46 26 ce
1367 1787 131 40 cadre
1527 1787 168 48 verbal,
1721 1787 215 41 introduit
1959 1788 40 40 le
2025 1802 98 26 mou-

148 1867 193 40 vement,
360 1857 39 40 la
418 1857 196 48 flamme,
635 1857 39 39 la
696 1858 85 38 vie.
804 1855 119 41 Chez
949 1856 62 40 les
1031 1855 252 50 modernes,
1304 1855 63 39 les
1382 1854 159 40 Balzac
1562 1863 42 31 et
1625 1855 62 39 les
1711 1854 185 42 Voiture
1912 1860 242 48 préparent

155 1925 205 41 Bossuet.

207 1992 69 40 En
300 1994 225 50 musique,
545 1992 104 40 s'est
671 1995 133 49 passé
823 1991 194 53 quelque
1036 1991 133 40 chose
1192 1990 52 40 de
1265 1989 264 41 semblable.

210 2060 96 40 Aux
327 2060 392 52 contrepointistes
739 2060 106 39 dont
866 2059 70 52 j'ai
955 2059 137 51 parlé,
1113 2058 106 40 dont
1237 2056 113 52 l'âge
1368 2058 95 40 d'or
1477 2071 254 27 commence
1747 2072 103 26 avec
1868 2057 262 52 Ockeghem
2138 2087 21 18 r

147 2136 40 35 et
207 2129 108 39 dont
330 2128 140 47 Bach,
496 2128 126 51 placé
643 2141 76 26 sur
743 2128 39 38 la
807 2128 139 38 limite
967 2126 54 40 de
1059 2126 113 40 deux
1206 2126 203 48 mondes,
1447 2134 66 32 est
1536 2126 40 39 le
1606 2126 177 40 dernier
1823 2131 335 47 représentant,,

146 2197 234 39 succèdent
404 2195 62 40 les
487 2197 329 50 compositeurs
840 2195 237 39 modernes
1102 2195 74 51 qui
1200 2192 211 54 profitent
1442 2193 55 41 de
1533 2202 94 32 tout
1653 2194 39 39 le
1729 2196 148 38 savoir
1913 2195 238 51 technique

153 2265 212 39 transmis
383 2277 80 38 par
482 2263 119 40 leurs
621 2263 259 40 devanciers
900 2277 8 33 ;
935 2276 79 38 par
1039 2263 114 39 suite
1175 2259 132 42 d'une
1324 2261 167 51 longue
1515 2270 362 43 accoutumance,
1903 2263 54 39 ils
1971 2272 181 42 portent

150 2346 104 26 avec
276 2345 87 26 une
383 2333 177 38 aisance
581 2330 188 52 parfaite
791 2330 39 41 le
847 2331 129 51 poids
1000 2330 77 40 des
1101 2329 145 51 règles
1264 2328 134 41 fixées
1420 2343 81 39 par
1521 2329 63 40 les
1604 2331 253 50 praticiens,
1878 2338 41 32 et
1934 2331 56 39 ils
2013 2339 76 32 ont
2111 2331 43 40 le

149 2399 115 40 droit
287 2398 220 41 d'oublier
527 2399 38 39 la
587 2400 271 49 grammaire
878 2412 57 27 ou
959 2398 53 40 de
1032 2411 54 27 ne
1110 2398 99 51 plus
1233 2397 65 52 s'y
1319 2396 231 48 absorber,
1573 2411 130 38 parce
1726 2397 131 52 qu'ils
1880 2399 39 38 la
1945 2400 181 39 connais-

150 2475 96 33 sent
299 2465 327 53 parfaitement.
669 2465 118 41 Leur
844 2466 284 50 intelligence
1169 2463 103 42 s'est
1310 2464 292 42 familiarisée
1644 2479 103 27 avec
1788 2466 39 39 la
1872 2466 165 51 langue
2072 2467 82 40 des

149 2548 105 27 sons
275 2546 8 39 ;
308 2535 83 40 elle
411 2548 55 27 en
488 2533 94 49 fait,
609 2539 22 35 à
668 2548 132 27 cause
823 2535 53 40 de
912 2548 81 27 son
1032 2534 313 40 immatérielle
1375 2534 186 48 fluidité,
1597 2548 58 26 un
1685 2534 130 40 mode
1844 2534 308 53 d'expression

151 2604 74 51 qui
242 2604 60 39 lui
322 2611 66 32 est
407 2602 100 53 plus
529 2603 233 39 commode
781 2611 41 31 et
837 2602 99 52 plus
959 2602 191 52 adéquat
1172 2616 83 39 que
1279 2601 64 41 les
1362 2611 146 31 autres
1526 2617 8 33 ;
1557 2602 81 40 elle
1658 2601 63 53 s'y
1740 2610 88 32 met
1852 2610 94 34 tout
1968 2604 195 49 entière,,

153 2686 73 25 car
247 2671 168 52 l'esprit
437 2683 54 28 ne
522 2670 118 41 subit
670 2684 80 38 pas
776 2684 70 26 ses
869 2684 185 38 moyens
1081 2669 307 53 d'expression
1409 2684 9 34 ;
1459 2671 29 38 il
1525 2670 62 40 les
1610 2674 110 36 crée.
1747 2669 67 41 En
1838 2685 58 25 un
1932 2680 109 39 mot,
2067 2671 85 40 elle

148 2755 26 36 y
206 2738 217 41 introduit
452 2738 39 40 la
534 2743 184 37 PENSÉE.
763 2738 89 40 Par
887 2739 57 50 là,
971 2738 38 52 je
1051 2738 39 40 le
1121 2743 165 47 répète,
1321 2739 38 51 je
1382 2737 236 41 n'entends
1641 2740 45 37 ni
1717 2750 86 28 une
1844 2740 211 50 synthèse
2096 2739 55 40 de

144 2816 209 43 concepts
399 2807 135 52 qu'on
557 2808 200 52 pourrait
800 2811 279 47 représenter
1112 2820 81 38 par
1233 2806 78 40 des
1348 2815 132 41 mots,
1520 2808 44 38 ni
1605 2819 86 27 une
1723 2814 119 32 sorte
1880 2807 54 40 de
1966 2808 185 51 logique

143 2876 211 40 abstraite
391 2889 174 27 comme
607 2876 63 38 les
713 2876 381 50 mathématiques
1143 2876 301 50 supérieures,
1489 2877 113 37 mais
1654 2874 39 39 la
1734 2874 100 51 plus
1884 2873 90 43 fine
2017 2875 106 40 subs-

148 2952 124 31 tance
320 2943 54 39 de
412 2943 40 39 la
484 2945 69 38 vie
577 2943 184 48 morale,
796 2956 47 27 ce
879 2943 106 52 qu'il
1019 2957 28 37 y
1086 2957 20 25 a
1145 2943 52 39 de
1230 2943 101 51 plus
1355 2943 202 48 humain,
1590 2942 50 40 de
1661 2942 100 52 plus
1800 2942 191 52 profond
2016 2957 57 27 ou
2097 2945 54 40 de

149 3011 101 52 plus
275 3011 161 39 délicat
455 3010 112 40 dans
589 3011 39 40 le
652 3012 254 49 sentiment,
929 3020 40 31 et
992 3024 48 27 ce
1063 3008 107 54 qu'il
1190 3026 26 37 y
1238 3025 21 25 a
1286 3011 52 40 de
1367 3011 101 52 plus
1493 3011 120 40 élevé
1637 3010 111 40 dans
1769 3010 40 40 la
1837 3013 165 40 raison.
2028 3011 124 41 Bach

148 3087 64 32 est
228 3078 113 52 déjà,
365 3091 172 27 comme
560 3078 54 39 l'a
638 3078 63 40 dit
720 3078 180 52 Philipp
925 3077 169 53 Spitta,
1119 3092 19 24 «
1160 3079 39 40 le
1223 3083 158 36 maître
1400 3080 54 39 de
1478 3079 39 40 la
1542 3078 111 41 libre
1673 3077 210 42 fantaisie
1904 3092 19 25 »
1943 3094 9 34 ;
1979 3081 36 39 si
2035 3094 118 27 nous

148 3145 189 42 voulons
356 3158 198 28 mesurer
576 3145 38 40 la
631 3145 200 42 distance
852 3148 74 50 qui
952 3150 155 48 sépare
1130 3161 60 26 un
1214 3149 366 50 contrepointiste
1604 3146 280 41 néerlandais
1910 3148 106 41 d'un
2033 3162 98 39 sym-

150 3215 207 51 phoniste
398 3214 214 41 moderne
724 3215 199 40 distance
961 3228 84 39 que
1069 3216 38 51 je
1139 3217 277 51 comparerai
1453 3220 22 36 à
1512 3217 107 40 celle
1642 3229 84 38 que
1751 3214 116 43 Kant
1899 3216 254 42 établissait

146 3291 121 32 entre
290 3283 63 39 les
375 3282 113 41 deux
519 3281 156 51 degrés
698 3283 53 40 de
774 3282 39 40 la
835 3284 150 39 raison
1013 3295 7 28 :
1053 3283 209 41 Verstand
1289 3293 40 31 et
1367 3283 213 55 Vernunft
1584 3317 8 18 ,
1683 3296 114 28 nous
1823 3284 186 42 n'avons
2046 3286 103 51 qu'à

149 3364 112 28 nous
287 3350 201 53 rappeler
506 3359 110 32 cette
635 3351 153 51 parole
810 3350 172 41 célèbre
1006 3351 52 40 de
1084 3351 259 41 Beethoven
1364 3363 8 28 :
1401 3365 19 25 «
1444 3351 64 41 La
1534 3352 204 51 musique
1771 3360 68 33 est
1856 3367 87 26 une
1966 3367 186 37 sagesse

146 3419 101 52 plus
269 3418 133 41 haute
425 3431 85 40 que
529 3418 38 40 la
592 3418 285 52 philosophie
899 3427 40 31 et
963 3419 40 39 la
1027 3419 227 50 théologie
1276 3432 18 25 »
1315 3429 8 40 ;
1351 3433 56 27 ou
1428 3429 110 31 cette
1562 3420 182 52 opinion
1782 3420 54 40 de
1868 3419 261 43 Schumann
2140 3455 17 17 r

149 3488 90 52 qui,
262 3487 110 40 dans
394 3499 69 28 ses
499 3485 132 42 Notes
654 3485 222 41 théâtrales
885 3518 7 17 ,
920 3487 103 52 juge
1044 3488 113 39 ainsi
1178 3487 278 51 YEuryanthe
1478 3489 54 40 de
1553 3487 168 44 Weber
1738 3502 8 26 :
1775 3500 19 26 «
1814 3488 119 42 C'est
1955 3490 60 41 du
2035 3504 127 36 sang:
