2276 3739
743 177 145 28 COURS
923 180 60 26 DU
1019 172 203 35 COLLÈGE
1255 182 58 25 DE
1346 182 171 26 FRANCE

2146 220 0 0 187

124 267 55 40 de
199 280 81 28 son
298 282 138 33 cœur,
461 267 108 48 cela,
595 276 42 32 et
660 268 58 41 du
739 270 101 51 plus
861 270 135 42 noble
1020 272 106 52 qu'il
1146 277 73 36 eût
1238 286 7 34 ;
1270 282 66 32 cet
1356 279 133 47 opéra
1517 274 61 43 lui
1613 289 21 26 a
1660 280 127 37 coûté
1809 291 60 26 un
1892 290 86 39 peu
1999 276 52 41 de
2087 289 47 27 sa

127 338 82 39 vie.
245 334 117 41 »Le
393 340 146 36 même
564 335 264 43 Schumann
861 341 181 40 écrivait
1076 345 108 36 àsa
1221 340 169 43 fiancée
1425 357 71 26 ces
1519 343 146 51 lignes
1689 347 237 39 curieuses
1947 355 9 26 :
1999 359 19 24 «
2051 345 86 54 J'ai

127 409 236 47 remarqué
386 404 108 52 qu'il
517 404 71 53 n'y
612 407 117 40 avait
748 407 160 52 jamais
932 409 101 52 plus
1049 409 155 40 d'ailes
1225 414 22 35 à
1269 425 71 26 ma
1364 409 209 42 fantaisie
1596 426 86 38 que
1702 413 63 40 les
1790 414 122 51 jours
1946 420 57 35 oû
2033 427 110 27 mon.

129 477 97 37 âme
248 482 65 32 est
337 474 161 40 tendue
533 488 81 38 par
635 475 40 40 le
709 476 172 43 désir...
924 477 87 41 Ces
1042 479 121 52 jours
1187 479 218 49 derniers,
1432 486 56 35 où
1518 478 255 55 j'attendais
1813 491 40 31 ta
1879 482 142 51 lettre,
2069 480 73 54 j'ai

128 547 212 48 composé
370 543 79 40 des
472 543 132 41 livres
639 544 161 52 pleins.
825 545 70 42 En
938 561 45 26 ce
1007 558 218 40 moment,
1266 547 40 54 je
1327 548 212 41 voudrais
1578 550 162 40 éclater
1777 550 55 40 de
1855 553 230 51 musique.
2119 563 20 24 »

129 611 189 42 Comme
350 627 116 26 nous
487 614 38 39 le
557 627 172 39 voyons
754 616 71 48 ici,
852 616 39 40 le
924 618 242 40 sentiment
1185 626 42 32 et
1262 618 39 40 la
1337 620 167 46 raison,
1529 619 41 40 la
1606 620 184 51 passion
1825 628 42 32 et
1889 620 40 40 la
1955 632 184 38 sagesse

127 683 213 40 viennent
364 683 182 52 remplir
564 683 63 41 les
651 684 153 40 cadres
828 684 138 52 qu'on
985 685 97 41 leur
1109 700 21 26 a
1152 691 229 48 préparés.

184 750 139 42 Autre
342 752 246 41 évolution.
623 751 64 42 La
724 752 228 54 Musique,
994 754 187 41 d'abord
1206 755 160 41 ancilla
1389 755 99 42 vitœ
1494 790 9 18 ,
1525 756 178 41 devient
1727 769 85 39 peu
1840 760 22 35 à
1888 769 85 39 peu
1994 771 58 25 un
2076 764 67 32 art

129 820 298 41 désintéressé
451 834 54 28 en
527 830 186 44 passant
732 822 59 41 du
826 832 177 33 concret
1028 827 22 36 à
1077 822 235 52 l'abstrait,
1338 825 59 41 du
1430 825 259 52 particulier
1713 839 56 26 au
1792 825 200 50 général.
2018 823 126 44 Cette

130 890 230 41 évolution
399 903 55 27 ne
499 893 169 38 saurait
704 905 115 27 nous
861 896 201 49 étonner,
1104 908 74 25 car
1209 907 114 28 nous
1362 894 41 41 la
1447 903 266 32 retrouvons
1754 895 115 39 dans
1918 893 227 53 plusieurs

130 969 149 32 autres
299 959 254 42 domaines.

188 1027 120 42 C'est
331 1029 108 41 celle
462 1029 58 40 du
544 1028 196 52 langage
759 1029 170 41 verbal.
955 1029 64 42 Le
1047 1032 194 52 premier
1273 1031 194 52 langage
1490 1032 189 40 humain
1713 1046 22 26 a
1760 1035 68 37 été
1849 1034 213 49 composé
2084 1030 54 40 de

132 1100 85 38 cris
248 1097 257 50 instinctifs,
539 1099 348 50 gémissements
926 1099 54 41 de
1002 1100 39 40 la
1067 1100 190 42 douleur
1278 1109 42 33 et
1351 1101 53 40 de
1428 1101 39 40 la
1487 1100 125 49 faim,
1652 1109 324 43 grognements
2008 1100 54 40 de
2104 1100 40 40 la

132 1167 160 47 colère,
321 1167 156 53 appels
499 1168 54 39 de
574 1167 239 42 chasseurs
847 1168 112 41 dans
983 1168 63 42 les
1075 1168 154 50 forêts,
1260 1179 120 32 etc...
1421 1169 240 52 Songeons
1684 1185 60 26 un
1775 1171 170 39 instant
1970 1183 55 27 au
2048 1168 73 41 che-

132 1238 94 39 min
245 1235 108 55 qu'il
375 1251 22 25 a
418 1236 109 41 fallu
541 1239 231 51 parcourir
790 1251 115 39 pour
925 1239 169 40 arriver
1116 1253 55 26 au
1190 1239 112 52 style
1325 1239 107 41 d'un
1452 1239 236 41 Descartes
1707 1253 57 27 ou
1787 1237 107 42 d'un
1916 1237 200 42 Voltaire
2131 1237 9 39 !

134 1305 240 41 Précisons
397 1305 268 51 davantage.

190 1373 88 42 Les
310 1375 348 49 grammairiens
679 1375 76 50 qui
779 1383 77 31 ont
875 1375 149 40 étudié
1047 1375 63 40 les
1143 1375 191 50 langues
1366 1378 250 49 primitives
1649 1390 115 26 nous
1797 1383 229 33 montrent
2060 1388 87 38 que

134 1444 63 40 les
221 1451 117 32 mots
359 1442 181 52 appelés
565 1455 20 24 «
611 1441 267 41 substantifs
901 1455 20 24 »
953 1451 42 32 et
1025 1451 133 44 ayant
1180 1458 60 26 un
1269 1457 102 27 sens
1396 1443 203 51 abstrait,
1626 1443 237 53 puisqu'ils
1896 1445 252 50 expriment

134 1511 130 41 l'idée
284 1509 134 42 d'une
439 1509 240 42 substance
701 1523 239 29 commune
965 1515 21 36 à
1009 1511 78 41 des
1116 1512 229 40 individus
1381 1512 54 40 de
1454 1516 146 36 même
1638 1517 172 47 espèce,
1850 1520 77 32 ont
1950 1515 71 37 été
2053 1510 72 40 d'a-

134 1580 110 41 bord
265 1580 78 41 des
369 1578 199 55 adjectifs
585 1580 251 52 exprimant
856 1595 59 25 un
936 1585 222 36 caractère
1181 1586 88 35 très
1294 1590 216 43 apparent
1533 1590 42 31 et
1595 1580 197 41 sensible
1813 1580 53 40 de
1892 1579 255 41 l'individu.

134 1649 329 53 L'étymologie
501 1663 52 27 en
578 1648 79 42 fait
687 1648 77 42 foi.
790 1648 143 50 Ainsi,
960 1652 68 51 xA
1029 1667 42 22 oa
1079 1680 8 18 ?
1126 1649 248 42 substantif
1404 1664 103 36 grec
1546 1648 234 53 signifiant
1806 1650 23 40 /.
1829 1665 17 24 %
1875 1655 107 34 terre
1989 1680 8 16 ,
2029 1664 22 25 a
2083 1652 68 36 été

136 1719 185 41 d'abord
355 1733 60 25 un
440 1717 182 54 adjectif
651 1718 109 41 dont
801 1718 40 41 le
883 1731 103 28 sens
1029 1727 65 32 est
1130 1719 41 40 la
1207 1718 119 41 sèche
1359 1717 100 54 (par
1499 1721 257 50 opposition
1778 1723 21 35 à
1839 1719 40 39 la
1922 1716 112 54 mer)
2069 1716 79 54 (i).

136 1791 189 48 ©iXacrcra,
351 1787 42 40 la
414 1802 89 25 mer
508 1819 9 19 ,
545 1785 179 53 signifie
743 1785 186 43 d'abord
953 1787 27 40 Y
985 1787 157 54 agitée,
1168 1787 109 41 celle
1298 1787 75 56 qui
1391 1787 150 40 bondit
1564 1789 154 51 (aXXto).
1754 1786 182 41 Animal
2037 1787 112 40 celui

138 1860 76 51 qui
247 1858 195 52 respire;
475 1864 172 47 serpens
652 1888 11 16 ,
705 1856 111 41 celui
853 1858 76 51 qui
967 1870 171 39 rampe,
1173 1865 121 32 etc...
1320 1871 19 24 «
1375 1856 123 41 Tous
1534 1857 63 40 les
1633 1855 272 42 substantifs
1944 1864 102 32 sont
2070 1855 80 40 des

137 1925 201 55 adjectifs
370 1939 55 27 en
449 1938 47 28 ce
534 1938 102 28 sens
661 1925 133 53 qu'ils
833 1925 237 50 désignent
1094 1926 63 40 les
1192 1925 144 53 objets
1359 1940 80 38 par
1470 1939 87 27 une
1576 1926 54 39 de
1653 1925 119 41 leurs
1812 1925 244 52 qualités...
2093 1923 57 41 Ils

137 1994 350 54 s'appliquaient
522 1994 116 41 donc
664 2003 289 44 proprement
995 2003 41 32 et
1072 1996 388 49 originairement,
1499 2008 90 26 non
1612 2008 80 38 pas
1729 2008 56 26 au
1813 2008 134 38 genre
1987 1992 87 41 réel
2107 2000 41 32 et

137 2072 176 34 concret
338 2062 132 54 qu'ils
489 2064 238 50 désignent
748 2063 327 49 actuellement,
1100 2065 114 39 mais
1237 2067 22 37 à
1284 2064 40 40 la
1348 2063 158 54 qualité
1528 2064 247 51 générique
1792 2071 40 31 et
1856 2061 228 44 abstraite,
2110 2061 39 39 le

136 2133 81 41 fait
240 2133 54 40 de
316 2132 179 50 bondir,
530 2133 54 39 de
623 2133 207 51 respirer,
855 2132 55 40 de
940 2137 266 48 ramper...).
1232 2131 38 41 A
1293 2130 221 52 l'origine,
1549 2132 40 40 le
1613 2130 249 42 substantif
1889 2144 58 27 ou
1971 2130 40 41 le
2040 2142 106 28 nom

137 2201 107 43 d'un
277 2201 119 54 objet
418 2201 240 50 désignant
680 2208 66 32 cet
769 2199 118 54 objet
907 2214 79 38 par
1009 2214 87 27 une
1132 2201 54 40 de
1219 2214 69 27 ses
1329 2201 192 52 qualités
1557 2202 214 51 équivaut
1816 2204 21 35 à
1861 2208 66 31 cet
1950 2198 137 51 égard
2124 2203 22 35 à

137 2286 62 26 un
223 2269 182 55 adjectif
421 2269 71 50 (i).
536 2282 19 25 »
580 2268 139 41 Entre
742 2267 215 54 l'adjectif
976 2269 201 49 (vocable
1217 2269 287 52 sensualiste)
1529 2278 42 31 et
1610 2269 39 40 le
1672 2266 248 43 substantif
1938 2266 205 53 (vocable

141 2338 217 53 abstrait),
385 2347 125 32 entre
533 2338 41 40 la
597 2337 166 51 langue
801 2336 242 42 d'Homère
1066 2346 41 33 et
1134 2337 108 41 celle
1264 2338 54 39 de
1343 2337 165 42 Platon
1541 2351 56 27 ou
1637 2336 259 50 d'Aristote,
1922 2336 28 39 il
1985 2350 28 37 y
2052 2349 22 26 a
2098 2335 44 40 la

139 2413 147 38 même
311 2408 202 40 distance
543 2406 201 54 qu'entre
776 2406 63 40 les
867 2406 226 42 chansons
1115 2406 79 41 des
1218 2413 229 34 trouvères
1477 2415 42 32 et
1538 2406 63 41 les
1635 2405 162 51 fugues
1833 2405 54 40 de
1910 2405 139 40 Bach.

194 2477 151 42 Même
366 2477 228 41 évolution
617 2476 112 40 dans
752 2475 63 41 les
838 2475 121 41 idées
980 2476 280 50 religieuses,
1286 2477 92 51 qui,
1402 2476 52 40 de
1472 2476 40 40 la
1536 2476 265 52 conception
1820 2474 55 40 de
1891 2474 209 40 divinités
2122 2476 30 36 à

138 2549 132 52 peine
288 2545 256 42 différentes
567 2545 53 41 de
639 2544 229 50 l'homme,
894 2544 210 42 s'élèvent
1124 2558 123 28 assez
1272 2545 97 40 tard
1395 2549 23 35 à
1442 2545 39 39 la
1515 2545 265 51 conception
1806 2542 134 41 d'une
1976 2541 151 41 Intelli-

139 2629 142 39 gence
329 2617 293 45 souveraine,
668 2613 39 41 le
750 2613 99 39 NoS;
899 2612 329 54 d'Anaxagore.
1282 2612 150 42 Même
1489 2613 229 41 évolution
1760 2612 112 40 dans
1927 2611 63 40 les
2025 2610 124 40 idées

141 2685 212 42 morales.
390 2682 73 43 On
483 2699 22 25 a
524 2683 62 41 dit
609 2685 191 38 maintes
821 2681 86 42 fois
934 2696 105 27 avec
1062 2685 151 39 raison
1248 2696 100 40 que,
1381 2683 112 40 dans
1522 2681 182 49 Ylliade,
1738 2681 30 40 il
1792 2680 72 53 n'y
1888 2695 21 25 a
1947 2692 87 40 que
2070 2678 80 42 des

141 2756 226 52 passions,
389 2753 77 41 des
490 2753 204 40 marchés
717 2751 228 42 d'homme
966 2756 21 35 à
1011 2752 198 50 homme,
1232 2765 57 27 ou
1327 2752 228 40 d'homme
1576 2756 21 35 à
1622 2751 102 40 dieu
1746 2762 6 25 :
1779 2747 129 42 l'idée
1932 2747 214 41 abstraite

141 2825 59 41 du
219 2824 105 41 bien
347 2831 42 33 et
408 2822 59 41 du
490 2822 154 40 devoir
663 2819 249 54 n'apparaît
936 2834 85 39 que
1045 2821 258 52 longtemps
1327 2826 144 47 après.
1497 2819 99 41 Elle
1618 2827 64 32 est
1707 2833 60 25 un
1799 2817 106 40 fruit
1925 2815 138 41 tardif
2093 2815 54 41 de

143 2894 39 41 la
202 2894 212 40 réflexion
432 2900 42 33 et
490 2892 53 40 de
566 2892 40 39 la
632 2892 67 40 vie
719 2890 178 40 sociale.
924 2888 148 42 Même
1090 2890 231 40 évolution
1343 2889 111 40 dans
1478 2888 39 40 la
1549 2888 261 48 littérature,
1838 2892 57 35 où
1925 2886 63 39 les
2017 2885 122 40 idées

143 2962 235 52 générales
398 2968 105 35 sont
527 2960 52 41 de
599 2960 100 40 date
721 2963 191 37 récente.

199 3031 38 41 A
259 3045 47 27 ce
332 3029 134 42 motif
477 3028 272 42 intellectuel
772 3028 54 40 de
846 3026 274 50 l'évolution,
1148 3026 186 54 s'ajoute
1357 3041 60 26 un
1455 3024 134 42 motif
1619 3025 272 51 esthétique.

200 3100 65 41 La
289 3101 209 52 musique
532 3097 112 42 n'est
679 3109 81 42 pas
780 3096 248 41 seulement
1063 3109 87 28 une
1174 3096 217 41 tendance
1409 3108 99 27 vers
1541 3095 40 40 la
1606 3094 156 40 liberté
1778 3094 210 40 créatrice
2022 3090 103 42 abso-

146 3171 72 41 lue
254 3170 54 40 de
339 3168 40 40 la
423 3169 151 40 raison
593 3179 9 37 ;
649 3167 83 40 elle
764 3174 66 32 est
868 3167 121 39 aussi
1031 3179 86 27 une
1151 3165 216 40 tendance
1419 3177 100 28 vers
1555 3163 40 40 la
1618 3163 177 40 beauté.
1831 3160 39 41 A
1897 3175 47 26 ce
1978 3159 165 42 second

143 3241 127 52 point
290 3238 55 41 de
365 3250 100 38 vue,
484 3238 29 40 il
532 3252 28 38 y
577 3251 40 32 a,
642 3236 54 41 de
720 3235 139 41 l'utile
877 3247 101 28 vers
1000 3235 40 40 le
1056 3234 131 51 beau,
1210 3248 60 27 un
1292 3246 237 41 processus
1554 3233 224 49 analogue
1801 3235 21 36 à
1854 3230 111 41 celui
1990 3230 75 52 qui
2088 3242 53 27 va

146 3311 54 40 de
235 3306 291 54 l'expression
560 3306 256 42 instinctive
839 3312 40 33 et
898 3304 178 42 réaliste
1106 3304 58 40 du
1188 3304 240 40 sentiment
1453 3307 21 35 à
1498 3301 292 53 l'expression
1827 3299 228 49 abstraite,
2085 3297 60 40 du

185 3475 56 42 (1)
262 3475 92 32 Paul
377 3474 193 41 Regnaud,
593 3461 183 43 Éléments
802 3470 39 31 de
859 3470 223 41 grammaire
1116 3469 182 43 comparée
1321 3468 46 31 du
1382 3477 85 31 grec
1486 3470 30 28 et
1539 3467 47 29 du
1609 3464 90 33 latin
1721 3462 133 43 (Paris,
1879 3461 118 40 Colin,
2022 3460 117 43 1896),

148 3537 16 22 2
171 3533 11 16 e
205 3525 128 42 partie,
355 3535 34 30 p.
415 3535 34 31 4.
467 3542 39 4 —
525 3522 52 34 Cf.
603 3522 161 33 Gustave
787 3519 133 43 Meyer,
943 3518 224 34 Griechische
1191 3516 230 36 Grammatik
1454 3515 175 45 (Leipzig,
1657 3512 202 42 Breitkopf,
1884 3512 119 43 1886),
2033 3522 35 30 p.
2093 3521 64 32 49-
