3617 4417
1765 136 61 55 21

161 1254 197 41 Zweitens
387 1267 76 27 von
489 1254 131 41 seiner
650 1253 245 41 Harmonie:
926 1253 69 40 Nr.
1025 1252 51 48 II,
1106 1251 39 41 S.
1174 1253 45 38 4:

306 3784 185 51 Charles
522 3782 158 57 Evers,
712 3780 168 50 Sonate
911 3794 118 52 pour
1061 3777 142 50 Piano
1235 3783 47 43 et
1312 3775 181 52 Violon.
1535 3775 90 68 Op.
1664 3773 94 59 65,

428 3867 200 68 Leipzig,
659 3864 72 51 bei
761 3863 52 52 F.
845 3863 270 51 Ristner.
1148 3860 127 51 Preis
1315 3862 21 49 1
1378 3860 129 51 Thlr.
1546 3859 69 51 15
1651 3859 106 66 Sgr.

259 4027 116 42 Diese
404 4026 146 40 Sonate
579 4026 50 40 ist
657 4026 53 39 im
742 4023 208 42 einfachen
980 4022 72 40 Stil
1081 4020 277 54 geschrieben,
1409 4019 173 42 welcher
1611 4018 124 52 wenig-

181 4089 2 60 ■
216 4111 65 30 ens
312 4098 55 41 im
397 4103 130 34 ersten
558 4098 164 51 Allegro
752 4095 83 41 und
864 4094 53 41 im
945 4093 158 53 Adagio
1134 4106 50 26 an
1214 4093 69 39 das
1305 4092 289 40 Gewöhnliche
1623 4089 138 48 streift,

212 4180 147 41 .igegen
397 4168 52 40 im
480 4166 173 41 Scherzo
695 4166 85 40 und
822 4165 53 41 im
907 4164 297 41 Finale-Presto
1235 4163 114 42 mehr
1380 4161 162 41 Frische
1571 4160 83 41 und
1684 4160 77 41 ori-

1844 273 148 54 Ginelle
2020 271 191 52 Färbung
2248 270 80 42 hat.
2385 269 63 39 Da
2491 266 65 41 die
2601 264 268 53 Ausführung
2911 261 121 42 keine
3080 255 361 55 Schwierigkeiten

1843 345 208 48 darbietet,
2081 356 43 28 so
2154 343 101 40 wird
2285 341 57 41 sie
2371 340 258 44 Dilettanten,
2658 337 125 41 deren
2803 332 253 45 Geschmack
3085 331 112 42 nicht
3216 327 128 42 durch
3375 326 66 41 die

1842 415 223 42 Bizarrerie
2095 416 71 40 der
2194 425 180 29 neueren
2403 407 266 46 Salonslücke
2697 409 63 39 für
2782 406 163 41 Violine
2973 403 86 41 und
3089 400 160 43 Ciavier
3277 397 142 42 verdor-

1842 487 80 41 ben
1951 487 62 49 ist,
2043 486 275 41 willkommen
2349 482 100 42 sein.

3088 607 7 10 /

1968 697 44 48 J.
2043 694 195 66 Gregoir
2266 702 39 41 et
2338 692 63 49 11.
2426 691 226 58 Leonard,
2683 685 208 52 L'Etoile
2923 684 61 51 du
3005 682 128 52 Nord
3166 682 56 50 de
3245 680 155 68 Meyer-

2093 777 126 51 beer.
2272 774 235 70 Septieme
2545 776 110 48 Duo
2698 788 119 54 pour
2846 771 143 49 Piano
3033 774 46 44 et
3108 767 169 49 Violon
3318 782 83 32 con-

2097 868 217 45 certants.
2371 859 171 60 Berlin,
2595 858 108 51 chez
2747 857 58 52 A.
2839 857 62 51 M.
2934 853 311 67 Schlesinger.
3304 848 129 51 Preis

2103 947 22 50 1
2148 938 41 76 '/
2190 975 18 30 2
2242 945 129 52 Thlr.

1923 1097 192 41 Brillante
2160 1095 264 41 Variationen
2469 1093 104 41 über
2626 1092 131 51 einige
2809 1090 187 41 Thema's
3043 1099 71 29 aus
3161 1086 274 53 Meyerbeers

1843 1169 234 47 Nordstern,
2108 1169 124 39 deren
2250 1167 121 40 Wahl
2399 1166 148 52 gerade
2563 1164 112 41 nicht
2700 1164 65 38 die
2792 1162 260 52 glücklichste
3081 1174 49 26 zu
3153 1160 85 40 sein
3268 1157 169 42 scheint.

1843 1242 76 40 Die
1948 1240 298 42 Violinstimme
2277 1239 48 40 ist
2354 1237 245 42 namentlich
2628 1234 73 43 mit
2732 1235 127 41 Glanz
2888 1233 229 40 behandelt.

2103 1450 125 49 Karl
2384 1447 158 59 Reineche,
2543 1447 141 49 Romanze
2717 1442 74 51 für
2820 1441 244 52 Violine
3097 1437 115 54 oder
3243 1436 164 53 Violon-

2101 1533 114 50 cello
2246 1530 82 51 mit
2356 1529 278 68 Begleitung
2665 1527 80 53 des
2777 1526 279 51 Pianoforte.
3084 1525 61 49 H.
3178 1522 84 54 W.
3285 1522 147 50 Ernst

2101 1615 290 69 zugeeignet.
2434 1615 90 67 Op.
2561 1611 52 52 3.
2652 1613 131 50 Neue
2813 1610 213 69 Auflage.
3066 1606 263 69 Hamburg,
3360 1605 76 51 bei

2102 1700 144 53 Wilh.
2276 1699 196 52 Jowien.
2514 1698 129 50 Preis
2684 1696 68 51 15
2789 1698 106 66 Sgr.

1929 1853 121 40 Diese
2079 1853 161 45 schöne,
2269 1850 155 52 sinnige
2444 1850 220 46 Romanze,
2691 1847 151 41 welche
2872 1846 65 40 die
2961 1845 93 40 Luft
3082 1844 161 40 Italiens
3273 1842 163 46 athmet,

1849 1926 182 40 yerdient
2060 1924 66 40 bei
2155 1924 108 39 ihrer
2291 1921 282 51 Erscheinung
2611 1920 42 39 in
2690 1920 111 39 einer
2830 1931 132 27 neuen
2991 1917 193 51 Ausgabe
3215 1915 90 41 eine
3332 1927 107 27 neue

1848 1996 274 51 Empfehlung
2151 2007 49 27 an
2230 1995 75 40 alle
2335 1992 155 41 Violin-
2519 1992 98 40 oder
2646 1989 413 52 Violoncellospieler,
3088 1989 131 39 denen
3248 1987 58 40 sie
3335 1987 105 39 noch

1847 2068 235 42 unbekannt
2110 2067 86 40 sein
2225 2067 126 38 sollte.
2409 2065 81 38 Das
2528 2062 231 40 Pianoforte
2804 2062 83 39 hält
2928 2061 85 40 sich
3057 2060 42 40 in
3140 2058 298 42 bescheidenen

1846 2139 245 47 Schranken,
2122 2138 49 39 ist
2194 2136 160 53 jedoch,
2384 2134 76 40 wie
2489 2134 84 40 sich
2604 2134 68 39 das
2702 2133 67 40 bei
2787 2134 51 39 K.
2855 2132 206 41 Reinecke
3092 2145 77 26 von
3198 2133 123 38 selbst
3351 2143 64 27 ver-

1844 2211 113 47 steht,
1987 2210 111 40 nicht
2126 2211 108 38 bloss
2265 2206 530 52 Schablonen-Regleitung.
2855 2206 47 38 In
2932 2205 92 39 dem
3054 2204 165 39 Discant
3248 2204 72 38 der
3348 2203 66 39 Cia-

1844 2282 246 40 vierstimme
2119 2281 50 40 ist
2197 2281 39 39 S.
2266 2280 36 47 2,
2333 2281 99 38 Tact
2464 2280 33 47 1,
2538 2281 46 47 fis
2613 2293 18 22 e
2660 2283 91 34 statt
2777 2281 46 46 fis
2849 2280 59 47 fis,
2948 2277 84 39 und
3062 2277 54 39 im
3142 2277 144 38 letzten
3317 2275 123 39 Tacte

1844 2366 79 28 von
1952 2354 39 40 S.
2022 2353 24 39 2
2081 2352 55 40 im
2166 2352 99 39 Bass
2293 2354 48 45 fis
2371 2355 89 35 statt
2490 2364 24 23 a
2544 2362 48 27 zu
2623 2350 122 38 lesen.
2775 2349 75 40 Die
2881 2348 388 42 Violoncellstimme
3289 2347 50 40 ist
3361 2357 80 29 von

1844 2427 150 40 Rernh.
2038 2423 499 50 Ilildebrandt-Romberg
2582 2422 209 52 arrangirt,
2834 2421 65 40 die
2945 2434 125 38 ganze
3113 2421 207 39 Romanze
3361 2430 80 27 von

1844 2498 205 40 Reinecke
2078 2496 102 41 auch
2209 2499 63 41 für
2302 2495 68 40 das
2399 2495 313 41 Pianoforte
2750 2507 57 26 zu
2848 2493 111 40 vier
2989 2493 218 40 Händen
3246 2490 56 53 (in
3330 2490 83 41 dem-

1846 2571 137 41 selben
2016 2569 159 52 Verlag,
2205 2568 113 40 Preis
2350 2566 49 40 12
2412 2570 43 47 '/$
2486 2566 100 52 Sgr.)
2617 2565 276 53 eingerichtet.

1984 2778 149 68 Georg
2167 2777 301 51 Goltermann
2472 2814 11 22 ,
2523 2777 238 48 Romance
2806 2790 120 52 pour
2971 2772 41 50 le
3043 2769 397 53 Violoncelle

2103 2879 110 33 avec
2243 2866 441 62 accompagnement
2714 2858 58 51 de
2801 2857 156 51 Piano.
3005 2857 92 67 Op.
3139 2853 88 52 17.
3274 2853 136 52 Oflen-

2105 2931 118 66 f>ach
2255 2963 34 33 s.
2321 2946 80 58 M.,
2432 2945 110 49 chez
2573 2945 42 49 J.
2647 2942 177 51 Andr6.
2857 2941 127 51 Preis
3018 2940 76 49 45
3130 2940 83 49 Kr.

1929 3097 119 41 Auch
2087 3097 108 40 diese
2234 3096 206 39 Romanze
2483 3095 71 39 mit
2596 3106 101 39 ganz
2738 3092 204 41 einfacher
2985 3091 241 53 Begleitung
3269 3090 50 40 ist
3362 3090 79 38 den

2585 3148 8 11 V

1849 3168 403 52 Violoncellspielern
2276 3178 48 27 zu
2354 3166 241 52 empfehlen,
2624 3164 130 40 zumal
2785 3164 50 39 da
2865 3163 58 40 sie
2952 3162 85 41 sich
3066 3173 80 28 von
3175 3162 78 39 den
3283 3159 132 41 moder-

1851 3252 78 28 nen
1960 3239 259 40 Künsteleien
2251 3238 72 39 auf
2631 3234 86 41 fern
2747 3236 83 39 hält
2860 3234 83 40 und
2972 3233 43 41 in
3045 3233 73 41 der
3146 3233 164 39 wahren
3333 3232 79 39 Ton-

1851 3311 138 53 region
2017 3311 70 39 des
2117 3311 265 38 Instruments
2411 3305 137 42 bleibt'.

1979 3521 46 49 J.
2070 3519 246 66 Stransky,
2360 3518 253 50 Morceaux
2916 3520 46 43 et
3006 3511 434 69 characteristiques

2109 3619 119 52 pour
2258 3603 52 49 le
2340 3600 388 52 Violoncelle
2759 3614 106 36 avec
2896 3603 444 63 accompagnement
3372 3596 64 50 du

2106 3686 158 50 Piano.
2310 3685 191 51 Oeuvre
2540 3683 87 50 18.
2674 3683 191 58 Vienne,
2896 3681 108 50 chez
3037 3681 57 51 A.
3128 3681 60 51 0.
3222 3679 186 52 Witzen-

2106 3772 113 50 dorf.
2252 3768 81 53 Nr.
2355 3770 52 60 4,
2437 3769 127 50 Preis
2604 3768 20 49 1
2664 3766 69 51 Fl.
2763 3766 80 51 Nr.
2867 3765 49 62 5,
2942 3766 127 51 Preis
3108 3765 22 51 1
3158 3765 68 52 Fl.
3266 3764 69 52 15
3357 3765 83 50 Kr.

2109 3855 101 50 Nr.'
2225 3854 52 61 6,
2310 3854 127 50 Preis
2478 3853 18 48 1
2538 3852 67 48 Fl.
2641 3848 75 52 36
2751 3850 84 50 Kr.

1936 4018 34 39 J.
2002 4015 206 52 Stransky,
2237 4019 123 36 erster
2391 4012 275 40 Violoncellist
2690 4010 42 41 in
2761 4010 73 40 der
2862 4009 37 41 k.
2915 4009 38 41 k.
2970 4009 236 52 Hofcapelle
3227 4022 50 26 zu
3306 4009 137 47 Wien,

1857 4089 51 39 ist
1947 4089 56 39 als
2034 4085 236 54 Componist
2310 4086 63 39 für
2415 4083 64 40 die
2523 4083 174 39 virtuose
2731 4081 204 52 Richtung
2979 4081 69 40 des
3093 4080 350 52 Violoncellspiels

1861 4159 239 43 rühmlichst
2129 4158 185 43 bekannt.
2337 4155 57 41 Er
2422 4155 87 51 gibt
2535 4166 75 28 uns
2639 4153 88 41 hier
2756 4153 87 41 drei
2871 4164 104 29 neue
2995 4151 182 42 Beweise
3207 4151 131 42 seines
3368 4153 52 38 Ta-
