3591 4424
1749 160 108 48 410

329 343 9 6 .
362 306 73 46 111.
468 305 138 47 Buch.
649 305 84 45 Die
763 302 145 48 Musik
940 302 78 47 der
1047 302 181 46 antiken
1262 301 140 47 Welt.
1444 300 63 48 B.
1539 301 83 46 Die
1649 300 78 48 Völ-

473 380 79 47 ker
594 380 80 45 der
711 378 411 49 antik-classischen
1155 377 174 47 Cultur.
1379 376 237 48 Griechen.
1661 377 60 46 Rö-

472 472 107 31 mer.
627 456 164 47 Verfall
824 456 77 45 der
929 454 181 47 antiken
1141 453 160 47 Musik.

358 533 132 48 Diese
538 531 250 48 ersichtlich
839 531 231 45 verwirrte
1111 529 291 63 Eintheilung
1450 528 53 46 ist
1552 527 199 54 störend,

242 606 112 49 doch
387 612 119 43 wäre
532 608 151 47 weder
710 608 61 46 sie
805 607 113 47 noch
952 606 69 47 die
1050 606 353 64 philologischen
1435 603 89 47 und
1557 620 165 48 geogra-

242 686 211 62 phischen
482 686 231 45 Schnitzer
745 684 75 46 für
848 683 90 47 sich
971 682 308 54 hinreichend,
1308 682 79 47 das
1420 682 120 46 Buch
1572 698 51 30 zu
1655 697 71 31 ver-

238 761 229 55 dammen,
505 777 128 32 wenn
674 761 80 47 der
793 759 308 47 musicalische
1148 759 146 47 Inhalt
1343 758 172 47 überall
1557 758 192 46 lichtvoll

238 838 89 47 und
358 838 270 63 selbständig
658 835 260 64 dargestellt
947 839 135 45 wäre.
1140 835 117 47 Was
1285 835 90 47 sich
1407 834 80 47 der
1515 834 235 47 Verfasser

237 923 247 56 vorgesetzt
515 915 91 54 hat,
647 914 51 47 ist
727 914 98 46 eine
856 929 54 31 an
942 912 69 47 die
1041 913 267 63 allgemeine
1340 912 148 48 Welt-
1520 910 90 47 und
1644 910 79 47 Cul-

235 992 331 63 turgeschichte
595 992 285 62 angelehnte,
923 988 243 65 gleichsam
1211 1004 79 32 aus
1333 989 70 46 ihr
1446 988 274 62 herausgear-

235 1068 164 48 beitete
429 1067 436 64 Sondergeschichte
893 1065 146 47 seiner
1070 1067 168 45 Kunst:
1277 1065 69 47 ein
1378 1081 176 47 grosses
1583 1065 136 46 Unter-

233 1145 211 52 nehmen,
468 1144 141 46 worin
636 1143 276 47 Gervinus
934 1143 265 62 voranging,
1223 1142 111 47 aber
1357 1142 139 45 vielen
1512 1142 234 62 Jüngeren

233 1222 129 47 mehr
390 1220 269 64 gefährlich,
702 1220 62 46 als
805 1219 362 63 heilbringendes
1197 1219 172 47 Muster
1399 1218 247 63 geworden
1676 1218 70 47 ist.

235 1298 252 63 Kugler's
518 1295 422 64 Kunstgeschichte,
971 1295 70 47 die
1065 1294 197 48 Ambros
1293 1295 63 46 als
1380 1293 188 48 Vorbild
1592 1300 154 50 nennt,

236 1374 137 48 bleibt
402 1374 113 47 doch
546 1375 42 46 in
618 1374 85 47 den
734 1373 264 48 Schranken
1035 1373 118 47 ihres
1183 1373 206 56 Berufes,
1425 1373 96 62 gibt
1550 1371 85 47 den
1667 1373 59 45 all-

235 1451 232 63 gemeinen
509 1451 260 64 politischen
815 1450 88 47 und
938 1450 236 64 religiösen
1205 1449 136 47 Ideen
1383 1465 84 31 nur
1507 1448 71 48 die
1608 1449 137 47 Stelle

232 1529 121 47 eines
383 1528 296 47 leuchtenden
703 1526 365 64 Hintergrundes
1100 1526 87 47 und
1213 1526 116 47 zieht
1355 1526 62 46 sie
1446 1525 122 47 nicht
1597 1525 146 52 mehr,

231 1606 62 46 als
335 1605 99 46 dem
477 1603 339 48 Verständnisse
861 1604 174 62 nöthig,
1078 1604 41 46 in
1163 1603 70 47 die
1275 1603 260 62 Erzählung
1578 1603 164 47 hinein.

230 1683 191 47 Unseres
447 1681 252 47 Verfassers
727 1680 157 47 Weise
914 1680 210 47 entbehrt
1154 1680 111 47 aber
1294 1680 175 47 solcher
1495 1680 132 47 Ruhe
1652 1679 90 48 und

230 1759 363 48 Concentration.
651 1757 98 49 Und
792 1774 131 30 wenn
956 1757 81 47 wir
1077 1757 133 55 auch,
1257 1774 75 29 um
1374 1757 100 46 dem
1507 1756 236 47 Verfasser

230 1835 170 48 überall
432 1835 185 62 gerecht
644 1851 50 30 zu
727 1834 201 54 werden,
969 1834 120 47 seine
1129 1832 324 49 künstlerische
1482 1834 147 47 Natur
1660 1834 83 47 wie

227 1912 90 47 sein
350 1911 329 48 musicalisches
712 1911 169 48 Urtheil
913 1911 307 53 anerkennen,
1263 1911 115 47 auch
1409 1910 210 47 dankbar
1647 1928 63 29 em-

228 1990 211 63 pfangen,
481 2006 91 31 was
602 2006 49 31 er
682 1989 77 47 mit
787 1989 417 48 staunenswerter
1232 1989 287 47 Belesenheit
1545 2004 82 32 aus
1656 1987 85 49 den

226 2066 387 48 verschiedensten
641 2066 199 48 Völkern
866 2065 275 65 Klingendes
1172 2065 91 48 und
1288 2065 251 63 Singendes
1567 2081 145 32 zusam-

228 2151 323 56 mengetragen
594 2144 103 47 hat:
744 2142 119 47 diese
907 2144 342 62 Anerkennung
1293 2142 118 47 kann
1456 2141 124 50 nicht
1620 2141 121 48 blind

226 2221 188 47 machen
444 2236 145 49 gegen
621 2220 78 47 das
720 2218 250 56 Verfehlte,
1000 2220 86 47 den
1110 2220 183 62 Mangel
1324 2236 56 31 an
1412 2218 165 55 Kritik,
1606 2220 108 47 Klar-

226 2297 90 47 heit
344 2297 89 48 und
463 2296 243 65 Ordnung.
736 2297 96 47 Der
862 2297 132 64 Gang
1023 2296 80 48 der
1134 2297 259 64 Erzählung
1422 2297 55 47 ist
1505 2296 63 47 oft
1597 2295 143 48 durch

223 2375 353 64 Seitensprünge
606 2373 283 60 verdunkelt,
932 2373 71 49 die
1032 2375 202 63 Sprache
1271 2373 133 58 breit,
1448 2372 102 50 bald
1594 2373 148 64 witzig

223 2452 236 47 schillernd
491 2451 90 48 und
613 2451 277 56 burschicos,
929 2451 103 48 bald
1072 2452 256 62 langweilig
1366 2451 94 48 und
1497 2451 243 63 ungelenk.

223 2528 78 47 Bei
339 2527 99 48 dem
482 2527 343 65 imponirenden
868 2528 225 55 Material,
1136 2528 79 47 das
1257 2528 98 49 hier
1395 2544 314 47 zusammenge-

225 2605 172 54 bracht,
447 2606 53 47 ist
541 2605 77 48 das
663 2606 172 47 Urtheil
879 2606 121 47 nicht
1042 2606 242 63 vorsichtig
1327 2622 170 47 genug,
1539 2622 76 31 um
1646 2606 63 47 Un-

222 2682 194 48 sicheres
459 2682 91 48 und
593 2682 278 65 Beglaubtes
912 2701 50 29 zu
1006 2682 372 56 unterscheiden;
1420 2700 49 30 so
1497 2701 34 29 z.
1563 2683 48 47 B.
1642 2682 98 48 sind

232 2760 346 48 Gaudentius
611 2760 88 48 und
721 2761 79 47 Eu
819 2760 206 55 klides,
1049 2760 183 48 obwohl
1258 2761 129 47 keine
1408 2760 330 49 verächtlichen

226 2836 109 48 oder
364 2837 342 48 entbehrlichen
736 2838 202 64 Zeugen,
981 2838 115 47 doch
1127 2838 115 47 auch
1274 2838 121 49 nicht
1423 2838 64 47 als
1516 2838 198 47 entschei-

226 2913 145 50 dende
411 2916 285 45 Autoritäten
739 2916 79 45 mit
860 2916 381 48 Aristoxenus
1284 2916 143 63 gleich
1470 2933 54 30 zu
1567 2916 171 48 stellen.

222 2989 171 49 Zudem
424 2992 53 46 ist
506 2992 68 47 ein
604 3007 181 47 grosser
815 2992 126 47 Theil
987 2992 74 47 des
1092 2993 278 64 Gegebenen
1415 2993 201 64 weniger
1660 3008 80 32 aus

222 3067 85 49 den
339 3068 192 59 Quellen
560 3068 221 56 erhoben,
821 3071 64 45 als
914 3071 343 63 excerptenhaft
1285 3071 248 63 compilirt;
1580 3086 47 32 so
1657 3087 54 32 na-

225 3146 207 47 mentlich
475 3146 54 48 ist
567 3146 79 48 das
687 3147 115 47 über
832 3146 69 48 die
938 3147 281 65 griechische
1248 3148 149 48 Musik
1428 3148 197 62 Gesagte
1657 3148 84 48 fast

222 3221 204 66 lediglich
451 3238 78 32 aus
553 3223 58 47 0.
636 3223 244 48 Müller's
908 3224 303 64 griechischer
1235 3226 230 47 Literatur
1495 3223 91 48 und
1613 3226 93 47 Bel-

223 3299 80 46 ler
317 3316 207 32 manns
572 3301 309 63 griechischen
931 3302 261 48 Tonleitern
1248 3302 203 48 entlehnt
1506 3301 91 48 und
1653 3320 87 29 nur

221 3374 141 48 durch
400 3377 305 48 verbindende
746 3379 201 47 Phrasen
985 3379 111 47 oder
1126 3379 283 64 Analogieen
1440 3378 91 48 und
1562 3379 150 49 Seiten-

225 3453 143 48 blicke
400 3454 100 48 bald
532 3455 267 64 ausgeziert,
842 3457 103 47 bald
984 3458 65 47 ins
1079 3458 225 64 Doppelte
1346 3461 296 59 vergrössert,
1689 3475 48 30 so

221 3529 99 48 dass
363 3532 118 47 dann
526 3532 62 48 oft
630 3532 69 48 die
735 3533 230 48 Literatur
1009 3534 115 47 über
1166 3534 80 48 der
1275 3534 148 48 Musik
1467 3534 270 65 überwiegt.

221 3607 213 48 Manches
462 3608 58 47 im
552 3609 207 64 Original
791 3610 208 47 Dunkele
1027 3610 55 49 ist
1111 3612 95 47 hier
1234 3612 123 47 nicht
1387 3612 141 47 heller
1557 3628 150 47 gewor-

221 3683 108 56 den;
369 3693 131 39 unter
529 3685 230 49 Anderem
791 3687 53 47 ist
873 3687 78 48 das
980 3689 291 48 räthselhafte
1301 3688 238 49 arabische
1564 3689 172 60 messet,

219 3762 44 47 in
293 3762 333 48 Kiesewetter's
656 3763 277 49 Arabischer
956 3765 147 47 Musik
1127 3767 44 47 S.
1197 3765 70 50 25
1299 3767 114 48 noch
1445 3765 175 49 leidlich
1653 3784 55 31 un-

221 3838 96 48 klar
346 3838 312 58 beschrieben,
689 3842 97 47 hier
818 3842 68 48 bei
919 3843 216 58 Ambros,
1171 3844 43 53 1,
1247 3844 87 53 88,
1364 3843 198 49 vollends
1592 3845 115 47 unbe-

219 3915 200 62 greiflich
440 3934 11 37 ;
492 3933 46 32 es
580 3918 80 47 soll
703 3919 69 47 ein
816 3919 339 50 harmonisches
1197 3922 252 48 Tonmaass
1492 3920 244 59 bedeuten,

219 3993 191 48 welches
434 3993 163 64 jedoch
622 3995 42 47 in
689 3995 195 48 anderer
907 3996 62 49 als
992 3996 81 49 der
1094 3998 82 48 seit
1196 3999 286 65 Pythagoras
1505 3998 231 57 üblichen,

221 4068 42 48 in
293 4070 186 65 Europa
509 4073 89 45 und
625 4073 135 48 Asien
792 4073 311 50 anerkannten
1134 4083 188 42 exacten
1355 4075 160 50 Weise
1545 4075 163 50 berech-

1854 307 74 40 net
1958 300 126 45 wird.
2145 301 104 46 Wir
2278 300 160 47 dürfen
2471 300 76 45 des
2578 301 199 46 Raumes
2817 300 158 47 halber
3015 301 120 47 nicht
3176 301 67 47 bei
3284 301 86 48 den

1856 376 301 47 Einzelheiten
2190 377 77 46 des
2296 383 146 40 ersten
2474 376 180 45 Theiles
2683 377 256 50 verweilen,
2972 376 87 45 und
3092 378 161 46 wollen
3285 395 86 29 nur

1851 452 116 47 noch
1999 451 264 56 bemerken,
2306 452 100 47 dass
2436 468 44 31 es
2512 452 98 47 kein
2641 452 230 63 günstiges
2904 452 259 48 Vorurtheil
3195 454 78 46 für
3300 453 71 48 die

1853 528 144 47 Kritik
2023 528 75 47 des
2123 529 255 47 Verfassers
2403 529 213 52 erweckt,
2635 545 131 30 wenn
2792 529 41 46 in
2857 528 80 47 der
2956 529 203 47 Vorrede
3181 531 61 53 X,
3265 532 105 52 XII,

1851 607 125 57 XIII,
2020 606 111 47 XVI
2173 622 48 31 so
2260 622 83 46 gar
2382 604 318 49 verschiedene
2744 607 142 46 Leute
2931 607 84 46 wie
3059 607 311 54 Weitzmann,

1853 681 209 52 Brendel,
2109 684 54 45 A.
2207 682 194 47 Kircber
2451 682 146 47 neben
2643 681 261 47 wirklichen
2950 683 287 46 Autoritäten
3283 684 85 46 wie

1851 758 313 53 Kiesewetter,
2211 757 294 54 Winterfeld,
2546 757 137 54 Jahn,
2729 758 306 65 Chrysander,
3079 759 290 47 Bellermann

1849 835 81 47 auf
1953 835 160 47 Einem
2147 837 127 45 Brett
2301 843 201 56 genannt
2540 834 91 47 und
2668 835 62 47 als
2758 837 175 45 Muster
2965 835 259 49 bezeichnet
3252 853 86 31 wer-

1849 912 108 54 den;
2014 912 114 47 auch
2174 912 178 63 Ugolini
2397 912 263 45 Thesaurus
2710 919 166 56 prangt
2917 912 117 47 noch
3078 913 80 46 mit
3198 912 170 48 seinem

1848 989 500 64 Schilte-Haggiborim
2382 988 165 63 (207),
2591 988 81 48 auf
2695 988 85 47 den
2815 988 162 48 Forkel
3016 1006 154 47 grosse
3200 990 169 47 Stücke

1850 1065 106 56 hält,
1997 1064 89 48 und
2119 1064 80 48 der
2229 1064 114 48 doch
2376 1064 142 48 nichts
2549 1065 69 54 ist,
2665 1065 63 46 als
2758 1064 69 48 ein
2852 1064 234 65 jüdischer
3115 1065 225 47 Schulmei-

1845 1150 91 40 ster
1967 1142 76 48 des
2072 1143 320 47 sechszehnten
2422 1142 353 53 Jahrhunderts,
2818 1142 80 48 der
2933 1159 80 31 aus
3049 1142 88 48 den
3168 1144 172 47 Alexan-

1846 1218 182 48 drinern
2075 1219 88 47 und
2210 1219 316 47 Florentinern
2570 1219 65 46 ins
2677 1218 411 48 Neu-Hebräische
3146 1219 224 48 übersetzt

1846 1296 77 47 hat
1967 1295 90 48 und
2100 1312 83 31 von
2225 1296 449 47 alttestamentlicher
2702 1295 149 48 Musik
2890 1313 49 30 so
2978 1304 81 56 gut
3101 1296 85 47 wie
3226 1296 143 47 nichts

1845 1373 356 47 weiss.—Auch
2234 1373 83 47 den
2347 1373 105 47 sehr
2475 1373 279 47 incorrecten
2781 1373 311 62 griechischen
3116 1373 157 47 Druck
3298 1390 47 31 er-

1845 1450 193 48 wähnen
2083 1451 81 46 wir
2206 1467 103 36 nur,
2352 1450 99 47 weil
2495 1449 71 48 die
2617 1450 245 47 Correctur
2918 1450 114 47 auch
3077 1451 58 46 im
3180 1450 186 48 zweiten

1845 1528 158 47 Theile
2033 1528 80 47 viel
2143 1544 51 31 zu
2227 1528 247 47 wünschen
2505 1526 135 64 übrig
2672 1529 113 46 lässt.

1962 1605 94 46 Der
2091 1604 200 47 zweite
2329 1604 164 47 Theil
2544 1604 186 63 beginnt
2770 1604 78 47 mit
2876 1604 123 47 einer
3031 1604 222 56 Vorrede,
3295 1604 71 48 die

1842 1680 318 48 ausdrücklich
2193 1681 144 55 bittet,
2367 1681 122 47 nicht
2518 1680 330 65 überschlagen
2874 1698 51 30 zu
2952 1680 204 52 werden,
3186 1681 99 47 weil
3317 1698 48 30 er

1853 1757 197 56 „andere
2074 1757 139 49 Pfade
2243 1759 274 63 einschlage,
2546 1759 65 47 als
2640 1757 80 49 der
2932 1756 61 66 (S.
3019 1757 100 61 IX),
3149 1757 92 47 und
3266 1759 100 47 weil

1841 1835 62 47 sie
1934 1835 146 63 einige
2112 1835 381 47 unvermeidliche
2523 1834 203 48 Polemik
2770 1835 175 63 bringe,
2985 1851 122 31 zwar
3135 1835 122 47 nicht
3288 1851 49 47 ge-

1841 1928 88 48 gen
1958 1911 71 48 die
2058 1912 282 64 gefährliche
2375 1912 247 47 Recension
2672 1912 77 47 des
2795 1911 119 48 oben
2951 1920 259 55 genannten
3255 1912 109 47 Paul

1842 1990 268 65 Marquard,
2141 1990 70 47 die
2234 1989 81 48 der
2339 1990 235 48 Verfasser
2598 1990 122 47 nicht
2740 2006 52 31 zu
2824 1989 178 48 kennen
3026 1990 85 47 den
3138 1990 226 47 Anschein

1842 2067 93 55 hat,
1964 2066 197 48 sondern
2185 2084 87 30 nur
2293 2084 148 48 gegen
2470 2066 211 65 Joseph
2709 2066 288 55 Schlüter,
3029 2066 156 48 dessen
3212 2067 129 63 Allge-

1841 2145 149 47 meine
2022 2145 269 47 Geschichte
2334 2145 81 47 der
2443 2144 148 48 Musik
2625 2142 187 64 (1863)
2853 2160 121 29 zwar
3010 2159 83 32 von
3126 2144 216 47 künstleri-

1840 2221 131 47 scher
2000 2221 264 64 Gesinnung
2304 2227 133 56 zeugt
2474 2218 89 49 und
2603 2218 322 64 grossentheils
2955 2218 81 49 auf
3059 2218 275 49 Selbsterleb-

1840 2305 90 40 tem
1963 2297 184 55 beruht,
2185 2297 112 48 aber
2328 2296 426 48 wissenschaftliche
2784 2296 270 65 Ansprüche
3082 2296 123 47 nicht
3233 2296 105 47 erhe-

1841 2375 87 48 ben
1968 2373 135 50 kann.
2160 2376 86 46 Die
2287 2375 210 63 günstige
2528 2375 348 61 Beurtheilung,
2919 2372 172 47 welche
3130 2373 60 47 M.
3232 2373 99 47 Car-

1840 2453 149 47 riere
2018 2452 66 64 (S.
2116 2452 81 65 IX)
2235 2452 102 48 dem
2370 2461 147 39 ersten
2550 2452 156 47 Theile
2734 2467 85 32 von
2851 2451 199 47 Ambros
3081 2451 283 63 angedeihen

1839 2530 119 54 lässt,
1999 2530 199 63 gründet
2237 2530 91 47 sich
2367 2528 121 49 wohl
2528 2528 130 49 mehr
2686 2528 82 49 auf
2792 2527 86 48 den
2911 2527 284 48 blendenden
3226 2528 116 63 allge-

1839 2607 179 48 meinen
2041 2606 252 57 Eindruck,
2323 2607 63 47 als
2417 2606 81 48 auf
2521 2606 170 48 nähere
2714 2605 204 48 Einsicht
2946 2605 78 48 des
3046 2605 185 49 Inhalts.
3259 2606 105 48 Wir

1839 2685 161 48 dürfen
2030 2685 121 47 diese
2180 2685 149 47 Kritik
2361 2683 80 49 der
2471 2683 147 49 Kritik
2658 2683 122 49 nicht
2810 2681 283 66 übergehen,
3134 2683 100 47 weil
3267 2683 97 47 hier

1839 2762 364 65 philosophische
2245 2761 92 49 und
2375 2761 312 48 musicalische
2716 2760 395 48 Parteilichkeiten
3146 2761 91 47 sich
3269 2761 71 63 gel-

1836 2840 107 48 tend
1975 2841 190 47 machen
2196 2840 109 54 und,
2344 2841 85 46 wie
2458 2840 92 47 sich
2579 2843 150 60 später
2758 2840 154 62 zeigen
2945 2838 129 55 wird,
3114 2838 113 47 auch
3260 2838 83 47 reli-

1836 2918 126 64 giöse
2005 2918 279 62 Gegensätze
2329 2917 335 63 hineinspielen.
2723 2917 85 46 Die
2837 2916 189 47 Ansicht
3067 2914 115 50 über
3224 2916 140 47 ältere

1837 2994 167 55 Musik,
2036 2994 171 47 welche
2237 2994 127 47 darin
2396 3011 87 30 nur
2511 2994 100 46 eine
2643 2992 223 48 kindliche
2898 2992 213 48 Vorstufe
3140 2992 82 47 der
3252 2992 82 47 heu-

1837 3072 122 63 tigen
2003 3072 210 56 erblickt,
2255 3071 113 48 wird
2413 3071 114 48 nach
2560 3071 192 48 Gebühr
2795 3069 257 64 gegeisselt,
3092 3071 128 54 XIV,
3248 3069 115 54 XV;

1837 3149 91 49 und
1959 3149 79 49 das
2070 3166 120 30 muss
2218 3166 49 32 so
2297 3151 135 63 lange
2461 3148 274 65 geschehen,
2766 3149 63 47 als
2860 3165 45 30 es
2933 3148 117 47 noch
3082 3148 279 47 Dilettanten

1836 3227 113 65 gibt,
1992 3227 71 47 die
2100 3227 253 48 Palestrina
2386 3226 311 48 unmelodisch
2737 3242 198 36 nennen,
2978 3224 91 49 und
3112 3226 251 53 Literaten,

1836 3303 73 48 die
1936 3304 98 47 ihre
2066 3303 334 48 Wissenschaft
2429 3320 80 31 aus
2538 3304 202 64 copirten
2770 3303 204 47 Phrasen
3003 3302 234 54 beziehen,
3278 3302 86 48 wie

1835 3382 176 48 Berlioz
2041 3382 90 47 und
2163 3383 121 47 seine
2307 3382 273 47 Nachtreter
2610 3382 41 47 in
2676 3379 329 50 Deutschland.
3090 3381 85 47 Die
3200 3381 136 64 Dispo-

1835 3459 131 49 sition
1997 3458 143 48 dieses
2169 3459 187 49 zweiten
2387 3459 179 47 Theiles
2604 3459 54 47 ist
2697 3458 234 64 folgende:
2983 3459 30 47 I.
3054 3458 178 47 Buch:
3278 3457 86 48 Die

1836 3544 147 40 ersten
2013 3537 155 47 Zeiten
2212 3535 81 49 der
2330 3552 147 32 neuen
2518 3535 287 47 christlichen
2838 3535 130 47 Welt
2997 3534 90 47 und
3119 3535 151 46 Kunst

1836 3615 95 46 Der
1962 3614 381 65 Gregorianische
2372 3614 183 64 Gesang
2565 3613 159 47 —Die
2754 3613 364 65 Karolingerzeit
3133 3614 231 46 —Huc-

1836 3690 156 58 bald,
2032 3692 242 63 Organum
2304 3690 299 56 —Guido,
2632 3690 260 49 Solmisatio
3016 3688 348 58 Troubadours,

1836 3769 227 48 Minstreis
2183 3769 311 64 Minnesinger
2616 3768 246 48 Volkslied.
2983 3768 55 47 11.
3069 3767 178 48 Buch:
3281 3768 84 48 Die

1835 3845 325 65 Entwicklung
2202 3845 77 50 des
2324 3845 390 65 mehrstimmigen
2759 3845 233 64 Gesanges

1829 3923 129 65 falso
2142 3923 95 49 lordone
2238 3924 424 48 —Mensural-Musik
2693 3924 91 47 und
2818 3923 319 66 Contrapunkt
3222 3923 107 48 Wil-

1835 4002 148 48 helm
2015 4002 184 66 Dufay
2317 4003 188 48 Anton
2537 4003 254 63 Busnoys
2898 4003 187 47 Zusätze
3194 4000 169 49 Musik-

1836 4079 231 64 Beilagen.
