2575 4394
1996 321 56 53 67

553 323 421 46 JEAN-SÉBASTIEN
1014 332 129 30 BACH
1181 332 57 31 ET
1276 331 295 32 BEETHOVEN

64 541 418 55 enthousiastes
527 542 66 53 de
641 542 52 53 la
732 542 173 65 foule,
955 541 142 52 mais
1141 542 98 70 qui
1285 542 236 53 chercha
1564 556 165 40 avant
1761 554 125 41 tout
1916 544 140 51 dans

64 617 124 52 l'art
214 619 216 69 l'esprit
463 617 276 54 intérieur
772 631 52 40 et
857 620 51 49 la
931 619 245 52 solidité.
1204 640 24 28 »

138 694 493 53 Soutiendra-t-on
658 696 167 67 qu'en
873 709 122 38 tout
1035 713 90 33 cas
1168 713 78 34 un
1290 696 229 51 homme
1563 697 66 51 de
1684 696 179 70 génie,
1914 713 146 53 pour

67 771 279 69 exprimer
374 789 87 33 ses
501 771 282 52 émotions
829 771 76 51 les
956 772 127 68 plus
1129 772 383 68 personnelles
1558 786 52 38 et
1656 774 77 52 les
1765 774 128 68 plus
1928 790 99 52 pro-

63 847 221 66 fondes,
322 864 69 35 ne
425 846 212 53 saurait
685 847 249 52 recourir
975 849 65 49 de
1078 865 211 51 propos
1326 849 245 52 délibéré
1597 854 30 47 à
1658 851 97 51 des
1787 850 270 52 formules

64 929 362 63 empruntées
451 941 10 46 ;
498 941 106 51 que
633 941 99 52 par
759 923 144 53 suite
937 925 207 67 l'usage
1178 926 97 50 des
1319 925 273 52 formules
1625 927 66 50 de
1723 926 146 53 J.-S.
1907 926 150 51 Bach

66 1000 132 53 était
223 1000 134 52 chez
397 1001 324 52 Beethoven
763 1000 375 52 involontaire
1173 1014 52 36 et
1272 1000 370 63 inconscient,
1674 1016 50 37 et
1757 1002 135 67 qu'il
1926 1021 29 33 a
1983 1020 73 51 pu

67 1075 282 54 d'ailleurs
376 1076 77 51 les
472 1090 233 38 trouver
726 1077 133 51 chez
884 1078 96 50 des
1008 1075 306 53 musiciens
1350 1076 115 68 qui,
1491 1094 176 34 venus
1703 1082 161 64 après
1888 1078 169 65 Bach,

67 1152 255 52 s'étaient
345 1152 127 70 plus
517 1170 72 34 ou
633 1153 187 51 moins
870 1152 321 69 imprégnés
1235 1153 65 50 de
1345 1170 57 33 sa
1444 1157 226 64 pensée,
1713 1171 220 34 comme
1961 1172 100 51 par

68 1228 253 69 exemple
349 1246 103 33 son
473 1231 202 49 maître
718 1228 174 54 Neefe
920 1231 19 48 ?
979 1227 143 55 Sans
1157 1230 167 50 doute
1352 1228 37 51 il
1425 1242 82 38 est
1533 1228 247 69 possible
1808 1249 108 49 que
1943 1231 96 51 l'in

68 1306 215 51 fluence
327 1306 66 49 de
440 1304 151 51 Bach
644 1304 74 51 ait
757 1310 83 47 été
887 1304 209 69 parfois
1136 1304 272 53 indirecte
1435 1320 14 52 ;
1483 1304 142 53 mais
1667 1323 107 51 que
1821 1320 240 39 souvent

71 1381 322 52 Beethoven
438 1379 113 54 l'ait
602 1381 160 52 subie
812 1381 393 64 directement,
1242 1382 77 49 les
1361 1395 174 38 textes
1567 1400 105 50 que
1700 1381 89 68 j'ai
1822 1382 135 52 cités
1990 1401 71 33 ne

70 1470 341 57 permettent
437 1461 188 64 guère,
660 1457 354 62 semble-t-il,
1051 1458 126 50 d'en
1218 1458 213 51 douter.
1474 1457 142 52 Sans
1651 1459 169 51 doute
1848 1458 149 52 aussi
2023 1459 37 51 il

70 1534 142 50 n'est
237 1551 99 51 pas
360 1532 332 70 impossible
720 1551 108 51 que
862 1533 312 52 l'influence
1199 1536 66 48 de
1282 1532 139 53 J.-S.
1446 1533 150 51 Bach
1619 1552 56 32 se
1699 1534 107 51 soit
1837 1538 224 48 exercée

72 1626 94 35 sur
204 1608 324 53 Beethoven
576 1613 28 47 à
641 1608 161 52 l'insu
851 1611 66 49 de
965 1608 250 67 celui-ci;
1280 1622 52 37 et
1364 1609 35 50 il
1455 1622 83 37 est
1569 1609 360 70 certain.que
1983 1612 79 51 les

73 1688 215 50 mêmes
337 1685 336 51 sentiments
735 1685 278 69 changent
1061 1685 237 51 d'accent
1342 1702 69 34 en
1453 1698 228 55 passant
1728 1687 165 51 d'une
1938 1693 124 46 âme

73 1763 137 51 dans
242 1779 111 33 une
388 1776 155 36 autre
565 1774 13 54 ;
613 1760 38 52 il
682 1777 82 35 est
790 1760 210 52 certain
1035 1779 106 50 que
1171 1760 155 51 l'âme
1360 1760 250 69 inquiète
1637 1773 52 38 et
1727 1762 336 68 passionnée

73 1838 129 52 d'un
231 1837 341 67 Beethoven,
611 1838 97 68 qui
745 1838 233 51 n'arrive
1008 1840 28 47 à
1072 1839 49 48 la
1159 1837 231 52 victoire
1423 1837 124 68 qu'à
1578 1851 211 38 travers
1822 1839 48 51 la
1912 1839 121 52 souf-

72 1914 187 52 france
287 1927 52 38 et
365 1914 51 51 la
451 1914 158 65 lutte,
646 1927 83 37 est
777 1913 291 52 différente
1110 1914 66 50 de
1224 1913 160 52 l'âme
1420 1913 128 52 d'un
1592 1913 141 53 J.-S.
1787 1915 167 66 Bach,
1991 1918 71 49 où

73 2003 121 38 tout
228 1990 178 68 prend
442 1990 439 51 naturellement
905 2007 78 34 un
1016 2002 191 38 accent
1252 1992 63 49 de
1342 1989 285 51 confiance
1667 2003 54 38 et
1766 1990 270 54 d'affirma-

259 2065 35 51 il
320 2079 81 38 est
420 2066 211 51 certain
665 2066 163 69 qu'en
862 2079 229 56 passant
1117 2068 65 49 de
1209 2064 138 55 J.-S.
1378 2065 149 52 Bach
1554 2070 28 46 à
1604 2066 341 63 Beethoven,
1967 2069 96 51 des

75 2143 214 50 thèmes
344 2159 241 52 presque
640 2141 322 69 identiques
1017 2143 348 67 changeront
1404 2141 98 52 d'«
1527 2157 192 36 accent
1752 2163 27 30 »
1806 2158 12 52 ;
1844 2144 142 52 mais
2014 2145 51 51 la

73 2218 126 67 joie,
235 2218 142 52 mais
404 2219 50 51 la
503 2219 259 65 douleur,
798 2218 143 52 mais
972 2218 51 50 la
1055 2218 273 68 patience,
1359 2234 147 52 pour
1539 2220 242 66 prendre
1809 2238 68 33 en
1911 2221 124 68 quel-

75 2313 101 49 que
212 2306 150 40 sorte
387 2312 109 35 une
529 2294 314 52 coloration
873 2294 258 52 nouvelle
1158 2312 68 34 en
1262 2312 56 33 se
1373 2294 302 52 réfractant
1723 2296 161 52 d'une
1940 2303 122 45 âme

75 2370 133 52 dans
241 2386 108 36 une
383 2384 177 52 autre,
589 2373 124 48 n'en
740 2384 211 38 restent
993 2389 96 50 pas
1127 2370 187 51 moins
1348 2371 51 50 la
1428 2370 276 69 patience,
1743 2373 51 50 la
1827 2374 239 51 douleur

76 2460 47 38 et
148 2447 50 51 la
232 2446 126 66 joie,
392 2460 52 38 et
470 2464 68 34 ne
576 2449 239 67 perdent
853 2465 98 51 pas
985 2446 358 52 absolument
1385 2459 125 39 tout
1558 2464 57 34 ce
1660 2449 96 68 qui
1816 2450 84 51 fut
1944 2450 121 51 leur

77 2536 191 38 nature
301 2539 205 53 propre
534 2541 12 47 ;
576 2535 52 39 et
654 2524 37 50 il
726 2525 264 51 demeure
1031 2522 296 51 manifeste
1355 2540 106 51 que
1487 2525 325 51 Beethoven
1836 2539 51 37 et
1915 2526 150 51 Bach

77 2611 92 38 ont
228 2616 69 33 eu
350 2616 228 35 recours
625 2604 30 47 à
701 2600 96 51 des
845 2599 272 52 formules
1152 2599 303 69 analogues
1489 2616 145 52 pour
1685 2601 250 52 traduire
1987 2602 78 51 les

78 2677 207 49 mêmes
326 2676 356 51 sentiments.
712 2675 127 67 Que
872 2677 140 50 dans
1045 2676 241 51 certains
1312 2693 90 34 cas
1422 2694 69 35 au
1527 2676 187 53 moins
1740 2679 325 50 Beethoven

78 2767 61 33 en
172 2750 77 52 ait
268 2769 67 34 eu
362 2751 329 52 clairement
716 2750 347 66 conscience,
1098 2767 69 33 ne
1201 2751 47 49 le
1271 2769 395 49 voyons-nous
1700 2771 97 50 pas
1834 2770 101 51 par
1977 2771 86 33 ses

80 2825 200 69 projets
308 2845 146 51 pour
476 2828 51 51 la
565 2845 66 34 /o
636 2835 18 21 e
683 2826 335 71 Symphonie
1042 2823 32 54 ?
1106 2826 241 52 N'est-ce
1375 2845 100 49 pas
1508 2845 77 36 un
1613 2828 168 53 chant
1812 2831 66 50 de
1914 2828 151 53 Bach

80 2901 89 68 qui
195 2903 186 51 devait
402 2920 357 35 commencer
792 2915 140 39 cette
967 2901 240 52 dixième
1242 2902 340 69 symphonie
1609 2905 19 49 ?
1759 2903 94 54 On
1886 2903 77 68 lit,
1996 2922 69 33 en

81 2978 135 66 effet,
242 2981 141 51 dans
424 2981 79 51 les
528 2994 161 38 notes
716 2980 67 52 de
826 2978 326 52 Beethoven
1178 2978 196 52 écrites
1414 2997 68 33 en
1535 2980 178 69 1827:
1751 3001 27 31 «
1818 2981 213 70 Adagio-

80 3054 271 70 cantique.
511 3056 187 53 Chant
744 3054 270 70 religieux
1065 3072 145 51 pour
1257 3072 109 35 une
1414 3056 338 68 symphonie
1793 3058 138 50 dans
1986 3057 77 51 les

81 3131 217 52 anciens
327 3133 198 51 modes
565 3146 15 51 (
586 3132 163 52 Herr
797 3132 146 61 Gott,
992 3131 120 52 dich
1155 3132 149 51 loben
1343 3131 111 54 jpir
1477 3135 67 64 (1)
1658 3133 223 52 alléluia
1886 3136 33 65 ),
1957 3132 109 53 soit

82 3206 151 53 d'une
285 3209 164 68 façon
514 3208 439 70 indépendante,
1022 3207 108 53 soit
1172 3225 220 34 comme
1440 3208 391 54 introduction
1878 3213 29 47 à
1953 3227 110 33 une

87 3281 159 71 fugue
273 3303 48 33 ».

143 3359 73 52 Et
242 3364 28 49 à
297 3363 128 67 quel
464 3373 257 40 moment
768 3361 323 52 Beethoven
1135 3359 142 52 a-t-il
1312 3359 250 69 exprimé
1602 3362 97 49 des
1731 3362 334 51 sentiments

86 3434 114 65 plus
240 3439 294 69 profonds,
576 3439 126 70 plus
736 3438 334 70 personnels
1113 3451 53 38 et
1200 3438 126 69 plus
1369 3435 251 68 intimes,
1657 3456 109 51 que
1814 3438 249 69 lorsqu'il

86 3508 302 58 s'adressait
410 3519 28 47 à
461 3516 249 50 Thérèse
731 3513 353 66 Brunswick,
1113 3517 30 47 à
1168 3532 27 30 «
1220 3512 377 52 l'immortelle
1627 3513 339 52 bien-aimée
1995 3535 25 30 »
2046 3516 20 50 ?

133 3770 56 55 (i)
217 3772 126 42 C'est
359 3778 121 35 celte
501 3768 151 42 même
679 3775 184 35 cantate
890 3778 90 44 que
1006 3766 146 40 Bitter
1169 3773 165 33 trouva
1361 3763 93 42 àla
1478 3763 378 45 Thomasschule
1906 3767 160 55 quand

86 3827 25 42 il
133 3830 47 44 lit
198 3834 80 42 des
302 3832 282 44 recherches
609 3832 116 42 dans
752 3830 43 42 la
816 3828 209 42 librairie
1052 3828 58 42 de
1135 3825 179 44 l'école.
1348 3825 115 44 Voir
1497 3825 105 56 plus
1643 3827 113 43 haut
1794 3828 43 42 la
1869 3837 111 34 note
2008 3830 55 41 de

91 3890 174 48 Forkel.
