2575 4394
982 323 58 29 LE
1076 320 240 31 MERCURE
1350 316 221 32 MUSICAL
1700 314 12 30 I
1729 302 212 54 5-VII-06

451 317 56 53 84

447 522 252 56 vorspiele,
723 522 71 40 les
821 519 230 42 Préludes
1078 526 45 33 et
1150 517 190 54 Fugues
1361 524 108 33 sont
1490 515 321 56 géni'alement
1835 512 278 56 incorporés
2142 525 59 28 au
2222 512 160 55 piano,
2405 524 42 33 et

449 600 51 28 ce
533 587 120 39 n'est
682 596 85 43 pas
793 581 44 41 là
854 594 89 28 son
967 580 108 55 plus
1106 580 156 40 mince
1282 578 109 42 titre
1415 579 57 41 de
1498 577 165 57 gloire.

508 647 215 40 L'œuvre
750 645 55 40 de
832 643 183 41 Busoni
1040 651 73 32 est
1156 640 345 43 éminemment
1523 639 326 57 personnelle.
1885 639 330 50 Assurément,
2255 637 31 42 il
2332 639 116 43 n'est

446 723 85 42 pas
557 706 193 43 malaisé
776 706 57 40 de
856 704 138 42 saisir
1026 704 67 42 les
1136 704 271 42 influences
1456 704 80 55 qui
1582 717 48 28 se
1674 711 109 34 sont
1814 702 239 56 imposées
2098 701 25 41 à
2166 699 82 51 lui,
2283 701 163 56 depuis

451 771 128 42 Bach
602 769 186 56 jusqu'à
809 768 145 41 César
977 766 201 44 Franck.
1208 767 94 42 Nul
1326 767 108 56 plus
1470 780 91 43 que
1583 766 66 42 lui
1674 767 122 41 n'est
1819 766 134 41 imbu
1989 766 57 41 de
2072 764 45 42 la
2141 764 168 42 beauté
2336 764 90 43 clas-

450 833 133 54 sique
609 840 45 33 et
678 831 82 41 nul
781 831 75 41 n'a
882 830 157 43 mieux
1067 829 121 43 senti
1211 831 117 41 dans
1354 830 174 42 l'étude
1554 830 82 42 des
1667 828 195 43 anciens
1898 828 192 42 maîtres
2128 835 107 33 tout
2269 825 42 43 le
2349 827 99 55 prix

449 894 111 56 qu'il
593 894 98 42 faut
717 894 209 41 attacher
952 895 23 39 à
998 893 44 42 la
1063 892 129 44 force
1211 893 278 55 technique,
1510 893 25 41 à
1560 892 44 42 la
1627 891 267 57 perfection
1917 891 57 42 de
1999 891 45 42 la
2067 889 169 42 forme.
2258 890 40 41 A
2318 888 110 44 l'étu-

450 957 102 42 dier
572 957 56 42 de
659 955 124 57 près,
809 971 61 27 on
894 956 253 57 s'aperçoit
1168 955 113 57 qu'il
1304 970 24 27 a
1353 955 156 43 choisi
1541 955 255 42 librement
1818 969 72 27 ses
1935 967 215 42 moyens,
2179 965 90 42 que
2305 952 41 41 le
2373 967 50 28 ca-

449 1019 178 42 ractère
640 1020 56 41 de
717 1033 86 28 son
830 1033 160 28 œuvre
1001 1019 134 43 vient
1159 1020 56 41 de
1235 1019 243 41 lui-même
1499 1033 10 27 :
1528 1018 89 42 elle
1637 1020 75 40 n'a
1726 1032 84 42 pas
1837 1018 71 42 été
1923 1016 232 56 façonnée
2178 1016 63 41 du
2260 1014 188 54 dehors,

529 1082 88 42 elle
639 1083 109 42 s'est
772 1082 249 56 organisée
1044 1081 407 45 intérieurement.
1477 1081 104 42 Elle
1606 1095 26 27 a
1664 1094 75 29 ses
1766 1080 207 56 origines
2014 1079 117 41 dans
2164 1078 67 42 les
2259 1091 162 42 sugges-

449 1145 127 42 tions
599 1146 56 41 de
677 1160 49 27 sa
750 1145 344 56 personnalité.
1116 1146 39 41 A
1180 1145 103 41 l'art
1311 1145 230 42 moderne
1569 1143 32 42 il
1625 1143 101 43 faut
1759 1157 96 28 une
1879 1141 286 56 inspiration
2204 1141 241 44 moderne.

453 1208 37 42 Il
516 1207 114 54 faut,
657 1217 104 32 tout
779 1222 60 28 en
867 1207 195 43 édifiant
1105 1208 82 41 des
1227 1207 356 42 constructions
1627 1220 198 29 sonores
1868 1206 375 55 plastiquement
2288 1202 160 53 belles,

451 1272 177 41 écarter
647 1270 68 42 les
740 1271 257 42 anciennes
1032 1270 150 56 règles
1209 1270 80 55 qui
1327 1284 58 28 ne
1430 1279 113 33 sont
1575 1270 108 56 plus
1710 1283 91 43 que
1842 1268 308 50 mécanisme,
2176 1267 274 42 rechercher

452 1342 138 34 avant
614 1342 106 33 tout
743 1333 44 42 la
809 1333 145 43 vérité
980 1334 57 41 de
1060 1333 330 55 l'expression,
1427 1333 257 42 l'intensité
1721 1333 58 41 de
1826 1331 337 56 l'impression,
2198 1328 160 43 ouvrir
2395 1343 55 28 en

450 1405 196 47 passant
668 1404 159 35 toutes
870 1397 67 42 les
978 1409 197 30 sources
1203 1397 63 41 du
1291 1396 193 56 lyrisme
1521 1404 47 34 et
1612 1396 57 41 de
1716 1394 296 45 l'harmonie.
2039 1393 141 42 Voilà
2204 1392 220 56 quelques-

451 1472 120 29 unes
616 1460 82 41 des
733 1459 288 43 divinations
1065 1459 301 55 supérieures
1404 1458 80 56 qui
1520 1458 192 56 placent
1749 1458 196 42 l'œuvre
1999 1455 352 58 symphonique
2397 1456 54 42 de

456 1522 182 42 Busoni
664 1536 58 28 au
753 1522 205 56 premier
983 1536 115 42 rang
1123 1523 81 41 des
1227 1521 349 56 compositions
1599 1522 271 41 modernes.

510 1585 63 42 Sa
597 1585 179 42 facture
800 1595 71 32 est
902 1584 286 56 magistrale.
1217 1585 128 42 Tout
1382 1584 273 55 s'équilibre
1697 1592 45 35 et
1766 1584 95 42 l'on
1895 1592 107 34 sent
2025 1590 195 49 partout
2264 1595 92 28 une
2381 1595 48 28 vo-

454 1648 129 41 lonté
616 1649 276 41 consciente
918 1648 81 55 qui
1025 1662 24 27 a
1082 1648 262 41 déterminé
1371 1648 66 41 les
1463 1647 230 43 relations
1720 1656 45 33 et
1785 1646 66 43 les
1883 1645 311 57 proportions
2230 1644 81 42 des
2347 1657 78 42 par-

453 1710 107 42 ties.
590 1710 37 42 Il
653 1711 173 54 adopte
846 1710 67 42 les
932 1710 176 42 formes
1129 1710 212 56 simples,
1367 1710 202 56 pleines,
1613 1709 195 52 solides,
1832 1709 297 55 expressives
2156 1707 80 55 qui
2263 1715 192 34 mettent

454 1772 346 57 l'imagination
828 1775 24 40 à
877 1774 132 42 l'aise
1032 1782 45 33 et
1094 1787 48 28 se
1168 1773 187 56 prêtent
1380 1773 24 41 à
1429 1773 173 42 revêtir
1627 1786 94 28 une
1755 1773 169 41 beauté
1952 1771 291 56 supérieure.
2289 1769 37 41 Il
2352 1769 101 42 crée

455 1835 82 42 des
551 1837 209 54 rythmes
780 1836 164 56 agiles,
971 1836 170 55 larges,
1154 1837 339 54 pittoresques,
1511 1833 316 56 significatifs.
1852 1836 89 40 Les
1953 1834 201 51 thèmes,
2173 1832 282 56 amplement

456 1898 188 54 établis,
671 1907 182 34 sortent
879 1912 57 29 en
962 1898 161 56 pleine
1148 1896 213 45 lumière.
1401 1899 64 40 La
1491 1898 236 41 direction
1753 1897 58 42 de
1854 1896 318 56 l'inspiration
2198 1895 255 55 n'échappe

455 1961 167 54 jamais
648 1975 60 28 au
730 1975 149 29 cœur.
927 1963 67 40 La
1019 1974 169 29 source
1221 1974 60 28 en
1306 1969 70 33 est
1399 1960 167 55 placée
1593 1961 116 41 dans
1733 1959 42 42 le
1799 1959 258 42 sentiment
2083 1968 44 33 et
2152 1971 96 29 non
2272 1956 135 57 point
2431 1956 25 42 à

456 2023 193 55 l'esprit.
681 2023 303 44 L'invention
1006 2022 275 57 mélodique
1307 2032 69 33 est
1399 2022 417 56 rigoureusement
1838 2022 322 55 personnelle,
2187 2020 268 43 abondante

458 2094 48 34 et
528 2085 146 43 riche.
701 2087 130 41 Dans
858 2087 43 41 le
927 2086 291 42 maniement
1242 2086 82 42 des
1347 2086 224 42 couleurs
1614 2086 57 42 de
1715 2086 293 52 l'orchestre,
2050 2084 181 42 Busoni
2255 2081 201 57 possède

459 2147 124 42 l'une
611 2149 82 41 des
713 2149 108 55 plus
846 2148 155 42 riches
1020 2149 200 55 palettes
1240 2149 118 41 dont
1379 2147 234 43 musicien
1639 2148 64 42 ait
1726 2148 101 42 usé.
1850 2149 99 41 Son
1973 2147 148 42 talent
2147 2145 283 44 d'orchestra-

457 2210 103 41 tion
586 2219 70 33 est
679 2211 56 42 de
761 2220 107 33 tout
890 2211 208 56 premier
1130 2211 156 42 ordre.
1315 2211 38 41 Il
1386 2210 287 43 affectionne
1699 2211 68 41 les
1787 2210 197 42 timbres
2008 2223 144 39 rares,
2177 2210 67 41 les
2284 2206 149 44 sonori-

458 2273 69 42 tés
553 2273 285 44 inconnues.
871 2273 331 57 L'agrégation
1229 2273 274 55 mélodique
1530 2274 158 42 donne
1708 2273 43 42 la
1778 2274 242 41 sensation
2053 2274 64 42 du
2147 2284 237 37 nouveau,
2403 2270 52 42 de

458 2335 311 43 l'inentendu.
811 2337 179 55 Malgré
1037 2337 117 52 cela,
1206 2336 32 41 il
1279 2337 74 40 n'a
1400 2349 84 42 pas
1519 2335 144 43 l'effet
1702 2335 299 56 prétentieux
2041 2350 63 27 ou
2147 2333 153 43 brutal
2342 2345 115 43 pour

461 2397 161 43 ahurir
647 2398 42 41 le
722 2398 279 56 bourgeois.
1036 2400 62 41 Sa
1122 2397 164 58 frappe
1310 2398 316 55 harmonique
1649 2399 65 41 lui
1749 2399 269 55 appartient
2043 2412 58 28 en
2132 2410 189 43 propre.
2350 2395 37 41 Il
2411 2407 46 30 se

462 2458 198 44 démène
687 2474 112 29 avec
817 2475 93 28 une
933 2462 188 41 aisance
1148 2460 333 44 merveilleuse
1509 2474 58 29 au
1592 2461 161 42 milieu
1783 2462 81 42 des
1891 2460 360 44 combinaisons
2281 2458 147 42 théma-

459 2523 157 55 tiques
640 2523 67 42 les
725 2523 107 55 plus
859 2524 328 44 audacieuses.
1223 2525 199 40 Aucune
1456 2523 246 44 hardiesse
1735 2524 257 56 technique
2010 2537 59 28 ne
2109 2522 209 43 l'effraie.
2342 2521 72 41 On
2435 2533 23 28 a

460 2594 95 32 tort
581 2586 56 41 de
677 2586 66 41 lui
783 2587 115 55 jeter
922 2587 218 54 toujours
1180 2587 26 41 à
1229 2586 45 41 la
1314 2587 94 41 tête
1447 2587 46 41 la
1517 2585 285 58 complexité
1841 2588 56 41 de
1923 2601 50 28 sa
1992 2585 312 58 polyphonie.
2338 2582 119 53 Qu'il

463 2647 190 56 s'agisse
677 2650 57 41 de
759 2650 44 40 la
835 2649 288 55 conception
1150 2664 63 27 ou
1246 2650 56 40 de
1328 2648 304 52 l'exécution,
1656 2649 33 41 il
1723 2648 99 43 hait
1853 2650 339 55 l'extravagant
2237 2656 44 35 et
2305 2646 131 42 l'inin-

461 2709 246 57 telligible.
734 2712 35 40 Il
796 2720 111 34 veut
928 2725 91 43 que
1048 2712 97 42 l'on
1173 2712 92 41 soit
1291 2712 130 52 clair,
1450 2725 59 29 en
1534 2712 177 42 n'étant
1733 2726 85 42 pas
1843 2726 226 28 commun
2095 2712 48 41 ni
2166 2710 225 57 vulgaire,
2417 2717 41 34 et

462 2772 106 56 déjà
593 2773 44 42 la
658 2773 233 56 limpidité
922 2783 45 33 et
988 2774 44 42 la
1058 2775 225 42 noblesse
1310 2775 57 42 de
1395 2788 91 29 son
1513 2775 136 56 style,
1672 2775 45 42 la
1735 2774 129 44 force
1887 2776 56 42 de
1971 2790 50 28 sa
2043 2775 257 54 technique
2327 2785 107 30 assu-

462 2845 105 32 rent
586 2836 25 42 à
637 2851 73 27 ses
738 2851 187 28 œuvres
949 2851 94 28 une
1068 2837 270 56 perfection
1357 2837 80 56 qui
1464 2838 69 41 les
1554 2837 99 43 fera
1677 2838 157 42 durer.

522 2900 64 40 La
606 2905 47 35 2*
670 2900 175 42 Sonate
854 2914 126 43 pour
990 2900 155 44 violon
1172 2909 44 33 et
1235 2900 160 56 piano,
1411 2914 71 44 op.
1505 2900 106 53 36*,
1627 2910 70 33 est
1711 2901 294 43 l'admirable
2023 2908 281 36 monument
2324 2898 134 43 d'une

463 2960 284 56 inspiration
773 2962 182 43 sereine
982 2972 45 33 et
1052 2972 256 45 soutenue,
1432 2964 111 41 d'un
1576 2964 256 42 sentiment
1856 2965 232 55 puissant.
2133 2960 327 59 L'expression

465 3024 202 42 s'enlève
694 3034 44 33 et
770 3025 213 54 acquiert
1006 3039 92 28 une
1128 3025 245 56 plénitude
1417 3026 373 55 incomparable.
1822 3028 66 41 La
1912 3027 207 42 mélodie
2164 3024 203 56 s'élargit
2404 3034 56 30 en

465 3088 217 54 symbole
703 3088 56 42 de
799 3087 183 44 l'infini.
1010 3088 75 42 On
1122 3104 30 42 y
1178 3088 133 42 saisit
1333 3088 43 42 la
1406 3088 289 56 disposition
1738 3090 355 43 fondamentale
2137 3092 57 40 de
2229 3090 134 40 l'âme
2401 3086 59 42 du

464 3150 182 51 maître,
681 3160 119 32 cette
835 3160 126 33 sorte
987 3151 57 41 de
1069 3152 179 42 rêverie
1272 3152 368 54 contemplative
1667 3152 117 42 dans
1816 3154 207 55 laquelle
2044 3167 160 43 germe
2228 3160 130 34 toute
2378 3160 82 31 son

465 3226 178 31 œuvre.
674 3216 66 39 La
766 3226 45 29 2e
837 3223 165 32 sonate
1028 3215 120 41 n'est
1177 3229 85 41 pas
1301 3215 165 41 coulée
1494 3215 117 42 dans
1632 3215 42 42 le
1698 3216 160 42 moule
1882 3215 327 44 traditionnel.
2240 3214 101 43 Elle
2360 3210 81 45 s'af-

462 3274 206 44 franchit
689 3276 82 42 des
795 3276 231 42 divisions
1053 3278 296 54 préconçues
1375 3291 61 27 ou
1459 3277 270 43 arbitraires
1754 3292 122 42 pour
1898 3293 58 28 ne
1990 3279 155 42 suivre
2170 3292 88 43 que
2281 3278 42 40 la
2344 3287 87 30 mar-

463 3338 88 42 che
578 3339 55 41 de
654 3339 272 42 sentiment.
952 3339 104 41 Elle
1083 3340 271 42 s'enchaîne
1388 3341 110 41 d'un
1539 3340 103 42 seul
1665 3350 179 34 tenant.
1874 3342 103 42 Elle
2010 3351 71 33 est
2110 3343 138 41 d'une
2269 3337 192 59 parfaite

463 3401 131 42 unité
607 3402 279 55 organique.
906 3403 366 42 L'architecture
1289 3402 228 43 musicale
1529 3416 170 43 repose
1724 3413 106 33 tout
1841 3405 178 42 entière
2033 3419 78 28 sur
2122 3405 67 41 les
2210 3401 250 45 variations

466 3464 241 55 multiples
734 3465 56 41 de
813 3478 30 40 4
875 3465 25 41 à
927 3467 20 40 5
977 3464 184 43 thèmes
1195 3466 96 55 qui,
1326 3464 97 56 pris
1468 3479 59 28 en
1567 3467 307 53 eux-mêmes,
1921 3477 109 32 sont
2062 3469 139 40 d'une
2234 3463 226 46 élévation

468 3526 135 54 quasi
627 3528 332 42 surnaturelle.

525 3589 182 42 Busoni
728 3591 98 41 vise
854 3605 58 27 au
937 3592 166 54 grand,
1132 3604 58 28 au
1217 3591 222 42 sublime.
1470 3592 36 41 Il
1538 3607 29 40 y
1600 3591 166 43 atteint
1789 3607 207 42 presque
2034 3594 232 55 toujours.
2314 3587 123 43 L'exé-

468 3653 164 41 cution
665 3666 57 28 ne
747 3653 144 42 trahit
915 3667 82 41 pas
1025 3653 44 42 la
1092 3653 303 56 conception.
1423 3655 127 41 Avec
1583 3654 42 43 le
1659 3657 223 42 Concerto
1902 3670 123 43 pour
2043 3657 163 56 piano,
2233 3653 228 43 orchestre

467 3722 43 32 et
533 3716 156 40 chœur
712 3716 250 42 d'hommes
989 3716 94 56 (op.
1115 3717 89 55 89),
1232 3730 122 28 nous
1399 3731 122 27 nous
1547 3727 231 34 trouvons
1827 3733 57 27 en
1929 3719 97 41 face
2054 3718 138 42 d'une
2238 3711 222 47 véritable

469 3777 178 54 épopée
670 3791 191 30 sonore.
891 3779 75 41 On
987 3789 123 32 reste
1161 3779 200 55 stupéfié
1389 3781 172 41 devant
1601 3780 42 42 le
1681 3781 310 56 gigantesque
2041 3782 82 41 des
2159 3776 301 60 proportions

470 3839 40 51 (5
539 3839 173 53 parties
733 3854 7 28 :
764 3841 209 58 Prologo
992 3855 21 28 e
1045 3842 220 50 Introito,

471 3899 199 42 liana—
700 3902 209 55 Cantico)
920 3937 7 17 r
952 3903 43 41 la
1018 3905 268 41 nouveauté
1313 3913 44 33 et
1375 3904 45 42 la
1444 3905 191 43 solidité
1650 3906 56 42 de
1734 3907 44 41 la
1804 3916 251 42 structure,
2080 3907 41 41 le
2149 3903 170 45 souffle
2334 3912 102 46 gran-
