2575 4394
804 310 164 31 REVUE
1004 310 63 31 DE
1104 311 58 30 LA
1198 310 269 38 QUINZAINE

2075 312 52 43 71

136 533 52 29 ce
214 520 81 55 qui
337 529 69 33 est
430 533 92 29 une
564 519 318 43 constatation
925 519 235 42 heureuse
1187 519 24 41 à
1249 518 115 43 faire
1404 518 113 43 chez
1563 530 65 28 un
1674 515 96 42 être
1802 514 182 56 fragile.
2027 514 104 41 Une

132 582 146 56 petite
308 581 206 57 sapèque
537 595 57 29 en
620 582 175 52 cuivre,
822 580 221 55 exotique
1084 589 43 33 et
1162 580 180 51 timide,
1376 580 208 43 assistait
1616 580 23 41 à
1671 579 44 41 la
1755 577 185 43 rentrée
1972 575 135 42 triom-

134 645 139 55 phale
298 646 62 41 du
386 645 89 41 Dio
520 644 99 42 d'or
640 645 53 41 C.
727 644 65 44 M.
832 644 78 56 qui
953 644 118 40 n'est
1095 656 83 43 pas
1218 656 93 29 une
1361 643 208 56 vulgaire
1616 640 223 43 monnaie
1882 640 58 41 de
1983 638 147 55 singe,

136 707 241 56 croyez-le
418 707 110 42 bien
553 721 9 38 ;
609 706 272 43 confondue
939 705 116 42 dans
1115 705 68 42 les
1235 719 178 28 masses
1460 705 323 56 plébéiennes,
1832 703 44 41 la
1919 700 212 42 modeste

136 769 208 56 sapèque
369 783 48 28 se
444 769 181 56 croyait
656 768 273 56 inaperçue,
953 768 212 55 lorsque,
1194 769 56 40 de
1284 781 50 28 sa
1364 767 103 42 face
1506 768 160 53 dorée,
1700 766 52 42 G.
1786 767 62 40 M.
1884 763 181 43 fascina
2089 762 42 43 le

134 832 118 56 petit
284 832 151 42 billon
482 832 240 56 exotique.
767 832 67 40 La
879 828 358 44 manifestation
1274 830 248 56 populaire
1557 829 176 53 aidant,
1775 841 51 29 ce
1863 826 187 44 dernier
2084 838 48 29 se

134 903 250 47 prosterna
410 895 56 41 de
493 895 159 41 bonne
677 893 66 43 foi
779 902 44 34 et
852 892 232 57 participa
1118 891 370 44 laudativement
1526 892 24 41 à
1588 891 43 42 la
1670 890 113 43 fête.
1822 891 61 40 Le
1916 888 90 41 Dio
2034 888 100 42 d'or

134 956 177 43 roulait
336 957 56 42 de
418 956 93 56 joie
537 969 58 28 en
621 955 187 43 roulant
829 955 67 42 les
931 955 229 42 badauds.
1190 956 60 40 Et
1284 954 44 42 la
1359 954 224 55 sapèque,
1627 954 44 41 la
1693 952 209 56 vulgaire
1925 950 208 56 sapèque

136 1032 59 31 en
223 1019 175 51 cuivre,
424 1018 295 44 n'entendait
742 1032 84 42 pas
858 1018 42 41 le
924 1017 253 42 tintement
1201 1017 57 42 de
1282 1018 146 54 justes
1465 1016 254 56 reproches
1752 1015 204 41 d'autres
1991 1012 142 57 petits

136 1081 183 44 cuivres
346 1081 80 57 qui
451 1081 315 57 paraissaient
789 1094 57 28 ne
872 1080 107 55 plus
1012 1079 152 42 croire
1198 1079 25 42 à
1256 1079 86 42 l'or
1388 1079 63 42 du
1489 1077 139 44 Graal
1653 1095 11 34 ;
1705 1076 311 43 n'osaient-ils
2048 1088 84 42 pas

133 1145 272 55 prétendre,
430 1145 67 42 les
522 1143 186 57 impies,
737 1156 90 43 que
853 1143 43 41 la
918 1142 102 42 face
1046 1142 55 41 de
1124 1141 159 43 l'idole
1314 1155 57 28 ne
1412 1139 265 58 supportait
1719 1153 84 42 pas
1841 1138 42 42 le
1916 1137 218 42 moindre

134 1206 275 43 frottement
434 1220 111 28 sous
592 1206 141 56 peine
781 1206 56 42 de
873 1204 180 44 révéler
1092 1217 88 29 son
1227 1203 259 43 extraction
1516 1211 132 33 toute
1673 1201 209 56 vulgaire
1908 1200 17 42 ?
1952 1216 21 21 «
1999 1201 134 40 Nous

135 1282 208 29 sommes
366 1269 276 42 d'honnêtes
669 1267 201 52 cuivres,
893 1267 57 42 de
975 1267 97 42 bon
1098 1280 87 29 son
1218 1275 46 34 et
1308 1267 57 42 de
1397 1266 96 41 bon
1524 1265 111 54 aloi,
1660 1277 93 44 peu
1775 1276 121 29 nous
1929 1262 143 42 chaut
2091 1260 42 42 le

136 1331 90 42 Dio
250 1331 101 42 d'or
375 1334 7 39 !
406 1347 22 25 »

191 1394 39 41 Il
256 1393 162 43 advint
440 1394 106 56 qu'à
569 1394 130 42 force
724 1395 57 41 de
809 1406 47 30 se
884 1392 165 42 frotter
1075 1406 58 28 au
1157 1391 90 42 Dio
1267 1392 113 50 d'or,
1408 1391 43 41 la
1474 1389 206 56 sapèque
1707 1390 233 54 s'aperçut
1964 1399 91 43 que
2081 1398 52 30 ce

136 1469 108 43 gros
277 1456 195 42 module
504 1456 161 42 n'était
688 1457 148 55 qu'en
860 1455 210 55 vulgaire
1091 1454 148 43 laiton
1263 1461 284 48 vaguement
1567 1451 130 52 doré,
1725 1465 22 28 «
1774 1451 150 41 même
1960 1463 83 41 pas
2070 1448 63 42 du

136 1518 158 43 cuivre
315 1519 9 41 !
352 1519 118 42 mais
487 1532 66 27 un
578 1518 169 56 alliage
771 1517 278 42 innomable
1067 1519 7 38 !
1103 1517 42 41 le
1171 1515 233 49 meilleur,
1432 1514 113 42 c'est
1564 1514 57 41 de
1647 1526 120 28 nous
1794 1511 113 55 qu'il
1925 1511 58 41 l'a
2006 1510 97 55 pris
2121 1512 9 39 !

136 1589 148 48 quant
304 1594 58 28 au
388 1589 120 34 reste
527 1580 18 43 ?
571 1580 117 42 Rien
717 1582 7 38 !
753 1579 102 42 rien
884 1579 8 41 !
919 1592 24 28 »
967 1592 49 28 se
1043 1577 69 43 dit
1126 1577 45 42 la
1192 1578 227 53 sapèque.

191 1644 100 42 Son
317 1657 160 29 erreur
501 1655 257 38 reconnue,
785 1642 44 41 la
854 1640 222 43 monnaie
1120 1639 221 54 exotique
1372 1638 98 42 s'en
1503 1636 91 43 alla
1627 1649 49 30 se
1702 1634 179 43 confier
1926 1648 57 29 au
2027 1633 111 43 chef

137 1706 81 42 des
251 1705 123 42 vrais
399 1705 200 52 cuivres,
627 1704 267 55 l'héroïque
922 1702 294 43 Marn-Hold
1249 1699 97 57 qui,
1374 1698 135 57 après
1531 1698 65 42 lui
1618 1698 129 43 avoir
1767 1697 83 42 fait
1889 1696 244 42 connaître

134 1768 45 42 la
204 1767 66 43 loi
299 1769 57 41 de
381 1768 218 42 Mercure
619 1766 227 56 Apollon,
873 1764 68 43 lui
966 1764 66 43 dit
1054 1780 9 26 :
1093 1781 21 23 «
1141 1762 290 44 Demets-toi
1480 1762 56 41 de
1573 1769 46 33 ta
1659 1759 239 44 servitude
1925 1759 114 41 chez
2064 1757 67 43 les

138 1829 248 43 Philistins
410 1830 80 56 qui
512 1831 201 41 adorent
737 1829 90 42 Dio
855 1829 100 42 d'or
980 1836 45 33 et
1047 1828 95 41 t'en
1162 1825 134 45 viens
1326 1838 58 29 en
1410 1833 137 34 notre
1573 1823 122 42 libre
1736 1821 189 43 tribune
1966 1821 63 41 où
2051 1819 82 43 nul

136 1905 57 31 ne
216 1894 149 41 craint
386 1893 58 41 de
469 1892 115 42 faire
612 1904 175 29 sonner
815 1904 50 29 sa
882 1898 127 35 note.
1036 1906 22 22 »

192 1956 115 41 Plus
331 1955 122 50 tard,
476 1954 67 42 les
564 1953 226 57 pèlerins,
818 1961 140 47 ayant
983 1951 266 57 également
1289 1962 214 29 reconnu
1533 1949 102 41 leur
1672 1958 176 41 erreur,
1886 1942 248 44 frottèrent

137 2017 342 43 sérieusement
509 2017 42 41 le
596 2015 300 43 Saint-Graal
936 2022 44 35 et
1011 2014 56 42 ils
1098 2013 155 42 virent
1292 2025 90 42 que
1408 2011 42 42 le
1478 2010 88 42 Dio
1593 2008 112 43 était
1729 2022 59 28 en
1813 2007 111 42 faux
1945 2019 52 30 or
2020 2008 8 38 !
2058 2006 75 42 On

134 2093 59 29 ne
219 2088 103 33 crut
339 2079 82 42 dès
446 2079 98 42 lors
568 2079 107 54 plus
698 2078 68 41 les
794 2076 360 56 Montagnards,
1181 2083 45 33 et
1253 2074 44 42 la
1322 2086 226 30 caravane
1575 2071 213 55 disparut
1819 2070 25 41 à
1882 2068 248 46 l'horizon,

134 2154 99 30 non
259 2154 108 30 sans
390 2140 131 44 avoir
547 2140 173 55 déposé
741 2153 58 28 au
821 2138 120 42 bord
962 2138 117 42 delà
1100 2144 151 43 route,
1272 2137 116 42 dans
1407 2135 41 42 le
1468 2133 294 57 crépuscule,
1783 2139 106 34 tout
1902 2131 227 53 honteux,

135 2204 41 43 le
203 2202 90 43 Dio
321 2203 99 42 d'or
445 2204 54 42 C.
527 2203 65 43 M.
621 2203 25 41 à
673 2202 105 42 côté
807 2201 201 42 d'autres
1032 2199 187 43 choses.

191 2265 181 44 Restait
386 2265 45 42 la
453 2264 206 57 sapèque
686 2264 80 55 qui
790 2262 240 57 regrettait
1046 2276 58 28 ne
1122 2275 84 42 pas
1227 2260 130 44 avoir
1380 2260 57 42 de
1459 2259 231 41 cothurne
1714 2269 122 44 pour
1862 2268 56 29 en
1945 2253 186 44 oublier

133 2341 67 31 un
226 2330 118 41 dans
370 2328 43 43 le
439 2335 158 35 centre
632 2327 56 42 de
717 2325 173 57 gravité
910 2326 64 42 du
1004 2325 89 41 Dio
1126 2325 113 41 d'or.

188 2522 66 43 Ce
274 2521 295 57 préambule,
599 2527 106 35 tout
729 2518 236 56 mystique
991 2528 122 44 pour
1138 2516 266 52 beaucoup,
1427 2512 101 42 doit
1556 2509 201 57 paraître
1782 2515 299 47 transparent
2103 2508 26 38 à

135 2598 120 30 ceux
275 2583 82 57 qui
379 2584 148 41 m'ont
566 2582 83 42 fait
695 2582 252 41 l'honneur
973 2579 56 42 de
1068 2578 245 55 s'occuper
1345 2575 63 42 du
1444 2573 214 42 modeste
1702 2571 154 55 projet
1894 2568 155 44 visant
2085 2567 45 42 la

135 2647 210 43 création
371 2646 138 42 d'une
542 2646 186 42 Section
740 2644 249 58 française
1014 2641 214 56 exotique
1253 2639 56 42 de
1334 2638 46 42 la
1418 2637 35 42 I.
1477 2636 66 42 M.
1582 2634 54 44 G.
1682 2631 206 58 (Société
1917 2631 184 42 interna-

131 2709 179 44 tionale
334 2710 64 41 du
421 2707 252 55 musique).

186 2771 142 42 Voilà
351 2771 268 54 longtemps
646 2781 91 43 que
762 2765 186 57 j'aurais
977 2765 147 42 voulu
1170 2774 203 43 grouper
1399 2773 58 28 en
1488 2772 65 28 un
1592 2756 150 43 cercle
1782 2768 120 30 ceux
1926 2753 177 55 qu'inté-

133 2847 128 30 resse
284 2834 44 41 la
352 2832 218 55 musique
612 2828 221 56 exotique
856 2841 11 39 ;
894 2826 242 55 l'échange
1162 2821 392 52 d'observations,
1602 2819 14 40 1
1633 2818 149 42 union
1808 2817 80 42 des
1927 2815 200 56 pensées

134 2896 151 44 aurait
306 2895 84 43 fait
411 2893 209 44 franchir
643 2906 65 28 un
735 2890 148 57 grand
906 2902 84 43 pas
1016 2890 25 40 à
1065 2896 118 34 cette
1218 2885 207 43 branche
1465 2883 57 41 de
1564 2881 171 42 l'étude
1785 2878 244 42 musicale.
2074 2878 54 41 Je

132 2972 137 42 reçus
291 2972 65 28 un
380 2958 123 42 beau
523 2957 105 55 jour
650 2968 95 28 une
764 2954 134 42 lettre
920 2951 94 42 fort
1038 2949 201 44 aimable
1261 2949 58 41 de
1345 2947 65 42 M.
1423 2958 94 29 von
1543 2942 310 49 Hornbostel,
1873 2941 55 41 de
1950 2939 176 54 Berlin,

134 3021 264 43 m'invitant
439 3021 25 40 à
487 3019 133 43 venir
645 3031 59 29 au
741 3015 200 56 congrès
973 3014 56 41 de
1064 3012 110 42 Bâle
1209 3010 287 54 développer
1531 3019 112 29 mon
1674 3005 156 56 projet
1854 3003 56 42 de
1947 3001 182 43 Société

135 3084 230 55 exotique.
391 3083 73 41 En
489 3081 204 55 réponse
712 3080 26 41 à
760 3092 66 28 un
849 3078 153 55 projet
1023 3074 199 54 soumis,
1255 3073 114 41 MM.
1411 3083 94 30 von
1547 3066 294 44 Hornbostel
1874 3073 45 33 et
1940 3062 189 56 Stumpf

133 3144 312 58 exprimaient
468 3144 42 42 le
553 3156 108 42 sage
701 3141 100 43 avis
828 3154 91 42 que
958 3141 44 41 la
1048 3139 184 42 section
1275 3137 59 42 de
1379 3134 131 42 Paris
1537 3133 203 55 (comme
1773 3128 142 44 celles
1947 3128 24 40 à
1997 3127 131 41 créer

136 3209 115 42 dans
275 3208 67 42 les
370 3215 155 34 autres
556 3205 152 54 villes)
737 3203 154 43 aurait
917 3210 225 47 avantage
1168 3201 26 42 à
1227 3214 47 29 se
1305 3197 186 58 joindre
1517 3196 24 41 à
1564 3207 94 29 une
1685 3190 292 45 association
2000 3188 102 57 puis-

134 3278 132 35 sante
294 3283 185 29 comme
505 3269 69 42 l'l.
606 3268 64 43 M.
697 3266 54 43 G.
781 3265 80 56 qui
886 3265 66 41 lui
975 3262 271 44 faciliterait
1268 3259 198 43 l'aridité
1500 3258 82 41 des
1604 3255 186 42 débuts.

191 3334 297 53 Partageant,
510 3332 25 40 à
560 3343 52 29 ce
640 3336 216 35 moment
880 3341 190 38 encore,
1097 3327 82 41 des
1199 3323 130 44 idées
1356 3321 116 43 dont
1507 3318 75 57 j'ai
1614 3331 65 42 pu
1717 3330 73 28 me
1813 3314 174 42 défaire
2008 3313 90 42 heu-

134 3403 284 42 reusement,
442 3393 118 42 mais
578 3402 106 45 trop
709 3392 120 51 tard,
856 3391 42 54 je
922 3389 179 57 portais
1129 3402 58 29 au
1209 3388 55 43 C.
1292 3385 53 43 M
1354 3417 8 9 .
1385 3396 66 28 un
1491 3380 96 43 avis
1624 3379 171 42 faisant
1834 3375 153 44 savoir
2018 3387 108 44 que,

134 3459 162 42 créant
318 3457 46 42 la
387 3457 186 42 Section
594 3454 244 60 française
858 3453 216 55 exotique
1097 3450 116 44 delà
1239 3449 36 43 I.
1296 3447 65 42 M.
1383 3446 52 41 G.
1462 3445 23 40 à
1513 3442 148 53 Paris,
1682 3442 42 55 je
1751 3439 143 43 serais
1916 3438 214 42 heureux

136 3522 55 41 de
218 3519 212 43 recevoir
454 3519 80 42 des
569 3516 257 44 adhésions
849 3529 63 28 ou
929 3515 152 41 même
1105 3513 56 42 de
1190 3509 192 56 simples
1408 3506 113 43 avis.
1554 3505 36 41 Il
1618 3502 161 44 advint
1803 3515 91 43 que
1917 3508 73 34 cet
2028 3499 99 43 avis

132 3591 223 47 partagea
375 3582 42 41 le
443 3581 129 42 triste
599 3588 98 34 sort
721 3579 56 41 de
793 3585 106 34 tout
919 3577 114 42 livre
1056 3575 131 57 prêté
1207 3588 9 30 :
1239 3574 32 40 il
1297 3571 70 43 fut
1385 3567 151 57 égaré.
1561 3568 72 41 En
1659 3579 50 29 sa
1730 3577 169 30 course
1922 3562 208 57 éperdue

135 3647 26 40 à
182 3654 179 34 travers
387 3643 246 55 l'Europe,
660 3647 236 49 essayant,
930 3638 117 42 mais
1068 3651 58 29 en
1148 3636 124 51 vain,
1300 3634 55 42 de
1377 3631 185 57 joindre
1587 3629 41 43 le
1648 3628 94 43 très
1769 3626 180 56 occupé
1982 3625 124 42 direc-

132 3715 106 35 teur
262 3707 63 42 du
351 3706 53 43 C.
446 3707 243 42 Mmon
716 3701 261 45 manuscrit
1000 3700 105 43 finit
1148 3711 84 45 par
1263 3696 209 43 échouer
1496 3706 80 30 sur
1604 3693 46 41 la
1674 3691 104 43 côte
1809 3690 186 49 d'Azur,
2022 3700 62 29 ou
2103 3686 27 43 à

133 3770 219 42 Thouars
378 3781 62 29 ou
477 3776 197 48 partout
706 3766 209 50 ailleurs,
948 3763 173 43 l'ordre
1166 3762 144 50 étant,
1333 3759 56 41 de
1425 3755 130 45 l'avis
1596 3755 29 41 d
1643 3766 196 41 aucuns,
1865 3762 265 45 synonyme

136 3833 57 42 de
213 3831 212 57 vulgaire
458 3828 292 59 pédanterie.
773 3829 52 43 Je
851 3825 206 58 rédigeai
1078 3838 93 30 une
1202 3820 221 47 nouvelle
1463 3815 423 54 communication,
1907 3811 220 58 laquelle,

135 3907 123 41 pour
309 3907 74 30 me
408 3893 337 55 récompenser
770 3892 56 43 de
868 3890 44 44 la
953 3889 184 44 lenteur
1178 3887 57 45 de
1279 3898 88 32 son
1408 3882 151 57 aînée,
1592 3887 139 54 parut
1761 3877 104 59 déjà
1899 3874 231 63 quelques
