<?xml version="1.0" encoding="UTF-8"?>
<alto xmlns:xsi="http://www.w3.org/2001/XMLSchema-instance" xmlns="http://www.loc.gov/standards/alto/ns-v2#" xsi:schemaLocation="http://www.loc.gov/standards/alto/ns-v2# http://www.loc.gov/standards/alto/alto-v2.0.xsd" xmlns:xlink="http://www.w3.org/1999/xlink">
	<Description>
		<MeasurementUnit>mm10</MeasurementUnit>
		<sourceImageInformation>
			<fileName>//fileserver7/IN2/Princeton/Batch3/bmtnabh/1906/07/15_01/00000314.tif</fileName>
		</sourceImageInformation>
		<OCRProcessing ID="OCRPROCESSING_1">
			<preProcessingStep>
				<processingSoftware>
					<softwareCreator>CCS Content Conversion Specialists GmbH, Germany</softwareCreator>
					<softwareName>CCS docWORKS</softwareName>
					<softwareVersion>6.6-1.18</softwareVersion>
				</processingSoftware>
			</preProcessingStep>
			<ocrProcessingStep>
				<processingSoftware>
					<softwareCreator>ABBYY (BIT Software), Russia</softwareCreator>
					<softwareName>FineReader</softwareName>
					<softwareVersion>10.0</softwareVersion>
				</processingSoftware>
			</ocrProcessingStep>
		</OCRProcessing>
	</Description>
	<Styles>
		<TextStyle ID="TXT_0" FONTSIZE="41" FONTFAMILY="Times New Roman"/>
		<TextStyle ID="TXT_1" FONTSIZE="12" FONTFAMILY="Times New Roman" FONTSTYLE="bold"/>
		<TextStyle ID="TXT_2" FONTSIZE="19" FONTFAMILY="Times New Roman"/>
		<TextStyle ID="TXT_3" FONTSIZE="19" FONTFAMILY="Times New Roman" FONTSTYLE="italics"/>
		<TextStyle ID="TXT_4" FONTSIZE="17" FONTFAMILY="Times New Roman" FONTSTYLE="italics"/>
		<TextStyle ID="TXT_5" FONTSIZE="17" FONTFAMILY="Times New Roman"/>
		<TextStyle ID="TXT_6" FONTSIZE="16" FONTFAMILY="Times New Roman" FONTSTYLE="bold italics"/>
		<TextStyle ID="TXT_7" FONTSIZE="16" FONTFAMILY="Times New Roman"/>
		<TextStyle ID="TXT_8" FONTSIZE="16" FONTFAMILY="Times New Roman" FONTSTYLE="italics"/>
		<ParagraphStyle ID="PAR_LEFT" ALIGN="Left"/>
		<ParagraphStyle ID="PAR_RIGHT" ALIGN="Right"/>
		<ParagraphStyle ID="PAR_BLOCK" ALIGN="Block"/>
	</Styles>
	<Layout>
		<Page ID="P18" PHYSICAL_IMG_NR="18" HEIGHT="4394" WIDTH="2575" PC="0.919">
			<TopMargin ID="P18_TM00001" HPOS="0" VPOS="0" WIDTH="2575" HEIGHT="431">
				<TextBlock ID="P18_TB00001" HPOS="434" VPOS="375" WIDTH="61" HEIGHT="43" STYLEREFS="TXT_0 PAR_LEFT">
					<TextLine ID="P18_TL00001" HPOS="495" VPOS="418" WIDTH="0" HEIGHT="0">
						<String ID="P18_ST00001" HPOS="495" VPOS="418" WIDTH="0" HEIGHT="0" CONTENT="60" WC="1.00" CC="00"/>
					</TextLine>
				</TextBlock>
				<TextBlock ID="P18_TB00002" HPOS="968" VPOS="375" WIDTH="964" HEIGHT="53" STYLEREFS="TXT_1 PAR_RIGHT">
					<TextLine ID="P18_TL00002" HPOS="969" VPOS="376" WIDTH="963" HEIGHT="52">
						<String ID="P18_ST00002" HPOS="969" VPOS="386" WIDTH="57" HEIGHT="30" CONTENT="LE" WC="0.61" CC="51"/>
						<SP ID="P18_SP00001" HPOS="1026" VPOS="416" WIDTH="36"/>
						<String ID="P18_ST00003" HPOS="1062" VPOS="385" WIDTH="241" HEIGHT="32" CONTENT="MERCURE" WC="0.98" CC="1351336"/>
						<SP ID="P18_SP00002" HPOS="1303" VPOS="417" WIDTH="36"/>
						<String ID="P18_ST00004" HPOS="1339" VPOS="385" WIDTH="221" HEIGHT="31" CONTENT="MUSICAL" WC="0.98" CC="5406026"/>
						<SP ID="P18_SP00003" HPOS="1560" VPOS="417" WIDTH="136"/>
						<String ID="P18_ST00005" HPOS="1696" VPOS="376" WIDTH="236" HEIGHT="52" CONTENT="15-VII-O6" WC="0.58" CC="640357035"/>
					</TextLine>
				</TextBlock>
			</TopMargin>
			<LeftMargin ID="P18_LM00001" HPOS="0" VPOS="431" WIDTH="417" HEIGHT="3555"/>
			<RightMargin ID="P18_RM00001" HPOS="2433" VPOS="431" WIDTH="142" HEIGHT="3555"/>
			<BottomMargin ID="P18_BM00001" HPOS="0" VPOS="3986" WIDTH="2575" HEIGHT="408"/>
			<PrintSpace ID="P18_PS00001" HPOS="417" VPOS="431" WIDTH="2016" HEIGHT="3555">
				<TextBlock ID="P18_TB00003" HPOS="417" VPOS="584" WIDTH="2016" HEIGHT="3085" STYLEREFS="TXT_2 PAR_BLOCK">
					<TextLine ID="P18_TL00003" HPOS="502" VPOS="584" WIDTH="1929" HEIGHT="72">
						<String ID="P18_ST00006" HPOS="502" VPOS="587" WIDTH="77" HEIGHT="48" CONTENT="Le" WC="1.00" CC="00"/>
						<SP ID="P18_SP00004" HPOS="579" VPOS="635" WIDTH="33"/>
						<String ID="P18_ST00007" HPOS="612" VPOS="584" WIDTH="232" HEIGHT="69" CONTENT="graduel" WC="0.98" CC="5391406"/>
						<SP ID="P18_SP00005" HPOS="844" VPOS="653" WIDTH="35"/>
						<String ID="P18_ST00008" HPOS="879" VPOS="597" WIDTH="83" HEIGHT="38" CONTENT="est" WC="1.00" CC="000"/>
						<SP ID="P18_SP00006" HPOS="962" VPOS="653" WIDTH="30"/>
						<String ID="P18_ST00009" HPOS="992" VPOS="601" WIDTH="78" HEIGHT="36" CONTENT="un" WC="0.71" CC="50"/>
						<SP ID="P18_SP00007" HPOS="1070" VPOS="653" WIDTH="34"/>
						<String ID="P18_ST00010" HPOS="1104" VPOS="584" WIDTH="136" HEIGHT="53" CONTENT="livre" WC="0.98" CC="60140"/>
						<SP ID="P18_SP00008" HPOS="1240" VPOS="653" WIDTH="27"/>
						<String ID="P18_ST00011" HPOS="1267" VPOS="586" WIDTH="67" HEIGHT="51" CONTENT="de" WC="0.82" CC="30"/>
						<SP ID="P18_SP00009" HPOS="1334" VPOS="653" WIDTH="38"/>
						<String ID="P18_ST00012" HPOS="1372" VPOS="584" WIDTH="209" HEIGHT="72" CONTENT="fatigue" WC="0.99" CC="2704600"/>
						<SP ID="P18_SP00010" HPOS="1581" VPOS="656" WIDTH="50"/>
						<String ID="P18_ST00013" HPOS="1631" VPOS="587" WIDTH="140" HEIGHT="51" CONTENT="dans" WC="0.99" CC="0020"/>
						<SP ID="P18_SP00011" HPOS="1771" VPOS="656" WIDTH="42"/>
						<String ID="P18_ST00014" HPOS="1813" VPOS="587" WIDTH="77" HEIGHT="51" CONTENT="les" WC="0.98" CC="400"/>
						<SP ID="P18_SP00012" HPOS="1890" VPOS="656" WIDTH="34"/>
						<String ID="P18_ST00015" HPOS="1924" VPOS="587" WIDTH="183" HEIGHT="51" CONTENT="mains" WC="0.98" CC="04350"/>
						<SP ID="P18_SP00013" HPOS="2107" VPOS="656" WIDTH="49"/>
						<String ID="P18_ST00016" HPOS="2156" VPOS="588" WIDTH="76" HEIGHT="51" CONTENT="du" WC="0.65" CC="06"/>
						<SP ID="P18_SP00014" HPOS="2232" VPOS="656" WIDTH="28"/>
						<String ID="P18_ST00017" HPOS="2260" VPOS="588" WIDTH="137" HEIGHT="51" CONTENT="béné" SUBS_TYPE="HypPart1" SUBS_CONTENT="bénédictin" WC="0.99" CC="0000"/>
						<HYP HPOS="2397" VPOS="588" WIDTH="34" CONTENT="-"/>
					</TextLine>
					<TextLine ID="P18_TL00004" HPOS="431" VPOS="659" WIDTH="2002" HEIGHT="74">
						<String ID="P18_ST00018" HPOS="431" VPOS="659" WIDTH="174" HEIGHT="52" CONTENT="dictin" SUBS_TYPE="HypPart2" SUBS_CONTENT="bénédictin" WC="0.99" CC="004200"/>
						<SP ID="P18_SP00015" HPOS="605" VPOS="711" WIDTH="29"/>
						<String ID="P18_ST00019" HPOS="634" VPOS="676" WIDTH="10" HEIGHT="34" CONTENT=":" WC="0.97" CC="0"/>
						<SP ID="P18_SP00016" HPOS="644" VPOS="711" WIDTH="41"/>
						<String ID="P18_ST00020" HPOS="685" VPOS="677" WIDTH="74" HEIGHT="33" CONTENT="on" WC="0.73" CC="50"/>
						<SP ID="P18_SP00017" HPOS="759" VPOS="711" WIDTH="34"/>
						<String ID="P18_ST00021" HPOS="793" VPOS="661" WIDTH="296" HEIGHT="68" CONTENT="s'imagine" WC="0.99" CC="020003460"/>
						<SP ID="P18_SP00018" HPOS="1089" VPOS="729" WIDTH="47"/>
						<String ID="P18_ST00022" HPOS="1136" VPOS="661" WIDTH="277" HEIGHT="52" CONTENT="aisément" WC="1.00" CC="01030000"/>
						<SP ID="P18_SP00019" HPOS="1413" VPOS="729" WIDTH="53"/>
						<String ID="P18_ST00023" HPOS="1466" VPOS="663" WIDTH="229" HEIGHT="67" CONTENT="qu'avec" WC="0.99" CC="0240500"/>
						<SP ID="P18_SP00020" HPOS="1695" VPOS="730" WIDTH="33"/>
						<String ID="P18_ST00024" HPOS="1728" VPOS="663" WIDTH="209" HEIGHT="70" CONTENT="l'usage" WC="0.99" CC="0450000"/>
						<SP ID="P18_SP00021" HPOS="1937" VPOS="733" WIDTH="34"/>
						<String ID="P18_ST00025" HPOS="1971" VPOS="677" WIDTH="52" HEIGHT="37" CONTENT="et" WC="1.00" CC="00"/>
						<SP ID="P18_SP00022" HPOS="2023" VPOS="733" WIDTH="44"/>
						<String ID="P18_ST00026" HPOS="2067" VPOS="664" WIDTH="48" HEIGHT="50" CONTENT="le" WC="1.00" CC="00"/>
						<SP ID="P18_SP00023" HPOS="2115" VPOS="733" WIDTH="33"/>
						<String ID="P18_ST00027" HPOS="2148" VPOS="678" WIDTH="202" HEIGHT="55" CONTENT="temps," WC="0.99" CC="402204"/>
						<SP ID="P18_SP00024" HPOS="2350" VPOS="733" WIDTH="32"/>
						<String ID="P18_ST00028" HPOS="2382" VPOS="664" WIDTH="51" HEIGHT="51" CONTENT="la" WC="0.93" CC="10"/>
					</TextLine>
					<TextLine ID="P18_TL00005" HPOS="430" VPOS="736" WIDTH="1997" HEIGHT="73">
						<String ID="P18_ST00029" HPOS="430" VPOS="736" WIDTH="203" HEIGHT="52" CONTENT="reliure" WC="0.99" CC="5000560"/>
						<SP ID="P18_SP00025" HPOS="633" VPOS="788" WIDTH="51"/>
						<String ID="P18_ST00030" HPOS="684" VPOS="737" WIDTH="257" HEIGHT="51" CONTENT="délabrée" WC="0.99" CC="04200600"/>
						<SP ID="P18_SP00026" HPOS="941" VPOS="788" WIDTH="49"/>
						<String ID="P18_ST00031" HPOS="990" VPOS="737" WIDTH="166" HEIGHT="52" CONTENT="laisse" WC="1.00" CC="000000"/>
						<SP ID="P18_SP00027" HPOS="1156" VPOS="789" WIDTH="41"/>
						<String ID="P18_ST00032" HPOS="1197" VPOS="738" WIDTH="284" HEIGHT="70" CONTENT="échapper" WC="1.00" CC="03000001"/>
						<SP ID="P18_SP00028" HPOS="1481" VPOS="808" WIDTH="32"/>
						<String ID="P18_ST00033" HPOS="1513" VPOS="739" WIDTH="77" HEIGHT="52" CONTENT="les" WC="0.99" CC="200"/>
						<SP ID="P18_SP00029" HPOS="1590" VPOS="808" WIDTH="33"/>
						<String ID="P18_ST00034" HPOS="1623" VPOS="739" WIDTH="165" HEIGHT="52" CONTENT="folios" WC="1.00" CC="500000"/>
						<SP ID="P18_SP00030" HPOS="1788" VPOS="808" WIDTH="40"/>
						<String ID="P18_ST00035" HPOS="1828" VPOS="741" WIDTH="68" HEIGHT="50" CONTENT="de" WC="0.71" CC="50"/>
						<SP ID="P18_SP00031" HPOS="1896" VPOS="808" WIDTH="41"/>
						<String ID="P18_ST00036" HPOS="1937" VPOS="739" WIDTH="349" HEIGHT="70" CONTENT="parchemin," WC="1.00" CC="0042200001"/>
						<SP ID="P18_SP00032" HPOS="2286" VPOS="809" WIDTH="44"/>
						<String ID="P18_ST00037" HPOS="2330" VPOS="739" WIDTH="97" HEIGHT="70" CONTENT="qui" WC="0.98" CC="050"/>
					</TextLine>
					<TextLine ID="P18_TL00006" HPOS="428" VPOS="814" WIDTH="2003" HEIGHT="71">
						<String ID="P18_ST00038" HPOS="428" VPOS="824" WIDTH="136" HEIGHT="39" CONTENT="vont" WC="1.00" CC="0100"/>
						<SP ID="P18_SP00033" HPOS="564" VPOS="863" WIDTH="26"/>
						<String ID="P18_ST00039" HPOS="590" VPOS="831" WIDTH="55" HEIGHT="33" CONTENT="se" WC="1.00" CC="00"/>
						<SP ID="P18_SP00034" HPOS="645" VPOS="864" WIDTH="27"/>
						<String ID="P18_ST00040" HPOS="672" VPOS="814" WIDTH="203" HEIGHT="68" CONTENT="perdre" WC="0.99" CC="006043"/>
						<SP ID="P18_SP00035" HPOS="875" VPOS="882" WIDTH="27"/>
						<String ID="P18_ST00041" HPOS="902" VPOS="831" WIDTH="109" HEIGHT="34" CONTENT="aux" WC="0.98" CC="050"/>
						<SP ID="P18_SP00036" HPOS="1011" VPOS="882" WIDTH="35"/>
						<String ID="P18_ST00042" HPOS="1046" VPOS="827" WIDTH="198" HEIGHT="56" CONTENT="quatre" WC="0.99" CC="060030"/>
						<SP ID="P18_SP00037" HPOS="1244" VPOS="883" WIDTH="24"/>
						<String ID="P18_ST00043" HPOS="1268" VPOS="828" WIDTH="161" HEIGHT="38" CONTENT="vents" WC="1.00" CC="00000"/>
						<SP ID="P18_SP00038" HPOS="1429" VPOS="883" WIDTH="32"/>
						<String ID="P18_ST00044" HPOS="1461" VPOS="817" WIDTH="66" HEIGHT="51" CONTENT="de" WC="1.00" CC="00"/>
						<SP ID="P18_SP00039" HPOS="1527" VPOS="883" WIDTH="34"/>
						<String ID="P18_ST00045" HPOS="1561" VPOS="817" WIDTH="52" HEIGHT="51" CONTENT="la" WC="0.78" CC="40"/>
						<SP ID="P18_SP00040" HPOS="1613" VPOS="883" WIDTH="24"/>
						<String ID="P18_ST00046" HPOS="1637" VPOS="817" WIDTH="346" HEIGHT="68" CONTENT="négligence." WC="1.00" CC="00020300003"/>
						<SP ID="P18_SP00041" HPOS="1983" VPOS="885" WIDTH="33"/>
						<String ID="P18_ST00047" HPOS="2016" VPOS="818" WIDTH="76" HEIGHT="50" CONTENT="Le" WC="1.00" CC="00"/>
						<SP ID="P18_SP00042" HPOS="2092" VPOS="885" WIDTH="23"/>
						<String ID="P18_ST00048" HPOS="2115" VPOS="816" WIDTH="316" HEIGHT="53" CONTENT="manuscrit" WC="0.99" CC="003002443"/>
					</TextLine>
					<TextLine ID="P18_TL00007" HPOS="430" VPOS="888" WIDTH="1996" HEIGHT="74">
						<String ID="P18_ST00049" HPOS="430" VPOS="888" WIDTH="224" HEIGHT="52" CONTENT="devient" WC="0.99" CC="0060040"/>
						<SP ID="P18_SP00043" HPOS="654" VPOS="940" WIDTH="27"/>
						<String ID="P18_ST00050" HPOS="681" VPOS="889" WIDTH="147" HEIGHT="52" CONTENT="alors" WC="0.99" CC="01530"/>
						<SP ID="P18_SP00044" HPOS="828" VPOS="941" WIDTH="33"/>
						<String ID="P18_ST00051" HPOS="861" VPOS="889" WIDTH="315" HEIGHT="70" CONTENT="incomplet" WC="1.00" CC="400100000"/>
						<SP ID="P18_SP00045" HPOS="1176" VPOS="959" WIDTH="28"/>
						<String ID="P18_ST00052" HPOS="1204" VPOS="903" WIDTH="52" HEIGHT="38" CONTENT="et" WC="1.00" CC="00"/>
						<SP ID="P18_SP00046" HPOS="1256" VPOS="959" WIDTH="33"/>
						<String ID="P18_ST00053" HPOS="1289" VPOS="891" WIDTH="348" HEIGHT="53" CONTENT="inutilisable" WC="1.00" CC="005040000050"/>
						<SP ID="P18_SP00047" HPOS="1637" VPOS="959" WIDTH="24"/>
						<String ID="P18_ST00054" HPOS="1661" VPOS="911" WIDTH="147" HEIGHT="51" CONTENT="pour" WC="0.96" CC="6363"/>
						<SP ID="P18_SP00048" HPOS="1808" VPOS="962" WIDTH="22"/>
						<String ID="P18_ST00055" HPOS="1830" VPOS="892" WIDTH="193" HEIGHT="53" CONTENT="l'office" WC="1.00" CC="00211100"/>
						<SP ID="P18_SP00049" HPOS="2023" VPOS="962" WIDTH="25"/>
						<String ID="P18_ST00056" HPOS="2048" VPOS="892" WIDTH="378" HEIGHT="70" CONTENT="monastique." WC="0.99" CC="05200000527"/>
					</TextLine>
					<TextLine ID="P18_TL00008" HPOS="432" VPOS="962" WIDTH="1999" HEIGHT="76">
						<String ID="P18_ST00057" HPOS="432" VPOS="962" WIDTH="173" HEIGHT="54" CONTENT="Odon" WC="0.90" CC="0030"/>
						<SP ID="P18_SP00050" HPOS="605" VPOS="1016" WIDTH="40"/>
						<String ID="P18_ST00058" HPOS="645" VPOS="964" WIDTH="152" HEIGHT="52" CONTENT="obéit" WC="1.00" CC="00020"/>
						<SP ID="P18_SP00051" HPOS="797" VPOS="1016" WIDTH="33"/>
						<String ID="P18_ST00059" HPOS="830" VPOS="969" WIDTH="29" HEIGHT="47" CONTENT="à" WC="0.63" CC="3"/>
						<SP ID="P18_SP00052" HPOS="859" VPOS="1016" WIDTH="25"/>
						<String ID="P18_ST00060" HPOS="884" VPOS="978" WIDTH="141" HEIGHT="40" CONTENT="cette" WC="1.00" CC="00000"/>
						<SP ID="P18_SP00053" HPOS="1025" VPOS="1018" WIDTH="46"/>
						<String ID="P18_ST00061" HPOS="1071" VPOS="968" WIDTH="442" HEIGHT="70" CONTENT="préoccupation" WC="1.00" CC="0403020710140"/>
						<SP ID="P18_SP00054" HPOS="1513" VPOS="1038" WIDTH="47"/>
						<String ID="P18_ST00062" HPOS="1560" VPOS="982" WIDTH="155" HEIGHT="39" CONTENT="toute" WC="1.00" CC="00000"/>
						<SP ID="P18_SP00055" HPOS="1715" VPOS="1038" WIDTH="34"/>
						<String ID="P18_ST00063" HPOS="1749" VPOS="969" WIDTH="330" HEIGHT="65" CONTENT="matérielle," WC="1.00" CC="02076003000"/>
						<SP ID="P18_SP00056" HPOS="2079" VPOS="1038" WIDTH="30"/>
						<String ID="P18_ST00064" HPOS="2109" VPOS="969" WIDTH="143" HEIGHT="51" CONTENT="mais" WC="1.00" CC="0000"/>
						<SP ID="P18_SP00057" HPOS="2252" VPOS="1038" WIDTH="33"/>
						<String ID="P18_ST00065" HPOS="2285" VPOS="984" WIDTH="146" HEIGHT="36" CONTENT="nous" WC="0.99" CC="0050"/>
					</TextLine>
					<TextLine ID="P18_TL00009" HPOS="431" VPOS="1042" WIDTH="2001" HEIGHT="73">
						<String ID="P18_ST00066" HPOS="431" VPOS="1057" WIDTH="241" HEIGHT="52" CONTENT="croyons" WC="0.98" CC="0644540"/>
						<SP ID="P18_SP00058" HPOS="672" VPOS="1109" WIDTH="27"/>
						<String ID="P18_ST00067" HPOS="699" VPOS="1059" WIDTH="108" HEIGHT="50" CONTENT="que" WC="0.97" CC="060"/>
						<SP ID="P18_SP00059" HPOS="807" VPOS="1109" WIDTH="26"/>
						<String ID="P18_ST00068" HPOS="833" VPOS="1042" WIDTH="49" HEIGHT="50" CONTENT="le" WC="0.94" CC="10"/>
						<SP ID="P18_SP00060" HPOS="882" VPOS="1109" WIDTH="26"/>
						<String ID="P18_ST00069" HPOS="908" VPOS="1043" WIDTH="158" HEIGHT="52" CONTENT="souci" WC="1.00" CC="00201"/>
						<SP ID="P18_SP00061" HPOS="1066" VPOS="1109" WIDTH="25"/>
						<String ID="P18_ST00070" HPOS="1091" VPOS="1044" WIDTH="68" HEIGHT="51" CONTENT="de" WC="1.00" CC="00"/>
						<SP ID="P18_SP00062" HPOS="1159" VPOS="1109" WIDTH="26"/>
						<String ID="P18_ST00071" HPOS="1185" VPOS="1043" WIDTH="51" HEIGHT="52" CONTENT="la" WC="0.89" CC="20"/>
						<SP ID="P18_SP00063" HPOS="1236" VPOS="1109" WIDTH="25"/>
						<String ID="P18_ST00072" HPOS="1261" VPOS="1044" WIDTH="315" HEIGHT="52" CONTENT="correction" WC="1.00" CC="0051020000"/>
						<SP ID="P18_SP00064" HPOS="1576" VPOS="1109" WIDTH="27"/>
						<String ID="P18_ST00073" HPOS="1603" VPOS="1047" WIDTH="74" HEIGHT="49" CONTENT="du" WC="0.70" CC="05"/>
						<SP ID="P18_SP00065" HPOS="1677" VPOS="1109" WIDTH="28"/>
						<String ID="P18_ST00074" HPOS="1705" VPOS="1058" WIDTH="144" HEIGHT="38" CONTENT="texte" WC="1.00" CC="00000"/>
						<SP ID="P18_SP00066" HPOS="1849" VPOS="1109" WIDTH="27"/>
						<String ID="P18_ST00075" HPOS="1876" VPOS="1044" WIDTH="213" HEIGHT="71" CONTENT="inspire" WC="0.99" CC="6100240"/>
						<SP ID="P18_SP00067" HPOS="2089" VPOS="1115" WIDTH="27"/>
						<String ID="P18_ST00076" HPOS="2116" VPOS="1045" WIDTH="316" HEIGHT="69" CONTENT="également" WC="1.00" CC="000000005"/>
					</TextLine>
					<TextLine ID="P18_TL00010" HPOS="431" VPOS="1117" WIDTH="2002" HEIGHT="72">
						<String ID="P18_ST00077" HPOS="431" VPOS="1117" WIDTH="145" HEIGHT="52" CONTENT="deux" WC="0.99" CC="0050"/>
						<SP ID="P18_SP00068" HPOS="576" VPOS="1169" WIDTH="42"/>
						<String ID="P18_ST00078" HPOS="618" VPOS="1131" WIDTH="189" HEIGHT="38" CONTENT="autres" WC="0.99" CC="060200"/>
						<SP ID="P18_SP00069" HPOS="807" VPOS="1169" WIDTH="42"/>
						<String ID="P18_ST00079" HPOS="849" VPOS="1119" WIDTH="66" HEIGHT="51" CONTENT="de" WC="1.00" CC="00"/>
						<SP ID="P18_SP00070" HPOS="915" VPOS="1170" WIDTH="42"/>
						<String ID="P18_ST00080" HPOS="957" VPOS="1137" WIDTH="87" HEIGHT="33" CONTENT="ses" WC="1.00" CC="000"/>
						<SP ID="P18_SP00071" HPOS="1044" VPOS="1170" WIDTH="36"/>
						<String ID="P18_ST00081" HPOS="1080" VPOS="1120" WIDTH="430" HEIGHT="69" CONTENT="prescriptions." WC="1.00" CC="02000330004004"/>
						<SP ID="P18_SP00072" HPOS="1510" VPOS="1189" WIDTH="27"/>
						<String ID="P18_ST00082" HPOS="1537" VPOS="1122" WIDTH="210" HEIGHT="67" CONTENT="Quand" WC="1.00" CC="11000"/>
						<SP ID="P18_SP00073" HPOS="1747" VPOS="1189" WIDTH="34"/>
						<String ID="P18_ST00083" HPOS="1781" VPOS="1122" WIDTH="35" HEIGHT="50" CONTENT="il" WC="0.82" CC="03"/>
						<SP ID="P18_SP00074" HPOS="1816" VPOS="1189" WIDTH="26"/>
						<String ID="P18_ST00084" HPOS="1842" VPOS="1123" WIDTH="255" HEIGHT="49" CONTENT="ordonne" WC="1.00" CC="3200000"/>
						<SP ID="P18_SP00075" HPOS="2097" VPOS="1189" WIDTH="28"/>
						<String ID="P18_ST00085" HPOS="2125" VPOS="1138" WIDTH="69" HEIGHT="34" CONTENT="au" WC="0.70" CC="05"/>
						<SP ID="P18_SP00076" HPOS="2194" VPOS="1189" WIDTH="42"/>
						<String ID="P18_ST00086" HPOS="2236" VPOS="1128" WIDTH="197" HEIGHT="44" CONTENT="cantor" WC="0.88" CC="030021" STYLEREFS="TXT_3"/>
					</TextLine>
					<TextLine ID="P18_TL00011" HPOS="432" VPOS="1193" WIDTH="2000" HEIGHT="75">
						<String ID="P18_ST00087" HPOS="432" VPOS="1194" WIDTH="74" HEIGHT="51" CONTENT="du" WC="0.69" CC="06"/>
						<SP ID="P18_SP00077" HPOS="506" VPOS="1245" WIDTH="34"/>
						<String ID="P18_ST00088" HPOS="540" VPOS="1193" WIDTH="221" HEIGHT="70" CONTENT="prieuré" WC="0.99" CC="3500650"/>
						<SP ID="P18_SP00078" HPOS="761" VPOS="1263" WIDTH="34"/>
						<String ID="P18_ST00089" HPOS="795" VPOS="1197" WIDTH="66" HEIGHT="49" CONTENT="de" WC="1.00" CC="00"/>
						<SP ID="P18_SP00079" HPOS="861" VPOS="1263" WIDTH="36"/>
						<String ID="P18_ST00090" HPOS="897" VPOS="1195" WIDTH="193" HEIGHT="52" CONTENT="Noion" WC="0.77" CC="04014"/>
						<SP ID="P18_SP00080" HPOS="1090" VPOS="1263" WIDTH="27"/>
						<String ID="P18_ST00091" HPOS="1117" VPOS="1198" WIDTH="71" HEIGHT="66" CONTENT="(1)" WC="0.42" CC="367"/>
						<SP ID="P18_SP00081" HPOS="1188" VPOS="1264" WIDTH="28"/>
						<String ID="P18_ST00092" HPOS="1216" VPOS="1198" WIDTH="193" HEIGHT="52" CONTENT="d'aller" WC="0.99" CC="0030604"/>
						<SP ID="P18_SP00082" HPOS="1409" VPOS="1264" WIDTH="33"/>
						<String ID="P18_ST00093" HPOS="1442" VPOS="1217" WIDTH="68" HEIGHT="33" CONTENT="au" WC="0.69" CC="06"/>
						<SP ID="P18_SP00083" HPOS="1510" VPOS="1264" WIDTH="21"/>
						<String ID="P18_ST00094" HPOS="1531" VPOS="1199" WIDTH="189" HEIGHT="51" CONTENT="moins" WC="0.99" CC="00500"/>
						<SP ID="P18_SP00084" HPOS="1720" VPOS="1264" WIDTH="24"/>
						<String ID="P18_ST00095" HPOS="1744" VPOS="1217" WIDTH="108" HEIGHT="33" CONTENT="une" WC="0.95" CC="660"/>
						<SP ID="P18_SP00085" HPOS="1852" VPOS="1264" WIDTH="27"/>
						<String ID="P18_ST00096" HPOS="1879" VPOS="1198" WIDTH="106" HEIGHT="52" CONTENT="fois" WC="0.99" CC="0030"/>
						<SP ID="P18_SP00086" HPOS="1985" VPOS="1264" WIDTH="19"/>
						<String ID="P18_ST00097" HPOS="2004" VPOS="1199" WIDTH="110" HEIGHT="51" CONTENT="l'an" WC="0.99" CC="0002"/>
						<SP ID="P18_SP00087" HPOS="2114" VPOS="1264" WIDTH="26"/>
						<String ID="P18_ST00098" HPOS="2140" VPOS="1203" WIDTH="292" HEIGHT="65" CONTENT="présenter" WC="0.99" CC="750000004"/>
					</TextLine>
					<TextLine ID="P18_TL00012" HPOS="432" VPOS="1269" WIDTH="1997" HEIGHT="75">
						<String ID="P18_ST00099" HPOS="432" VPOS="1287" WIDTH="88" HEIGHT="33" CONTENT="ses" WC="1.00" CC="000"/>
						<SP ID="P18_SP00088" HPOS="520" VPOS="1320" WIDTH="33"/>
						<String ID="P18_ST00100" HPOS="553" VPOS="1269" WIDTH="166" HEIGHT="52" CONTENT="livres" WC="0.99" CC="010500"/>
						<SP ID="P18_SP00089" HPOS="719" VPOS="1321" WIDTH="37"/>
						<String ID="P18_ST00101" HPOS="756" VPOS="1270" WIDTH="337" HEIGHT="70" CONTENT="liturgiques" WC="1.00" CC="00035000000"/>
						<SP ID="P18_SP00090" HPOS="1093" VPOS="1340" WIDTH="34"/>
						<String ID="P18_ST00102" HPOS="1127" VPOS="1291" WIDTH="70" HEIGHT="34" CONTENT="au" WC="0.51" CC="45"/>
						<SP ID="P18_SP00091" HPOS="1197" VPOS="1340" WIDTH="34"/>
						<String ID="P18_ST00103" HPOS="1231" VPOS="1273" WIDTH="253" HEIGHT="70" CONTENT="chapitre" WC="1.00" CC="02002030"/>
						<SP ID="P18_SP00092" HPOS="1484" VPOS="1343" WIDTH="34"/>
						<String ID="P18_ST00104" HPOS="1518" VPOS="1275" WIDTH="66" HEIGHT="50" CONTENT="de" WC="1.00" CC="00"/>
						<SP ID="P18_SP00093" HPOS="1584" VPOS="1343" WIDTH="47"/>
						<String ID="P18_ST00105" HPOS="1631" VPOS="1274" WIDTH="251" HEIGHT="70" CONTENT="l'abbaye" WC="1.00" CC="50000040"/>
						<SP ID="P18_SP00094" HPOS="1882" VPOS="1344" WIDTH="47"/>
						<String ID="P18_ST00106" HPOS="1929" VPOS="1275" WIDTH="140" HEIGHT="51" CONTENT="dont" WC="1.00" CC="0200"/>
						<SP ID="P18_SP00095" HPOS="2069" VPOS="1344" WIDTH="40"/>
						<String ID="P18_ST00107" HPOS="2109" VPOS="1274" WIDTH="36" HEIGHT="52" CONTENT="il" WC="1.00" CC="00"/>
						<SP ID="P18_SP00096" HPOS="2145" VPOS="1344" WIDTH="40"/>
						<String ID="P18_ST00108" HPOS="2185" VPOS="1274" WIDTH="244" HEIGHT="69" CONTENT="dépend," WC="1.00" CC="0000000"/>
					</TextLine>
					<TextLine ID="P18_TL00013" HPOS="432" VPOS="1346" WIDTH="2000" HEIGHT="74">
						<String ID="P18_ST00109" HPOS="432" VPOS="1346" WIDTH="133" HEIGHT="50" CONTENT="c'est" WC="1.00" CC="00000"/>
						<SP ID="P18_SP00097" HPOS="565" VPOS="1396" WIDTH="50"/>
						<String ID="P18_ST00110" HPOS="615" VPOS="1364" WIDTH="146" HEIGHT="51" CONTENT="pour" WC="0.99" CC="0104"/>
						<SP ID="P18_SP00098" HPOS="761" VPOS="1415" WIDTH="53"/>
						<String ID="P18_ST00111" HPOS="814" VPOS="1360" WIDTH="308" HEIGHT="56" CONTENT="permettre" WC="1.00" CC="004000040"/>
						<SP ID="P18_SP00099" HPOS="1122" VPOS="1416" WIDTH="47"/>
						<String ID="P18_ST00112" HPOS="1169" VPOS="1354" WIDTH="29" HEIGHT="47" CONTENT="à" WC="0.73" CC="2"/>
						<SP ID="P18_SP00100" HPOS="1198" VPOS="1416" WIDTH="38"/>
						<String ID="P18_ST00113" HPOS="1236" VPOS="1350" WIDTH="180" HEIGHT="51" CONTENT="l'abbé" WC="1.00" CC="300000"/>
						<SP ID="P18_SP00101" HPOS="1416" VPOS="1416" WIDTH="51"/>
						<String ID="P18_ST00114" HPOS="1467" VPOS="1352" WIDTH="66" HEIGHT="50" CONTENT="de" WC="1.00" CC="00"/>
						<SP ID="P18_SP00102" HPOS="1533" VPOS="1416" WIDTH="48"/>
						<String ID="P18_ST00115" HPOS="1581" VPOS="1352" WIDTH="275" HEIGHT="50" CONTENT="s'assurer" WC="0.99" CC="005006606"/>
						<SP ID="P18_SP00103" HPOS="1856" VPOS="1416" WIDTH="49"/>
						<String ID="P18_ST00116" HPOS="1905" VPOS="1369" WIDTH="108" HEIGHT="51" CONTENT="que" WC="0.97" CC="060"/>
						<SP ID="P18_SP00104" HPOS="2013" VPOS="1420" WIDTH="74"/>
						<String ID="P18_ST00117" HPOS="2087" VPOS="1352" WIDTH="77" HEIGHT="50" CONTENT="les" WC="1.00" CC="000"/>
						<SP ID="P18_SP00105" HPOS="2164" VPOS="1420" WIDTH="33"/>
						<String ID="P18_ST00118" HPOS="2197" VPOS="1367" WIDTH="196" HEIGHT="35" CONTENT="manus" SUBS_TYPE="HypPart1" SUBS_CONTENT="manuscrits" WC="0.99" CC="00160"/>
						<HYP HPOS="2393" VPOS="1367" WIDTH="39" CONTENT="-"/>
					</TextLine>
					<TextLine ID="P18_TL00014" HPOS="430" VPOS="1421" WIDTH="1997" HEIGHT="75">
						<String ID="P18_ST00119" HPOS="430" VPOS="1421" WIDTH="133" HEIGHT="52" CONTENT="crits" SUBS_TYPE="HypPart2" SUBS_CONTENT="manuscrits" WC="0.99" CC="03110"/>
						<SP ID="P18_SP00106" HPOS="563" VPOS="1473" WIDTH="33"/>
						<String ID="P18_ST00120" HPOS="596" VPOS="1424" WIDTH="138" HEIGHT="51" CONTENT="dont" WC="1.00" CC="0000"/>
						<SP ID="P18_SP00107" HPOS="734" VPOS="1475" WIDTH="26"/>
						<String ID="P18_ST00121" HPOS="760" VPOS="1442" WIDTH="73" HEIGHT="33" CONTENT="on" WC="0.52" CC="35"/>
						<SP ID="P18_SP00108" HPOS="833" VPOS="1475" WIDTH="35"/>
						<String ID="P18_ST00122" HPOS="868" VPOS="1443" WIDTH="57" HEIGHT="33" CONTENT="se" WC="1.00" CC="00"/>
						<SP ID="P18_SP00109" HPOS="925" VPOS="1476" WIDTH="42"/>
						<String ID="P18_ST00123" HPOS="967" VPOS="1438" WIDTH="113" HEIGHT="39" CONTENT="sert" WC="0.98" CC="0440"/>
						<SP ID="P18_SP00110" HPOS="1080" VPOS="1477" WIDTH="33"/>
						<String ID="P18_ST00124" HPOS="1113" VPOS="1443" WIDTH="68" HEIGHT="36" CONTENT="au" WC="0.73" CC="05"/>
						<SP ID="P18_SP00111" HPOS="1181" VPOS="1479" WIDTH="39"/>
						<String ID="P18_ST00125" HPOS="1220" VPOS="1425" WIDTH="229" HEIGHT="70" CONTENT="prieuré" WC="0.99" CC="0500061"/>
						<SP ID="P18_SP00112" HPOS="1449" VPOS="1495" WIDTH="35"/>
						<String ID="P18_ST00126" HPOS="1484" VPOS="1440" WIDTH="128" HEIGHT="40" CONTENT="sont" WC="1.00" CC="0000"/>
						<SP ID="P18_SP00113" HPOS="1612" VPOS="1495" WIDTH="24"/>
						<String ID="P18_ST00127" HPOS="1636" VPOS="1432" WIDTH="29" HEIGHT="48" CONTENT="à" WC="0.93" CC="0"/>
						<SP ID="P18_SP00114" HPOS="1665" VPOS="1495" WIDTH="27"/>
						<String ID="P18_ST00128" HPOS="1692" VPOS="1428" WIDTH="51" HEIGHT="52" CONTENT="la" WC="0.93" CC="10"/>
						<SP ID="P18_SP00115" HPOS="1743" VPOS="1495" WIDTH="25"/>
						<String ID="P18_ST00129" HPOS="1768" VPOS="1426" WIDTH="107" HEIGHT="53" CONTENT="fois" WC="1.00" CC="0000"/>
						<SP ID="P18_SP00116" HPOS="1875" VPOS="1495" WIDTH="33"/>
						<String ID="P18_ST00130" HPOS="1908" VPOS="1428" WIDTH="275" HEIGHT="68" CONTENT="complets" WC="1.00" CC="50002100"/>
						<SP ID="P18_SP00117" HPOS="2183" VPOS="1496" WIDTH="35"/>
						<String ID="P18_ST00131" HPOS="2218" VPOS="1440" WIDTH="53" HEIGHT="39" CONTENT="et" WC="1.00" CC="00"/>
						<SP ID="P18_SP00118" HPOS="2271" VPOS="1496" WIDTH="38"/>
						<String ID="P18_ST00132" HPOS="2309" VPOS="1443" WIDTH="89" HEIGHT="36" CONTENT="cor" SUBS_TYPE="HypPart1" SUBS_CONTENT="corrects." WC="0.96" CC="356"/>
						<HYP HPOS="2398" VPOS="1443" WIDTH="29" CONTENT="-"/>
					</TextLine>
					<TextLine ID="P18_TL00015" HPOS="435" VPOS="1512" WIDTH="162" HEIGHT="38">
						<String ID="P18_ST00133" HPOS="435" VPOS="1512" WIDTH="162" HEIGHT="38" CONTENT="rects." SUBS_TYPE="HypPart2" SUBS_CONTENT="corrects." WC="0.99" CC="500003"/>
					</TextLine>
					<TextLine ID="P18_TL00016" HPOS="948" VPOS="1658" WIDTH="1067" HEIGHT="59">
						<String ID="P18_ST00134" HPOS="948" VPOS="1658" WIDTH="183" HEIGHT="59" CONTENT="Lundi," WC="1.00" CC="000002" STYLEREFS="TXT_4"/>
						<SP ID="P18_SP00119" HPOS="1131" VPOS="1717" WIDTH="265"/>
						<String ID="P18_ST00135" HPOS="1396" VPOS="1677" WIDTH="57" HEIGHT="28" CONTENT="12" WC="0.70" CC="05" STYLEREFS="TXT_4"/>
						<SP ID="P18_SP00120" HPOS="1453" VPOS="1717" WIDTH="107"/>
						<String ID="P18_ST00136" HPOS="1560" VPOS="1677" WIDTH="128" HEIGHT="29" CONTENT="mars" WC="0.96" CC="0747" STYLEREFS="TXT_4"/>
						<SP ID="P18_SP00121" HPOS="1688" VPOS="1717" WIDTH="183"/>
						<String ID="P18_ST00137" HPOS="1871" VPOS="1661" WIDTH="144" HEIGHT="46" CONTENT="1268," WC="0.75" CC="14204" STYLEREFS="TXT_4"/>
					</TextLine>
					<TextLine ID="P18_TL00017" HPOS="492" VPOS="1781" WIDTH="1935" HEIGHT="68">
						<String ID="P18_ST00138" HPOS="492" VPOS="1781" WIDTH="98" HEIGHT="46" CONTENT="Per" WC="0.99" CC="000" STYLEREFS="TXT_5"/>
						<SP ID="P18_SP00122" HPOS="590" VPOS="1827" WIDTH="11"/>
						<String ID="P18_ST00139" HPOS="601" VPOS="1781" WIDTH="90" HEIGHT="47" CONTENT="Dei" WC="0.86" CC="400" STYLEREFS="TXT_5"/>
						<SP ID="P18_SP00123" HPOS="691" VPOS="1828" WIDTH="18"/>
						<String ID="P18_ST00140" HPOS="709" VPOS="1786" WIDTH="216" HEIGHT="53" CONTENT="gratiam" WC="0.73" CC="7000226" STYLEREFS="TXT_5"/>
						<SP ID="P18_SP00124" HPOS="925" VPOS="1839" WIDTH="20"/>
						<String ID="P18_ST00141" HPOS="945" VPOS="1786" WIDTH="324" HEIGHT="46" CONTENT="uisitauimus" WC="0.89" CC="60000014000" STYLEREFS="TXT_5"/>
						<SP ID="P18_SP00125" HPOS="1269" VPOS="1839" WIDTH="14"/>
						<String ID="P18_ST00142" HPOS="1283" VPOS="1790" WIDTH="277" HEIGHT="56" CONTENT="prioratum" WC="0.79" CC="000460060" STYLEREFS="TXT_5"/>
						<SP ID="P18_SP00126" HPOS="1560" VPOS="1846" WIDTH="15"/>
						<String ID="P18_ST00143" HPOS="1575" VPOS="1790" WIDTH="61" HEIGHT="45" CONTENT="de" WC="0.96" CC="00" STYLEREFS="TXT_5"/>
						<SP ID="P18_SP00127" HPOS="1636" VPOS="1846" WIDTH="17"/>
						<String ID="P18_ST00144" HPOS="1653" VPOS="1788" WIDTH="198" HEIGHT="49" CONTENT="Noione" WC="0.61" CC="423471" STYLEREFS="TXT_5"/>
						<SP ID="P18_SP00128" HPOS="1851" VPOS="1846" WIDTH="20"/>
						<String ID="P18_ST00145" HPOS="1871" VPOS="1792" WIDTH="298" HEIGHT="57" CONTENT="predictum," WC="0.82" CC="1117001040" STYLEREFS="TXT_5"/>
						<SP ID="P18_SP00129" HPOS="2169" VPOS="1849" WIDTH="23"/>
						<String ID="P18_ST00146" HPOS="2192" VPOS="1793" WIDTH="235" HEIGHT="47" CONTENT="uidelicet" WC="0.85" CC="500052000" STYLEREFS="TXT_5"/>
					</TextLine>
					<TextLine ID="P18_TL00018" HPOS="430" VPOS="1848" WIDTH="1999" HEIGHT="70">
						<String ID="P18_ST00147" HPOS="430" VPOS="1849" WIDTH="52" HEIGHT="45" CONTENT="in" WC="0.67" CC="06" STYLEREFS="TXT_5"/>
						<SP ID="P18_SP00130" HPOS="482" VPOS="1894" WIDTH="24"/>
						<String ID="P18_ST00148" HPOS="506" VPOS="1848" WIDTH="127" HEIGHT="48" CONTENT="festo" WC="0.96" CC="10000" STYLEREFS="TXT_5"/>
						<SP ID="P18_SP00131" HPOS="633" VPOS="1896" WIDTH="25"/>
						<String ID="P18_ST00149" HPOS="658" VPOS="1849" WIDTH="141" HEIGHT="49" CONTENT="Beati" WC="0.97" CC="00001" STYLEREFS="TXT_5"/>
						<SP ID="P18_SP00132" HPOS="799" VPOS="1898" WIDTH="43"/>
						<String ID="P18_ST00150" HPOS="842" VPOS="1851" WIDTH="295" HEIGHT="59" CONTENT="Gregorii..." WC="0.83" CC="00063003003" STYLEREFS="TXT_5"/>
						<SP ID="P18_SP00133" HPOS="1137" VPOS="1910" WIDTH="60"/>
						<String ID="P18_ST00151" HPOS="1197" VPOS="1856" WIDTH="325" HEIGHT="59" CONTENT="Precepimus" WC="0.80" CC="0000080460" STYLEREFS="TXT_5"/>
						<SP ID="P18_SP00134" HPOS="1522" VPOS="1915" WIDTH="57"/>
						<String ID="P18_ST00152" HPOS="1579" VPOS="1861" WIDTH="192" HEIGHT="43" CONTENT="cantori" WC="0.86" CC="0205001" STYLEREFS="TXT_5"/>
						<SP ID="P18_SP00135" HPOS="1771" VPOS="1915" WIDTH="42"/>
						<String ID="P18_ST00153" HPOS="1813" VPOS="1861" WIDTH="134" HEIGHT="57" CONTENT="quod" WC="0.85" CC="0500" STYLEREFS="TXT_5"/>
						<SP ID="P18_SP00136" HPOS="1947" VPOS="1918" WIDTH="45"/>
						<String ID="P18_ST00154" HPOS="1992" VPOS="1860" WIDTH="156" HEIGHT="47" CONTENT="libros" WC="0.91" CC="000130" STYLEREFS="TXT_5"/>
						<SP ID="P18_SP00137" HPOS="2148" VPOS="1918" WIDTH="33"/>
						<String ID="P18_ST00155" HPOS="2181" VPOS="1876" WIDTH="175" HEIGHT="32" CONTENT="omnes" WC="0.85" CC="00600" STYLEREFS="TXT_5"/>
						<SP ID="P18_SP00138" HPOS="2356" VPOS="1918" WIDTH="26"/>
						<String ID="P18_ST00156" HPOS="2382" VPOS="1872" WIDTH="47" HEIGHT="37" CONTENT="et" WC="0.80" CC="04" STYLEREFS="TXT_5"/>
					</TextLine>
					<TextLine ID="P18_TL00019" HPOS="430" VPOS="1919" WIDTH="1996" HEIGHT="59">
						<String ID="P18_ST00157" HPOS="430" VPOS="1919" WIDTH="229" HEIGHT="56" CONTENT="singulos" WC="0.68" CC="00296500" STYLEREFS="TXT_5"/>
						<SP ID="P18_SP00139" HPOS="659" VPOS="1975" WIDTH="27"/>
						<String ID="P18_ST00158" HPOS="686" VPOS="1934" WIDTH="121" HEIGHT="32" CONTENT="suos" WC="0.92" CC="0020" STYLEREFS="TXT_5"/>
						<SP ID="P18_SP00140" HPOS="807" VPOS="1975" WIDTH="25"/>
						<String ID="P18_ST00159" HPOS="832" VPOS="1922" WIDTH="61" HEIGHT="44" CONTENT="ad" WC="1.00" CC="00" STYLEREFS="TXT_5"/>
						<SP ID="P18_SP00141" HPOS="893" VPOS="1975" WIDTH="23"/>
						<String ID="P18_ST00160" HPOS="916" VPOS="1924" WIDTH="168" HEIGHT="45" CONTENT="minus" WC="0.99" CC="30600" STYLEREFS="TXT_5"/>
						<SP ID="P18_SP00142" HPOS="1084" VPOS="1975" WIDTH="26"/>
						<String ID="P18_ST00161" HPOS="1110" VPOS="1924" WIDTH="154" HEIGHT="46" CONTENT="semel" WC="1.00" CC="00000" STYLEREFS="TXT_5"/>
						<SP ID="P18_SP00143" HPOS="1264" VPOS="1975" WIDTH="25"/>
						<String ID="P18_ST00162" HPOS="1289" VPOS="1927" WIDTH="52" HEIGHT="43" CONTENT="in" WC="0.66" CC="06" STYLEREFS="TXT_5"/>
						<SP ID="P18_SP00144" HPOS="1341" VPOS="1975" WIDTH="26"/>
						<String ID="P18_ST00163" HPOS="1367" VPOS="1941" WIDTH="132" HEIGHT="32" CONTENT="anno" WC="0.66" CC="2550" STYLEREFS="TXT_5"/>
						<SP ID="P18_SP00145" HPOS="1499" VPOS="1975" WIDTH="28"/>
						<String ID="P18_ST00164" HPOS="1527" VPOS="1927" WIDTH="165" HEIGHT="46" CONTENT="afferri" WC="0.93" CC="1300000" STYLEREFS="TXT_5"/>
						<SP ID="P18_SP00146" HPOS="1692" VPOS="1975" WIDTH="27"/>
						<String ID="P18_ST00165" HPOS="1719" VPOS="1928" WIDTH="181" HEIGHT="47" CONTENT="faceret" WC="0.91" CC="0100301" STYLEREFS="TXT_5"/>
						<SP ID="P18_SP00147" HPOS="1900" VPOS="1975" WIDTH="22"/>
						<String ID="P18_ST00166" HPOS="1922" VPOS="1938" WIDTH="47" HEIGHT="37" CONTENT="et" WC="0.99" CC="00" STYLEREFS="TXT_5"/>
						<SP ID="P18_SP00148" HPOS="1969" VPOS="1975" WIDTH="25"/>
						<String ID="P18_ST00167" HPOS="1994" VPOS="1931" WIDTH="196" HEIGHT="45" CONTENT="ostendi" WC="0.90" CC="0000700" STYLEREFS="TXT_5"/>
						<SP ID="P18_SP00149" HPOS="2190" VPOS="1976" WIDTH="25"/>
						<String ID="P18_ST00168" HPOS="2215" VPOS="1933" WIDTH="51" HEIGHT="45" CONTENT="in" WC="0.72" CC="05" STYLEREFS="TXT_5"/>
						<SP ID="P18_SP00150" HPOS="2266" VPOS="1978" WIDTH="25"/>
						<String ID="P18_ST00169" HPOS="2291" VPOS="1946" WIDTH="102" HEIGHT="32" CONTENT="com" SUBS_TYPE="HypPart1" SUBS_CONTENT="communi" WC="0.56" CC="442" STYLEREFS="TXT_5"/>
						<HYP HPOS="2393" VPOS="1946" WIDTH="33" CONTENT="-"/>
					</TextLine>
					<TextLine ID="P18_TL00020" HPOS="428" VPOS="1990" WIDTH="1297" HEIGHT="66">
						<String ID="P18_ST00170" HPOS="428" VPOS="1990" WIDTH="143" HEIGHT="45" CONTENT="muni" SUBS_TYPE="HypPart2" SUBS_CONTENT="communi" WC="0.75" CC="4500" STYLEREFS="TXT_5"/>
						<SP ID="P18_SP00151" HPOS="571" VPOS="2035" WIDTH="25"/>
						<String ID="P18_ST00171" HPOS="596" VPOS="2004" WIDTH="168" HEIGHT="32" CONTENT="coram" WC="0.69" CC="00609" STYLEREFS="TXT_5"/>
						<SP ID="P18_SP00152" HPOS="764" VPOS="2036" WIDTH="26"/>
						<String ID="P18_ST00172" HPOS="790" VPOS="2002" WIDTH="250" HEIGHT="37" CONTENT="conuentu" WC="0.79" CC="00620700" STYLEREFS="TXT_5"/>
						<SP ID="P18_SP00153" HPOS="1040" VPOS="2039" WIDTH="26"/>
						<String ID="P18_ST00173" HPOS="1066" VPOS="2003" WIDTH="47" HEIGHT="37" CONTENT="et" WC="1.00" CC="00" STYLEREFS="TXT_5"/>
						<SP ID="P18_SP00154" HPOS="1113" VPOS="2040" WIDTH="24"/>
						<String ID="P18_ST00174" HPOS="1137" VPOS="1994" WIDTH="352" HEIGHT="47" CONTENT="uiderentur..." WC="0.74" CC="3080007030243" STYLEREFS="TXT_5"/>
						<SP ID="P18_SP00155" HPOS="1489" VPOS="2041" WIDTH="30"/>
						<String ID="P18_ST00175" HPOS="1519" VPOS="1995" WIDTH="68" HEIGHT="61" CONTENT="[p." WC="0.97" CC="700" STYLEREFS="TXT_5"/>
						<SP ID="P18_SP00156" HPOS="1587" VPOS="2056" WIDTH="33"/>
						<String ID="P18_ST00176" HPOS="1620" VPOS="1995" WIDTH="105" HEIGHT="61" CONTENT="597]" WC="0.54" CC="0764" STYLEREFS="TXT_1"/>
					</TextLine>
					<TextLine ID="P18_TL00021" HPOS="499" VPOS="2136" WIDTH="1926" HEIGHT="79">
						<String ID="P18_ST00177" HPOS="499" VPOS="2136" WIDTH="153" HEIGHT="50" CONTENT="Dans" WC="0.99" CC="5000"/>
						<SP ID="P18_SP00157" HPOS="652" VPOS="2186" WIDTH="27"/>
						<String ID="P18_ST00178" HPOS="679" VPOS="2136" WIDTH="47" HEIGHT="51" CONTENT="le" WC="0.92" CC="10"/>
						<SP ID="P18_SP00158" HPOS="726" VPOS="2187" WIDTH="33"/>
						<String ID="P18_ST00179" HPOS="759" VPOS="2140" WIDTH="185" HEIGHT="50" CONTENT="même" WC="1.00" CC="0000"/>
						<SP ID="P18_SP00159" HPOS="944" VPOS="2190" WIDTH="44"/>
						<String ID="P18_ST00180" HPOS="988" VPOS="2140" WIDTH="164" HEIGHT="51" CONTENT="ordre" WC="0.99" CC="04040"/>
						<SP ID="P18_SP00160" HPOS="1152" VPOS="2191" WIDTH="35"/>
						<String ID="P18_ST00181" HPOS="1187" VPOS="2140" WIDTH="228" HEIGHT="68" CONTENT="d'idées," WC="1.00" CC="00000002"/>
						<SP ID="P18_SP00161" HPOS="1415" VPOS="2208" WIDTH="36"/>
						<String ID="P18_ST00182" HPOS="1451" VPOS="2159" WIDTH="146" HEIGHT="36" CONTENT="nous" WC="0.98" CC="0150"/>
						<SP ID="P18_SP00162" HPOS="1597" VPOS="2208" WIDTH="28"/>
						<String ID="P18_ST00183" HPOS="1625" VPOS="2144" WIDTH="318" HEIGHT="52" CONTENT="relèverons" WC="1.00" CC="1000005500"/>
						<SP ID="P18_SP00163" HPOS="1943" VPOS="2208" WIDTH="41"/>
						<String ID="P18_ST00184" HPOS="1984" VPOS="2162" WIDTH="78" HEIGHT="34" CONTENT="un" WC="0.69" CC="60"/>
						<SP ID="P18_SP00164" HPOS="2062" VPOS="2208" WIDTH="29"/>
						<String ID="P18_ST00185" HPOS="2091" VPOS="2163" WIDTH="232" HEIGHT="52" CONTENT="passage" WC="0.99" CC="0000580"/>
						<SP ID="P18_SP00165" HPOS="2323" VPOS="2215" WIDTH="27"/>
						<String ID="P18_ST00186" HPOS="2350" VPOS="2147" WIDTH="75" HEIGHT="52" CONTENT="du" WC="0.33" CC="93"/>
					</TextLine>
					<TextLine ID="P18_TL00022" HPOS="440" VPOS="2210" WIDTH="1980" HEIGHT="79">
						<String ID="P18_ST00187" HPOS="440" VPOS="2210" WIDTH="263" HEIGHT="65" CONTENT="Journal," WC="0.99" CC="00063506" STYLEREFS="TXT_3"/>
						<SP ID="P18_SP00166" HPOS="703" VPOS="2275" WIDTH="21"/>
						<String ID="P18_ST00188" HPOS="724" VPOS="2214" WIDTH="139" HEIGHT="51" CONTENT="dont" WC="0.98" CC="0360"/>
						<SP ID="P18_SP00167" HPOS="863" VPOS="2275" WIDTH="31"/>
						<String ID="P18_ST00189" HPOS="894" VPOS="2214" WIDTH="51" HEIGHT="51" CONTENT="la" WC="0.94" CC="10"/>
						<SP ID="P18_SP00168" HPOS="945" VPOS="2275" WIDTH="31"/>
						<String ID="P18_ST00190" HPOS="976" VPOS="2219" WIDTH="190" HEIGHT="65" CONTENT="portée" WC="1.00" CC="004000"/>
						<SP ID="P18_SP00169" HPOS="1166" VPOS="2284" WIDTH="26"/>
						<String ID="P18_ST00191" HPOS="1192" VPOS="2218" WIDTH="233" HEIGHT="67" CONTENT="dépasse" WC="1.00" CC="0700000"/>
						<SP ID="P18_SP00170" HPOS="1425" VPOS="2285" WIDTH="37"/>
						<String ID="P18_ST00192" HPOS="1462" VPOS="2218" WIDTH="50" HEIGHT="50" CONTENT="le" WC="1.00" CC="00"/>
						<SP ID="P18_SP00171" HPOS="1512" VPOS="2285" WIDTH="31"/>
						<String ID="P18_ST00193" HPOS="1543" VPOS="2219" WIDTH="211" HEIGHT="51" CONTENT="terrain" WC="0.99" CC="0066005"/>
						<SP ID="P18_SP00172" HPOS="1754" VPOS="2285" WIDTH="26"/>
						<String ID="P18_ST00194" HPOS="1780" VPOS="2234" WIDTH="368" HEIGHT="55" CONTENT="proprement" WC="1.00" CC="0650400000"/>
						<SP ID="P18_SP00173" HPOS="2148" VPOS="2289" WIDTH="32"/>
						<String ID="P18_ST00195" HPOS="2180" VPOS="2221" WIDTH="206" HEIGHT="53" CONTENT="musico" SUBS_TYPE="HypPart1" SUBS_CONTENT="musicologique" WC="0.89" CC="050000"/>
						<HYP HPOS="2386" VPOS="2221" WIDTH="34" CONTENT="-"/>
					</TextLine>
					<TextLine ID="P18_TL00023" HPOS="425" VPOS="2286" WIDTH="1997" HEIGHT="82">
						<String ID="P18_ST00196" HPOS="425" VPOS="2286" WIDTH="224" HEIGHT="71" CONTENT="logique" SUBS_TYPE="HypPart2" SUBS_CONTENT="musicologique" WC="0.73" CC="1100960"/>
						<SP ID="P18_SP00174" HPOS="649" VPOS="2357" WIDTH="52"/>
						<String ID="P18_ST00197" HPOS="701" VPOS="2301" WIDTH="52" HEIGHT="37" CONTENT="et" WC="0.75" CC="04"/>
						<SP ID="P18_SP00175" HPOS="753" VPOS="2357" WIDTH="46"/>
						<String ID="P18_ST00198" HPOS="799" VPOS="2290" WIDTH="203" HEIGHT="52" CONTENT="touche" WC="0.99" CC="026140"/>
						<SP ID="P18_SP00176" HPOS="1002" VPOS="2357" WIDTH="71"/>
						<String ID="P18_ST00199" HPOS="1073" VPOS="2309" WIDTH="106" HEIGHT="36" CONTENT="aux" WC="0.95" CC="029"/>
						<SP ID="P18_SP00177" HPOS="1179" VPOS="2357" WIDTH="70"/>
						<String ID="P18_ST00200" HPOS="1249" VPOS="2294" WIDTH="294" HEIGHT="67" CONTENT="questions" WC="1.00" CC="060022000"/>
						<SP ID="P18_SP00178" HPOS="1543" VPOS="2361" WIDTH="66"/>
						<String ID="P18_ST00201" HPOS="1609" VPOS="2296" WIDTH="66" HEIGHT="50" CONTENT="de" WC="1.00" CC="00"/>
						<SP ID="P18_SP00179" HPOS="1675" VPOS="2361" WIDTH="56"/>
						<String ID="P18_ST00202" HPOS="1731" VPOS="2295" WIDTH="313" HEIGHT="52" CONTENT="littérature" WC="1.00" CC="50000600070"/>
						<SP ID="P18_SP00180" HPOS="2044" VPOS="2361" WIDTH="53"/>
						<String ID="P18_ST00203" HPOS="2097" VPOS="2296" WIDTH="325" HEIGHT="72" CONTENT="liturgique." WC="0.99" CC="40065050301"/>
					</TextLine>
					<TextLine ID="P18_TL00024" HPOS="430" VPOS="2362" WIDTH="297" HEIGHT="53">
						<String ID="P18_ST00204" HPOS="430" VPOS="2364" WIDTH="77" HEIGHT="49" CONTENT="Le" WC="1.00" CC="00"/>
						<SP ID="P18_SP00181" HPOS="507" VPOS="2413" WIDTH="33"/>
						<String ID="P18_ST00205" HPOS="540" VPOS="2362" WIDTH="145" HEIGHT="53" CONTENT="voici" WC="0.99" CC="05000"/>
						<SP ID="P18_SP00182" HPOS="685" VPOS="2415" WIDTH="30"/>
						<String ID="P18_ST00206" HPOS="715" VPOS="2379" WIDTH="12" HEIGHT="36" CONTENT=":" WC="0.28" CC="7"/>
					</TextLine>
					<TextLine ID="P18_TL00025" HPOS="952" VPOS="2521" WIDTH="1383" HEIGHT="65">
						<String ID="P18_ST00207" HPOS="952" VPOS="2521" WIDTH="259" HEIGHT="61" CONTENT="Vendredi," WC="1.00" CC="000002004" STYLEREFS="TXT_6"/>
						<SP ID="P18_SP00183" HPOS="1211" VPOS="2582" WIDTH="320"/>
						<String ID="P18_ST00208" HPOS="1531" VPOS="2543" WIDTH="57" HEIGHT="28" CONTENT="21" WC="0.95" CC="00" STYLEREFS="TXT_4"/>
						<SP ID="P18_SP00184" HPOS="1588" VPOS="2582" WIDTH="133"/>
						<String ID="P18_ST00209" HPOS="1721" VPOS="2526" WIDTH="207" HEIGHT="60" CONTENT="janvier" WC="1.00" CC="0200004" STYLEREFS="TXT_4"/>
						<SP ID="P18_SP00185" HPOS="1928" VPOS="2586" WIDTH="261"/>
						<String ID="P18_ST00210" HPOS="2189" VPOS="2529" WIDTH="146" HEIGHT="46" CONTENT="1261." WC="0.92" CC="01020" STYLEREFS="TXT_4"/>
					</TextLine>
					<TextLine ID="P18_TL00026" HPOS="487" VPOS="2622" WIDTH="1933" HEIGHT="76">
						<String ID="P18_ST00211" HPOS="487" VPOS="2622" WIDTH="239" HEIGHT="58" CONTENT="Regressi" WC="0.84" CC="20630000" STYLEREFS="TXT_5"/>
						<SP ID="P18_SP00186" HPOS="726" VPOS="2680" WIDTH="46"/>
						<String ID="P18_ST00212" HPOS="772" VPOS="2624" WIDTH="188" HEIGHT="47" CONTENT="fuimus" WC="0.85" CC="203030" STYLEREFS="TXT_5"/>
						<SP ID="P18_SP00187" HPOS="960" VPOS="2680" WIDTH="60"/>
						<String ID="P18_ST00213" HPOS="1020" VPOS="2627" WIDTH="61" HEIGHT="45" CONTENT="ad" WC="0.81" CC="30" STYLEREFS="TXT_5"/>
						<SP ID="P18_SP00188" HPOS="1081" VPOS="2680" WIDTH="50"/>
						<String ID="P18_ST00214" HPOS="1131" VPOS="2630" WIDTH="276" HEIGHT="58" CONTENT="capitulum" WC="0.77" CC="030100618" STYLEREFS="TXT_5"/>
						<SP ID="P18_SP00189" HPOS="1407" VPOS="2688" WIDTH="45"/>
						<String ID="P18_ST00215" HPOS="1452" VPOS="2633" WIDTH="347" HEIGHT="57" CONTENT="supradictum" WC="0.84" CC="05025000003" STYLEREFS="TXT_5"/>
						<SP ID="P18_SP00190" HPOS="1799" VPOS="2690" WIDTH="47"/>
						<String ID="P18_ST00216" HPOS="1846" VPOS="2632" WIDTH="574" HEIGHT="66" CONTENT="[Rothomagensem]..." WC="0.71" CC="303507609050005004" STYLEREFS="TXT_5"/>
					</TextLine>
					<TextLine ID="P18_TL00027" HPOS="423" VPOS="2689" WIDTH="1998" HEIGHT="80">
						<String ID="P18_ST00217" HPOS="423" VPOS="2689" WIDTH="123" HEIGHT="48" CONTENT="Item" WC="0.97" CC="3209" STYLEREFS="TXT_5"/>
						<SP ID="P18_SP00191" HPOS="546" VPOS="2737" WIDTH="22"/>
						<String ID="P18_ST00218" HPOS="568" VPOS="2695" WIDTH="315" HEIGHT="56" CONTENT="precepimus" WC="0.91" CC="0400000040" STYLEREFS="TXT_5"/>
						<SP ID="P18_SP00192" HPOS="883" VPOS="2751" WIDTH="27"/>
						<String ID="P18_ST00219" HPOS="910" VPOS="2699" WIDTH="435" HEIGHT="57" CONTENT="succentoriquod" WC="0.91" CC="02000000000530" STYLEREFS="TXT_5"/>
						<SP ID="P18_SP00193" HPOS="1345" VPOS="2756" WIDTH="23"/>
						<String ID="P18_ST00220" HPOS="1368" VPOS="2704" WIDTH="292" HEIGHT="55" CONTENT="sequentias" WC="0.86" CC="0002065000" STYLEREFS="TXT_5"/>
						<SP ID="P18_SP00194" HPOS="1660" VPOS="2759" WIDTH="19"/>
						<String ID="P18_ST00221" HPOS="1679" VPOS="2702" WIDTH="183" HEIGHT="48" CONTENT="faceret" WC="0.81" CC="0300204" STYLEREFS="TXT_5"/>
						<SP ID="P18_SP00195" HPOS="1862" VPOS="2759" WIDTH="26"/>
						<String ID="P18_ST00222" HPOS="1888" VPOS="2707" WIDTH="317" HEIGHT="45" CONTENT="emendari..." WC="0.90" CC="00000004104" STYLEREFS="TXT_5"/>
						<SP ID="P18_SP00196" HPOS="2205" VPOS="2759" WIDTH="31"/>
						<String ID="P18_ST00223" HPOS="2236" VPOS="2705" WIDTH="67" HEIGHT="61" CONTENT="[p." WC="0.96" CC="703" STYLEREFS="TXT_5"/>
						<String ID="P18_ST00224" HPOS="2314" VPOS="2707" WIDTH="107" HEIGHT="62" CONTENT="3B6]" WC="0.56" CC="8045" STYLEREFS="TXT_1"/>
					</TextLine>
					<TextLine ID="P18_TL00028" HPOS="496" VPOS="2830" WIDTH="1925" HEIGHT="84">
						<String ID="P18_ST00225" HPOS="496" VPOS="2830" WIDTH="94" HEIGHT="54" CONTENT="On" WC="0.79" CC="04"/>
						<SP ID="P18_SP00197" HPOS="590" VPOS="2884" WIDTH="31"/>
						<String ID="P18_ST00226" HPOS="621" VPOS="2832" WIDTH="118" HEIGHT="52" CONTENT="voit" WC="0.98" CC="0540"/>
						<SP ID="P18_SP00198" HPOS="739" VPOS="2884" WIDTH="27"/>
						<String ID="P18_ST00227" HPOS="766" VPOS="2837" WIDTH="167" HEIGHT="65" CONTENT="qu'en" WC="1.00" CC="00000"/>
						<SP ID="P18_SP00199" HPOS="933" VPOS="2902" WIDTH="34"/>
						<String ID="P18_ST00228" HPOS="967" VPOS="2837" WIDTH="156" HEIGHT="65" CONTENT="1261," WC="0.62" CC="34460"/>
						<SP ID="P18_SP00200" HPOS="1123" VPOS="2902" WIDTH="46"/>
						<String ID="P18_ST00229" HPOS="1169" VPOS="2836" WIDTH="172" HEIGHT="55" CONTENT="Odon" WC="0.84" CC="0023"/>
						<SP ID="P18_SP00201" HPOS="1341" VPOS="2902" WIDTH="30"/>
						<String ID="P18_ST00230" HPOS="1371" VPOS="2840" WIDTH="222" HEIGHT="71" CONTENT="Rigaud" WC="0.81" CC="046000"/>
						<SP ID="P18_SP00202" HPOS="1593" VPOS="2911" WIDTH="34"/>
						<String ID="P18_ST00231" HPOS="1627" VPOS="2846" WIDTH="239" HEIGHT="68" CONTENT="prescrit" WC="0.99" CC="05002560"/>
						<SP ID="P18_SP00203" HPOS="1866" VPOS="2914" WIDTH="34"/>
						<String ID="P18_ST00232" HPOS="1900" VPOS="2865" WIDTH="69" HEIGHT="35" CONTENT="au" WC="0.52" CC="36"/>
						<SP ID="P18_SP00204" HPOS="1969" VPOS="2914" WIDTH="35"/>
						<String ID="P18_ST00233" HPOS="2004" VPOS="2849" WIDTH="417" HEIGHT="65" CONTENT="sous-chantre," WC="1.00" CC="0050100000404"/>
					</TextLine>
					<TextLine ID="P18_TL00029" HPOS="419" VPOS="2910" WIDTH="2001" HEIGHT="81">
						<String ID="P18_ST00234" HPOS="419" VPOS="2910" WIDTH="310" HEIGHT="52" CONTENT="succentori" WC="0.91" CC="0001010050" STYLEREFS="TXT_3"/>
						<String ID="P18_ST00235" HPOS="734" VPOS="2950" WIDTH="11" HEIGHT="23" CONTENT="," WC="1.00" CC="0"/>
						<SP ID="P18_SP00205" HPOS="745" VPOS="2973" WIDTH="38"/>
						<String ID="P18_ST00236" HPOS="783" VPOS="2911" WIDTH="66" HEIGHT="51" CONTENT="de" WC="1.00" CC="00"/>
						<SP ID="P18_SP00206" HPOS="849" VPOS="2973" WIDTH="42"/>
						<String ID="P18_ST00237" HPOS="891" VPOS="2911" WIDTH="50" HEIGHT="52" CONTENT="la" WC="0.82" CC="30"/>
						<SP ID="P18_SP00207" HPOS="941" VPOS="2973" WIDTH="33"/>
						<String ID="P18_ST00238" HPOS="974" VPOS="2914" WIDTH="324" HEIGHT="53" CONTENT="cathédrale" WC="1.00" CC="0006500000"/>
						<SP ID="P18_SP00208" HPOS="1298" VPOS="2973" WIDTH="35"/>
						<String ID="P18_ST00239" HPOS="1333" VPOS="2917" WIDTH="67" HEIGHT="51" CONTENT="de" WC="1.00" CC="00"/>
						<SP ID="P18_SP00209" HPOS="1400" VPOS="2973" WIDTH="41"/>
						<String ID="P18_ST00240" HPOS="1441" VPOS="2919" WIDTH="201" HEIGHT="53" CONTENT="Rouen" WC="0.99" CC="06000"/>
						<SP ID="P18_SP00210" HPOS="1642" VPOS="2973" WIDTH="45"/>
						<String ID="P18_ST00241" HPOS="1687" VPOS="2924" WIDTH="67" HEIGHT="49" CONTENT="de" WC="1.00" CC="00"/>
						<SP ID="P18_SP00211" HPOS="1754" VPOS="2973" WIDTH="28"/>
						<String ID="P18_ST00242" HPOS="1782" VPOS="2926" WIDTH="269" HEIGHT="65" CONTENT="procéder" WC="0.99" CC="03300005"/>
						<SP ID="P18_SP00212" HPOS="2051" VPOS="2991" WIDTH="35"/>
						<String ID="P18_ST00243" HPOS="2086" VPOS="2944" WIDTH="71" HEIGHT="34" CONTENT="ou" WC="0.76" CC="04"/>
						<SP ID="P18_SP00213" HPOS="2157" VPOS="2991" WIDTH="35"/>
						<String ID="P18_ST00244" HPOS="2192" VPOS="2929" WIDTH="66" HEIGHT="51" CONTENT="de" WC="1.00" CC="00"/>
						<SP ID="P18_SP00214" HPOS="2258" VPOS="2991" WIDTH="25"/>
						<String ID="P18_ST00245" HPOS="2283" VPOS="2929" WIDTH="137" HEIGHT="52" CONTENT="faire" WC="1.00" CC="00030"/>
					</TextLine>
					<TextLine ID="P18_TL00030" HPOS="422" VPOS="2986" WIDTH="2001" HEIGHT="84">
						<String ID="P18_ST00246" HPOS="422" VPOS="2986" WIDTH="270" HEIGHT="67" CONTENT="procéder" WC="1.00" CC="03000003"/>
						<SP ID="P18_SP00215" HPOS="692" VPOS="3053" WIDTH="32"/>
						<String ID="P18_ST00247" HPOS="724" VPOS="2991" WIDTH="29" HEIGHT="46" CONTENT="à" WC="1.00" CC="0"/>
						<SP ID="P18_SP00216" HPOS="753" VPOS="3053" WIDTH="23"/>
						<String ID="P18_ST00248" HPOS="776" VPOS="3004" WIDTH="110" HEIGHT="34" CONTENT="une" WC="0.98" CC="400"/>
						<SP ID="P18_SP00217" HPOS="886" VPOS="3053" WIDTH="21"/>
						<String ID="P18_ST00249" HPOS="907" VPOS="2989" WIDTH="276" HEIGHT="52" CONTENT="réfection" WC="0.99" CC="502040110"/>
						<SP ID="P18_SP00218" HPOS="1183" VPOS="3053" WIDTH="25"/>
						<String ID="P18_ST00250" HPOS="1208" VPOS="2991" WIDTH="98" HEIGHT="52" CONTENT="des" WC="0.96" CC="900"/>
						<SP ID="P18_SP00219" HPOS="1306" VPOS="3053" WIDTH="32"/>
						<String ID="P18_ST00251" HPOS="1338" VPOS="2997" WIDTH="325" HEIGHT="66" CONTENT="séquences." WC="1.00" CC="0102000004"/>
						<SP ID="P18_SP00220" HPOS="1663" VPOS="3063" WIDTH="33"/>
						<String ID="P18_ST00252" HPOS="1696" VPOS="2999" WIDTH="161" HEIGHT="52" CONTENT="Nous" WC="0.98" CC="2160"/>
						<SP ID="P18_SP00221" HPOS="1857" VPOS="3063" WIDTH="27"/>
						<String ID="P18_ST00253" HPOS="1884" VPOS="3018" WIDTH="203" HEIGHT="34" CONTENT="savons" WC="1.00" CC="000000"/>
						<SP ID="P18_SP00222" HPOS="2087" VPOS="3063" WIDTH="28"/>
						<String ID="P18_ST00254" HPOS="2115" VPOS="3003" WIDTH="143" HEIGHT="67" CONTENT="déjà," WC="0.99" CC="00620"/>
						<SP ID="P18_SP00223" HPOS="2258" VPOS="3070" WIDTH="31"/>
						<String ID="P18_ST00255" HPOS="2289" VPOS="3005" WIDTH="46" HEIGHT="51" CONTENT="si" WC="1.00" CC="00"/>
						<SP ID="P18_SP00224" HPOS="2335" VPOS="3070" WIDTH="38"/>
						<String ID="P18_ST00256" HPOS="2373" VPOS="3006" WIDTH="50" HEIGHT="51" CONTENT="la" WC="0.42" CC="65"/>
					</TextLine>
					<TextLine ID="P18_TL00031" HPOS="422" VPOS="3060" WIDTH="1999" HEIGHT="82">
						<String ID="P18_ST00257" HPOS="422" VPOS="3060" WIDTH="239" HEIGHT="68" CONTENT="critique" WC="0.99" CC="14000030"/>
						<SP ID="P18_SP00225" HPOS="661" VPOS="3128" WIDTH="25"/>
						<String ID="P18_ST00258" HPOS="686" VPOS="3060" WIDTH="315" HEIGHT="71" CONTENT="historique" WC="0.99" CC="4301042050"/>
						<SP ID="P18_SP00226" HPOS="1001" VPOS="3131" WIDTH="39"/>
						<String ID="P18_ST00259" HPOS="1040" VPOS="3066" WIDTH="69" HEIGHT="51" CONTENT="de" WC="1.00" CC="00"/>
						<SP ID="P18_SP00227" HPOS="1109" VPOS="3131" WIDTH="34"/>
						<String ID="P18_ST00260" HPOS="1143" VPOS="3066" WIDTH="231" HEIGHT="53" CONTENT="demain" WC="1.00" CC="000000"/>
						<SP ID="P18_SP00228" HPOS="1374" VPOS="3131" WIDTH="32"/>
						<String ID="P18_ST00261" HPOS="1406" VPOS="3086" WIDTH="69" HEIGHT="35" CONTENT="ne" WC="1.00" CC="00"/>
						<SP ID="P18_SP00229" HPOS="1475" VPOS="3131" WIDTH="25"/>
						<String ID="P18_ST00262" HPOS="1500" VPOS="3071" WIDTH="155" HEIGHT="52" CONTENT="vient" WC="0.99" CC="04010"/>
						<SP ID="P18_SP00230" HPOS="1655" VPOS="3131" WIDTH="33"/>
						<String ID="P18_ST00263" HPOS="1688" VPOS="3091" WIDTH="99" HEIGHT="51" CONTENT="pas" WC="1.00" CC="000"/>
						<SP ID="P18_SP00231" HPOS="1787" VPOS="3142" WIDTH="33"/>
						<String ID="P18_ST00264" HPOS="1820" VPOS="3076" WIDTH="249" HEIGHT="52" CONTENT="détruire" WC="0.99" CC="00062320"/>
						<SP ID="P18_SP00232" HPOS="2069" VPOS="3142" WIDTH="33"/>
						<String ID="P18_ST00265" HPOS="2102" VPOS="3095" WIDTH="111" HEIGHT="35" CONTENT="une" WC="0.98" CC="600"/>
						<SP ID="P18_SP00233" HPOS="2213" VPOS="3142" WIDTH="23"/>
						<String ID="P18_ST00266" HPOS="2236" VPOS="3079" WIDTH="185" HEIGHT="53" CONTENT="vieille" WC="1.00" CC="0000020"/>
					</TextLine>
					<TextLine ID="P18_TL00032" HPOS="422" VPOS="3136" WIDTH="2000" HEIGHT="85">
						<String ID="P18_ST00267" HPOS="422" VPOS="3136" WIDTH="253" HEIGHT="70" CONTENT="légende," WC="0.99" CC="30800004"/>
						<SP ID="P18_SP00234" HPOS="675" VPOS="3206" WIDTH="35"/>
						<String ID="P18_ST00268" HPOS="710" VPOS="3140" WIDTH="176" HEIGHT="67" CONTENT="qu'un" WC="0.98" CC="07064"/>
						<SP ID="P18_SP00235" HPOS="886" VPOS="3207" WIDTH="39"/>
						<String ID="P18_ST00269" HPOS="925" VPOS="3141" WIDTH="192" HEIGHT="52" CONTENT="moine" WC="1.00" CC="00100"/>
						<SP ID="P18_SP00236" HPOS="1117" VPOS="3207" WIDTH="47"/>
						<String ID="P18_ST00270" HPOS="1164" VPOS="3143" WIDTH="66" HEIGHT="51" CONTENT="de" WC="1.00" CC="00"/>
						<SP ID="P18_SP00237" HPOS="1230" VPOS="3207" WIDTH="43"/>
						<String ID="P18_ST00271" HPOS="1273" VPOS="3145" WIDTH="311" HEIGHT="71" CONTENT="Jumièges," WC="0.89" CC="050020001"/>
						<SP ID="P18_SP00238" HPOS="1584" VPOS="3216" WIDTH="42"/>
						<String ID="P18_ST00272" HPOS="1626" VPOS="3168" WIDTH="69" HEIGHT="34" CONTENT="au" WC="0.69" CC="06"/>
						<SP ID="P18_SP00239" HPOS="1695" VPOS="3216" WIDTH="35"/>
						<String ID="P18_ST00273" HPOS="1730" VPOS="3151" WIDTH="295" HEIGHT="52" CONTENT="neuvième" WC="1.00" CC="00400000"/>
						<SP ID="P18_SP00240" HPOS="2025" VPOS="3216" WIDTH="35"/>
						<String ID="P18_ST00274" HPOS="2060" VPOS="3154" WIDTH="186" HEIGHT="67" CONTENT="siècle," WC="0.99" CC="0200204"/>
						<SP ID="P18_SP00241" HPOS="2246" VPOS="3221" WIDTH="28"/>
						<String ID="P18_ST00275" HPOS="2274" VPOS="3157" WIDTH="148" HEIGHT="53" CONTENT="avait" WC="0.99" CC="50031"/>
					</TextLine>
					<TextLine ID="P18_TL00033" HPOS="422" VPOS="3212" WIDTH="1998" HEIGHT="85">
						<String ID="P18_ST00276" HPOS="422" VPOS="3212" WIDTH="245" HEIGHT="69" CONTENT="imaginé" WC="1.00" CC="4000003"/>
						<SP ID="P18_SP00242" HPOS="667" VPOS="3281" WIDTH="34"/>
						<String ID="P18_ST00277" HPOS="701" VPOS="3231" WIDTH="145" HEIGHT="51" CONTENT="pour" WC="0.99" CC="0006"/>
						<SP ID="P18_SP00243" HPOS="846" VPOS="3282" WIDTH="26"/>
						<String ID="P18_ST00278" HPOS="872" VPOS="3215" WIDTH="189" HEIGHT="53" CONTENT="mieux" WC="0.99" CC="02050"/>
						<SP ID="P18_SP00244" HPOS="1061" VPOS="3282" WIDTH="28"/>
						<String ID="P18_ST00279" HPOS="1089" VPOS="3218" WIDTH="77" HEIGHT="51" CONTENT="les" WC="0.99" CC="300"/>
						<SP ID="P18_SP00245" HPOS="1166" VPOS="3282" WIDTH="52"/>
						<String ID="P18_ST00280" HPOS="1218" VPOS="3221" WIDTH="212" HEIGHT="52" CONTENT="retenir" WC="0.99" CC="3000107"/>
						<SP ID="P18_SP00246" HPOS="1430" VPOS="3282" WIDTH="49"/>
						<String ID="P18_ST00281" HPOS="1479" VPOS="3225" WIDTH="66" HEIGHT="49" CONTENT="de" WC="1.00" CC="00"/>
						<SP ID="P18_SP00247" HPOS="1545" VPOS="3282" WIDTH="44"/>
						<String ID="P18_ST00282" HPOS="1589" VPOS="3239" WIDTH="202" HEIGHT="38" CONTENT="mettre" WC="0.99" CC="000330"/>
						<SP ID="P18_SP00248" HPOS="1791" VPOS="3282" WIDTH="34"/>
						<String ID="P18_ST00283" HPOS="1825" VPOS="3229" WIDTH="97" HEIGHT="50" CONTENT="des" WC="1.00" CC="000"/>
						<SP ID="P18_SP00249" HPOS="1922" VPOS="3282" WIDTH="34"/>
						<String ID="P18_ST00284" HPOS="1956" VPOS="3230" WIDTH="221" HEIGHT="67" CONTENT="paroles" WC="0.99" CC="0041400"/>
						<SP ID="P18_SP00250" HPOS="2177" VPOS="3297" WIDTH="36"/>
						<String ID="P18_ST00285" HPOS="2213" VPOS="3249" WIDTH="97" HEIGHT="34" CONTENT="sur" WC="0.97" CC="034"/>
						<SP ID="P18_SP00251" HPOS="2310" VPOS="3297" WIDTH="31"/>
						<String ID="P18_ST00286" HPOS="2341" VPOS="3232" WIDTH="79" HEIGHT="52" CONTENT="les" WC="0.99" CC="300"/>
					</TextLine>
					<TextLine ID="P18_TL00034" HPOS="423" VPOS="3290" WIDTH="1993" HEIGHT="86">
						<String ID="P18_ST00287" HPOS="423" VPOS="3290" WIDTH="269" HEIGHT="50" CONTENT="vocalises" WC="0.99" CC="900042000"/>
						<SP ID="P18_SP00252" HPOS="692" VPOS="3340" WIDTH="35"/>
						<String ID="P18_ST00288" HPOS="727" VPOS="3291" WIDTH="98" HEIGHT="68" CONTENT="qui" WC="0.98" CC="050"/>
						<SP ID="P18_SP00253" HPOS="825" VPOS="3359" WIDTH="33"/>
						<String ID="P18_ST00289" HPOS="858" VPOS="3295" WIDTH="500" HEIGHT="69" CONTENT="accompagnaient" WC="1.00" CC="40300000000000"/>
						<SP ID="P18_SP00254" HPOS="1358" VPOS="3364" WIDTH="44"/>
						<String ID="P18_ST00290" HPOS="1402" VPOS="3300" WIDTH="49" HEIGHT="49" CONTENT="le" WC="1.00" CC="00"/>
						<SP ID="P18_SP00255" HPOS="1451" VPOS="3364" WIDTH="34"/>
						<String ID="P18_ST00291" HPOS="1485" VPOS="3301" WIDTH="227" HEIGHT="52" CONTENT="dernier" WC="0.99" CC="0270307"/>
						<SP ID="P18_SP00256" HPOS="1712" VPOS="3364" WIDTH="50"/>
						<String ID="P18_ST00292" HPOS="1762" VPOS="3302" WIDTH="223" HEIGHT="55" CONTENT="alléluia" WC="0.99" CC="70050306" STYLEREFS="TXT_3"/>
						<SP ID="P18_SP00257" HPOS="1985" VPOS="3364" WIDTH="50"/>
						<String ID="P18_ST00293" HPOS="2035" VPOS="3307" WIDTH="74" HEIGHT="51" CONTENT="du" WC="1.00" CC="00"/>
						<SP ID="P18_SP00258" HPOS="2109" VPOS="3364" WIDTH="34"/>
						<String ID="P18_ST00294" HPOS="2143" VPOS="3309" WIDTH="230" HEIGHT="67" CONTENT="graduel" WC="0.99" CC="8800030"/>
						<SP ID="P18_SP00259" HPOS="2373" VPOS="3376" WIDTH="31"/>
						<String ID="P18_ST00295" HPOS="2404" VPOS="3325" WIDTH="12" HEIGHT="37" CONTENT=":" WC="0.62" CC="3"/>
					</TextLine>
					<TextLine ID="P18_TL00035" HPOS="422" VPOS="3366" WIDTH="1998" HEIGHT="73">
						<String ID="P18_ST00296" HPOS="422" VPOS="3382" WIDTH="57" HEIGHT="33" CONTENT="ce" WC="1.00" CC="00"/>
						<SP ID="P18_SP00260" HPOS="479" VPOS="3415" WIDTH="24"/>
						<String ID="P18_ST00297" HPOS="503" VPOS="3366" WIDTH="84" HEIGHT="51" CONTENT="fut" WC="0.98" CC="041"/>
						<SP ID="P18_SP00261" HPOS="587" VPOS="3417" WIDTH="27"/>
						<String ID="P18_ST00298" HPOS="614" VPOS="3367" WIDTH="255" HEIGHT="70" CONTENT="l'origine" WC="0.99" CC="601510100"/>
						<SP ID="P18_SP00262" HPOS="869" VPOS="3437" WIDTH="34"/>
						<String ID="P18_ST00299" HPOS="903" VPOS="3371" WIDTH="97" HEIGHT="49" CONTENT="des" WC="1.00" CC="000"/>
						<SP ID="P18_SP00263" HPOS="1000" VPOS="3437" WIDTH="25"/>
						<String ID="P18_ST00300" HPOS="1025" VPOS="3373" WIDTH="327" HEIGHT="66" CONTENT="séquences." WC="1.00" CC="0320000004"/>
						<SP ID="P18_SP00264" HPOS="1352" VPOS="3439" WIDTH="28"/>
						<String ID="P18_ST00301" HPOS="1380" VPOS="3375" WIDTH="166" HEIGHT="53" CONTENT="Ainsi" WC="1.00" CC="20001"/>
						<SP ID="P18_SP00265" HPOS="1546" VPOS="3439" WIDTH="25"/>
						<String ID="P18_ST00302" HPOS="1571" VPOS="3394" WIDTH="110" HEIGHT="34" CONTENT="une" WC="0.98" CC="500"/>
						<SP ID="P18_SP00266" HPOS="1681" VPOS="3439" WIDTH="27"/>
						<String ID="P18_ST00303" HPOS="1708" VPOS="3395" WIDTH="191" HEIGHT="36" CONTENT="œuvre" WC="0.98" CC="06060"/>
						<SP ID="P18_SP00267" HPOS="1899" VPOS="3439" WIDTH="27"/>
						<String ID="P18_ST00304" HPOS="1926" VPOS="3380" WIDTH="270" HEIGHT="53" CONTENT="littéraire" WC="1.00" CC="5000030130"/>
						<SP ID="P18_SP00268" HPOS="2196" VPOS="3439" WIDTH="41"/>
						<String ID="P18_ST00305" HPOS="2237" VPOS="3385" WIDTH="183" HEIGHT="52" CONTENT="s'était" WC="0.99" CC="0044010"/>
					</TextLine>
					<TextLine ID="P18_TL00036" HPOS="422" VPOS="3441" WIDTH="1996" HEIGHT="87">
						<String ID="P18_ST00306" HPOS="422" VPOS="3441" WIDTH="199" HEIGHT="68" CONTENT="greffée" WC="0.98" CC="0507840"/>
						<SP ID="P18_SP00269" HPOS="621" VPOS="3509" WIDTH="35"/>
						<String ID="P18_ST00307" HPOS="656" VPOS="3461" WIDTH="95" HEIGHT="34" CONTENT="sur" WC="0.95" CC="065"/>
						<SP ID="P18_SP00270" HPOS="751" VPOS="3509" WIDTH="43"/>
						<String ID="P18_ST00308" HPOS="794" VPOS="3443" WIDTH="226" HEIGHT="54" CONTENT="l'œuvre" WC="0.99" CC="0006020"/>
						<SP ID="P18_SP00271" HPOS="1020" VPOS="3509" WIDTH="52"/>
						<String ID="P18_ST00309" HPOS="1072" VPOS="3447" WIDTH="290" HEIGHT="53" CONTENT="musicale." WC="1.00" CC="050022004"/>
						<SP ID="P18_SP00272" HPOS="1362" VPOS="3509" WIDTH="48"/>
						<String ID="P18_ST00310" HPOS="1410" VPOS="3448" WIDTH="94" HEIGHT="56" CONTENT="On" WC="1.00" CC="00"/>
						<SP ID="P18_SP00273" HPOS="1504" VPOS="3509" WIDTH="56"/>
						<String ID="P18_ST00311" HPOS="1560" VPOS="3470" WIDTH="145" HEIGHT="34" CONTENT="nous" WC="0.99" CC="0600"/>
						<SP ID="P18_SP00274" HPOS="1705" VPOS="3509" WIDTH="34"/>
						<String ID="P18_ST00312" HPOS="1739" VPOS="3455" WIDTH="80" HEIGHT="50" CONTENT="dit" WC="0.98" CC="005"/>
						<SP ID="P18_SP00275" HPOS="1819" VPOS="3509" WIDTH="34"/>
						<String ID="P18_ST00313" HPOS="1853" VPOS="3457" WIDTH="337" HEIGHT="67" CONTENT="qu'ensuite," WC="1.00" CC="03000023003"/>
						<SP ID="P18_SP00276" HPOS="2190" VPOS="3524" WIDTH="30"/>
						<String ID="P18_ST00314" HPOS="2220" VPOS="3458" WIDTH="198" HEIGHT="70" CONTENT="fuyant" WC="0.98" CC="009024"/>
					</TextLine>
					<TextLine ID="P18_TL00037" HPOS="422" VPOS="3519" WIDTH="1996" HEIGHT="83">
						<String ID="P18_ST00315" HPOS="422" VPOS="3519" WIDTH="203" HEIGHT="52" CONTENT="devant" WC="1.00" CC="000030"/>
						<SP ID="P18_SP00277" HPOS="625" VPOS="3571" WIDTH="34"/>
						<String ID="P18_ST00316" HPOS="659" VPOS="3521" WIDTH="78" HEIGHT="50" CONTENT="les" WC="0.98" CC="401"/>
						<SP ID="P18_SP00278" HPOS="737" VPOS="3571" WIDTH="49"/>
						<String ID="P18_ST00317" HPOS="786" VPOS="3522" WIDTH="289" HEIGHT="53" CONTENT="invasions" WC="1.00" CC="000000100"/>
						<SP ID="P18_SP00279" HPOS="1075" VPOS="3575" WIDTH="44"/>
						<String ID="P18_ST00318" HPOS="1119" VPOS="3527" WIDTH="365" HEIGHT="67" CONTENT="normandes," WC="1.00" CC="0030000000"/>
						<SP ID="P18_SP00280" HPOS="1484" VPOS="3594" WIDTH="42"/>
						<String ID="P18_ST00319" HPOS="1526" VPOS="3547" WIDTH="59" HEIGHT="33" CONTENT="ce" WC="0.98" CC="00"/>
						<SP ID="P18_SP00281" HPOS="1585" VPOS="3594" WIDTH="26"/>
						<String ID="P18_ST00320" HPOS="1611" VPOS="3531" WIDTH="191" HEIGHT="52" CONTENT="moine" WC="1.00" CC="04000"/>
						<SP ID="P18_SP00282" HPOS="1802" VPOS="3594" WIDTH="41"/>
						<String ID="P18_ST00321" HPOS="1843" VPOS="3533" WIDTH="66" HEIGHT="51" CONTENT="de" WC="1.00" CC="00"/>
						<SP ID="P18_SP00283" HPOS="1909" VPOS="3594" WIDTH="40"/>
						<String ID="P18_ST00322" HPOS="1949" VPOS="3533" WIDTH="161" HEIGHT="69" CONTENT="génie" WC="0.99" CC="01020"/>
						<SP ID="P18_SP00284" HPOS="2110" VPOS="3602" WIDTH="24"/>
						<String ID="P18_ST00323" HPOS="2134" VPOS="3536" WIDTH="117" HEIGHT="51" CONTENT="s'en" WC="0.99" CC="0005"/>
						<SP ID="P18_SP00285" HPOS="2251" VPOS="3602" WIDTH="25"/>
						<String ID="P18_ST00324" HPOS="2276" VPOS="3536" WIDTH="84" HEIGHT="52" CONTENT="fut" WC="0.97" CC="150"/>
						<SP ID="P18_SP00286" HPOS="2360" VPOS="3602" WIDTH="28"/>
						<String ID="P18_ST00325" HPOS="2388" VPOS="3538" WIDTH="30" HEIGHT="50" CONTENT="à" WC="0.49" CC="5"/>
					</TextLine>
					<TextLine ID="P18_TL00038" HPOS="421" VPOS="3594" WIDTH="1997" HEIGHT="75">
						<String ID="P18_ST00326" HPOS="421" VPOS="3594" WIDTH="250" HEIGHT="71" CONTENT="l'abbaye" WC="0.99" CC="09510000"/>
						<SP ID="P18_SP00287" HPOS="671" VPOS="3665" WIDTH="23"/>
						<String ID="P18_ST00327" HPOS="694" VPOS="3598" WIDTH="66" HEIGHT="51" CONTENT="de" WC="1.00" CC="00"/>
						<SP ID="P18_SP00288" HPOS="760" VPOS="3665" WIDTH="29"/>
						<String ID="P18_ST00328" HPOS="789" VPOS="3597" WIDTH="316" HEIGHT="54" CONTENT="Saint-Gall" WC="0.87" CC="0000011063"/>
						<SP ID="P18_SP00289" HPOS="1105" VPOS="3665" WIDTH="35"/>
						<String ID="P18_ST00329" HPOS="1140" VPOS="3613" WIDTH="229" HEIGHT="56" CONTENT="portant" WC="0.99" CC="0070200"/>
						<SP ID="P18_SP00290" HPOS="1369" VPOS="3669" WIDTH="30"/>
						<String ID="P18_ST00330" HPOS="1399" VPOS="3622" WIDTH="102" HEIGHT="33" CONTENT="son" WC="0.99" CC="010"/>
						<SP ID="P18_SP00291" HPOS="1501" VPOS="3669" WIDTH="33"/>
						<String ID="P18_ST00331" HPOS="1534" VPOS="3608" WIDTH="314" HEIGHT="51" CONTENT="manuscrit" WC="0.99" CC="001500625"/>
						<SP ID="P18_SP00292" HPOS="1848" VPOS="3669" WIDTH="32"/>
						<String ID="P18_ST00332" HPOS="1880" VPOS="3621" WIDTH="53" HEIGHT="38" CONTENT="et" WC="1.00" CC="00"/>
						<SP ID="P18_SP00293" HPOS="1933" VPOS="3669" WIDTH="23"/>
						<String ID="P18_ST00333" HPOS="1956" VPOS="3626" WIDTH="102" HEIGHT="34" CONTENT="son" WC="0.99" CC="020"/>
						<SP ID="P18_SP00294" HPOS="2058" VPOS="3669" WIDTH="24"/>
						<String ID="P18_ST00334" HPOS="2082" VPOS="3611" WIDTH="122" HEIGHT="52" CONTENT="idée" WC="1.00" CC="0000"/>
						<SP ID="P18_SP00295" HPOS="2204" VPOS="3669" WIDTH="25"/>
						<String ID="P18_ST00335" HPOS="2229" VPOS="3627" WIDTH="10" HEIGHT="36" CONTENT=":" WC="1.00" CC="0"/>
						<SP ID="P18_SP00296" HPOS="2239" VPOS="3669" WIDTH="37"/>
						<String ID="P18_ST00336" HPOS="2276" VPOS="3625" WIDTH="142" HEIGHT="39" CONTENT="cette" WC="0.99" CC="00050"/>
					</TextLine>
				</TextBlock>
				<TextBlock ID="P18_TB00004" HPOS="419" VPOS="3741" WIDTH="1999" HEIGHT="245" STYLEREFS="TXT_7 PAR_LEFT">
					<TextLine ID="P18_TL00039" HPOS="477" VPOS="3743" WIDTH="1940" HEIGHT="71">
						<String ID="P18_ST00337" HPOS="477" VPOS="3744" WIDTH="59" HEIGHT="55" CONTENT="(i)" WC="1.00" CC="000"/>
						<SP ID="P18_SP00297" HPOS="536" VPOS="3799" WIDTH="31"/>
						<String ID="P18_ST00338" HPOS="567" VPOS="3745" WIDTH="514" HEIGHT="56" CONTENT="Noyon-sur-Andelle," WC="0.89" CC="000100011000007004"/>
						<SP ID="P18_SP00298" HPOS="1081" VPOS="3801" WIDTH="32"/>
						<String ID="P18_ST00339" HPOS="1113" VPOS="3751" WIDTH="188" HEIGHT="54" CONTENT="prieuré" WC="0.99" CC="0010530"/>
						<SP ID="P18_SP00299" HPOS="1301" VPOS="3805" WIDTH="23"/>
						<String ID="P18_ST00340" HPOS="1324" VPOS="3751" WIDTH="273" HEIGHT="54" CONTENT="dépendant" WC="1.00" CC="060011010"/>
						<SP ID="P18_SP00300" HPOS="1597" VPOS="3805" WIDTH="21"/>
						<String ID="P18_ST00341" HPOS="1618" VPOS="3753" WIDTH="57" HEIGHT="41" CONTENT="de" WC="1.00" CC="00"/>
						<SP ID="P18_SP00301" HPOS="1675" VPOS="3805" WIDTH="28"/>
						<String ID="P18_ST00342" HPOS="1703" VPOS="3743" WIDTH="366" HEIGHT="60" CONTENT="Saint-Évroul." WC="0.89" CC="0040004000040"/>
						<SP ID="P18_SP00302" HPOS="2069" VPOS="3805" WIDTH="31"/>
						<String ID="P18_ST00343" HPOS="2100" VPOS="3758" WIDTH="317" HEIGHT="56" CONTENT="Aujourd'hui" WC="0.99" CC="00604001065"/>
					</TextLine>
					<TextLine ID="P18_TL00040" HPOS="423" VPOS="3806" WIDTH="1993" HEIGHT="70">
						<String ID="P18_ST00344" HPOS="423" VPOS="3806" WIDTH="266" HEIGHT="45" CONTENT="Charleval." WC="0.97" CC="0002000000"/>
						<SP ID="P18_SP00303" HPOS="689" VPOS="3851" WIDTH="42"/>
						<String ID="P18_ST00345" HPOS="731" VPOS="3812" WIDTH="141" HEIGHT="43" CONTENT="Eure." WC="0.97" CC="66502"/>
						<SP ID="P18_SP00304" HPOS="872" VPOS="3855" WIDTH="39"/>
						<String ID="P18_ST00346" HPOS="911" VPOS="3812" WIDTH="61" HEIGHT="40" CONTENT="C°" WC="0.48" CC="28"/>
						<String ID="P18_ST00347" HPOS="974" VPOS="3823" WIDTH="22" HEIGHT="20" CONTENT="n" STYLE="superscript" WC="0.54" CC="4"/>
						<SP ID="P18_SP00305" HPOS="996" VPOS="3855" WIDTH="32"/>
						<String ID="P18_ST00348" HPOS="1028" VPOS="3812" WIDTH="57" HEIGHT="43" CONTENT="de" WC="0.45" CC="64"/>
						<SP ID="P18_SP00306" HPOS="1085" VPOS="3855" WIDTH="44"/>
						<String ID="P18_ST00349" HPOS="1129" VPOS="3813" WIDTH="190" HEIGHT="57" CONTENT="Fleury." WC="0.66" CC="0155560"/>
						<SP ID="P18_SP00307" HPOS="1319" VPOS="3870" WIDTH="43"/>
						<String ID="P18_ST00350" HPOS="1362" VPOS="3814" WIDTH="194" HEIGHT="43" CONTENT="Prieuré" WC="0.99" CC="0053163"/>
						<SP ID="P18_SP00308" HPOS="1556" VPOS="3870" WIDTH="43"/>
						<String ID="P18_ST00351" HPOS="1599" VPOS="3814" WIDTH="145" HEIGHT="45" CONTENT="fondé" WC="0.99" CC="03400"/>
						<SP ID="P18_SP00309" HPOS="1744" VPOS="3870" WIDTH="31"/>
						<String ID="P18_ST00352" HPOS="1775" VPOS="3831" WIDTH="58" HEIGHT="28" CONTENT="en" WC="0.86" CC="02"/>
						<SP ID="P18_SP00310" HPOS="1833" VPOS="3870" WIDTH="36"/>
						<String ID="P18_ST00353" HPOS="1869" VPOS="3832" WIDTH="114" HEIGHT="43" CONTENT="1107" WC="0.50" CC="4734"/>
						<SP ID="P18_SP00311" HPOS="1983" VPOS="3875" WIDTH="37"/>
						<String ID="P18_ST00354" HPOS="2020" VPOS="3833" WIDTH="83" HEIGHT="42" CONTENT="par" WC="0.97" CC="025"/>
						<SP ID="P18_SP00312" HPOS="2103" VPOS="3875" WIDTH="26"/>
						<String ID="P18_ST00355" HPOS="2129" VPOS="3820" WIDTH="287" HEIGHT="56" CONTENT="Guillaume," WC="0.99" CC="0355605700"/>
					</TextLine>
					<TextLine ID="P18_TL00041" HPOS="422" VPOS="3862" WIDTH="1994" HEIGHT="73">
						<String ID="P18_ST00356" HPOS="422" VPOS="3878" WIDTH="154" HEIGHT="34" CONTENT="comte" WC="1.00" CC="40000"/>
						<SP ID="P18_SP00313" HPOS="576" VPOS="3912" WIDTH="25"/>
						<String ID="P18_ST00357" HPOS="601" VPOS="3862" WIDTH="250" HEIGHT="54" CONTENT="d'Évreux." WC="0.67" CC="104520661"/>
						<SP ID="P18_SP00314" HPOS="851" VPOS="3916" WIDTH="28"/>
						<String ID="P18_ST00358" HPOS="879" VPOS="3872" WIDTH="220" HEIGHT="56" CONTENT="[Orderic" WC="0.84" CC="30000440"/>
						<SP ID="P18_SP00315" HPOS="1099" VPOS="3928" WIDTH="24"/>
						<String ID="P18_ST00359" HPOS="1123" VPOS="3875" WIDTH="141" HEIGHT="53" CONTENT="Vital," WC="0.99" CC="000052"/>
						<SP ID="P18_SP00316" HPOS="1264" VPOS="3928" WIDTH="28"/>
						<String ID="P18_ST00360" HPOS="1292" VPOS="3876" WIDTH="182" HEIGHT="43" CONTENT="Eccles." WC="0.90" CC="0000007" STYLEREFS="TXT_8"/>
						<SP ID="P18_SP00317" HPOS="1474" VPOS="3928" WIDTH="26"/>
						<String ID="P18_ST00361" HPOS="1500" VPOS="3876" WIDTH="130" HEIGHT="45" CONTENT="Hist." WC="0.74" CC="50007" STYLEREFS="TXT_8"/>
						<SP ID="P18_SP00318" HPOS="1630" VPOS="3928" WIDTH="26"/>
						<String ID="P18_ST00362" HPOS="1656" VPOS="3878" WIDTH="32" HEIGHT="41" CONTENT="1." WC="1.00" CC="00"/>
						<SP ID="P18_SP00319" HPOS="1688" VPOS="3928" WIDTH="24"/>
						<String ID="P18_ST00363" HPOS="1712" VPOS="3879" WIDTH="82" HEIGHT="52" CONTENT="XI," WC="0.79" CC="032"/>
						<SP ID="P18_SP00320" HPOS="1794" VPOS="3931" WIDTH="25"/>
						<String ID="P18_ST00364" HPOS="1819" VPOS="3888" WIDTH="34" HEIGHT="34" CONTENT="t." WC="0.85" CC="02"/>
						<SP ID="P18_SP00321" HPOS="1853" VPOS="3931" WIDTH="17"/>
						<String ID="P18_ST00365" HPOS="1870" VPOS="3881" WIDTH="80" HEIGHT="52" CONTENT="IV," WC="0.85" CC="004"/>
						<SP ID="P18_SP00322" HPOS="1950" VPOS="3933" WIDTH="20"/>
						<String ID="P18_ST00366" HPOS="1970" VPOS="3881" WIDTH="111" HEIGHT="42" CONTENT="édit." WC="0.83" CC="00430"/>
						<SP ID="P18_SP00323" HPOS="2081" VPOS="3933" WIDTH="30"/>
						<String ID="P18_ST00367" HPOS="2111" VPOS="3881" WIDTH="65" HEIGHT="42" CONTENT="Le" WC="1.00" CC="00"/>
						<SP ID="P18_SP00324" HPOS="2176" VPOS="3933" WIDTH="24"/>
						<String ID="P18_ST00368" HPOS="2200" VPOS="3883" WIDTH="216" HEIGHT="52" CONTENT="Prévost," WC="0.99" CC="50003013"/>
					</TextLine>
					<TextLine ID="P18_TL00042" HPOS="419" VPOS="3932" WIDTH="284" HEIGHT="54">
						<String ID="P18_ST00369" HPOS="419" VPOS="3941" WIDTH="47" HEIGHT="42" CONTENT="p." WC="0.58" CC="80"/>
						<SP ID="P18_SP00325" HPOS="466" VPOS="3983" WIDTH="30"/>
						<String ID="P18_ST00370" HPOS="496" VPOS="3932" WIDTH="207" HEIGHT="54" CONTENT="277-83.]" WC="0.76" CC="61000424"/>
					</TextLine>
				</TextBlock>
			</PrintSpace>
		</Page>
	</Layout>
</alto>
