2575 4394
1019 312 57 28 LE
1112 308 238 31 MERCURE
1386 308 218 30 MUSICAL
1738 298 230 49 IÇ-VII-OÔ

488 315 19 44 5
525 317 23 28 2

555 517 79 48 La
667 512 175 52 soirée
870 510 134 52 était
1035 512 135 49 d'un
1195 510 176 51 calme
1402 508 144 52 idéal
1567 520 14 55 ;
1611 508 47 52 le
1684 507 102 52 ciel
1820 507 134 52 était
1989 509 132 51 d'un
2154 509 128 51 bleu
2316 508 162 51 foncé

487 592 170 50 tirant
685 606 95 34 sur
802 588 48 51 le
883 586 170 54 violet
1077 600 14 52 ;
1126 603 73 34 on
1232 586 132 51 l'eût
1390 585 81 52 dit
1504 597 378 57 transparent.
1912 585 50 50 A
1989 600 103 36 nos
2140 585 179 69 pieds,
2356 597 123 39 tout

487 684 67 33 au
588 665 155 59 fond,
781 665 50 51 la
882 680 119 35 mer
1033 664 183 51 Morte
1251 661 192 70 agitait
1484 661 362 52 lourdement
1871 678 86 34 ses
2006 678 138 35 eaux
2194 660 252 70 phospho-

487 754 299 50 rescentes,
817 740 137 51 dont
983 740 47 51 le
1057 739 135 51 choc
1223 738 244 52 montait
1510 754 125 36 vers
1679 754 163 43 nous,
1872 755 55 33 se
1970 738 239 50 fondant
2241 755 129 35 avec
2402 736 79 51 les

485 816 154 54 mille
685 833 322 35 murmures
1042 816 66 51 de
1141 815 51 51 la
1218 814 144 66 nuit,
1409 832 221 34 comme
1654 830 145 54 pour
1825 814 289 51 s'associer
2138 818 29 47 à
2194 814 50 51 la
2269 813 210 53 rêverie

485 893 353 53 universelle.
861 893 154 50 Tout
1043 903 203 39 autour
1292 891 75 52 du
1396 909 27 32 «
1463 891 178 51 douar
1674 910 47 43 »,
1759 906 129 35 sans
1919 901 121 40 mot
2059 889 136 64 dire,
2222 890 260 51 hommes

487 983 52 38 et
586 969 236 51 femmes
869 966 262 54 venaient
1162 967 242 69 prendre
1451 966 155 69 place
1636 984 10 47 ;
1703 981 74 36 on
1824 965 77 53 les
1937 965 288 52 entendait
2257 970 28 47 à
2317 965 164 70 peine

485 1045 275 65 marcher,
788 1044 266 52 froissant
1092 1044 78 52 les
1209 1044 200 50 herbes
1442 1042 192 52 sèches
1672 1042 96 68 qui
1796 1042 329 70 craquaient
2158 1060 132 34 sous
2332 1044 150 50 leurs

487 1140 115 50 pas.
654 1122 162 51 Nous
870 1120 296 65 formions,
1219 1121 139 50 dans
1400 1136 57 33 ce
1499 1135 211 52 groupe
1762 1117 279 70 exotique,
2073 1135 79 36 un
2192 1119 289 52 ensemble

488 1200 127 67 plus
651 1199 163 50 banal
849 1197 99 69 qui
996 1196 324 69 dérangeait
1345 1213 79 35 un
1462 1214 108 51 peu
1598 1196 49 50 la
1679 1196 233 51 couleur
1943 1195 192 52 locale.
2166 1194 92 54 On
2286 1214 56 34 se
2399 1213 56 34 re-

487 1275 246 52 cueillait
766 1286 166 38 avant
965 1272 281 52 d'écouter
1269 1284 141 38 cette
1444 1270 264 70 musique
1743 1271 75 51 du
1844 1271 184 52 désert
2054 1272 138 50 dont
2208 1271 47 51 le
2284 1268 195 55 cheikh

484 1350 212 53 voulait
718 1366 145 36 nous
902 1348 135 53 faire
1063 1354 198 64 goûter
1301 1348 77 51 les
1411 1347 277 52 charmes.

557 1427 72 51 Et
656 1444 67 33 en
774 1425 189 52 effet...
995 1425 141 52 voici
1162 1442 130 51 que,
1320 1426 138 49 dans
1503 1426 51 49 la
1588 1425 141 61 nuit,
1778 1423 259 59 soudain,
2074 1441 109 34 une
2228 1425 256 68 mélopée

485 1503 145 51 lente
694 1502 217 65 s'éleva,
958 1506 189 65 portée
1209 1519 97 35 sur
1358 1502 76 50 les
1505 1501 178 51 brises
1731 1505 112 47 très
1898 1501 224 51 douces.
2178 1502 129 52 Une
2355 1500 127 53 voix

485 1578 287 52 d'homme
833 1582 111 47 très
988 1590 292 51 contenue,
1346 1577 98 69 qui
1489 1577 297 69 paraissait
1857 1575 160 53 venir
2083 1576 66 52 de
2183 1577 110 51 fort
2346 1576 136 67 loin,

485 1655 253 68 rythmée
766 1658 28 47 à
838 1655 201 50 l'arabe
1073 1667 53 38 et
1167 1653 239 54 trillée...
1435 1655 117 50 Peu
1581 1658 30 46 à
1642 1671 110 51 peu
1778 1653 51 51 la
1867 1652 128 52 voix
2021 1652 114 69 prit
2185 1653 66 51 de
2281 1652 174 52 l'assu-

487 1747 184 48 rance,
731 1729 309 69 développa
1099 1746 103 34 son
1239 1729 273 69 ampleur.
1565 1728 76 54 Ce
1702 1728 191 52 n'était
1933 1746 97 51 pas
2078 1745 77 34 un
2206 1728 168 51 chant
2417 1728 66 51 de

485 1822 218 54 guerre,
757 1806 141 50 mais
938 1806 186 68 plutôt
1155 1823 110 35 une
1306 1806 244 50 mélodie
1590 1809 112 46 très
1748 1806 193 50 tendre
1990 1817 52 38 et
2089 1803 392 52 sentimentale

485 1886 409 64 accompagnée
940 1898 100 51 par
1072 1900 109 33 une
1231 1895 146 38 sorte
1418 1883 66 50 de
1517 1881 191 52 violon
1733 1881 115 68 plat
1876 1883 28 48 à
1937 1881 144 50 deux
2112 1881 216 63 cordes,
2379 1897 103 34 aux

487 1971 158 38 notes
671 1976 77 33 un
784 1975 108 52 peu
919 1959 234 50 sourdes
1188 1971 71 51 et,
1301 1958 138 50 dans
1465 1969 86 39 cet
1584 1956 231 66 instant,
1842 1956 424 68 mystérieuses,
2296 1961 155 45 évoca-

485 2033 183 53 trices.
699 2034 76 50 Le
816 2033 256 52 Bédouin
1106 2033 97 69 qui
1239 2032 172 64 jouait
1444 2034 66 50 de
1543 2044 84 40 cet
1660 2032 347 52 instrument
2051 2048 70 33 en
2162 2032 146 51 avait
2346 2037 137 62 posé

485 2110 50 51 la
558 2110 150 51 boîte
736 2126 96 35 sur
865 2127 85 33 ses
971 2127 221 52 genoux
1216 2122 70 48 et,
1317 2109 328 65 lentement,
1670 2109 66 50 de
1764 2124 104 35 son
1901 2107 209 67 archet,
2145 2107 37 50 il
2216 2107 268 52 caressait

487 2185 77 52 les
598 2185 388 51 chanterelles.

555 2262 207 67 Quand
786 2278 58 33 ce
882 2260 167 51 chant
1082 2272 93 39 eut
1211 2259 114 70 pris
1366 2260 94 60 fin,
1487 2260 243 51 d'autres
1763 2257 79 53 lui
1866 2259 383 51 succédèrent.
2277 2257 93 53 On
2403 2257 80 52 dit

484 2338 51 51 la
576 2335 174 71 gloire
783 2337 95 50 des
912 2342 269 58 ancêtres,
1222 2337 78 49 les
1330 2335 207 51 razzias
1561 2338 366 48 émouvantes
1961 2347 52 38 et
2046 2335 78 50 les
2159 2334 324 52 incursions

487 2414 137 51 dans
677 2413 79 49 les
809 2410 183 52 tribus
1037 2410 266 65 voisines,
1354 2423 52 38 et
1442 2410 78 50 les
1565 2409 237 68 exploits
1837 2410 98 51 des
1968 2409 229 51 cheikhs
2224 2408 259 66 toujours

484 2488 381 67 vainqueurs;
894 2486 78 50 les
1015 2486 127 69 plus
1169 2484 191 67 jeunes
1388 2485 328 51 chantèrent
1755 2485 121 51 leur
1907 2485 238 65 fiancée;
2175 2485 205 50 exaltés
2416 2502 68 34 au

485 2564 136 52 récit
661 2564 96 51 des
790 2563 253 50 combats
1090 2563 67 50 de
1192 2561 148 51 leurs
1387 2565 182 65 pères,
1598 2560 69 51 ils
1701 2559 404 70 promettaient
2130 2561 65 50 de
2223 2578 67 33 ne
2324 2559 159 70 point

487 2643 322 66 dégénérer.
868 2638 156 66 Puis,
1079 2639 95 49 des
1217 2638 237 50 femmes
1504 2639 358 49 exécutèrent
1894 2653 109 35 une
2048 2638 171 49 danse
2269 2635 210 69 rapide.

484 2718 151 49 Tout
692 2733 69 33 en
812 2715 258 58 dansant,
1128 2715 133 50 elles
1307 2712 278 53 suivaient
1646 2712 50 51 le
1743 2712 222 69 rythme
2006 2712 188 51 donné
2242 2729 99 51 par
2407 2729 77 34 un

484 2789 325 54 tambourin
858 2808 106 52 que
999 2790 198 51 battait
1233 2789 147 52 l'une
1407 2789 214 61 d'elles;
1669 2787 133 51 elles
1829 2787 221 52 avaient
2084 2789 66 49 de
2175 2789 161 67 longs
2375 2787 108 51 cris

484 2866 267 52 stridents
800 2879 54 37 et
907 2866 95 51 des
1044 2881 201 52 pauses
1310 2864 214 52 subites
1550 2876 14 55 ;
1607 2864 150 50 leurs
1813 2862 129 54 voix
2006 2862 193 69 aiguës
2251 2880 56 33 se
2350 2879 97 51 pro-

484 2942 320 69 longeaient
837 2946 113 47 très
983 2941 135 53 loin.
1159 2941 219 51 Parfois
1404 2940 134 51 elles
1571 2938 317 70 frappaient
1912 2941 138 51 dans
2083 2938 151 53 leurs
2267 2938 207 60 mains,

487 3035 68 34 en
588 3019 257 60 cadence,
882 3016 186 52 tandis
1109 3034 108 51 que
1259 3016 77 51 les
1377 3016 243 58 enfants,
1665 3013 347 52 émerveillés
2059 3015 76 50 du
2185 3013 297 69 spectacle,

487 3093 330 70 poussaient
855 3093 97 51 des
1012 3091 117 53 You
1147 3092 20 52 !
1200 3091 116 52 You
1340 3092 20 50 !
1405 3090 434 52 enthousiastes.

555 3172 154 48 Dans
756 3168 79 52 les
872 3168 274 64 ténèbres,
1174 3185 108 51 que
1316 3166 50 51 la
1399 3167 129 51 lune
1575 3166 225 68 coupait
1835 3166 66 51 de
1928 3182 205 52 rayons
2161 3166 218 66 jaunes,
2411 3182 73 35 on

487 3248 92 50 eût
605 3245 81 52 dit
713 3243 48 68 je
809 3260 69 34 ne
912 3243 109 52 sais
1061 3243 181 69 quelle
1277 3242 293 51 évocation
1602 3241 250 68 féerique
1893 3242 73 51 du
2003 3255 186 54 temps
2218 3243 161 65 passé
2413 3241 71 51 où

488 3322 77 50 les
590 3321 113 51 fées
731 3319 294 51 dansaient
1048 3332 52 38 et
1127 3316 338 66 folâtraient,
1495 3319 29 49 à
1545 3317 49 51 la
1620 3317 196 65 brune,
1854 3318 140 50 dans
2030 3317 77 51 les
2135 3316 123 50 bois
2285 3333 72 35 ou
2392 3332 95 36 sur

489 3398 78 51 les
616 3394 271 54 chemins.

559 3473 107 50 Les
700 3472 198 51 chants
934 3490 56 33 se
1023 3469 397 52 continuèrent
1447 3485 198 35 encore
1672 3469 343 68 longtemps.
2042 3467 238 52 J'aurais
2313 3467 173 52 voulu

489 3549 79 50 les
612 3561 163 38 noter
812 3560 148 47 tous,
1018 3546 143 50 mais
1200 3558 286 37 comment
1508 3546 19 49 ?
1578 3542 91 54 On
1724 3546 92 66 n'y
1860 3542 186 68 voyait
2079 3560 98 50 pas
2225 3560 155 33 assez
2412 3554 71 47 et,

489 3623 303 60 d'ailleurs,
847 3623 134 51 allez
1021 3623 261 67 prendre,
1324 3624 28 47 à
1387 3620 50 51 la
1491 3619 278 69 première
1813 3618 275 61 audition,
2138 3618 231 51 l'infinie
2397 3634 61 33 va-

489 3700 206 51 riation
728 3700 65 51 de
819 3717 88 33 ces
932 3698 272 52 mélodies
1232 3699 74 50 du
1340 3698 184 49 désert
1546 3702 9 44 !
1585 3697 43 49 Il
1663 3699 91 65 n'y
1771 3694 174 52 fallait
1968 3713 96 51 pas
2091 3712 222 51 songer.
2336 3695 151 51 Tout

491 3793 66 33 au
605 3775 124 69 plus
775 3774 273 69 quelques
1087 3786 162 39 notes
1302 3774 149 50 m'en
1476 3774 291 57 restèrent,
1794 3786 53 36 et
1885 3770 50 68 je
1984 3789 69 33 ne
2088 3769 266 53 voudrais
2388 3788 98 51 pas

492 3850 242 51 affirmer
775 3850 234 67 qu'elles
1034 3864 128 36 sont
1193 3848 359 52 absolument
1584 3861 236 38 exactes.
