2575 4394
979 317 60 33 LE
1072 312 244 37 MERCURE
1351 308 222 35 MUSICAL
1709 293 239 58 15-VII-06

445 319 60 43 66

449 536 96 42 eut
566 538 132 36 sous
717 518 79 52 les
813 531 147 54 yeux
983 512 98 52 des
1100 507 415 72 compositions
1530 503 381 54 manuscrites
1938 503 67 53 de
2033 503 151 52 Bach
2210 517 11 38 :
2244 520 27 35 «
2292 504 154 56 Tous

449 602 78 52 les
559 590 302 60 vendredis
907 587 327 54 Beethoven
1284 584 185 53 faisait
1502 584 68 52 de
1604 583 52 52 la
1695 579 266 71 musique
1994 579 133 52 chez
2159 578 48 53 le
2262 579 185 70 prince

451 670 368 68 Lichnowky.
844 665 153 55 C'est
1029 664 52 53 là
1105 663 178 70 qu'un
1314 660 145 70 jour,
1487 677 130 37 vers
1656 661 162 68 1795,
1853 675 81 37 un
1970 669 184 39 comte
2186 655 264 71 hongrois

448 750 79 55 lui
574 752 260 66 présenta
890 759 112 37 une
1076 739 359 71 composition
1482 736 67 55 de
1617 738 149 52 Bach
1836 734 337 54 manuscrite
2243 740 50 46 et
2346 738 102 50 très

447 823 218 72 difficile
672 862 11 27 s
711 837 99 54 que
839 818 303 53 Beethoven
1181 816 226 52 exécuta
1440 816 34 50 à
1509 813 278 71 première
1817 829 101 37 vue
1923 852 12 27 ,
1965 828 188 35 COMME
2187 811 156 52 BACH
2386 829 65 36 LA

448 919 208 43 JOUAIT,
692 917 71 34 au
802 895 357 70 témoignage
1194 894 73 52 du
1295 890 374 72 propriétaire
1700 891 75 54 du
1811 886 315 56 manuscrit
2159 888 96 69 (1).
2292 907 27 31 »

522 979 164 52 Nous
719 990 205 37 savons
957 973 150 52 enfin
1134 988 109 52 que
1271 970 97 52 dès
1399 968 162 71 1781,
1586 971 29 49 à
1638 968 134 69 l'âge
1799 968 68 52 de
1901 983 138 35 onze
2071 980 120 50 ans,
2219 962 38 53 il
2283 964 170 68 jouait

449 1063 398 44 couramment
893 1050 48 52 le
1537 1048 257 57 Clavecin
2141 1048 119 52 bien
2462 1041 2 73 t
1755 1060 109 54 que
1899 1060 104 36 son
2034 1041 202 52 maître
2286 1042 166 54 Neefe

452 1131 79 54 lui
565 1128 185 54 faisait
777 1126 243 54 étudier.

523 1210 149 52 Note
698 1206 68 52 de
786 1202 199 68 Neefe,
1023 1220 28 35 2
1077 1218 155 35 mars
1266 1200 166 70 1783,
1469 1215 174 54 parue
1678 1199 140 52 dans
1852 1196 48 52 le
1935 1195 277 70 Magasin
2252 1194 64 53 de
2346 1213 74 35 mu-

470 1285 152 70 sique
655 1284 66 51 de
768 1280 240 55 Cramer
1029 1294 11 35 :

526 1380 28 32 «
589 1359 175 53 Louis
786 1375 109 36 van
922 1356 326 53 Beethoven
1275 1365 82 41 est
1383 1354 48 50 le
1464 1352 87 52 fils
1584 1352 76 51 du
1688 1355 165 48 ténor
1892 1350 140 51 dont
2056 1347 39 54 il
2122 1365 31 36 a
2191 1351 86 48 été
2301 1365 125 52 ques-

455 1437 142 54 tion.
622 1435 150 55 C'est
796 1451 80 36 un
908 1432 165 69 jeune
1100 1446 208 55 garçon
1335 1431 66 51 de
1453 1423 26 78 i
1505 1423 25 78 3
1556 1423 102 78 ans,
1684 1426 99 71 qui
1806 1426 128 69 joue
1959 1426 78 52 du
2062 1423 247 54 clavecin
2335 1443 122 35 avec

455 1515 294 67 beaucoup
777 1509 282 71 d'énergie
1086 1523 53 38 et
1171 1506 326 55 d'habileté.
1528 1505 44 52 Il
1603 1503 64 54 lit
1694 1502 401 71 parfaitement
2121 1503 28 50 à
2183 1501 272 70 première

460 1609 127 44 vue,
618 1603 73 53 et,
729 1605 145 52 pour
905 1599 125 40 tout
1065 1585 121 52 dire
1219 1601 70 35 en
1324 1600 79 36 un
1435 1595 142 52 mot,
1617 1581 36 51 il
1674 1580 129 68 joue
1830 1590 399 43 couramment

474 1669 151 53 vecin
856 1666 118 52 bien
1175 1663 238 70 tempéré
1086 1663 67 51 de
1189 1660 298 56 Sébastien
1515 1658 174 66 Bach,
1726 1676 106 51 que
1862 1657 80 52 M.
1980 1656 176 54 Neefe
2191 1655 80 52 lui
2302 1655 153 53 amis

460 1757 156 41 entre
639 1745 80 49 les
745 1742 206 52 mains.
978 1738 156 56 Ceux
1177 1737 98 70 qui
1314 1736 366 53 connaissent
1721 1746 142 41 cette
1897 1732 300 53 collection
2236 1732 68 51 de
2339 1737 89 65 pré-

457 1821 161 52 ludes
653 1832 52 39 et
731 1820 66 51 de
819 1818 202 70 fugues
1055 1817 140 51 dans
1220 1827 130 40 tous
1383 1813 80 51 les
1506 1826 131 38 tons
1674 1813 134 63 (une
1850 1826 192 37 œuvre
2086 1811 173 68 qu'on
2296 1826 132 52 pour-

458 1897 108 52 rait
589 1896 229 70 appeler
849 1895 50 50 le
1420 1911 95 36 nec
1653 1892 132 71 plus
1987 1891 171 66 ultra)
1426 1888 451 70 comprendront
1909 1904 59 34 ce
2017 1904 108 52 que
2179 1886 114 51 cela
2335 1898 125 40 veut

458 1973 186 54 dire...
677 1991 26 32 »

531 2048 228 52 Kostlin
783 2050 134 49 écrit
942 2050 31 48 à
1006 2062 58 35 ce
1100 2043 144 69 sujet
2102 2041 339 59 (Geschichte
2004 2052 10 38 :
2047 2057 27 33 «
2109 2038 176 53 Neefe
2319 2038 140 52 avait

460 2131 85 48 été
571 2126 181 52 formé
785 2125 139 52 dans
959 2121 189 53 l'école
1176 2123 190 48 sévère
1394 2119 69 51 de
1487 2117 182 66 Bach;
1695 2117 134 51 c'est
1854 2117 141 51 dans
2019 2116 50 52 la
2095 2117 186 49 même
2315 2114 144 52 école

458 2221 110 53 que
602 2203 167 52 d'une
792 2201 158 52 main
989 2203 127 49 sûre
1145 2210 52 39 et
1228 2213 129 36 avec
1404 2212 111 36 une
1549 2193 210 53 fidélité
1806 2206 194 39 tenace
2028 2192 38 53 il
2102 2191 358 54 introduisait

458 2279 151 54 aussi
630 2298 86 34 ses
750 2279 182 51 élèves
961 2291 12 38 :
1561 2276 47 52 le
1721 2273 255 53 Clavecin
2282 2273 122 52 bien
1798 2272 67 51 de
1905 2269 143 54 J.-S.
2088 2268 172 67 Bach,
2302 2282 52 38 et
2386 2269 74 51 les

471 2357 232 52 Sonates
1048 2372 152 52 pour
1469 2351 386 54 connaisseurs
2349 2356 51 45 et
2041 2348 67 51 de
2174 2344 286 70 Philippe-

460 2431 345 53 Emmanuel
833 2429 170 65 Bach,
1043 2424 408 55 constituaient
1490 2424 52 52 la
1586 2424 132 51 base
1764 2424 67 52 de
1878 2441 104 34 son
2017 2422 439 70 enseignement.

462 2511 294 50 Peut-être
783 2523 108 54 que
937 2504 177 55 Neefe
1142 2504 162 69 jugea
1352 2519 131 35 avec
1518 2514 127 56 trop
1686 2502 68 50 de
1799 2500 238 54 sévérité
2071 2513 52 38 et
2164 2502 66 49 de
2257 2500 170 69 pédan-

460 2587 167 51 tisme
655 2586 78 50 les
757 2582 277 72 premiers
1076 2580 172 53 essais
1284 2580 66 51 de
1385 2577 385 69 composition
1810 2578 67 51 de
1921 2575 327 54 Beethoven
2276 2588 12 55 ;
2324 2574 135 53 mais

462 2679 144 53 pour
630 2659 226 55 celui-ci
883 2677 57 34 ce
966 2658 85 53 fut
1077 2674 112 36 une
1222 2655 152 54 vraie
1408 2654 367 53 bénédiction
1801 2653 216 53 d'avoir
2042 2671 131 49 reçu
2220 2657 28 47 à
2281 2664 178 56 temps

461 2742 51 51 la
535 2744 189 47 sévère
752 2735 303 55 éducation
1088 2737 68 50 de
1190 2734 52 52 la
1271 2733 187 53 vieille
1501 2733 151 51 école
1686 2732 342 59 allemande,
2072 2748 93 36 car
2193 2732 139 50 dans
2365 2746 95 35 son

461 2829 307 56 entourage
801 2812 296 54 immédiat
1124 2810 38 52 il
1185 2809 354 53 n'entendait
1572 2827 111 52 que
1708 2809 66 51 de
1803 2808 51 51 la
1885 2806 268 70 musique
2179 2805 278 54 italienne.

462 2893 318 70 Lorsqu'en
815 2890 136 70 1783
987 2890 38 52 il
1059 2902 95 40 eut
1203 2892 29 48 à
1264 2888 314 68 remplacer
1628 2885 177 54 Neefe
1840 2885 142 52 dans
2010 2885 52 52 la
2097 2883 276 54 direction
2399 2883 61 50 de

460 2968 250 71 l'Opéra,
740 2982 52 38 et
834 2965 137 73 qu'il
1016 2965 85 54 fut
1143 2980 203 55 promu
1404 2964 139 52 dans
1599 2961 329 53 l'orchestre
1973 2965 30 47 à
2053 2961 54 51 la
2156 2959 211 71 dignité
2400 2958 61 52 de

460 3059 246 40 maestro
734 3047 49 50 al
808 3044 275 62 cembalo,
1110 3043 80 52 les
1217 3045 201 66 opéras
1446 3039 224 53 italiens
1698 3039 79 52 les
1803 3039 130 70 plus
1959 3038 248 53 admirés
2240 3039 66 51 de
2328 3048 133 40 cette

462 3128 217 65 époque
707 3124 287 50 entrèrent
1022 3123 29 49 à
1077 3119 129 52 flots
1241 3119 139 51 dans
1410 3135 59 33 sa
1493 3118 167 67 jeune
1681 3115 399 70 imagination,
2107 3128 54 38 et
2188 3130 103 36 son
2313 3114 120 51 déve-

463 3201 332 69 loppement
814 3196 237 55 musical
1087 3194 182 54 aurait
1308 3194 406 52 certainement
1738 3193 117 69 pris
1882 3210 79 35 un
2008 3204 157 39 autre
2192 3207 165 36 cours
2384 3186 78 54 s'il

463 3295 68 35 ne
551 3276 182 52 s'était
757 3294 96 52 pas
877 3274 125 68 déjà
1025 3271 322 73 approprié,
1370 3289 69 34 au
1464 3283 221 39 contact
1711 3270 66 52 de
1797 3269 310 53 l'excellent
2125 3266 146 55 J.-S.
2299 3264 161 62 Bach,

461 3356 49 51 le
545 3355 219 52 sérieux
791 3354 188 51 sévère
1006 3364 53 39 et
1092 3349 240 70 critique
1359 3348 99 71 qui
1486 3365 68 35 ne
1600 3365 57 33 se
1693 3348 169 52 laissa
1906 3348 128 68 plus
2078 3345 254 53 étourdir
2370 3356 94 55 par

462 3431 180 52 l'éclat
675 3444 54 38 et
763 3431 48 51 le
856 3429 296 68 clinquant
1191 3426 67 52 de
1304 3426 52 51 la
1389 3425 169 52 mode
1585 3436 54 40 et
1671 3440 103 54 par
1806 3424 81 52 les
1914 3421 548 71 applaudissements

520 3646 60 55 (i)
611 3647 64 40 Le
700 3645 74 42 fils
799 3646 56 41 de
883 3645 160 43 F.-W.
1083 3645 118 40 Rust
1247 3642 321 57 (1787-1855),
1597 3655 91 42 que
1735 3642 276 42 Beethoven
2031 3639 306 50 connaissait,
2361 3649 103 42 apu

465 3709 127 41 aussi
613 3708 311 43 l'influencer.
1036 3708 40 40 A
1103 3698 24 62 i
1151 3698 25 62 3
1200 3698 97 62 ans,
1342 3707 117 41 Rust
1502 3704 151 56 jouait
1697 3705 41 42 le
1784 3705 221 43 Clavecin
2054 3704 100 42 bien
2182 3699 202 61 tempéré
2413 3698 51 42 de

461 3771 121 44 J.-S.
613 3771 144 50 Bach,
775 3780 45 32 et
841 3779 129 33 toute
995 3784 49 27 sa
1069 3769 72 43 vie
1163 3768 32 42 il
1218 3768 161 42 étudia
1403 3769 131 41 J.-S.
1558 3769 129 40 Bach
1707 3783 9 27 :
1746 3785 21 21 «
1792 3767 37 41 Il
1853 3767 112 42 était
1987 3768 185 42 devenu
2194 3766 93 41 fort
2313 3760 151 45 habile

470 3847 79 29 sur
595 3833 178 55 l'orgue
810 3851 39 34 »,
896 3832 66 43 dit
1002 3832 143 51 Fétis,
1185 3847 20 24 «
1237 3845 84 42 par
1368 3831 174 42 l'étude
1592 3838 248 35 constante
1886 3830 80 42 des
2018 3827 346 58 compositions
2412 3823 52 41 de

468 3895 120 41 J.-S.
620 3896 127 40 Bach
773 3911 38 25 »,
