2575 4394
986 326 56 27 LE
1078 321 237 30 MERCURE
1350 319 219 31 MUSICAL
1705 305 232 54 15-VII-06

443 315 56 41 82

440 522 43 41 la
518 517 395 58 Sing-Académie
958 523 44 33 et
1045 515 24 39 à
1117 513 45 40 la
1207 511 426 44 Beethoven-Saal.
1666 512 71 40 En
1764 524 76 28 ces
1868 510 123 42 deux
2018 509 194 53 soirées,
2256 511 187 43 Strauss

438 584 176 53 dirigea
636 580 117 41 trois
781 590 185 29 œuvres
1001 574 216 42 inédites
1248 589 9 27 :
1285 574 44 41 la
1368 574 229 42 Vilanelle
1626 574 59 41 du
1726 572 173 44 Diable
1906 606 9 19 ,
1953 581 129 33 vaste
2124 572 320 56 composition

438 642 351 57 symphonique
814 640 56 40 de
915 640 78 40 Ch.
1000 640 80 40 -M.
1104 638 203 51 Lœffler,
1325 637 43 41 le
1395 637 233 42 Concerto
1661 637 53 41 de
1740 637 152 42 violon
1919 637 57 41 de
2000 636 116 42 Jean
2141 637 212 53 Sibelius,
2377 651 62 29 un

445 707 227 41 Concerto
704 703 55 40 de
783 702 140 55 piano
951 701 63 40 du
1037 709 156 32 comte
1226 701 57 40 de
1318 701 259 52 Hochberg.

498 769 67 38 La
611 763 274 43 renommée
930 763 56 41 de
1042 764 249 42 Ferruccio
1329 764 189 50 Busoni,
1564 776 59 28 en
1654 770 101 33 tant
1795 775 91 42 que
1908 761 228 51 virtuose,
2161 776 25 26 a
2207 762 148 55 gagné
2379 762 65 44 les

438 830 124 41 deux
588 826 217 42 mondes.
834 826 75 41 On
949 825 241 43 l'acclame
1236 827 56 40 de
1339 823 269 45 New-York
1644 825 24 42 à
1693 825 132 41 Paris
1868 833 45 33 et
1945 825 25 40 à
1998 825 232 42 Londres.
2267 826 178 42 Busoni

440 904 137 43 passe
605 891 24 40 à
655 890 122 54 juste
802 889 106 41 titre
943 903 121 40 pour
1089 888 42 42 le
1153 888 203 55 pianiste
1382 889 42 41 le
1449 889 108 54 plus
1595 887 194 42 brillant
1821 896 45 33 et
1909 887 43 42 le
1994 887 107 54 plus
2142 888 207 55 complet
2391 891 55 40 de

442 953 238 55 l'époque.
711 952 259 41 L'étendue
990 952 57 41 de
1072 966 50 27 sa
1139 951 258 56 technique
1415 960 70 33 est
1498 950 321 56 prodigieuse.
1841 950 104 42 Elle
1967 950 270 56 représente
2261 950 186 57 lepoint

441 1014 266 43 culminant
732 1015 55 41 de
814 1014 172 41 l'étude
1015 1014 61 41 du
1116 1014 160 55 piano.
1313 1016 64 39 Le
1405 1014 117 55 style
1560 1023 44 32 et
1636 1014 68 41 les
1736 1013 236 42 sonorités
2016 1022 180 33 restent
2221 1013 224 56 inégalés.

445 1080 66 39 La
533 1077 222 42 noblesse
781 1077 57 42 de
861 1076 395 56 l'interprétation
1280 1077 161 42 décèle
1479 1090 65 28 un
1593 1076 56 42 de
1676 1090 76 28 ces
1792 1077 172 55 grands
1993 1077 169 54 esprits
2205 1090 186 30 comme
2417 1078 30 41 il

443 1154 58 27 ne
530 1140 98 41 s'en
654 1148 69 33 est
760 1154 83 40 pas
892 1140 254 41 rencontré
1174 1139 168 55 depuis
1373 1140 143 41 Liszt.
1564 1139 101 42 Elle
1711 1138 169 43 s'élève
1907 1140 25 41 à
1975 1139 43 41 la
2061 1140 202 41 hauteur
2310 1140 136 43 d'une

440 1202 228 43 création.
702 1203 100 42 J'en
844 1203 177 55 prends
1063 1203 24 40 à
1130 1202 180 41 témoin
1350 1202 67 41 les
1465 1202 243 42 auditeurs
1737 1202 353 42 enthousiastes
2136 1203 83 41 des
2263 1203 183 43 récitals

440 1265 650 55 Beethoven-Liszt-Chopin
1139 1265 112 54 qu'il
1279 1265 161 41 donna
1484 1274 73 33 cet
1599 1265 147 43 hiver.
1777 1265 183 42 Busoni
1986 1265 146 42 fonde
2169 1279 84 29 son
2278 1275 67 32 art
2371 1281 76 27 sur

442 1329 81 42 dés
544 1328 235 41 émotions
809 1330 57 39 de
911 1328 141 55 poète
1080 1337 44 32 et
1149 1328 224 42 d'artiste.
1402 1328 38 40 Il
1465 1328 240 55 triomphe
1731 1342 83 41 par
1839 1343 67 26 un
1931 1328 206 55 prestige
2166 1329 77 54 qui
2268 1329 179 43 éblouit

440 1390 343 56 l'imagination
802 1399 45 33 et
868 1390 215 52 l'oreille,
1099 1404 84 42 par
1196 1392 81 40 des
1294 1399 191 33 accents
1499 1390 79 56 qui
1597 1391 232 41 touchent
1845 1390 373 56 profondément
2233 1392 42 41 le
2299 1406 145 29 cœur.

502 1454 207 42 Héritier
755 1455 56 40 de
862 1453 129 43 Liszt
1017 1467 83 43 par
1139 1454 41 41 le
1207 1454 155 55 génie,
1391 1453 183 43 Busoni
1618 1453 231 56 participe
1875 1454 128 41 aussi
2048 1455 57 40 de
2131 1454 43 41 la
2216 1456 233 54 grandeur

445 1517 151 43 d'âme
622 1526 45 33 et
691 1517 55 42 de
772 1517 44 42 la
841 1517 143 42 bonté
1011 1517 299 55 proverbiale
1337 1518 63 41 du
1442 1517 140 43 vieux
1606 1517 187 42 maître.
1830 1518 88 40 Par
1952 1517 44 41 la
2021 1517 270 55 générosité
2319 1518 54 41 de
2400 1533 47 28 sa

447 1589 182 43 nature,
657 1594 84 41 par
767 1594 88 27 son
877 1580 170 42 absolu
1075 1580 466 50 désintéressement,
1564 1580 31 40 il
1620 1579 222 56 s'impose
1863 1580 24 41 à
1910 1580 318 42 l'admiration
2247 1582 56 40 de
2326 1590 118 33 tous.

450 1642 124 41 Chef
605 1642 306 51 d'orchestre,
943 1642 181 42 Busoni
1157 1642 263 56 s'applique
1446 1643 24 41 à
1516 1642 226 43 défendre
1786 1652 45 32 et
1866 1643 25 41 à
1934 1656 236 42 propager
2203 1657 59 27 au
2287 1643 161 45 milieu

450 1705 112 42 d'un
600 1705 163 55 public
809 1705 154 42 docile
991 1719 89 28 aux
1122 1705 311 42 admirations
1468 1705 445 42 conventionnelles
1956 1705 68 42 les
2056 1706 314 55 productions
2393 1707 53 42 de

449 1768 44 41 la
516 1768 140 55 jeune
701 1768 146 41 école.
885 1769 84 40 Ses
1009 1768 300 55 préférences
1341 1777 115 33 vont
1496 1768 24 41 à
1560 1768 143 41 celles
1748 1768 80 55 qui
1873 1769 134 41 n'ont
2049 1782 84 41 pas
2161 1783 172 27 encore
2380 1769 67 42 été

447 1831 182 54 jouées.
661 1830 36 41 Il
723 1830 223 42 recueille
974 1844 57 28 en
1051 1831 151 41 même
1226 1840 155 45 temps
1409 1830 67 42 les
1504 1830 372 42 chefs-d'œuvre
1899 1832 62 41 du
1981 1832 136 54 passé
2139 1832 187 42 tombés
2350 1833 75 55 pré-

448 1894 318 41 maturément
784 1894 115 41 dans
925 1907 65 27 un
1016 1893 174 54 injuste
1217 1893 147 44 oubli.
1386 1893 85 42 Tel
1498 1893 124 42 estle
1646 1894 85 41 but
1752 1894 113 55 qu'il
1890 1894 236 55 poursuit,
2151 1895 166 54 depuis
2334 1895 113 42 trois

448 1969 101 35 ans,
576 1969 113 28 avec
715 1969 92 28 une
830 1956 343 54 persévérance
1197 1956 276 50 inlassable,
1498 1969 58 28 en
1591 1957 81 41 des
1717 1956 457 43 Orchester-Ahende
2200 1957 167 42 fondés
2394 1958 54 41 de

447 2032 71 28 ses
551 2032 197 41 propres
776 2018 201 43 deniers.
1009 2019 64 41 Ce
1108 2027 108 33 sont
1240 2019 66 41 les
1334 2018 221 56 Français
1583 2018 80 56 qui
1689 2018 287 43 bénéficient
1997 2020 42 42 le
2058 2020 108 55 plus
2193 2020 257 56 largement

445 2082 58 40 de
529 2095 87 27 son
642 2080 229 44 initiative
895 2082 226 41 dévouée.
1145 2082 156 51 Qu'on
1343 2095 57 28 en
1435 2082 122 55 juge.
1591 2083 51 41 Je
1666 2083 226 41 transcris
1931 2096 66 28 au
2030 2083 172 41 hasard
2237 2084 81 41 des
2340 2097 81 41 pro-

442 2156 234 42 grammes
712 2144 377 55 quelques-unes
1113 2145 82 40 des
1223 2157 188 30 œuvres
1445 2144 202 56 dirigées
1674 2159 83 41 par
1788 2145 182 43 Busoni
1992 2163 9 26 :

440 2234 95 52 Guy
560 2236 212 50 Ropartz.
917 2234 235 42 Pêcheurs
1177 2235 247 42 d'lslande.

440 2297 324 43 Saint-Saëns.
923 2297 260 42 Ouverture
1207 2298 77 40 des
1310 2298 257 44 Barbares.

438 2360 68 40 Th
551 2361 164 51 Ysaye.
927 2359 226 42 Concerto
1178 2373 122 42 pour
1320 2360 162 55 piano.

442 2423 175 41 Delius.
920 2423 143 41 Paris
1070 2455 8 19 ,
1106 2423 190 41 tableau
1329 2422 220 42 musical,

435 2485 200 42 Vincent
649 2484 175 53 d'lndy.
915 2484 309 58 L'Etranger
1252 2485 223 54 (Prélude
1500 2485 62 41 du
1583 2497 45 28 2e
1655 2486 135 53 acte).

913 2547 134 42 Suite
1061 2548 257 48 française.

443 2610 169 41 Claude
637 2610 226 52 Debussy.
912 2610 203 41 Prélude
1140 2615 25 36 à
1192 2610 25 40 F
1222 2608 300 58 Après-Midi
1541 2611 103 40 d'un
1666 2611 176 41 Faune.

922 2665 282 42 Nocturnes.

445 2726 190 44 Albéric
656 2728 236 52 Magnard.
923 2727 34 42 3
960 2733 14 18 e
1000 2728 310 55 Symphonie.

443 2789 182 54 Eugène
654 2791 170 52 Ysaye.
920 2790 173 42 Poème
1115 2791 255 56 élégiaque.

441 2855 112 40 Paul
580 2854 192 41 Belune.
918 2852 35 43 3
956 2864 16 19 e
999 2854 308 55 Symphonie.

440 2914 139 44 César
606 2917 196 41 Franck.
920 2916 68 41 Le
1026 2916 237 42 Chasseur
1295 2916 197 42 maudit.

672 3002 53 7 •
926 2978 93 42 Les
1045 2979 189 56 Djinns.

915 3041 221 50 Prélude,
1183 3041 177 42 Choral
1418 3049 66 34 et.
1503 3042 167 57 Fugue
1676 3075 9 18 ,
1744 3041 350 42 orchestration
2151 3043 55 42 de
2261 3042 186 42 Gabriel

976 3103 188 43 Pierné.

440 3167 172 43 Hector
643 3167 195 41 Berlioz.
919 3167 89 41 Les
1031 3167 146 41 Nuits
1198 3165 140 43 d'Eté
1362 3166 66 54 (M
1435 3177 28 17 m
1471 3175 16 24 «
1517 3166 83 41 Ida
1628 3165 223 56 Ekman).

918 3229 200 42 Marche
1160 3238 246 47 troyenne.

502 3351 183 42 Busoni
727 3351 198 42 conduit
961 3351 276 43 l'orchestre
1271 3366 113 29 avec
1408 3365 95 29 une
1529 3365 102 29 rare
1663 3353 221 41 autorité.
1932 3353 37 40 Il
1993 3366 25 27 a
2060 3353 45 40 la
2148 3352 205 42 sobriété
2389 3351 59 42 du

444 3422 147 46 geste,
617 3413 42 42 le
683 3414 175 55 mépris
887 3414 82 41 des
997 3414 131 42 effets
1163 3413 164 44 faciles
1367 3424 44 32 et
1457 3415 255 56 vulgaires.
1757 3417 87 41 Ses
1871 3415 290 42 indications
2207 3424 108 33 sont
2351 3426 73 29 ner-

443 3488 188 40 veuses,
659 3476 189 56 rapides
876 3486 44 32 et
947 3478 147 41 sûres.
1124 3478 36 40 Il
1187 3478 185 42 obtient
1388 3487 106 32 tout
1519 3492 52 28 ce
1598 3479 114 55 qu'il
1729 3487 111 34 veut
1870 3479 56 41 de
1952 3492 73 28 ses
2053 3477 260 43 musiciens
2341 3489 105 31 sans

443 3537 44 43 le
519 3539 181 42 renfort
725 3541 139 41 d'une
887 3540 339 55 gesticulation
1259 3539 285 46 bouffonne.
1588 3541 420 56 L'interprétation
2035 3549 122 35 reste
2185 3539 261 57 expressive

446 3610 44 32 et
510 3601 203 44 vivante.

501 3665 128 41 Dans
655 3665 242 56 l'héritage
932 3666 56 41 de
1017 3666 145 54 Liszt,
1202 3666 181 43 Busoni
1433 3667 235 42 recueillit
1694 3681 178 28 encore
1916 3667 42 42 le
1986 3669 96 41 don
2109 3669 55 41 de
2191 3668 43 41 la
2260 3678 155 43 compo-

442 3726 165 42 sition»
642 3728 99 42 Son
774 3728 195 42 instinct
995 3730 214 42 créateur
1250 3729 222 44 s'affirme
1500 3745 59 28 en
1591 3744 94 28 une
1714 3731 120 42 série
1862 3731 57 42 de
1963 3730 161 56 pièces
2166 3730 253 42 instrumen-

442 3788 118 42 tales
588 3789 110 42 d'un
726 3800 166 33 accent
912 3791 94 43 très
1028 3794 280 54 personnel,
1330 3794 140 41 d'une
1498 3803 233 33 structure
1755 3794 223 43 achevée.
2004 3794 38 40 Il
2071 3808 25 27 a
2120 3794 44 42 la
2189 3792 252 52 fécondité,

443 3850 43 42 le
508 3850 168 43 labeur
702 3854 202 42 acharné
926 3860 8 37 !
966 3855 117 42 Bien
1106 3856 113 56 qu'il
1247 3871 47 28 se
1311 3865 275 44 concentre,
1611 3871 57 28 au
1694 3857 98 42 lieu
1818 3859 56 41 de
1901 3870 49 29 se
1969 3856 170 54 diluer,
2168 3871 74 28 ses
2265 3866 179 33 œuvres

443 3914 378 56 symphoniques
851 3918 316 42 s'ordonnent
1192 3933 58 28 en
1277 3920 56 42 de
1357 3929 155 33 vastes
1534 3920 328 54 proportions.
1892 3920 129 43 Elles
2046 3928 108 34 sont
2178 3921 56 42 de
2271 3920 146 42 dimen-
