3065 4036
134 235 125 28 ieimnis
286 236 51 27 der
364 235 169 33 Stimmung
556 237 40 27 ist
619 236 95 29 damit
740 236 262 35 gekennzeichnet.

134 275 38 27 Es
191 274 60 30 läßt
271 276 62 27 sich
352 276 80 27 nicht
450 276 284 32 handwerksmäßig
755 277 195 31 zergliedern,
971 284 33 21 es

134 316 79 28 kann
238 324 53 19 nur
317 324 60 19 von
403 317 206 30 angeborener
634 317 165 33 Begabung
825 316 179 32 empfunden

134 358 59 27 und
211 356 99 32 gelöst
326 357 134 28 werden.
500 357 61 29 Soll
581 357 54 28 das
654 357 131 29 Theater
806 357 64 28 also
891 358 113 27 seinem

134 397 244 31 ursprünglichen
401 397 238 29 künstlerischen
663 397 129 28 Zwecke
815 397 114 28 wieder
954 405 34 19 zu-

134 438 244 30 rückgewonnen
395 438 134 34 werden,
546 439 68 27 muß
632 446 55 20 vor
707 437 75 29 allen
801 437 114 32 Diingen
932 438 54 26 wie-

136 477 51 28 der
213 477 167 33 Stimmung
406 480 60 27 und
491 478 158 28 Ausdruck
674 486 52 19 zur
750 477 178 28 Herrschaft
954 485 34 23 ge-

134 518 114 32 langen.
285 517 83 28 Dazu
388 519 115 31 gehört,
524 519 55 27 daß
600 526 68 20 man
688 518 53 27 das
759 517 132 28 Theater
910 519 28 26 in
959 517 45 28 die

133 558 106 29 Hände
263 560 81 27 eines
368 559 194 29 schaffenden
584 557 156 31 Künstlers
763 558 68 32 legt,
856 558 52 28 der
934 558 71 27 über

135 600 45 26 ein
203 599 91 31 völlig
315 600 223 32 ausgebildetes
562 599 84 31 Auge
667 600 60 26 wie
750 599 72 27 über
847 600 46 26 ein
915 598 91 31 völlig

135 640 221 31 ausgebildetes
385 639 62 29 Ohr
474 640 128 31 verfügt.
654 639 63 28 Das
744 641 37 26 ist
811 640 51 27 der
894 639 94 32 „hand-

388 680 176 28 wesentlich
592 680 102 31 nötige
725 679 63 28 Teil
818 680 99 27 seiner
948 678 38 28 Be-

136 721 126 32 gabung.
311 721 60 28 Der
397 723 118 30 zweite,
541 720 76 28 noch
644 720 174 31 wichtigere
846 719 62 28 Teil
935 720 71 27 aber

134 762 37 26 ist
195 762 51 26 der
528 762 113 30 nötige:
664 759 224 33 schöpferische
910 759 77 28 Phan-

135 803 85 32 tasie,
242 802 188 28 Geschmack
451 802 59 29 und
529 804 64 26 eine
613 800 172 32 ungeheure
804 800 182 33 Wandlungs-

132 842 154 32 fähigkeit.
319 842 37 29 Es
375 845 38 26 ist
430 842 177 32 unmöglich,
627 844 45 26 ein
691 841 176 28 Dichtwerk
887 840 48 28 auf
954 842 53 27 der

133 882 105 28 Bühne
266 884 208 32 darzustellen,
500 891 89 19 wenn
616 890 32 21 es
673 882 80 28 nicht
779 885 63 26 erst
870 883 39 26 im
933 882 74 28 Hirn

136 924 53 28 des
213 924 178 32 Regisseurs
414 926 81 26 seine
799 923 125 31 gefeiert
947 922 59 28 hat.

137 964 37 27 Er
203 965 67 27 muß
300 966 66 26 dem
395 963 172 29 Dichtwerk
598 967 63 25 erst
688 962 99 28 Odem
816 962 191 33 einhauchen,

294 1005 105 34 Odem,
419 1006 89 28 damit
526 1012 31 20 es
577 1004 139 31 lebendig
731 1004 85 28 wird.
849 1004 39 27 Es
906 1005 38 26 ist
962 1005 46 26 ein

135 1045 276 29 unkünstlerischer
438 1046 122 30 Unsinn,
588 1052 89 20 wenn
705 1044 63 28 sich
797 1044 211 33 Schauspieler

136 1086 223 31 irgendwelche
381 1085 256 31 Selbständigkeit
661 1086 68 27 dem
761 1084 163 33 Regisseur
957 1093 35 23 ge-

137 1128 133 30 genüber
289 1128 125 27 wahren
434 1126 117 28 wollen.
588 1126 86 28 Denn
696 1126 75 28 eben
794 1127 54 27 das
868 1126 120 28 Geheim-

137 1169 46 26 nis
208 1169 52 27 der
286 1168 272 32 Gesamtwirkung,
587 1167 52 28 des
849 1166 101 28 macht
977 1174 32 20 es

137 1209 163 32 unbedingt
319 1210 90 31 nötig,
430 1208 55 28 daß
508 1208 46 27 die
576 1207 209 32 Offenbarung
804 1209 38 26 im
863 1208 72 27 Hirn
957 1208 52 27 des

137 1248 179 33 Regisseurs
336 1249 61 28 sich
418 1249 49 28 auf
487 1249 51 28 der
557 1248 103 27 Bühne
681 1248 215 28 rücksichtslos
917 1249 44 26 bis
983 1249 26 26 in

138 1291 45 27 die
206 1290 146 29 kleinsten
375 1289 201 29 Einzelheiten
599 1289 181 28 durchsetzt.
805 1289 63 27 Aus
891 1289 115 27 einer

136 1331 123 28 Wurzel
279 1331 68 29 muß
368 1331 100 28 Leben
489 1331 158 31 organisch
671 1329 260 33 emporwachsen.
971 1329 38 28 Es

138 1372 87 27 sollte
241 1380 68 19 zum
324 1371 127 32 Ehrgeiz
467 1371 83 30 jedes
567 1370 227 32 Schauspielers
811 1370 134 33 werden,
964 1370 45 27 die

136 1412 107 32 größte
270 1411 341 34 Anpassungsfähigkeit
636 1413 59 27 und
724 1413 54 28 das
804 1411 108 28 feinste
938 1411 54 27 Ver-

136 1454 137 27 ständnis
290 1453 46 28 für
351 1453 48 28 die
416 1453 209 33 Anregungen,
644 1454 45 27 die
710 1461 30 20 er
759 1460 71 20 vom
848 1452 162 31 Regisseur

139 1495 103 32 erhält,
282 1503 36 19 zu
358 1495 161 27 beweisen.
560 1493 58 28 Die
957 1492 53 29 des

136 1535 228 33 Schauspielers
386 1535 91 27 bleibt
498 1535 151 27 trotzdem
672 1534 153 32 gewahrt:
849 1534 42 27 sie
917 1533 77 28 offen-

137 1576 68 27 bart
232 1576 64 28 sich
320 1578 28 26 in
377 1579 55 27 den
458 1574 409 32 Ausdruc'ksmöglichkeiten
897 1574 58 28 und
983 1575 27 26 in

139 1617 56 28 den
214 1616 309 32 Ausdrucksstärken,
544 1616 72 28 über
639 1616 46 28 die
706 1624 32 20 er
759 1615 129 33 verfügt,
908 1616 30 26 in
959 1616 51 27 der

136 1657 216 32 Lebendigkeit
374 1658 60 28 und
454 1656 338 32 Ueberzeugungskraft
815 1658 97 26 seiner
935 1656 56 27 Aus-

137 1698 220 32 drucksmittel;
373 1700 43 26 sie
428 1699 79 30 zeigt
520 1697 63 29 sich
597 1697 169 28 schließlich
782 1698 26 26 in
823 1698 99 26 seiner
936 1696 56 28 Ver-

135 1739 191 32 wandlungs-
355 1738 58 28 und
442 1736 473 33 Charakterisierungsfähigkeit.
970 1736 39 27 Es

137 1781 143 28 bedeutet
303 1782 64 28 eine
390 1779 144 32 Blamage
557 1779 59 27 und
640 1781 86 26 einen
747 1778 146 28 Einwand
915 1785 95 26 gegen

138 1822 46 27 die
202 1821 171 32 Intelligenz
392 1824 52 27 des
458 1819 240 32 Schauspielers,
714 1827 92 20 wenn
822 1827 30 21 er
872 1820 52 26 mit
943 1819 67 27 dem

138 1860 163 33 Regisseur
322 1861 122 32 anfängt
463 1870 37 19 zu
522 1861 187 28 debattieren
730 1861 60 27 und
810 1862 104 30 eigene
936 1858 56 28 Mei-

136 1911 117 24 nungen
268 1903 60 29 und
341 1902 240 32 Anschauungen
595 1902 123 31 geltend
731 1910 36 19 zu
782 1900 135 33 machen,
934 1900 76 28 denn

138 1944 53 27 das
207 1946 38 27 ist
263 1944 52 29 das
334 1943 145 28 sicherste
496 1942 125 28 Zeichen
641 1942 92 33 dafür,
752 1942 55 28 daß
826 1942 51 29 der
896 1940 94 28 Schau-

136 1985 108 32 spieler
261 1985 103 28 weder
379 1986 28 26 in
423 1985 83 28 seine
521 1983 103 32 Kunst,
640 1983 78 28 noch
733 1984 28 27 in
780 1983 44 27 die
844 1983 51 27 des
912 1981 77 28 Thea-

135 2028 63 26 ters
213 2026 47 27 die
274 2027 100 30 nötige
389 2025 131 28 Einsicht
538 2025 117 27 besitzt.
826 2022 183 31 Auffassung

136 2067 50 28 hat
207 2068 28 30 ja
256 2069 52 25 mit
331 2067 50 28 der
402 2065 187 32 Aufführung
609 2074 54 23 gar
684 2064 97 29 nichts
802 2072 37 19 zu
861 2065 58 32 tun,
942 2071 50 20 son-

137 2108 71 29 dern
226 2116 54 20 nur
298 2109 63 26 sein
580 2106 98 27 Heute
696 2108 80 25 setzt
792 2105 82 30 jeder
893 2104 96 29 Schau-

135 2149 117 33 spieler,
269 2146 72 34 (und
359 2149 46 28 die
420 2147 241 30 bedeutendsten
680 2154 47 20 am
744 2145 141 33 meisten)
905 2146 103 27 seinen

134 2189 85 29 Stolz
243 2190 60 27 und
327 2191 101 26 seinen
454 2188 127 32 Ehrgeiz
606 2189 106 31 hinein,
741 2186 63 29 sich
829 2193 97 25 gegen
950 2185 58 28 den

135 2231 163 31 Regisseur
320 2229 120 33 geltend
462 2238 36 20 zu
519 2229 135 28 machen.
693 2227 63 29 Das
776 2227 80 28 heißt
879 2225 114 30 absicht-

134 2271 56 29 lich
230 2272 54 28 das
320 2271 294 27 Zustandekommen
654 2271 82 27 eines
774 2267 234 33 geschlossenen

131 2312 221 32 Kunstwerkes
372 2311 193 28 verhindern!
605 2310 41 28 Ist
666 2309 53 28 das
739 2310 45 28 die
802 2307 146 33 Aufgabe,
968 2309 38 26 ist

136 2355 53 27 das
211 2355 45 26 ein
279 2354 95 30 Ruhm
395 2353 46 28 für
465 2352 56 29 den
543 2350 188 29 Darsteller?
771 2350 170 28 Höchstens
964 2351 44 26 ein

134 2395 172 28 kleinlicher
324 2394 144 32 Triumph
482 2393 47 29 für
545 2394 82 28 seine
644 2391 148 32 Eitelkeit,
810 2391 51 27 der
880 2390 62 28 sich
961 2398 32 19 zu-

134 2439 65 25 erst
223 2445 34 19 an
283 2436 58 28 ihm
367 2435 94 27 selbst
485 2433 93 29 rächt.
625 2432 87 28 Denn
738 2432 47 28 die
808 2431 111 33 Folgen
944 2429 66 29 sind

136 2478 47 27 die
208 2476 286 31 unbefriedigenden
522 2473 232 31 Vorstellungen
783 2478 125 21 unserer
933 2469 55 29 heu-

135 2520 80 31 tigen
238 2518 141 33 Theater,
399 2518 29 27 in
451 2517 96 28 denen
570 2524 33 20 es
626 2514 105 30 weder

134 2559 77 27 noch
239 2559 85 29 einen
350 2557 177 32 packenden
552 2555 270 29 Gesamteindruck
848 2554 76 32 gibt;
951 2556 58 26 wie

134 2599 79 28 kann
240 2599 37 28 da
301 2600 65 27 eine
392 2598 251 31 durchgreifende
667 2596 167 32 Stimmung
858 2596 73 28 über
956 2596 52 27 das

134 2639 158 29 Publikum
315 2639 119 28 Gewalt
457 2637 180 32 gewinnen?

136 2809 62 28 Das
219 2808 259 30 Komödiespieten

190 2872 61 28 Das
270 2871 263 33 Komödiespielen
550 2873 40 27 ist
715 2870 103 34 Kunst,
841 2870 46 28 die
910 2870 97 32 heute,

136 2921 47 19 am
225 2914 124 28 meisten
392 2912 107 29 höchst
861 2911 147 31 ausgeübt

134 2954 85 28 wird.
256 2954 61 28 Das
335 2954 116 28 kommt
471 2953 102 34 daher,
595 2953 55 28 daß
670 2954 28 26 in
721 2953 98 28 dieser
839 2951 95 31 Kunst
956 2952 52 28 der

329 2994 135 32 zugleich
486 2996 62 28 sein
570 2995 121 31 eigenes
961 2993 46 27 ist.

136 3035 141 29 Dadurch
301 3037 77 28 wird
404 3037 83 27 seine
513 3034 240 29 Persönlichkeit
780 3034 44 27 als
851 3033 101 28 solche
980 3034 28 26 in

136 3078 96 26 einem
258 3076 208 33 gefährlichen,
489 3076 47 28 für
562 3076 58 32 ihn,
646 3076 56 28 den
726 3074 139 31 Künstler
891 3073 100 33 gefähr-

136 3117 95 29 lichen
254 3116 131 31 Kontakt
409 3119 51 27 mit
487 3117 57 28 den
569 3115 267 32 Kunstgenießern,
863 3115 51 28 mit
941 3114 67 28 dem

134 3158 157 28 Publikum
308 3158 153 34 gebracht,
479 3159 108 27 dessen
605 3157 103 28 Beifall
726 3156 72 28 oder
816 3154 112 29 Mißfall
946 3156 60 26 sich

134 3199 148 27 während
301 3200 98 27 seiner
418 3199 272 30 Kunstbetätigung
710 3198 40 27 oft
771 3199 27 25 in
821 3196 169 28 demonstra-

136 3241 76 28 tiver
237 3239 103 28 Weise
363 3239 120 32 geltend
505 3240 109 27 macht.
658 3238 53 28 Die
738 3238 109 27 daraus
871 3235 120 30 resultie-

136 3283 100 31 rende,
261 3287 218 24 ungemessene
503 3280 179 34 Steigerung
708 3279 51 27 der
787 3278 137 28 Eitelkeit
949 3276 59 29 und

134 3320 210 33 persönlichen
367 3320 257 31 Empfindlichkeit
650 3323 52 27 des
726 3318 264 33 Schauspielkünst-

136 3361 59 28 lers
225 3361 59 28 läßt
313 3360 222 31 infolgedessen
565 3362 81 27 seine
675 3360 96 31 Kunst
810 3360 69 27 sehr
918 3358 89 29 leicht

133 3402 136 28 fremden
287 3400 167 29 Einflüssen
473 3401 174 32 zugänglich
665 3401 134 28 werden.
836 3400 86 27 Nicht
944 3407 62 24 nur,

137 3443 55 28 daß
216 3443 51 28 der
289 3441 106 29 Beifall
415 3441 88 29 leicht
526 3442 54 27 das
598 3441 213 33 Wesentliche,
835 3440 54 28 das

135 3483 86 33 wird,
249 3484 54 27 das
328 3483 52 28 der
406 3482 209 32 Schauspieler
639 3483 46 26 für
711 3481 85 29 allein
823 3481 169 28 erreichens-

134 3528 78 25 wert
228 3525 68 31 hält,
313 3523 75 28 auch
406 3523 45 28 die
466 3522 111 29 Furcht
591 3531 36 18 zu
642 3522 148 28 mißfallen
806 3525 37 27 ist
859 3522 147 32 geeignet,

136 3565 49 28 auf
204 3566 134 30 Abwege
358 3573 35 19 zu
415 3565 140 29 drängen.
593 3563 111 31 Erliegt
726 3566 50 26 der
795 3561 211 34 Schauspieler

137 3608 70 27 aber
232 3607 102 27 diesen
357 3604 176 33 Einflüssen,
558 3611 33 20 so
616 3605 37 26 ist
679 3611 32 20 er
733 3603 45 28 für
806 3604 46 27 die

134 3649 157 32 verloren;
319 3647 76 27 denn
423 3645 52 28 der
503 3644 198 31 dirigierende
729 3643 120 32 Faktor,
877 3643 52 28 der
955 3644 34 27 be-

136 3687 204 29 herrschende
359 3687 88 28 Trieb
469 3687 28 26 in
517 3685 61 28 ihm
595 3684 79 28 wird
694 3685 78 26 dann
794 3684 52 27 das
866 3683 141 28 Haschen

136 3730 75 26 nach
232 3729 52 27 der
304 3728 95 28 Gunst
421 3730 52 26 der
493 3724 170 29 Zuschauer
684 3732 35 20 an
739 3723 92 29 Stelle
852 3725 52 27 des
924 3724 67 28 Stre-

136 3770 75 28 bens
239 3769 75 28 nach
345 3766 233 30 künstlerischer
606 3764 195 31 Vollendung.
855 3764 38 27 Er
924 3766 84 30 gerät

137 3810 91 28 damit
263 3812 30 25 in
332 3810 64 26 eine
433 3805 209 30 verderbliche
679 3803 218 32 Abhängigkeit
933 3811 73 20 vom

138 3850 189 28 Geschmack
356 3850 60 28 uind
444 3846 223 33 Bildungsgrad
696 3847 98 26 seines
823 3844 184 32 Publikums,

139 3892 52 28 das
217 3900 30 19 er
273 3892 112 27 anstatt
411 3898 35 20 zu
954 3886 54 26 Die

1081 235 251 28 Verächtlichkeit
1360 235 96 28 dieser
1484 234 83 31 Rolle
1597 235 70 28 aber
1694 235 76 27 wird
1797 243 71 20 vom
1895 233 38 28 Pu-

1081 275 109 28 blikum
1215 276 114 28 ebenso
1350 275 71 27 sehr
1444 275 192 33 empfunden,
1661 276 58 27 wie
1744 277 41 26 sie
1813 276 55 27 den
1892 274 40 31 Ko-

1081 316 172 27 mödianten
1278 315 142 29 innerlich
1447 315 152 31 demütigt.
1651 315 54 28 Die
1732 314 218 31 Komödianten

1081 356 99 31 galten
1196 356 87 33 lange
1300 355 63 29 Zeit
1379 355 81 28 nicht
1477 364 54 19 nur
1547 355 45 28 für
1827 357 42 26 sie
1886 364 43 19 wa-

1082 406 51 19 ren
1156 397 74 28 auch
1491 395 91 28 Diese
1604 395 270 29 mittelalterlichen
1896 395 37 28 Zu-

1082 438 106 27 stände
1209 439 65 27 sind
1293 438 89 28 heute
1404 437 113 28 überall
1538 437 38 27 da
1595 437 77 26 noch
1693 436 79 28 nicht
1795 437 137 27 überwun-

1083 478 57 27 den
1159 475 74 33 (und
1253 479 120 27 müssen
1393 479 78 31 ewig
1490 475 253 35 wiederkehren),
1762 485 49 19 wo
1832 484 32 21 es
1885 477 66 27 dem

1081 518 207 32 Schauspieler
1307 517 80 28 nicht
1403 517 119 31 gelingt,
1540 517 52 27 der
1612 517 173 28 drohenden
1804 515 127 29 Sklaven-

1082 559 91 34 kette,
1200 559 47 28 die
1272 559 61 29 ihm
1357 560 83 28 seine
1463 557 138 30 Eitelkeit
1626 559 174 32 schmiedet,
1826 567 36 19 zu
1890 560 48 25 ent-

1082 599 96 32 gehen
1195 600 60 28 und
1272 599 62 30 sich
1352 600 45 29 die
1414 599 130 27 Freiheit
1561 600 29 26 in
1606 600 97 28 seiner
1721 598 96 30 Kunst
1834 599 59 27 und
1907 597 45 28 für

1082 642 82 26 seine
1178 639 94 31 Kunst
1288 648 36 19 zu
1339 640 133 30 erhalten
1484 642 75 26 oder
1576 640 289 27 zurückzuerobern.
1893 639 60 28 Der

1083 680 208 32 Schauspieler
1316 680 64 28 darf
1402 680 105 33 nichts,
1531 688 53 23 gar
1607 680 96 27 nichts
1728 683 49 25 tun
1801 681 28 26 in
1856 679 79 31 Rück-

1083 721 77 28 sicht
1185 721 51 28 auf
1266 721 54 27 das
1347 720 170 32 Publikum;
1547 720 46 28 für
1622 722 85 26 einen
1737 719 217 33 Schauspieler,

1084 762 52 28 der
1158 763 62 27 sich
1242 761 43 27 als
1303 760 141 32 Künstler
1463 760 82 33 fühlt,
1567 762 135 28 existiert
1724 761 53 28 das
1797 760 157 28 Publikum

1084 802 88 28 nicht.
1211 802 62 30 Das
1293 802 157 27 Publikum
1469 802 136 32 nämlich,
1625 810 56 20 vor
1703 802 67 27 dem
1790 809 32 21 er
1843 802 111 30 gerade

1084 845 82 27 seine
1186 842 96 31 Kunst
1302 844 88 30 zeigt.
1429 842 60 28 Der
1509 841 114 33 Begriff
1856 841 98 28 behält

1084 884 147 28 natürlich
1253 884 76 27 auch
1349 883 45 28 für
1419 883 47 27 ihn
1490 883 130 28 dieselbe
1644 883 185 31 Bedeutung,
1855 882 45 28 die
1924 891 31 19 er

1084 924 45 29 für
1154 924 87 31 jeden
1269 924 138 31 Künstler
1432 923 63 28 hat:
1523 925 39 25 im
1588 924 171 28 Zuschauer
1788 923 59 27 will
1874 922 82 31 jeder

1084 964 140 31 Künstler
1254 966 102 27 seiinen
1385 964 258 31 Schaffensgenuß
1672 966 221 30 perpetuieren;
1926 964 28 25 in

1082 1004 61 28 ihm
1156 1005 60 27 will
1232 1014 31 20 er
1278 1006 45 26 ein
1340 1004 80 28 Echo
1434 1004 100 28 finden
1547 1004 47 29 für
1610 1006 81 28 seine
1707 1004 157 32 Ekstasen,
1882 1004 70 28 über

1085 1048 82 26 seine
1186 1045 219 29 Mitmenschen
1427 1046 89 28 treibt
1537 1054 32 19 es
1589 1047 58 34 ihn,
1667 1046 103 28 Macht
1789 1055 36 19 zu
1845 1047 94 30 gewin-

1085 1094 57 20 nen
1161 1087 59 27 und
1239 1086 104 28 Macht
1361 1095 37 19 zu
1415 1087 87 28 üben.
1538 1086 61 29 Das
1618 1089 41 26 ist
1679 1088 44 27 die
1744 1087 135 31 Aufgabe
1901 1088 42 26 sei-

1085 1134 53 21 ner
1160 1126 104 33 Kunst,
1289 1128 45 27 die
1359 1136 30 20 er
1413 1135 48 20 um
1485 1135 34 20 so
1541 1128 106 29 besser
1672 1128 122 29 erfüllen
1817 1128 88 31 kann,
1931 1129 26 28 je

1085 1168 83 27 mehr
1190 1175 31 20 er
1238 1168 137 28 wirklich
1589 1169 100 33 bleibt,
1712 1169 58 28 und
1792 1169 44 27 die
1858 1176 31 19 er
1910 1176 47 19 um

1086 1216 33 20 so
1148 1208 168 29 schlechter
1345 1208 122 29 erfüllen
1494 1209 86 33 wird,
1610 1210 27 29 je
1665 1209 83 28 mehr
1778 1216 30 20 er
1837 1209 43 28 sie
1910 1216 48 19 um

1086 1249 87 30 jeden
1198 1249 85 29 Preis
1311 1249 123 28 erfüllen
1460 1249 68 29 will.
1576 1250 84 27 Auch
1686 1252 28 25 in
1740 1251 112 27 seinem
1879 1249 79 28 Falle

1086 1290 90 29 wirkt
1207 1291 46 27 die
1283 1290 163 29 merkliche
1666 1290 48 27 auf
1744 1291 125 27 bessere
1900 1290 59 27 und

1087 1331 253 32 empfänglichere
1394 1331 172 29 Zuschauer
1622 1340 53 19 nur
1732 1330 226 29 verstimmend.

1084 1372 115 28 Darum
1215 1373 38 28 ist
1269 1372 53 28 das
1340 1374 89 30 erste,
1443 1380 66 22 was
1526 1373 52 27 der
1595 1371 208 33 Schauspieler
1819 1373 53 26 mit
1888 1371 71 28 aller

1085 1411 86 32 Kraft
1192 1412 181 32 bekämpfen
1396 1413 78 31 muß,
1498 1415 82 26 seine
1603 1413 186 32 persönliche
1813 1411 145 29 Eitelkeit.

1084 1453 52 29 Sie
1159 1455 40 27 ist
1228 1455 63 27 sein
1317 1453 200 30 schlimmster
1543 1453 102 35 Feind,
1672 1453 70 29 weil
1768 1454 42 27 sie
1838 1453 104 32 „kunst-

1234 1496 45 28 ist.
1322 1495 31 27 In
1375 1503 125 20 unserer
1521 1495 64 28 Zeit
1608 1496 52 26 des
1680 1493 260 29 Uebermenschen-

1088 1535 123 28 diinkels
1234 1536 61 27 und
1314 1534 255 30 Personenkultes
1590 1535 138 28 wuchert
1750 1535 53 27 das
1825 1535 136 27 Unkraut

1086 1576 137 32 Eitelkeit
1242 1578 28 26 in
1291 1576 209 29 entsetzlicher
1520 1576 114 28 Dichte.

1142 1641 80 29 Aber
1253 1642 75 28 auch
1359 1641 45 28 die
1434 1642 106 27 besten
1570 1640 310 33 Schauspielkünstler
1912 1648 33 19 un-

1088 1690 82 20 serer
1204 1682 63 28 Zeit
1303 1683 65 27 sind
1402 1684 71 26 weit
1509 1681 137 33 entfernt,
1682 1681 62 28 ihre
1779 1680 178 32 eigentliche

1087 1723 218 29 künstlerische
1324 1724 134 32 Aufgabe
1479 1723 200 29 unbeeinflußt
1700 1724 59 27 und
1777 1723 184 28 unverrückt

1088 1766 43 29 ins
1150 1764 84 32 Auge
1254 1773 37 20 zu
1308 1764 111 33 fassen,
1439 1764 127 28 nämlich
1588 1763 216 28 künstlerische
1824 1762 114 28 Lebens-

1088 1806 179 32 gestaltumg.
1311 1806 54 28 Die
1387 1806 292 31 Lebensgestaltung
1713 1804 152 32 erschöpft
1898 1804 61 28 sich

1087 1848 88 33 nicht,
1203 1848 61 27 wie
1295 1847 46 28 die
1370 1848 126 27 meisten
1526 1846 211 33 Schauspieler
1767 1846 76 27 auch
1871 1845 89 28 heute

1087 1890 77 26 noch
1193 1896 36 20 zu
1256 1888 128 31 glauben
1411 1888 151 31 scheinen,
1587 1890 28 25 in
1643 1888 52 27 der
1723 1893 238 26 angemessenen

1087 1929 203 32 Wiedergabe
1308 1930 51 27 der
1378 1926 113 33 Wortei
1510 1930 45 27 die
1573 1933 51 26 der
1641 1928 122 28 Dichter
1781 1927 51 27 der
1848 1926 112 31 gerade

1088 1970 261 30 darzustellenden
1364 1970 88 32 Figur
1469 1971 28 26 in
1516 1970 55 29 den
1587 1968 95 29 Mund
1697 1968 100 32 gelegt
1814 1967 58 29 hat.
1904 1966 58 28 Auf

1089 2011 56 28 den
1166 2013 128 26 meisten
1314 2012 60 27 und
1396 2010 125 33 größten
1543 2010 124 27 Bühnen
1691 2010 71 27 aber
1785 2009 79 28 steht
1886 2009 73 27 auch

1087 2051 89 29 heute
1199 2052 78 29 noch
1303 2052 53 27 das
1382 2051 176 32 auswendig
1583 2051 134 32 gelernte
1742 2050 87 27 Wort
1855 2051 28 26 in
1909 2050 51 27 der

1088 2092 193 32 Darstellung
1307 2095 28 26 in
1360 2092 161 32 peinlicher
1546 2092 103 27 Weise
1676 2099 36 20 an
1740 2091 51 28 der
1818 2089 129 32 auffällig-

1088 2137 66 26 sten
1168 2134 102 28 Stelle.
1302 2133 102 30 Selten
1420 2136 75 27 oder
1513 2135 48 27 nie
1576 2133 51 28 hat
1643 2141 69 21 man
1730 2133 55 27 den
1803 2130 157 32 Eindruck,

1089 2175 55 28 daß
1169 2176 45 27 die
1237 2175 175 33 Menschen,
1437 2174 46 28 die
1826 2182 57 19 vor
1906 2180 55 21 uns

1242 2215 100 28 fühlen
1366 2216 60 28 und
1451 2215 117 28 denken
1593 2215 60 28 und
1678 2222 52 20 aus
1757 2215 67 26 dem
1850 2222 93 24 augen-

1086 2257 176 27 blicklichen
1289 2255 133 29 Zustand
1448 2256 80 28 ihres
1564 2256 108 28 Innern
1700 2255 108 28 heraus
1848 2254 113 31 gerade

1088 2298 74 30 eben
1180 2300 61 26 erst
1258 2297 53 29 das
1326 2297 89 29 Wort
1430 2297 142 33 gebären,
1590 2299 54 27 das
1662 2304 54 20 aus
1733 2297 87 27 ihnen
1837 2295 107 28 hervor-

1086 2338 104 28 bricht.
1225 2339 107 28 Immer
1351 2338 52 28 hat
1421 2346 69 20 man
1511 2342 53 26 das
1582 2337 92 29 fatale
1693 2337 116 33 Gefühl,
1828 2337 58 28 daß
1909 2337 51 28 der

1087 2379 209 32 Schauspieler
1319 2380 94 28 schon
1434 2379 87 32 weiß,
1542 2387 67 20 was
1634 2387 30 19 er
1688 2380 28 26 in
1741 2379 51 27 der
1815 2378 145 28 nächsten

1087 2420 140 28 Sekunde
1248 2420 148 33 sprechen
1415 2420 85 28 wird.
1538 2418 84 30 Noch
1643 2420 182 27 schlimmer:
1851 2419 55 28 daß
1929 2427 31 20 er

1088 2469 31 20 es
1138 2462 80 28 nicht
1232 2469 57 21 nur
1305 2461 87 34 weiß,
1411 2460 63 29 also
1493 2461 136 31 überlegt
1644 2461 61 32 hat,
1724 2460 130 29 sondern
1873 2468 69 24 „aus-

1245 2503 87 34 weiß,
1354 2503 63 27 also
1439 2511 32 20 es
1663 2502 61 27 hat.
1765 2501 62 29 Das
1849 2502 39 27 ist
1907 2508 35 20 na-

1086 2543 106 29 türlich
1218 2544 52 28 der
1292 2543 67 28 Tod
1383 2543 83 32 jeder
1493 2543 278 32 Glaubwürdigkeit
1797 2542 59 28 und
1881 2541 60 28 Wir-

1086 2584 80 32 kung
1185 2584 176 33 lebendigen
1383 2584 96 29 Seins.
1516 2584 73 28 Man
1608 2592 96 20 nenne
1723 2584 55 27 mir
1801 2584 71 27 aber
1895 2584 64 26 eine

1087 2624 143 29 deutsche
1256 2625 112 33 Bühne,
1396 2627 27 26 in
1452 2627 51 27 der
1531 2625 98 28 dieser
1655 2627 38 25 im
1721 2624 239 29 künstlerischen

1086 2665 89 28 Sinne
1192 2667 157 30 eigentlich
1364 2674 77 24 ganz
1456 2666 195 29 undenkbare
1667 2665 184 29 Uebelstand
1867 2665 94 29 schon

1087 2707 159 31 abgestellt
1274 2709 93 26 wäre.
1426 2707 132 33 Solange
1588 2715 68 20 man
1688 2708 45 27 die
1764 2705 179 29 Gedächtnis-

1086 2748 96 27 arbeit
1201 2748 65 28 dem
1288 2748 208 33 Schauspieler
1516 2749 74 28 auch
1610 2758 54 19 nur
1684 2751 39 26 im
1742 2749 217 28 entferntesten

1087 2789 145 34 anmerkt,
1262 2789 78 30 kann
1370 2798 60 20 von
1469 2791 81 28 einer
1578 2789 269 33 Schauspielkunst
1883 2788 76 29 noch

1085 2829 79 29 nicht
1180 2832 40 26 im
1236 2831 173 31 geringsten
1427 2831 47 28 die
1490 2831 83 31 Rede
1590 2832 72 27 sein.
1693 2831 91 28 Diese
1802 2831 79 28 kann
1898 2834 62 26 erst

1086 2871 162 33 einsetzen,
1269 2879 90 21 wenn
1382 2871 68 29 dem
1471 2872 115 32 Spieler
1608 2871 80 29 nicht
1710 2880 53 20 nur
1787 2872 53 28 das
1864 2872 94 30 Wort,

1084 2911 131 29 sondern
1233 2912 76 28 auch
1328 2912 46 28 die
1392 2921 96 23 ganze
1650 2913 50 28 der
1720 2914 112 31 gerade
1850 2914 90 28 darzu-

1086 2951 166 29 stellenden
1279 2953 230 32 Individualität,
1536 2954 44 28 ihr
1607 2954 126 33 Wollen,
1761 2954 111 28 Fühlen
1900 2956 58 26 und

1085 2992 125 29 Denken
1235 2995 27 27 in
1288 2993 134 34 „Fleisch
1447 2995 60 27 und
1653 2996 231 31 übergegangen
1912 2998 44 25 ist.

1084 3033 58 29 Für
1160 3036 56 26 den
1232 3034 171 30 Zuschauer
1422 3035 59 29 und
1501 3036 46 28 die
1563 3035 268 33 Schauspielkunst
1847 3039 39 26 ist
1904 3036 53 28 das

1082 3074 56 28 das
1162 3075 244 34 Wesentlichste,
1428 3084 68 21 was
1522 3078 46 26 die
1594 3076 259 29 darzustellenden
1879 3076 60 29 Cha-

1085 3115 121 29 raktere
1233 3125 56 19 vor
1317 3125 129 20 unseren
1473 3118 105 31 Augen
1608 3117 42 28 als
1679 3117 43 28 ihr
1750 3117 208 29 individuelles

1082 3156 100 29 Leben
1415 3160 59 29 tun,
1495 3158 114 31 zeigen,
1632 3158 121 28 merken
1773 3157 108 28 lassen.

1676 3203 10 13 H

1141 3230 70 28 Eine
1665 3233 28 26 in
1723 3233 104 31 streng
1855 3231 85 28 künst-

1084 3271 157 28 lerischem
1260 3272 92 27 Sinne
1373 3273 76 26 wird
1469 3275 62 25 erst
1552 3272 125 32 möglich
1700 3273 71 31 sein,
1792 3280 90 19 wenn
1905 3272 51 27 der

1084 3311 165 29 Darsteller
1274 3312 71 28 alles
1371 3312 138 28 Gewicht
1534 3314 98 28 seines
1657 3312 142 31 Könnens
1825 3313 50 27 auf
1901 3313 55 28 den

1298 3353 69 33 legt.
1405 3353 41 27 Im
1679 3354 78 27 wird
1781 3354 52 27 das
1855 3356 101 26 innere

1082 3394 102 28 Leben
1202 3394 147 28 sichtbar:
1369 3402 32 20 es
1420 3394 114 31 kommt
1552 3402 51 20 zur
1891 3394 65 28 Daß

1086 3435 46 29 die
1157 3437 128 27 meisten
1320 3434 210 33 Schauspieler
1557 3435 75 28 auch
1665 3436 85 27 diese
1785 3434 154 29 Selbstver-

1084 3476 210 28 ständlichkeit
1310 3484 37 20 zu
1364 3483 167 24 vergessen
1550 3476 152 33 scheinen,
1719 3478 78 29 zeigt
1817 3478 45 26 die
1879 3475 57 29 Aus-

1085 3516 300 30 drucksärmlichkeit
1401 3520 59 27 und
1477 3517 177 28 -schwäche
1674 3517 49 27 auf
1740 3524 129 21 unseren
1885 3516 54 28 heu-

1083 3560 81 30 tigen
1187 3557 134 29 Bühnen.
1368 3557 54 29 Die
1446 3559 126 27 meisten
1596 3566 125 20 unserer
1746 3556 210 33 Schauspieler

1084 3600 140 28 kommen
1254 3599 54 29 mit
1337 3600 97 26 einem
1463 3598 140 28 Dutzend
1631 3598 325 29 Gebärdenvarianten

1084 3641 58 28 und
1162 3640 314 32 Betonungsnuancen
1497 3647 62 24 aus,
1582 3638 61 28 und
1662 3638 83 31 Kraft
1766 3639 61 27 und
1844 3638 93 28 Enthu-

1083 3683 129 26 siasmus
1228 3683 105 29 zeigen
1350 3681 42 28 sie
1408 3688 55 20 nur
1479 3681 39 26 im
1535 3680 258 28 Stimmaufwand.
1823 3678 49 31 Sie
1891 3680 63 28 sind

1083 3722 43 29 als
1143 3721 139 32 Künstler
1299 3721 80 28 nicht
1397 3720 282 31 ausdrucksfähiger
1698 3720 60 28 und
1775 3719 162 29 ausdrucks-

1083 3763 95 28 voller
1199 3765 60 27 wie
1280 3763 43 28 als
1343 3761 279 29 Privatmenschen.
1665 3760 55 29 Die
1741 3760 91 32 Folge
1856 3761 99 27 davon

1082 3805 47 33 ist,
1155 3803 55 28 daß
1234 3803 62 29 ihre
1320 3803 167 33 spärlichen
1510 3801 100 28 Mittel
1633 3802 112 31 gerade
1770 3800 184 33 ausreichen,

1206 3844 88 32 Figur
1315 3852 38 19 zu
1372 3843 121 33 spielen.
1531 3842 91 29 Diese
1764 3842 89 31 Figur
1875 3837 80 34 (man

1084 3888 90 25 nennt
1194 3886 53 29 das
1621 3882 95 28 falsch
1735 3882 59 28 und
1814 3882 124 27 unkünst-

2026 233 107 29 lerisch
2164 232 126 34 genug!)
2319 235 110 31 spielen
2460 237 42 27 sie
2533 236 77 27 dann
2639 238 27 26 in
2696 237 194 28 unendliche*

2027 274 272 31 Wiederholungen
2322 276 27 26 in
2370 275 98 31 jedem
2489 275 133 30 Kostüm.
2664 276 54 28 Die
2739 278 152 27 verschieb

2029 315 94 27 denen
2144 314 105 31 Rollen
2269 315 147 29 bedeuten
2438 317 86 26 ihnen
2544 317 81 29 nicht
2643 317 92 33 mehr,
2756 318 43 27 als
2822 327 51 24 „an-

2133 355 106 28 Worte
2258 356 58 27 und
2335 357 64 28 eine
2584 359 136 29 geartete
2736 357 156 33 Mischung

2028 397 58 26 und
2110 395 191 32 Reihenfolge
2324 396 77 29 ihrer
2425 397 166 31 spärlichen
2615 397 278 29 Ausdrucksmittel.

2029 435 90 28 Diese
2500 434 80 33 (man
2620 440 91 26 nennt
2743 440 43 25 sie
2817 439 76 27 auch

2576 477 84 28 diese
2697 478 179 28 Erbärmlich-

2029 517 99 27 keiten
2147 517 59 27 und
2223 516 284 33 Talentlosigkeiten
2523 518 202 28 beherrschen
2742 519 89 28 heute
2850 520 44 28 die

2030 557 143 28 deutsche
2192 556 113 29 Bühne.
2344 557 148 33 Künstler,
2515 557 46 28 die
2584 558 71 27 über
2677 560 64 26 eine
2762 560 130 29 gewisse

2029 597 209 31 Vielfältigkeit
2258 599 51 27 der
2330 599 190 27 technischen
2540 599 96 27 Mittel
2653 599 154 34 verfügen,
2826 601 52 26 wir-

2031 638 57 27 ken
2109 639 89 26 heute
2218 639 58 27 wie
2296 639 201 31 gottähnliche
2517 639 119 28 Genies.
2674 639 66 28 Und
2763 640 75 28 doch
2859 642 37 26 ist

2032 679 45 28 die
2096 679 209 31 Vielfältigkeit
2325 681 60 26 und
2406 683 51 27 der
2475 679 156 31 Reichtum
2651 687 36 20 an
2707 680 189 28 technischen

2029 719 117 28 Mitteln
2171 721 96 26 etwas
2293 719 90 28 durch
2406 719 79 29 Fleiß
2509 719 221 34 Erreichbares,
2754 721 65 29 falls
2846 721 51 27 der

2031 759 209 31 Schauspieler
2270 762 96 26 etwas
2395 760 151 28 Verstand
2575 761 58 27 und
2662 761 155 27 Ausdauer
2847 762 34 27 be-

2032 801 77 26 sitzt.
2138 800 62 28 Das
2218 800 50 28 hat
2285 800 147 28 durchaus
2448 801 77 27 noch
2540 801 94 29 nichts
2651 804 51 25 mit
2720 802 50 27 der
2787 804 95 29 eigent-

2031 840 97 28 lichen
2161 841 305 31 schauspielerischen
2500 841 165 32 Begabung
2687 851 38 19 zu
2758 844 61 30 tun,
2853 842 45 28 die

2031 882 81 26 nicht
2129 884 27 26 in
2175 883 50 28 der
2716 883 53 27 des
2787 882 94 28 Schau-

2033 922 132 33 spielers,
2196 922 129 28 sondern
2356 924 27 26 in
2413 924 96 27 seiner
2540 922 359 33 „Ausdrucksfähigkeit'",

2032 963 28 26 in
2081 964 98 26 seiner
2341 962 127 28 besteht.
2513 963 54 27 Die
2591 964 188 30 angeborene
2801 963 83 28 leben-

2034 1002 174 28 schaffende
2379 1005 37 26 ist
2445 1003 52 27 das
2525 1003 302 32 Ausschlaggebende
2854 1005 46 27 bei

2034 1043 183 32 Bewertung
2239 1044 301 33 schauspielerischer
2562 1043 173 34 Begabung,
2760 1044 44 28 die
2827 1045 74 27 eben

2036 1084 42 28 als
2104 1084 99 28 solche
2227 1085 62 27 ihre
2314 1085 138 27 Grenzen
2478 1085 58 27 hat.
2582 1084 78 28 Alles
2687 1086 110 27 andere
2824 1086 78 27 kann

2035 1124 83 28 mehr
2138 1125 74 29 oder
2234 1127 133 30 weniger
2389 1126 158 28 erworben
2570 1126 134 27 werden.
2747 1125 140 28 Einsichti-

2034 1173 56 24 gen
2109 1167 36 27 ist
2165 1174 31 18 es
2215 1166 96 31 längst
2330 1166 66 28 kein
2417 1166 169 28 Geheimnis
2605 1166 94 31 mehr,
2720 1166 55 27 daß
2796 1173 107 21 unsere

2034 1206 216 28 Bühnenkunst
2271 1206 59 28 fast
2353 1206 223 29 ausschließlich
2599 1208 52 26 mit
2672 1206 159 31 Künstlern
2855 1208 32 26 be-

2036 1248 116 27 stritten
2174 1247 87 32 wird,
2286 1247 45 27 die
2356 1249 64 26 eine
2444 1256 36 19 zu
2503 1248 121 31 geringe
2648 1248 182 31 Ausbildung
2852 1248 34 27 be-

2036 1289 94 26 sitzen
2154 1288 59 27 und
2238 1296 34 19 zu
2295 1289 98 30 wenig
2416 1288 114 31 gelernt
2552 1288 105 28 haben.
2700 1288 99 28 Ueber
2823 1289 80 28 diese

2037 1328 223 31 Grundmängel
2279 1328 78 27 kann
2377 1329 74 28 auch
2471 1329 46 27 die
2536 1329 104 31 größte
2660 1328 126 31 Routine
2805 1330 99 31 später

2036 1369 80 30 nicht
2133 1369 83 28 mehr
2232 1369 218 32 hinweghelfen
2469 1369 58 27 und
2544 1369 274 32 hinwegtäuschen.
2851 1368 53 29 Die

2037 1418 77 23 ganz
2133 1409 193 29 unrationelle
2347 1411 60 27 und
2425 1409 263 33 unpädagogische
2708 1411 53 26 Art
2782 1417 123 20 unserer

2036 1450 374 32 Schauspielererziehung
2425 1452 79 30 trägt
2523 1452 44 27 die
2584 1449 204 33 Hauptschuld
2805 1450 99 27 daran.

2037 1491 70 28 Eine
2135 1490 122 32 Reform
2286 1491 52 27 der
2366 1490 266 32 Schauspielkunst
2658 1491 77 28 wird
2764 1489 64 30 also
2855 1492 51 25 mit

2036 1533 80 27 einer
2131 1532 122 31 Reform
2269 1533 51 27 der
2335 1531 372 33 Schauspielererziehung
2720 1531 59 28 und
2793 1531 93 28 Schau-

2037 1573 288 30 spielerausbildung
2345 1573 147 30 anfangen
2512 1575 129 26 müssen.

2037 1783 103 31 Szene
2164 1783 61 29 und
2251 1783 253 30 Szenenwechsel

2092 1854 62 31 Das
2179 1856 119 32 heutige
2322 1855 187 29 Bühnenbild
2541 1856 121 30 besteht
2686 1856 46 29 für
2768 1858 57 28 den
2852 1857 37 28 Zu-

2038 1896 127 29 schauer
2184 1898 28 26 in
2234 1898 96 26 einem
2350 1897 92 28 durch
2463 1899 86 27 einen
2569 1897 98 29 Wand
2671 1898 165 29 ausschnitt
2858 1898 33 27 be-

2036 1940 144 29 grenzten
2198 1938 104 32 Raum,
2323 1939 108 27 dessen
2449 1940 98 26 starre
2565 1938 223 33 Einförmigkeit
2805 1941 29 26 in
2855 1939 51 28 der

2036 1977 199 33 Begrenzung
2264 1987 68 19 man
2359 1978 87 28 heute
2476 1979 133 28 dadurch
2634 1989 37 19 zu
2699 1980 130 28 brechen
2855 1988 34 23 ge-

2038 2018 85 29 sucht
2138 2020 61 31 hat,
2218 2019 55 29 daß
2291 2027 68 20 man
2378 2020 56 28 den
2449 2020 114 28 oberen
2580 2020 148 28 Abschluß
2748 2018 158 33 (teilweise

2039 2060 73 27 auch
2144 2060 45 27 die
2220 2056 153 32 seitlichen
2403 2060 183 28 Abschlüsse
2617 2061 50 27 der
2697 2061 190 27 Proszenium-

2038 2097 121 34 wände)
2200 2102 27 26 in
2268 2102 95 27 einem
2405 2102 149 31 gewissen
2598 2102 101 27 Grade
2740 2102 167 31 beweglich

2038 2142 127 27 machte.
2194 2142 141 28 Dadurch
2351 2142 78 28 wird
2445 2149 31 21 es
2493 2142 136 33 möglich,
2647 2142 53 28 das
2717 2142 122 28 Format
2855 2142 52 28 der

2038 2181 248 32 Bühnenöffnung
2316 2185 97 26 etwas
2441 2191 36 20 zu
2506 2184 159 31 variieren,
2695 2191 31 20 es
2758 2183 149 31 niedriger

2036 2224 75 26 oder
2134 2224 93 27 höher
2248 2232 37 19 zu
2309 2224 134 27 machen.
2484 2224 144 27 Wirklich
2650 2224 110 28 schöne
2781 2224 125 31 Effekts,

2036 2265 59 26 wie
2114 2265 43 26 sie
2177 2264 54 27 das
2248 2263 78 28 hohe
2344 2264 120 28 Format
2486 2264 51 27 des
2558 2264 220 28 Bühnenbildes
2800 2264 104 31 ergibt,

2038 2304 66 27 sind
2124 2304 72 28 aber
2214 2304 90 29 heute
2325 2312 54 20 aus
2401 2305 66 27 dem
2486 2305 123 28 Grunde
2628 2306 79 29 nicht
2727 2307 179 27 erreichbar,

2036 2344 69 27 weil
2126 2346 63 26 eine
2210 2354 35 18 zu
2267 2344 76 29 hohe
2363 2344 249 34 Bühnenöffnung
2636 2346 56 28 den
2713 2346 189 29 Zuschauern

2036 2391 61 20 von
2121 2386 56 26 den
2199 2387 101 28 ersten
2322 2385 44 30 bis
2388 2387 27 27 in
2439 2386 46 27 die
2508 2387 148 28 mittleren
2678 2387 228 30 Parkettreihen

2036 2424 97 28 hinein
2156 2426 235 28 unvermeidlich
2415 2427 56 28 den
2492 2427 132 29 Einblick
2645 2429 29 28 in
2695 2429 58 28 den
2775 2429 113 29 Schnür-

2037 2465 100 28 boden
2153 2465 153 33 freigeben
2326 2468 114 27 würde.

2091 2530 42 29 Ist
2161 2531 47 27 die
2236 2533 96 30 ewige
2371 2532 272 33 Gleichförmigkeit
2683 2534 51 28 der
2768 2535 119 28 Bühnen-

2036 2570 124 33 öffnung
2174 2572 93 28 schon
2283 2575 97 25 etwas
2398 2573 68 29 sehr
2481 2573 139 33 Lästiges
2635 2577 59 27 und
2708 2575 198 30 künstlerisch

2036 2611 236 34 Behinderndes,
2298 2621 34 21 so
2359 2615 38 27 ist
2423 2615 48 27 bei
2497 2622 123 21 unserer
2646 2617 127 31 jetzigen
2802 2615 104 30 Bühne

2038 2653 78 28 doch
2135 2653 46 28 die
2203 2655 123 31 geringe
2347 2654 162 29 räumliche
2528 2655 201 35 Wandlungs-
2750 2659 59 27 und
2830 2657 57 28 Aus-

2036 2695 291 31 nutzungsfähigkeit
2347 2695 53 30 das
2419 2695 198 29 Schlimmste.
2652 2696 161 29 Szenische
2832 2697 55 29 Ver-

2037 2735 202 34 änderungen,
2268 2736 175 32 vorzüglich
2472 2745 88 20 wenn
2600 2739 42 26 sie
2683 2738 111 28 schnell
2833 2747 55 19 von-

2037 2777 112 26 statten
2175 2775 95 32 gehen
2298 2777 101 33 sollen,
2436 2777 155 29 erfordern
2629 2779 44 27 die
2709 2779 179 33 Inanspruch-

2035 2816 109 28 nahme
2163 2819 80 26 eines
2262 2825 35 20 so
2316 2817 183 30 raffinierten
2518 2819 61 27 und
2595 2820 179 31 gewaltigen
2794 2820 96 28 techni-

2036 2857 92 28 schen
2144 2859 178 33 Apparates,
2339 2859 56 27 daß
2412 2867 69 20 man
2498 2859 56 28 den
2572 2859 172 33 Gedanken,
2761 2862 29 26 in
2808 2861 97 28 dieser

2036 2897 147 33 Richtung
2207 2898 196 30 Fortschritte
2429 2909 37 19 zu
2492 2900 134 33 machen,
2652 2900 126 29 beinahe
2804 2901 84 32 aufge-

2036 2940 96 30 geben
2154 2939 63 29 hat.
2262 2939 71 29 Man
2358 2940 108 34 glaubt,
2493 2949 36 19 zu
2554 2941 204 32 primitiveren
2781 2941 107 29 Zustän-

2037 2980 55 28 den
2119 2980 226 32 zurückgreifen
2372 2990 36 19 zu
2436 2984 131 29 müssen,
2594 2990 49 19 um
2671 2982 97 29 dieses
2794 2981 110 29 Uebels

2034 3020 77 28 Herr
2134 3029 36 19 zu
2195 3021 133 28 werden.
2375 3021 71 28 Eine
2471 3020 131 33 Zeitlang
2628 3022 102 28 schien
2755 3031 32 19 es
2813 3031 90 24 zwar,

2035 3061 43 28 als
2097 3062 37 28 ob
2156 3062 46 28 die
2456 3062 74 28 allen
2549 3062 206 33 berechtigten
2773 3063 113 32 Ansprü-

2035 3102 75 28 chen
2127 3105 137 29 genügen
2279 3103 122 32 könnte,
2420 3104 45 27 die
2484 3103 189 33 Drehbühne,
2690 3104 47 28 die
2756 3104 45 29 die
2817 3102 66 33 Mög-

2034 3143 118 29 lichkeit
2175 3144 69 33 gibt,
2269 3146 26 27 in
2319 3143 188 32 unglaublich
2528 3144 108 28 kurzer
2659 3143 65 30 Zeit
2746 3145 59 28 und
2826 3144 77 28 ohne

2034 3184 67 30 jede
2116 3184 169 28 besondere
2300 3184 91 28 Mühe
2408 3184 75 28 auch
2500 3185 46 27 die
2565 3185 226 31 schwierigsten
2808 3185 79 27 szeni-

2034 3224 91 28 schen
2147 3224 141 29 Wechsel
2311 3224 256 29 herbeizuführen.
2612 3225 38 28 Es
2671 3226 51 27 hat
2746 3224 60 29 sich
2831 3226 72 26 aber

2035 3267 156 31 erwiesen,
2221 3265 55 27 daß
2306 3266 112 31 gerade
2449 3266 46 28 die
2524 3265 178 28 Drehbühne
2742 3266 63 27 eine
2844 3265 59 27 viel

2034 3306 127 31 größere
2185 3306 225 32 Einförmigkeit
2433 3306 172 28 hervorruft
2640 3304 91 32 (trotz
2768 3306 52 28 der
2846 3306 38 27 Ab-

2033 3347 203 32 wechselung,
2257 3347 47 28 die
2323 3348 43 27 sie
2387 3356 37 19 zu
2442 3347 98 28 bieten
2561 3342 136 37 scheint),
2720 3346 43 28 als
2782 3346 49 28 die
2852 3354 34 24 ge-

2032 3387 168 29 wöhnliche
2220 3387 113 28 Bühne.
2366 3388 54 27 Ein
2439 3386 253 30 Szenenwechsel
2712 3386 48 28 auf
2780 3387 51 29 der
2852 3394 34 24 ge-

2032 3428 188 29 wöhnlichen
2241 3427 104 30 Bühne
2368 3429 148 27 erfordert
2535 3436 82 19 zwar
2638 3426 264 31 verhältnismäßig

2032 3470 58 27 viel
2120 3469 71 33 Zeit,
2222 3469 299 32 Geistesgegenwart
2550 3468 58 27 und
2639 3466 262 29 Arbeitsaufwand

2034 3509 82 33 (weil
2152 3518 30 22 er
2218 3510 145 29 während
2402 3510 50 27 der
2488 3507 324 34 Vorstellungspausen
2850 3509 52 26 mit

2034 3551 122 32 größter
2184 3550 260 32 Beschleunigung
2477 3550 175 27 vonstatten
2683 3549 96 32 gehen
2809 3547 91 32 muß),

2034 3601 33 20 er
2092 3594 39 27 ist
2157 3593 72 28 aber
2254 3591 185 33 wenigstens
2466 3590 184 32 unbegrenzt
2686 3591 28 26 in
2749 3589 51 28 der
2826 3588 55 27 Aus-

2033 3635 132 30 nutzung
2196 3633 50 29 des
2276 3633 139 30 Raumes.
2472 3630 70 29 Man
2573 3631 79 27 kann
2683 3631 45 27 die
2758 3629 141 28 Szenerie

2034 3674 120 35 gerade,
2185 3673 101 33 schief,
2317 3672 82 31 rund,
2430 3671 60 33 tief,
2519 3673 79 26 breit
2631 3671 155 30 aufbauen,
2817 3669 82 30 kurz,

2032 3723 77 24 ganz
2126 3723 43 25 so,
2186 3716 59 26 wie
2264 3721 32 21 es
2314 3712 77 33 paßt.
2425 3712 89 29 Diese
2533 3711 193 33 Möglichkeit
2743 3711 91 26 bietet
2853 3709 44 28 die

2031 3755 180 29 Drehbühne
2227 3754 89 32 nicht,
2333 3755 41 26 im
2390 3753 164 32 Gegenteil,
2573 3754 42 28 sie
2633 3751 167 29 vernichtet
2817 3749 81 28 diese

2030 3795 202 33 Möglichkeit.
2258 3795 54 27 Die
2330 3793 157 34 Ersparnis
2506 3801 37 20 an
2561 3793 71 33 Zeit,
2650 3790 248 31 Arbeitsleistung

2032 3837 59 29 und
2112 3835 284 34 Aufmerksamkeit,
2422 3835 45 27 die
2494 3837 53 27 das
2570 3833 155 28 Aufbauen
2751 3832 50 27 der
2826 3831 54 28 Sze-

2029 3879 82 27 nerie
2136 3877 48 29 auf
2208 3877 52 28 der
2283 3875 181 29 Drehbühne
2487 3873 180 29 herbeiführt
2691 3869 65 34 (der
2781 3871 116 28 Aufbau
