2327 3842
955 230 422 30 CORRESPONDANCE

166 240 72 27 122

160 335 186 51 doigts;
388 333 263 53 production
686 328 215 55 probable
923 341 176 28 comme
1135 327 219 40 exercices
1371 324 54 41 de
1446 321 255 51 tortillages
1737 317 341 51 chromatiques
2116 322 70 48 qui

159 412 177 33 tueront
357 404 38 39 le
433 415 101 28 sens
558 401 53 40 de
654 400 38 40 la
719 398 184 42 tonalité
922 409 9 38 ;
959 397 257 41 alternance
1254 409 91 27 non
1369 390 193 57 justifiée
1605 390 79 41 des
1722 387 241 46 couleurs;
2079 399 107 30 nous

161 487 55 27 ne
247 485 190 40 croyons
460 484 81 39 pas
566 482 85 40 que
682 468 40 40 le
745 468 164 40 clavier
930 468 276 51 symétrique
1230 464 165 41 facilite
1413 463 40 40 le
1470 460 159 43 travail
1651 472 114 40 pour
1786 457 64 40 les
1874 454 259 42 débutants.

218 541 57 40 Le
294 540 158 41 clavier
468 538 254 54 symétrique
740 551 50 25 ne
830 536 199 40 convient
1049 544 79 46 pas
1175 549 86 25 aux
1281 539 224 36 virtuoses.
1639 527 65 42 Le
1728 527 168 41 clavier
1919 527 268 51 symétrique

161 609 199 42 sera-t-il
386 609 40 40 le
446 609 169 40 clavier
637 607 78 40 des
736 608 240 48 virtuoses,
1005 605 39 40 le
1061 605 165 40 clavier
1248 604 54 40 de
1326 601 186 42 l'avenir
1535 604 16 36 ?
1590 597 131 43 Nous
1744 609 56 28 ne
1822 595 38 41 le
1895 607 200 41 pensons
2113 609 74 39 pas

159 680 276 49 davantage.
479 675 363 52 L'allongement
884 675 59 40 du
987 675 165 40 clavier
1187 687 55 27 ne
1281 678 274 47 permettant
1598 668 101 53 plus
1749 669 149 37 même
1934 664 25 40 d
1982 666 202 49 octavier,

162 756 224 33 comment
409 751 204 36 exécuter
635 746 58 39 du
712 744 50 41 C.
781 744 190 42 Franck,
997 744 59 40 du
1073 742 139 51 Liszt,
1230 743 58 40 du
1304 740 171 43 Weber
1489 743 16 36 ?
1530 737 64 41 La
1618 736 275 41 diminution
1914 734 78 40 des
2011 735 177 42 touches

161 831 96 26 sera
281 816 259 41 elle-même
565 830 60 25 un
649 814 199 40 obstacle
872 818 22 35 à
919 814 214 51 l'attaque
1158 812 58 40 du
1239 825 97 27 son.
1365 809 246 42 Comment
1635 807 63 40 les
1725 804 154 50 doigts
1900 805 289 51 pourront-ils

160 885 149 41 vibrer
330 894 41 30 et
392 898 47 26 se
462 884 227 52 prélasser
709 897 76 27 sur
802 883 78 40 des
901 882 145 52 objets
1070 883 120 39 aussi
1215 882 133 52 petits
1369 892 107 27 sans
1500 877 136 41 frôler
1656 875 65 41 les
1746 874 184 41 touches
1952 874 196 40 voisines
2173 879 14 37 }

216 953 313 41 Evidemment
564 953 63 39 les
665 952 184 40 touches
892 953 149 39 noires
1089 950 214 42 actuelles
1340 957 102 32 sont
1485 943 288 57 quelquefois
1814 943 105 41 bien
1956 946 229 47 gênantes.

161 1023 117 40 Mais
302 1022 108 40 elles
428 1031 181 31 servent
633 1025 21 36 à
680 1021 104 40 bien
807 1021 78 40 des
908 1021 176 50 choses,
1107 1019 150 53 quand
1284 1032 47 27 ce
1352 1032 55 26 ne
1431 1018 135 40 serait
1585 1028 87 40 que
1695 1014 55 40 de
1780 1015 150 51 points
1962 1012 55 40 de
2043 1018 146 47 repère

163 1091 102 42 bien
288 1089 123 42 fixes.
436 1089 72 42 On
532 1104 21 26 a
581 1091 202 51 toujours
806 1089 159 42 besoin
986 1089 113 41 dans
1120 1089 63 41 les
1206 1100 221 41 passages
1462 1084 203 42 difficiles
1700 1084 56 40 de
1791 1084 109 52 jeter
1942 1097 61 26 un
2044 1084 145 51 rapide

162 1173 113 39 coup
299 1159 118 41 d'oeil
451 1173 76 27 sur
550 1159 38 40 le
625 1159 176 40 clavier.
834 1158 87 42 Ces
955 1164 178 48 repères
1171 1166 102 33 sont
1294 1154 295 55 impossibles
1614 1167 106 28 avec
1760 1153 40 40 le
1839 1152 167 41 clavier
2047 1151 139 51 zébré,

161 1233 256 49 présentant
438 1231 144 39 tantôt
604 1242 61 26 un
689 1228 54 40 do
768 1227 119 50 bleu,
908 1230 143 39 tantôt
1074 1243 61 26 un
1155 1228 56 39 do
1232 1226 147 41 blanc.

218 1298 252 40 Discussion
489 1299 56 39 du
565 1297 196 54 principe
780 1298 50 39 de
853 1296 309 56 transposition
1172 1327 8 9 .
1300 1294 284 42 Examinons
1620 1294 41 40 la
1705 1293 270 52 conception
2013 1291 26 41 d
2060 1294 129 39 écrire

164 1376 122 31 toute
305 1367 40 40 la
369 1368 207 51 musique
609 1380 53 27 en
687 1367 54 39 do
766 1376 40 31 et
827 1380 80 27 son
945 1365 150 42 relatif
1122 1367 195 39 mineur.
1358 1363 126 43 Nous
1509 1377 142 27 avons
1674 1361 182 42 effleuré
1893 1374 49 28 ce
1984 1361 130 53 sujet,
2153 1371 37 32 et

164 1449 113 27 nous
301 1449 140 27 avons
469 1436 63 40 dit
555 1449 85 39 que
665 1436 62 40 les
750 1437 235 51 partitions
1007 1435 338 40 deviendraient
1370 1449 60 26 un
1452 1446 219 27 non-sens
1695 1432 320 52 harmonique.
2049 1430 111 42 Déve-

164 1504 155 53 lopper
341 1518 47 27 ce
407 1505 112 52 sujet
544 1517 112 28 nous
674 1506 290 39 entraînerait
984 1513 98 44 trop
1106 1504 104 40 loin.
1233 1503 167 41 Disons
1421 1512 96 31 tout
1556 1502 54 40 de
1634 1503 116 39 suite
1775 1514 87 40 que
1901 1508 114 33 cette
2037 1514 127 39 propo-

164 1575 134 39 sition
323 1587 113 27 nous
460 1578 142 47 paraît
633 1574 328 40 antimusicale.
999 1571 49 43 Si
1073 1573 39 40 le
1134 1573 167 40 clavier
1319 1573 148 40 devait
1484 1571 218 54 posséder
1725 1580 101 32 tous
1859 1570 64 41 les
1950 1579 239 42 avantages

165 1646 138 43 rêvés,
327 1651 110 31 cette
457 1642 122 40 seule
592 1642 228 40 condition
838 1642 38 40 le
893 1641 128 41 ferait
1046 1642 170 53 rejeter.
1238 1641 32 41 Il
1295 1651 65 31 est
1377 1642 94 39 vrai
1496 1654 87 39 que
1598 1649 112 33 cette
1733 1640 233 41 condition
1987 1648 104 45 peut
2106 1643 83 37 être

164 1710 330 52 indépendante
515 1710 104 41 delà
644 1710 168 41 facture
835 1711 58 41 du
917 1711 178 45 clavier,
1121 1720 41 31 et
1187 1709 135 54 qu'on
1348 1712 202 51 pourrait
1656 1714 157 47 grâces
1836 1710 146 40 soient
2006 1709 183 41 rendues

167 1793 52 26 au
244 1779 101 40 ciel!
364 1779 142 40 —lire
530 1780 112 40 dans
663 1780 95 40 leur
781 1781 208 49 intégrité
1013 1780 186 40 l'œuvre
1222 1780 79 40 des
1322 1784 199 42 maîtres,
1541 1780 136 52 qu'on
1709 1781 206 51 pourrait
1940 1793 47 27 se
2007 1783 182 49 repaître

162 1848 78 39 des
263 1848 204 41 couleurs
494 1853 235 48 apportées
755 1863 79 38 par
856 1849 63 40 les
952 1849 322 41 modulations.
1317 1849 117 40 Mais
1459 1847 175 54 j'avoue
1673 1862 88 40 que
1802 1849 10 40 l
1834 1850 159 39 ancien
2034 1848 156 41 clavier

164 1915 132 42 suffit.
313 1915 51 42 Je
377 1931 54 26 ne
446 1919 99 50 puis
569 1931 123 26 assez
708 1932 43 26 m
769 1918 147 40 élever
931 1927 153 32 contre
1100 1928 111 31 cette
1225 1919 98 40 idée
1349 1921 75 50 qui
1437 1920 136 40 serait
1595 1919 39 40 la
1651 1928 117 31 mort
1791 1919 60 40 du
1874 1932 104 27 sens
1991 1918 196 41 musical.

220 1983 116 53 Quoi
364 1985 6 38 !
386 1999 56 27 on
461 2001 20 24 a
505 1986 38 40 le
564 1999 96 27 rare
682 1987 204 40 bonheur
908 1987 172 41 d'avoir
1098 2002 58 26 un
1178 1989 273 39 instrument
1470 1989 76 52 qui
1569 1993 195 35 résonne
1786 2002 166 26 comme
1979 2002 19 26 c
2017 1994 57 33 est
2097 1987 92 41 écrit

164 2054 111 40 dans
294 2054 61 40 les
380 2056 252 50 partitions,
654 2065 40 31 et
721 2057 74 51 qui
820 2056 302 41 metd'accord
1142 2055 105 42 l'œil
1269 2066 41 32 et
1331 2057 202 48 l'oreille,
1559 2067 41 31 et
1624 2058 89 40 l'on
1737 2066 104 32 veut
1879 2071 54 27 en
1980 2056 110 42 faire
2137 2072 52 26 un

163 2124 268 39 instrument
456 2126 329 50 transpositeur
809 2124 5 38 !
841 2123 71 43 On
929 2135 104 31 veut
1053 2127 176 39 revenir
1247 2130 22 36 à
1293 2140 85 26 une
1402 2127 136 40 chose
1563 2128 121 40 aussi
1704 2126 194 42 barbare
1916 2140 88 40 que
2047 2127 39 41 la
2113 2126 57 41 sol-

166 2192 208 40 misation
397 2201 40 31 et
456 2193 173 40 donner
649 2193 38 40 le
712 2198 144 36 même
877 2208 105 27 nom
1009 2199 22 36 à
1055 2195 78 40 des
1158 2197 227 51 quantités
1409 2196 54 40 de
1481 2209 108 28 sons
1625 2199 9 36 1
1661 2195 55 42 Et
1734 2196 28 40 il
1789 2197 132 50 s'agit
1944 2195 168 42 d'offrir
2149 2209 40 27 ce

164 2260 165 40 cadeau
355 2265 21 35 à
417 2261 77 41 des
518 2262 241 41 débutants
785 2265 75 51 qui
895 2272 77 32 ont
1000 2269 21 35 à
1060 2277 46 28 se
1129 2264 169 41 former
1328 2263 188 43 l'oreille
1552 2275 41 32 et
1635 2266 39 40 le
1707 2267 231 52 jugement
1963 2266 7 39 !

219 2327 70 53 Qu
310 2342 56 27 on
388 2328 216 55 n'objecte
628 2345 79 38 pas
731 2347 59 37 qu
810 2346 104 27 avec
934 2333 40 40 le
989 2338 326 48 tempérament
1339 2335 29 40 il
1386 2349 55 26 en
1458 2345 66 31 est
1547 2336 55 40 de
1625 2339 164 37 même.
1818 2334 49 42 Si
1904 2350 57 26 au
1996 2338 124 51 point
2142 2334 47 40 de

163 2411 84 26 vue
268 2398 369 53 mathématique,
657 2400 40 40 la
719 2401 17 33 b
757 2401 150 41 donne
931 2412 156 31 autant
1107 2403 54 41 de
1175 2403 253 41 vibrations
1453 2418 85 39 que
1556 2405 66 39 sol
1638 2403 25 36 #
1680 2406 10 50 (
1703 2420 11 25 i
1728 2404 28 53 ),
1780 2419 116 39 pour
1917 2405 40 41 le
1979 2406 210 40 mucisien

164 2466 28 39 il
218 2481 25 24 n
263 2479 54 28 en
340 2476 64 30 est
418 2481 79 38 pas
517 2469 53 40 de
588 2473 158 44 même,
769 2479 42 31 et
836 2472 178 40 suivant
1039 2472 96 40 leur
1153 2471 199 42 fonction
1374 2486 72 28 ces
1474 2483 129 32 notes
1625 2484 197 32 sonnent
1848 2474 339 42 différemment.

221 2535 61 39 M.
303 2534 197 52 Courau,
517 2550 53 27 en
594 2538 186 41 voulant
799 2538 370 54 faciliterl'usage
1193 2542 57 40 du
1267 2543 152 51 piano,
1436 2543 69 40 n'a
1524 2557 55 27 en
1594 2557 85 27 vue
1694 2557 87 40 que
1796 2544 64 41 les
1881 2552 308 45 croque-notes

165 2603 107 40 dont
293 2604 9 39 1
324 2604 219 41 ambition
565 2615 65 31 est
651 2606 52 41 de
727 2608 124 51 jouer
875 2609 39 40 le
936 2610 101 52 plus
1060 2611 87 39 vite
1171 2611 201 52 possible
1388 2627 58 25 un
1467 2614 109 51 petit
1615 2627 228 28 morceau.
1887 2613 102 54 Que
2029 2612 159 43 ceux-là

167 2672 202 40 achètent
393 2687 60 25 un
473 2675 132 49 piano
631 2677 287 51 mécanique!
946 2677 121 41 Pour
1082 2678 61 41 les
1157 2688 165 39 autres,
1347 2694 87 39 que
1458 2681 193 41 l'amour
1675 2682 55 40 de
1755 2683 39 40 la
1818 2685 213 51 musique
2055 2691 113 45 tyran-

167 2742 94 37 nise
305 2755 57 37 qu
382 2741 52 40 ils
458 2753 217 41 prennent
696 2746 216 51 patience,
938 2756 40 31 et
1004 2747 131 52 qu'ils
1154 2750 119 40 aient
1305 2750 59 40 du
1389 2764 212 38 courage.
1625 2750 31 42 Il
1676 2767 26 37 y
1727 2766 20 26 a
1774 2752 55 42 de
1854 2767 81 39 par
1973 2753 41 41 le
2037 2750 153 43 monde

166 2821 160 27 encore
349 2822 77 38 pas
461 2810 86 40 mal
571 2811 52 40 de
646 2825 111 37 gens
790 2813 211 53 capables
1021 2816 25 39 d
1067 2817 268 52 interpréter
1374 2824 88 34 très
1488 2818 102 42 bien
1632 2820 38 40 la
1710 2822 213 52 musique
1959 2824 148 46 écrite,
2155 2827 35 33 et

166 2876 158 51 jamais
341 2877 38 39 le
402 2880 134 50 piano
559 2881 202 50 vulgaire
783 2897 54 26 ne
861 2883 134 41 trahit
1020 2884 64 41 les
1107 2887 224 40 virtuoses
1353 2888 56 52 (je
1428 2889 101 39 n'en
1559 2890 115 40 dirai
1698 2904 82 39 pas
1815 2900 158 33 autant
1999 2905 112 40 pour
2133 2890 56 40 les

166 2946 366 53 compositeurs).
633 2948 72 43 On
729 2953 144 39 arrive
895 2952 116 41 donc
1032 2968 80 38 par
1133 2955 38 40 le
1193 2957 173 40 travail.
1394 2956 118 43 L'art
1538 2968 66 32 est
1628 2959 110 52 long
1775 2969 41 32 et
1838 2959 203 50 difficile,
2067 2961 61 40 dit
2158 2959 32 52 je

167 3027 54 26 ne
244 3015 89 39 sais
348 3015 99 52 plus
468 3018 91 51 qui,
587 3020 112 39 mais
722 3029 112 31 cette
858 3021 172 42 lenteur
1053 3024 79 41 des
1152 3024 164 42 débuts
1340 3035 65 32 est
1426 3042 60 25 un
1511 3027 119 42 bien.
1669 3027 90 54 Qui
1801 3039 106 32 veut
1954 3030 118 42 bâtir
2112 3040 78 31 une

167 3084 174 39 maison
363 3084 140 41 solide
524 3085 76 41 fait
618 3087 53 41 de
696 3090 255 50 puissantes
976 3091 274 44 fondations.
1281 3094 100 54 Que
1414 3097 55 40 de
1492 3098 161 41 choses
1684 3103 21 35 à
1742 3101 228 40 assimiler
2008 3114 113 40 pour
2157 3097 33 40 le

167 3154 233 47 musicien,
442 3156 77 50 qui
562 3169 53 26 ne
644 3168 192 40 peuvent
874 3160 10 39 1
905 3164 91 38 être
1034 3175 59 39 qu
1114 3177 105 28 avec
1262 3165 39 40 le
1335 3174 146 45 temps
1509 3166 7 39 !
1551 3166 256 44 Education
1845 3170 55 41 de
1939 3170 107 42 l'œil
2082 3178 40 32 et
2144 3167 46 40 de

166 3221 9 39 1
195 3222 168 52 oreille,
407 3226 271 41 mécanisme
719 3227 54 42 de
817 3227 318 55 l'instrument,
1161 3236 379 51 compréhension
1581 3238 55 41 de
1676 3237 274 45 l'harmonie
1994 3250 42 33 et
2070 3241 52 40 de
2154 3238 33 39 la

210 3412 6 38 (
231 3422 6 19 i
273 3412 27 31 C
316 3420 51 25 est
388 3415 281 38 probablement
694 3418 32 32 le
747 3419 183 33 contraire
953 3432 72 31 que
1046 3431 85 25 veut
1159 3424 78 34 dire
1260 3433 104 26 notre
1397 3427 206 34 honorable
1622 3432 308 40 correspondant.
2031 3432 99 33 Nous
2153 3436 38 24 ne

164 3460 168 33 saurions
357 3471 80 33 trop
452 3467 273 32 recommander
744 3471 17 29 à
782 3479 89 22 ceux
886 3471 62 41 qui
971 3483 91 23 nous
1079 3475 161 33 écrivent
1274 3476 112 34 d'être
1413 3481 71 30 très
1505 3479 157 40 lisibles,
1688 3490 146 25 surtout
1863 3483 91 33 dans
1984 3486 77 31 leur
2079 3482 94 41 signa-

166 3519 76 24 ture
268 3514 35 38 (à
322 3524 117 22 moins
462 3515 107 42 qu'ils
590 3526 44 23 ne
649 3518 175 34 veuillent
842 3522 131 40 garder
999 3523 225 45 l'anonyme,
1249 3537 142 24 comme
1411 3528 194 44 beaucoup
1630 3531 62 34 des
1715 3533 183 34 éminents
1914 3535 276 33 collaborateurs

166 3563 43 31 de
240 3564 30 30 la
296 3563 117 33 Revue
436 3566 199 44 musicale).
