2265 3845
909 229 421 33 CORRESPONDANCE

119 231 78 45 116

115 348 174 29 comme
310 334 84 40 elle
414 333 111 46 l'est,
552 343 47 28 ce
623 327 100 54 qu'a
748 327 77 40 fait
848 327 54 40 de
942 327 146 39 mieux
1122 334 41 32 et
1185 325 55 40 de
1279 324 101 52 plus
1424 321 111 43 neuf
1567 320 60 42 M.
1669 318 168 49 Gluck,
1881 318 37 40 si
1951 317 85 41 elle
2071 327 65 33 est

115 408 204 38 exécutée
342 403 112 39 dans
475 398 169 53 l'esprit
663 406 41 32 et
728 397 38 40 le
800 409 138 38 genre
962 397 75 51 qui
1062 395 61 40 lui
1146 395 224 40 convient.
1396 406 20 25 »

172 472 126 41 Voici
343 470 359 52 quelques-unes
738 465 79 40 des
861 464 443 41 recommandations
1340 463 64 40 les
1449 461 101 54 plus
1584 461 211 51 typiques
1834 457 211 41 extraites
2079 455 56 42 du

119 555 19 25 «
164 541 294 49 Programme
483 550 115 40 pour
621 536 38 40 la
682 536 110 39 mise
812 533 167 41 d'Echo
1006 547 16 24 »
1051 547 9 26 :

176 609 146 40 ((Acte
347 606 13 41 ler,I
365 611 32 19 er
404 638 8 17 ,
456 611 131 35 scène
615 619 11 25 i
637 609 37 21 re
682 635 6 7 .
729 602 206 42 —Cette
959 607 131 36 scène
1127 601 102 41 telle
1262 600 163 53 quelle
1449 600 128 40 étoit.
1610 596 72 42 On
1716 595 243 42 observera
2003 594 115 41 seule-

119 687 120 31 ment
265 675 106 54 qu'il
392 675 92 41 faut
508 675 256 52 supprimer
779 672 112 40 dans
917 672 37 40 le
974 670 135 41 ballet
1133 671 38 40 la
1197 683 157 28 course
1378 670 53 40 de
1453 668 44 40 M
1502 666 24 24 n
1531 681 14 19 e
1565 665 172 54 Heynel
1761 673 42 32 et
1818 665 54 40 de
1889 663 63 42 M.
1975 661 162 44 Gardel

121 748 74 52 qui
219 746 148 40 faisait
389 759 60 26 un
473 750 88 35 très
602 743 205 40 mauvais
844 740 117 41 effet.
994 739 61 41 M.
1097 738 146 43 Gluck
1277 739 39 40 le
1367 736 321 43 lecommande
1721 738 339 49 expressément
2100 743 39 32 et

119 814 222 42 demande
369 826 86 39 que
471 821 66 32 cet
562 813 65 39 air
650 813 85 39 soit
759 811 141 40 dansé
916 824 54 26 en
996 818 223 32 contraste
1246 818 125 31 entre
1403 808 63 40 les
1489 805 236 54 Nymphes
1745 812 41 32 et
1810 803 64 41 les
1905 801 231 55 Sylvains,

118 884 47 41 M
168 882 41 24 lle
233 882 170 53 Heynel
424 891 41 31 et
486 880 62 40 M.
572 879 165 43 Gardel
762 884 21 35 à
809 880 96 40 leur
926 882 99 37 tête.

179 965 20 25 <(
225 951 143 41 Scène
390 964 18 37 3
415 955 15 17 e
437 982 7 7 .
543 948 145 42 Toute
710 957 112 32 cette
845 953 129 35 scène
1011 947 208 41 nouvelle
1239 947 93 40 doit
1356 950 92 36 être
1471 945 90 40 dite
1587 956 104 28 avec
1726 942 186 41 chaleur
1933 950 43 32 et
2015 941 124 53 jouée

121 1034 105 27 avec
249 1022 174 38 intérêt.
465 1018 62 41 La
554 1018 172 40 lenteur
745 1017 61 41 lui
846 1019 136 38 serait
1018 1018 279 51 pernicieuse
1323 1030 10 35 ;
1359 1016 28 40 il
1413 1014 94 41 faut
1551 1026 87 40 que
1679 1012 63 40 les
1794 1020 175 32 acteurs
2012 1021 128 43 ayent

120 1091 218 39 attention
378 1092 22 35 à
425 1087 103 40 bien
562 1087 186 52 phraser
768 1094 40 33 et
833 1099 87 39 que
944 1086 39 40 le
1008 1085 192 41 récitatif
1220 1086 86 40 soit
1337 1084 155 53 rapide
1530 1091 42 32 et
1598 1081 203 41 déclamé
1826 1096 7 25 :
1857 1078 106 44 c'est
1987 1094 47 27 ce
2057 1095 82 39 que

120 1157 319 41 recommande
458 1155 61 40 M.
549 1153 162 44 Gluck.

178 1240 20 24 «
221 1225 72 42 On
317 1225 237 41 observera
579 1238 86 39 que
689 1223 94 42 l'air
818 1223 129 41 Hélas
979 1222 79 55 !je
1081 1239 97 38 nay
1198 1232 114 47 pour
1340 1237 94 38 moy
1474 1230 82 32 etc.
1584 1221 94 40 doit
1705 1223 91 37 être
1839 1219 162 41 chanté
2041 1233 101 27 avec

121 1298 175 38 naïveté
317 1304 41 32 et
383 1294 252 52 simplicité,
662 1295 114 39 mais
799 1296 126 50 point
950 1303 97 43 trop
1072 1294 125 49 haut,
1226 1301 42 32 et
1289 1300 175 33 surtout
1489 1291 108 54 qu'il
1622 1291 87 40 soit
1735 1288 217 43 déclamé.
1979 1288 64 41 La
2083 1287 58 43 fin

120 1364 53 41 de
193 1364 40 40 la
258 1369 129 35 scène
411 1364 92 40 doit
526 1367 91 36 être
637 1368 87 35 très
744 1364 99 38 vive
865 1363 53 40 de
942 1362 40 40 la
1007 1371 98 44 part
1138 1361 183 42 d'Echo.

178 1446 20 24 «
215 1432 107 41 Acte
339 1432 51 49 11,
411 1437 160 46 scène4
576 1437 16 17 e
599 1462 7 10 .
689 1430 127 42 Cette
842 1437 129 35 scène
994 1440 117 32 reste
1137 1432 101 40 telle
1262 1431 162 53 qu'elle
1448 1432 108 40 étoit
1590 1430 32 41 II
1648 1430 96 42 faut
1761 1428 342 44 recommander
2121 1433 20 36 à

121 1501 61 40 M.
217 1500 164 42 Lainez
405 1501 53 40 de
478 1514 55 27 ne
555 1514 78 40 pas
656 1500 142 41 forcer
822 1514 47 27 sa
892 1502 102 39 voix
1029 1501 113 40 dans
1166 1509 66 32 cet
1257 1502 79 46 air,
1360 1514 89 27 non
1468 1500 100 52 plus
1610 1515 87 38 que
1720 1501 115 40 dans
1859 1500 39 40 la
1940 1504 131 36 scène
2092 1498 51 40 de

122 1571 40 40 la
185 1569 200 42 fontaine
405 1585 54 26 au
482 1585 13 25 l
503 1574 33 25 er
555 1580 113 30 acte.
701 1583 20 24 »

176 1639 64 40 La
263 1639 229 40 chaconne
515 1639 58 40 du
601 1652 14 38 5
624 1643 15 17 e
663 1647 93 32 acte
775 1637 39 42 A
818 1636 180 42 Armide
1020 1638 148 41 devait
1201 1637 111 42 faire
1335 1640 142 51 partie
1500 1639 59 40 du
1592 1639 383 40 divertissement.

180 1721 20 24 ((
226 1706 72 42 On
321 1712 155 47 espère
500 1721 86 38 que
606 1707 112 40 MxM.
755 1708 53 39 de
846 1707 38 40 la
910 1706 150 42 Danse
1103 1721 56 27 ne
1191 1721 48 27 se
1281 1707 254 41 refuseront
1573 1722 80 39 pas
1698 1708 55 40 de
1789 1707 252 53 compléter
2078 1715 63 32 cet

123 1790 198 37 ouvrage
343 1790 54 26 en
428 1776 288 52 remplissant
756 1776 38 40 le
836 1776 365 41 divertissement
1229 1777 57 40 tel
1312 1790 87 39 que
1420 1776 63 41 M.
1512 1775 123 43 Gluk
1659 1775 54 43 l'a
1739 1776 81 42 fait
1846 1785 44 33 et
1914 1776 38 41 le
1984 1776 159 41 désire.

123 1844 32 41 Il
175 1854 66 32 est
263 1849 143 36 même
430 1846 251 39 nécessaire
698 1842 131 55 qu'ils
849 1845 64 53 s'y
936 1849 177 49 prêtent
1140 1856 7 36 ;
1178 1854 67 32 cet
1269 1859 200 38 ouvrage
1493 1847 214 41 retouché
1749 1848 116 39 ainsi
1905 1845 238 41 deviendra

122 1929 59 26 un
204 1913 143 51 grand
368 1926 199 38 ouvrage
589 1928 80 38 par
691 1928 46 26 sa
759 1915 284 40 consistance
1067 1928 10 36 ;
1097 1914 29 41 il
1149 1914 94 42 faut
1268 1928 87 40 que
1378 1915 39 41 le
1436 1915 365 42 divertissement
1824 1929 56 28 en
1902 1917 86 40 soit
2012 1914 129 43 noble

122 1990 40 33 et
187 1983 173 50 soigné.
385 1995 19 25 »

176 2050 116 41 Tant
314 2050 54 41 de
390 2053 284 50 précautions
695 2065 55 28 ne
788 2052 245 41 relevèrent
1056 2066 81 39 pas
1171 2052 122 41 Echo
1317 2059 37 34 et
1374 2052 222 43 Narcisse.
1620 2053 64 43 La
1720 2056 179 51 reprise
1939 2055 202 50 atteignit

119 2117 307 44 difficilement
450 2134 86 27 une
561 2122 229 49 vingtaine
813 2121 54 41 de
888 2123 395 52 représentations.

178 2187 63 42 La
264 2191 69 38 vie
356 2189 214 41 musicale
610 2190 54 40 de
688 2187 145 44 Gluck
856 2192 107 40 était
998 2192 215 40 terminée
1256 2196 23 36 à
1310 2191 146 42 Paris.
1500 2192 71 42 En
1601 2195 151 40 moins
1773 2194 56 41 de
1852 2195 108 53 cinq
1986 2208 96 34 ans,
2107 2193 36 41 le

122 2261 158 37 maître
305 2258 223 40 allemand
549 2260 116 40 avait
688 2260 126 49 gravi
839 2260 63 40 les
918 2260 101 52 plus
1043 2260 133 42 hauts
1200 2270 219 33 sommets
1443 2263 54 40 de
1521 2263 39 40 la
1587 2263 164 51 gloire,
1771 2272 42 33 et
1836 2264 31 41 il
1892 2264 125 41 allait
2038 2262 108 42 faire

122 2326 125 52 place
271 2330 22 36 à
314 2326 11 40 1
345 2326 121 41 école
504 2328 213 40 italienne
757 2328 79 41 des
878 2328 168 42 Piccini
1070 2338 41 33 et
1154 2330 78 41 des
1269 2328 178 45 Salieri.
1504 2329 234 57 Quelques
1778 2338 169 37 années
1986 2345 157 29 encore

126 2399 182 47 passées
332 2399 21 35 à
380 2394 186 49 Vienne,
583 2405 41 32 et
645 2397 39 39 le
700 2396 102 41 chef
812 2399 246 40 incontesté
1077 2400 59 39 du
1150 2400 157 41 drame
1324 2400 193 53 lyrique,
1540 2401 114 42 dans
1676 2403 40 40 la
1736 2403 236 41 deuxième
1996 2404 150 40 moitié

125 2462 59 41 du
206 2477 106 26 xvm
317 2468 16 17 e
353 2462 148 51 siècle,
527 2464 122 41 allait
669 2478 172 29 mourir
862 2468 179 40 victime
1058 2468 54 41 de
1131 2481 46 28 sa
1204 2470 186 51 passion
1406 2483 114 39 pour
1544 2469 175 43 l'alcool
1737 2481 42 32 et
1802 2472 64 41 les
1888 2475 101 39 vins
2013 2476 107 48 géné-

127 2545 121 26 reux.

1512 2607 214 45 MARTIAL
1745 2608 178 44 TENEO.

870 2934 530 53 Correspondance.

182 3077 32 45 I.
246 3103 53 7 —
331 3079 74 43 Le
435 3080 197 43 cahier
665 3081 102 43 des
804 3083 248 54 charges
1084 3084 70 43 de
1176 3096 108 32 nos
1313 3086 264 45 théâtres
1607 3088 268 57 lyriques
1917 3094 59 41 et
2011 3093 86 43 les

809 3151 193 53 pièces
1025 3166 21 27 «
1066 3154 319 44 nouvelles.
1414 3170 21 26 »

1350 3290 183 41 Asnières,
1556 3292 22 32 6
1600 3291 130 35 février
1757 3295 109 43 1908.

408 3377 248 43 MONSIEUR
690 3394 52 26 LE
774 3380 270 45 DIRECTEUR
1066 3384 56 42 de
1151 3385 41 41 la
1223 3384 146 44 Revue
1396 3387 221 50 musicale,

185 3483 144 41 Toute
350 3484 42 40 la
411 3498 154 39 presse
597 3499 21 28 a
642 3485 356 47 favorablement
1021 3491 202 42 accueilli
1243 3493 39 40 la
1304 3495 284 52 proposition
1623 3511 86 39 que
1727 3495 71 56 j'ai
1842 3499 190 45 d'abord
2071 3499 60 43 for-

129 3552 147 42 mulée
294 3554 71 52 ici,
384 3563 42 31 et
443 3556 76 51 qui
539 3555 103 41 tend
660 3559 22 38 à
697 3556 110 42 faire
829 3561 255 51 supprimer
1103 3559 184 44 l'article
1303 3563 61 40 du
1383 3563 151 41 cahier
1548 3564 78 42 des
1644 3565 193 55 charges
1878 3570 57 43 de
1973 3569 174 55 l'Opéra
