2265 3845
586 266 52 26 LE
672 265 147 27 CHANT
852 266 52 26 ET
936 266 78 28 LES
1046 258 241 36 MÉTHODES
1315 269 8 25 :
1359 266 286 29 CONCLUSION

2050 265 74 37 123

119 355 314 52 composition,
460 362 41 32 et
521 352 121 41 enfin
667 353 63 41 les
753 356 157 50 petites
931 353 165 43 ficelles
1121 357 57 40 du
1199 359 170 47 métier,
1393 381 52 5 —
1468 367 39 32 et
1529 360 99 51 puis
1652 358 63 40 les
1750 357 258 41 recherches
2029 370 75 39 per-

120 423 242 41 sonnelles.

175 491 212 48 Excusez,
411 489 247 51 Monsieur,
696 499 112 33 cette
828 491 126 42 lettre
994 491 233 55 beaucoup
1268 504 94 44 trop
1397 496 180 50 longue,
1617 497 114 39 mais
1774 498 227 50 peut-être
2031 503 99 44 trop

119 569 151 31 courte
293 573 112 39 pour
423 560 177 52 épuiser
622 559 63 40 les
710 560 138 52 sujets
882 574 86 39 que
988 561 39 40 la
1062 562 250 42 révolution
1349 569 218 47 proposée
1590 569 194 46 suggère
1837 562 195 56 J'espère
2060 576 70 27 me

120 637 179 31 trouver
329 641 53 27 en
414 626 264 42 conformité
714 628 165 41 d'idées
915 642 104 28 avec
1066 630 78 40 des
1185 632 328 51 personnalités
1549 633 101 52 plus
1679 633 244 40 autorisées
1957 646 86 39 que
2086 632 41 40 la

120 698 178 40 mienne
338 705 40 32 et
393 710 111 27 vous
520 698 95 50 prie
631 696 54 41 de
710 698 141 40 croire
877 701 20 36 à
920 711 93 28 mes
1044 700 263 41 sentiments
1327 701 54 40 de
1397 701 333 40 considération
1749 706 86 35 très
1858 701 270 51 distinguée.

1764 785 53 42 T.

163 920 60 32 lII*
312 919 257 34 L'abondance
595 921 62 32 des
677 922 169 33 matières
868 934 91 22 nous
978 924 125 42 oblige
1128 927 18 30 à
1178 934 177 33 renvoyer
1374 937 42 22 au
1442 926 179 40 prochain
1643 928 152 32 numéro
1817 937 70 22 une
1905 927 221 42 importante

117 969 308 35 communication
448 970 43 34 de
513 970 47 33 M.
578 971 154 42 Adophe
755 973 174 38 Boschot,
950 975 137 32 lauréat
1110 974 43 33 de
1173 977 8 30 l
1197 975 163 43 lnstitut,
1384 984 199 25 contenant
1601 977 63 33 des
1681 978 215 33 documents
1921 978 130 33 inédits
2070 988 60 22 sur

121 1020 154 32 Berlioz.

478 1322 74 42 Le
592 1322 176 43 chant
805 1324 57 41 et
909 1323 87 41 les
1030 1323 301 42 méthodes
1364 1334 9 30 :
1402 1322 350 43 conclusion.

1001 1434 179 51 {Suite.)
1198 1434 58 52 (i)

180 1584 121 41 Pour
322 1584 160 41 établir
505 1598 86 27 une
625 1585 208 42 méthode
858 1594 119 43 type,
1002 1597 113 28 nous
1140 1585 248 52 prendrons
1430 1589 21 35 à
1495 1583 175 50 Garcia,
1699 1585 206 40 Battaille
1947 1594 40 32 et
2011 1585 124 42 Delle

125 1651 260 42 Sedieleurs
404 1654 218 51 patientes
643 1653 258 40 recherches
916 1651 303 54 scientifiques
1241 1655 162 50 quiont
1420 1655 169 39 orienté
1606 1653 40 41 le
1667 1653 357 41 chantdansune
2038 1656 100 39 voie

124 1721 221 41 nouvelle.
380 1720 54 41 Et
458 1734 113 27 nous
591 1734 295 40 remarquons
908 1735 54 27 en
986 1730 184 43 passant
1194 1735 85 38 que
1301 1735 113 27 nous
1446 1722 169 40 devons
1650 1726 21 35 à
1703 1735 72 27 ces
1815 1726 184 36 maîtres
2039 1722 101 52 plus

125 1803 86 38 que
230 1790 77 39 des
331 1789 232 41 méthodes
581 1803 7 26 :
612 1804 80 37 par
715 1789 40 41 la
775 1790 193 39 méthode
985 1789 328 55 expérimentale
1319 1823 9 17 ,
1355 1788 157 42 Garcia
1534 1804 22 26 a
1581 1790 38 40 le
1646 1792 197 51 premier
1864 1805 57 26 vu
1944 1790 38 40 la
2001 1790 141 51 glotte

124 1871 55 27 en
197 1867 286 31 mouvement
502 1869 8 37 ;
537 1857 124 41 Delle
675 1856 134 43 Sedie
829 1862 144 48 paraît
997 1860 123 39 avoir
1140 1860 218 50 pressenti
1383 1858 39 40 la
1447 1860 207 50 question
1678 1859 58 39 du
1755 1858 178 41 timbre.
1961 1858 30 40 Il
2008 1868 132 39 tente,

126 1926 53 40 de
202 1927 116 51 plus,
343 1924 205 42 d'établir
586 1941 59 25 un
670 1936 181 43 rapport
894 1926 202 51 tangible
1134 1936 123 31 entre
1298 1926 10 40 1
1328 1929 258 50 expression
1618 1936 41 32 et
1690 1927 40 40 la
1766 1936 103 32 note
1905 1928 232 43 musicale.

126 1994 150 52 Dupré
296 2003 88 33 met
404 2008 52 27 en
475 1995 154 40 valeur
651 1994 37 40 la
710 1995 101 40 voix
832 1995 189 40 sombrée
1028 2028 7 14 ,
1063 1995 108 41 dont
1195 1995 62 40 les
1281 1994 178 42 méfaits
1477 2008 53 28 ne
1551 2009 46 27 se
1620 2004 224 44 comptent
1867 1996 101 52 plus
1993 2005 9 38 ;
2025 1997 114 39 mais

126 2076 113 27 nous
263 2063 59 40 lui
344 2063 249 53 prendrons
617 2077 45 26 sa
685 2069 335 47 persévérance,
1041 2077 80 26 son
1147 2077 158 26 amour
1325 2064 52 39 de
1396 2063 111 41 Fart.
1534 2063 117 41 Avec
1672 2064 142 40 Faure
1834 2077 113 28 nous
1970 2077 169 27 aurons

125 2134 209 38 unemise
357 2132 54 40 de
427 2134 100 39 voix
547 2145 105 27 sans
669 2132 127 41 tache
818 2131 590 53 chezunmusicienparfait.
1423 2131 126 42 Nous
1567 2132 273 41 déroberons
1853 2137 22 35 à
1890 2131 244 50 Lablache,

129 2204 21 35 à
176 2200 197 48 Martini,
400 2201 117 40 leurs
540 2201 193 40 conseils
757 2203 244 50 pratiques.
1021 2199 126 42 Nous
1167 2210 309 31 constaterons
1505 2201 113 40 dans
1643 2201 38 39 la
1707 2201 207 40 méthode
1932 2201 58 40 du
2015 2200 92 41 Con-

130 2270 241 39 servatoire
408 2269 158 40 l'effort
588 2283 251 36 courageux
862 2270 77 39 des
974 2277 180 33 auteurs
1194 2283 111 38 pour
1334 2268 159 42 établir
1533 2284 59 25 un
1626 2278 264 31 monument
1933 2269 203 48 durable,

127 2346 42 31 et
186 2338 75 51 qui
286 2351 21 26 a
329 2337 108 40 duré
461 2341 145 36 même
627 2346 97 44 trop
748 2338 256 52 longtemps
1029 2352 9 33 ;
1062 2338 38 39 la
1125 2337 119 41 faute
1267 2338 53 40 de
1343 2351 105 27 ceux
1473 2339 74 50 qui
1585 2346 75 32 ont
1684 2339 129 39 suivi,
1840 2335 102 43 c'est
1973 2338 172 40 d'avoir

127 2404 273 41 immobilisé
420 2419 46 27 ce
505 2415 266 31 monument
795 2419 105 27 sans
923 2410 192 48 paraître
1138 2420 45 26 se
1206 2408 158 38 douter
1393 2420 101 37 que,
1520 2406 112 40 dans
1665 2406 40 40 la
1748 2407 69 39 vie
1864 2404 281 54 scientifique

127 2483 41 31 et
191 2474 112 40 dans
327 2473 216 41 l'histoire
566 2474 219 40 naturelle
808 2475 58 39 du
887 2483 94 32 tout
1013 2488 57 27 ou
1091 2474 131 41 d'une
1244 2476 139 50 partie
1422 2474 52 40 de
1515 2474 38 40 la
1594 2474 286 52 physiologie
1913 2474 227 47 humaine,

127 2542 235 54 quiconque
381 2558 25 22 n
427 2557 156 25 avance
599 2553 74 39 pas
690 2542 151 40 recule.
865 2541 78 51 Or,
970 2543 196 51 pendant
1195 2543 276 51 longtemps,
1500 2542 40 40 la
1563 2542 189 40 vocales
1792 2547 69 35 été
1887 2542 255 40 considérée

129 2623 172 27 comme
324 2624 58 26 un
407 2618 80 37 art,
527 2618 41 32 et
592 2623 56 27 on
682 2624 22 26 a
729 2609 153 41 oublié
905 2624 85 38 que
1013 2618 64 32 cet
1098 2619 63 31 art
1182 2610 238 52 dépendait
1454 2610 25 39 d
1501 2623 84 26 une
1611 2610 189 47 science,
1824 2610 38 39 la
1883 2609 258 55 phonation.

187 2678 62 40 La
272 2676 177 55 plupart
472 2678 78 40 des
574 2678 232 41 méthodes
849 2679 134 40 citées
1023 2678 204 40 diffèrent
1260 2687 123 31 entre
1424 2678 123 48 elles,
1591 2691 116 27 nous
1744 2676 170 42 l'avons
1956 2678 76 40 dit.
2074 2677 68 41 En

129 2747 197 51 général,
353 2747 37 40 la
417 2748 265 51 respiration
714 2745 109 42 n'est
856 2760 80 39 pas
969 2748 240 49 enseignée
1248 2746 327 41 normalement
1599 2760 9 34 ;
1651 2746 40 39 le
1723 2756 179 42 rapport
1940 2755 122 32 entre
2101 2747 39 39 la

126 2817 120 51 force
261 2815 59 41 du
347 2814 154 42 souffle
527 2824 40 31 et
600 2816 39 39 la
663 2815 265 40 contraction
962 2815 153 40 vocale
1138 2823 66 32 est
1227 2815 88 40 mal
1349 2815 245 40 déterminé
1621 2828 9 34 ;
1658 2815 38 40 le
1734 2823 182 44 rapport
1938 2824 124 31 entre
2101 2815 38 39 la

130 2893 156 32 nature
317 2885 53 40 de
393 2884 127 40 l'idée
540 2897 55 28 ou
616 2884 53 40 de
693 2884 37 39 la
756 2885 185 51 passion
964 2892 41 32 et
1029 2883 158 41 l'effort
1209 2885 261 50 mécanique
1503 2885 127 48 exigé
1662 2882 108 41 n'est
1791 2897 79 38 pas
1898 2883 246 41 déterminé

131 2954 57 39 du
213 2962 93 31 tout
333 2964 8 37 ;
386 2952 39 40 le
449 2962 182 43 rapport
654 2961 122 32 entre
820 2951 314 41 l'articulation
1158 2961 41 31 et
1239 2952 37 40 le
1314 2965 136 37 genre
1474 2952 54 39 de
1550 2951 288 52 l'expression
1863 2961 65 31 est
1956 2956 21 36 à
2015 2954 129 50 peine

131 3022 202 51 indiqué.
379 3020 86 41 Les
498 3021 155 40 études
694 3021 254 50 musicales,
993 3021 323 52 harmoniques
1356 3029 40 31 et
1435 3020 255 49 littéraires,
1712 3022 275 38 nécessaires
2023 3024 21 36 à
2084 3034 60 26 un

131 3092 167 45 artiste,
322 3099 98 31 sont
455 3098 221 32 rarement
699 3091 136 39 mises
858 3103 54 27 en
936 3088 138 42 relief.
1108 3088 62 41 La
1213 3089 236 50 gradation
1489 3089 112 39 dans
1637 3088 63 41 les
1724 3090 155 39 études
1912 3088 110 41 n'est
2064 3102 78 38 pas

132 3158 213 41 observée
369 3172 11 34 ;
399 3167 98 43 trop
520 3158 53 40 de
592 3158 217 40 vocalises
827 3159 232 40 dominent
1083 3157 242 41 letableau
1349 3172 9 33 ;
1383 3158 63 40 les
1465 3157 200 53 voyelles
1689 3166 100 32 sont
1822 3158 199 40 étudiées
2046 3170 75 39 par-

132 3227 260 47 tiellement,
416 3235 40 32 et
479 3240 88 27 non
588 3226 273 41 d'ensemble
890 3225 64 42 La
980 3227 169 40 théorie
1169 3226 56 40 du
1246 3226 115 40 trille
1382 3234 64 32 est
1458 3226 339 50 généralement
1810 3227 244 39 mauvaise.
2072 3223 74 43 On

131 3309 55 27 en
210 3294 76 42 fait
310 3308 86 28 une
418 3297 136 38 entité
577 3295 190 52 spéciale
788 3309 55 26 au
863 3295 87 40 lieu
971 3295 52 40 de
1048 3295 40 40 le
1114 3295 245 52 suspendre
1397 3309 54 26 au
1477 3296 96 39 sein
1597 3295 54 39 de
1678 3307 46 27 sa
1760 3299 119 35 mère
1902 3294 75 52 qui
1999 3302 66 31 est
2105 3293 39 40 la

132 3377 194 37 gamme.
353 3363 63 41 Le
439 3377 111 39 coup
573 3364 53 40 de
646 3364 155 49 glotte,
827 3365 76 50 qui
927 3361 109 42 n'est
1056 3377 52 40 qu
1128 3378 55 24 un
1198 3377 150 38 moyen
1373 3362 218 55 expressif
1592 3362 150 51 partici
1745 3361 108 48 ilier,
1869 3362 176 40 devient
2060 3374 86 27 une

133 3432 199 40 émission
357 3434 320 50 systématique
713 3431 61 42 La
792 3441 130 32 tenue
945 3432 54 40 de
1021 3433 98 38 voix
1143 3445 53 27 en
1211 3433 115 51 forte
1344 3441 41 32 et
1396 3431 241 50 crescendo,
1662 3433 74 50 qui
1760 3432 127 49 exige
1907 3430 58 40 du
1990 3429 155 41 souffle

177 3577 48 43 (1)
242 3577 89 34 Voir
353 3580 31 30 la
404 3578 118 32 Revue
545 3578 45 34 du
631 3587 36 34 15
691 3579 197 32 novembre
912 3588 102 33 1907,
1036 3575 236 33 Conclusion.
