3675 4465
1785 108 57 55 99

139 270 141 52 heute
325 270 109 60 läse,
482 268 160 52 würde
687 265 63 52 sie
791 283 89 34 nur
920 265 65 51 als
1017 263 180 52 Rarität
1244 260 113 52 oder
1394 256 81 52 nr.it
1506 255 116 51 Ekel
1652 254 54 52 be-

142 357 211 52 trachten
387 355 202 51 können.
649 352 303 52 Mattheson's
980 349 278 52 Verdienste
1301 343 98 52 sind
1431 340 97 51 rein
1558 358 145 51 augen-

142 441 250 59 blickliche,
411 438 290 70 persönliche
717 453 244 52 gewesen;
989 434 94 51 und
1107 448 136 34 wenn
1275 428 84 51 wir
1383 427 92 50 ihm
1497 444 53 31 zu
1576 427 156 48 Ehren

139 527 219 58 rechnen,
377 524 105 51 dass
500 523 81 51 der
603 522 257 70 83jährige
880 521 132 50 Greis
1041 518 150 51 seiner
1208 512 273 53 Vaterstadt
1510 510 217 61 40,000

141 611 134 52 Mark
306 609 264 53 vermachte
600 627 84 33 zur
713 608 261 65 Erbauung
1004 604 126 50 einer
1163 599 161 69 Orgel,
1369 598 71 51 die
1470 597 120 52 noch
1615 595 117 69 jetzt

148 697 64 66 (in
244 696 83 51 der
357 695 284 68 hamburger
670 688 412 68 Michaeliskirche)
1124 686 157 52 seinen
1309 684 178 51 Namen
1533 683 168 51 verkün-

141 781 92 60 det,
280 797 51 35 so
377 780 170 52 wollen
592 778 83 51 wir
719 776 200 52 darüber
962 772 125 51 nicht
1117 786 264 53 vergessen,
1428 768 103 52 dass
1580 767 148 51 dieses

145 866 179 51 eitelste
354 865 113 51 aller
495 860 419 54 Menschenkinder
945 858 95 52 sich
1072 856 259 61 einbildete,
1376 855 64 68 ja,
1482 871 48 34 es
1562 853 143 51 öffent-

139 951 88 51 lich
258 949 251 69 aussprach
533 947 95 51 und
649 946 207 51 drucken
886 945 120 62 liess,
1036 941 243 53 Händel
1310 945 127 48 wäre
1468 938 147 52 nichts
1649 955 53 51 ge-

141 1036 195 52 worden
367 1034 122 52 ohne
520 1032 105 60 ihn;
666 1032 122 51 denn
820 1049 64 43 er,
913 1029 317 54 Mattheson!!
1374 1025 122 52 habe
1525 1025 77 51 ihn
1634 1031 97 43 erst

139 1120 200 69 gelehrt,
371 1135 95 35 was
496 1116 200 52 Melodie
727 1116 91 52 sei!

268 1203 294 52 Irrthümlich
593 1203 115 53 wird
738 1203 118 50 auch
889 1201 269 70 behauptet,
1190 1200 104 50 dass
1326 1196 120 52 eben
1469 1195 150 51 dieser
1651 1194 52 52 de-

142 1289 203 52 centrale
373 1288 210 53 Zustand
626 1289 82 51 der
754 1288 254 52 deutschen
1037 1284 414 54 Musik-Literatur
1496 1280 147 69 einzig
1686 1279 45 51 in

142 1375 151 51 seiner
322 1374 90 52 Art
446 1378 138 48 wäre.
645 1375 138 50 Zwar
828 1373 58 51 ist
928 1371 81 51 der
1046 1373 235 48 Franzose
1323 1366 236 70 gewohnt,
1605 1365 124 60 alles,

145 1478 96 34 was
264 1459 128 52 Paris
418 1459 229 61 vorbetet,
678 1458 472 57 nachzuschwatzen;
1182 1454 113 52 aber
1327 1451 212 54 dennoch
1569 1451 58 51 ist
1657 1450 71 51 die

142 1545 243 51 Autorität
428 1544 280 61 Berlioz',
752 1544 144 51 schon
927 1543 85 51 ehe
1050 1559 51 33 er
1129 1542 70 50 die
1232 1538 243 52 berühmte
1508 1535 223 69 Ohrfeige

142 1647 83 34 vor
252 1629 83 52 der
365 1629 355 51 versammelten
749 1627 254 52 Akademie
1036 1625 182 60 bekam,
1248 1625 154 67 längst
1432 1622 296 57 erschüttert,

143 1714 145 51 selbst
332 1714 60 51 im
423 1713 323 51 Heimatlande
787 1713 81 52 des
900 1712 239 58 Ruhmes;
1185 1709 95 52 und
1324 1708 174 51 Fetis
1543 1707 57 49 ist
1646 1705 82 51 seit

143 1801 106 49 dem
280 1798 323 69 vergeblichen
633 1799 351 69 Experimente,
1028 1796 146 50 durch
1219 1792 328 70 nepotistische
1572 1791 128 50 Enko-

143 1883 182 52 miastik
358 1883 99 51 eine
487 1883 234 50 namhafte
753 1882 170 51 Schule
955 1900 57 32 zu
1053 1878 289 70 begründen,
1388 1877 46 49 in
1478 1893 52 33 so
1573 1879 132 64 ärger-

138 1968 120 60 liche
287 1967 430 69 Plagiat-Processe
748 1965 280 61 verwickelt,
1061 1965 105 50 dass
1199 1981 50 33 er
1280 1961 145 53 selbst
1456 1961 106 51 dem
1594 1967 106 43 auto-

143 2053 381 69 ritätssüchtigen
552 2053 269 51 Franzosen
861 2052 162 50 keinen
1053 2050 162 50 Anker
1257 2047 131 52 mehr
1418 2046 158 52 bietet.
1624 2045 108 50 Sein

143 2140 142 49 Stern
316 2137 127 61 sank,
490 2137 65 51 als
595 2137 94 51 ihm
734 2155 90 33 von
868 2135 249 53 deutscher
1152 2131 337 56 Wissenschaft
1531 2130 172 68 nachge-

143 2224 173 50 wiesen
340 2222 144 61 ward,
517 2222 102 51 dass
653 2240 50 32 er
731 2221 149 52 nichts
910 2220 137 53 wisse
1070 2219 94 52 und
1191 2219 95 50 sein
1312 2216 270 52 berühmter
1597 2216 106 50 Erst-

145 2309 261 68 geborener
435 2309 136 49 Lern
589 2325 159 33 mens
778 2306 121 52 noch
931 2305 232 68 weniger;
1195 2304 87 50 den
1303 2305 265 49 Franzosen
1599 2300 130 52 ward

145 2394 123 52 diese
299 2391 290 52 betrübende
618 2393 249 50 Nachricht
896 2390 127 52 kund
1069 2389 146 53 durch
1261 2389 71 49 die
1362 2386 235 52 brüsseler

153 2489 112 41 zette
433 2478 191 58 Musicale,
625 2484 143 60 genannt
1463 2478 255 66 Diapason.
1100 2475 63 50 So
1195 2473 57 50 ist
1284 2473 119 50 denn
1435 2471 82 51 der
1548 2469 181 51 Pariser

145 2563 245 67 allerdings
433 2561 85 51 seit
560 2560 173 69 einiger
768 2561 102 50 Zeit
915 2560 46 51 in
990 2558 329 68 Verlegenheit
1361 2574 81 33 um
1484 2555 101 51 eine
1616 2554 84 51 dau-

145 2648 143 51 ernde
319 2645 314 54 musicalische
663 2647 257 59 Autorität,
965 2644 95 52 und
1091 2661 128 33 muss
1251 2643 95 51 sich
1376 2640 263 69 begnügen,
1684 2639 44 51 in

146 2733 89 52 den
268 2732 263 52 Concerten
561 2732 80 49 des
674 2730 354 52 Conservatoire
1070 2735 112 61 gute
1224 2727 222 50 deutsche
1477 2724 153 52 Musik
1671 2743 57 31 zu

143 2818 163 61 hören,
330 2817 71 52 die
432 2817 138 49 letzte
600 2815 256 60 Autorität,
895 2814 83 51 der
1009 2832 50 33 er
1089 2813 120 51 noch
1241 2813 139 49 heute
1411 2809 175 70 glaubt.

254 2903 151 51 Recht
434 2902 125 68 innig
589 2906 185 47 müssen
806 2901 118 50 auch
956 2901 84 50 wir
1069 2898 243 69 beklagen,
1350 2897 104 51 dass
1487 2894 82 52 der
1606 2893 122 51 hohe

147 2988 173 52 Genius
367 2987 80 51 des
492 2986 181 67 greisen
706 2984 240 52 Sebastian
976 2983 125 52 Bach
1143 3001 57 32 an
1239 2982 71 51 die
1340 2977 389 54 Knechtesarbeit

146 3072 250 70 gebunden
443 3089 113 43 war,
609 3071 96 51 sein
745 3069 162 51 letztes
952 3068 156 54 Werk
1155 3067 152 51 selber
1351 3064 46 52 in
1440 3063 180 70 Kupfer
1671 3081 57 32 zu

145 3158 190 52 stechen
374 3157 97 51 und
512 3156 132 51 dabei
686 3175 57 32 zu
782 3155 254 52 erblinden.
1096 3153 146 52 Dalür
1282 3151 112 51 aber
1434 3151 168 66 klagen
1643 3147 86 52 wir

145 3243 125 53 nicht
296 3243 106 68 jene
420 3241 102 51 Zeit
551 3259 72 42 an,
656 3240 201 52 sondern
876 3240 235 50 erkennen
1129 3237 127 51 darin
1279 3254 89 34 nur
1398 3235 71 50 die
1501 3232 230 70 tragische

145 3327 171 70 Mitgift
345 3327 81 51 des
457 3325 166 51 echten
655 3325 173 51 Genius
858 3325 46 49 in
933 3323 118 51 allen
1082 3322 175 59 Zeiten,
1299 3321 81 51 das
1411 3318 194 52 irdische
1638 3318 61 50 Ge-

147 3410 291 72 gengewicht
456 3426 148 52 gegen
627 3409 70 50 die
720 3407 347 52 überirdischen
1084 3407 240 59 Wonnen,
1357 3405 71 49 die
1459 3403 89 51 den
1571 3401 127 52 Hoch-

145 3496 234 70 begabten
421 3513 84 34 vor
543 3494 117 50 allen
705 3492 254 52 Menschen
1000 3491 210 51 zufallen.
1268 3490 126 52 Wer
1423 3487 308 52 Beethoven's

146 3583 232 52 Taubheit
406 3580 239 60 bedauert,
675 3579 107 51 thut
811 3577 132 51 recht
973 3577 95 51 und
1098 3575 281 52 menschlich
1409 3574 166 58 daran;
1620 3571 113 51 aber

147 3685 51 33 er
247 3683 216 52 vergesse
510 3663 139 59 nicht,
702 3661 104 52 dass
848 3661 107 51 dem
998 3660 174 52 tauben
1216 3659 192 52 Meister
1451 3656 282 52 himmlische

145 3751 316 53 Harmonieen
519 3749 277 68 geklungen,
870 3745 87 52 wie
1032 3745 64 51 sie
1163 3744 103 51 kein
1327 3741 251 54 Hörender
1652 3758 53 51 ge-

147 3837 125 50 ahnt.
331 3838 126 49 Ganz
518 3833 217 52 verkehrt
790 3830 59 52 ist
907 3847 49 34 es
1016 3829 127 61 aber,
1195 3828 156 52 solche
1394 3825 310 70 Ungerechtig-

146 3922 95 50 keit
270 3922 83 49 der
381 3920 148 61 Zeit,
561 3919 71 51 die
664 3919 43 51 in
729 3917 155 68 jedem
928 3915 280 60 „Künstlers
1638 3910 94 51 sich

147 4005 218 68 ereignen
409 4022 177 43 muss,
628 4000 361 55 ausschliesslich
1035 3999 105 51 dem
1188 3998 343 51 deutschen
1582 3995 150 52 Volke

145 4091 340 66 nachzusagen,
529 4089 87 51 wie
647 4088 122 51 denn
799 4084 223 55 Niemand
1051 4083 343 67 bereitwilliger
1423 4082 74 61 ist,
1539 4082 81 49 auf
1646 4079 87 51 den

145 4173 270 55 Deutschen
434 4191 55 34 zu
508 4172 268 69 schimpfen,
806 4172 65 51 als
903 4169 119 54 eben
1053 4168 81 52 der
1158 4165 264 61 Deutsche;
1454 4165 119 53 auch
1602 4165 39 53 F
1655 4183 29 33 u
1698 4163 34 51 1-

1827 261 117 54 ton,
1990 254 81 52 der
2099 253 221 52 Erfinder
2353 251 83 52 der
2466 249 343 70 Dampfschiffe,
2855 248 57 50 ist
2945 246 44 51 in
3021 245 84 52 der
3135 241 293 73 glücklichen

1823 339 477 70 Republik.America
2345 357 74 31 am
2466 334 305 53 Lebensende
2809 340 202 45 verarmt
3052 331 95 52 und
3198 331 229 66 Hungers

1826 424 265 67 gestorben,
2143 422 343 53 Goldsmith
2531 422 44 50 in
2608 419 211 71 England
2852 418 99 70 (vor
2983 416 203 51 hundert
3218 411 197 71 Jahren)

1826 509 328 67 dessgleichen.
2199 509 163 51 Dieses
2404 508 57 51 ist
2504 507 158 50 weder
2715 505 71 51 die
2828 503 178 52 Schuld
3045 503 81 52 des
3168 500 253 52 Künstlers

1825 593 119 51 noch
1997 593 83 51 der
2126 594 302 59 Menschheit,
2476 590 203 54 sondern
2728 590 72 51 die
2831 588 148 68 Folge
3022 588 82 52 des
3153 585 267 71 tragischen

1825 678 261 60 Conflictes,
2118 679 88 50 den
2236 679 80 50 das
2347 678 293 51 wahrhaft
2671 678 156 50 Neue
2853 673 226 70 jederzeit
3109 673 43 49 in
3177 672 83 50 der
3289 672 130 50 alten

1825 763 324 52 Philisterwelt
2180 762 282 51 durchleben
2493 780 151 40 muss;
2691 762 70 51 die
2803 759 297 54 vorhandene
3132 757 135 53 Welt
3299 756 118 52 wird

1822 849 148 53 durch
2001 848 90 51 den
2108 848 171 51 Genius
2312 856 93 42 erst
2438 848 281 68 geweckt
2748 866 55 32 zu
2836 863 152 33 neuen
3017 843 400 67 Anschauungen,

1823 936 164 51 darum
2019 935 119 49 kann
2170 933 79 60 sie,
2281 951 89 33 von
2401 950 165 33 neuem
2584 932 159 51 Lichte
2776 931 262 68 geblendet,
3069 930 78 50 ihn
3177 928 129 52 nicht
3339 945 50 34 so-

1822 1020 146 70 gleich
1994 1020 246 50 erkennen.
2273 1018 192 51 Könnte
2495 1016 65 51 sie
2591 1016 95 60 das,
2718 1034 50 33 so
2801 1020 126 47 wäre
2958 1016 63 49 sie
3046 1015 144 50 selbst
3215 1013 84 52 der
3320 1012 62 52 Ge-

1822 1106 103 51 nius
1958 1105 94 51 und
2083 1103 132 51 keine
2246 1103 183 51 Genie's
2460 1101 132 51 mehr
2622 1098 187 70 nöthig;
2857 1098 70 51 die
2959 1100 142 49 schon
3126 1100 116 66 jetzt
3271 1098 102 51 küm-

1823 1190 187 52 merlich
2042 1194 161 64 gesäet
2234 1189 115 59 sind,
2381 1186 194 52 würden
2607 1186 122 51 dann
2761 1184 207 69 gänzlich
2999 1182 287 52 aussterben.

1948 1276 141 51 Diese
2119 1275 253 53 Wahrheit
2417 1274 58 50 ist
2513 1272 173 51 bereits
2718 1289 52 33 so
2803 1269 143 53 trivial
2993 1267 268 69 geworden,
3307 1267 105 52 dass

3066 1342 3 7 •
3103 1343 6 4 •
3292 1342 7 7 «

1822 1361 118 52 auch
1971 1363 123 49 leere
2123 1361 154 69 Köpfe
2319 1360 63 51 sie
2415 1359 247 58 benutzen,
2702 1375 79 33 um
2823 1356 71 50 ihr
2922 1354 272 68 Misslingen
3224 1351 74 52 bei
3331 1352 82 52 der

1826 1448 135 52 Welt
1991 1448 81 49 mit
2103 1449 126 49 einer
2268 1444 306 68 hungernden
2608 1441 383 71 Märtyrerkrone
3021 1458 56 33 zu
3110 1439 302 59 umkränzen,

1826 1531 117 51 auch
1980 1549 137 33 wenn
2149 1531 62 50 sie
2244 1548 82 51 gar
2356 1529 148 52 nichts
2542 1528 202 68 tragisch
2773 1526 155 51 Neues
2970 1524 46 52 in
3058 1523 71 52 die
3161 1523 137 53 Welt
3331 1540 54 51 ge-

1826 1615 178 52 bracht.
2150 1615 268 51 Richard
2448 1615 267 66 Wagner
2744 1611 198 51 donnert
2973 1627 82 34 aus
3087 1608 81 50 der
3200 1606 211 52 Schweiz

1827 1703 123 49 seine
1981 1700 284 70 Philippiken
2311 1717 151 51 gegen
2507 1699 72 51 die
2611 1697 339 58 Philisterwelt,
2994 1695 72 50 die
3109 1712 50 33 er
3198 1693 86 51 seit
3323 1693 90 51 den

1827 1785 253 51 dresdener
2107 1784 279 51 Barricaden
2415 1783 121 51 noch
2566 1780 294 70 gründlicher
2892 1780 140 59 hasst,
3062 1778 64 49 als
3158 1794 156 35 zuvor.
3347 1778 66 48 Er

1826 1871 58 50 ist
1915 1871 124 50 nicht
2069 1869 120 51 ohne
2220 1868 273 69 Begabung,
2540 1867 123 51 seine
2690 1864 348 69 Jugendwerke
3082 1862 161 67 zeigen
3283 1860 134 51 einen

1827 1954 323 58 stürmischen,
2196 1952 370 70 vordringenden
2598 1951 144 58 Geist,
2787 1948 112 52 aber
2950 1948 74 51 ein
3067 1944 346 71 Schöpferisch-

1825 2042 155 51 Neues
2010 2039 118 51 eben
2160 2057 52 33 so
2244 2038 166 69 wenig,
2442 2038 65 51 als
2537 2036 139 52 Rob.
2709 2034 386 52 Schumann's
3125 2031 291 52 Reflexions-

1825 2127 178 51 Poesie.
2036 2127 254 66 Wagner's
2312 2122 279 53 ästhetische
2616 2121 229 52 Schriften
2876 2119 102 53 sind
3008 2118 233 51 durchaus
3271 2133 114 51 nega-

1823 2212 75 60 tiv,
1930 2212 139 50 kaum
2100 2211 43 49 in
2177 2210 222 50 höherem
2422 2208 139 51 Sinne
2580 2205 251 72 polemisch
2857 2224 56 31 zu
2937 2220 209 42 nennen;
3179 2201 71 51 ein
3281 2202 104 67 lang-

1825 2296 254 69 gedehntes
2119 2296 229 50 Lamento
2390 2292 115 51 über
2551 2292 73 51 die
2673 2288 451 68 „niederträchtigen
3156 2285 257 53 deutschen

1823 2380 473 60 Bühnen-Zustände,
2342 2379 82 50 auf
2455 2377 150 51 denen
2645 2394 97 33 nun
2771 2375 164 51 einmal
2966 2371 268 69 unmöglich
3265 2377 147 45 etwas

1825 2466 147 51 Gutes
1999 2464 222 68 gedeihen
2485 2469 86 44 etc.
2602 2462 63 50 So
2697 2459 144 52 recht.
2884 2459 194 59 „Wenn
3101 2456 84 51 der
3210 2455 205 51 Schwan

1822 2551 126 51 nicht
1978 2550 300 51 schwimmen
2310 2549 137 59 kann,
2476 2547 117 51 hat's
2626 2546 198 52 Wasser
3110 2540 265 52 —Sonder-

1825 2635 105 52 bar!
1980 2635 203 52 Warum
2213 2634 79 49 hat
2323 2633 318 67 Shakespeare
2682 2629 188 52 niemals
2911 2627 116 51 über
3058 2626 79 51 das
3168 2624 245 68 armselige

1823 2723 355 65 Brettergerüst
2236 2718 149 50 seines
2429 2716 243 51 Zeitalters
2730 2713 287 69 geschimpft,
3074 2710 202 52 sondern
3321 2725 91 35 nur

1827 2805 162 70 simple
2022 2803 223 52 Gedichte
2277 2801 316 70 geschrieben,
2624 2798 111 53 aber
2752 2817 51 34 so
2822 2798 142 59 stark,
2996 2796 104 52 dass
3133 2795 79 51 das
3237 2795 175 51 Gerüst

1825 2890 231 51 knackte?
2110 2889 88 50 Die
2244 2888 222 51 moderne
2494 2884 273 61 Krankheit,
2813 2883 71 51 die
2914 2883 135 52 Flöte
3090 2899 58 32 zu
3189 2879 224 60 schelten,

1823 2995 77 31 wo
1931 2993 106 32 man
2069 2973 124 52 nicht
2224 2973 163 69 pfeifen
2420 2972 134 58 kann,
2587 2988 96 33 war
2714 2988 58 31 zu
2798 2967 356 69 Shakespeare's
3184 2964 97 52 und
3306 2963 111 52 Seb.

1825 3059 161 52 Bach's
2008 3058 161 51 Zeiten
2198 3057 119 51 noch
2343 3055 124 53 nicht
2490 3054 239 52 erfunden.
2762 3050 284 61 Sonderbar,
3079 3049 107 51 dass
3217 3048 87 52 wir
3335 3064 85 35 aus

1818 3146 140 67 jenen
1989 3144 160 50 Zeiten
2179 3142 119 51 doch
2330 3160 51 33 so
2413 3139 245 69 gewaltige
2688 3135 319 54 Kunstwerke
3038 3134 224 51 besitzen.
3302 3134 119 50 Jene

1826 3228 260 69 einfältigen
2114 3227 193 52 Dichter
2338 3224 181 52 trieben
2549 3224 163 51 weiter
2742 3222 165 61 nichts,
2939 3221 64 50 als
3035 3219 72 51 ihr
3132 3217 287 61 Handwerk,

1826 3315 95 52 und
1952 3315 160 49 hatten
2155 3312 124 51 nicht
2309 3312 115 58 Zeit,
2470 3308 202 55 darüber
2714 3327 58 32 zu
2814 3306 276 59 schreiben;
3138 3302 281 71 ungeachtet

1829 3400 94 52 dies
1968 3417 97 33 nun
2108 3397 141 52 leider
2293 3415 51 33 so
2377 3414 112 42 war,
2531 3395 96 50 und
2672 3400 166 44 trotz
2888 3391 101 53 des
3020 3388 272 69 Mangels
3336 3386 52 50 al-

1827 3485 89 49 ler
1948 3482 314 52 centralen
2291 3480 420 52 Autoritäten
2743 3477 61 70 (in
2838 3476 83 52 der
2951 3472 334 53 dramatischen
3314 3470 97 50 und

1827 3567 347 54 musicalischen
2215 3565 254 68 Literatur)
2512 3563 200 53 wurden
2753 3562 126 52 nicht
2922 3560 124 52 bloss
3086 3558 96 50 ihre
3220 3556 196 60 Namen,

1830 3652 200 52 sondern
2072 3669 139 49 sogar
2251 3651 98 50 ihre
2386 3650 187 53 Werke
2613 3649 232 50 berühmt.
2890 3645 176 49 Unsere
3111 3640 309 70 geistreichen

1840 3737 212 60 „Bruder
2424 3735 229 69 dagegen,
2698 3732 70 51 die
2799 3730 91 52 sich
2921 3735 137 43 unter
3099 3727 91 49 Fr.
3234 3726 147 50 Bren-

1830 3823 66 50 de
1909 3823 61 49 l's
2001 3820 182 52 Schirm
2213 3820 331 52 verschworen
2588 3817 164 59 haben,
2796 3814 98 50 eine
2942 3810 205 52 centrale
3176 3809 244 52 Autorität

1825 3925 84 51 per
1934 3910 74 66 fas
2038 3919 39 39 et
2108 3910 126 66 nefas
2267 3924 57 33 zu
2356 3903 285 69 begründen,
2673 3900 93 52 und
2796 3899 70 51 die
2899 3895 120 53 eben
3050 3896 141 51 heute
3223 3896 70 48 lür
3325 3894 72 50 die-

1832 4011 83 33 sen
1944 3991 230 53 löblichen
2202 3990 171 52 Zweck
2417 3985 264 55 entsetzlich
2712 3983 195 68 agitiren
2947 3981 96 51 und
3073 3997 234 34 rasaunen

1832 4094 97 33 was
1959 4075 153 54 haben
2145 4075 63 52 sie
2241 4075 120 52 denn
2390 4091 95 33 nun
2516 4068 316 70 ausgewirkt?
2862 4066 122 51 Kein
3006 4064 192 52 Mensch
3226 4063 199 50 erkennt

1834 4163 97 51 ihre
1962 4162 241 53 Autorität
2234 4179 71 43 an,
2349 4157 95 53 und
2485 4155 70 54 die
2589 4155 149 52 Ritter
2777 4171 107 35 vom
2916 4150 157 54 Geiste
3105 4150 82 55 der
3218 4149 206 52 Zukunft
