2748 3957
236 3651 168 91 214

610 199 1575 99 TECHNOLOGIE

550 867 158 92 LE
776 857 483 102 MASTIC
1325 865 180 94 DE
1569 860 579 99 VITRERIE

198 1139 63 44 Le
291 1138 151 43 cahier
473 1135 185 54 général
692 1136 80 42 des
802 1134 203 52 charges,
1041 1133 154 44 article
1228 1133 77 47 66,

130 1200 165 53 stipule
328 1217 22 26 «
383 1217 86 34 que
499 1199 41 45 le
567 1199 159 41 mastic
757 1197 57 43 de
843 1198 181 44 vitrerie
1054 1213 99 25 sera
1185 1212 93 26 com-

134 1280 22 26 »
198 1265 115 50 posé
355 1261 57 44 de
452 1263 118 40 craie
610 1271 44 33 et
694 1258 170 44 d'huile
907 1258 58 45 de
1005 1257 59 44 lin
1105 1256 201 47 bouillie,

133 1341 23 26 »
199 1341 112 26 avec
339 1323 211 43 addition
581 1322 57 44 de
676 1320 88 53 1/3
797 1321 57 42 de
881 1322 158 40 céruse
1067 1336 117 34 pour
1212 1318 94 52 2/3

133 1402 24 28 »
201 1386 57 44 de
290 1387 119 44 craie
442 1394 45 33 et
520 1400 87 35 que
641 1383 41 47 le
715 1382 212 52 mélange
961 1399 98 25 sera
1093 1380 192 53 parfaite-

131 1464 24 27 »
198 1459 127 32 ment
358 1446 263 52 homogène
658 1461 42 28 ».

198 1520 192 46 D'autre
427 1529 116 42 part,
586 1519 40 43 le
663 1517 153 45 cahier
854 1519 83 42 des
971 1517 191 51 charges
1200 1526 109 42 type

129 1581 149 45 XXIII
318 1599 118 35 pour
475 1581 64 44 les
579 1582 274 50 entreprises
893 1579 59 46 de
993 1589 193 32 travaux
1228 1577 81 42 des

124 1644 206 44 chemins
357 1643 57 46 de
441 1642 69 44 fer
536 1642 58 44 de
622 1641 150 48 l'Etat,
800 1641 165 52 stipule
995 1658 86 34 que
1108 1658 51 25 ce
1187 1656 88 25 mas-

124 1709 59 40 tic
213 1722 98 26 sera
343 1707 196 50 préparé
568 1707 26 39 à
625 1704 109 52 pied
767 1703 209 43 d'œuvre
1006 1714 45 31 et
1080 1704 223 49 composé

125 1768 360 42 exclusivement
511 1766 58 45 de
593 1768 118 40 craie
736 1775 44 33 et
806 1764 170 43 d'huile
1003 1764 58 45 de
1085 1764 60 44 lin
1170 1764 133 47 cuite,

126 1828 41 44 le
192 1839 100 34 tout
315 1827 206 44 travaillé
543 1831 29 39 à
596 1827 42 43 la
663 1830 123 40 main
810 1825 181 54 jusqu'à
1016 1825 170 53 parfait
1211 1827 63 40 mé-

127 1891 147 52 lange,
309 1891 58 45 de
396 1892 201 41 manière
626 1892 27 40 à
682 1888 173 44 former
882 1905 90 26 une
999 1891 109 49 pâte
1136 1886 145 53 parfai-

127 1962 174 33 tement
329 1952 83 45 liée
441 1952 204 42 s'étirant
673 1969 57 25 en
760 1967 155 36 nappe
944 1952 162 41 mince.

198 2027 31 43 Il
255 2030 234 49 supprime
515 2026 123 43 donc
663 2025 245 44 l'addition
934 2025 59 44 de
1018 2026 291 47 céruse,mais

127 2106 56 25 ne
209 2091 174 51 précise
407 2105 83 35 pas
516 2105 92 28 non
635 2086 102 54 plus
763 2088 41 45 le
831 2086 174 52 dosage
1033 2086 58 48 de
1118 2086 42 43 la
1187 2088 119 40 craie

128 2161 46 35 et
204 2150 58 44 de
290 2149 154 45 l'huile
475 2150 57 43 de
562 2149 74 44 lin.
670 2149 133 45 Cette
832 2150 218 42 omission
1081 2159 67 32 est
1178 2150 104 49 répa-

122 2215 76 40 rée
227 2230 83 35 par
341 2213 41 44 le
409 2211 156 44 cahier
593 2211 82 43 des
705 2211 191 52 charges
925 2222 133 40 types
1087 2209 212 47 XXVIII,

126 2277 77 49 qui
231 2273 165 53 stipule
428 2291 119 35 page
584 2273 56 43 14
679 2291 10 25 :

226 2346 94 44 «Le
352 2349 161 41 mastic
543 2363 101 26 sera
675 2349 224 50 composé
934 2346 59 44 de
1026 2345 59 44 82
1122 2363 87 36 p.c.
1249 2346 57 43 de

127 2412 116 49 petit
292 2409 138 44 blanc
483 2408 328 53 parfaitement
866 2407 228 54 pulvérisé
1149 2416 46 34 et
1249 2407 58 43 de

135 2471 56 43 18
231 2489 87 34 p.c.
362 2470 170 47 d'huile
574 2470 57 44 de
670 2469 60 44 lin
771 2487 93 26 non
903 2472 118 44 cuite
1066 2488 10 25 :
1118 2469 188 44 Celle-ci

123 2550 101 26 sera
261 2533 137 45 claire
435 2546 46 32 et
518 2550 125 35 pure,
685 2532 139 44 d'une
862 2531 176 44 densité
1076 2533 228 49 comprise

123 2605 127 36 entre
280 2594 136 44 0.931
455 2605 44 32 et
528 2594 145 43 0.933
704 2599 28 40 à
765 2594 75 43 15°
868 2593 51 45 C.

195 2684 22 27 »
265 2667 63 45 Le
369 2671 160 41 mastic
570 2685 100 26 sera
712 2667 363 52 complètement
1117 2676 189 43 exempt

125 2731 58 46 de
209 2730 177 44 siccatif
415 2747 42 26 ».

191 2804 159 52 Quant
379 2822 57 25 au
467 2803 155 44 cahier
650 2804 82 43 des
758 2803 193 52 charges
978 2804 184 51 général
1193 2804 91 44 rela-

123 2866 53 43 tif
205 2883 89 26 aux
320 2869 275 50 entreprises
622 2865 58 47 de
709 2867 289 49 fournitures,
1030 2865 28 44 il
1086 2877 67 33 est
1180 2876 125 33 muet

122 2930 27 41 à
174 2945 52 29 ce
251 2932 131 50 sujet.

192 3001 63 44 La
287 3001 185 53 plupart
502 3002 81 43 des
610 3001 178 44 cahiers
817 3004 218 49 spéciaux
1066 3001 80 44 des
1177 3001 103 44 char-

125 3081 79 35 ges
242 3064 96 43 s'en
377 3067 208 40 tiennent
624 3081 90 26 aux
755 3063 275 44 indications
1070 3063 238 51 générales

127 3126 59 42 du
210 3125 154 44 cahier
388 3126 81 43 des
494 3125 191 53 charges
709 3137 109 41 type
841 3124 165 49 XXIII,
1037 3127 115 42 mais
1177 3125 103 44 d'au-

124 3198 104 38 tres,
271 3205 83 34 par
392 3189 41 45 le
475 3187 82 44 fait
595 3205 87 35 que
723 3187 41 44 le
804 3187 153 44 cahier
997 3187 185 53 général
1223 3187 83 44 des

123 3249 191 53 charges
345 3249 128 53 parle
508 3249 262 44 d'addition
805 3250 59 43 de
899 3252 171 47 céruse,
1106 3252 199 41 insèrent

124 3329 58 25 un
208 3311 155 44 article
391 3311 61 43 66
480 3311 279 44 modificatif
784 3321 189 44 portant
1007 3330 10 24 :

196 3402 24 26 €
259 3385 61 44 Le
351 3384 137 45 blanc
524 3386 57 43 de
614 3387 99 42 zinc
748 3386 286 51 remplacera
1070 3385 41 43 la
1148 3387 156 42 céruse

127 3460 114 42 dans
275 3462 41 42 la
351 3462 309 48 composition
697 3459 60 44 du
793 3462 160 40 mastic
991 3476 42 26 ».

1458 1135 327 52 L'expérience
1823 1146 237 33 montrant
2100 1137 139 51 qu'un
2277 1136 96 44 bon
2411 1140 160 40 mastic

1385 1196 58 48 de
1475 1200 182 40 vitrerie
1688 1207 111 42 peut
1830 1198 311 51 comprendre
2173 1200 301 49 uniquement
2505 1198 61 42 du

1384 1260 114 49 petit
1534 1258 137 42 blanc
1709 1277 55 24 en
1802 1259 181 51 poudre
2021 1268 45 33 et
2104 1260 58 43 de
2199 1259 155 44 l'huile
2392 1260 58 43 de
2488 1260 74 48 lin,

1381 1320 29 43 il
1446 1337 29 35 y
1509 1323 145 40 aurait
1690 1320 102 48 lieu,
1830 1331 99 32 tout
1966 1320 215 49 d'abord,
2223 1321 58 44 de
2315 1322 98 42 s'en
2449 1325 115 40 tenir

1381 1399 120 35 pour
1527 1395 103 31 tous
1655 1399 84 26 nos
1764 1382 176 44 cahiers
1967 1383 80 47 des
2071 1383 192 51 charges
2288 1386 27 39 à
2342 1402 76 25 ces
2445 1383 123 44 deux

1382 1442 236 45 éléments.

1450 1516 72 46 De
1559 1517 113 51 plus,
1713 1517 28 43 il
1777 1527 67 33 est
1879 1517 156 44 inutile
2072 1518 207 52 d'exiger
2315 1519 59 43 de
2410 1518 156 44 l'huile

1383 1578 59 47 de
1474 1579 60 43 lin
1569 1581 131 41 cuite.
1738 1579 76 45 On
1847 1590 263 41 augmente,
2150 1580 58 47 de
2241 1598 52 25 ce
2328 1580 95 51 fait,
2460 1597 105 27 sans

1379 1640 214 46 bénéfice
1621 1644 226 49 pratique,
1884 1642 41 43 le
1955 1645 108 39 coût
2097 1642 61 44 du
2188 1644 174 42 mastic.

1448 1713 194 45 D'autre
1668 1724 119 43 part,
1820 1733 88 28 une
1938 1715 139 44 étude
2107 1725 99 34 tant
2236 1719 210 49 pratique
2476 1733 89 35 que

1382 1775 253 53 théorique,
1672 1776 109 44 faite
1813 1794 83 35 par
1928 1776 41 47 le
2002 1779 173 42 service
2208 1778 242 52 technique
2484 1778 82 43 des

1379 1837 146 44 Voies
1561 1849 45 33 et
1643 1837 229 50 Travaux,
1913 1857 26 25 a
1979 1842 182 40 montré
2199 1856 89 35 que
2324 1839 44 44 la
2405 1850 161 33 teneur

1381 1902 207 50 imposée
1619 1900 59 43 de
1714 1900 11 43 1
1741 1900 28 43 8
1800 1918 87 35 p.c.
1919 1919 56 25 en
2004 1901 122 46 huile
2154 1902 59 44 de
2242 1902 60 43 lin
2329 1913 112 42 peut
2469 1905 97 40 être

1380 1972 445 42 avantageusement
1885 1962 244 44 diminuée.
2190 1963 67 44 En
2314 1964 130 47 effet,
2502 1963 64 43 les

1380 2027 185 40 mastics
1598 2027 220 50 préparés
1851 2042 113 25 avec
1997 2043 52 26 ce
2083 2025 177 52 dosage
2289 2036 106 34 sont
2428 2029 110 49 géné-

1381 2085 225 44 ralement
1636 2096 105 43 trop
1771 2103 148 32 mous,
1952 2096 45 34 et
2028 2086 254 45 durcissent
2312 2086 254 45 lentement

1383 2152 26 39 à
1437 2166 136 26 cause
1603 2149 58 43 de
1691 2149 97 43 leur
1816 2149 120 45 forte
1967 2161 160 33 teneur
2157 2168 57 26 en
2244 2150 122 44 huile
2397 2150 59 44 de
2486 2150 75 44 lin.

1449 2220 257 46 Différents
1737 2225 140 41 essais
1908 2233 81 34 ont
2023 2225 71 42 été
2127 2223 107 44 faits
2262 2241 60 25 au
2350 2227 121 49 sujet
2503 2224 59 43 du

1379 2286 160 40 mastic
1562 2284 207 43 travaillé
1790 2288 26 39 à
1839 2284 41 44 la
1903 2287 122 41 main
2049 2296 45 33 et
2115 2288 225 48 composé
2364 2286 58 45 de
2442 2287 122 41 craie

1379 2356 46 33 et
1459 2345 171 45 d'huile
1664 2346 58 44 de
1753 2346 61 44 lin
1846 2346 201 44 bouillie.
2081 2347 214 54 Ci-après
2327 2347 67 44 les
2425 2347 115 43 résul-

1379 2417 88 40 tats
1500 2425 10 25 :

1454 2481 11 43 I
1480 2486 14 14 °
1515 2481 164 45 Mastic
1699 2481 23 55 à
1745 2481 23 55 1
1791 2481 22 55 8
1835 2500 89 36 p.c.
1950 2482 184 44 d'huile.
2160 2482 213 44 Densité:
2403 2483 98 43 1.91
2518 2483 42 45 5.

1446 2542 127 54 Trop
1600 2561 123 33 mou,
1753 2543 117 44 n'est
1896 2563 85 34 pas
2006 2544 426 45 recommandable.

1448 2605 47 43 2°
1517 2605 163 44 Mastic
1699 2609 28 40 à
1756 2606 11 43 1
1787 2606 24 44 7
1836 2624 87 35 p.c.
1950 2606 184 45 d'huile.
2160 2606 211 44 Densité:
2403 2606 158 45 1.935.

1447 2667 435 44 Recommandable
1920 2686 120 35 pour
2077 2670 64 43 les
2181 2670 356 51 approvisionne-

1378 2740 162 33 ments.
1574 2730 114 44 Peut
1715 2733 95 45 être
1839 2734 224 40 conservé
2091 2730 209 53 pendant
2328 2749 60 26 un
2418 2749 72 24 an.

1449 2792 45 42 3°
1516 2791 165 45 Mastic
1702 2795 26 40 à
1756 2792 56 44 16
1834 2810 87 34 p.c.
1950 2792 184 46 d'huile.
2161 2792 210 44 Densité:
2403 2792 156 44 1.970.

1446 2864 434 45 Recommandable
1903 2883 118 36 pour
2046 2869 113 40 mise
2182 2883 57 26 en
2262 2883 159 28 œuvre
2447 2866 116 43 dans

1376 2926 65 44 les
1470 2927 122 44 deux
1618 2930 130 41 mois.

1444 3000 48 44 4°
1515 3000 164 45 Mastic
1700 3006 27 40 à
1755 3001 11 43 1
1784 3000 23 44 5
1833 3018 87 37 p.c.
1948 3001 184 46 d'huile.
2159 3001 210 44 Densité:
2395 3001 162 44 2.005.

1444 3074 32 44 II
1501 3074 118 44 n'est
1643 3092 84 35 pas
1752 3074 414 45 recommandable
2190 3085 45 34 et
2261 3074 110 45 d'un
2399 3074 162 44 travail

1377 3136 204 45 difficile.

1444 3209 456 53 Indépendamment
1935 3211 58 43 de
2028 3211 42 43 la
2105 3211 250 43 littérature
2389 3210 148 43 techni-

1377 3290 88 35 que
1499 3290 75 26 sur
1609 3272 43 44 la
1689 3275 204 46 matière,
1933 3272 244 44 différents
2213 3272 252 44 fabricants
2502 3272 60 42 de

1376 3337 160 41 mastic
1573 3347 81 31 ont
1688 3337 73 42 été
1793 3334 244 44 consultés.
2075 3334 32 44 Il
2142 3335 166 45 résulte
2347 3333 80 44 des
2460 3350 75 28 ren-

1376 3400 309 48 seignements
1717 3414 128 34 reçus
1877 3414 88 34 que
1999 3396 41 47 le
2074 3399 160 40 mastic
2268 3396 152 43 fourni
2453 3413 81 26 cou-

1376 3469 228 33 ramment
1632 3459 116 43 dans
1774 3459 40 43 le
1842 3474 263 30 commerce
2131 3466 69 35 est
2226 3458 211 52 fabriqué
2465 3461 94 39 mé-
