2705 4482
2318 3793 178 94 207

185 337 233 94 LA
548 314 470 120 CITÉ
1914 347 33 92 1
2018 347 181 92 92
2262 352 137 89 4.

331 632 129 52 tères
496 647 49 37 et
581 633 198 52 dessins
814 634 416 54 d'illustrations
1265 637 182 63 gravés
1481 656 88 33 sur
1603 639 258 52 linoléum
1898 642 157 51 n'ont
2091 658 110 47 pas,
2237 642 37 51 il
2312 656 73 37 est

329 719 132 56 vrai,
489 719 50 51 la
563 719 196 52 netteté
783 721 72 52 du
881 721 118 52 bois
1024 736 48 38 et
1096 741 63 33 ne
1183 737 320 51 permettent
1529 726 55 50 ni
1608 727 45 51 le
1677 726 288 66 fignolage,
1994 728 56 51 ni
2076 728 61 51 de
2163 728 221 64 grandes

329 822 209 33 masses.
577 804 108 52 Car
717 806 49 50 la
799 806 215 52 matière
1049 822 74 37 est
1156 809 179 51 tendre
1369 823 49 40 et
1452 809 215 53 réclame
1702 829 101 34 une
1837 812 277 65 technique
2149 812 233 65 spéciale,

328 907 85 35 car
436 891 70 51 les
530 891 147 52 noirs
701 893 369 51 annuleraient
1096 895 44 49 le
1166 909 140 36 texte
1331 896 108 51 s'ils
1463 896 365 65 s'imposaient
1856 911 123 52 trop
2006 898 374 58 brutalement,

332 994 121 34 sans
491 977 144 52 souci
674 978 87 51 des
798 980 208 50 valeurs
1043 981 506 63 proportionnelles.
1590 982 149 52 Pour
1778 985 105 49 s'en
1926 986 158 50 servir
2125 1003 120 33 avec
2286 999 97 42 art,

332 1063 35 51 il
400 1062 124 54 faut
554 1081 74 35 un
658 1083 115 33 sens
802 1065 61 51 de
893 1066 50 50 la
975 1084 200 33 mesure
1204 1081 49 37 et
1284 1085 101 33 une
1415 1067 253 52 dextérité
1698 1070 94 63 qui
1823 1088 62 33 ne
1916 1070 342 65 s'acquièrent
2291 1089 94 46 pas

331 1150 87 52 dès
449 1151 45 53 le
525 1151 225 65 premier
780 1151 142 52 essai.
957 1152 172 52 Outre
1160 1152 135 65 qu'il
1326 1155 73 51 ait
1432 1154 118 64 déjà
1582 1155 176 52 donné
1792 1156 60 51 de
1884 1156 221 65 grandes
2137 1157 247 65 planches

332 1236 325 54 décoratives
696 1237 134 53 d'un
869 1239 84 51 bel
992 1239 148 57 effet,
1182 1258 50 33 ce
1273 1239 218 64 procédé
1533 1241 249 52 convient
1822 1260 72 35 on
1933 1260 64 35 ne
2036 1258 128 49 peut
2205 1244 179 52 mieux

331 1340 143 46 pour
508 1323 72 52 les
616 1324 190 65 tirages
840 1325 267 51 restreints
1142 1339 48 37 et
1226 1326 69 50 les
1330 1325 349 66 périodiques.
1717 1326 102 52 Par
1852 1329 50 49 la
1937 1328 339 52 malléabilité
2312 1329 73 51 du

331 1410 115 51 lino
470 1423 50 38 et
545 1410 51 51 la
621 1410 299 65 possibilité
945 1411 162 51 d'une
1131 1411 279 53 exécution
1439 1413 196 63 rapide,
1663 1414 49 51 la
1739 1413 359 64 présentation
2128 1428 224 52 typogra-

329 1495 205 65 phique
562 1509 131 51 peut
722 1495 104 52 être
856 1495 225 66 changée
1113 1514 119 33 sans
1263 1498 195 63 grands
1488 1498 128 52 frais
1648 1499 108 51 lors
1786 1499 60 51 de
1877 1500 199 64 chaque
2107 1499 272 65 parution.

491 1582 221 57 Peeters,
751 1583 95 65 qui
883 1596 75 39 est
994 1601 181 37 encore
1212 1583 156 65 jeune
1521 1584 34 52 il
1596 1603 26 32 a
1663 1598 165 40 trente
1867 1603 92 35 ans
2112 1601 49 37 et
2200 1604 27 34 a
2266 1585 118 65 déjà

331 1667 249 66 pratiqué
616 1667 282 53 différents
931 1668 209 52 métiers
1175 1669 139 52 d'art
1348 1687 119 34 avec
1504 1669 183 57 succès,
1725 1690 137 31 nous
1897 1669 251 54 étonnera
2185 1688 195 35 encore.

329 1754 160 51 Nous
519 1772 257 47 pouvons
806 1754 45 52 le
881 1768 240 52 compter
1150 1757 172 63 parmi
1354 1757 70 51 les
1453 1756 263 52 meilleurs
1745 1771 287 39 novateurs
2063 1757 60 52 de
2153 1758 48 51 la
2233 1757 120 65 géné-

332 1839 178 54 ration
540 1841 97 66 qui
667 1839 177 56 réalise
872 1858 75 35 ses
975 1841 140 52 rêves
1143 1842 61 53 de
1232 1842 248 65 jeunesse.
1514 1842 224 57 Peintre,
1771 1861 239 47 graveur,
2044 1843 339 55 dessinateur,

333 1927 277 53 architecte
642 1927 326 58 d'intérieur,
1004 1927 321 58 décorateur,
1359 1928 244 57 écrivain,
1640 1947 97 33 son
1771 1930 209 50 activité
2015 1930 216 50 s'exerce
2265 1947 122 33 sous

332 2015 61 50 de
427 2013 280 66 multiples
738 2013 200 52 formes
972 2029 48 38 et
1055 2015 35 50 il
1127 2029 222 52 apporte
1383 2015 133 52 dans
1547 2015 49 52 la
1631 2015 346 66 propagande
2008 2016 202 51 intense
2246 2032 141 49 pour

331 2101 124 51 l'art
478 2101 270 57 moderne,
778 2119 113 34 non
916 2102 287 51 seulement
1231 2119 100 34 une
1356 2101 391 52 collaboration
1773 2102 183 56 active,
1983 2101 133 52 mais
2145 2119 73 34 un
2245 2102 140 63 large

332 2187 162 65 esprit
521 2187 62 52 de
609 2186 272 52 solidarité
907 2187 419 51 confraternelle.
1357 2187 190 58 Seules,
1579 2187 69 51 les
1676 2187 236 65 périodes
1940 2187 61 51 de
2027 2187 197 64 grande
2252 2187 135 50 lutte

332 2274 339 52 connaissent
704 2292 77 34 ces
812 2274 194 52 efforts
1037 2292 61 36 en
1129 2292 256 33 commun
1420 2289 49 37 et
1500 2275 36 51 il
1571 2288 74 38 est
1677 2273 206 66 parfois
1913 2273 380 53 émotionnant
2326 2274 61 51 de

331 2377 188 48 penser
552 2378 102 47 que
689 2378 139 34 nous
863 2360 195 51 vivons
1094 2378 100 33 une
1231 2360 116 51 telle
1380 2359 221 65 époque.
1639 2360 62 51 Je
1735 2360 148 51 viens
1917 2360 62 51 de
2013 2358 263 66 présenter
2313 2377 74 33 un

332 2446 180 54 artiste
538 2446 96 67 qui
663 2464 35 49 y
724 2446 280 53 contribue
1029 2446 62 53 de
1119 2459 177 38 toutes
1324 2463 73 34 ses
1425 2445 183 52 forces.

1556 2532 240 52 Maurice
1833 2531 396 53 CASTEELS.

1084 3372 26 27 J.
1131 3372 163 27 PEETERS.
1315 3372 20 27 -
1356 3372 61 27 CUL
1437 3374 46 24 DE
1503 3372 131 26 LAMPE.
