<?xml version="1.0" encoding="UTF-8"?>
<alto xmlns:xsi="http://www.w3.org/2001/XMLSchema-instance" xmlns="http://www.loc.gov/standards/alto/ns-v2#" xsi:schemaLocation="http://www.loc.gov/standards/alto/ns-v2# http://www.loc.gov/standards/alto/alto-v2.0.xsd" xmlns:xlink="http://www.w3.org/1999/xlink">
	<Description>
		<MeasurementUnit>mm10</MeasurementUnit>
		<sourceImageInformation>
			<fileName>//fileserver7/IN2-2/Princeton/bmtnabb/1914/12_02/00000095.tif</fileName>
		</sourceImageInformation>
		<OCRProcessing ID="OCRPROCESSING_1">
			<preProcessingStep>
				<processingSoftware>
					<softwareCreator>CCS Content Conversion Specialists GmbH, Germany</softwareCreator>
					<softwareName>CCS docWorks</softwareName>
					<softwareVersion>6.7-1.24</softwareVersion>
				</processingSoftware>
			</preProcessingStep>
			<ocrProcessingStep>
				<processingSoftware>
					<softwareCreator>ABBYY (BIT Software), Russia</softwareCreator>
					<softwareName>FineReader</softwareName>
					<softwareVersion>10.0</softwareVersion>
				</processingSoftware>
			</ocrProcessingStep>
		</OCRProcessing>
	</Description>
	<Styles>
		<TextStyle ID="TXT_0" FONTSIZE="10" FONTFAMILY="Times New Roman"/>
		<TextStyle ID="TXT_1" FONTSIZE="61" FONTFAMILY="Arial"/>
		<TextStyle ID="TXT_2" FONTSIZE="22" FONTFAMILY="swe.fontfile_7"/>
		<TextStyle ID="TXT_3" FONTSIZE="22" FONTFAMILY="swe.fontfile_5"/>
		<TextStyle ID="TXT_4" FONTSIZE="22" FONTFAMILY="swe.fontfile_6"/>
		<TextStyle ID="TXT_5" FONTSIZE="23" FONTFAMILY="swe.fontfile_7"/>
		<TextStyle ID="TXT_6" FONTSIZE="24" FONTFAMILY="swe.fontfile_7"/>
		<TextStyle ID="TXT_7" FONTSIZE="21" FONTFAMILY="swe.fontfile_7"/>
		<ParagraphStyle ID="PAR_CENTER" ALIGN="Center"/>
		<ParagraphStyle ID="PAR_BLOCK" ALIGN="Block"/>
	</Styles>
	<Layout>
		<Page ID="P11" PHYSICAL_IMG_NR="11" HEIGHT="4384" WIDTH="2608" PRINTED_IMG_NR="83" PC="1.000">
			<TopMargin ID="P11_TM00001" HPOS="0" VPOS="0" WIDTH="2608" HEIGHT="563"/>
			<LeftMargin ID="P11_LM00001" HPOS="0" VPOS="563" WIDTH="243" HEIGHT="3582"/>
			<RightMargin ID="P11_RM00001" HPOS="2347" VPOS="563" WIDTH="261" HEIGHT="3582"/>
			<BottomMargin ID="P11_BM00001" HPOS="0" VPOS="4145" WIDTH="2608" HEIGHT="239">
				<TextBlock ID="P11_TB00001" HPOS="1264" VPOS="4148" WIDTH="59" HEIGHT="46" STYLEREFS="TXT_0 PAR_CENTER">
					<TextLine ID="P11_TL00001" HPOS="1264" VPOS="4148" WIDTH="59" HEIGHT="46">
						<String ID="P11_ST00001" HPOS="1264" VPOS="4148" WIDTH="59" HEIGHT="46" CONTENT="83" WC="1.00" CC="00"/>
					</TextLine>
				</TextBlock>
			</BottomMargin>
			<PrintSpace ID="P11_PS00001" HPOS="243" VPOS="563" WIDTH="2104" HEIGHT="3582">
				<TextBlock ID="P11_TB00002" HPOS="243" VPOS="563" WIDTH="2104" HEIGHT="3060" STYLEREFS="TXT_1 PAR_BLOCK">
					<TextLine ID="P11_TL00002" HPOS="361" VPOS="563" WIDTH="1986" HEIGHT="61">
						<String ID="P11_ST00002" HPOS="361" VPOS="565" WIDTH="341" HEIGHT="57" CONTENT="Der-Gedanke" WC="1.00" CC="33333333333" STYLEREFS="TXT_2"/>
						<SP ID="P11_SP00001" HPOS="702" VPOS="622" WIDTH="31"/>
						<String ID="P11_ST00003" HPOS="733" VPOS="569" WIDTH="80" HEIGHT="44" CONTENT="des" WC="1.00" CC="111" STYLEREFS="TXT_2"/>
						<SP ID="P11_SP00002" HPOS="813" VPOS="622" WIDTH="32"/>
						<String ID="P11_ST00004" HPOS="845" VPOS="565" WIDTH="233" HEIGHT="57" CONTENT="deutschen" WC="1.00" CC="222222222" STYLEREFS="TXT_2"/>
						<SP ID="P11_SP00003" HPOS="1078" VPOS="622" WIDTH="23"/>
						<String ID="P11_ST00005" HPOS="1101" VPOS="566" WIDTH="173" HEIGHT="47" CONTENT="Gottes" WC="1.00" CC="222222" STYLEREFS="TXT_2"/>
						<SP ID="P11_SP00004" HPOS="1274" VPOS="622" WIDTH="28"/>
						<String ID="P11_ST00006" HPOS="1302" VPOS="563" WIDTH="157" HEIGHT="59" CONTENT="müßte" WC="1.00" CC="11111" STYLEREFS="TXT_2"/>
						<SP ID="P11_SP00005" HPOS="1459" VPOS="622" WIDTH="22"/>
						<String ID="P11_ST00007" HPOS="1481" VPOS="564" WIDTH="114" HEIGHT="46" CONTENT="aber" WC="1.00" CC="1111" STYLEREFS="TXT_3"/>
						<SP ID="P11_SP00006" HPOS="1595" VPOS="622" WIDTH="22"/>
						<String ID="P11_ST00008" HPOS="1617" VPOS="578" WIDTH="95" HEIGHT="34" CONTENT="nun" WC="1.00" CC="111" STYLEREFS="TXT_4"/>
						<SP ID="P11_SP00007" HPOS="1712" VPOS="622" WIDTH="24"/>
						<String ID="P11_ST00009" HPOS="1736" VPOS="563" WIDTH="104" HEIGHT="59" CONTENT="sehr" WC="1.00" CC="1111" STYLEREFS="TXT_2"/>
						<SP ID="P11_SP00008" HPOS="1840" VPOS="622" WIDTH="20"/>
						<String ID="P11_ST00010" HPOS="1860" VPOS="566" WIDTH="117" HEIGHT="56" CONTENT="nahe" WC="1.00" CC="1111" STYLEREFS="TXT_2"/>
						<SP ID="P11_SP00009" HPOS="1977" VPOS="622" WIDTH="23"/>
						<String ID="P11_ST00011" HPOS="2000" VPOS="564" WIDTH="159" HEIGHT="60" CONTENT="liegen." WC="1.00" CC="1111111" STYLEREFS="TXT_2"/>
						<SP ID="P11_SP00010" HPOS="2159" VPOS="624" WIDTH="30"/>
						<String ID="P11_ST00012" HPOS="2189" VPOS="566" WIDTH="158" HEIGHT="46" CONTENT="Wenn" WC="1.00" CC="1111" STYLEREFS="TXT_2"/>
					</TextLine>
					<TextLine ID="P11_TL00003" HPOS="245" VPOS="643" WIDTH="2100" HEIGHT="61">
						<String ID="P11_ST00013" HPOS="245" VPOS="650" WIDTH="70" HEIGHT="45" CONTENT="ein" WC="1.00" CC="111" STYLEREFS="TXT_5"/>
						<SP ID="P11_SP00011" HPOS="315" VPOS="695" WIDTH="32"/>
						<String ID="P11_ST00014" HPOS="347" VPOS="643" WIDTH="360" HEIGHT="61" CONTENT="urteilsfähiger" WC="1.00" CC="11111111111111" STYLEREFS="TXT_5"/>
						<SP ID="P11_SP00012" HPOS="707" VPOS="704" WIDTH="30"/>
						<String ID="P11_ST00015" HPOS="737" VPOS="647" WIDTH="288" HEIGHT="57" CONTENT="Protestant," WC="1.00" CC="11111111111" STYLEREFS="TXT_5"/>
						<SP ID="P11_SP00013" HPOS="1025" VPOS="704" WIDTH="34"/>
						<String ID="P11_ST00016" HPOS="1059" VPOS="650" WIDTH="80" HEIGHT="43" CONTENT="der" WC="1.00" CC="111" STYLEREFS="TXT_5"/>
						<SP ID="P11_SP00014" HPOS="1139" VPOS="704" WIDTH="31"/>
						<String ID="P11_ST00017" HPOS="1170" VPOS="645" WIDTH="77" HEIGHT="56" CONTENT="sich" WC="1.00" CC="1111" STYLEREFS="TXT_5"/>
						<SP ID="P11_SP00015" HPOS="1247" VPOS="704" WIDTH="34"/>
						<String ID="P11_ST00018" HPOS="1281" VPOS="647" WIDTH="115" HEIGHT="54" CONTENT="nicht" WC="1.00" CC="22222" STYLEREFS="TXT_5"/>
						<SP ID="P11_SP00016" HPOS="1396" VPOS="704" WIDTH="34"/>
						<String ID="P11_ST00019" HPOS="1430" VPOS="646" WIDTH="136" HEIGHT="56" CONTENT="durch" WC="1.00" CC="11111" STYLEREFS="TXT_5"/>
						<SP ID="P11_SP00017" HPOS="1566" VPOS="704" WIDTH="32"/>
						<String ID="P11_ST00020" HPOS="1598" VPOS="647" WIDTH="68" HEIGHT="45" CONTENT="die" WC="1.00" CC="111" STYLEREFS="TXT_5"/>
						<SP ID="P11_SP00018" HPOS="1666" VPOS="704" WIDTH="31"/>
						<String ID="P11_ST00021" HPOS="1697" VPOS="645" WIDTH="174" HEIGHT="55" CONTENT="Schale" WC="1.00" CC="111111" STYLEREFS="TXT_5"/>
						<SP ID="P11_SP00019" HPOS="1871" VPOS="704" WIDTH="31"/>
						<String ID="P11_ST00022" HPOS="1902" VPOS="646" WIDTH="94" HEIGHT="46" CONTENT="irre" WC="1.00" CC="1111" STYLEREFS="TXT_5"/>
						<SP ID="P11_SP00020" HPOS="1996" VPOS="704" WIDTH="17"/>
						<String ID="P11_ST00023" HPOS="2013" VPOS="647" WIDTH="180" HEIGHT="55" CONTENT="machen" WC="1.00" CC="222222" STYLEREFS="TXT_5"/>
						<SP ID="P11_SP00021" HPOS="2193" VPOS="704" WIDTH="34"/>
						<String ID="P11_ST00024" HPOS="2227" VPOS="643" WIDTH="118" HEIGHT="59" CONTENT="läßt," WC="1.00" CC="11111" STYLEREFS="TXT_5"/>
					</TextLine>
					<TextLine ID="P11_TL00004" HPOS="244" VPOS="725" WIDTH="2100" HEIGHT="60">
						<String ID="P11_ST00025" HPOS="244" VPOS="731" WIDTH="86" HEIGHT="43" CONTENT="den" WC="1.00" CC="111" STYLEREFS="TXT_2"/>
						<SP ID="P11_SP00022" HPOS="330" VPOS="774" WIDTH="21"/>
						<String ID="P11_ST00026" HPOS="351" VPOS="727" WIDTH="244" HEIGHT="58" CONTENT="englischen" WC="1.00" CC="2222222222" STYLEREFS="TXT_2"/>
						<SP ID="P11_SP00023" HPOS="595" VPOS="785" WIDTH="24"/>
						<String ID="P11_ST00027" HPOS="619" VPOS="728" WIDTH="442" HEIGHT="57" CONTENT="Protestantismus," WC="1.00" CC="1111111111111111" STYLEREFS="TXT_2"/>
						<SP ID="P11_SP00024" HPOS="1061" VPOS="785" WIDTH="24"/>
						<String ID="P11_ST00028" HPOS="1085" VPOS="731" WIDTH="80" HEIGHT="41" CONTENT="der" WC="1.00" CC="111" STYLEREFS="TXT_2"/>
						<SP ID="P11_SP00025" HPOS="1165" VPOS="785" WIDTH="22"/>
						<String ID="P11_ST00029" HPOS="1187" VPOS="725" WIDTH="237" HEIGHT="59" CONTENT="ofsiziellen" WC="1.00" CC="22222222222" STYLEREFS="TXT_2"/>
						<SP ID="P11_SP00026" HPOS="1424" VPOS="785" WIDTH="23"/>
						<String ID="P11_ST00030" HPOS="1447" VPOS="727" WIDTH="193" HEIGHT="54" CONTENT="Kirchen" WC="1.00" CC="1111111" STYLEREFS="TXT_2"/>
						<SP ID="P11_SP00027" HPOS="1640" VPOS="785" WIDTH="20"/>
						<String ID="P11_ST00031" HPOS="1660" VPOS="728" WIDTH="86" HEIGHT="44" CONTENT="wie" WC="1.00" CC="111" STYLEREFS="TXT_2"/>
						<SP ID="P11_SP00028" HPOS="1746" VPOS="785" WIDTH="21"/>
						<String ID="P11_ST00032" HPOS="1767" VPOS="730" WIDTH="80" HEIGHT="42" CONTENT="der" WC="1.00" CC="111" STYLEREFS="TXT_2"/>
						<SP ID="P11_SP00029" HPOS="1847" VPOS="785" WIDTH="17"/>
						<String ID="P11_ST00033" HPOS="1864" VPOS="726" WIDTH="190" HEIGHT="56" CONTENT="Sekten," WC="1.00" CC="1111111" STYLEREFS="TXT_2"/>
						<SP ID="P11_SP00030" HPOS="2054" VPOS="785" WIDTH="24"/>
						<String ID="P11_ST00034" HPOS="2078" VPOS="726" WIDTH="266" HEIGHT="57" CONTENT="betrachtet," WC="1.00" CC="11111111111" STYLEREFS="TXT_2"/>
					</TextLine>
					<TextLine ID="P11_TL00005" HPOS="245" VPOS="806" WIDTH="2101" HEIGHT="60">
						<String ID="P11_ST00035" HPOS="245" VPOS="808" WIDTH="60" HEIGHT="56" CONTENT="so" WC="1.00" CC="11"/>
						<SP ID="P11_SP00031" HPOS="305" VPOS="864" WIDTH="19"/>
						<String ID="P11_ST00036" HPOS="324" VPOS="808" WIDTH="110" HEIGHT="56" CONTENT="muß" WC="1.00" CC="111"/>
						<SP ID="P11_SP00032" HPOS="434" VPOS="864" WIDTH="35"/>
						<String ID="P11_ST00037" HPOS="469" VPOS="821" WIDTH="48" HEIGHT="32" CONTENT="er" WC="1.00" CC="11"/>
						<SP ID="P11_SP00033" HPOS="517" VPOS="864" WIDTH="32"/>
						<String ID="P11_ST00038" HPOS="549" VPOS="811" WIDTH="103" HEIGHT="53" CONTENT="doch" WC="1.00" CC="1111"/>
						<SP ID="P11_SP00034" HPOS="652" VPOS="864" WIDTH="23"/>
						<String ID="P11_ST00039" HPOS="675" VPOS="806" WIDTH="156" HEIGHT="60" CONTENT="sagen," WC="1.00" CC="222222"/>
						<SP ID="P11_SP00035" HPOS="831" VPOS="866" WIDTH="35"/>
						<String ID="P11_ST00040" HPOS="866" VPOS="807" WIDTH="94" HEIGHT="56" CONTENT="daß" WC="1.00" CC="111"/>
						<SP ID="P11_SP00036" HPOS="960" VPOS="866" WIDTH="34"/>
						<String ID="P11_ST00041" HPOS="994" VPOS="808" WIDTH="68" HEIGHT="45" CONTENT="ein" WC="1.00" CC="111"/>
						<SP ID="P11_SP00037" HPOS="1062" VPOS="866" WIDTH="24"/>
						<String ID="P11_ST00042" HPOS="1086" VPOS="806" WIDTH="225" HEIGHT="56" CONTENT="deutscher" WC="1.00" CC="111111111"/>
						<SP ID="P11_SP00038" HPOS="1311" VPOS="866" WIDTH="19"/>
						<String ID="P11_ST00043" HPOS="1330" VPOS="806" WIDTH="229" HEIGHT="56" CONTENT="Katholik" WC="1.00" CC="11111111"/>
						<SP ID="P11_SP00039" HPOS="1559" VPOS="866" WIDTH="25"/>
						<String ID="P11_ST00044" HPOS="1584" VPOS="806" WIDTH="93" HEIGHT="46" CONTENT="ihm" WC="1.00" CC="222"/>
						<SP ID="P11_SP00040" HPOS="1677" VPOS="866" WIDTH="22"/>
						<String ID="P11_ST00045" HPOS="1699" VPOS="810" WIDTH="303" HEIGHT="42" CONTENT="verwandter" WC="1.00" CC="1111111111"/>
						<SP ID="P11_SP00041" HPOS="2002" VPOS="866" WIDTH="21"/>
						<String ID="P11_ST00046" HPOS="2023" VPOS="807" WIDTH="71" HEIGHT="57" CONTENT="ist;" WC="1.00" CC="1111"/>
						<SP ID="P11_SP00042" HPOS="2094" VPOS="866" WIDTH="32"/>
						<String ID="P11_ST00047" HPOS="2126" VPOS="810" WIDTH="118" HEIGHT="42" CONTENT="denn" WC="1.00" CC="1111"/>
						<SP ID="P11_SP00043" HPOS="2244" VPOS="866" WIDTH="32"/>
						<String ID="P11_ST00048" HPOS="2276" VPOS="807" WIDTH="70" HEIGHT="45" CONTENT="die" WC="1.00" CC="111"/>
					</TextLine>
					<TextLine ID="P11_TL00006" HPOS="245" VPOS="883" WIDTH="2102" HEIGHT="63">
						<String ID="P11_ST00049" HPOS="245" VPOS="886" WIDTH="214" HEIGHT="60" CONTENT="englische" WC="1.00" CC="111111111"/>
						<SP ID="P11_SP00044" HPOS="459" VPOS="946" WIDTH="21"/>
						<String ID="P11_ST00050" HPOS="480" VPOS="887" WIDTH="219" HEIGHT="59" CONTENT="Religion" WC="1.00" CC="11111111"/>
						<SP ID="P11_SP00045" HPOS="699" VPOS="946" WIDTH="32"/>
						<String ID="P11_ST00051" HPOS="731" VPOS="889" WIDTH="51" HEIGHT="57" CONTENT="ist" WC="1.00" CC="111"/>
						<SP ID="P11_SP00046" HPOS="782" VPOS="946" WIDTH="31"/>
						<String ID="P11_ST00052" HPOS="813" VPOS="890" WIDTH="143" HEIGHT="54" CONTENT="nichts" WC="1.00" CC="222222"/>
						<SP ID="P11_SP00047" HPOS="956" VPOS="946" WIDTH="33"/>
						<String ID="P11_ST00053" HPOS="989" VPOS="888" WIDTH="86" HEIGHT="45" CONTENT="wie" WC="1.00" CC="111"/>
						<SP ID="P11_SP00048" HPOS="1075" VPOS="946" WIDTH="32"/>
						<String ID="P11_ST00054" HPOS="1107" VPOS="888" WIDTH="93" HEIGHT="45" CONTENT="eine" WC="1.00" CC="1111"/>
						<SP ID="P11_SP00049" HPOS="1200" VPOS="946" WIDTH="20"/>
						<String ID="P11_ST00055" HPOS="1220" VPOS="886" WIDTH="333" HEIGHT="58" CONTENT="Versicherung" WC="1.00" CC="222222222222"/>
						<SP ID="P11_SP00050" HPOS="1553" VPOS="946" WIDTH="21"/>
						<String ID="P11_ST00056" HPOS="1574" VPOS="900" WIDTH="54" HEIGHT="42" CONTENT="zu" WC="1.00" CC="11"/>
						<SP ID="P11_SP00051" HPOS="1628" VPOS="946" WIDTH="22"/>
						<String ID="P11_ST00057" HPOS="1650" VPOS="883" WIDTH="228" HEIGHT="61" CONTENT="möglichst" WC="1.00" CC="111111111"/>
						<SP ID="P11_SP00052" HPOS="1878" VPOS="946" WIDTH="22"/>
						<String ID="P11_ST00058" HPOS="1900" VPOS="888" WIDTH="230" HEIGHT="56" CONTENT="niedriger" WC="1.00" CC="111111111"/>
						<SP ID="P11_SP00053" HPOS="2130" VPOS="946" WIDTH="20"/>
						<String ID="P11_ST00059" HPOS="2150" VPOS="883" WIDTH="197" HEIGHT="61" CONTENT="Prämie" WC="1.00" CC="111111"/>
					</TextLine>
					<TextLine ID="P11_TL00007" HPOS="244" VPOS="965" WIDTH="2102" HEIGHT="61">
						<String ID="P11_ST00060" HPOS="244" VPOS="967" WIDTH="89" HEIGHT="58" CONTENT="auf" WC="1.00" CC="111" STYLEREFS="TXT_6"/>
						<SP ID="P11_SP00054" HPOS="333" VPOS="1025" WIDTH="30"/>
						<String ID="P11_ST00061" HPOS="363" VPOS="965" WIDTH="305" HEIGHT="61" CONTENT="persönliches" WC="1.00" CC="222222222222" STYLEREFS="TXT_6"/>
						<SP ID="P11_SP00055" HPOS="668" VPOS="1026" WIDTH="31"/>
						<String ID="P11_ST00062" HPOS="699" VPOS="968" WIDTH="344" HEIGHT="58" CONTENT="Wohlergehen" WC="1.00" CC="11111111111" STYLEREFS="TXT_6"/>
						<SP ID="P11_SP00056" HPOS="1043" VPOS="1026" WIDTH="43"/>
						<String ID="P11_ST00063" HPOS="1086" VPOS="968" WIDTH="47" HEIGHT="45" CONTENT="in" WC="1.00" CC="11" STYLEREFS="TXT_6"/>
						<SP ID="P11_SP00057" HPOS="1133" VPOS="1026" WIDTH="44"/>
						<String ID="P11_ST00064" HPOS="1177" VPOS="967" WIDTH="163" HEIGHT="57" CONTENT="diesem" WC="1.00" CC="111111" STYLEREFS="TXT_6"/>
						<SP ID="P11_SP00058" HPOS="1340" VPOS="1026" WIDTH="44"/>
						<String ID="P11_ST00065" HPOS="1384" VPOS="972" WIDTH="94" HEIGHT="41" CONTENT="und" WC="1.00" CC="111" STYLEREFS="TXT_6"/>
						<SP ID="P11_SP00059" HPOS="1478" VPOS="1026" WIDTH="39"/>
						<String ID="P11_ST00066" HPOS="1517" VPOS="969" WIDTH="142" HEIGHT="56" CONTENT="jenem" WC="1.00" CC="11111" STYLEREFS="TXT_6"/>
						<SP ID="P11_SP00060" HPOS="1659" VPOS="1026" WIDTH="32"/>
						<String ID="P11_ST00067" HPOS="1691" VPOS="966" WIDTH="163" HEIGHT="57" CONTENT="Leben," WC="1.00" CC="222222" STYLEREFS="TXT_6"/>
						<SP ID="P11_SP00061" HPOS="1854" VPOS="1026" WIDTH="43"/>
						<String ID="P11_ST00068" HPOS="1897" VPOS="979" WIDTH="153" HEIGHT="46" CONTENT="genau" WC="1.00" CC="11111" STYLEREFS="TXT_6"/>
						<SP ID="P11_SP00062" HPOS="2050" VPOS="1026" WIDTH="40"/>
						<String ID="P11_ST00069" HPOS="2090" VPOS="966" WIDTH="62" HEIGHT="58" CONTENT="so" WC="1.00" CC="11" STYLEREFS="TXT_6"/>
						<SP ID="P11_SP00063" HPOS="2152" VPOS="1026" WIDTH="28"/>
						<String ID="P11_ST00070" HPOS="2180" VPOS="969" WIDTH="86" HEIGHT="44" CONTENT="wie" WC="1.00" CC="111" STYLEREFS="TXT_6"/>
						<SP ID="P11_SP00064" HPOS="2266" VPOS="1026" WIDTH="32"/>
						<String ID="P11_ST00071" HPOS="2298" VPOS="980" WIDTH="48" HEIGHT="32" CONTENT="es" WC="1.00" CC="11" STYLEREFS="TXT_6"/>
					</TextLine>
					<TextLine ID="P11_TL00008" HPOS="243" VPOS="1034" WIDTH="2104" HEIGHT="73">
						<String ID="P11_ST00072" HPOS="243" VPOS="1048" WIDTH="185" HEIGHT="57" CONTENT="kindlich" WC="1.00" CC="11111111" STYLEREFS="TXT_2"/>
						<SP ID="P11_SP00065" HPOS="428" VPOS="1105" WIDTH="34"/>
						<String ID="P11_ST00073" HPOS="462" VPOS="1051" WIDTH="63" HEIGHT="44" CONTENT="im" WC="1.00" CC="11" STYLEREFS="TXT_2"/>
						<SP ID="P11_SP00066" HPOS="525" VPOS="1105" WIDTH="20"/>
						<String ID="P11_ST00074" HPOS="545" VPOS="1034" WIDTH="214" HEIGHT="73" CONTENT="Dekalog" WC="1.00" CC="1111111" STYLEREFS="TXT_2"/>
						<SP ID="P11_SP00067" HPOS="759" VPOS="1107" WIDTH="22"/>
						<String ID="P11_ST00075" HPOS="781" VPOS="1046" WIDTH="304" HEIGHT="61" CONTENT="ausgedrückt" WC="1.00" CC="22222222222" STYLEREFS="TXT_2"/>
						<SP ID="P11_SP00068" HPOS="1085" VPOS="1107" WIDTH="32"/>
						<String ID="P11_ST00076" HPOS="1117" VPOS="1050" WIDTH="73" HEIGHT="55" CONTENT="ist:" WC="1.00" CC="1111" STYLEREFS="TXT_2"/>
						<SP ID="P11_SP00069" HPOS="1190" VPOS="1107" WIDTH="35"/>
						<String ID="P11_ST00077" HPOS="1225" VPOS="1046" WIDTH="117" HEIGHT="60" CONTENT="»auf" WC="1.00" CC="1111" STYLEREFS="TXT_2"/>
						<SP ID="P11_SP00070" HPOS="1342" VPOS="1107" WIDTH="28"/>
						<String ID="P11_ST00078" HPOS="1370" VPOS="1048" WIDTH="95" HEIGHT="57" CONTENT="daß" WC="1.00" CC="111" STYLEREFS="TXT_2"/>
						<SP ID="P11_SP00071" HPOS="1465" VPOS="1107" WIDTH="35"/>
						<String ID="P11_ST00079" HPOS="1500" VPOS="1062" WIDTH="48" HEIGHT="32" CONTENT="es" WC="1.00" CC="11" STYLEREFS="TXT_2"/>
						<SP ID="P11_SP00072" HPOS="1548" VPOS="1107" WIDTH="22"/>
						<String ID="P11_ST00080" HPOS="1570" VPOS="1050" WIDTH="73" HEIGHT="44" CONTENT="dir" WC="1.00" CC="111" STYLEREFS="TXT_2"/>
						<SP ID="P11_SP00073" HPOS="1643" VPOS="1107" WIDTH="31"/>
						<String ID="P11_ST00081" HPOS="1674" VPOS="1048" WIDTH="291" HEIGHT="58" CONTENT="wohlergehe" WC="1.00" CC="1111111111" STYLEREFS="TXT_2"/>
						<SP ID="P11_SP00074" HPOS="1965" VPOS="1107" WIDTH="31"/>
						<String ID="P11_ST00082" HPOS="1996" VPOS="1052" WIDTH="94" HEIGHT="42" CONTENT="und" WC="1.00" CC="111" STYLEREFS="TXT_2"/>
						<SP ID="P11_SP00075" HPOS="2090" VPOS="1107" WIDTH="34"/>
						<String ID="P11_ST00083" HPOS="2124" VPOS="1051" WIDTH="60" HEIGHT="42" CONTENT="du" WC="1.00" CC="11" STYLEREFS="TXT_2"/>
						<SP ID="P11_SP00076" HPOS="2184" VPOS="1107" WIDTH="23"/>
						<String ID="P11_ST00084" HPOS="2207" VPOS="1048" WIDTH="140" HEIGHT="57" CONTENT="lange" WC="1.00" CC="11111" STYLEREFS="TXT_2"/>
					</TextLine>
					<TextLine ID="P11_TL00009" HPOS="243" VPOS="1126" WIDTH="2104" HEIGHT="61">
						<String ID="P11_ST00085" HPOS="243" VPOS="1129" WIDTH="136" HEIGHT="57" CONTENT="lebest" WC="1.00" CC="111111" STYLEREFS="TXT_7"/>
						<SP ID="P11_SP00077" HPOS="379" VPOS="1186" WIDTH="32"/>
						<String ID="P11_ST00086" HPOS="411" VPOS="1128" WIDTH="89" HEIGHT="58" CONTENT="auf" WC="1.00" CC="111" STYLEREFS="TXT_7"/>
						<SP ID="P11_SP00078" HPOS="500" VPOS="1186" WIDTH="30"/>
						<String ID="P11_ST00087" HPOS="530" VPOS="1132" WIDTH="203" HEIGHT="45" CONTENT="Erden«." WC="1.00" CC="2222222" STYLEREFS="TXT_7"/>
						<SP ID="P11_SP00079" HPOS="733" VPOS="1186" WIDTH="51"/>
						<String ID="P11_ST00088" HPOS="784" VPOS="1132" WIDTH="105" HEIGHT="43" CONTENT="Und" WC="1.00" CC="111" STYLEREFS="TXT_7"/>
						<SP ID="P11_SP00080" HPOS="889" VPOS="1186" WIDTH="33"/>
						<String ID="P11_ST00089" HPOS="922" VPOS="1142" WIDTH="134" HEIGHT="33" CONTENT="wenn" WC="1.00" CC="1111" STYLEREFS="TXT_7"/>
						<SP ID="P11_SP00081" HPOS="1056" VPOS="1186" WIDTH="32"/>
						<String ID="P11_ST00090" HPOS="1088" VPOS="1131" WIDTH="71" HEIGHT="44" CONTENT="ein" WC="1.00" CC="111" STYLEREFS="TXT_7"/>
						<SP ID="P11_SP00082" HPOS="1159" VPOS="1186" WIDTH="23"/>
						<String ID="P11_ST00091" HPOS="1182" VPOS="1128" WIDTH="476" HEIGHT="59" CONTENT="deutscherKatholik" WC="1.00" CC="11111111111111111" STYLEREFS="TXT_7"/>
						<SP ID="P11_SP00083" HPOS="1658" VPOS="1187" WIDTH="30"/>
						<String ID="P11_ST00092" HPOS="1688" VPOS="1128" WIDTH="77" HEIGHT="56" CONTENT="sich" WC="1.00" CC="1111" STYLEREFS="TXT_7"/>
						<SP ID="P11_SP00084" HPOS="1765" VPOS="1187" WIDTH="25"/>
						<String ID="P11_ST00093" HPOS="1790" VPOS="1138" WIDTH="123" HEIGHT="37" CONTENT="etwa" WC="1.00" CC="1111" STYLEREFS="TXT_7"/>
						<SP ID="P11_SP00085" HPOS="1913" VPOS="1187" WIDTH="22"/>
						<String ID="P11_ST00094" HPOS="1935" VPOS="1133" WIDTH="84" HEIGHT="41" CONTENT="den" WC="1.00" CC="111" STYLEREFS="TXT_7"/>
						<SP ID="P11_SP00086" HPOS="2019" VPOS="1187" WIDTH="22"/>
						<String ID="P11_ST00095" HPOS="2041" VPOS="1126" WIDTH="306" HEIGHT="58" CONTENT="italienischen" WC="1.00" CC="1111111111111" STYLEREFS="TXT_7"/>
					</TextLine>
					<TextLine ID="P11_TL00010" HPOS="243" VPOS="1208" WIDTH="2103" HEIGHT="62">
						<String ID="P11_ST00096" HPOS="243" VPOS="1211" WIDTH="381" HEIGHT="57" CONTENT="Katholizismus" WC="1.00" CC="1111111111111"/>
						<SP ID="P11_SP00087" HPOS="624" VPOS="1268" WIDTH="32"/>
						<String ID="P11_ST00097" HPOS="656" VPOS="1211" WIDTH="266" HEIGHT="56" CONTENT="betrachtet," WC="1.00" CC="22222222222"/>
						<SP ID="P11_SP00088" HPOS="922" VPOS="1268" WIDTH="34"/>
						<String ID="P11_ST00098" HPOS="956" VPOS="1210" WIDTH="45" HEIGHT="54" CONTENT="so" WC="1.00" CC="11"/>
						<SP ID="P11_SP00089" HPOS="1001" VPOS="1268" WIDTH="33"/>
						<String ID="P11_ST00099" HPOS="1034" VPOS="1209" WIDTH="110" HEIGHT="57" CONTENT="muß" WC="1.00" CC="111"/>
						<SP ID="P11_SP00090" HPOS="1144" VPOS="1268" WIDTH="35"/>
						<String ID="P11_ST00100" HPOS="1179" VPOS="1223" WIDTH="48" HEIGHT="31" CONTENT="er" WC="1.00" CC="11"/>
						<SP ID="P11_SP00091" HPOS="1227" VPOS="1268" WIDTH="30"/>
						<String ID="P11_ST00101" HPOS="1257" VPOS="1208" WIDTH="211" HEIGHT="59" CONTENT="zugeben," WC="1.00" CC="11111111"/>
						<SP ID="P11_SP00092" HPOS="1468" VPOS="1268" WIDTH="36"/>
						<String ID="P11_ST00102" HPOS="1504" VPOS="1210" WIDTH="94" HEIGHT="56" CONTENT="daß" WC="1.00" CC="111"/>
						<SP ID="P11_SP00093" HPOS="1598" VPOS="1268" WIDTH="35"/>
						<String ID="P11_ST00103" HPOS="1633" VPOS="1211" WIDTH="94" HEIGHT="59" CONTENT="ihm" WC="1.00" CC="111"/>
						<SP ID="P11_SP00094" HPOS="1727" VPOS="1270" WIDTH="21"/>
						<String ID="P11_ST00104" HPOS="1748" VPOS="1213" WIDTH="79" HEIGHT="42" CONTENT="der" WC="1.00" CC="111"/>
						<SP ID="P11_SP00095" HPOS="1827" VPOS="1270" WIDTH="23"/>
						<String ID="P11_ST00105" HPOS="1850" VPOS="1208" WIDTH="200" HEIGHT="58" CONTENT="deutsche" WC="1.00" CC="11111111"/>
						<SP ID="P11_SP00096" HPOS="2050" VPOS="1270" WIDTH="23"/>
						<String ID="P11_ST00106" HPOS="2073" VPOS="1209" WIDTH="273" HEIGHT="57" CONTENT="Protestant" WC="1.00" CC="1111111111"/>
					</TextLine>
					<TextLine ID="P11_TL00011" HPOS="243" VPOS="1273" WIDTH="2104" HEIGHT="77">
						<String ID="P11_ST00107" HPOS="243" VPOS="1294" WIDTH="64" HEIGHT="45" CONTENT="im" WC="1.00" CC="11" STYLEREFS="TXT_2"/>
						<SP ID="P11_SP00097" HPOS="307" VPOS="1339" WIDTH="30"/>
						<String ID="P11_ST00108" HPOS="337" VPOS="1292" WIDTH="313" HEIGHT="58" CONTENT="wesentlichen" WC="1.00" CC="222222222222" STYLEREFS="TXT_2"/>
						<SP ID="P11_SP00098" HPOS="650" VPOS="1350" WIDTH="31"/>
						<String ID="P11_ST00109" HPOS="681" VPOS="1292" WIDTH="159" HEIGHT="57" CONTENT="Punkt" WC="1.00" CC="11111" STYLEREFS="TXT_2"/>
						<SP ID="P11_SP00099" HPOS="840" VPOS="1350" WIDTH="32"/>
						<String ID="P11_ST00110" HPOS="872" VPOS="1294" WIDTH="103" HEIGHT="52" CONTENT="doch" WC="1.00" CC="1111" STYLEREFS="TXT_2"/>
						<SP ID="P11_SP00100" HPOS="975" VPOS="1350" WIDTH="35"/>
						<String ID="P11_ST00111" HPOS="1010" VPOS="1288" WIDTH="144" HEIGHT="58" CONTENT="näher" WC="1.00" CC="11111" STYLEREFS="TXT_2"/>
						<SP ID="P11_SP00101" HPOS="1154" VPOS="1350" WIDTH="23"/>
						<String ID="P11_ST00112" HPOS="1177" VPOS="1292" WIDTH="134" HEIGHT="55" CONTENT="steht;" WC="1.00" CC="111111" STYLEREFS="TXT_2"/>
						<SP ID="P11_SP00102" HPOS="1311" VPOS="1350" WIDTH="33"/>
						<String ID="P11_ST00113" HPOS="1344" VPOS="1293" WIDTH="117" HEIGHT="43" CONTENT="denn" WC="1.00" CC="1111" STYLEREFS="TXT_2"/>
						<SP ID="P11_SP00103" HPOS="1461" VPOS="1350" WIDTH="32"/>
						<String ID="P11_ST00114" HPOS="1493" VPOS="1293" WIDTH="79" HEIGHT="42" CONTENT="der" WC="1.00" CC="111" STYLEREFS="TXT_2"/>
						<SP ID="P11_SP00104" HPOS="1572" VPOS="1350" WIDTH="25"/>
						<String ID="P11_ST00115" HPOS="1597" VPOS="1273" WIDTH="276" HEIGHT="73" CONTENT="italienische" WC="1.00" CC="222222222222" STYLEREFS="TXT_2"/>
						<SP ID="P11_SP00105" HPOS="1873" VPOS="1350" WIDTH="21"/>
						<String ID="P11_ST00116" HPOS="1894" VPOS="1290" WIDTH="381" HEIGHT="56" CONTENT="Katholizismus" WC="1.00" CC="1111111111111" STYLEREFS="TXT_2"/>
						<SP ID="P11_SP00106" HPOS="2275" VPOS="1350" WIDTH="21"/>
						<String ID="P11_ST00117" HPOS="2296" VPOS="1290" WIDTH="51" HEIGHT="56" CONTENT="ist" WC="1.00" CC="111" STYLEREFS="TXT_2"/>
					</TextLine>
					<TextLine ID="P11_TL00012" HPOS="244" VPOS="1368" WIDTH="2101" HEIGHT="61">
						<String ID="P11_ST00118" HPOS="244" VPOS="1374" WIDTH="146" HEIGHT="55" CONTENT="nichts" WC="1.00" CC="111111"/>
						<SP ID="P11_SP00107" HPOS="390" VPOS="1429" WIDTH="33"/>
						<String ID="P11_ST00119" HPOS="423" VPOS="1372" WIDTH="79" HEIGHT="47" CONTENT="als" WC="1.00" CC="111"/>
						<SP ID="P11_SP00108" HPOS="502" VPOS="1429" WIDTH="32"/>
						<String ID="P11_ST00120" HPOS="534" VPOS="1375" WIDTH="67" HEIGHT="44" CONTENT="ein" WC="1.00" CC="111"/>
						<SP ID="P11_SP00109" HPOS="601" VPOS="1429" WIDTH="24"/>
						<String ID="P11_ST00121" HPOS="625" VPOS="1374" WIDTH="163" HEIGHT="44" CONTENT="naives" WC="1.00" CC="111111"/>
						<SP ID="P11_SP00110" HPOS="788" VPOS="1429" WIDTH="20"/>
						<String ID="P11_ST00122" HPOS="808" VPOS="1372" WIDTH="297" HEIGHT="56" CONTENT="Heidentumz" WC="1.00" CC="4444444444"/>
						<SP ID="P11_SP00111" HPOS="1105" VPOS="1429" WIDTH="34"/>
						<String ID="P11_ST00123" HPOS="1139" VPOS="1384" WIDTH="47" HEIGHT="31" CONTENT="er" WC="1.00" CC="11"/>
						<SP ID="P11_SP00112" HPOS="1186" VPOS="1429" WIDTH="33"/>
						<String ID="P11_ST00124" HPOS="1219" VPOS="1372" WIDTH="51" HEIGHT="55" CONTENT="ist" WC="1.00" CC="111"/>
						<SP ID="P11_SP00113" HPOS="1270" VPOS="1429" WIDTH="33"/>
						<String ID="P11_ST00125" HPOS="1303" VPOS="1372" WIDTH="92" HEIGHT="44" CONTENT="eine" WC="1.00" CC="1111"/>
						<SP ID="P11_SP00114" HPOS="1395" VPOS="1429" WIDTH="23"/>
						<String ID="P11_ST00126" HPOS="1418" VPOS="1370" WIDTH="360" HEIGHT="59" CONTENT="Organisation," WC="1.00" CC="1111111111111"/>
						<SP ID="P11_SP00115" HPOS="1778" VPOS="1429" WIDTH="33"/>
						<String ID="P11_ST00127" HPOS="1811" VPOS="1369" WIDTH="276" HEIGHT="58" CONTENT="vermittelst" WC="1.00" CC="11111111111"/>
						<SP ID="P11_SP00116" HPOS="2087" VPOS="1429" WIDTH="21"/>
						<String ID="P11_ST00128" HPOS="2108" VPOS="1374" WIDTH="136" HEIGHT="41" CONTENT="deren" WC="1.00" CC="11111"/>
						<SP ID="P11_SP00117" HPOS="2244" VPOS="1429" WIDTH="22"/>
						<String ID="P11_ST00129" HPOS="2266" VPOS="1368" WIDTH="79" HEIGHT="56" CONTENT="sich" WC="1.00" CC="1111"/>
					</TextLine>
					<TextLine ID="P11_TL00013" HPOS="243" VPOS="1448" WIDTH="2103" HEIGHT="61">
						<String ID="P11_ST00130" HPOS="243" VPOS="1457" WIDTH="81" HEIGHT="42" CONTENT="der" WC="1.00" CC="111"/>
						<SP ID="P11_SP00118" HPOS="324" VPOS="1499" WIDTH="32"/>
						<String ID="P11_ST00131" HPOS="356" VPOS="1452" WIDTH="189" HEIGHT="57" CONTENT="Mensch" WC="1.00" CC="111111"/>
						<SP ID="P11_SP00119" HPOS="545" VPOS="1509" WIDTH="34"/>
						<String ID="P11_ST00132" HPOS="579" VPOS="1454" WIDTH="85" HEIGHT="44" CONTENT="mit" WC="1.00" CC="111"/>
						<SP ID="P11_SP00120" HPOS="664" VPOS="1509" WIDTH="33"/>
						<String ID="P11_ST00133" HPOS="697" VPOS="1454" WIDTH="119" HEIGHT="43" CONTENT="einer" WC="1.00" CC="11111"/>
						<SP ID="P11_SP00121" HPOS="816" VPOS="1509" WIDTH="21"/>
						<String ID="P11_ST00134" HPOS="837" VPOS="1450" WIDTH="176" HEIGHT="59" CONTENT="großen" WC="1.00" CC="111111"/>
						<SP ID="P11_SP00122" HPOS="1013" VPOS="1509" WIDTH="23"/>
						<String ID="P11_ST00135" HPOS="1036" VPOS="1453" WIDTH="166" HEIGHT="53" CONTENT="Macht" WC="1.00" CC="11111"/>
						<SP ID="P11_SP00123" HPOS="1202" VPOS="1509" WIDTH="24"/>
						<String ID="P11_ST00136" HPOS="1226" VPOS="1450" WIDTH="221" HEIGHT="58" CONTENT="absindet." WC="1.00" CC="111111111"/>
						<SP ID="P11_SP00124" HPOS="1447" VPOS="1509" WIDTH="47"/>
						<String ID="P11_ST00137" HPOS="1494" VPOS="1448" WIDTH="99" HEIGHT="56" CONTENT="Für" WC="1.00" CC="222"/>
						<SP ID="P11_SP00125" HPOS="1593" VPOS="1509" WIDTH="32"/>
						<String ID="P11_ST00138" HPOS="1625" VPOS="1464" WIDTH="90" HEIGHT="33" CONTENT="uns" WC="1.00" CC="111"/>
						<SP ID="P11_SP00126" HPOS="1715" VPOS="1509" WIDTH="21"/>
						<String ID="P11_ST00139" HPOS="1736" VPOS="1450" WIDTH="221" HEIGHT="57" CONTENT="Deutsche" WC="1.00" CC="22222222"/>
						<SP ID="P11_SP00127" HPOS="1957" VPOS="1509" WIDTH="25"/>
						<String ID="P11_ST00140" HPOS="1982" VPOS="1451" WIDTH="117" HEIGHT="45" CONTENT="aller" WC="1.00" CC="11111"/>
						<SP ID="P11_SP00128" HPOS="2099" VPOS="1509" WIDTH="21"/>
						<String ID="P11_ST00141" HPOS="2120" VPOS="1450" WIDTH="198" HEIGHT="46" CONTENT="Bekennt" SUBS_TYPE="HypPart1" SUBS_CONTENT="Bekenntnisse" WC="1.00" CC="1111111"/>
						<HYP HPOS="2318" VPOS="1450" WIDTH="28" CONTENT="-"/>
					</TextLine>
					<TextLine ID="P11_TL00014" HPOS="247" VPOS="1528" WIDTH="2097" HEIGHT="61">
						<String ID="P11_ST00142" HPOS="247" VPOS="1532" WIDTH="109" HEIGHT="56" CONTENT="nisse" SUBS_TYPE="HypPart2" SUBS_CONTENT="Bekenntnisse" WC="1.00" CC="11111" STYLEREFS="TXT_5"/>
						<SP ID="P11_SP00129" HPOS="356" VPOS="1588" WIDTH="33"/>
						<String ID="P11_ST00143" HPOS="389" VPOS="1535" WIDTH="51" HEIGHT="54" CONTENT="ist" WC="1.00" CC="222" STYLEREFS="TXT_5"/>
						<SP ID="P11_SP00130" HPOS="440" VPOS="1589" WIDTH="33"/>
						<String ID="P11_ST00144" HPOS="473" VPOS="1533" WIDTH="122" HEIGHT="46" CONTENT="Gott" WC="1.00" CC="1111" STYLEREFS="TXT_5"/>
						<SP ID="P11_SP00131" HPOS="595" VPOS="1589" WIDTH="32"/>
						<String ID="P11_ST00145" HPOS="627" VPOS="1536" WIDTH="102" HEIGHT="52" CONTENT="das," WC="1.00" CC="1111" STYLEREFS="TXT_5"/>
						<SP ID="P11_SP00132" HPOS="729" VPOS="1589" WIDTH="34"/>
						<String ID="P11_ST00146" HPOS="763" VPOS="1535" WIDTH="100" HEIGHT="42" CONTENT="dem" WC="1.00" CC="111" STYLEREFS="TXT_5"/>
						<SP ID="P11_SP00133" HPOS="863" VPOS="1589" WIDTH="31"/>
						<String ID="P11_ST00147" HPOS="894" VPOS="1534" WIDTH="91" HEIGHT="43" CONTENT="wir" WC="1.00" CC="111" STYLEREFS="TXT_5"/>
						<SP ID="P11_SP00134" HPOS="985" VPOS="1589" WIDTH="32"/>
						<String ID="P11_ST00148" HPOS="1017" VPOS="1544" WIDTH="90" HEIGHT="33" CONTENT="uns" WC="1.00" CC="111" STYLEREFS="TXT_5"/>
						<SP ID="P11_SP00135" HPOS="1107" VPOS="1589" WIDTH="22"/>
						<String ID="P11_ST00149" HPOS="1129" VPOS="1533" WIDTH="272" HEIGHT="56" CONTENT="vereinigen," WC="1.00" CC="11111111111" STYLEREFS="TXT_5"/>
						<SP ID="P11_SP00136" HPOS="1401" VPOS="1589" WIDTH="34"/>
						<String ID="P11_ST00150" HPOS="1435" VPOS="1535" WIDTH="91" HEIGHT="46" CONTENT="das" WC="1.00" CC="111" STYLEREFS="TXT_5"/>
						<SP ID="P11_SP00137" HPOS="1526" VPOS="1589" WIDTH="29"/>
						<String ID="P11_ST00151" HPOS="1555" VPOS="1534" WIDTH="92" HEIGHT="43" CONTENT="wir" WC="1.00" CC="111" STYLEREFS="TXT_5"/>
						<SP ID="P11_SP00138" HPOS="1647" VPOS="1589" WIDTH="31"/>
						<String ID="P11_ST00152" HPOS="1678" VPOS="1535" WIDTH="182" HEIGHT="42" CONTENT="werden" WC="1.00" CC="111111" STYLEREFS="TXT_5"/>
						<SP ID="P11_SP00139" HPOS="1860" VPOS="1589" WIDTH="35"/>
						<String ID="P11_ST00153" HPOS="1895" VPOS="1528" WIDTH="186" HEIGHT="57" CONTENT="müssen." WC="1.00" CC="2222222" STYLEREFS="TXT_5"/>
						<SP ID="P11_SP00140" HPOS="2081" VPOS="1589" WIDTH="46"/>
						<String ID="P11_ST00154" HPOS="2127" VPOS="1530" WIDTH="217" HEIGHT="56" CONTENT="Deshalb" WC="1.00" CC="1111111" STYLEREFS="TXT_5"/>
					</TextLine>
					<TextLine ID="P11_TL00015" HPOS="245" VPOS="1608" WIDTH="2100" HEIGHT="63">
						<String ID="P11_ST00155" HPOS="245" VPOS="1615" WIDTH="111" HEIGHT="56" CONTENT="steht" WC="1.00" CC="11111"/>
						<SP ID="P11_SP00141" HPOS="356" VPOS="1671" WIDTH="22"/>
						<String ID="P11_ST00156" HPOS="378" VPOS="1611" WIDTH="82" HEIGHT="59" CONTENT="für" WC="1.00" CC="111"/>
						<SP ID="P11_SP00142" HPOS="460" VPOS="1671" WIDTH="18"/>
						<String ID="P11_ST00157" HPOS="478" VPOS="1626" WIDTH="90" HEIGHT="33" CONTENT="uns" WC="1.00" CC="111"/>
						<SP ID="P11_SP00143" HPOS="568" VPOS="1671" WIDTH="17"/>
						<String ID="P11_ST00158" HPOS="585" VPOS="1611" WIDTH="227" HEIGHT="58" CONTENT="praktisch" WC="1.00" CC="111111111"/>
						<SP ID="P11_SP00144" HPOS="812" VPOS="1671" WIDTH="19"/>
						<String ID="P11_ST00159" HPOS="831" VPOS="1614" WIDTH="160" HEIGHT="44" CONTENT="immer" WC="1.00" CC="11111"/>
						<SP ID="P11_SP00145" HPOS="991" VPOS="1671" WIDTH="18"/>
						<String ID="P11_ST00160" HPOS="1009" VPOS="1613" WIDTH="207" HEIGHT="56" CONTENT="Christus" WC="1.00" CC="11111111"/>
						<SP ID="P11_SP00146" HPOS="1216" VPOS="1671" WIDTH="22"/>
						<String ID="P11_ST00161" HPOS="1238" VPOS="1614" WIDTH="62" HEIGHT="45" CONTENT="im" WC="1.00" CC="11"/>
						<SP ID="P11_SP00147" HPOS="1300" VPOS="1671" WIDTH="16"/>
						<String ID="P11_ST00162" HPOS="1316" VPOS="1612" WIDTH="319" HEIGHT="57" CONTENT="Mittelpunkt" WC="1.00" CC="11111111111"/>
						<SP ID="P11_SP00148" HPOS="1635" VPOS="1671" WIDTH="23"/>
						<String ID="P11_ST00163" HPOS="1658" VPOS="1611" WIDTH="190" HEIGHT="58" CONTENT="unseres" WC="1.00" CC="1111111"/>
						<SP ID="P11_SP00149" HPOS="1848" VPOS="1671" WIDTH="17"/>
						<String ID="P11_ST00164" HPOS="1865" VPOS="1608" WIDTH="243" HEIGHT="61" CONTENT="religiösen" WC="1.00" CC="2222222222"/>
						<SP ID="P11_SP00150" HPOS="2108" VPOS="1671" WIDTH="16"/>
						<String ID="P11_ST00165" HPOS="2124" VPOS="1608" WIDTH="221" HEIGHT="60" CONTENT="Fühlens," WC="1.00" CC="22222222"/>
					</TextLine>
					<TextLine ID="P11_TL00016" HPOS="245" VPOS="1691" WIDTH="2028" HEIGHT="60">
						<String ID="P11_ST00166" HPOS="245" VPOS="1697" WIDTH="86" HEIGHT="44" CONTENT="wie" WC="1.00" CC="111"/>
						<SP ID="P11_SP00151" HPOS="331" VPOS="1741" WIDTH="32"/>
						<String ID="P11_ST00167" HPOS="363" VPOS="1694" WIDTH="69" HEIGHT="47" CONTENT="bei" WC="1.00" CC="111"/>
						<SP ID="P11_SP00152" HPOS="432" VPOS="1741" WIDTH="33"/>
						<String ID="P11_ST00168" HPOS="465" VPOS="1699" WIDTH="84" HEIGHT="41" CONTENT="den" WC="1.00" CC="111"/>
						<SP ID="P11_SP00153" HPOS="549" VPOS="1741" WIDTH="31"/>
						<String ID="P11_ST00169" HPOS="580" VPOS="1691" WIDTH="312" HEIGHT="60" CONTENT="Engländern" WC="1.00" CC="2222222222"/>
						<SP ID="P11_SP00154" HPOS="892" VPOS="1751" WIDTH="34"/>
						<String ID="P11_ST00170" HPOS="926" VPOS="1694" WIDTH="123" HEIGHT="47" CONTENT="Gott" WC="1.00" CC="1111"/>
						<SP ID="P11_SP00155" HPOS="1049" VPOS="1751" WIDTH="22"/>
						<String ID="P11_ST00171" HPOS="1071" VPOS="1694" WIDTH="157" HEIGHT="46" CONTENT="Vater" WC="1.00" CC="11111"/>
						<SP ID="P11_SP00156" HPOS="1228" VPOS="1751" WIDTH="31"/>
						<String ID="P11_ST00172" HPOS="1259" VPOS="1697" WIDTH="93" HEIGHT="42" CONTENT="und" WC="1.00" CC="111"/>
						<SP ID="P11_SP00157" HPOS="1352" VPOS="1751" WIDTH="33"/>
						<String ID="P11_ST00173" HPOS="1385" VPOS="1693" WIDTH="69" HEIGHT="46" CONTENT="bei" WC="1.00" CC="111"/>
						<SP ID="P11_SP00158" HPOS="1454" VPOS="1751" WIDTH="34"/>
						<String ID="P11_ST00174" HPOS="1488" VPOS="1697" WIDTH="84" HEIGHT="42" CONTENT="den" WC="1.00" CC="111"/>
						<SP ID="P11_SP00159" HPOS="1572" VPOS="1751" WIDTH="30"/>
						<String ID="P11_ST00175" HPOS="1602" VPOS="1692" WIDTH="280" HEIGHT="58" CONTENT="Italienern" WC="1.00" CC="1111111111"/>
						<SP ID="P11_SP00160" HPOS="1882" VPOS="1751" WIDTH="32"/>
						<String ID="P11_ST00176" HPOS="1914" VPOS="1694" WIDTH="68" HEIGHT="44" CONTENT="die" WC="1.00" CC="111"/>
						<SP ID="P11_SP00161" HPOS="1982" VPOS="1751" WIDTH="22"/>
						<String ID="P11_ST00177" HPOS="2004" VPOS="1695" WIDTH="269" HEIGHT="44" CONTENT="Madonna." WC="1.00" CC="11111111"/>
					</TextLine>
					<TextLine ID="P11_TL00017" HPOS="361" VPOS="1801" WIDTH="1985" HEIGHT="60">
						<String ID="P11_ST00178" HPOS="361" VPOS="1803" WIDTH="231" HEIGHT="58" CONTENT="Dadurch," WC="1.00" CC="11111111" STYLEREFS="TXT_2"/>
						<SP ID="P11_SP00162" HPOS="592" VPOS="1861" WIDTH="34"/>
						<String ID="P11_ST00179" HPOS="626" VPOS="1803" WIDTH="94" HEIGHT="56" CONTENT="daß" WC="1.00" CC="111" STYLEREFS="TXT_2"/>
						<SP ID="P11_SP00163" HPOS="720" VPOS="1861" WIDTH="22"/>
						<String ID="P11_ST00180" HPOS="742" VPOS="1802" WIDTH="314" HEIGHT="58" CONTENT="Deutschland" WC="1.00" CC="11111111111" STYLEREFS="TXT_2"/>
						<SP ID="P11_SP00164" HPOS="1056" VPOS="1861" WIDTH="24"/>
						<String ID="P11_ST00181" HPOS="1080" VPOS="1805" WIDTH="45" HEIGHT="43" CONTENT="in" WC="1.00" CC="11" STYLEREFS="TXT_2"/>
						<SP ID="P11_SP00165" HPOS="1125" VPOS="1861" WIDTH="21"/>
						<String ID="P11_ST00182" HPOS="1146" VPOS="1805" WIDTH="109" HEIGHT="52" CONTENT="zwei" WC="1.00" CC="1111" STYLEREFS="TXT_2"/>
						<SP ID="P11_SP00166" HPOS="1255" VPOS="1861" WIDTH="22"/>
						<String ID="P11_ST00183" HPOS="1277" VPOS="1801" WIDTH="330" HEIGHT="58" CONTENT="Konfessionen" WC="1.00" CC="111111111111" STYLEREFS="TXT_2"/>
						<SP ID="P11_SP00167" HPOS="1607" VPOS="1861" WIDTH="21"/>
						<String ID="P11_ST00184" HPOS="1628" VPOS="1803" WIDTH="158" HEIGHT="57" CONTENT="geteilt" WC="1.00" CC="1111111" STYLEREFS="TXT_2"/>
						<SP ID="P11_SP00168" HPOS="1786" VPOS="1861" WIDTH="24"/>
						<String ID="P11_ST00185" HPOS="1810" VPOS="1804" WIDTH="63" HEIGHT="55" CONTENT="ist," WC="1.00" CC="1111" STYLEREFS="TXT_2"/>
						<SP ID="P11_SP00169" HPOS="1873" VPOS="1861" WIDTH="35"/>
						<String ID="P11_ST00186" HPOS="1908" VPOS="1803" WIDTH="85" HEIGHT="56" CONTENT="hat" WC="1.00" CC="111" STYLEREFS="TXT_2"/>
						<SP ID="P11_SP00170" HPOS="1993" VPOS="1861" WIDTH="23"/>
						<String ID="P11_ST00187" HPOS="2016" VPOS="1815" WIDTH="109" HEIGHT="33" CONTENT="man" WC="1.00" CC="111" STYLEREFS="TXT_2"/>
						<SP ID="P11_SP00171" HPOS="2125" VPOS="1861" WIDTH="31"/>
						<String ID="P11_ST00188" HPOS="2156" VPOS="1802" WIDTH="71" HEIGHT="46" CONTENT="bei" WC="1.00" CC="111" STYLEREFS="TXT_2"/>
						<SP ID="P11_SP00172" HPOS="2227" VPOS="1861" WIDTH="29"/>
						<String ID="P11_ST00189" HPOS="2256" VPOS="1815" WIDTH="90" HEIGHT="33" CONTENT="uns" WC="1.00" CC="111" STYLEREFS="TXT_2"/>
					</TextLine>
					<TextLine ID="P11_TL00018" HPOS="244" VPOS="1878" WIDTH="2102" HEIGHT="64">
						<String ID="P11_ST00190" HPOS="244" VPOS="1888" WIDTH="91" HEIGHT="43" CONTENT="das" WC="1.00" CC="111" STYLEREFS="TXT_7"/>
						<SP ID="P11_SP00173" HPOS="335" VPOS="1931" WIDTH="31"/>
						<String ID="P11_ST00191" HPOS="366" VPOS="1884" WIDTH="368" HEIGHT="58" CONTENT="Konfessionelle," WC="1.00" CC="111111111111111" STYLEREFS="TXT_7"/>
						<SP ID="P11_SP00174" HPOS="734" VPOS="1942" WIDTH="32"/>
						<String ID="P11_ST00192" HPOS="766" VPOS="1883" WIDTH="273" HEIGHT="47" CONTENT="Trennende" WC="1.00" CC="111111111" STYLEREFS="TXT_7"/>
						<SP ID="P11_SP00175" HPOS="1039" VPOS="1942" WIDTH="31"/>
						<String ID="P11_ST00193" HPOS="1070" VPOS="1885" WIDTH="161" HEIGHT="44" CONTENT="immer" WC="1.00" CC="11111" STYLEREFS="TXT_7"/>
						<SP ID="P11_SP00176" HPOS="1231" VPOS="1942" WIDTH="33"/>
						<String ID="P11_ST00194" HPOS="1264" VPOS="1882" WIDTH="250" HEIGHT="58" CONTENT="besonders" WC="1.00" CC="111111111" STYLEREFS="TXT_7"/>
						<SP ID="P11_SP00177" HPOS="1514" VPOS="1942" WIDTH="33"/>
						<String ID="P11_ST00195" HPOS="1547" VPOS="1882" WIDTH="154" HEIGHT="57" CONTENT="scharf" WC="1.00" CC="111111" STYLEREFS="TXT_7"/>
						<SP ID="P11_SP00178" HPOS="1701" VPOS="1942" WIDTH="29"/>
						<String ID="P11_ST00196" HPOS="1730" VPOS="1884" WIDTH="181" HEIGHT="55" CONTENT="betont;" WC="1.00" CC="1111111" STYLEREFS="TXT_7"/>
						<SP ID="P11_SP00179" HPOS="1911" VPOS="1942" WIDTH="33"/>
						<String ID="P11_ST00197" HPOS="1944" VPOS="1887" WIDTH="94" HEIGHT="42" CONTENT="und" WC="1.00" CC="111" STYLEREFS="TXT_7"/>
						<SP ID="P11_SP00180" HPOS="2038" VPOS="1942" WIDTH="33"/>
						<String ID="P11_ST00198" HPOS="2071" VPOS="1885" WIDTH="47" HEIGHT="43" CONTENT="in" WC="1.00" CC="11" STYLEREFS="TXT_7"/>
						<SP ID="P11_SP00181" HPOS="2118" VPOS="1942" WIDTH="31"/>
						<String ID="P11_ST00199" HPOS="2149" VPOS="1878" WIDTH="197" HEIGHT="62" CONTENT="völliger" WC="1.00" CC="11111111" STYLEREFS="TXT_7"/>
					</TextLine>
					<TextLine ID="P11_TL00019" HPOS="243" VPOS="1962" WIDTH="2103" HEIGHT="60">
						<String ID="P11_ST00200" HPOS="243" VPOS="1965" WIDTH="313" HEIGHT="57" CONTENT="Verkennung" WC="1.00" CC="1111111111"/>
						<SP ID="P11_SP00182" HPOS="556" VPOS="2022" WIDTH="32"/>
						<String ID="P11_ST00201" HPOS="588" VPOS="1969" WIDTH="80" HEIGHT="42" CONTENT="der" WC="1.00" CC="111"/>
						<SP ID="P11_SP00183" HPOS="668" VPOS="2022" WIDTH="30"/>
						<String ID="P11_ST00202" HPOS="698" VPOS="1963" WIDTH="252" HEIGHT="59" CONTENT="Aufgaben" WC="1.00" CC="11111111"/>
						<SP ID="P11_SP00184" HPOS="950" VPOS="2022" WIDTH="33"/>
						<String ID="P11_ST00203" HPOS="983" VPOS="1969" WIDTH="80" HEIGHT="41" CONTENT="der" WC="1.00" CC="111"/>
						<SP ID="P11_SP00185" HPOS="1063" VPOS="2022" WIDTH="29"/>
						<String ID="P11_ST00204" HPOS="1092" VPOS="1963" WIDTH="220" HEIGHT="58" CONTENT="Religion" WC="1.00" CC="11111111"/>
						<SP ID="P11_SP00186" HPOS="1312" VPOS="2022" WIDTH="31"/>
						<String ID="P11_ST00205" HPOS="1343" VPOS="1964" WIDTH="151" HEIGHT="53" CONTENT="haben" WC="1.00" CC="11111"/>
						<SP ID="P11_SP00187" HPOS="1494" VPOS="2022" WIDTH="33"/>
						<String ID="P11_ST00206" HPOS="1527" VPOS="1966" WIDTH="69" HEIGHT="44" CONTENT="die" WC="1.00" CC="111"/>
						<SP ID="P11_SP00188" HPOS="1596" VPOS="2022" WIDTH="30"/>
						<String ID="P11_ST00207" HPOS="1626" VPOS="1962" WIDTH="336" HEIGHT="58" CONTENT="Konfessionen" WC="1.00" CC="111111111111"/>
						<SP ID="P11_SP00189" HPOS="1962" VPOS="2022" WIDTH="32"/>
						<String ID="P11_ST00208" HPOS="1994" VPOS="1962" WIDTH="77" HEIGHT="56" CONTENT="sich" WC="1.00" CC="1111"/>
						<SP ID="P11_SP00190" HPOS="2071" VPOS="2022" WIDTH="34"/>
						<String ID="P11_ST00209" HPOS="2105" VPOS="1963" WIDTH="140" HEIGHT="58" CONTENT="sogar" WC="1.00" CC="11111"/>
						<SP ID="P11_SP00191" HPOS="2245" VPOS="2022" WIDTH="32"/>
						<String ID="P11_ST00210" HPOS="2277" VPOS="1963" WIDTH="46" HEIGHT="46" CONTENT="be" SUBS_TYPE="HypPart1" SUBS_CONTENT="bebekämpft." WC="1.00" CC="11"/>
						<HYP HPOS="2323" VPOS="1963" WIDTH="23" CONTENT="-"/>
					</TextLine>
					<TextLine ID="P11_TL00020" HPOS="244" VPOS="2042" WIDTH="2101" HEIGHT="59">
						<String ID="P11_ST00211" HPOS="244" VPOS="2042" WIDTH="255" HEIGHT="59" CONTENT="bekämpft." SUBS_TYPE="HypPart2" SUBS_CONTENT="bebekämpft." WC="1.00" CC="111111111" STYLEREFS="TXT_5"/>
						<SP ID="P11_SP00192" HPOS="499" VPOS="2101" WIDTH="52"/>
						<String ID="P11_ST00212" HPOS="551" VPOS="2045" WIDTH="147" HEIGHT="54" CONTENT="Heute" WC="1.00" CC="44444" STYLEREFS="TXT_5"/>
						<SP ID="P11_SP00193" HPOS="698" VPOS="2101" WIDTH="21"/>
						<String ID="P11_ST00213" HPOS="719" VPOS="2047" WIDTH="122" HEIGHT="43" CONTENT="wird" WC="1.00" CC="1111" STYLEREFS="TXT_5"/>
						<SP ID="P11_SP00194" HPOS="841" VPOS="2101" WIDTH="25"/>
						<String ID="P11_ST00214" HPOS="866" VPOS="2058" WIDTH="46" HEIGHT="31" CONTENT="es" WC="1.00" CC="11" STYLEREFS="TXT_5"/>
						<SP ID="P11_SP00195" HPOS="912" VPOS="2101" WIDTH="22"/>
						<String ID="P11_ST00215" HPOS="934" VPOS="2057" WIDTH="90" HEIGHT="33" CONTENT="uns" WC="1.00" CC="111" STYLEREFS="TXT_5"/>
						<SP ID="P11_SP00196" HPOS="1024" VPOS="2101" WIDTH="23"/>
						<String ID="P11_ST00216" HPOS="1047" VPOS="2045" WIDTH="174" HEIGHT="55" CONTENT="schwer," WC="1.00" CC="1111111" STYLEREFS="TXT_5"/>
						<SP ID="P11_SP00197" HPOS="1221" VPOS="2101" WIDTH="22"/>
						<String ID="P11_ST00217" HPOS="1243" VPOS="2057" WIDTH="54" HEIGHT="42" CONTENT="zu" WC="1.00" CC="11" STYLEREFS="TXT_5"/>
						<SP ID="P11_SP00198" HPOS="1297" VPOS="2101" WIDTH="23"/>
						<String ID="P11_ST00218" HPOS="1320" VPOS="2046" WIDTH="243" HEIGHT="55" CONTENT="verstehen," WC="1.00" CC="1111111111" STYLEREFS="TXT_5"/>
						<SP ID="P11_SP00199" HPOS="1563" VPOS="2101" WIDTH="24"/>
						<String ID="P11_ST00219" HPOS="1587" VPOS="2044" WIDTH="214" HEIGHT="57" CONTENT="weshalb" WC="1.00" CC="1111111" STYLEREFS="TXT_5"/>
						<SP ID="P11_SP00200" HPOS="1801" VPOS="2101" WIDTH="22"/>
						<String ID="P11_ST00220" HPOS="1823" VPOS="2045" WIDTH="179" HEIGHT="56" CONTENT="Luther" WC="1.00" CC="222222" STYLEREFS="TXT_5"/>
						<SP ID="P11_SP00201" HPOS="2002" VPOS="2101" WIDTH="31"/>
						<String ID="P11_ST00221" HPOS="2033" VPOS="2048" WIDTH="94" HEIGHT="42" CONTENT="und" WC="1.00" CC="111" STYLEREFS="TXT_5"/>
						<SP ID="P11_SP00202" HPOS="2127" VPOS="2101" WIDTH="22"/>
						<String ID="P11_ST00222" HPOS="2149" VPOS="2043" WIDTH="196" HEIGHT="58" CONTENT="Zwingli" WC="1.00" CC="1111111" STYLEREFS="TXT_5"/>
					</TextLine>
					<TextLine ID="P11_TL00021" HPOS="244" VPOS="2123" WIDTH="2102" HEIGHT="59">
						<String ID="P11_ST00223" HPOS="244" VPOS="2123" WIDTH="79" HEIGHT="58" CONTENT="sich" WC="1.00" CC="1111" STYLEREFS="TXT_2"/>
						<SP ID="P11_SP00203" HPOS="323" VPOS="2181" WIDTH="35"/>
						<String ID="P11_ST00224" HPOS="358" VPOS="2127" WIDTH="116" HEIGHT="54" CONTENT="nicht" WC="1.00" CC="11111" STYLEREFS="TXT_2"/>
						<SP ID="P11_SP00204" HPOS="474" VPOS="2181" WIDTH="32"/>
						<String ID="P11_ST00225" HPOS="506" VPOS="2127" WIDTH="173" HEIGHT="55" CONTENT="einigen" WC="1.00" CC="1111111" STYLEREFS="TXT_2"/>
						<SP ID="P11_SP00205" HPOS="679" VPOS="2182" WIDTH="32"/>
						<String ID="P11_ST00226" HPOS="711" VPOS="2126" WIDTH="209" HEIGHT="55" CONTENT="konnten," WC="1.00" CC="11111111" STYLEREFS="TXT_2"/>
						<SP ID="P11_SP00206" HPOS="920" VPOS="2182" WIDTH="41"/>
						<String ID="P11_ST00227" HPOS="961" VPOS="2129" WIDTH="94" HEIGHT="42" CONTENT="und" WC="1.00" CC="111" STYLEREFS="TXT_2"/>
						<SP ID="P11_SP00207" HPOS="1055" VPOS="2182" WIDTH="33"/>
						<String ID="P11_ST00228" HPOS="1088" VPOS="2127" WIDTH="91" HEIGHT="43" CONTENT="wir" WC="1.00" CC="111" STYLEREFS="TXT_2"/>
						<SP ID="P11_SP00208" HPOS="1179" VPOS="2182" WIDTH="32"/>
						<String ID="P11_ST00229" HPOS="1211" VPOS="2124" WIDTH="96" HEIGHT="55" CONTENT="sind" WC="1.00" CC="1111" STYLEREFS="TXT_2"/>
						<SP ID="P11_SP00209" HPOS="1307" VPOS="2182" WIDTH="33"/>
						<String ID="P11_ST00230" HPOS="1340" VPOS="2127" WIDTH="194" HEIGHT="55" CONTENT="geneigt," WC="1.00" CC="11111111" STYLEREFS="TXT_2"/>
						<SP ID="P11_SP00210" HPOS="1534" VPOS="2182" WIDTH="44"/>
						<String ID="P11_ST00231" HPOS="1578" VPOS="2129" WIDTH="84" HEIGHT="41" CONTENT="den" WC="1.00" CC="111" STYLEREFS="TXT_2"/>
						<SP ID="P11_SP00211" HPOS="1662" VPOS="2182" WIDTH="33"/>
						<String ID="P11_ST00232" HPOS="1695" VPOS="2125" WIDTH="194" HEIGHT="57" CONTENT="einzigen" WC="1.00" CC="11111111" STYLEREFS="TXT_2"/>
						<SP ID="P11_SP00212" HPOS="1889" VPOS="2182" WIDTH="33"/>
						<String ID="P11_ST00233" HPOS="1922" VPOS="2125" WIDTH="171" HEIGHT="45" CONTENT="Grund" WC="1.00" CC="11111" STYLEREFS="TXT_2"/>
						<SP ID="P11_SP00213" HPOS="2093" VPOS="2182" WIDTH="43"/>
						<String ID="P11_ST00234" HPOS="2136" VPOS="2126" WIDTH="47" HEIGHT="44" CONTENT="in" WC="1.00" CC="11" STYLEREFS="TXT_2"/>
						<SP ID="P11_SP00214" HPOS="2183" VPOS="2182" WIDTH="43"/>
						<String ID="P11_ST00235" HPOS="2226" VPOS="2126" WIDTH="96" HEIGHT="55" CONTENT="theo" SUBS_TYPE="HypPart1" SUBS_CONTENT="theologischer" WC="1.00" CC="1111" STYLEREFS="TXT_2"/>
						<HYP HPOS="2322" VPOS="2126" WIDTH="24" CONTENT="-"/>
					</TextLine>
					<TextLine ID="P11_TL00022" HPOS="246" VPOS="2201" WIDTH="2100" HEIGHT="62">
						<String ID="P11_ST00236" HPOS="246" VPOS="2204" WIDTH="218" HEIGHT="59" CONTENT="logischer" SUBS_TYPE="HypPart2" SUBS_CONTENT="theologischer" WC="1.00" CC="111111111" STYLEREFS="TXT_5"/>
						<SP ID="P11_SP00215" HPOS="464" VPOS="2263" WIDTH="31"/>
						<String ID="P11_ST00237" HPOS="495" VPOS="2202" WIDTH="411" HEIGHT="61" CONTENT="Starrköpfigkeit" WC="1.00" CC="222222222222222" STYLEREFS="TXT_5"/>
						<SP ID="P11_SP00216" HPOS="906" VPOS="2263" WIDTH="30"/>
						<String ID="P11_ST00238" HPOS="936" VPOS="2218" WIDTH="54" HEIGHT="41" CONTENT="zu" WC="1.00" CC="11" STYLEREFS="TXT_5"/>
						<SP ID="P11_SP00217" HPOS="990" VPOS="2263" WIDTH="33"/>
						<String ID="P11_ST00239" HPOS="1023" VPOS="2202" WIDTH="174" HEIGHT="60" CONTENT="suchen;" WC="1.00" CC="1111111" STYLEREFS="TXT_5"/>
						<SP ID="P11_SP00218" HPOS="1197" VPOS="2263" WIDTH="38"/>
						<String ID="P11_ST00240" HPOS="1235" VPOS="2205" WIDTH="127" HEIGHT="55" CONTENT="sollte" WC="1.00" CC="111111" STYLEREFS="TXT_5"/>
						<SP ID="P11_SP00219" HPOS="1362" VPOS="2263" WIDTH="31"/>
						<String ID="P11_ST00241" HPOS="1393" VPOS="2207" WIDTH="116" HEIGHT="54" CONTENT="nicht" WC="1.00" CC="11111" STYLEREFS="TXT_5"/>
						<SP ID="P11_SP00220" HPOS="1509" VPOS="2263" WIDTH="33"/>
						<String ID="P11_ST00242" HPOS="1542" VPOS="2207" WIDTH="92" HEIGHT="44" CONTENT="eine" WC="1.00" CC="1111" STYLEREFS="TXT_5"/>
						<SP ID="P11_SP00221" HPOS="1634" VPOS="2263" WIDTH="30"/>
						<String ID="P11_ST00243" HPOS="1664" VPOS="2205" WIDTH="92" HEIGHT="48" CONTENT="Zeit" WC="1.00" CC="1111" STYLEREFS="TXT_5"/>
						<SP ID="P11_SP00222" HPOS="1756" VPOS="2263" WIDTH="34"/>
						<String ID="P11_ST00244" HPOS="1790" VPOS="2201" WIDTH="188" HEIGHT="62" CONTENT="möglich" WC="1.00" CC="2222222" STYLEREFS="TXT_5"/>
						<SP ID="P11_SP00223" HPOS="1978" VPOS="2263" WIDTH="34"/>
						<String ID="P11_ST00245" HPOS="2012" VPOS="2205" WIDTH="101" HEIGHT="55" CONTENT="fein," WC="1.00" CC="11111" STYLEREFS="TXT_5"/>
						<SP ID="P11_SP00224" HPOS="2113" VPOS="2263" WIDTH="34"/>
						<String ID="P11_ST00246" HPOS="2147" VPOS="2217" WIDTH="74" HEIGHT="35" CONTENT="wo" WC="1.00" CC="11" STYLEREFS="TXT_5"/>
						<SP ID="P11_SP00225" HPOS="2221" VPOS="2263" WIDTH="33"/>
						<String ID="P11_ST00247" HPOS="2254" VPOS="2218" WIDTH="92" HEIGHT="32" CONTENT="uns" WC="1.00" CC="111" STYLEREFS="TXT_5"/>
					</TextLine>
					<TextLine ID="P11_TL00023" HPOS="246" VPOS="2283" WIDTH="2099" HEIGHT="59">
						<String ID="P11_ST00248" HPOS="246" VPOS="2285" WIDTH="105" HEIGHT="47" CONTENT="klar" WC="1.00" CC="1111" STYLEREFS="TXT_2"/>
						<SP ID="P11_SP00226" HPOS="351" VPOS="2332" WIDTH="32"/>
						<String ID="P11_ST00249" HPOS="383" VPOS="2283" WIDTH="174" HEIGHT="59" CONTENT="würde," WC="1.00" CC="111111" STYLEREFS="TXT_2"/>
						<SP ID="P11_SP00227" HPOS="557" VPOS="2342" WIDTH="34"/>
						<String ID="P11_ST00250" HPOS="591" VPOS="2288" WIDTH="85" HEIGHT="44" CONTENT="wie" WC="1.00" CC="111" STYLEREFS="TXT_2"/>
						<SP ID="P11_SP00228" HPOS="676" VPOS="2342" WIDTH="32"/>
						<String ID="P11_ST00251" HPOS="708" VPOS="2286" WIDTH="317" HEIGHT="45" CONTENT="unbedeutend" WC="1.00" CC="11111111111" STYLEREFS="TXT_2"/>
						<SP ID="P11_SP00229" HPOS="1025" VPOS="2342" WIDTH="34"/>
						<String ID="P11_ST00252" HPOS="1059" VPOS="2287" WIDTH="231" HEIGHT="55" CONTENT="eigentlich" WC="1.00" CC="1111111111" STYLEREFS="TXT_2"/>
						<SP ID="P11_SP00230" HPOS="1290" VPOS="2342" WIDTH="34"/>
						<String ID="P11_ST00253" HPOS="1324" VPOS="2290" WIDTH="89" HEIGHT="40" CONTENT="das" WC="1.00" CC="111" STYLEREFS="TXT_2"/>
						<SP ID="P11_SP00231" HPOS="1413" VPOS="2342" WIDTH="30"/>
						<String ID="P11_ST00254" HPOS="1443" VPOS="2285" WIDTH="273" HEIGHT="46" CONTENT="Trennende" WC="1.00" CC="111111111" STYLEREFS="TXT_2"/>
						<SP ID="P11_SP00232" HPOS="1716" VPOS="2342" WIDTH="30"/>
						<String ID="P11_ST00255" HPOS="1746" VPOS="2285" WIDTH="210" HEIGHT="56" CONTENT="zwischen" WC="1.00" CC="11111111" STYLEREFS="TXT_2"/>
						<SP ID="P11_SP00233" HPOS="1956" VPOS="2342" WIDTH="32"/>
						<String ID="P11_ST00256" HPOS="1988" VPOS="2284" WIDTH="208" HEIGHT="57" CONTENT="unserem" WC="1.00" CC="1111111" STYLEREFS="TXT_2"/>
						<SP ID="P11_SP00234" HPOS="2196" VPOS="2342" WIDTH="32"/>
						<String ID="P11_ST00257" HPOS="2228" VPOS="2285" WIDTH="88" HEIGHT="57" CONTENT="Pro" SUBS_TYPE="HypPart1" SUBS_CONTENT="Protestantismus" WC="1.00" CC="111" STYLEREFS="TXT_2"/>
						<HYP HPOS="2316" VPOS="2285" WIDTH="29" CONTENT="-"/>
					</TextLine>
					<TextLine ID="P11_TL00024" HPOS="246" VPOS="2365" WIDTH="2100" HEIGHT="58">
						<String ID="P11_ST00258" HPOS="246" VPOS="2367" WIDTH="322" HEIGHT="54" CONTENT="testantismus" SUBS_TYPE="HypPart2" SUBS_CONTENT="Protestantismus" WC="1.00" CC="111111111111"/>
						<SP ID="P11_SP00235" HPOS="568" VPOS="2421" WIDTH="31"/>
						<String ID="P11_ST00259" HPOS="599" VPOS="2370" WIDTH="94" HEIGHT="42" CONTENT="und" WC="1.00" CC="111"/>
						<SP ID="P11_SP00236" HPOS="693" VPOS="2421" WIDTH="23"/>
						<String ID="P11_ST00260" HPOS="716" VPOS="2365" WIDTH="209" HEIGHT="58" CONTENT="unserem" WC="1.00" CC="1111111"/>
						<SP ID="P11_SP00237" HPOS="925" VPOS="2423" WIDTH="21"/>
						<String ID="P11_ST00261" HPOS="946" VPOS="2365" WIDTH="377" HEIGHT="56" CONTENT="Katholizismus" WC="1.00" CC="1111111111111"/>
						<SP ID="P11_SP00238" HPOS="1323" VPOS="2423" WIDTH="30"/>
						<String ID="P11_ST00262" HPOS="1353" VPOS="2367" WIDTH="71" HEIGHT="56" CONTENT="ist;" WC="1.00" CC="1111"/>
						<SP ID="P11_SP00239" HPOS="1424" VPOS="2423" WIDTH="35"/>
						<String ID="P11_ST00263" HPOS="1459" VPOS="2365" WIDTH="95" HEIGHT="58" CONTENT="daß" WC="1.00" CC="111"/>
						<SP ID="P11_SP00240" HPOS="1554" VPOS="2423" WIDTH="34"/>
						<String ID="P11_ST00264" HPOS="1588" VPOS="2365" WIDTH="135" HEIGHT="58" CONTENT="selbst" WC="1.00" CC="111111"/>
						<SP ID="P11_SP00241" HPOS="1723" VPOS="2423" WIDTH="21"/>
						<String ID="P11_ST00265" HPOS="1744" VPOS="2370" WIDTH="80" HEIGHT="40" CONTENT="der" WC="1.00" CC="111"/>
						<SP ID="P11_SP00242" HPOS="1824" VPOS="2423" WIDTH="22"/>
						<String ID="P11_ST00266" HPOS="1846" VPOS="2365" WIDTH="500" HEIGHT="47" CONTENT="Ultramontanismus" WC="1.00" CC="1111111111111111"/>
					</TextLine>
					<TextLine ID="P11_TL00025" HPOS="248" VPOS="2444" WIDTH="2095" HEIGHT="59">
						<String ID="P11_ST00267" HPOS="248" VPOS="2459" WIDTH="90" HEIGHT="33" CONTENT="nur" WC="1.00" CC="111"/>
						<SP ID="P11_SP00243" HPOS="338" VPOS="2492" WIDTH="30"/>
						<String ID="P11_ST00268" HPOS="368" VPOS="2450" WIDTH="125" HEIGHT="42" CONTENT="dann" WC="1.00" CC="1111"/>
						<SP ID="P11_SP00244" HPOS="493" VPOS="2492" WIDTH="34"/>
						<String ID="P11_ST00269" HPOS="527" VPOS="2449" WIDTH="93" HEIGHT="43" CONTENT="eine" WC="1.00" CC="1111"/>
						<SP ID="P11_SP00245" HPOS="620" VPOS="2492" WIDTH="23"/>
						<String ID="P11_ST00270" HPOS="643" VPOS="2446" WIDTH="186" HEIGHT="57" CONTENT="Gefahr" WC="1.00" CC="111111"/>
						<SP ID="P11_SP00246" HPOS="829" VPOS="2503" WIDTH="32"/>
						<String ID="P11_ST00271" HPOS="861" VPOS="2448" WIDTH="63" HEIGHT="55" CONTENT="ist," WC="1.00" CC="1111"/>
						<SP ID="P11_SP00247" HPOS="924" VPOS="2503" WIDTH="34"/>
						<String ID="P11_ST00272" HPOS="958" VPOS="2459" WIDTH="133" HEIGHT="33" CONTENT="wenn" WC="1.00" CC="1111"/>
						<SP ID="P11_SP00248" HPOS="1091" VPOS="2503" WIDTH="23"/>
						<String ID="P11_ST00273" HPOS="1114" VPOS="2460" WIDTH="48" HEIGHT="30" CONTENT="er" WC="1.00" CC="11"/>
						<SP ID="P11_SP00249" HPOS="1162" VPOS="2503" WIDTH="22"/>
						<String ID="P11_ST00274" HPOS="1184" VPOS="2459" WIDTH="91" HEIGHT="33" CONTENT="uns" WC="1.00" CC="111"/>
						<SP ID="P11_SP00250" HPOS="1275" VPOS="2503" WIDTH="22"/>
						<String ID="P11_ST00275" HPOS="1297" VPOS="2445" WIDTH="79" HEIGHT="47" CONTENT="als" WC="1.00" CC="111"/>
						<SP ID="P11_SP00251" HPOS="1376" VPOS="2503" WIDTH="24"/>
						<String ID="P11_ST00276" HPOS="1400" VPOS="2445" WIDTH="186" HEIGHT="58" CONTENT="Gefahr" WC="1.00" CC="111111"/>
						<SP ID="P11_SP00252" HPOS="1586" VPOS="2503" WIDTH="22"/>
						<String ID="P11_ST00277" HPOS="1608" VPOS="2444" WIDTH="243" HEIGHT="57" CONTENT="erscheint?" WC="1.00" CC="1111111111"/>
						<SP ID="P11_SP00253" HPOS="1851" VPOS="2503" WIDTH="32"/>
						<String ID="P11_ST00278" HPOS="1883" VPOS="2447" WIDTH="115" HEIGHT="44" CONTENT="Wir" WC="1.00" CC="111"/>
						<SP ID="P11_SP00254" HPOS="1998" VPOS="2503" WIDTH="32"/>
						<String ID="P11_ST00279" HPOS="2030" VPOS="2446" WIDTH="180" HEIGHT="55" CONTENT="erleben" WC="1.00" CC="1111111"/>
						<SP ID="P11_SP00255" HPOS="2210" VPOS="2503" WIDTH="21"/>
						<String ID="P11_ST00280" HPOS="2231" VPOS="2448" WIDTH="112" HEIGHT="55" CONTENT="jetzt," WC="1.00" CC="111111"/>
					</TextLine>
					<TextLine ID="P11_TL00026" HPOS="247" VPOS="2525" WIDTH="2097" HEIGHT="59">
						<String ID="P11_ST00281" HPOS="247" VPOS="2527" WIDTH="87" HEIGHT="44" CONTENT="wie" WC="1.00" CC="111"/>
						<SP ID="P11_SP00256" HPOS="334" VPOS="2571" WIDTH="30"/>
						<String ID="P11_ST00282" HPOS="364" VPOS="2528" WIDTH="46" HEIGHT="44" CONTENT="in" WC="1.00" CC="11"/>
						<SP ID="P11_SP00257" HPOS="410" VPOS="2572" WIDTH="33"/>
						<String ID="P11_ST00283" HPOS="443" VPOS="2530" WIDTH="79" HEIGHT="42" CONTENT="der" WC="1.00" CC="111"/>
						<SP ID="P11_SP00258" HPOS="522" VPOS="2572" WIDTH="33"/>
						<String ID="P11_ST00284" HPOS="555" VPOS="2526" WIDTH="498" HEIGHT="58" CONTENT="muhammedanischen" WC="1.00" CC="1111111111111111"/>
						<SP ID="P11_SP00259" HPOS="1053" VPOS="2584" WIDTH="22"/>
						<String ID="P11_ST00285" HPOS="1075" VPOS="2527" WIDTH="134" HEIGHT="45" CONTENT="Welt" WC="1.00" CC="1111"/>
						<SP ID="P11_SP00260" HPOS="1209" VPOS="2584" WIDTH="34"/>
						<String ID="P11_ST00286" HPOS="1243" VPOS="2530" WIDTH="78" HEIGHT="42" CONTENT="der" WC="1.00" CC="111"/>
						<SP ID="P11_SP00261" HPOS="1321" VPOS="2584" WIDTH="35"/>
						<String ID="P11_ST00287" HPOS="1356" VPOS="2527" WIDTH="247" HEIGHT="57" CONTENT="Gegensatz" WC="1.00" CC="222222222"/>
						<SP ID="P11_SP00262" HPOS="1603" VPOS="2584" WIDTH="30"/>
						<String ID="P11_ST00288" HPOS="1633" VPOS="2525" WIDTH="210" HEIGHT="58" CONTENT="zwischen" WC="1.00" CC="11111111"/>
						<SP ID="P11_SP00263" HPOS="1843" VPOS="2584" WIDTH="23"/>
						<String ID="P11_ST00289" HPOS="1866" VPOS="2527" WIDTH="209" HEIGHT="56" CONTENT="Schiiten" WC="1.00" CC="11111111"/>
						<SP ID="P11_SP00264" HPOS="2075" VPOS="2584" WIDTH="24"/>
						<String ID="P11_ST00290" HPOS="2099" VPOS="2530" WIDTH="92" HEIGHT="42" CONTENT="und" WC="1.00" CC="111"/>
						<SP ID="P11_SP00265" HPOS="2191" VPOS="2584" WIDTH="23"/>
						<String ID="P11_ST00291" HPOS="2214" VPOS="2526" WIDTH="98" HEIGHT="46" CONTENT="Sün" SUBS_TYPE="HypPart1" SUBS_CONTENT="Sünniten" WC="1.00" CC="222"/>
						<HYP HPOS="2312" VPOS="2526" WIDTH="32" CONTENT="-"/>
					</TextLine>
					<TextLine ID="P11_TL00027" HPOS="246" VPOS="2606" WIDTH="2100" HEIGHT="59">
						<String ID="P11_ST00292" HPOS="246" VPOS="2607" WIDTH="125" HEIGHT="45" CONTENT="niten" SUBS_TYPE="HypPart2" SUBS_CONTENT="Sünniten" WC="1.00" CC="11111"/>
						<SP ID="P11_SP00266" HPOS="371" VPOS="2652" WIDTH="33"/>
						<String ID="P11_ST00293" HPOS="404" VPOS="2607" WIDTH="231" HEIGHT="57" CONTENT="vergessen" WC="1.00" CC="222222222"/>
						<SP ID="P11_SP00267" HPOS="635" VPOS="2664" WIDTH="32"/>
						<String ID="P11_ST00294" HPOS="667" VPOS="2609" WIDTH="136" HEIGHT="54" CONTENT="wird," WC="1.00" CC="11111"/>
						<SP ID="P11_SP00268" HPOS="803" VPOS="2664" WIDTH="33"/>
						<String ID="P11_ST00295" HPOS="836" VPOS="2607" WIDTH="108" HEIGHT="46" CONTENT="weil" WC="1.00" CC="1111"/>
						<SP ID="P11_SP00269" HPOS="944" VPOS="2664" WIDTH="31"/>
						<String ID="P11_ST00296" HPOS="975" VPOS="2610" WIDTH="99" HEIGHT="42" CONTENT="dem" WC="1.00" CC="111"/>
						<SP ID="P11_SP00270" HPOS="1074" VPOS="2664" WIDTH="32"/>
						<String ID="P11_ST00297" HPOS="1106" VPOS="2606" WIDTH="175" HEIGHT="58" CONTENT="Islam" WC="1.00" CC="11111"/>
						<SP ID="P11_SP00271" HPOS="1281" VPOS="2664" WIDTH="31"/>
						<String ID="P11_ST00298" HPOS="1312" VPOS="2607" WIDTH="145" HEIGHT="58" CONTENT="große" WC="1.00" CC="11111"/>
						<SP ID="P11_SP00272" HPOS="1457" VPOS="2665" WIDTH="30"/>
						<String ID="P11_ST00299" HPOS="1487" VPOS="2607" WIDTH="252" HEIGHT="57" CONTENT="Aufgaben" WC="1.00" CC="11111111"/>
						<SP ID="P11_SP00273" HPOS="1739" VPOS="2665" WIDTH="31"/>
						<String ID="P11_ST00300" HPOS="1770" VPOS="2609" WIDTH="171" HEIGHT="55" CONTENT="gestellt" WC="1.00" CC="11111111"/>
						<SP ID="P11_SP00274" HPOS="1941" VPOS="2665" WIDTH="31"/>
						<String ID="P11_ST00301" HPOS="1972" VPOS="2611" WIDTH="207" HEIGHT="53" CONTENT="werden;" WC="1.00" CC="1111111"/>
						<SP ID="P11_SP00275" HPOS="2179" VPOS="2665" WIDTH="34"/>
						<String ID="P11_ST00302" HPOS="2213" VPOS="2606" WIDTH="133" HEIGHT="57" CONTENT="sollte" WC="1.00" CC="111111"/>
					</TextLine>
					<TextLine ID="P11_TL00028" HPOS="247" VPOS="2684" WIDTH="2096" HEIGHT="61">
						<String ID="P11_ST00303" HPOS="247" VPOS="2687" WIDTH="115" HEIGHT="54" CONTENT="nicht" WC="1.00" CC="11111"/>
						<SP ID="P11_SP00276" HPOS="362" VPOS="2741" WIDTH="23"/>
						<String ID="P11_ST00304" HPOS="385" VPOS="2689" WIDTH="106" HEIGHT="53" CONTENT="auch" WC="1.00" CC="1111"/>
						<SP ID="P11_SP00277" HPOS="491" VPOS="2742" WIDTH="20"/>
						<String ID="P11_ST00305" HPOS="511" VPOS="2690" WIDTH="79" HEIGHT="42" CONTENT="der" WC="1.00" CC="111"/>
						<SP ID="P11_SP00278" HPOS="590" VPOS="2742" WIDTH="16"/>
						<String ID="P11_ST00306" HPOS="606" VPOS="2690" WIDTH="103" HEIGHT="52" CONTENT="doch" WC="1.00" CC="1111"/>
						<SP ID="P11_SP00279" HPOS="709" VPOS="2742" WIDTH="20"/>
						<String ID="P11_ST00307" HPOS="729" VPOS="2689" WIDTH="116" HEIGHT="53" CONTENT="nicht" WC="1.00" CC="11111"/>
						<SP ID="P11_SP00280" HPOS="845" VPOS="2742" WIDTH="17"/>
						<String ID="P11_ST00308" HPOS="862" VPOS="2686" WIDTH="158" HEIGHT="58" CONTENT="tiefere" WC="1.00" CC="1111111"/>
						<SP ID="P11_SP00281" HPOS="1020" VPOS="2744" WIDTH="18"/>
						<String ID="P11_ST00309" HPOS="1038" VPOS="2686" WIDTH="249" HEIGHT="59" CONTENT="Gegensatz" WC="1.00" CC="111111111"/>
						<SP ID="P11_SP00282" HPOS="1287" VPOS="2745" WIDTH="19"/>
						<String ID="P11_ST00310" HPOS="1306" VPOS="2689" WIDTH="45" HEIGHT="44" CONTENT="in" WC="1.00" CC="11"/>
						<SP ID="P11_SP00283" HPOS="1351" VPOS="2745" WIDTH="19"/>
						<String ID="P11_ST00311" HPOS="1370" VPOS="2692" WIDTH="79" HEIGHT="42" CONTENT="der" WC="1.00" CC="111"/>
						<SP ID="P11_SP00284" HPOS="1449" VPOS="2745" WIDTH="19"/>
						<String ID="P11_ST00312" HPOS="1468" VPOS="2687" WIDTH="262" HEIGHT="57" CONTENT="christlichen" WC="1.00" CC="111111111111"/>
						<SP ID="P11_SP00285" HPOS="1730" VPOS="2745" WIDTH="16"/>
						<String ID="P11_ST00313" HPOS="1746" VPOS="2687" WIDTH="136" HEIGHT="45" CONTENT="Welt" WC="1.00" CC="1111"/>
						<SP ID="P11_SP00286" HPOS="1882" VPOS="2745" WIDTH="18"/>
						<String ID="P11_ST00314" HPOS="1900" VPOS="2701" WIDTH="53" HEIGHT="41" CONTENT="zu" WC="1.00" CC="11"/>
						<SP ID="P11_SP00287" HPOS="1953" VPOS="2745" WIDTH="18"/>
						<String ID="P11_ST00315" HPOS="1971" VPOS="2687" WIDTH="224" HEIGHT="58" CONTENT="vergessen" WC="1.00" CC="111111111"/>
						<SP ID="P11_SP00288" HPOS="2195" VPOS="2745" WIDTH="19"/>
						<String ID="P11_ST00316" HPOS="2214" VPOS="2684" WIDTH="129" HEIGHT="60" CONTENT="sein?" WC="1.00" CC="11111"/>
					</TextLine>
					<TextLine ID="P11_TL00029" HPOS="361" VPOS="2795" WIDTH="1983" HEIGHT="59">
						<String ID="P11_ST00317" HPOS="361" VPOS="2798" WIDTH="115" HEIGHT="44" CONTENT="Wir" WC="1.00" CC="111"/>
						<SP ID="P11_SP00289" HPOS="476" VPOS="2842" WIDTH="31"/>
						<String ID="P11_ST00318" HPOS="507" VPOS="2797" WIDTH="150" HEIGHT="55" CONTENT="haben" WC="1.00" CC="11111"/>
						<SP ID="P11_SP00290" HPOS="657" VPOS="2852" WIDTH="33"/>
						<String ID="P11_ST00319" HPOS="690" VPOS="2801" WIDTH="89" HEIGHT="43" CONTENT="das" WC="1.00" CC="111"/>
						<SP ID="P11_SP00291" HPOS="779" VPOS="2852" WIDTH="30"/>
						<String ID="P11_ST00320" HPOS="809" VPOS="2797" WIDTH="271" HEIGHT="48" CONTENT="Trennende" WC="1.00" CC="111111111"/>
						<SP ID="P11_SP00292" HPOS="1080" VPOS="2852" WIDTH="38"/>
						<String ID="P11_ST00321" HPOS="1118" VPOS="2798" WIDTH="221" HEIGHT="55" CONTENT="vielleicht" WC="1.00" CC="1111111111"/>
						<SP ID="P11_SP00293" HPOS="1339" VPOS="2853" WIDTH="33"/>
						<String ID="P11_ST00322" HPOS="1372" VPOS="2810" WIDTH="90" HEIGHT="33" CONTENT="nur" WC="1.00" CC="111"/>
						<SP ID="P11_SP00294" HPOS="1462" VPOS="2853" WIDTH="33"/>
						<String ID="P11_ST00323" HPOS="1495" VPOS="2795" WIDTH="49" HEIGHT="59" CONTENT="so" WC="1.00" CC="11"/>
						<SP ID="P11_SP00295" HPOS="1544" VPOS="2854" WIDTH="31"/>
						<String ID="P11_ST00324" HPOS="1575" VPOS="2798" WIDTH="105" HEIGHT="56" CONTENT="hoch" WC="1.00" CC="1111"/>
						<SP ID="P11_SP00296" HPOS="1680" VPOS="2854" WIDTH="34"/>
						<String ID="P11_ST00325" HPOS="1714" VPOS="2797" WIDTH="234" HEIGHT="56" CONTENT="bewertet," WC="1.00" CC="111111111"/>
						<SP ID="P11_SP00297" HPOS="1948" VPOS="2854" WIDTH="44"/>
						<String ID="P11_ST00326" HPOS="1992" VPOS="2797" WIDTH="106" HEIGHT="46" CONTENT="weil" WC="1.00" CC="1111"/>
						<SP ID="P11_SP00298" HPOS="2098" VPOS="2854" WIDTH="32"/>
						<String ID="P11_ST00327" HPOS="2130" VPOS="2799" WIDTH="92" HEIGHT="43" CONTENT="wir" WC="1.00" CC="111"/>
						<SP ID="P11_SP00299" HPOS="2222" VPOS="2854" WIDTH="32"/>
						<String ID="P11_ST00328" HPOS="2254" VPOS="2801" WIDTH="90" HEIGHT="42" CONTENT="das" WC="1.00" CC="111"/>
					</TextLine>
					<TextLine ID="P11_TL00030" HPOS="246" VPOS="2876" WIDTH="2097" HEIGHT="60">
						<String ID="P11_ST00329" HPOS="246" VPOS="2876" WIDTH="314" HEIGHT="56" CONTENT="Gemeinsame" WC="1.00" CC="1111111111"/>
						<SP ID="P11_SP00300" HPOS="560" VPOS="2932" WIDTH="32"/>
						<String ID="P11_ST00330" HPOS="592" VPOS="2880" WIDTH="116" HEIGHT="54" CONTENT="nicht" WC="1.00" CC="11111"/>
						<SP ID="P11_SP00301" HPOS="708" VPOS="2934" WIDTH="33"/>
						<String ID="P11_ST00331" HPOS="741" VPOS="2877" WIDTH="153" HEIGHT="59" CONTENT="sahen," WC="1.00" CC="111111"/>
						<SP ID="P11_SP00302" HPOS="894" VPOS="2936" WIDTH="34"/>
						<String ID="P11_ST00332" HPOS="928" VPOS="2879" WIDTH="106" HEIGHT="45" CONTENT="weil" WC="1.00" CC="1111"/>
						<SP ID="P11_SP00303" HPOS="1034" VPOS="2936" WIDTH="30"/>
						<String ID="P11_ST00333" HPOS="1064" VPOS="2880" WIDTH="92" HEIGHT="44" CONTENT="wir" WC="1.00" CC="111"/>
						<SP ID="P11_SP00304" HPOS="1156" VPOS="2936" WIDTH="32"/>
						<String ID="P11_ST00334" HPOS="1188" VPOS="2892" WIDTH="47" HEIGHT="31" CONTENT="es" WC="1.00" CC="11"/>
						<SP ID="P11_SP00305" HPOS="1235" VPOS="2936" WIDTH="32"/>
						<String ID="P11_ST00335" HPOS="1267" VPOS="2891" WIDTH="63" HEIGHT="33" CONTENT="an" WC="1.00" CC="11"/>
						<SP ID="P11_SP00306" HPOS="1330" VPOS="2936" WIDTH="33"/>
						<String ID="P11_ST00336" HPOS="1363" VPOS="2880" WIDTH="120" HEIGHT="44" CONTENT="einer" WC="1.00" CC="11111"/>
						<SP ID="P11_SP00307" HPOS="1483" VPOS="2936" WIDTH="31"/>
						<String ID="P11_ST00337" HPOS="1514" VPOS="2877" WIDTH="387" HEIGHT="47" CONTENT="anderenStelle" WC="1.00" CC="2222222222222"/>
						<SP ID="P11_SP00308" HPOS="1901" VPOS="2936" WIDTH="33"/>
						<String ID="P11_ST00338" HPOS="1934" VPOS="2876" WIDTH="189" HEIGHT="58" CONTENT="suchten," WC="1.00" CC="11111111"/>
						<SP ID="P11_SP00309" HPOS="2123" VPOS="2936" WIDTH="35"/>
						<String ID="P11_ST00339" HPOS="2158" VPOS="2877" WIDTH="79" HEIGHT="47" CONTENT="als" WC="1.00" CC="111"/>
						<SP ID="P11_SP00310" HPOS="2237" VPOS="2936" WIDTH="32"/>
						<String ID="P11_ST00340" HPOS="2269" VPOS="2890" WIDTH="74" HEIGHT="35" CONTENT="wo" WC="1.00" CC="11"/>
					</TextLine>
					<TextLine ID="P11_TL00031" HPOS="245" VPOS="2955" WIDTH="338" HEIGHT="60">
						<String ID="P11_ST00341" HPOS="245" VPOS="2970" WIDTH="48" HEIGHT="34" CONTENT="es" WC="1.00" CC="11" STYLEREFS="TXT_5"/>
						<SP ID="P11_SP00311" HPOS="293" VPOS="3004" WIDTH="31"/>
						<String ID="P11_ST00342" HPOS="324" VPOS="2955" WIDTH="259" HEIGHT="60" CONTENT="hingehört." WC="1.00" CC="1111111111" STYLEREFS="TXT_5"/>
					</TextLine>
					<TextLine ID="P11_TL00032" HPOS="360" VPOS="3058" WIDTH="1984" HEIGHT="61">
						<String ID="P11_ST00343" HPOS="360" VPOS="3061" WIDTH="157" HEIGHT="45" CONTENT="Wenn" WC="1.00" CC="1111" STYLEREFS="TXT_2"/>
						<SP ID="P11_SP00312" HPOS="517" VPOS="3106" WIDTH="30"/>
						<String ID="P11_ST00344" HPOS="547" VPOS="3061" WIDTH="273" HEIGHT="57" CONTENT="Religionen" WC="1.00" CC="1111111111" STYLEREFS="TXT_2"/>
						<SP ID="P11_SP00313" HPOS="820" VPOS="3118" WIDTH="34"/>
						<String ID="P11_ST00345" HPOS="854" VPOS="3061" WIDTH="206" HEIGHT="58" CONTENT="lebendig" WC="1.00" CC="11111111" STYLEREFS="TXT_2"/>
						<SP ID="P11_SP00314" HPOS="1060" VPOS="3119" WIDTH="32"/>
						<String ID="P11_ST00346" HPOS="1092" VPOS="3061" WIDTH="109" HEIGHT="56" CONTENT="sind," WC="1.00" CC="11111" STYLEREFS="TXT_2"/>
						<SP ID="P11_SP00315" HPOS="1201" VPOS="3119" WIDTH="40"/>
						<String ID="P11_ST00347" HPOS="1241" VPOS="3066" WIDTH="127" HEIGHT="42" CONTENT="dann" WC="1.00" CC="1111" STYLEREFS="TXT_2"/>
						<SP ID="P11_SP00316" HPOS="1368" VPOS="3119" WIDTH="32"/>
						<String ID="P11_ST00348" HPOS="1400" VPOS="3061" WIDTH="154" HEIGHT="47" CONTENT="bilden" WC="1.00" CC="111111" STYLEREFS="TXT_2"/>
						<SP ID="P11_SP00317" HPOS="1554" VPOS="3119" WIDTH="32"/>
						<String ID="P11_ST00349" HPOS="1586" VPOS="3059" WIDTH="58" HEIGHT="57" CONTENT="sie" WC="1.00" CC="111" STYLEREFS="TXT_2"/>
						<SP ID="P11_SP00318" HPOS="1644" VPOS="3119" WIDTH="31"/>
						<String ID="P11_ST00350" HPOS="1675" VPOS="3060" WIDTH="79" HEIGHT="58" CONTENT="sich" WC="1.00" CC="1111" STYLEREFS="TXT_2"/>
						<SP ID="P11_SP00319" HPOS="1754" VPOS="3119" WIDTH="33"/>
						<String ID="P11_ST00351" HPOS="1787" VPOS="3058" WIDTH="238" HEIGHT="60" CONTENT="beständig" WC="1.00" CC="333333333" STYLEREFS="TXT_2"/>
						<SP ID="P11_SP00320" HPOS="2025" VPOS="3119" WIDTH="32"/>
						<String ID="P11_ST00352" HPOS="2057" VPOS="3061" WIDTH="160" HEIGHT="46" CONTENT="weiter" WC="1.00" CC="111111" STYLEREFS="TXT_2"/>
						<SP ID="P11_SP00321" HPOS="2217" VPOS="3119" WIDTH="32"/>
						<String ID="P11_ST00353" HPOS="2249" VPOS="3064" WIDTH="95" HEIGHT="42" CONTENT="und" WC="1.00" CC="111" STYLEREFS="TXT_2"/>
					</TextLine>
					<TextLine ID="P11_TL00033" HPOS="243" VPOS="3134" WIDTH="2101" HEIGHT="65">
						<String ID="P11_ST00354" HPOS="243" VPOS="3140" WIDTH="155" HEIGHT="47" CONTENT="bilden" WC="1.00" CC="111111" STYLEREFS="TXT_5"/>
						<SP ID="P11_SP00322" HPOS="398" VPOS="3187" WIDTH="23"/>
						<String ID="P11_ST00355" HPOS="421" VPOS="3140" WIDTH="78" HEIGHT="56" CONTENT="sich" WC="1.00" CC="1111" STYLEREFS="TXT_5"/>
						<SP ID="P11_SP00323" HPOS="499" VPOS="3196" WIDTH="22"/>
						<String ID="P11_ST00356" HPOS="521" VPOS="3154" WIDTH="78" HEIGHT="32" CONTENT="um" WC="1.00" CC="11" STYLEREFS="TXT_5"/>
						<SP ID="P11_SP00324" HPOS="599" VPOS="3196" WIDTH="21"/>
						<String ID="P11_ST00357" HPOS="620" VPOS="3154" WIDTH="56" HEIGHT="41" CONTENT="zu" WC="1.00" CC="11" STYLEREFS="TXT_5"/>
						<SP ID="P11_SP00325" HPOS="676" VPOS="3196" WIDTH="20"/>
						<String ID="P11_ST00358" HPOS="696" VPOS="3141" WIDTH="196" HEIGHT="47" CONTENT="Neuem." WC="1.00" CC="111111" STYLEREFS="TXT_5"/>
						<SP ID="P11_SP00326" HPOS="892" VPOS="3196" WIDTH="43"/>
						<String ID="P11_ST00359" HPOS="935" VPOS="3142" WIDTH="129" HEIGHT="46" CONTENT="Aber" WC="1.00" CC="1111" STYLEREFS="TXT_5"/>
						<SP ID="P11_SP00327" HPOS="1064" VPOS="3196" WIDTH="22"/>
						<String ID="P11_ST00360" HPOS="1086" VPOS="3141" WIDTH="115" HEIGHT="57" CONTENT="diese" WC="1.00" CC="11111" STYLEREFS="TXT_5"/>
						<SP ID="P11_SP00328" HPOS="1201" VPOS="3198" WIDTH="23"/>
						<String ID="P11_ST00361" HPOS="1224" VPOS="3134" WIDTH="290" HEIGHT="65" CONTENT="Umbildung" WC="1.00" CC="111111111" STYLEREFS="TXT_5"/>
						<SP ID="P11_SP00329" HPOS="1514" VPOS="3199" WIDTH="21"/>
						<String ID="P11_ST00362" HPOS="1535" VPOS="3145" WIDTH="93" HEIGHT="43" CONTENT="und" WC="1.00" CC="111" STYLEREFS="TXT_5"/>
						<SP ID="P11_SP00330" HPOS="1628" VPOS="3199" WIDTH="21"/>
						<String ID="P11_ST00363" HPOS="1649" VPOS="3141" WIDTH="382" HEIGHT="57" CONTENT="Weiterbildung" WC="1.00" CC="1111111111111" STYLEREFS="TXT_5"/>
						<SP ID="P11_SP00331" HPOS="2031" VPOS="3199" WIDTH="31"/>
						<String ID="P11_ST00364" HPOS="2062" VPOS="3143" WIDTH="120" HEIGHT="44" CONTENT="wird" WC="1.00" CC="1111" STYLEREFS="TXT_5"/>
						<SP ID="P11_SP00332" HPOS="2182" VPOS="3199" WIDTH="28"/>
						<String ID="P11_ST00365" HPOS="2210" VPOS="3142" WIDTH="134" HEIGHT="55" CONTENT="ihnen" WC="1.00" CC="11111" STYLEREFS="TXT_5"/>
					</TextLine>
					<TextLine ID="P11_TL00034" HPOS="244" VPOS="3218" WIDTH="2042" HEIGHT="61">
						<String ID="P11_ST00366" HPOS="244" VPOS="3222" WIDTH="115" HEIGHT="55" CONTENT="nicht" WC="1.00" CC="11111" STYLEREFS="TXT_7"/>
						<SP ID="P11_SP00333" HPOS="359" VPOS="3277" WIDTH="30"/>
						<String ID="P11_ST00367" HPOS="389" VPOS="3218" WIDTH="239" HEIGHT="61" CONTENT="genügend" WC="1.00" CC="11111111" STYLEREFS="TXT_7"/>
						<SP ID="P11_SP00334" HPOS="628" VPOS="3279" WIDTH="34"/>
						<String ID="P11_ST00368" HPOS="662" VPOS="3221" WIDTH="205" HEIGHT="57" CONTENT="bewußt." WC="1.00" CC="1111111" STYLEREFS="TXT_7"/>
						<SP ID="P11_SP00335" HPOS="867" VPOS="3279" WIDTH="47"/>
						<String ID="P11_ST00369" HPOS="914" VPOS="3224" WIDTH="131" HEIGHT="44" CONTENT="Man" WC="1.00" CC="111" STYLEREFS="TXT_7"/>
						<SP ID="P11_SP00336" HPOS="1045" VPOS="3279" WIDTH="31"/>
						<String ID="P11_ST00370" HPOS="1076" VPOS="3222" WIDTH="123" HEIGHT="46" CONTENT="kann" WC="1.00" CC="1111" STYLEREFS="TXT_7"/>
						<SP ID="P11_SP00337" HPOS="1199" VPOS="3279" WIDTH="32"/>
						<String ID="P11_ST00371" HPOS="1231" VPOS="3221" WIDTH="78" HEIGHT="56" CONTENT="sich" WC="1.00" CC="1111" STYLEREFS="TXT_7"/>
						<SP ID="P11_SP00338" HPOS="1309" VPOS="3279" WIDTH="34"/>
						<String ID="P11_ST00372" HPOS="1343" VPOS="3223" WIDTH="67" HEIGHT="52" CONTENT="die" WC="1.00" CC="111" STYLEREFS="TXT_7"/>
						<SP ID="P11_SP00339" HPOS="1410" VPOS="3279" WIDTH="32"/>
						<String ID="P11_ST00373" HPOS="1442" VPOS="3221" WIDTH="152" HEIGHT="56" CONTENT="Sache" WC="1.00" CC="11111" STYLEREFS="TXT_7"/>
						<SP ID="P11_SP00340" HPOS="1594" VPOS="3279" WIDTH="25"/>
						<String ID="P11_ST00374" HPOS="1619" VPOS="3221" WIDTH="223" HEIGHT="58" CONTENT="vielleicht" WC="1.00" CC="1111111111" STYLEREFS="TXT_7"/>
						<SP ID="P11_SP00341" HPOS="1842" VPOS="3279" WIDTH="33"/>
						<String ID="P11_ST00375" HPOS="1875" VPOS="3220" WIDTH="48" HEIGHT="58" CONTENT="so" WC="1.00" CC="11" STYLEREFS="TXT_7"/>
						<SP ID="P11_SP00342" HPOS="1923" VPOS="3279" WIDTH="32"/>
						<String ID="P11_ST00376" HPOS="1955" VPOS="3221" WIDTH="105" HEIGHT="47" CONTENT="klar" WC="1.00" CC="1111" STYLEREFS="TXT_7"/>
						<SP ID="P11_SP00343" HPOS="2060" VPOS="3279" WIDTH="32"/>
						<String ID="P11_ST00377" HPOS="2092" VPOS="3225" WIDTH="194" HEIGHT="52" CONTENT="machen." WC="1.00" CC="1111111" STYLEREFS="TXT_7"/>
					</TextLine>
					<TextLine ID="P11_TL00035" HPOS="360" VPOS="3310" WIDTH="1984" HEIGHT="82">
						<String ID="P11_ST00378" HPOS="360" VPOS="3322" WIDTH="89" HEIGHT="47" CONTENT="Die" WC="1.00" CC="111" STYLEREFS="TXT_5"/>
						<SP ID="P11_SP00344" HPOS="449" VPOS="3369" WIDTH="30"/>
						<String ID="P11_ST00379" HPOS="479" VPOS="3324" WIDTH="235" HEIGHT="58" CONTENT="lebendige" WC="1.00" CC="111111111" STYLEREFS="TXT_5"/>
						<SP ID="P11_SP00345" HPOS="714" VPOS="3382" WIDTH="20"/>
						<String ID="P11_ST00380" HPOS="734" VPOS="3324" WIDTH="230" HEIGHT="59" CONTENT="Religion," WC="1.00" CC="111111111" STYLEREFS="TXT_5"/>
						<SP ID="P11_SP00346" HPOS="964" VPOS="3383" WIDTH="34"/>
						<String ID="P11_ST00381" HPOS="998" VPOS="3329" WIDTH="90" HEIGHT="42" CONTENT="das" WC="1.00" CC="111" STYLEREFS="TXT_5"/>
						<SP ID="P11_SP00347" HPOS="1088" VPOS="3383" WIDTH="32"/>
						<String ID="P11_ST00382" HPOS="1120" VPOS="3327" WIDTH="120" HEIGHT="44" CONTENT="reine" WC="1.00" CC="11111" STYLEREFS="TXT_5"/>
						<SP ID="P11_SP00348" HPOS="1240" VPOS="3383" WIDTH="24"/>
						<String ID="P11_ST00383" HPOS="1264" VPOS="3322" WIDTH="191" HEIGHT="61" CONTENT="Gefühl," WC="1.00" CC="2222222" STYLEREFS="TXT_5"/>
						<SP ID="P11_SP00349" HPOS="1455" VPOS="3383" WIDTH="35"/>
						<String ID="P11_ST00384" HPOS="1490" VPOS="3326" WIDTH="51" HEIGHT="57" CONTENT="ist" WC="1.00" CC="111" STYLEREFS="TXT_5"/>
						<SP ID="P11_SP00350" HPOS="1541" VPOS="3383" WIDTH="20"/>
						<String ID="P11_ST00385" HPOS="1561" VPOS="3324" WIDTH="225" HEIGHT="57" CONTENT="formlos;" WC="1.00" CC="11111111" STYLEREFS="TXT_5"/>
						<SP ID="P11_SP00351" HPOS="1786" VPOS="3383" WIDTH="33"/>
						<String ID="P11_ST00386" HPOS="1819" VPOS="3324" WIDTH="50" HEIGHT="58" CONTENT="so" WC="1.00" CC="11" STYLEREFS="TXT_5"/>
						<SP ID="P11_SP00352" HPOS="1869" VPOS="3383" WIDTH="21"/>
						<String ID="P11_ST00387" HPOS="1890" VPOS="3325" WIDTH="140" HEIGHT="57" CONTENT="lange" WC="1.00" CC="11111" STYLEREFS="TXT_5"/>
						<SP ID="P11_SP00353" HPOS="2030" VPOS="3383" WIDTH="31"/>
						<String ID="P11_ST00388" HPOS="2061" VPOS="3324" WIDTH="56" HEIGHT="55" CONTENT="sie" WC="1.00" CC="111" STYLEREFS="TXT_5"/>
						<SP ID="P11_SP00354" HPOS="2117" VPOS="3383" WIDTH="21"/>
						<String ID="P11_ST00389" HPOS="2138" VPOS="3310" WIDTH="206" HEIGHT="82" CONTENT="sormlos" WC="1.00" CC="2222222" STYLEREFS="TXT_5"/>
					</TextLine>
					<TextLine ID="P11_TL00036" HPOS="244" VPOS="3404" WIDTH="2099" HEIGHT="60">
						<String ID="P11_ST00390" HPOS="244" VPOS="3405" WIDTH="65" HEIGHT="56" CONTENT="ist," WC="1.00" CC="1111" STYLEREFS="TXT_2"/>
						<SP ID="P11_SP00355" HPOS="309" VPOS="3461" WIDTH="34"/>
						<String ID="P11_ST00391" HPOS="343" VPOS="3404" WIDTH="119" HEIGHT="58" CONTENT="weiß" WC="1.00" CC="1111" STYLEREFS="TXT_2"/>
						<SP ID="P11_SP00356" HPOS="462" VPOS="3462" WIDTH="33"/>
						<String ID="P11_ST00392" HPOS="495" VPOS="3404" WIDTH="55" HEIGHT="55" CONTENT="sie" WC="1.00" CC="111" STYLEREFS="TXT_2"/>
						<SP ID="P11_SP00357" HPOS="550" VPOS="3462" WIDTH="33"/>
						<String ID="P11_ST00393" HPOS="583" VPOS="3406" WIDTH="142" HEIGHT="55" CONTENT="nichts" WC="1.00" CC="111111" STYLEREFS="TXT_2"/>
						<SP ID="P11_SP00358" HPOS="725" VPOS="3462" WIDTH="32"/>
						<String ID="P11_ST00394" HPOS="757" VPOS="3417" WIDTH="91" HEIGHT="34" CONTENT="von" WC="1.00" CC="111" STYLEREFS="TXT_2"/>
						<SP ID="P11_SP00359" HPOS="848" VPOS="3462" WIDTH="33"/>
						<String ID="P11_ST00395" HPOS="881" VPOS="3405" WIDTH="92" HEIGHT="57" CONTENT="sich," WC="1.00" CC="11111" STYLEREFS="TXT_2"/>
						<SP ID="P11_SP00360" HPOS="973" VPOS="3462" WIDTH="34"/>
						<String ID="P11_ST00396" HPOS="1007" VPOS="3408" WIDTH="196" HEIGHT="54" CONTENT="versteht" WC="1.00" CC="11111111" STYLEREFS="TXT_2"/>
						<SP ID="P11_SP00361" HPOS="1203" VPOS="3462" WIDTH="33"/>
						<String ID="P11_ST00397" HPOS="1236" VPOS="3406" WIDTH="80" HEIGHT="57" CONTENT="sich" WC="1.00" CC="1111" STYLEREFS="TXT_2"/>
						<SP ID="P11_SP00362" HPOS="1316" VPOS="3463" WIDTH="33"/>
						<String ID="P11_ST00398" HPOS="1349" VPOS="3405" WIDTH="71" HEIGHT="59" CONTENT="oft" WC="1.00" CC="111" STYLEREFS="TXT_2"/>
						<SP ID="P11_SP00363" HPOS="1420" VPOS="3464" WIDTH="21"/>
						<String ID="P11_ST00399" HPOS="1441" VPOS="3404" WIDTH="165" HEIGHT="59" CONTENT="falsch;" WC="1.00" CC="1111111" STYLEREFS="TXT_2"/>
						<SP ID="P11_SP00364" HPOS="1606" VPOS="3464" WIDTH="32"/>
						<String ID="P11_ST00400" HPOS="1638" VPOS="3405" WIDTH="56" HEIGHT="55" CONTENT="sie" WC="1.00" CC="111" STYLEREFS="TXT_2"/>
						<SP ID="P11_SP00365" HPOS="1694" VPOS="3464" WIDTH="34"/>
						<String ID="P11_ST00401" HPOS="1728" VPOS="3404" WIDTH="131" HEIGHT="59" CONTENT="sehnt" WC="1.00" CC="11111" STYLEREFS="TXT_2"/>
						<SP ID="P11_SP00366" HPOS="1859" VPOS="3464" WIDTH="33"/>
						<String ID="P11_ST00402" HPOS="1892" VPOS="3405" WIDTH="78" HEIGHT="57" CONTENT="sich" WC="1.00" CC="2222" STYLEREFS="TXT_2"/>
						<SP ID="P11_SP00367" HPOS="1970" VPOS="3464" WIDTH="32"/>
						<String ID="P11_ST00403" HPOS="2002" VPOS="3404" WIDTH="198" HEIGHT="55" CONTENT="deshalb" WC="1.00" CC="1111111" STYLEREFS="TXT_2"/>
						<SP ID="P11_SP00368" HPOS="2200" VPOS="3464" WIDTH="34"/>
						<String ID="P11_ST00404" HPOS="2234" VPOS="3406" WIDTH="109" HEIGHT="55" CONTENT="nach" WC="1.00" CC="1111" STYLEREFS="TXT_2"/>
					</TextLine>
					<TextLine ID="P11_TL00037" HPOS="244" VPOS="3483" WIDTH="2097" HEIGHT="61">
						<String ID="P11_ST00405" HPOS="244" VPOS="3486" WIDTH="142" HEIGHT="45" CONTENT="einem" WC="1.00" CC="11111" STYLEREFS="TXT_5"/>
						<SP ID="P11_SP00369" HPOS="386" VPOS="3531" WIDTH="31"/>
						<String ID="P11_ST00406" HPOS="417" VPOS="3485" WIDTH="327" HEIGHT="58" CONTENT="gedanklichem" WC="1.00" CC="333333333333" STYLEREFS="TXT_5"/>
						<SP ID="P11_SP00370" HPOS="744" VPOS="3543" WIDTH="35"/>
						<String ID="P11_ST00407" HPOS="779" VPOS="3484" WIDTH="251" HEIGHT="59" CONTENT="poetischen" WC="1.00" CC="1111111111" STYLEREFS="TXT_5"/>
						<SP ID="P11_SP00371" HPOS="1030" VPOS="3543" WIDTH="32"/>
						<String ID="P11_ST00408" HPOS="1062" VPOS="3491" WIDTH="110" HEIGHT="42" CONTENT="oder" WC="1.00" CC="1111" STYLEREFS="TXT_5"/>
						<SP ID="P11_SP00372" HPOS="1172" VPOS="3543" WIDTH="32"/>
						<String ID="P11_ST00409" HPOS="1204" VPOS="3483" WIDTH="402" HEIGHT="61" CONTENT="willensmäßigen" WC="1.00" CC="11111111111111" STYLEREFS="TXT_5"/>
						<SP ID="P11_SP00373" HPOS="1606" VPOS="3544" WIDTH="21"/>
						<String ID="P11_ST00410" HPOS="1627" VPOS="3486" WIDTH="253" HEIGHT="47" CONTENT="Ausdruck." WC="1.00" CC="222222222" STYLEREFS="TXT_5"/>
						<SP ID="P11_SP00374" HPOS="1880" VPOS="3544" WIDTH="40"/>
						<String ID="P11_ST00411" HPOS="1920" VPOS="3486" WIDTH="78" HEIGHT="57" CONTENT="In" WC="1.00" CC="11" STYLEREFS="TXT_5"/>
						<SP ID="P11_SP00375" HPOS="1998" VPOS="3544" WIDTH="32"/>
						<String ID="P11_ST00412" HPOS="2030" VPOS="3485" WIDTH="140" HEIGHT="54" CONTENT="dieser" WC="1.00" CC="111111" STYLEREFS="TXT_5"/>
						<SP ID="P11_SP00376" HPOS="2170" VPOS="3544" WIDTH="21"/>
						<String ID="P11_ST00413" HPOS="2191" VPOS="3484" WIDTH="120" HEIGHT="56" CONTENT="Sehn" SUBS_TYPE="HypPart1" SUBS_CONTENT="Sehnsucht" WC="1.00" CC="1111" STYLEREFS="TXT_5"/>
						<HYP HPOS="2311" VPOS="3484" WIDTH="30" CONTENT="-"/>
					</TextLine>
					<TextLine ID="P11_TL00038" HPOS="244" VPOS="3562" WIDTH="2100" HEIGHT="61">
						<String ID="P11_ST00414" HPOS="244" VPOS="3563" WIDTH="121" HEIGHT="58" CONTENT="sucht" SUBS_TYPE="HypPart2" SUBS_CONTENT="Sehnsucht" WC="1.00" CC="11111" STYLEREFS="TXT_2"/>
						<SP ID="P11_SP00377" HPOS="365" VPOS="3621" WIDTH="32"/>
						<String ID="P11_ST00415" HPOS="397" VPOS="3564" WIDTH="195" HEIGHT="59" CONTENT="ergreift" WC="1.00" CC="11111111" STYLEREFS="TXT_2"/>
						<SP ID="P11_SP00378" HPOS="592" VPOS="3623" WIDTH="32"/>
						<String ID="P11_ST00416" HPOS="624" VPOS="3565" WIDTH="57" HEIGHT="55" CONTENT="sie" WC="1.00" CC="111" STYLEREFS="TXT_2"/>
						<SP ID="P11_SP00379" HPOS="681" VPOS="3623" WIDTH="31"/>
						<String ID="P11_ST00417" HPOS="712" VPOS="3566" WIDTH="205" HEIGHT="56" CONTENT="meistens" WC="1.00" CC="11111111" STYLEREFS="TXT_2"/>
						<SP ID="P11_SP00380" HPOS="917" VPOS="3623" WIDTH="31"/>
						<String ID="P11_ST00418" HPOS="948" VPOS="3567" WIDTH="296" HEIGHT="56" CONTENT="vorhandene" WC="1.00" CC="1111111111" STYLEREFS="TXT_2"/>
						<SP ID="P11_SP00381" HPOS="1244" VPOS="3623" WIDTH="30"/>
						<String ID="P11_ST00419" HPOS="1274" VPOS="3566" WIDTH="202" HEIGHT="54" CONTENT="Formen" WC="1.00" CC="222222" STYLEREFS="TXT_2"/>
						<SP ID="P11_SP00382" HPOS="1476" VPOS="3623" WIDTH="33"/>
						<String ID="P11_ST00420" HPOS="1509" VPOS="3564" WIDTH="175" HEIGHT="50" CONTENT="älterer" WC="1.00" CC="1111111" STYLEREFS="TXT_2"/>
						<SP ID="P11_SP00383" HPOS="1684" VPOS="3623" WIDTH="20"/>
						<String ID="P11_ST00421" HPOS="1704" VPOS="3566" WIDTH="284" HEIGHT="57" CONTENT="Religionen," WC="1.00" CC="11111111111" STYLEREFS="TXT_2"/>
						<SP ID="P11_SP00384" HPOS="1988" VPOS="3623" WIDTH="31"/>
						<String ID="P11_ST00422" HPOS="2019" VPOS="3562" WIDTH="203" HEIGHT="60" CONTENT="zunächst" WC="1.00" CC="11111111" STYLEREFS="TXT_2"/>
						<SP ID="P11_SP00385" HPOS="2222" VPOS="3623" WIDTH="31"/>
						<String ID="P11_ST00423" HPOS="2253" VPOS="3576" WIDTH="91" HEIGHT="35" CONTENT="nur" WC="1.00" CC="111" STYLEREFS="TXT_2"/>
					</TextLine>
				</TextBlock>
			</PrintSpace>
		</Page>
	</Layout>
</alto>
