2876 3048
1504 2355 50 44 48

685 535 251 44 kommen
972 535 53 42 in
1062 533 229 56 duftigen
1326 532 244 44 Kleidern
1605 531 108 43 und
1750 531 95 43 mit
1883 530 119 44 dem
2037 527 334 55 „Shamisen”

686 595 291 58 (Guitarre).
1010 593 210 44 Einmal
1246 605 119 31 war
1387 593 84 42 ich
1493 592 54 42 in
1574 590 200 43 solcher
1798 589 350 51 Gesellschaft,
2180 589 81 43 die
2284 588 89 44 der

686 654 373 56 angesehenste
1077 651 300 56 Apotheker
1391 650 195 43 Tokios
1610 663 67 29 an
1700 649 197 43 seinem
1916 648 339 56 Geburtstage
2282 660 90 44 ge=

684 714 154 44 laden
873 714 157 42 hatte.
1064 711 90 43 Ich
1184 723 142 30 muss
1358 722 172 43 sagen,
1569 708 80 44 die
1679 708 201 44 Herren
1910 708 346 44 behandelten
2292 708 81 43 die

685 771 410 45 Tanzmädchen
1118 769 142 44 nicht
1282 781 98 31 nur
1407 768 190 56 galant,
1629 767 224 43 sondern
1876 768 94 42 mit
1994 767 378 44 aufmerksam=

685 836 104 41 ster
805 830 346 44 Zärtlichkeit.
1176 829 132 42 Eine
1331 828 89 42 der
1437 826 242 44 Schönen
1696 830 160 39 setzte
1879 839 126 30 man
2027 839 93 30 aus
2138 826 234 43 Höflich=

686 892 108 43 keit
824 904 68 30 an
923 890 172 42 meine
1125 887 150 44 Seite.
1298 886 99 44 Die
1426 885 535 56 Gesellschaftsspiele,
1994 885 80 43 die
2106 885 98 43 mir
2234 886 141 44 einer

688 952 89 43 der
799 950 201 43 Herren
1023 948 55 42 in
1101 946 269 44 deutscher
1392 945 227 56 Sprache
1641 943 349 46 verständlich
2016 944 221 51 machte,
2259 945 114 42 sind

686 1008 231 45 harmlos
940 1007 110 43 wie
1078 1007 55 42 in
1156 1007 140 43 einer
1318 1004 317 57 Spielschule
1657 1005 83 43 bei
1761 1017 112 31 uns.
1896 1003 158 43 Eines
2077 1002 88 44 der
2187 1003 188 43 Lieder

687 1070 144 42 hatte
863 1068 100 43 den
994 1065 157 44 Text:
1184 1064 148 53 „Tief
1358 1065 218 44 drinnen
1607 1065 54 42 in
1692 1065 172 43 einem
1895 1062 178 56 Berge,
2097 1062 66 43 da
2193 1062 65 44 ist
2290 1062 84 44 ein

687 1128 189 50 Fuchs,
909 1126 113 44 eine
1052 1125 165 43 Katze
1247 1125 107 43 und
1387 1126 83 43 ein
1502 1124 158 43 Hund
1690 1143 52 19 =
1771 1123 89 44 der
1891 1122 174 44 Fuchs
2094 1120 166 53 brüllt,
2293 1121 82 44 die

688 1187 166 44 Katze
871 1186 165 42 miaut
1052 1184 108 43 und
1176 1184 88 44 der
1281 1184 160 44 Hund
1458 1184 166 44 bellt.”
1643 1184 199 56 (Damit
1856 1183 65 43 ist
1939 1182 91 43 das
2048 1181 130 43 Lied
2193 1179 181 57 fertig.)

688 1247 69 43 Ist
776 1246 92 43 das
884 1244 143 44 nicht
1038 1243 209 44 ähnlich
1258 1244 278 44 manchem
1543 1243 340 56 japanischen
1894 1240 181 44 Bilde?
2094 1239 100 44 Ein
2205 1239 170 43 Baum

686 1326 53 19 =
765 1305 84 44 ein
871 1302 353 45 Wässerchen
1249 1322 53 20 =
1328 1304 83 43 ein
1433 1303 135 56 Berg
1595 1303 94 42 mit
1717 1303 140 42 einer
1883 1304 178 40 zarten
2084 1299 150 44 Linie
2256 1311 119 30 um=

688 1366 163 42 rissen
872 1382 53 20 =
947 1363 83 42 ein
1052 1362 163 56 Vogel
1234 1381 55 21 =
1304 1363 106 43 und
1432 1363 110 42 wie
1563 1361 168 43 famos
1753 1361 64 43 ist
1840 1360 92 43 das
1955 1359 85 43 oft.
2230 1366 145 42 ©©©

684 1432 42 42 ©
789 1423 139 42 Aber
954 1421 158 44 leider
1138 1421 199 44 scheint
1359 1422 138 44 diese
1519 1421 199 50 frische,
1741 1419 248 43 fröhliche
2011 1417 247 44 Naivetät
2288 1418 88 43 der

685 1483 228 55 Japaner
934 1481 143 43 nicht
1095 1481 197 44 überall
1313 1482 149 44 mehr
1480 1480 162 45 Stand
1662 1493 66 29 zu
1750 1478 189 44 halten.
1963 1477 337 55 Wenigstens
2322 1478 53 43 in

686 1543 89 43 der
790 1540 277 44 bildenden
1083 1540 168 43 Kunst
1272 1541 159 51 nicht;
1454 1541 84 43 ich
1554 1538 213 51 fürchte,
1791 1538 117 42 dass
1931 1537 80 43 die
2036 1536 116 44 echt
2170 1537 205 55 japani=

686 1601 121 44 sehe
830 1600 247 57 Eigenart
1109 1612 92 30 aus
1232 1599 79 43 ihr
1341 1600 120 43 bald
1492 1599 83 43 für
1606 1599 186 42 immer
1823 1596 418 44 entschwunden
2264 1598 110 43 sein

685 1660 153 43 wird.
871 1659 93 44 Bei
995 1659 171 43 einem
1192 1658 233 45 Besuche
1456 1659 89 44 der
1574 1655 342 45 kaiserlichen
1943 1655 346 45 Kunstschule
2320 1657 53 42 in

686 1719 168 44 Tokio
879 1718 122 43 fand
1024 1717 83 44 ich
1130 1721 89 52 gut
1236 1731 97 30 nur
1349 1719 81 43 die
1448 1714 469 51 Holzbildhauerei,
1937 1714 155 44 deren
2110 1714 264 44 Professor

686 1780 118 44 sehr
830 1776 303 46 talentvolle
1165 1778 150 43 meist
1346 1777 352 56 lebensgrosse
1733 1773 343 45 Götterbilder
2107 1774 264 45 schnitzte.

685 1840 128 42 Man
850 1836 294 56 verfertigte
1182 1836 130 44 eben
1351 1837 80 43 die
1467 1837 219 55 riesigen
1722 1832 362 46 Einzelstücke
2127 1847 66 30 zu
2234 1835 140 43 einer

686 1896 422 45 Kolossalstatue.
1136 1896 91 42 Als
1253 1896 194 44 Modell
1473 1896 125 55 hing
1629 1907 66 30 an
1724 1895 140 42 einer
1888 1892 374 57 Gliederpuppe
2292 1894 81 43 die

685 1956 438 56 wohlarrangirte
1141 1954 262 56 Draperie.
1420 1974 50 20 =
1488 1954 59 43 In
1564 1954 88 43 der
1669 1951 384 45 Bronzeschule
2071 1956 158 40 setzte
2247 1965 125 30 man

685 2017 140 43 zwei
857 2013 507 46 Riesenstandbilder
1398 2014 83 42 für
1517 2013 100 43 den
1654 2024 171 32 neuen
1856 2011 385 56 Mikadopalast
2278 2025 93 30 zu=

685 2088 253 32 sammen.
956 2074 107 43 Der
1073 2073 297 44 technische
1381 2073 150 43 Theil
1542 2085 120 30 war
1680 2070 408 57 ausgezeichnet,
2101 2071 269 44 alskünst=

685 2134 241 45 lerisches
947 2132 214 44 Vorbild
1189 2132 208 43 dienten
1420 2132 188 54 jedoch
1634 2130 422 56 Photographien
2077 2131 293 43 Wouwer=

685 2194 292 44 man’scher
998 2190 389 57 Reiterfiguren.
2226 2197 145 42 ©©©
