3513 4386
1711 125 103 50 331

201 273 55 31 zu
285 256 90 45 vier
405 253 211 57 Händen,
658 258 108 46 zwei
799 258 224 56 Violinen,
1067 263 76 46 Alt
1172 262 91 47 und
1294 263 131 54 Bass;
1470 262 96 48 eine
1599 263 88 49 Con-

202 332 382 48 cert-Ouverture
638 333 91 47 und
778 337 107 47 zwei
936 337 236 57 Quintette
1223 338 74 47 für
1346 338 349 50 Streich-Instru-

203 414 153 41 mente
375 435 67 6 —
464 409 310 63 ungerechnet
808 412 103 48 150
944 414 239 64 Uebungs-
1214 414 91 49 und
1335 416 386 63 Prüfungsstücke

206 484 77 47 für
313 483 78 47 das
423 482 413 53 Conservatorium.

319 558 79 48 11.
428 559 165 48 Sieben
624 561 209 64 Opern,
863 581 85 32 von
971 564 144 49 denen
1147 567 127 47 sechs
1305 568 270 64 aufgeführt
1603 586 89 30 wor-

202 637 107 54 den,
352 635 220 49 darunter
1034 637 240 52 LAmant
1588 643 44 46 et
1218 646 107 45 zwei
1367 649 113 44 Acte
1518 646 204 64 (1820),

203 709 161 52 Marie
384 710 185 63 Stuart,
593 713 94 48 drei
713 717 112 47 Acte
849 717 204 66 (1823),
1081 719 69 50 Le
1170 718 253 69 Bourgeois
1440 722 56 48 de
1517 721 205 62 Rheims,

203 789 72 47 ein
305 789 103 55 Act,
436 806 79 30 zur
545 792 363 64 Krönungsfeier
936 795 150 49 Karl's
1114 798 57 46 X.
1203 797 185 64 (1824)
1419 816 42 30 u.
1490 815 34 31 s.
1555 816 56 32 w.

319 864 114 50 111
460 867 166 47 Vocal
644 884 41 31 m
701 870 117 47 usik
844 869 256 67 (gedruckt)
1118 874 127 47 sechs
1265 875 273 53 Nummern,
1557 874 141 48 darun-

205 948 70 42 ter
303 943 69 45 ein
612 940 95 51 Miserere
708 945 82 47 für
791 947 54 48 drei
870 949 404 48 Männerstimmen
1298 952 120 47 ohne
1440 952 287 63 Begleitung,

205 1018 71 48 ein
314 1019 343 66 vierstimmiges
684 1022 224 66 Requiem
949 1043 77 29 zur
1071 1027 292 48 Todtenfeier
1404 1028 81 47 der
1526 1029 199 62 Königin

205 1095 81 48 der
315 1096 182 65 Belgier
526 1096 99 65 (mit
651 1100 128 47 sechs
809 1103 231 54 Hörnern,
1070 1104 91 47 vier
1192 1105 293 64 Trompeten,
1514 1105 95 49 drei
1642 1108 56 46 Po-

202 1188 192 39 saunen,
423 1174 230 57 Saxhorn,
685 1176 142 56 Tuba,
854 1179 311 57 Bombardon,
1188 1182 225 63 obligater
1435 1183 162 63 Orgel,
1620 1184 81 46 Vio-

205 1249 178 54 loncell,
416 1249 276 51 Contrabass
723 1254 90 47 und
845 1256 203 56 Pauken,
1079 1258 85 48 den
1200 1259 82 47 14.
1310 1258 205 49 October
1550 1259 176 64 1850).

451 1324 48 49 IV.
500 1326 149 49 Kirche
662 1331 215 47 nmusik
908 1331 341 68 (ungedruckt),
1273 1335 98 47 eine
1399 1335 329 65 fünfstimmige

203 1401 149 47 Messe
395 1403 80 47 mit
513 1404 162 65 Orgel,
719 1406 245 51 Violoncell
1010 1410 89 48 und
1143 1411 295 55 Contrabass,
1495 1411 89 49 und
1628 1414 99 47 eine

205 1480 167 63 Menge
414 1481 238 56 Motetten,
695 1485 235 48 Litaneien
1105 1504 73 41 w.,
1222 1489 91 47 und
1354 1488 373 50 Lamentationes

202 1554 238 50 Jeremiae
470 1557 76 46 (ür
574 1559 126 48 sechs
732 1561 220 50 Stimmen
982 1564 91 47 und
1105 1564 159 63 Orgel.

424 1631 68 51 V.
493 1635 43 46 An
539 1634 376 71 (ungedruckter)
958 1641 622 50 Instrumental-Musik
1626 1644 99 47 eine

202 1709 169 63 Menge
402 1710 320 65 Orgelstücke,
761 1716 201 65 sechszig
990 1719 242 48 Präludien
1272 1720 91 47 und
1397 1721 176 63 Fugen,
1614 1721 110 47 zwei

202 1785 239 57 Quintette
493 1789 89 47 und
625 1790 70 47 ein
738 1792 177 49 Sextett
958 1794 79 47 für
1079 1795 521 65 Geigen-Instrumente,
1656 1797 69 47 ein

202 1861 219 58 Quartett
449 1864 80 48 für
558 1867 277 57 Pianoforte,
864 1871 99 48 eine
992 1872 201 49 Sinfonie
1225 1890 41 31 u.
1296 1890 33 32 s.
1360 1891 56 31 w.
1515 1875 101 47 Alle
1644 1876 54 46 Ju-

202 1937 280 65 gendwerke
510 1942 99 49 sind
638 1946 264 60 vernichtet,
944 1949 178 63 folglich
1155 1949 68 48 bei
1255 1950 103 48 dem
1388 1951 338 48 Verzeichnisse

201 2015 124 48 nicht
356 2016 367 70 berücksichtigt.

330 2092 80 50 VI.
456 2095 579 56 Schriftstellerische
1081 2104 212 48 Werke
1338 2102 135 50 über
1517 2106 208 57 Musik,

198 2170 73 47 44
313 2171 250 63 gedruckte
606 2175 90 48 und
743 2177 65 48 15
893 2178 71 50 2O
1009 2180 330 65 ungedruckte,
1382 2184 342 62 grösstenteils

196 2246 152 47 starke
383 2247 172 48 Bände!
610 2252 72 47 Da
711 2252 72 48 die
813 2255 187 48 meisten
1030 2256 120 48 oben
1180 2257 166 48 bereits
1382 2267 199 54 genannt
1608 2260 116 57 sind,

196 2337 49 32 so
277 2323 145 64 fügen
454 2326 82 46 wir
565 2344 88 30 nur
682 2330 116 47 noch
828 2332 146 64 einige
1006 2333 352 65 Bemerkungen
1391 2335 145 49 hinzu.

315 2399 101 49 Von
446 2399 85 50 den
560 2401 205 70 Solfeges
795 2407 282 66 progressifs
1118 2408 162 66 (Paris,
1321 2412 59 47 M.
1416 2412 306 65 Schlesinger)

197 2474 113 49 wird
341 2477 71 47 die
442 2478 146 50 fünfte
612 2482 199 66 Auflage
838 2486 289 48 vorbereitet.
1212 2488 157 49 Durch
1388 2490 306 48 Uebersetzun-

197 2570 89 48 gen
318 2556 81 47 last
438 2556 42 47 in
512 2558 85 47 alle
628 2561 232 63 Sprachen
903 2563 245 50 verbreitet
1186 2566 55 48 ist
1277 2566 71 48 die
1376 2565 218 67 Musique
1620 2572 30 45 ä
1677 2568 45 50 la

192 2632 169 67 portee
581 2632 56 48 de
747 2634 99 49 tout
993 2634 40 50 le
1123 2638 163 48 monde
838 2637 157 67 (vierte
1016 2642 237 65 Ausgabe,
1284 2643 70 49 bei
1385 2645 224 54 Brandus,
1635 2647 58 47 Pa-

197 2707 78 57 ris,
311 2707 178 67 1847).
573 2712 86 49 Die
687 2716 157 48 zweite
873 2717 218 65 Ausgabe

190 2784 104 49 selle
323 2786 136 63 (erste
488 2791 220 63 Ausgabe
736 2808 83 32 von
855 2793 146 51 1834
1032 2812 73 41 an,
1145 2796 105 48 acht
1278 2798 155 49 Bände
1461 2816 67 47 gr.
1561 2798 66 65 8.)
1663 2800 54 48 ist

187 2860 109 67 jetzt
327 2863 66 48 bis
421 2882 101 32 zum
551 2867 168 49 vierten
751 2871 157 48 Bande
936 2873 370 65 vorgeschritten.
1423 2877 96 47 Der

206 2940 192 68 complet
638 2942 56 49 cle
804 2942 46 51 la
952 2944 167 51 theorie
1340 2951 45 45 et
1477 2948 56 50 de
1627 2948 33 51 la
1661 2956 36 48 Pa-

188 3017 78 59 ris,
290 3019 303 66 Schlesinger,
624 3023 161 60 1844,
808 3043 65 47 gr.
902 3027 47 49 8.
977 3029 231 49 Sechste
1237 3031 286 64 Ausgabe,
1552 3032 163 58 1857,

188 3094 74 50 bei
292 3097 210 49 Brandus
530 3099 43 48 in
605 3102 138 48 Paris.
800 3104 121 49 Fetis
962 3106 259 49 betrachtet
1260 3107 144 49 dieses
1448 3109 125 49 Buch
1620 3111 91 47 und

188 3170 88 50 den
445 3172 161 52 Tratte
818 3175 66 50 du
1009 3177 292 70 Contrepoint
1640 3183 44 48 et
1302 3184 75 49 für
1399 3186 121 48 seine
1545 3186 140 49 bedeu-

191 3249 207 51 tendsten
430 3254 196 50 Werke.
686 3257 99 48 Von
830 3259 86 49 den
955 3261 140 48 vielen
1128 3262 372 66 Abhandlungen
1543 3264 41 47 in
1627 3263 87 50 den

187 3324 253 55 Memoires
466 3330 56 50 de
548 3332 283 53 l'Academie
858 3337 154 66 royale
1038 3338 57 50 de
1115 3337 224 68 Belgique
1359 3341 150 49 dürfte
1533 3341 71 49 die
1628 3343 58 47 Be-

187 3414 296 60 antwortung
513 3410 80 47 der
620 3413 174 62 Frage:
1493 3414 118 57 „Les

196 3498 151 36 connu
593 3485 268 52 l'harmonie
1204 3488 272 53 simultanee

193 3577 140 53 usage
524 3564 120 50 dans
817 3564 99 51 leur
1135 3573 144 47 welche
1280 3573 51 48 auch
1357 3573 247 49 besonders
1634 3574 54 50 ab-

187 3642 225 62 gedruckt
440 3644 264 50 erschienen
736 3648 68 56 ist,
835 3648 71 49 die
936 3648 329 51 bedeutendste
1294 3652 108 47 sein.
1599 3653 87 47 Ant-

187 3728 118 38 wort
342 3722 98 48 fällt
475 3724 277 48 verneinend
788 3742 95 34 aus.
940 3728 278 49 Ausserdem
1250 3746 96 31 war
1374 3744 50 33 er
1452 3730 82 49 seit
1570 3729 142 51 1836

186 3794 71 48 ein
283 3795 216 66 fleissiger
521 3802 288 49 Mitarbeiter
837 3821 56 31 an
925 3805 81 49 der

193 3870 57 48 de
360 3873 126 49 Paris
487 3876 50 47 und
569 3878 55 48 ist
652 3896 46 30 es
728 3882 132 48 noch.

304 3951 100 50 Von
435 3954 115 48 noch
582 3956 122 49 nicht
733 3960 406 59 veröffentlichten,
1171 3962 112 48 aber
1311 3979 100 31 zum
1442 3962 162 49 Druck
1634 3962 52 49 be-

183 4026 85 50 reit
295 4029 239 64 liegenden
557 4033 212 52 Werken
798 4047 141 40 nennt
967 4039 78 50 das
1068 4040 334 49 Verzeichniss:
1430 4040 77 50 La
1527 4038 188 53 Science

1809 266 56 48 de
1974 266 256 66 l'Orgamste,
2231 273 233 49 namentlich
2496 275 40 45 in
2563 276 147 65 Bezug
2737 279 80 45 auf
2836 279 69 47 die
2931 280 268 63 Begleitung
3229 284 77 47 des

1797 345 390 64 Choralgesanges
2218 350 111 45 nach
2361 351 267 49 römischem
2655 356 144 52 Ritus,
2830 356 128 47 nebst
2982 359 217 47 Auswahl
3225 376 82 31 von

1796 420 330 62 Orgelstiickon
2161 422 124 62 (250
2310 426 149 47 Seiten
2484 426 143 48 davon
2656 430 95 45 sind
2785 432 163 46 bereits
2978 434 327 63 gedruckt).—

1829 494 279 68 Philosophie
2451 501 211 62 generale
2952 502 56 48 de
3144 502 45 48 la
3312 494 3 69 M

1819 571 69 49 Gr
1890 572 163 48 aduale
2341 573 56 48 de
2507 577 193 64 tempore
2972 595 55 32 ac
3130 578 55 49 de
3295 594 20 33 s

1813 665 87 31 nae
2041 647 222 62 ecelesiae,
2543 666 103 33 cum
2801 656 139 47 cantu
3131 671 53 32 ex
3210 671 88 33 co
3299 666 11 46 An-

1816 723 312 67 tiphonarium
2517 726 258 53 divinorum
3109 731 206 64 officioru

1800 803 93 47 tuto
1922 804 77 46 etc.
2117 801 206 53 Histoire
2355 808 212 65 generale
2601 809 56 49 de
2698 809 45 50 la
2783 809 231 68 Musique,
3047 816 109 45 wird
3187 818 125 46 sechs

1802 878 152 48 Bände
1983 879 40 47 in
2058 879 44 49 8.
2143 881 87 47 und
2262 884 107 46 zwei
2401 886 152 47 Bände
2583 889 365 47 monumentaler
2981 889 174 50 Werke
3187 893 40 46 in
3260 895 46 45 4.

1802 957 155 47 füllen.
2065 955 249 51 Souvenirs
2340 959 111 50 d'un
2478 959 133 52 vieux
2638 962 235 52 Musicien
2900 966 268 64 (Memoiren
3201 969 113 49 über

1800 1047 91 32 sem
1936 1032 179 64 eigenes
2157 1035 172 54 Leben,
2380 1038 121 47 seine
2545 1038 355 66 Verbindungen
2947 1043 77 47 mit
3067 1046 245 48 Künstlern

1802 1126 41 30 u.
1872 1126 32 30 s.
1937 1126 55 31 w.
2022 1110 215 47 während
2275 1113 199 65 sechszig
2505 1114 371 66 Lebensjahren).
2995 1121 114 47 Eine
3138 1123 145 47 Ueber-

1800 1193 185 57 setzung
2030 1187 76 47 des
2149 1189 207 47 Tractats
2398 1207 83 30 von
2526 1192 217 48 Franco
2790 1211 82 30 von
2919 1196 114 46 Köln
3079 1199 87 46 und
3216 1199 98 47 eine

1800 1263 270 65 Sammlung
2093 1264 80 48 der
2196 1267 330 48 theoretischen
2553 1269 175 48 Werke
2752 1287 83 32 von
2862 1272 301 51 Tinctoris.
3194 1276 118 63 (Vgl.

1799 1338 209 51 Bulletin
2040 1340 56 49 de
2136 1340 280 51 l'Academie
2455 1344 55 48 de
2548 1344 230 67 Belgique.
2826 1347 50 49 T.
2904 1345 133 52 XII.
3086 1352 50 48 2.
3165 1350 147 63 Serie,

1796 1415 169 65 1861).

1917 1494 119 47 Fetis
2095 1495 149 47 Gattin
2290 1495 236 65 (Adelaide
2568 1499 165 48 Louise
2777 1500 276 65 Catherine),
3105 1505 202 64 geboren

1805 1569 161 56 1792,
1997 1570 42 47 in
2072 1571 221 49 frühester
2321 1574 198 65 Jugend,
2549 1574 135 49 kaum
2718 1577 210 48 fünfzehn
2957 1580 140 47 Jahre
3128 1583 75 52 alt,
3234 1583 78 47 mit

1799 1646 90 47 ihm
1913 1648 234 54 vermählt,
2177 1649 78 47 hat
2276 1650 92 47 sich
2388 1651 112 47 auch
2528 1651 62 47 als
2615 1653 306 49 musicalische
2944 1657 366 49 Schriftstellerin

1799 1723 142 48 durch
1984 1725 99 47 eine
2126 1725 295 51 französische
2459 1729 340 65 Uebersetzung
2836 1748 83 30 von
2952 1734 124 47 Will.
3111 1735 47 47 C.
3189 1737 95 47 Staf-

1799 1800 134 48 ford's
2171 1799 200 67 History
2650 1805 59 60 of
2827 1801 158 52 Music
2497 1805 198 48 bekannt
2721 1809 235 62 gemacht:

1815 1876 47 48 la
1962 1875 219 66 Musique
2467 1880 77 47 etc.
2696 1895 107 33 avec
2982 1880 80 50 des
3216 1883 99 47 note

1797 1951 163 64 Paris,
1981 1955 155 49 1832.
2171 1955 197 49 Hiervon
2393 1959 202 47 erschien
2620 1960 98 47 eine
2740 1959 214 51 deutsche
2976 1963 338 67 Uebersetzung

1800 2038 133 41 unter
1974 2031 101 50 dem
2122 2050 272 48 ungenauen
2434 2036 142 47 Titel:
2627 2036 162 55 „Felis'
2834 2038 89 48 und
2959 2039 237 49 Stafford's
3225 2043 58 48 Ge-

1797 2109 201 48 schichte
2028 2110 80 48 der
2350 2129 42 32 u.
2421 2128 33 33 s.
2486 2129 54 32 w.
2571 2112 42 49 in
2646 2112 226 59 Weimar,
2907 2114 159 52 1835.

1914 2186 99 47 Von
2041 2187 153 47 seinen
2225 2187 160 49 beiden
2416 2190 185 47 Söhnen
2637 2190 51 47 ist
2731 2190 223 49 Eduard
2995 2194 150 47 Fetis
3188 2194 121 66 (geb.

1804 2262 160 65 1812)
2012 2265 305 47 Bibliothecar
2359 2283 54 30 an
2455 2266 80 47 der
2571 2267 42 47 k.
2643 2267 257 64 belgischen
2934 2270 254 49 Bibliothek
3218 2274 89 47 und

1799 2340 232 48 Professor
2073 2341 81 48 der
2191 2342 235 49 Aesthetik
2470 2359 55 32 an
2569 2342 81 50 der
2693 2344 251 49 Akademie
2987 2346 80 48 der
3113 2349 197 49 schönen

1797 2417 174 47 Künste
2002 2435 49 29 zu
2083 2419 198 54 Brüssel,
2312 2420 114 47 auch
2458 2420 57 47 im
2542 2421 231 47 Auslande
2802 2422 140 47 durch
2972 2425 121 47 seine
3119 2426 169 48 Feuille-

1795 2500 99 40 tons
1926 2493 114 49 über
2069 2495 146 48 Musik
2249 2495 88 48 und
2369 2496 167 48 andere
2566 2497 175 49 Künste
2770 2499 41 47 in
2843 2499 80 48 der
2949 2501 193 65 Zeitung
3164 2501 117 51 Inde-

1784 2571 241 66 pendance
2054 2572 287 50 vorteilhaft
2371 2573 212 49 bekannt.
2614 2575 132 48 Seine
2775 2576 174 48 Artikel
2978 2577 96 47 sind
3107 2579 78 47 mit
3215 2581 90 47 XX

1792 2648 351 50 unterzeichnet.
2201 2651 94 47 Der
2322 2651 156 48 zweite
2507 2652 123 47 Sohn
2662 2652 215 65 Adolph
2910 2651 119 67 (geb.
3066 2655 159 65 1820)
3257 2657 55 47 ist

1792 2726 217 56 Musiker,
2054 2726 340 66 Ciavierspieler
2436 2727 92 48 und
2573 2728 277 65 Componist.
2905 2731 134 48 Seine
3088 2732 218 65 einactige

1790 2802 249 65 Operette:
2355 2803 70 49 Le
2548 2802 162 67 Major
2925 2803 330 68 Schlagmann,
2723 2806 158 48 wurde
2917 2807 141 51 1859
3102 2811 78 47 mit
3208 2811 77 47 Bei-

1791 2881 71 48 fall
1894 2881 81 48 auf
1998 2881 103 49 dem
2131 2882 201 50 Theater
2362 2882 78 50 der
2968 2883 223 66 Bouffe
3192 2887 123 64 aufgeführt.

2301 3116 258 56 Londoner
2596 3117 186 55 Briefe.

1893 3246 48 49 [D
1952 3248 50 35 ie'
2025 3248 30 35 0
2067 3260 23 34 p
2104 3259 76 24 ern
2192 3248 47 35 th
2250 3259 50 24 ea
2311 3252 69 32 ter
2417 3250 47 34 in
2502 3250 79 35 der
2617 3262 345 36 vergangenen
2999 3252 207 48 Season.]

1906 3339 132 48 Seien
2069 3339 73 47 Sie
2171 3339 122 48 nicht
2324 3339 164 66 bange,
2531 3340 101 49 dass
2673 3342 69 48 ich
2786 3342 103 48 Ihre
2932 3343 136 47 Leser
3109 3343 90 48 und
3229 3344 74 48 Sie

1790 3415 80 49 mit
1898 3415 82 49 der
2011 3415 289 66 Aufzählung
2329 3418 110 47 aller
2476 3418 323 56 Einzelheiten,
2833 3418 70 48 die
2931 3419 91 47 sich
3054 3419 248 65 alljährlich

1790 3494 72 48 bei
1892 3493 85 49 den
2001 3493 201 65 hiesigen
2226 3494 306 50 italiänischen
2557 3497 155 63 Opern
2739 3495 323 58 wiederholen,
3091 3498 190 65 langwei-

1790 3573 69 47 len
1889 3570 181 57 werde;
2100 3572 69 47 ich
2202 3573 88 47 will
2320 3589 86 31 nur
2436 3574 97 47 eine
2561 3574 223 47 Nachlese
2813 3574 81 47 auf
2917 3573 101 49 dem
3050 3574 139 48 Felde
3220 3593 55 31 un-

1788 3666 126 31 serer
1943 3649 336 48 dramatischen
2305 3650 147 49 Musik
2484 3650 165 57 halten,
2679 3650 195 49 welches
2902 3652 43 47 in
2975 3652 165 48 diesem
3165 3653 142 49 Jahre

1789 3728 86 48 den
1900 3725 162 50 beiden
2086 3728 365 48 Unternehmern
2481 3743 84 33 von
2591 3728 337 67 Coventgarden
2956 3728 90 49 und
3068 3728 105 49 Her
3192 3728 76 51 Ma-

1782 3804 167 66 jesty's
2175 3803 108 58 Theatre,
2284 3804 84 49 noch
2369 3804 107 48 mehr
2503 3804 110 49 aber
2636 3805 84 48 den
2745 3807 309 63 Sängerinnen
3078 3805 92 48 und
3192 3807 87 48 Sän-

1789 3899 112 47 gern
1931 3881 242 50 reichliche
2196 3884 201 47 Aernten
2423 3890 218 57 getragen
2667 3883 87 49 hat.
2785 3883 75 48 Ob
2884 3883 113 48 auch
3022 3883 80 48 der
3126 3884 181 50 Kunst?

1790 3960 158 65 fragen
1977 3960 76 48 Sie
2083 3960 231 48 vielleicht.
2370 3960 121 56 Nun,
2527 3960 141 48 durch
2700 3961 195 47 einzelne
2925 3960 378 66 Aufführungen,

1787 4039 61 48 ia,
1878 4039 91 48 und
2000 4038 142 49 durch
2174 4038 79 48 das
2276 4054 138 33 ganze
2437 4039 268 48 Repertoire
2729 4038 268 49 wenigstens
3022 4039 115 48 auch
3163 4048 140 39 etwas

2892 4111 58 70 [•:
