3065 4374
405 276 44 69 6
465 298 38 50 2

1482 278 60 69 S.
1611 279 56 68 I.
1735 279 107 71 M.

473 423 225 46 chercher
724 440 67 28 un
818 423 163 62 refuge
1020 441 60 29 au
1117 425 98 45 sein
1255 425 157 46 même
1441 425 115 47 d'un
1595 427 267 61 paganisme
1901 439 47 34 et
1985 427 100 47 cela
2109 444 59 29 au
2195 440 218 34 moment
2437 429 62 46 où
2536 429 42 47 le
2617 430 157 47 thème
2802 432 56 46 de
2895 432 43 46 la

475 492 139 47 Mort
654 510 119 30 nous
810 493 223 62 rappelait
1070 511 61 31 en
1167 512 67 29 un
1273 495 96 63 glas
1406 495 127 62 plein
1576 497 258 60 d'horreur,
1875 509 135 35 notre
2048 497 250 48 inévitable
2333 499 204 46 solution
2576 511 264 38 terrestre...
2891 514 46 34 et

406 566 31 22 u
475 575 223 50 pourtant
748 575 75 34 cet
873 564 95 46 état
1019 564 154 47 d'âme
1223 565 113 48 était
1385 566 216 62 sillonné,
1653 568 54 46 de
1752 569 60 59 ci,
1859 568 55 46 de
1959 568 57 60 là,
2069 585 79 44 par
2199 569 54 46 de
2298 569 329 61 voluptueuses
2676 569 156 49 lueurs
2882 571 55 46 de

529 632 224 48 l'Amour
859 646 124 35 cette
1075 635 177 47 Déesse
1287 637 113 46 Nue
1492 638 82 62 qui
1613 637 120 47 n'est
1770 637 149 64 qu'un
1961 650 132 36 autre
2131 651 156 49 aspect
2324 640 58 46 de
2422 639 41 47 la
2503 639 137 48 Mort
2677 640 261 63 lorsqu'elle

477 704 146 62 prend
650 704 64 46 les
741 704 172 48 formes
941 706 55 45 de
1024 705 42 46 la
1092 707 144 48 Vie...

548 786 47 34 et
621 774 103 62 plus
749 775 96 47 loin
875 792 10 31 :

475 845 49 46 A
550 845 42 45 la
618 844 66 47 fin
712 846 55 45 de
795 863 53 29 ce
887 854 184 54 poëme,
1113 846 63 48 les
1214 847 184 48 lourdes
1434 848 191 48 chaînes
1651 849 62 46 du
1740 850 144 45 Doute
1915 867 46 29 se
1988 849 176 47 délient
2191 849 365 49 d'elles-mêmes
2593 863 46 35 et
2677 850 113 48 c'est
2827 869 113 29 avec

407 917 31 24 u
477 928 135 34 notre
651 916 183 45 dernier
873 919 157 59 soupir
1068 935 92 45 que
1202 936 119 29 nous
1357 931 242 35 entrerons
1635 921 214 45 satisfaits
1887 932 46 34 et
1973 919 316 64 transfigurés,
2330 921 114 47 dans
2483 921 41 47 le
2570 921 151 47 calme
2765 921 176 48 éternel

478 986 56 46 de
560 985 249 49 l'lnfini....

548 1057 58 62 Je
632 1058 120 45 crois
779 1058 122 60 bien,
929 1058 107 47 sauf
1054 1075 173 43 erreur,
1255 1076 89 44 que
1371 1058 112 47 c'est
1510 1059 42 46 la
1578 1072 130 35 toute
1748 1061 225 61 première
2001 1062 86 45 fois
2112 1062 148 61 qu'un
2288 1063 316 60 compositeur
2630 1063 133 46 traite
2803 1062 140 61 pareil

406 1128 119 63 sujet
551 1145 117 44 pour
694 1127 268 62 lui-même,
990 1128 396 62 ésotériquement
1413 1130 196 61 parlant.
1639 1131 94 47 Car
1759 1131 64 46 les
1849 1131 228 47 éléments
2103 1131 378 65 métaphysiques
2516 1144 107 35 sont
2660 1132 285 61 représentés

409 1197 72 47 bel
523 1210 47 34 et
611 1199 107 45 bien
760 1216 79 43 par
866 1199 80 45 des
982 1199 183 47 thèmes
1190 1201 77 59 qui
1309 1200 378 46 s'enchevêtrent
1714 1213 46 34 et
1784 1202 380 46 s'entrecroisent
2202 1220 118 43 pour
2357 1203 175 46 former
2570 1221 66 29 un
2671 1215 105 35 tout
2803 1203 141 47 d'une

410 1268 277 62 impérieuse
713 1269 187 62 logique
929 1281 45 34 et
1001 1271 78 61 qui
1108 1283 292 33 concourent
1428 1270 25 47 à
1480 1271 42 46 la
1547 1272 205 45 solution
1778 1272 116 61 qu'il
1921 1284 67 35 est
2014 1272 135 47 facile
2176 1274 56 45 de
2270 1275 262 59 pressentir.
2563 1274 139 46 Aussi
2738 1273 183 46 n'entre-

409 1356 254 30 rons-nous
706 1341 134 60 point
885 1341 57 45 ici
990 1341 112 46 dans
1146 1340 220 65 l'analyse
1408 1342 291 61 thématique
1745 1343 55 46 de
1845 1342 213 61 l'œuvre,
2105 1360 76 30 car
2224 1343 204 47 l'auteur
2470 1344 108 46 s'est
2621 1344 171 61 opposé
2835 1344 25 47 à
2904 1344 43 46 la

410 1410 249 47 dissection
701 1411 54 45 de
793 1427 84 30 son
917 1428 203 45 ouvrage
1159 1429 58 27 ne
1256 1411 194 47 voulant
1489 1414 131 59 point
1658 1414 127 45 avoir
1827 1413 114 46 écrit
1982 1431 93 28 une
2115 1431 162 29 œuvre
2316 1415 77 61 qui
2435 1432 59 28 ne
2538 1416 136 45 serait
2717 1415 229 61 comprise

409 1481 428 63 qu'accompagnée
883 1481 55 46 de
984 1481 42 47 la
1118 1481 132 63 grille
1347 1483 116 46 dont
1507 1500 61 30 on
1613 1500 45 30 se
1701 1496 93 34 sert
1838 1500 116 45 pour
1998 1483 44 47 la
2084 1483 178 47 lecture
2311 1486 78 45 des
2439 1484 229 62 dépêches
2718 1484 227 48 chiffrées.

412 1552 247 61 Etiqueter
696 1551 65 47 les
802 1551 181 47 thèmes
1021 1563 46 35 et
1105 1564 169 34 mettre
1303 1553 24 46 à
1366 1571 66 28 nu
1460 1552 40 47 la
1539 1555 255 61 technique
1832 1553 196 62 adoptée
2067 1554 115 47 c'est
2208 1555 24 46 à
2270 1555 97 46 dire
2404 1554 45 47 la
2476 1556 148 45 Déesse
2662 1554 285 61 elle-même,

410 1624 136 46 serait
571 1639 67 29 un
676 1622 161 46 labeur
876 1622 166 46 inutile
1069 1634 47 34 et
1153 1624 246 45 fastidieux
1428 1641 117 43 pour
1583 1642 120 29 ceux
1741 1625 78 61 qui
1858 1643 58 28 ne
1957 1637 346 49 comprennent
2340 1642 78 45 pas
2457 1643 62 29 ou
2559 1643 60 29 ne
2710 1638 187 34 sentent

411 1695 116 58 rien,
567 1704 47 35 et
640 1692 214 47 d'autant
891 1694 155 45 moins
1087 1693 340 61 indispensable
1454 1712 117 43 pour
1609 1712 120 29 ceux
1755 1697 80 60 qui
1875 1707 345 50 comprennent
2258 1714 62 28 ou
2357 1713 117 44 pour
2509 1697 160 45 mieux
2697 1697 95 45 dire
2872 1697 77 61 qui

410 1775 162 36 savent
597 1763 26 46 à
656 1763 210 47 l'avance
984 1763 207 47 Ceux-là
1216 1777 157 33 seront
1411 1765 64 46 les
1500 1765 243 46 véritables
1781 1766 155 45 initiés
1973 1778 47 33 et
2057 1766 114 47 c'est
2197 1766 25 46 à
2248 1784 92 29 eux
2366 1784 90 45 que
2496 1766 78 48 M.
2603 1766 132 47 Litta
2759 1766 168 47 s'adres-

410 1852 99 30 sera
546 1851 117 44 pour
699 1833 288 47 l'exécution
1031 1846 47 35 et
1115 1834 44 47 la
1195 1835 392 62 compréhension
1628 1836 56 46 de
1721 1853 47 30 sa
1807 1836 175 47 Déesse
2023 1838 127 59 Nue,
2189 1854 117 44 pour
2343 1836 197 62 laquelle
2582 1837 31 46 il
2651 1837 196 61 implore
2886 1855 65 28 un

412 1904 179 48 accueil
620 1904 305 47 bienveillant
950 1919 47 32 et
1024 1905 248 47 favorable.

556 2015 246 61 Florence,
830 2016 191 46 octobre
1056 2030 88 48 191
1162 2030 40 32 1.

2215 2087 594 47 Andrea
2808 2087 1 47 del
2808 2087 1 47 Lauro.
