3065 4374
806 1544 684 71 ILDEBRANDO
1553 1542 488 71 PIZZETTI

322 1763 51 58 Il
407 1760 227 61 semble
669 1760 141 60 bien
846 1783 119 58 que
999 1761 223 59 l'ltalie
1256 1761 117 59 soit
1408 1759 31 59 à
1473 1760 55 58 la
1562 1759 176 59 veille
1774 1759 179 58 d'une
1986 1759 371 58 renaissance
2396 1756 289 57 musicale

140 1854 186 81 digne
362 1851 73 60 de
471 1872 107 38 son
612 1848 187 83 passé.
838 1851 90 59 La
973 1864 155 45 terre
1163 1846 145 63 d'où
1361 1850 282 74 jaillirent
1697 1862 129 45 tant
1879 1848 72 58 de
2003 1867 237 39 sources
2290 1845 73 58 de
2403 1845 283 80 musique

141 1966 75 37 ne
250 1957 149 68 peut
434 1942 126 58 être
594 1938 266 84 épuisée,
896 1956 59 44 et
988 1940 292 82 l'Europe
1314 1938 249 72 entière,
1599 1939 108 80 qui
1751 1938 88 59 lui
1887 1938 132 59 doit
2069 1950 150 58 tant,
2269 1937 226 58 saluera
2545 1956 141 36 avec

133 2034 127 80 joie
293 2034 54 57 le
382 2030 187 60 réveil
603 2032 107 78 qui
745 2052 59 37 se
838 2029 271 83 prépare.
1150 2032 88 57 Ce
1272 2028 186 61 réveil
1491 2043 147 67 peut
1672 2050 59 38 se
1765 2028 323 81 pressentir
2126 2039 239 46 surtout
2413 2024 143 59 dans
2605 2025 82 58 les

142 2124 210 59 efforts
386 2121 74 59 de
494 2122 294 80 quelques
813 2121 213 80 jeunes
1060 2119 283 60 hommes
1378 2119 148 59 dont
1558 2119 84 59 les
1676 2140 236 38 œuvres
1945 2130 324 68 marquent
2319 2136 119 37 une
2486 2116 168 58 orien-

143 2216 197 58 tation
374 2212 282 60 nouvelle
683 2211 145 60 dans
853 2212 135 59 l'art
1016 2211 73 58 de
1114 2212 132 57 leur
1274 2231 161 61 pays.
1477 2210 140 58 Une
1651 2207 169 61 école
1848 2211 19 57 ?
1900 2210 147 57 Non
2075 2221 207 46 certes.
2314 2202 373 62 Disséminés

142 2326 99 38 sur
277 2318 134 44 tous
443 2302 84 59 les
562 2302 202 80 points
799 2301 73 58 de
905 2302 56 57 la
988 2298 343 74 Péninsule,
1366 2312 257 46 souvent
1658 2297 174 61 isolés
1865 2320 77 37 au
1977 2297 212 59 milieu
2229 2295 179 59 d'une
2443 2292 214 60 indiffé-

140 2414 180 39 rence
378 2391 506 80 décourageante,
936 2391 72 59 ils
1063 2390 330 81 s'ignorent
1451 2410 157 60 pour
1653 2389 56 58 la
1759 2390 242 80 plupart
2051 2387 81 59 les
2182 2406 109 39 uns
2324 2386 82 57 les
2438 2398 197 45 autres
2671 2409 12 47 ;

142 2484 238 60 chacun
416 2483 120 58 suit
569 2502 59 38 sa
661 2481 161 71 voie,
856 2481 82 59 les
964 2502 164 59 yeux
1161 2502 97 38 sur
1291 2500 106 38 son
1432 2479 140 58 rêve
1605 2493 57 44 et
1699 2476 174 83 porté
1910 2499 105 60 par
2050 2498 108 38 son
2184 2474 151 61 élan.
2370 2475 316 70 Pourtant,

145 2574 329 60 musiciens
508 2572 73 58 de
616 2570 256 60 carrière
908 2593 79 37 ou
1022 2570 438 71 autodidactes,
1496 2570 376 57 nourrissons
1906 2568 246 59 rebelles
2194 2588 78 37 ou
2325 2568 365 78 professeurs

211 2663 400 60 modernistes
735 2662 100 58 des
888 2662 188 58 vieux
1130 2662 492 70 conservatoires,
1675 2659 70 59 ils
1793 2672 108 44 ont
1952 2672 153 57 tous,
2146 2677 144 38 avec
2325 2655 257 59 l'amour
2616 2653 71 59 de

143 2754 221 60 l'ltalie
423 2752 299 71 nouvelle,
778 2773 82 37 un
913 2752 143 58 trait
1109 2771 295 39 commun
1459 2751 107 80 qui
1623 2749 82 59 les
1740 2747 340 82 rapproche
2111 2768 11 37 :
2161 2747 69 58 ils
2263 2766 75 37 ne
2372 2744 318 80 craignent

143 2865 124 61 pas,
322 2864 157 59 pour
531 2839 221 82 élargir
802 2839 303 60 l'horizon
1162 2841 72 57 de
1283 2841 129 57 leur
1460 2853 111 56 art,
1622 2838 72 59 de
1745 2837 278 81 regarder
2056 2833 240 61 au-delà
2330 2833 99 60 des
2465 2846 222 57 monts,

142 2932 299 61 d'étudier
493 2928 492 84 passionnément
1042 2931 83 58 les
1176 2931 311 80 musiques
1535 2925 363 83 étrangères,
1956 2923 467 82 Moussorgsky,
2460 2923 230 59 Strauss

145 3046 81 37 ou
263 3022 299 80 Debussy.
602 3021 147 59 Non
786 3020 179 81 qu'ils
998 3021 295 59 veuillent
1324 3041 39 60 y
1399 3017 295 61 chercher
1728 3017 101 59 des
1867 3015 236 59 thèmes
2152 3013 423 82 d'inspiration
2627 3012 63 59 ni

145 3114 237 59 oublier
416 3114 82 57 les
532 3111 321 60 traditions
886 3110 73 58 de
992 3111 132 59 leur
1157 3132 134 38 race
1310 3134 13 48 ;
1361 3110 151 58 mais
1545 3109 72 58 ils
1650 3119 445 70 comprennent
2128 3101 160 62 enfin
2318 3102 285 60 combien
2636 3102 55 59 la

146 3204 335 80 technique
515 3203 211 80 souple
759 3215 60 45 et
852 3200 154 60 libre
1040 3222 121 59 que
1191 3200 296 80 l'Europe
1521 3198 501 80 contemporaine
2055 3217 33 38 a
2122 3191 272 62 élaborée
2433 3213 258 61 presque

145 3294 31 60 à
208 3294 182 60 l'insu
424 3292 75 59 de
532 3290 221 61 l'ltalie
787 3304 149 68 peut
969 3290 278 59 stimuler
1280 3303 58 44 et
1374 3287 268 60 enrichir
1675 3288 82 58 les
1793 3287 387 80 inspirations
2222 3284 55 57 le
2329 3284 131 79 plus
2511 3303 144 60 pure-

145 3397 170 46 ment
344 3383 331 58 italiennes.
706 3380 206 59 Parmi
938 3401 96 38 ces
1059 3380 326 59 musiciens
1412 3378 72 58 de
1512 3378 238 58 culture
1770 3373 404 84 européenne,
2201 3374 98 59 M.
2326 3370 362 61 Ildebrando

148 3473 267 61 Pizzetti
452 3494 99 36 me
587 3468 193 84 paraît
814 3471 126 58 être
973 3468 562 83 particulièrement
1570 3463 438 85 représentatif.

329 3563 98 59 M.
486 3560 362 61 Ildebrando
905 3560 264 58 Pizzetti
1225 3572 87 46 est
1369 3557 72 58 né
1492 3556 31 59 à
1568 3558 214 57 Parme
1816 3556 55 58 le
1909 3575 80 39 20
2024 3552 342 82 septembre
2412 3548 161 61 1880
2610 3563 80 58 et,

146 3676 75 39 en
256 3654 285 59 souvenir
574 3651 74 58 de
682 3671 59 38 sa
773 3650 144 58 ville
950 3650 214 70 natale,
1199 3650 44 57 il
1276 3650 170 80 signe
1479 3647 329 60 volontiers
1845 3666 86 38 ses
1965 3664 233 39 œuvres
2227 3640 361 59 Ildebrando
2616 3640 74 57 da

150 3746 235 59 Parma.
423 3740 198 83 Après
655 3741 167 59 avoir
855 3737 109 61 fait
999 3760 85 38 ses
1117 3737 210 60 études
1360 3736 376 61 secondaires
1770 3735 31 58 à
1838 3735 265 80 Reggio,
2159 3730 79 61 où
2293 3731 45 58 il
2387 3728 195 61 résida
2615 3728 73 59 de
