3065 4374
1444 286 76 70 S.
1598 286 64 73 I.
1738 288 119 71 M.

396 310 98 67 3°

386 435 149 59 Cela
583 433 254 82 indique
889 435 153 81 qu'il
1073 432 130 61 faut
1238 449 182 45 rester
1453 455 98 39 sur
1583 436 56 60 la
1673 451 141 45 note
1847 437 204 60 même
2084 460 98 39 sur
2215 442 258 82 laquelle
2507 466 76 38 on
2621 447 157 60 trille
2818 449 96 80 (au

385 525 123 58 lieu
563 545 118 60 que
1101 524 233 81 l'appui
1009 544 57 39 se
1117 522 196 61 faisait
1367 545 99 38 sur
1513 526 54 58 la
1616 541 143 45 note
1807 526 369 84 supérieure)
2216 546 59 44 et
2308 532 119 60 l'on
2463 534 150 72 doit,
2647 537 269 81 toujours

385 614 165 58 selon
598 614 357 57 Geminiani
1072 614 117 58 s'en
1224 615 187 58 servir
1444 630 276 57 souvent,
1755 637 99 39 car
1887 619 46 57 si
1967 619 120 58 l'on
2120 618 197 62 faisait
2351 623 99 58 des
2483 623 208 81 pincés
2724 640 58 46 et
2816 628 99 59 des

385 701 458 60 tremblements
877 703 341 58 continuels
1251 724 130 38 sans
1414 704 242 60 souffrir
1689 705 352 61 d'entendre
2075 709 381 81 quelquefois
2489 714 54 58 la
2576 728 142 46 note
2751 718 161 71 unie,

405 793 63 57 la
591 789 221 61 mélodie
1094 790 176 60 serait
1501 803 124 69 trop

564 880 177 59 Ainsi
791 901 58 38 se
899 896 215 44 trouve
1162 880 372 61 déterminée
1581 884 56 59 la
1686 887 360 78 proportion
2096 887 143 59 dans
2271 891 258 80 laquelle
2563 913 76 37 on
2674 910 147 63 peut
2854 915 58 39 se

382 983 333 69 permettre
771 968 446 83 d'agrémenter
1270 972 55 57 le
1382 971 202 61 chant.
1647 973 191 59 Nulle
1894 988 166 46 autre
2117 977 198 60 limite
2371 1001 118 60 que
2545 981 55 58 le
2656 996 120 46 tact
2841 983 71 60 de

382 1056 376 83 l'interprète
790 1080 13 37 :
1147 1081 144 38 avec
1340 1061 121 58 bon
1510 1061 151 80 goût
1708 1084 77 36 ne
1833 1066 256 58 consiste
2136 1087 106 60 pas
2296 1067 144 61 dans
2497 1070 99 59 des
2644 1091 268 62 passages

380 1146 333 85 fréquents,
750 1150 151 58 mais
944 1170 75 38 en
1067 1151 348 80 exprimant
1462 1151 345 61 l'intention
1857 1153 83 60 du
1988 1159 414 78 compositeur
2449 1180 142 38 avec
2639 1160 165 61 force
2853 1179 58 43 et

382 1237 364 60 délicatesse.
827 1236 15 28 1

564 1329 60 58 Si
681 1329 119 57 l'on
856 1327 311 60 reconnaît
1217 1329 99 59 des
1426 1331 334 60 intentions
1873 1353 75 38 au
1998 1338 434 78 compositeur,
2467 1341 307 79 pourquoi
2823 1343 86 57 lui

381 1415 226 61 refuser
640 1416 146 59 celle
822 1415 381 62 d'émouvoir
1232 1419 19 58 ?
1289 1419 234 58 Faut-il
1570 1440 197 60 passer
1813 1423 510 61 volontairement
2373 1448 97 37 sur
2519 1448 66 38 ce
2633 1426 110 61 fait
2790 1451 120 59 que

381 1507 64 58 ni
494 1507 82 58 les
625 1503 224 73 coulés,
885 1508 63 57 ni
996 1508 82 57 les
1125 1522 168 66 ports
1336 1508 73 58 de
1443 1510 145 57 voix
1619 1510 313 80 n'exigent
1967 1533 117 38 une
2117 1515 388 79 particulière
2539 1515 263 63 habileté
2837 1519 72 59 de

380 1598 188 70 main,
602 1597 179 81 qu'ils
816 1618 73 37 ne
922 1611 135 44 sont
1090 1618 104 60 pas
1227 1613 394 66 proprement
1655 1599 81 59 du
1771 1616 210 44 ressort
2017 1603 72 58 de
2138 1604 54 59 la
2234 1604 341 74 virtuosité,
2610 1628 119 60 que
2779 1609 130 59 leur

377 1684 281 61 fonction
691 1700 86 44 est
812 1684 348 83 d'apporter
1191 1686 225 81 parfois
1451 1688 72 59 de
1572 1689 56 58 la
1678 1689 316 73 tendresse,
2030 1691 224 82 parfois
2304 1694 71 59 de
2423 1696 55 57 la
2528 1694 377 75 mélancolie,

380 1773 222 84 parfois
636 1776 392 80 simplement
1062 1776 74 59 de
1166 1777 56 58 la
1255 1778 194 79 grâce.

558 1865 61 58 Si
652 1865 122 58 l'on
808 1862 312 84 confisque
1153 1865 388 82 l'expression
1575 1889 74 37 au
1682 1865 181 83 profit
1899 1868 72 60 de
2003 1871 56 58 la
2091 1872 158 59 seule
2284 1874 282 80 musique
2599 1874 31 59 à
2663 1875 209 81 préten-

377 1956 159 59 tions
586 1954 534 82 psychologiques,
1155 1956 82 59 les
1293 1976 236 40 œuvres
1581 1957 82 59 du
1715 1976 533 45 commencement
2305 1964 82 57 du
2435 1965 225 60 XVIII
2665 1971 17 22 e
2727 1964 176 62 siècle

374 2056 135 47 sont
543 2042 443 61 foncièrement
1019 2045 453 81 inexpressives.
1513 2048 186 71 Mais,
1736 2069 244 38 comme
2006 2051 43 57 il
2082 2072 39 59 y
2154 2073 51 51 a,
2234 2050 141 61 hors
2401 2053 81 58 du
2508 2058 394 57 romantisme

372 2133 252 72 violent,
652 2134 170 80 place
854 2154 158 60 pour
1039 2135 263 80 quelque
1336 2134 223 82 poésie,
1594 2135 72 60 de
1701 2136 200 60 même
1936 2159 78 37 on
2049 2154 147 66 peut
2230 2140 294 61 admettre
2557 2144 344 60 l'existence

371 2222 180 59 d'une
601 2224 347 79 expression
996 2224 289 58 musicale
1321 2225 107 80 qui
1462 2246 58 38 se
1569 2239 285 46 contente
1905 2225 74 61 de
2006 2243 184 45 rester
2232 2230 158 73 telle,
2427 2246 59 44 et
2520 2253 74 37 ne
2628 2233 270 61 s'efforce

371 2332 104 61 pas
523 2333 133 38 vers
706 2313 54 57 la
810 2312 375 61 véhémence
1219 2313 400 84 dramatique.
1673 2318 81 57 Et
1788 2315 89 60 s'il
1910 2318 83 58 lui
2030 2318 183 74 suffit,
2248 2341 158 60 pour
2437 2322 126 60 être
2597 2326 301 58 vraiment

459 2402 346 80 expression
959 2402 72 58 de
1080 2401 280 83 pénétrer
1415 2404 133 80 plus
1599 2420 179 44 avant
1829 2427 121 59 que
1999 2407 252 60 l'oreille
2301 2409 74 59 de
2425 2411 344 73 l'auditeur,
2827 2413 71 60 de

372 2492 251 58 susciter
656 2512 72 38 en
762 2492 88 57 lui
884 2492 100 60 des
1019 2493 386 82 impressions
1439 2496 337 71 musicales,
1810 2509 58 45 et
1903 2517 122 39 non
2059 2500 176 78 point
2268 2501 331 60 seulement
2633 2502 100 60 des
2766 2524 101 39 sen-

370 2581 221 58 sations
625 2603 79 36 ou
738 2581 100 60 des
870 2580 183 75 idées,
1089 2604 106 38 nos
1233 2597 233 46 sonates
1499 2583 82 59 du
1630 2585 224 59 XVIII
1861 2587 16 21 e
1909 2585 198 75 siècle,
2158 2603 208 45 autant
2401 2610 118 60 que
2569 2590 326 84 n'importe

368 2670 197 80 quelle
833 2681 187 47 sonate
1039 2670 346 84 pathétique,
1184 2686 134 45 sont
1353 2671 73 60 de
1458 2672 56 59 la
1550 2674 282 81 musique
1865 2677 356 79 expressive.

1341 2889 583 63 CONCLUSION

546 3090 102 60 On
683 3112 31 37 a
748 3112 84 59 pu
864 3093 155 71 voir,
1053 3113 76 38 au
1164 3113 176 39 cours
1373 3094 71 58 de
1480 3108 159 46 cette
1672 3091 201 75 étude,
1909 3111 315 45 comment
2261 3098 56 58 la
2350 3113 223 58 sonate,
2609 3121 70 38 en
2727 3100 159 82 1695

363 3193 135 46 tout
550 3180 307 71 italienne,
910 3180 231 82 proche
1191 3203 218 38 encore
1461 3183 81 60 du
1594 3185 149 80 style
1786 3185 194 72 vocal,
2016 3183 334 84 développe
2401 3210 71 36 en
2528 3189 228 60 France
2808 3213 80 37 un

363 3269 150 82 style
548 3269 424 60 instrumental
1024 3291 297 53 nouveau,
1372 3288 334 57 comment,
1759 3295 107 59 par
1913 3276 132 71 elle,
2082 3296 118 38 une
2248 3274 166 61 école
2463 3276 72 59 de
2575 3279 205 59 violon
2831 3301 57 39 se

362 3357 205 74 fonde,
616 3358 149 60 dont
817 3359 54 59 la
922 3358 334 84 technique
1308 3362 341 81 représente
1697 3363 321 71 vraiment,
2075 3386 74 37 en
2211 3382 186 64 1723,
2448 3387 80 37 un
2586 3389 175 61 corps
2816 3370 72 58 de

363 3450 276 58 doctrine
675 3448 289 82 organisé.

541 3536 126 62 Dès
711 3556 163 63 1700
926 3537 253 84 l'agilité
1230 3540 71 59 de
1353 3541 54 58 la
1459 3542 166 59 main
1679 3541 236 80 gauche
1964 3556 86 46 est
2102 3542 248 82 poussée
2401 3565 157 40 assez
2609 3547 127 59 loin
2780 3569 108 60 par

474 3674 11 24 1
517 3676 250 49 Geminiani,
789 3689 65 42 op.
878 3677 81 48 cit.,
983 3690 38 41 p.
1047 3679 37 38 6.
