3065 4374
480 268 93 69 i
574 268 1 69 6

1543 274 63 69 S.
1674 275 55 69 I.
1796 275 109 72 M.

466 428 158 45 cette
661 415 383 62 destination.
1084 418 298 60 Innocent
1419 420 99 58 111
1556 420 161 81 régla
1766 421 344 61 l'ordinaire
2158 423 314 82 pontifical
2521 449 71 35 en
2639 448 185 59 1205,
2860 427 32 60 à
2932 451 66 38 ce

465 528 118 58 que
616 506 121 58 l'on
773 508 154 56 croit
963 507 495 80 généralement*;
1510 512 150 57 mais
1709 512 43 59 il
1796 526 85 45 est
1916 514 133 80 plus
2082 514 287 80 probable
2405 538 118 58 que
2558 538 67 38 ce
2660 517 335 82 règlement

464 594 95 59 fut
593 595 340 80 postérieur
966 595 31 60 à
1042 599 184 58 1216.
1256 596 13 28 1

646 686 392 59 Maintenant
1091 708 118 60 que
1258 689 53 57 le
1362 688 294 59 bréviaire
2971 713 27 35 sa
2184 708 86 44 est
2319 694 234 60 devenu
2606 718 82 36 un
2741 699 150 56 livre
2925 698 71 58 de

460 775 229 57 lecture
738 776 238 58 rituelle
1011 778 106 77 qui
1170 798 58 37 se
1281 778 171 80 place
1502 776 30 60 à
1585 778 136 59 côté
1758 780 98 60 des
1910 782 201 59 offices
2162 782 267 73 chantés,
2476 806 152 36 nous
2676 788 319 79 pourrions

461 864 159 57 clore
654 877 159 44 cette
849 865 203 57 notice
1084 889 12 46 ;
1135 867 149 57 mais
1320 888 150 37 nous
1505 889 73 36 ne
1611 889 283 59 poserons
1930 892 101 58 pas
2069 872 55 57 la
2171 873 212 79 plume
2416 895 128 36 sans
2580 889 313 67 rapporter
2940 878 54 57 le

461 952 389 81 témoignage
886 976 80 37 ou
999 956 203 78 plutôt
1236 957 80 57 les
1361 958 389 79 impressions
1785 959 142 59 d'un
1963 959 417 83 chroniqueur
2413 967 465 77 contemporain
2915 967 78 57 du

458 1063 147 39 nom
639 1043 73 57 de
747 1043 352 59 Salembene
1126 1043 16 27 2
1171 1067 13 36 :
1289 1047 88 57 Le
1413 1069 153 58 pape
1602 1047 297 61 Innocent
1935 1049 96 59 111
2069 1049 201 60 réunit
2304 1074 81 36 un
2420 1055 233 57 concile
2689 1076 72 37 en
2802 1075 69 39 12
2892 1075 99 60 15;

456 1133 45 56 il
535 1131 287 59 améliora
868 1147 58 43 et
961 1132 165 81 régla
1159 1135 221 59 l'office
1414 1133 472 84 ecclésiastique,
1916 1160 36 58 y
1979 1136 66 61 fit
2074 1140 99 58 des
2208 1141 301 60 additions
2543 1157 58 44 et
2629 1143 101 59 des
2764 1159 194 43 retran-

458 1221 336 72 chements,
830 1236 58 43 et
938 1244 218 37 encore
1204 1225 226 58 n'est-il
1479 1246 103 60 pas
1630 1226 140 58 bien
1805 1225 183 82 réglé,
2025 1250 73 36 au
2134 1229 104 80 gré
2275 1230 71 58 de
2387 1231 316 81 beaucoup
2739 1234 72 57 de
2849 1255 144 59 gens

458 1326 57 44 et
550 1333 73 37 en
657 1310 229 73 réalité,
921 1334 81 37 vu
1038 1314 152 80 qu'il
1226 1314 82 81 s'y
1344 1329 215 44 trouve
1603 1338 81 37 un
1735 1317 189 79 grand
1975 1319 254 58 nombre
2264 1320 71 58 de
2385 1321 210 60 choses
2643 1323 347 80 superflues,

456 1403 106 80 qui
616 1417 134 43 sont
803 1403 201 80 plutôt
1056 1401 372 63 fastidieuses
1481 1403 437 82 qu'édifiantes,
1956 1422 128 44 tant
2137 1430 156 59 pour
2352 1411 80 58 les
2485 1411 327 73 auditeurs,
2873 1436 117 58 que

455 1512 164 59 pour
658 1512 160 37 ceux
854 1493 107 78 qui
1011 1493 84 57 les
1128 1491 281 74 récitent,
1446 1516 243 36 comme
1738 1517 106 58 par
1894 1499 278 79 exemple
2213 1498 30 58 à
2293 1500 197 79 prime
2526 1502 80 57 du
2641 1500 348 74 dimanche,

456 1580 204 82 quand
709 1582 83 57 les
842 1582 226 80 prêtres
1103 1582 250 59 doivent
1387 1583 129 58 dire
1565 1584 130 59 leur
1728 1606 207 51 messe,
1971 1601 58 44 et
2064 1610 120 58 que
2231 1588 54 57 le
2333 1591 224 78 peuple
2605 1592 273 70 l'attend,
2932 1607 55 43 et

455 1672 154 80 qu'il
643 1671 99 81 n'y
776 1693 32 36 a
856 1692 295 60 personne
1199 1695 156 58 pour
1389 1674 54 57 la
1477 1673 150 72 dire,
1662 1674 315 60 l'officiant
2027 1676 167 59 étant
2229 1692 210 45 retenu
2488 1701 107 58 par
2637 1682 215 79 prime.
2895 1683 94 57 De

454 1761 203 58 même
704 1762 175 70 aussi,
929 1759 219 60 réciter
1181 1762 277 60 dix-huit
1510 1785 276 60 psaumes
1836 1764 30 59 à
1914 1766 219 58 l'office
2186 1767 330 60 dominical
2566 1770 72 57 de
2690 1785 296 46 nocturne

447 1864 178 45 avant
658 1851 55 57 le
754 1851 72 58 Te
858 1852 185 57 Deutn
1049 1899 14 23 ,
1099 1865 58 44 et
1193 1853 146 72 cela,
1375 1875 72 37 en
1482 1851 116 74 été,
1635 1853 203 82 quand
1871 1856 81 57 les
1985 1878 185 58 puces
2201 1879 149 37 vous
2384 1872 437 59 tourmentent,
2862 1883 117 58 que

446 1941 81 57 les
562 1941 160 57 nuits
769 1955 136 43 sont
953 1955 239 44 courtes
1226 1956 57 45 et
1331 1944 55 57 la
1434 1942 247 59 chaleur
1714 1945 254 71 intense,
2003 1959 57 44 et
2096 1960 136 45 tout
2280 1949 154 57 aussi
2483 1947 140 59 bien
2674 1970 73 37 en
2783 1949 192 71 hiver,

447 2030 145 58 c'est
625 2029 56 58 là
714 2052 117 36 une
865 2050 174 38 cause
1074 2031 243 59 d'ennui
1359 2031 296 80 (taedium
1702 2034 341 80 provocat).
2098 2035 53 58 Il
2181 2058 39 58 y
2255 2058 30 35 a
2326 2058 217 38 encore
2591 2038 318 81 beaucoup
2947 2038 32 59 à

450 2118 267 81 changer
751 2119 143 58 dans
926 2119 222 58 l'office
1183 2120 471 81 ecclésiastique,
1693 2124 106 79 qui
1833 2125 272 78 pourrait
2140 2123 126 59 être
2299 2124 306 61 amélioré.

629 2210 179 56 Cette
859 2206 422 61 amélioration
1334 2209 324 83 appliquée
1697 2233 76 37 au
1825 2212 292 59 bréviaire
2168 2212 96 60 fut
2316 2215 254 59 l'œuvre
2622 2215 99 60 des
2774 2217 206 59 siècles

446 2298 267 58 suivants
747 2312 59 44 et
840 2319 58 37 se
931 2299 294 59 continua
1263 2299 283 81 jusqu'au
1585 2300 143 79 jour
1761 2299 80 60 où
1889 2303 54 57 le
1993 2304 232 57 concile
2261 2304 71 57 de
2366 2304 229 59 Trente
2629 2304 163 82 régla
2832 2303 118 62 défi-

450 2388 364 58 nitivement
863 2388 54 57 la
967 2389 411 80 composition
1413 2405 58 43 et
1519 2391 55 57 la
1608 2389 311 60 rédaction
1955 2392 80 57 du
2765 2417 216 38 encore

451 2499 71 36 en
558 2477 262 80 vigueur
854 2477 409 80 aujourd'hui.

2193 2586 604 58 Ch.-Em.
2798 2586 9 58 Ruelle.

555 3622 11 23 1
600 3613 75 47 Id.,
698 3626 38 39 p.
763 3627 94 34 241.

553 3674 14 22 2
599 3668 175 50 Batiffol,
799 3669 112 48 ibid.,
936 3669 152 53 d'après
1109 3666 53 41 les
1182 3670 253 37 Monumenta
1457 3667 233 40 Germaniae
1691 3697 11 18 ,
1727 3666 213 49 Chronica,
1964 3681 37 39 p.
2029 3682 44 35 31
