3231 4487
306 386 610 132 CONCERTS
997 386 524 127 ITALIENS
1607 386 157 122 DE
1835 386 534 147 MUSIQUE
2470 391 585 127 ANCIENNE

753 665 234 97 LA
1048 665 640 97 LIBERA
1754 655 833 107 ESTETICA

370 986 549 66 Fondateurs:

1018 930 157 61 M—
1216 930 193 61 IDA
1452 930 315 71 ISORI,
1810 927 457 61 cantatrice
2308 922 444 64 florentine

1020 1046 109 61 M'
1173 1044 342 63 PAOLO
1561 1041 348 74 LITTA,
1950 1039 955 76 pianiste-compositeur

348 2424 31 27 &

256 2492 172 114 F

256 2878 157 114 F

261 3452 127 117 *

263 3645 158 117 F

263 3838 155 117 9*

294 3995 11 13 \

906 1242 485 94 COMITÉ
1442 1260 165 74 DE
1658 1252 785 84 PATRONAGE

1317 1414 309 43 PRÉIIMWTE
1651 1422 289 33 D'HONNEUR

743 1506 69 36 SA
844 1495 264 49 MAJESTÉ
1142 1506 70 38 LA
1240 1504 173 42 REINE
1444 1491 178 56 MÈftE,
1655 1504 67 38 LA
1753 1504 170 39 RBIHC
1956 1505 381 39 MARâOERITE
2370 1505 238 41 D'ITALIE

1222 1610 274 64 COMITÉ
1531 1622 95 51 DE
1661 1610 440 63 PRÉSIDENCE
2120 1642 10 28 :

679 1777 49 53 S.
764 1778 111 52 Exc.
915 1778 219 52 Madame
1165 1778 381 51 l'Ambassadrice
1578 1777 185 57 d'ltalie,
1801 1775 168 53 Donna
2004 1775 108 51 Bice
2144 1773 172 52 Tittoni
2347 1778 27 46 à
2410 1770 142 54 Paris.

677 1850 51 51 S.
753 1850 112 51 Exc.
892 1850 57 51 M
953 1854 52 22 me
1028 1849 40 53 la
1094 1850 39 50 P
1136 1854 87 23 cesse
1249 1849 190 62 Ruspoli
1463 1849 45 51 di
1537 1849 171 60 Poggio
1738 1849 141 50 Suasa
1900 1844 273 64 Talleyrand
2208 1843 218 61 Périgord
2459 1863 24 29 a
2525 1842 140 50 Paris.

679 1920 220 52 Madame
931 1920 42 52 la
1010 1920 230 52 Princesse
1274 1920 368 51 Strozzi-Corsini
1675 1925 27 44 à
1738 1918 228 51 Florence.

680 1989 221 54 Madame
933 1990 41 52 la
1009 1993 231 49 Comtesse
1277 1991 202 50 Béatrice
1515 1989 455 52 Pandolfini-Corsini
2003 1993 26 44 à
2065 1985 233 52 Florence.

680 2061 221 52 Madame
931 2061 43 52 la
1006 2064 221 59 marquise
1261 2062 58 50 E.
1353 2061 58 52 de
1448 2061 288 59 Montagliari
1769 2066 27 43 à
1833 2059 141 50 Paris.

681 2132 340 52 Mademoiselle
1056 2132 142 51 Elena
1232 2132 272 56 Vacaresco,
1540 2131 161 51 femme
1734 2130 58 51 de
1827 2130 161 56 lettres,
2013 2141 156 38 auteur
2192 2126 275 60 dramatique
2490 2130 25 44 à
2543 2123 140 51 Paris.

680 2203 48 54 S.
766 2203 111 51 Exc.
913 2203 72 51 Le
1020 2203 163 51 Prince
1218 2202 191 60 Ruspoli
1443 2202 46 51 di
1524 2202 173 60 Poggio
1733 2201 141 49 Suasa
1907 2206 25 43 à
1969 2200 140 49 Paris.

680 2275 70 52 Le
781 2275 89 50 duc
906 2273 141 52 Melzi
1079 2273 156 59 d'Eril,
1268 2275 89 50 duc
1388 2273 59 51 de
1482 2272 131 52 Lodi.

681 2344 70 52 Le
785 2346 163 54 Comte
983 2344 214 51 Brunetta
1228 2343 271 51 d'Usseaux.

682 2416 70 52 Le
785 2416 333 52 Commandeur
1150 2414 176 52 Trezza
1358 2414 46 50 di
1439 2412 209 52 Musella.

1231 2588 343 54 MEMBRES
1622 2586 478 53 HONORAIRES
2128 2631 10 6 ,

684 2748 58 51 M
778 2744 217 55 Gabriele
1047 2746 315 56 d'Annunzio,
1401 2744 178 51 homme
1612 2744 58 50 de
1705 2743 161 56 lettres,
1900 2756 158 35 auteur
2091 2741 274 58 dramatique
2406 2744 25 44 à
2474 2737 215 51 Florence

685 2821 74 50 M.
793 2819 84 51 W.
915 2818 146 61 Bopp,
1100 2817 239 51 Directeur
1372 2816 60 52 de
1465 2816 279 50 l'Académie
1780 2814 109 60 Imp.
1909 2826 45 38 et
1978 2813 120 60 Roy.
2121 2812 60 51 de
2206 2811 214 59 Musique
2437 2816 27 43 à
2487 2809 197 52 Vienne.

685 2892 72 51 M.
794 2889 169 52 Alfred
1000 2889 222 55 Bruneau,
1256 2888 298 60 compositeur
1587 2884 59 52 de
1678 2887 201 57 musique
1913 2889 25 45 à
1975 2883 141 51 Paris.

686 2960 74 52 M.
779 2958 387 57 Carolus-Duran,
1189 2958 170 51 Direct,
1371 2955 57 52 de
1446 2954 180 52 l'Acad.
1639 2954 57 52 de
1717 2954 172 51 France
1905 2959 27 45 à
1952 2953 149 49 Rome
2117 2964 46 38 et
2178 2949 199 53 membre
2393 2948 58 52 de
2468 2948 215 50 l'lnstitut.

686 3033 75 51 M.
797 3030 176 54 Claude
1009 3029 223 60 Debussy,
1268 3029 294 60 compositeur
1595 3026 59 51 de
1687 3028 199 57 musique
1919 3030 27 45 à
1982 3024 141 51 Paris.

687 3103 74 52 M.
798 3103 138 50 Louis
972 3100 198 57 Peiner,
1209 3099 126 51 Prof,
1368 3119 57 29 au
1461 3098 137 50 Cons.
1635 3096 109 51 Nat.
1778 3096 59 50 de
1870 3095 199 58 musique
2102 3098 26 44 à
2164 3091 141 52 Paris.

687 3174 75 51 M.
786 3174 199 49 Vincent
1006 3172 43 50 ci*
1057 3170 123 60 Indy,
1203 3190 197 41 compos.
1419 3167 58 52 de
1493 3170 212 58 musique,
1724 3166 170 51 Direct,
1913 3165 58 51 de
1988 3164 41 52 la
2048 3162 163 51 Schola
2233 3162 246 51 Cantorum
2496 3166 27 46 à
2542 3161 141 51 Paris.

689 3244 73 52 M.
800 3244 33 50 I.
872 3242 245 56 Massenet,
1151 3242 296 57 compositeur
1480 3239 58 50 de
1571 3239 212 59 musique,
1818 3235 198 52 membre
2049 3233 58 51 de
2139 3233 215 50 l'lnstitut.

689 3315 73 54 M.
799 3316 56 51 E.
882 3312 221 57 Mathieu,
1127 3332 195 41 compos.
1348 3311 57 51 de
1428 3311 212 58 musique,
1668 3308 170 51 Direct,
1857 3306 62 52 du
1937 3307 140 50 Cons.
2100 3303 147 61 Royal
2263 3302 59 52 de
2341 3302 124 52 Mus.
2484 3308 26 45 à
2528 3302 153 56 Gand.

689 3386 75 51 M.
786 3386 68 51 A.
868 3385 247 58 Messager,
1126 3402 196 40 compos.
1334 3381 58 51 de
1409 3381 212 58 musique,
1640 3378 169 51 Direct,
1822 3377 58 51 de
1896 3376 14 50 1
1924 3376 153 50 Acad.
2091 3374 109 51 Nat.
2210 3374 60 51 de
2286 3373 198 60 musique
2497 3377 27 46 à
2540 3372 141 52 Paris.

689 3458 73 51 M.
799 3457 56 51 E.
892 3456 180 56 Parent,
1107 3453 250 62 professeur
1390 3458 26 45 à
1448 3452 42 51 la
1524 3449 163 52 Schola
1721 3449 245 51 Cantorum
1998 3447 60 51 de
2093 3446 141 50 Paris.

689 3528 73 52 M»
799 3528 47 51 D
849 3533 17 20 r
901 3527 115 51 Max
1052 3526 168 58 Reger,
1254 3524 294 60 compositeur
1581 3520 59 51 de
1672 3520 199 59 musique
1905 3532 45 39 et
1984 3518 238 52 Directeur
2257 3514 74 52 M.
2365 3520 27 45 à
2427 3515 200 60 Leipzig.

689 3599 73 51 M.
800 3598 47 51 D
850 3603 16 22 r
883 3595 202 52 Richard
1100 3595 189 56 Strauss,
1303 3594 295 60 compositeur
1615 3592 58 49 de
1687 3590 211 61 musique,
1915 3585 341 54 Generalmùsik
2271 3585 191 51 director
2474 3592 27 43 à
2517 3584 163 52 Berlin.

687 3669 75 52 M.
798 3655 24 71 S
846 3655 24 71 1
894 3655 143 71 Saëns,
1070 3665 293 61 compositeur
1395 3663 59 50 de
1486 3663 214 58 musique,
1735 3659 196 51 membre
1962 3658 59 49 de
2054 3656 13 50 1
2084 3656 171 51 Institut
2286 3660 27 45 à
2347 3655 141 51 Paris.

687 3740 74 51 M.
783 3739 57 51 E.
856 3736 148 57 Tinel,
1019 3757 197 39 compos.
1231 3734 58 51 de
1303 3735 212 58 musique,
1538 3731 170 51 Direct,
1725 3729 62 51 du
1802 3730 138 50 Cons.
1961 3727 121 60 Rôy.
2098 3726 59 51 de
2173 3727 200 59 musique
2387 3733 26 43 à
2440 3724 239 52 Bruxelles.

686 3810 75 51 M.
799 3809 56 52 P.
879 3806 154 59 Vidal,
1057 3806 293 60 compositeur
1373 3802 59 52 de
1453 3804 200 57 musique
1670 3814 45 37 et
1735 3799 103 50 chef
1860 3797 269 52 d'orchestre
2150 3802 27 44 à
2199 3796 189 60 l'Opéra
2410 3796 59 50 de
2493 3795 141 51 Paris.

686 3881 75 52 M.
786 3880 187 60 Eugène
995 3877 169 60 Ysaye,
1188 3877 206 55 virtuose,
1416 3875 296 58 compositeur
1733 3871 61 51 de
1818 3870 212 59 Musique
2051 3881 45 38 et
2121 3867 238 51 Directeur
2380 3866 79 52 des
2481 3879 198 39 concerts

812 3951 155 58 Ysaye
999 3955 25 43 à
1061 3945 240 53 Bruxelles.

685 4091 209 45 SIEGE
930 4088 264 45 SOCIAL

1364 4086 52 47 3,
1454 4084 106 41 Via
1598 4082 234 43 Michèle
1869 4082 55 40 di
1961 4079 206 47 Lando,
2299 4075 380 45 FLORENCE

2930 2682 153 115 pr

2930 3068 122 112 p*

2938 3452 129 109 m

2930 3830 155 115 K

2928 4021 165 114 F
