3065 4374
1138 294 122 69 LE
1326 294 244 70 MOIS

2520 324 89 71 5i

93 454 84 33 ses
206 433 356 55 échantillons
590 454 68 35 au
700 433 161 56 client
891 456 66 33 ne
987 433 94 58 fait
1124 456 108 55 que
1267 458 240 52 prouver
1535 440 298 75 davantage
1875 442 248 54 combien
2152 442 77 55 les
2270 444 206 54 affaires
2504 459 122 42 sont

89 510 383 55 actuellement
499 511 243 56 difficiles
771 513 131 52 dans
931 532 60 36 ce
1016 513 176 75 grand
1222 515 238 72 magasin
1491 527 55 42 et
1574 536 126 35 avec
1729 516 180 75 quelle
1943 520 273 71 prudence
2246 540 139 36 nous
2413 522 209 55 devons

91 607 67 35 en
178 587 164 76 juger
369 587 489 57 l'administration.

242 666 108 53 Les
398 665 145 54 seuls
590 666 240 54 marchés
875 667 408 72 présentement
1326 667 220 55 conclus
1588 681 124 42 sont
1759 690 135 34 ceux
1923 672 93 74 qui
2058 692 139 36 nous
2237 687 308 44 assureront
2573 675 51 56 la

92 742 270 74 propriété
392 742 76 55 du
925 743 204 54 Cobzar
729 743 69 55 de
830 745 265 53 Madame
1124 745 228 68 Ferrari,
1383 746 68 53 de
1479 746 49 53 la
1862 748 67 54 de
1959 750 207 54 Lucien
2187 751 257 56 Lambert
2472 765 54 42 et
2553 753 69 55 de

89 819 51 55 la
254 821 143 52 Roma
398 819 28 54 de
456 821 300 53 Massenet.
790 821 46 53 Il
865 818 115 56 faut
1009 821 303 73 également
1343 823 291 54 s'attendre
1663 823 26 54 à
1719 844 108 34 une
1856 826 200 72 reprise
2101 827 76 55 du
2332 840 52 43 et
2425 828 68 55 de
2523 849 97 35 son

89 910 153 42 vaste
268 897 164 53 ballet
461 908 52 44 et
541 897 28 55 à
597 917 75 35 un
714 898 395 54 remaniement
1136 919 150 34 assez
1327 899 213 54 sérieux
1568 901 68 53 de
1664 899 50 55 la
2031 903 281 56 biterroise
2351 906 67 54 de
2449 907 173 55 Saint-

93 976 179 53 Saëns.
304 974 81 54 La
412 973 200 56 civilité
640 974 207 74 puérile
878 987 51 42 et
958 976 240 53 honnête
1218 976 94 73 qui
1339 976 166 73 règne
1528 977 131 53 dans
1686 977 310 75 l'imposant
2025 995 324 42 monument
2375 983 249 55 amènera

92 1052 275 74 peut-être
395 1071 93 34 sur
515 1051 49 54 le
593 1052 213 72 plateau
835 1051 52 54 le
1750 1053 209 53 Ramsès
1151 1053 69 53 de
1247 1053 139 55 Paul
1414 1053 178 70 Vidal,
1621 1054 51 54 le
1701 1056 164 54 Scénio
1895 1056 67 54 de
1990 1057 252 56 Bachelet
2262 1079 75 34 ou
2366 1080 77 33 un
2464 1073 158 42 conte

89 1129 212 74 lyrique
331 1148 193 35 encore
552 1148 271 54 anonyme
853 1129 246 54 d'André
1129 1128 275 56 Gailhard.
1435 1131 77 53 Et
1543 1151 141 34 nous
1712 1152 225 36 verrons
1966 1137 285 71 reparaître

91 1207 195 54 Salomé
310 1217 52 42 et
392 1206 231 53 Fervaal
644 1206 134 53 dans
807 1204 377 56 d'excellentes
1213 1207 325 54 conditions.

247 1283 147 53 Mais
423 1282 494 70 l'article-réclame,
960 1283 284 55 l'occasion
1275 1284 417 55 sensationnelle
1722 1286 69 54 de
1818 1286 51 54 la
1910 1288 174 53 saison
2114 1308 114 35 sera
2269 1289 48 54 la
2357 1289 265 58 danseuse

91 1381 120 34 sans
240 1372 129 42 tutu
397 1360 280 72 présentée
706 1380 93 53 par
826 1359 51 55 le
906 1381 255 34 nouveau
1188 1359 131 56 chef
1338 1362 67 53 de
1434 1382 167 55 rayon
1631 1363 95 55 des
1755 1363 162 55 tulles
1955 1377 54 42 et
2036 1364 301 71 tarlatanes,
2369 1367 88 53 M.
2490 1368 132 53 Ivan

91 1437 264 56 Clustine.
386 1438 91 52 On
508 1457 28 33 a
564 1457 78 33 vu
670 1435 205 75 quelles
906 1437 329 54 discussions
1279 1440 348 72 passionnées
1672 1460 29 34 a
1730 1440 285 55 soulevées
2058 1442 283 56 l'annonce
2389 1443 68 55 de
2484 1457 139 42 cette

88 1513 251 56 réforme.
375 1514 44 53 Il
458 1512 116 55 faut
602 1517 197 71 goûter
840 1514 376 74 l'importance
1265 1517 342 75 symbolique
1637 1518 66 53 de
1753 1538 57 33 ce
1838 1531 152 62 geste
2039 1521 170 53 hardi.
2239 1521 80 53 La
2365 1522 141 71 prise
2554 1522 68 54 de

91 1604 140 42 cette
275 1590 218 55 Bastille
535 1592 465 75 chorégraphique
1048 1604 81 42 est
1157 1593 134 53 d'un
1320 1594 246 54 heureux
1593 1614 207 55 augure
1828 1616 141 53 pour
2015 1595 224 56 l'avenir
2286 1598 68 53 de
2382 1597 49 54 la
2458 1599 164 54 danse

88 1667 254 69 française
370 1688 105 55 que
507 1688 139 33 nous
677 1688 68 34 ne
774 1669 273 72 pouvions
1076 1669 123 74 plus
1228 1669 284 74 applaudir
1541 1672 124 73 qu'à
1693 1672 370 75 Pétersbourg
2091 1673 75 55 où
2195 1673 28 55 à
2253 1674 258 55 Moscou.
2540 1675 80 54 Le

88 1749 192 51 maître
309 1747 67 52 de
425 1745 162 54 ballet
615 1745 107 54 ami
771 1758 52 42 et
853 1745 120 55 allié
1004 1748 92 72 qui
1124 1767 69 34 va
1234 1748 295 53 désormais
1579 1749 240 72 présider
1846 1769 104 35 aux
1979 1750 147 54 ébats
2168 1750 68 55 de
2265 1771 100 34 nos
2457 1763 105 43 rats

89 1824 294 53 nationaux
412 1842 140 34 nous
581 1823 194 53 rendra
823 1843 93 34 sur
945 1843 57 34 ce
1032 1825 195 52 terrain
1273 1846 108 33 une
1410 1825 328 73 suprématie
1786 1846 107 54 que
1929 1847 83 33 ses
2058 1828 378 72 compatriotes
2479 1848 141 34 nous

88 1902 212 54 avaient
328 1902 43 52 si
399 1899 370 56 brillamment
798 1902 162 54 ravie.
985 1902 255 54 Puissent
1269 1902 78 54 les
1376 1904 237 71 peintres
1642 1903 267 54 habituels
1940 1904 66 53 de
2030 1904 48 55 la
2101 1905 223 69 maison,
2350 1924 82 36 ses
2460 1905 128 55 déco-

87 1990 226 55 rateurs,
343 1997 83 34 ses
454 1978 322 53 costumiers
808 1989 53 42 et
889 1997 83 34 ses
1010 1979 387 55 accessoiristes
1427 1999 67 35 ne
1524 1999 91 54 pas
1644 1992 123 61 trop
1796 1980 267 75 paralyser
2103 1980 51 55 le
2183 1982 83 53 bel
2295 1980 159 56 effort
2483 1982 137 54 d'art

85 2055 201 75 auquel
315 2054 63 53 ils
408 2065 185 44 seront
623 2054 216 72 appelés
868 2054 29 55 à
925 2053 312 57 collaborer.

244 2131 470 55 L'établissement
764 2131 122 74 plus
934 2134 246 53 modeste
1236 2134 132 53 mais
1423 2134 471 72 supérieurement
1947 2134 287 56 achalandé
2288 2156 105 54 que
2448 2135 172 75 dirige

92 2210 87 52 M.
211 2209 194 54 Albert
435 2209 164 54 Carré
628 2228 141 34 nous
797 2210 390 74 communique
1216 2230 72 33 un
1320 2209 361 56 volumineux
1724 2210 296 74 catalogue,
2049 2213 146 52 riche
2223 2232 66 34 en
2319 2232 300 53 promesses

87 2286 221 55 variées.
336 2285 44 55 Il
408 2284 117 56 faut
553 2285 176 55 savoir
752 2285 97 55 lire
878 2298 151 42 entre
1057 2286 77 55 les
1164 2286 171 75 lignes
1366 2288 67 53 de
1462 2307 59 34 ce
1548 2289 221 52 curieux
1792 2288 296 54 document
2115 2289 94 74 qui
2232 2308 56 34 se
2309 2289 310 74 réimprime

89 2384 230 55 presque
348 2363 414 74 intégralement
790 2364 206 73 chaque
1024 2364 170 54 année
1223 2384 121 34 sans
1373 2366 385 73 changements
1799 2365 372 72 appréciables.
2205 2366 108 54 Son
2343 2366 277 55 rédacteur

85 2460 36 54 y
150 2437 285 58 manifeste
464 2459 108 34 une
602 2439 341 73 philosophie
973 2441 205 54 sereine
1207 2453 52 42 et
1288 2462 75 33 un
1394 2443 198 71 mépris
1634 2441 132 54 total
1796 2443 93 52 des
1927 2443 395 73 contingences.
2356 2441 45 55 Il
2429 2443 190 54 estime

87 2538 122 34 sans
237 2517 170 55 doute
436 2537 107 54 que
572 2515 76 56 les
677 2529 141 42 actes
846 2516 184 55 valent
1068 2519 182 53 mieux
1278 2538 108 54 que
1414 2517 76 54 les
1518 2517 183 55 vaines
1731 2519 209 71 paroles
1969 2530 52 42 et
2050 2519 201 54 entend
2279 2520 123 52 bien
2431 2539 67 34 ne
2528 2539 91 53 pas

87 2614 233 55 engager
348 2595 52 55 le
428 2592 154 56 futur
609 2613 95 54 par
732 2594 95 53 des
855 2595 417 74 communiqués
1314 2595 350 72 prématurés.
1696 2595 151 53 Pour
1875 2615 107 55 que
2011 2595 96 53 nul
2135 2617 69 33 ne
2232 2597 81 73 s'y
2340 2608 213 61 trompe
2582 2596 36 55 il

87 2672 185 55 établit
300 2693 76 33 un
422 2671 123 74 plan
576 2671 67 53 de
672 2671 177 55 saison
878 2684 289 60 purement
1206 2672 367 73 schématique
1601 2672 73 54 où
1703 2671 263 75 quelques
1990 2693 158 33 noms
2171 2672 447 55 conventionnels

87 2763 265 61 occupent
397 2749 475 75 provisoirement,
902 2747 27 55 à
958 2749 123 54 titre
1126 2750 368 68 d'indication,
1523 2749 50 54 la
1613 2749 146 73 place
1790 2749 94 54 des
1926 2751 148 52 titres
2117 2770 192 34 encore
2351 2751 267 53 inconnus

85 2848 108 54 que
237 2826 226 56 l'avenir
507 2826 136 53 tient
686 2844 66 34 en
798 2825 215 53 réserve
1054 2826 133 53 dans
1228 2845 83 34 ses
1353 2826 160 53 flancs
1556 2826 239 53 obscurs.
1843 2826 149 53 C'est
2034 2826 130 53 ainsi
2211 2846 107 55 que
2347 2826 192 74 depuis
2567 2826 50 56 la

87 2904 283 54 fondation
400 2904 77 54 du
507 2904 205 53 théâtre
757 2921 140 35 nous
925 2921 211 55 voyons
1165 2923 269 34 annoncer
1461 2923 68 34 au
1559 2902 170 55 début
1757 2902 67 54 de
1866 2904 206 72 chaque
2100 2904 175 53 saison
2304 2902 50 55 la
2382 2904 232 53 création

85 2984 69 53 de
286 2981 308 69 Messaouda,
595 2980 16 54 de
649 2981 173 52 Ratez
863 3000 75 34 ou
967 2980 67 54 de
2045 2981 51 52 la
2209 2981 174 53 Sonate
1865 2981 67 53 de
1961 2981 325 53 Bénedictus
2322 3000 118 34 sans
2482 2981 135 74 qu'il

87 3079 141 35 nous
257 3058 104 55 soit
390 3078 149 35 venu
567 3057 28 54 à
623 3056 50 55 la
703 3056 193 72 pensée
925 3056 67 53 de
1020 3056 255 55 réclamer
1303 3056 49 55 la
1378 3057 300 54 réalisation
1711 3057 67 54 de
1806 3076 85 35 ces
1933 3057 202 75 projets
2164 3056 453 56 essentiellement

85 3137 342 74 platoniques
469 3146 53 42 et
550 3135 236 53 destinés
830 3154 119 33 sans
978 3133 170 55 doute
1176 3135 28 53 à
1232 3133 51 55 le
1312 3135 285 53 demeurer
1639 3133 265 75 toujours.
1951 3133 45 54 Il
2025 3147 78 41 est
2145 3135 308 53 infiniment
2491 3154 93 53 pro-

85 3215 155 53 bable
270 3232 106 56 que
743 3211 214 54 Couleur
1217 3211 58 53 de
1361 3211 110 70 feu,
854 3210 49 54 le
926 3210 164 54 ballet
1118 3211 67 53 de
1214 3211 149 53 D.E.
1390 3210 379 75 Inghelbrecht
1790 3211 134 72 joue
1952 3210 380 54 actuellement
2359 3211 49 53 le
2437 3212 178 53 même

85 3291 115 54 rôle
242 3290 332 73 allégorique
604 3300 53 42 et
686 3307 107 54 que
821 3286 77 54 les
941 3288 284 71 partitions
1268 3287 247 74 appelées
1543 3287 27 53 à
1609 3286 294 73 remplacer
1946 3307 84 35 ces
2074 3287 372 72 trompe-Poeil
2491 3300 124 42 sont

85 3366 489 75 insoupçonnables
605 3366 11 53 !
666 3365 153 61 Quoi
850 3365 131 74 qu'il
1025 3385 66 33 en
1123 3366 121 67 soit,
1277 3366 86 53 M.
1394 3365 193 54 Albert
1630 3365 160 53 Carré
1833 3377 128 56 met,
1992 3385 66 33 en
2102 3366 258 67 souriant,
2389 3365 28 53 à
2459 3377 156 42 notre

84 3446 324 73 disposition
441 3462 105 35 une
586 3442 202 74 reprise
818 3442 76 53 du
927 3445 234 50 Vaisseau
1190 3445 234 49 Fantôme
1453 3453 52 42 et
1535 3442 92 53 des
1674 3442 168 53 Contes
1880 3441 358 70 d'Hoffmann,
2283 3441 330 72 proclamant

85 3544 110 34 une
223 3521 104 56 fois
356 3522 69 53 de
455 3519 119 74 plus
605 3540 98 34 son
733 3518 299 55 éclectisme
1070 3519 180 54 résolu
1279 3532 54 41 et
1362 3540 96 33 son
1503 3518 495 55 affranchissement
2040 3519 76 54 du
2144 3517 297 56 fétichisme
2470 3518 68 55 de
2566 3518 51 54 la

85 3599 177 56 forme
291 3611 52 42 et
372 3598 94 54 des
494 3616 210 55 genres.
737 3596 132 53 Puis
898 3594 36 54 il
960 3596 214 72 guérira
1200 3596 50 53 la
1278 3597 246 69 Lépreuse
1554 3596 67 53 de
1649 3596 222 53 Lazzari
1910 3597 205 72 qu'une
2144 3596 267 53 écrasante
2439 3594 146 73 publi-

84 3678 103 55 cité
216 3676 294 71 handicape
539 3693 148 35 assez
728 3672 347 54 lourdement
1104 3685 51 43 et
1184 3672 137 54 dont
1348 3673 49 53 le
1442 3672 179 54 succès
1664 3672 334 54 deviendrait
2027 3672 134 54 dans
2189 3691 82 35 ces
2309 3671 305 55 conditions
