3065 4374
1506 256 61 69 S.
1636 256 56 69 I.
1758 256 109 66 M.

428 298 48 64 +
489 270 38 69 8

425 433 200 45 toutes
675 416 83 59 les
815 412 330 80 musiques,
1202 419 291 71 pourtant
1547 406 43 58 si
1651 400 167 75 fines,
1854 400 325 82 élégantes,
2598 411 59 46 et
2692 398 71 59 de
2799 412 167 45 toute

425 508 179 80 façon
640 505 273 79 toujours
945 500 120 60 très
1097 497 441 70 intéressantes,
1573 494 99 59 des
1709 492 283 80 Français
2027 487 470 83 d'aujourd'hui,
2544 509 77 37 on
2677 486 255 60 cherche-

426 600 113 58 rait
575 618 74 37 en
680 595 140 57 vain
880 590 82 80 (et
998 612 76 37 on
1111 603 86 46 est
1229 586 123 60 fort
1404 586 171 59 triste
1608 584 73 58 de
1715 604 75 37 ne
1841 583 84 80 l'y
1961 581 175 82 point
2193 578 271 80 trouver)
2524 599 82 37 un
2643 578 325 58 sentiment

425 688 240 60 vibrant
701 698 57 45 et
792 682 144 59 ému
973 680 73 59 de
1078 682 165 77 large
1276 674 340 62 humanité.
1655 675 90 59 La
1768 674 128 80 joie
1929 673 100 80 n'y
2063 670 221 59 chante
2319 689 117 60 que
2470 668 140 58 bien
2646 682 320 57 rarement,

428 798 78 39 on
555 797 38 61 y
628 774 223 60 chante
882 791 146 39 avec
1063 768 100 60 des
1196 781 240 45 accents
1469 764 102 60 bas
1605 778 58 45 et
1704 776 202 47 courts
1940 785 16 48 ;
1992 774 59 45 et
2085 760 43 58 il
2163 758 97 81 n'y
2296 757 190 59 éclate
2516 757 215 78 jamais
2766 777 81 37 un
2884 758 84 57 cri

426 868 74 59 de
534 866 257 58 douleur
823 859 301 84 profonde
1158 872 57 45 et
1249 854 258 61 féconde
1540 854 74 59 de
1647 854 115 58 vie.
1795 852 168 60 Mais
1996 872 76 37 au
2105 851 124 58 lieu
2264 848 71 60 de
2368 848 57 58 la
2451 848 126 80 joie
2608 847 361 58 victorieuse

429 959 44 58 il
506 956 87 83 s'y
630 953 278 82 exprime
942 972 118 37 une
1094 947 312 81 allégresse
1456 943 242 73 factice,
1743 962 257 61 presque
2048 960 130 39 sans
2230 938 277 71 sourires,
2541 951 60 44 et
2635 957 74 37 au
2743 937 121 57 lieu
2900 936 72 58 de

430 1045 390 82 l'expression
873 1041 74 58 de
995 1041 56 57 la
1101 1039 275 68 douleur,
1427 1056 79 37 on
1543 1033 101 82 n'y
1680 1047 213 45 trouve
1929 1051 119 60 que
2080 1028 396 82 l'expression
2512 1026 179 60 d'une
2719 1027 254 57 tristesse

432 1138 177 80 grise,
647 1135 167 69 lasse,
847 1150 185 40 morne
1164 1129 144 57 Sans
1342 1125 206 71 doute,
1585 1125 42 56 il
1658 1120 131 61 faut
1834 1121 158 58 tenir
2037 1132 247 68 compte
2338 1117 80 59 ici
2469 1116 181 58 d'une
2707 1112 266 61 manière

432 1226 72 59 de
539 1224 186 60 sentir
758 1242 160 39 assez
952 1216 320 61 différente
1308 1215 73 58 de
1413 1215 55 57 la
1503 1214 195 70 nôtre,
1735 1213 43 57 il
1809 1209 130 61 faut
1973 1207 150 61 faire
2155 1209 55 57 la
2244 1221 133 69 part
2411 1207 82 59 du
2527 1204 446 82 tempérament

432 1317 100 59 des
566 1314 163 60 deux
762 1332 180 39 races.
976 1312 318 66 Pourtant,
1329 1326 96 38 ces
1456 1305 215 79 lignes,
1707 1303 106 80 qui
1848 1300 31 60 à
1914 1315 221 45 travers
2166 1299 56 60 la
2257 1299 284 80 musique
2589 1294 299 61 touchent
2919 1295 56 57 la

434 1407 231 58 France
717 1425 76 36 au
846 1421 168 39 cœur
1067 1413 58 43 et
1180 1397 148 58 dont
1380 1394 257 59 certains
1688 1392 72 58 de
1807 1411 105 38 nos
1945 1390 291 79 critiques
2270 1389 326 69 souriront,
2632 1406 94 38 ces
2759 1384 215 80 lignes,

430 1496 299 82 plusieurs
763 1493 231 57 d'entre
1030 1508 151 40 nous
1213 1488 82 57 les
1328 1484 367 82 signeraient
1729 1480 141 60 bien
1903 1479 348 60 volontiers.
2305 1478 103 71 Et,
2457 1498 74 37 en
2579 1478 83 56 les
2714 1474 261 81 signant,

432 1588 69 58 ils
533 1587 84 57 les
650 1581 470 61 démentiraient
1155 1602 14 49 ;
1207 1599 98 36 car
1340 1576 69 58 ils
1442 1572 469 82 apprendraient
1945 1568 32 60 à
2014 1571 100 57 M.
2168 1566 363 62 Ildebrando
2569 1564 264 60 Pizzetti
2869 1564 105 82 qui

434 1698 125 39 sera
593 1676 278 57 heureux
903 1671 73 58 de
1009 1671 55 58 le
1097 1668 196 60 savoir
1346 1662 312 84 (puisqu'il
1691 1684 31 37 a
1756 1661 73 60 de
1876 1662 57 57 la
1981 1658 344 84 sympathie
2373 1677 155 61 pour
2577 1670 171 44 notre
2782 1654 196 82 pays),

437 1787 118 61 que
589 1765 83 58 les
705 1760 362 62 admirables
1101 1756 373 61 délicatesses
1508 1754 73 58 de
1614 1773 108 38 nos
1755 1750 326 59 musiciens
2116 1747 542 83 impressionnistes
2683 1759 137 44 sont
2852 1745 126 57 loin

437 1855 374 81 d'exprimer
843 1850 171 61 l'état
1049 1849 198 58 d'âme
1281 1845 73 60 de
1389 1859 172 44 toute
1594 1844 54 58 la
1685 1842 230 59 France
1949 1839 310 72 musicale,
2290 1837 227 82 qu'une
2551 1835 201 59 bonne
2785 1834 192 83 partie

434 1947 84 58 du
575 1943 210 82 public
840 1943 56 57 le
952 1940 135 81 plus
1140 1933 228 63 cultivé
1427 1948 128 46 sent
1604 1933 57 58 le
1707 1931 209 59 besoin
1966 1926 368 61 d'émotions
2368 1928 132 80 plus
2535 1924 184 59 fortes
2752 1938 59 44 et
2845 1924 133 80 plus

434 2038 296 67 vivantes,
787 2030 403 61 fussent-elles
1247 2025 203 60 même
1507 2044 83 38 un
1653 2043 122 60 peu
1839 2019 419 60 élémentaires
2292 2042 14 48 ;
2372 2030 60 45 et
2494 2016 71 58 ils
2627 2014 350 81 pourraient

437 2127 232 80 ajouter
705 2123 153 81 qu'il
881 2143 39 60 y
955 2142 33 38 a
1021 2138 217 41 encore
1271 2137 75 38 en
1383 2115 231 59 France
1649 2112 101 58 des
1782 2110 328 59 musiciens
2145 2109 106 80 qui
2286 2107 169 59 n'ont
2483 2127 102 60 pas
2620 2102 354 62 abandonné

437 2218 57 59 la
527 2212 270 63 manière
830 2208 367 62 véhémente
1232 2220 59 47 et
1326 2202 362 85 pathétique
1721 2201 101 59 des
1855 2198 217 83 grands
2105 2197 263 59 maîtres.

617 2303 168 66 Quoi
821 2301 155 81 qu'il
1009 2320 75 38 en
1117 2298 137 71 soit,
1291 2295 102 59 M.
1430 2289 362 63 Ildebrando
1829 2289 261 59 Pizzetti
2127 2309 99 36 me
2259 2284 194 84 paraît
2486 2284 126 59 être
2646 2305 84 37 un
2776 2283 74 59 de
2883 2302 95 40 ces

439 2395 328 61 musiciens
801 2390 300 81 complets
1148 2387 150 59 dont
1345 2383 259 82 l'espèce
1637 2402 58 39 se
1728 2378 112 61 fait
1874 2400 84 38 un
1992 2399 118 61 peu
2146 2377 198 59 moins
2377 2396 127 38 rare
2554 2373 72 59 de
2660 2394 107 38 nos
2791 2372 186 80 jours.

439 2488 142 58 Une
616 2481 255 85 parfaite
905 2479 426 62 connaissance
1365 2475 74 58 de
1472 2495 106 38 son
1613 2470 238 72 métier,
1889 2490 116 38 une
2055 2465 287 63 curiosité
2401 2463 374 83 perpétuelle
2825 2483 153 60 pour

438 2590 137 46 tout
632 2596 69 38 ce
755 2573 107 81 qui
915 2566 226 63 touche
1197 2565 32 60 à
1284 2568 57 57 la
1397 2564 305 79 musique,
1757 2559 275 71 histoire,
2081 2555 363 81 esthétique,
2494 2551 236 61 théorie
2776 2574 77 37 ou
2890 2565 88 45 art

438 2667 301 77 étranger,
774 2683 121 37 une
928 2660 238 59 culture
1200 2653 278 85 générale
1512 2672 130 39 sans
1676 2670 156 40 cesse
1867 2662 353 47 entretenue
2253 2659 58 46 et
2345 2641 364 84 augmentée
2740 2663 108 60 par
2883 2640 97 60 des

439 2758 259 59 lectures
731 2749 322 64 littéraires
1087 2770 79 38 ou
1200 2743 528 85 philosophiques,
1764 2754 57 45 et
1856 2752 238 47 surtout
2121 2758 116 38 une
2264 2739 135 56 âme
2425 2731 328 83 généreuse
2780 2731 172 59 d'elle-

442 2846 202 58 même
701 2857 58 45 et
810 2843 339 78 largement
1201 2848 252 47 ouverte
1503 2853 99 38 sur
1657 2832 56 57 la
1769 2829 99 59 vie
1916 2827 198 72 réelle,
2150 2827 43 58 il
2226 2822 248 85 possède
2522 2820 352 61 l'ensemble
2909 2819 71 58 de

442 2937 148 59 dons
623 2930 391 83 aujourd'hui
1050 2926 326 61 nécessaire
1411 2922 31 61 à
1474 2923 56 59 la
1578 2918 270 62 création
1897 2917 75 60 de
2023 2931 160 44 cette
2235 2914 279 80 musique
2630 2910 291 60 humaine

442 3027 106 80 qui
584 3039 86 45 est
705 3045 105 38 son
846 3018 154 61 idéal
1033 3018 171 59 d'art.
1243 3017 53 59 Il
1328 3013 130 61 faut
1492 3035 37 60 y
1564 3011 231 81 ajouter
1840 3030 119 38 une
1992 3004 242 84 probité
2286 3004 143 59 dans
2475 3003 56 59 le
2582 3002 229 70 travail,
2864 3021 115 37 une

442 3110 343 66 continuité
839 3125 59 45 et
946 3130 80 38 un
1075 3104 562 62 désintéressement
1671 3100 144 58 dans
1846 3097 244 71 l'effort,
2127 3096 107 81 qui
2268 3107 135 46 sont
2436 3092 73 59 de
2542 3091 121 58 bon
2700 3110 230 61 augure
2964 3111 11 36 :

442 3217 355 69 partageant
832 3222 106 38 son
974 3199 305 58 existence
1313 3192 326 82 tranquille
1672 3203 167 45 entre
1873 3209 105 38 son
2015 3187 238 69 metier,
2288 3204 59 38 sa
2377 3181 233 60 famille
2636 3194 59 44 et
2729 3200 104 38 son
2869 3191 109 59 art,

444 3297 101 58 M.
583 3290 364 64 Ildebrando
985 3286 262 61 Pizzetti
1281 3307 75 37 ne
1390 3283 296 80 dédaigne
1721 3300 102 60 pas
1855 3280 56 57 la
1945 3278 212 80 gloire,
2193 3275 151 58 mais
2376 3274 46 57 il
2457 3272 159 59 aime
2665 3270 214 58 mieux
2926 3269 54 57 la

442 3385 155 59 belle
631 3382 302 80 musique.
973 3379 59 60 Si
1065 3377 122 59 l'on
1221 3394 186 61 songe
1441 3372 32 59 à
1506 3384 135 47 tout
1676 3368 126 59 cela
1835 3365 169 84 après
2036 3366 167 59 avoir
2235 3365 62 57 lu
2330 3364 83 57 les
2461 3380 235 38 œuvres
2745 3358 153 82 qu'il
2945 3378 33 37 a

443 3474 131 82 déjà
630 3472 335 84 produites,
1023 3490 77 38 on
1154 3487 74 38 ne
1274 3478 146 69 peut
1455 3458 374 84 s'empêcher
1863 3458 71 58 de
1972 3458 131 58 voir
2136 3477 72 37 en
2243 3454 87 58 lui
2364 3472 120 39 une
2518 3450 98 59 des
2649 3450 135 79 plus
2818 3446 160 60 sûres

447 3562 346 55 esoérances
828 3561 72 56 de
933 3561 55 56 la
1022 3558 175 57 ieune
1230 3554 284 63 musique
1547 3551 306 59 italienne.

2020 3632 780 62 Paul-Marie
2800 3632 2 62 Masson.
