3065 4374
536 621 635 116 L'Édition

1100 821 622 97 Musicale

1097 1331 14 24 *
1144 1333 106 38 Chez
1271 1331 172 39 Durand

1054 1391 22 23 #
1085 1391 21 22 *
1139 1390 107 40 Voix
1267 1402 218 40 moyennes

530 1336 13 25 1
575 1338 106 39 Chez
704 1333 162 52 Heugel

530 1394 23 21 *
577 1395 107 39 Voix
704 1392 145 42 élevées

558 1555 77 48 M.
663 1555 121 62 Jean
813 1552 189 47 Hubert
1028 1551 129 46 vient
1183 1550 55 45 de
1268 1550 111 45 faire
1407 1547 197 64 paraître
1631 1565 65 29 un
1726 1546 226 49 Oratorio
1979 1564 10 30 :
2558 1542 16 29 x
2577 1583 14 24 ,
2618 1562 89 46 que
2732 1543 223 64 quelques

415 1627 99 48 élus
540 1639 85 34 ont
650 1644 61 28 eu
737 1625 43 47 la
808 1625 157 45 bonne
991 1622 190 47 fortune
1207 1620 278 48 d'entendre
1510 1618 224 49 exécuter
1771 1618 94 47 l'an
1892 1617 141 64 passé.
2064 1617 141 48 Cette
2233 1620 142 59 petite
2403 1617 239 62 partition,
2670 1616 142 47 écrite
2839 1632 115 45 pour

415 1716 66 29 un
511 1696 240 59 Récitant,
779 1693 224 64 (Ténor,)
1030 1693 203 59 chœurs,
1260 1707 161 47 orgue,
1452 1691 153 61 piano,
1635 1691 158 59 harpe,
1821 1689 216 46 hautbois
2063 1700 47 35 et
2135 1687 175 62 violon,
2338 1698 243 51 comporte
2607 1687 56 46 de
2701 1686 91 47 très
2823 1684 132 66 jolies

415 1785 138 47 pages
578 1788 13 39 ;
708 1782 118 45 pour
851 1763 113 47 n'en
991 1763 115 47 citer
1132 1761 195 63 qu'une,
1354 1759 237 65 signalons
1616 1759 41 47 le
1684 1761 249 45 charmant
1958 1759 117 61 petit
2097 1758 184 48 Chœur
2317 1758 341 47 annonciateur
2695 1757 79 47 des
2798 1772 156 47 anges,

414 1856 113 32 avec
568 1838 43 46 la
653 1837 180 62 phrase,
915 1834 114 46 dans
1067 1833 44 47 la
1149 1830 94 49 cité
1288 1833 57 46 de
1383 1830 159 49 David
1652 1830 117 47 dont
1806 1829 43 47 la
1886 1830 174 47 courbe
2098 1828 268 63 mélodique
2404 1841 69 34 est
2508 1827 27 48 à
2572 1827 88 47 elle
2695 1825 127 49 seule
2859 1843 95 29 une

415 1907 263 49 trouvaille.
802 1904 138 50 D'un
968 1905 115 46 bout
1109 1903 25 48 à
1160 1903 183 59 l'autre,
1372 1900 202 49 l'auteur
1598 1918 47 29 se
1671 1900 315 47 maintiendra
2018 1900 297 47 strictement
2348 1896 138 49 fidèle
2524 1898 26 48 à
2587 1909 123 34 cette
2747 1908 112 35 note
2898 1896 55 46 de

414 1978 252 64 simplicité
691 1989 47 36 et
763 1976 58 47 de
847 1975 358 48 recueillement
1230 1974 218 47 attendri.
1477 1973 93 48 Son
1599 1971 201 47 écriture
1826 1983 68 35 est
1920 1970 134 61 aisée,
2080 1971 193 61 limpide
2300 1983 47 34 et
2384 1987 103 30 sans
2525 1968 289 63 prétentions
2837 1989 16 37 ;
2891 1984 62 29 on

414 2064 104 34 sent
545 2068 91 46 que
662 2065 70 31 ses
757 2046 293 64 préférences
1077 2046 192 46 doivent
1294 2042 112 49 aller
1433 2042 155 64 plutôt
1613 2042 25 47 à
1665 2041 300 48 Saint-Saëns
1989 2041 109 62 qu'à
2124 2040 43 47 la
2204 2040 167 48 Schola
2408 2056 62 31 ou
2506 2037 175 64 qu'aux
2718 2036 207 62 Indépen-

418 2123 149 45 dants.
595 2119 81 49 S'il
708 2116 203 64 emploie
937 2115 226 63 quelques
1189 2114 184 47 thèmes
1397 2112 277 64 liturgiques
1699 2129 63 30 ou
1787 2111 277 62 populaires,
2092 2111 114 46 c'est
2242 2128 113 29 avec
2393 2126 94 30 une
2524 2125 184 31 mesure
2746 2107 208 62 parfaite,

418 2204 47 37 et
489 2208 106 33 sans
619 2190 257 62 approcher
898 2187 165 65 jamais
1089 2186 77 47 des
1193 2186 373 61 improvisations
1591 2182 347 64 dévergondées
1964 2182 57 47 de
2047 2182 202 47 certains
2273 2181 271 63 organistes.

560 2258 244 51 Peut-être
840 2258 293 61 pourrait-on
1162 2255 65 47 lui
1254 2256 249 61 reprocher
1529 2253 55 47 de
1609 2270 47 30 se
1692 2265 211 34 montrer
1941 2253 106 46 bien
2085 2252 277 58 ambitieux,
2390 2250 183 62 lorsque
2609 2265 84 30 son
2732 2247 225 48 Récitant

418 2350 119 30 nous
586 2343 179 36 retrace
812 2327 475 62 l'accomplissement
1335 2326 79 47 des
1463 2323 292 50 Prédictions
1804 2335 290 35 concernant
2143 2322 43 47 la
2225 2338 153 30 venue
2421 2322 65 46 du
2535 2319 161 49 Christ
2722 2335 11 31 :
2785 2330 170 34 mettre

418 2421 60 30 en
504 2403 216 61 musique
747 2399 65 47 les
837 2399 111 47 voix
978 2397 347 63 prophétiques,
1354 2407 67 36 est
1459 2412 94 29 une
1590 2394 255 61 entreprise
1882 2393 291 47 audacieuse.
2202 2392 120 47 Bien
2361 2408 92 45 peu
2487 2388 235 49 d'auteurs
2759 2388 199 47 seraient

418 2472 177 49 assurés
620 2472 57 47 de
702 2488 61 29 ne
789 2486 79 45 pas
892 2487 30 47 y
949 2484 230 46 manquer
1217 2468 57 46 de
1303 2467 177 47 souffle.
1509 2464 79 48 De
1614 2464 174 60 même,
1815 2464 110 46 faire
1960 2464 195 46 chanter
2192 2479 80 45 par
2309 2462 43 47 le
2390 2462 165 47 chœur
2582 2459 42 47 le
2651 2470 127 36 texte
2816 2458 113 47 évan-

419 2544 184 64 gélique
643 2543 79 47 des
747 2540 288 59 Béatitudes,
1080 2537 115 49 c'est
1232 2537 234 62 s'exposer
1491 2537 26 47 à
1543 2537 57 45 de
1637 2535 308 62 dangereuses
1983 2534 360 61 comparaisons.
2384 2531 129 49 Mais
2538 2530 189 48 laissons
2757 2530 56 46 de
2851 2528 106 48 côté

421 2613 189 51 Michel
631 2614 141 61 Ange
794 2623 47 35 et
861 2610 145 48 César
1031 2610 204 59 Franck,
1256 2620 47 35 et
1322 2608 352 47 reconnaissons
1694 2623 59 29 en
1776 2604 76 48 M.
1876 2605 189 46 Hubert
2091 2604 41 47 le
2160 2604 229 47 musicien
2408 2601 180 47 sincère
2609 2614 48 33 et
2676 2600 279 60 convaincu,

419 2699 49 34 et
493 2685 117 47 aussi
638 2684 43 47 le
706 2683 169 62 parfait
901 2683 194 44 homme
1123 2679 56 47 de
1205 2679 131 62 goût.
1364 2677 140 47 Tous
1529 2694 76 29 ces
1632 2675 189 48 mérites
1845 2686 106 36 sont
1978 2674 102 62 plus
2105 2690 120 31 rares
2251 2672 143 64 qu'on
2422 2689 60 29 ne
2508 2671 41 47 le
2576 2688 156 45 pense.

563 2754 73 48 La
661 2751 250 50 deuxième
935 2750 117 48 série
1077 2751 79 46 des
1181 2750 111 46 Airs
1318 2747 277 63 Classiques,
1626 2746 15 62 (
1644 2744 16 26 2
1663 2747 15 61 )
1704 2745 244 48 s'enrichit
1974 2745 57 47 de
2056 2745 69 47 six
2153 2760 255 31 morceaux
2435 2759 264 30 nouveaux.
2728 2740 146 48 Deux
2901 2740 56 45 de

423 2824 235 62 Haendel,
685 2824 101 47 l'un
814 2824 170 45 extrait
1009 2821 57 46 de
1776 2820 31 47 Y
1811 2818 178 64 Allegro
2256 2838 20 27 e
2345 2818 40 47 il
2451 2817 258 61 Pensieroso,
1774 2815 181 59 l'autre,
1984 2832 66 30 un
2085 2815 192 47 radieux
2304 2811 363 61 chef-d'œuvre,
2695 2811 169 47 extrait
2901 2810 56 45 de

422 2896 188 47 Samson.
629 2893 32 31 *
688 2893 111 49 Puis
823 2893 227 46 viennent
1069 2901 162 51 quatre
1251 2905 254 30 morceaux
1525 2888 56 46 de
1603 2886 146 61 Bach,
1772 2886 147 61 parmi
1945 2885 196 63 lesquels
2165 2883 42 47 le
2233 2883 181 47 célèbre
2442 2881 92 48 Air
2546 2883 54 45 de
2618 2882 44 46 la
2690 2879 218 47 Pentecôte
2926 2878 32 29 *

421 2967 102 65 déjà
545 2965 175 48 réédité
746 2963 221 49 autrefois
992 2978 80 46 par
1097 2961 144 47 Mme
1266 2959 218 49 Viardot.
1506 2957 143 48 Cette
1677 2956 215 48 nouvelle
1919 2957 330 60 transcription
2276 2972 61 28 ne
2374 2970 119 30 nous
2519 2953 144 62 parait
2701 2968 78 45 pas
2814 2951 144 45 valoir

421 3038 43 47 la
489 3036 297 63 précédente,
813 3034 81 63 qui
921 3033 211 47 débutait
1157 3033 179 59 mieux,
1364 3042 47 34 et
1447 3029 236 47 soutenait
1720 3028 256 61 davantage
2014 3025 45 47 la
2094 3027 126 59 voix,
2247 3036 105 35 tout
2388 3041 61 29 en
2483 3023 43 47 la
2553 3022 227 48 doublant
2806 3020 155 47 moins

421 3118 215 38 souvent.
680 3105 64 49 Et
782 3105 117 61 puis,
939 3103 228 62 pourquoi
1207 3102 222 61 prescrire
1466 3117 66 29 un
1571 3109 309 37 mouvement
1917 3097 116 47 aussi
2073 3094 207 62 modéré,
2308 3112 58 29 en
2404 3094 96 47 tête
2544 3093 57 47 de
2644 3109 54 30 ce
2738 3107 220 30 morceau

423 3177 269 48 d'évidente
714 3174 251 66 jubilation
1101 3170 79 49 M.
1208 3170 132 49 Pirro
1365 3188 31 47 y
1421 3187 26 30 a
1472 3185 212 31 reconnu
1710 3168 64 47 les
1801 3166 371 49 bondissements
2197 3165 56 46 de
2287 3164 140 47 l'âme
2449 3164 207 63 joyeuse.
2790 3159 167 48 L'âme

417 3250 193 64 joyeuse
636 3263 60 30 ne
720 3245 172 48 saurait
917 3244 168 47 bondir
1108 3259 80 31 sur
1212 3259 67 29 un
1306 3241 242 59 Andante,
1576 3238 130 48 fut-il
1732 3255 91 31 con
1849 3248 148 37 moto.
2025 3235 199 48 Ensuite
2249 3235 130 47 vient
2414 3231 289 50 l'admirable
2738 3231 68 47 air
2842 3246 117 46 pour

423 3318 172 49 Ténor
617 3338 14 38 ;
918 3315 172 48 Prends
1311 3333 94 28 mon
1872 3312 41 46 il
1993 3324 58 34 est
2159 3311 28 47 à
2271 3311 74 60 toi,
1442 3328 94 29 une
1574 3310 78 46 des
1692 3307 103 63 plus
1834 3306 141 48 belles
2018 3323 137 47 pages
2197 3323 89 45 que
2327 3305 14 46 1
2364 3302 196 49 effusion
2601 3302 64 47 du
2703 3302 256 46 sentiment

423 3389 229 63 religieux
676 3387 128 46 aient
829 3384 221 63 inspirées
1075 3382 26 47 à
1127 3382 148 60 Bach,
1301 3399 66 30 un
1393 3382 68 46 air
1486 3398 117 44 pour
1638 3379 138 47 Basse
1798 3395 12 32 :
2218 3393 111 30 avec
2367 3372 435 48 d'extraordinaires
2836 3381 126 37 sauts

426 3460 58 47 de
517 3457 288 61 neuvièmes,
834 3467 48 35 et
919 3453 130 49 enfin
1087 3471 66 30 un
1196 3453 170 47 extrait
1392 3452 31 31 *
1468 3452 57 45 de
1569 3450 42 48 la
1649 3450 203 47 Cantate
1891 3448 74 47 Ich
2000 3447 122 47 hatte
2146 3446 96 47 viel
2260 3443 345 50 Bekûmmerniss
2607 3481 13 23 ,
2646 3444 78 61 qui
2752 3453 66 36 est
2845 3440 114 48 d'un

427 3532 114 45 bout
577 3529 26 48 à
641 3527 166 48 l'autre
845 3543 67 30 un
949 3525 115 63 long
1099 3523 199 63 sanglot.
1337 3521 239 63 Pourquoi
1615 3532 124 36 cette
1778 3518 248 62 répétition
2058 3516 241 48 inlassable
2326 3516 78 46 des
2428 3515 179 46 mêmes
2632 3512 175 63 paroles
2832 3510 14 48 ?
2870 3511 89 48 elle

423 3601 151 47 aurait
598 3617 48 30 sa
671 3600 151 45 raison
850 3596 147 47 d'être
1022 3597 35 46 si
1085 3612 75 29 ces
1186 3593 177 62 paroles
1388 3593 187 47 avaient
1600 3608 81 44 par
1715 3589 317 48 elles-mêmes
2070 3587 201 63 quelque
2310 3586 158 47 valeur
2505 3584 257 62 expressive
2790 3599 10 30 :
2848 3581 111 47 c'est

424 3671 44 48 le
488 3688 77 30 cas
590 3670 65 48 du
681 3680 127 36 texte
834 3666 251 59 allemand,
1112 3681 114 31 avec
1252 3664 64 47 les
1341 3674 124 36 mots
1490 3678 12 32 :
1532 3660 208 62 Seufzer,
1767 3659 254 61 Thrânen,
2049 3659 256 57 Kummer,
2332 3657 135 46 Noth
2493 3676 13 39 ;
2546 3655 115 47 mais
2697 3651 265 65 remplacez
