3065 4374
481 399 105 52 elles
613 402 225 62 reçoivent
878 399 292 67 l'impression
1196 403 111 63 puis,
1337 419 80 47 par
1443 423 59 29 un
1530 400 165 52 second
1723 415 304 47 mouvement,
2069 400 107 52 elles
2200 416 176 52 passent
2402 422 74 32 sur
2501 402 78 51 des
2605 402 213 52 rouleaux

482 487 76 63 qui
585 484 61 51 les
672 489 209 45 amènent
908 503 73 31 sur
1008 506 87 29 une
1122 483 118 51 table
1266 488 58 47 où
1351 484 105 51 elles
1492 499 99 37 sont
1624 487 182 49 aussitôt
1845 490 181 63 rangées
2053 488 82 48 soit
2170 489 432 62 automatiquement
2628 489 82 48 soit
2741 507 79 44 par

481 590 88 29 une
595 588 236 30 receveuse
856 590 8 35 ;
906 567 40 51 le
985 570 137 65 tirage
1147 583 64 36 est
1239 568 116 51 alors
1382 572 201 48 terminé.
1614 568 52 65 CJ
1708 570 108 50 Une
1842 590 147 45 presse
2023 573 263 62 mécanique
2323 584 107 51 peut
2457 573 108 48 ainsi
2590 573 229 63 imprimer

479 651 176 64 chaque
679 653 100 62 jour
813 651 58 49 de
899 651 26 49 3
955 655 25 46 à
1008 651 133 50 5000
1170 651 184 52 feuilles.
1396 651 52 65 CJ
1488 652 211 51 Aussitôt
1739 652 292 66 l'impression
2058 654 227 58 effectuée,
2317 653 40 51 la
2383 657 143 62 pierre
2553 656 76 62 qui
2655 677 25 28 a
2706 657 113 48 servi

481 738 24 46 à
532 733 107 51 faire
667 734 40 49 le
746 736 150 64 tirage,
937 748 65 36 est
1029 739 157 59 portée
1212 757 86 28 aux
1325 735 227 50 machines
1579 741 24 45 à
1629 739 174 64 grainer
1828 736 87 51 afin
1941 736 78 65 d'y
2050 736 120 51 subir
2201 736 39 50 la
2267 740 283 62 préparation
2577 739 242 49 nécessaire

479 836 115 45 pour
620 819 199 48 recevoir
843 816 58 50 de
940 838 237 30 nouveaux
1206 832 183 50 reports.
1436 818 33 50 Il
1507 822 138 48 existe
1684 842 60 28 un
1782 834 126 36 autre
1946 819 136 51 mode
2120 819 57 51 de
2209 823 150 64 tirage,
2401 825 58 45 où
2499 819 39 51 le
2575 823 99 47 zinc
2699 825 120 46 étant

479 899 218 51 substitué
723 904 24 46 à
774 899 39 51 la
840 902 158 62 pierre,
1029 900 38 50 le
1104 915 151 50 report
1283 924 45 27 se
1365 901 76 51 fait
1473 922 74 30 sur
1573 924 87 29 une
1696 903 149 50 feuille
1872 903 58 50 de
1955 906 111 56 zinc,
2109 925 88 44 que
2235 903 90 50 l'on
2364 903 86 50 fixe
2475 906 172 48 ensuite
2680 922 74 32 sur
2779 902 40 50 le

476 983 202 64 cylindre
704 983 58 50 de
789 983 40 50 la
857 983 207 51 machine
1092 987 201 55 rotative,
1324 984 192 51 Celle-ci
1544 1000 106 50 peut
1689 986 213 65 produire
1927 986 80 51 des
2028 990 158 63 tirages
2212 986 58 51 de
2296 986 236 65 beaucoup
2569 988 250 63 supérieurs

477 1070 25 46 à
528 1089 112 28 ceux
667 1066 78 51 des
766 1087 169 45 presses
957 1066 111 51 litho
1094 1066 259 53 ordinaires.
1384 1068 52 64 €J
1465 1068 156 65 Après
1649 1069 60 50 les
1731 1084 170 52 tirages,
1927 1070 60 50 les
2007 1070 212 65 planches
2239 1075 181 62 gravées
2439 1084 99 36 sont
2559 1074 260 46 conservées

477 1150 110 50 dans
614 1150 61 50 les
700 1150 127 50 salles
860 1150 79 50 des
970 1150 212 51 sous-sols
1206 1173 8 35 ;
1255 1173 72 28 ces
1360 1151 126 51 salles
1521 1152 159 50 offrent
1720 1152 39 50 la
1794 1152 98 65 plus
1922 1153 170 66 grande
2125 1158 188 46 sécurité
2346 1168 155 36 contre
2529 1168 95 36 tout
2650 1153 170 68 danger

476 1233 256 52 d'incendie
758 1256 58 29 ou
844 1233 195 51 d'autres
1065 1233 238 53 accidents.
1335 1233 52 65 CJ
1420 1235 212 51 D'autres
1658 1235 126 51 salles
1809 1235 62 51 du
1901 1251 121 36 vaste
2047 1237 189 50 sous-sol
2262 1251 290 36 contiennent
2574 1237 60 50 les
2654 1240 165 62 pierres

476 1317 396 67 lithographiques,
911 1332 358 52 soigneusement
1306 1317 184 51 classées
1525 1319 111 49 dans
1662 1319 79 50 des
1767 1340 170 39 casiers,
1965 1343 109 28 ainsi
2101 1343 87 42 que
2215 1320 40 51 le
2282 1343 197 44 magasin
2506 1325 24 45 à
2561 1340 155 45 papier
2741 1343 75 42 qui

474 1404 199 47 contient
700 1423 61 28 un
787 1400 124 51 stock
937 1400 313 51 concidérable
1276 1400 59 51 de
1369 1404 175 62 papiers
1575 1401 58 51 de
1661 1416 144 37 toutes
1831 1403 200 64 qualités.
2075 1403 52 65 CJ
2170 1404 89 50 Les
2285 1406 122 48 titres
2432 1418 98 36 sont
2558 1406 82 48 soit
2666 1407 153 63 gravés

474 1504 73 31 sur
573 1486 119 48 étain
730 1506 58 28 ou
827 1504 75 30 sur
932 1487 157 62 pierre,
1131 1487 83 47 soit
1253 1484 196 50 dessinés
1474 1507 56 29 au
1556 1505 166 45 crayon
1749 1508 58 29 ou
1835 1491 24 45 à
1887 1486 38 51 la
1952 1487 153 65 plume
2139 1507 73 31 sur
2246 1490 143 62 pierre
2424 1510 59 28 ou
2518 1487 104 51 bien
2656 1506 162 30 encore

473 1588 74 31 sur
572 1571 99 48 zinc
690 1591 8 35 ;
728 1567 62 51 les
816 1568 298 51 dessinateurs
1134 1567 59 51 de
1220 1568 39 50 la
1287 1571 170 48 maison
1484 1569 262 65 produisent
1767 1573 187 48 environ
1975 1571 136 50 4000
2140 1574 121 48 titres
2280 1572 176 64 chaque
2482 1576 155 47 année.
2668 1570 52 65 CJ
2753 1571 65 50 Le

474 1654 137 65 tirage
637 1651 79 51 des
742 1654 122 49 titres
901 1675 45 27 se
975 1652 76 50 fait
1078 1674 55 29 au
1162 1674 164 43 moyen
1353 1652 58 50 de
1445 1672 169 45 presses
1649 1653 385 68 lithographiques
2071 1654 221 65 spéciales.
2339 1655 66 50 La
2433 1658 170 47 maison
2630 1654 188 66 possède

472 1735 251 67 également
764 1758 87 29 une
888 1738 274 63 imprimerie
1201 1736 362 67 typographique
1602 1758 116 44 pour
1756 1738 39 50 la
1833 1738 271 64 production
2144 1740 58 49 de
2240 1742 204 62 musique
2482 1761 56 28 en
2576 1744 242 44 caractères

474 1820 383 66 typographiques
881 1822 110 48 ainsi
1018 1842 88 42 que
1128 1820 78 50 des
1234 1834 186 36 travaux
1441 1820 58 50 de
1522 1835 95 37 tout
1644 1842 148 46 genre,
1822 1821 266 68 catalogues,
2116 1825 221 61 journaux
2363 1837 82 37 etc.
2476 1821 53 65 CJ
2558 1822 82 51 Un
2666 1822 153 51 atelier

472 1902 58 51 de
564 1903 208 51 clichene
806 1917 64 37 est
896 1903 171 64 adjoint
1095 1907 24 46 à
1147 1902 305 67 l'imprimerie
1473 1917 43 37 et
1544 1903 61 51 les
1638 1904 163 51 clichés
1832 1908 76 61 qui
1944 1920 196 49 peuvent
2167 1910 92 46 être
2285 1910 234 46 conservés
2544 1928 56 28 en
2627 1928 86 29 vue
2739 1905 78 50 des

472 1988 332 63 réimpressions
822 1986 272 60 ultérieures,
1111 1992 305 45 économisent
1434 1987 112 50 dans
1562 2010 50 27 ce
1629 2010 71 28 cas
1718 1988 61 51 les
1797 1988 101 51 frais
1915 1988 137 51 d'une
2070 1988 208 52 nouvelle
2294 1992 297 63 composition
2603 1989 62 51 du
2684 2003 133 37 texte.

476 2068 73 51 De
577 2069 98 65 plus
701 2092 60 28 un
788 2070 153 51 atelier
961 2070 59 50 de
1039 2070 350 66 galvanoplastie
1416 2085 173 50 permet
1609 2070 59 51 de
1695 2071 108 51 faire
1824 2072 79 50 des
1923 2072 400 66 clichés-galvanos
2343 2072 78 51 des
2449 2075 134 57 titres,
2609 2072 95 59 dos,
2729 2087 82 35 etc.

1447 3511 56 27 LA
1540 3511 303 28 MACHINERIE
