3065 4374
1494 228 66 70 S.
1629 228 56 70 I.
1753 228 109 70 M.

421 242 96 92 58

558 384 100 50 ST.
687 376 545 54 PETERSBOURG.
1338 374 91 49 Les
1448 376 202 47 Concerts
1670 373 127 47 Siloti
1816 374 51 45 de
1889 372 65 47 St.
1976 370 287 63 Pétersbourg
2281 382 84 35 ont
2385 370 149 47 arrêté
2554 370 64 47 les
2638 386 318 47 programmes

417 459 80 47 des
522 458 151 46 douze
700 463 215 37 concerts
940 449 139 64 qu'ils
1104 449 269 46 donneront
1399 464 61 30 au
1496 463 136 29 cours
1659 445 55 46 de
1740 443 45 47 la
1820 444 151 47 saison
2015 443 78 61 qui
2129 458 294 31 commence.
2465 442 136 45 Nous
2628 457 178 47 voyons
2844 456 112 30 avec

418 529 154 64 plaisir
597 524 145 64 qu'on
770 541 29 47 y
825 539 26 30 a
875 522 83 47 fait
983 538 96 29 une
1107 519 128 62 place
1263 519 283 61 importante
1573 515 25 47 à
1625 515 42 47 la
1693 515 212 61 musique
1933 514 224 58 française
2183 524 47 34 et
2257 510 432 64 particulièrement
2708 510 88 46 àla
2816 510 142 64 jeune

418 600 146 49 école.
593 598 154 45 Notre
785 591 367 63 correspondant
1193 590 56 47 de
1275 583 26 71 S
1327 583 25 71 1
1378 583 282 71 Pétersbourg
1698 586 168 47 rendra
1890 595 192 51 compte
2120 584 56 47 de
2214 600 75 31 ces
2324 583 188 48 séances
2552 583 80 62 qui
2671 591 288 51 promettent

419 670 146 47 d'être
592 666 93 47 très
710 663 342 48 intéressantes.

562 754 645 72 SAINT-SÉBASTIEN.
1331 768 92 47 Les
1466 767 197 48 Casinos
1691 784 56 28 ne
1775 767 104 45 font
1919 782 78 44 pas
2023 764 209 64 toujours
2257 781 174 43 preuve
2472 760 114 47 d'un
2614 762 114 63 goût
2768 759 191 48 musical

421 850 91 49 très
536 849 76 47 sûr
638 870 14 36 ;
680 845 114 49 c'est
819 844 44 47 là
888 861 66 30 un
981 842 226 61 reproche
1247 838 145 63 qu'on
1414 857 58 28 ne
1500 854 169 46 pourra
1693 854 80 45 pas
1799 838 111 44 faire
1945 853 58 29 au
2031 835 175 47 Casino
2244 834 58 46 de
2328 831 391 50 Saint-Sébastien
2747 848 59 29 en
2826 831 137 46 lisant

419 920 68 49 les
512 932 320 49 programmes
859 914 54 46 de
940 931 47 29 sa
1011 913 150 45 saison
1189 909 138 48 d'été.
1358 909 85 47 Du
1471 920 116 35 reste
1615 906 269 47 l'orchestre
1912 906 111 46 était
2050 904 119 48 celui
2197 903 220 48 d'Arbos.

567 1004 65 48 30
903 986 118 49 Août
875 997 356 35 etI
902 986 34 21 er
1513 983 117 63 Sept.
1200 980 202 48 Festival
1430 979 131 47 Bach
1587 997 111 27 avec
1725 977 41 47 le
1794 994 231 30 concours
2050 977 57 46 de
2133 975 194 47 Wanda
2352 974 317 48 Landowska.

567 1070 98 50 4et
692 1074 28 47 9
1086 1055 173 62 Septembre.
1260 1050 95 48 Festival
1401 1050 292 47 Beethoven.
1734 1047 270 47 Exécution
2046 1047 56 46 de
2143 1045 43 47 la
2232 1060 28 48 9
2263 1052 17 21 e
2317 1045 280 65 symphonie
2624 1060 10 31 :
2680 1042 65 46 les
2782 1042 186 46 chœurs

425 1132 171 49 mixtes
623 1130 57 46 de
705 1140 136 34 notre
886 1124 209 62 orphéon
1123 1140 29 47 y
1179 1134 85 35 ont
1289 1120 75 48 été
1390 1120 353 61 enthousiastes,
1771 1117 147 64 précis
1943 1129 47 35 et
2034 1118 274 63 vigoureux.
2340 1115 241 48 Concerto
2620 1130 59 30 en
2717 1113 65 46 mi
2811 1110 155 49 bémol

425 1219 116 47 pour
568 1201 140 62 piano
736 1215 77 46 par
841 1196 187 47 Cortot.

571 1272 45 60 8,
651 1286 54 31 11
738 1281 41 36 et
811 1284 61 44 14
899 1266 116 62 Sept.
1043 1263 203 49 Festival
1274 1263 216 62 Wagner
1518 1282 13 38 ;
1579 1276 19 30 IERI
1607 1263 34 26 ER
1667 1272 47 34 et
1742 1262 85 62 3™®
1865 1272 105 34 acte
2011 1259 57 46 de
2112 1258 44 47 la
2192 1257 268 65 Walkyrie,
2501 1253 249 50 deuxième
2783 1265 102 36 acte
2912 1252 56 47 de

426 1345 200 48 Tristan
651 1364 12 36 ;
692 1337 345 51 Consécration
1063 1336 64 45 du
1155 1333 145 50 Graal
1327 1333 56 46 de
1411 1331 205 48 Parsifal.

571 1411 179 57 Quand
779 1407 395 51 Saint-Sébastien
1200 1421 112 30 aura
1335 1421 48 29 sa
1407 1404 152 46 saison
1589 1400 221 49 annuelle
1837 1399 204 64 d'opéra,
2068 1399 89 47 elle
2183 1397 164 48 n'aura
2387 1397 103 63 plus
2515 1398 100 46 rien
2642 1395 25 47 à
2693 1395 160 46 envier
2878 1411 92 30 aux

427 1497 156 37 autres
609 1482 130 48 villes
765 1478 246 48 musicales
1037 1475 283 63 d'Espagne.
2596 1466 56 47 F.
2691 1464 68 51 G.

573 1588 316 54 MADRID.
1024 1586 72 48 La
1122 1585 162 48 Société
1314 1581 398 63 Philharmonique
1739 1597 117 31 nous
1894 1579 343 61 communique
2265 1577 65 48 les
2356 1592 321 47 programmes
2704 1576 56 45 de
2788 1587 104 34 tous
2907 1573 66 47 les

431 1676 216 37 concerts
672 1659 172 65 qu'elle
864 1677 27 28 a
917 1656 181 48 donnés
1118 1657 62 46 du
1208 1670 59 31 21
1294 1653 276 47 Novembre
1603 1667 58 48 19
1674 1666 59 33 10
1754 1670 60 28 au
1847 1665 58 48 13
1936 1651 104 45 Mai
2081 1649 55 46 de
2164 1659 124 35 cette
2313 1647 166 47 année.
2504 1646 39 47 Il
2563 1647 137 46 serait
2727 1657 104 49 trop
2859 1644 113 62 long

431 1733 300 51 d'énumérer
756 1731 65 47 les
845 1745 184 31 œuvres
1053 1728 80 62 qui
1161 1727 159 46 furent
1344 1723 249 48 exécutées
1618 1734 47 35 et
1691 1722 43 47 le
1759 1738 116 31 nom
1902 1720 77 46 des
2003 1720 180 46 artistes
2210 1717 268 48 renommés
2504 1718 77 61 qui
2610 1715 238 63 prêtèrent
2872 1715 101 46 leur

432 1822 230 33 concours
705 1803 26 48 à
775 1818 75 31 ces
875 1811 215 36 concerts
1110 1820 14 38 ;
1171 1814 118 30 nous
1315 1813 61 29 ne
1420 1811 214 45 pouvons
1675 1811 91 44 que
1806 1803 235 37 constater
2084 1790 44 47 la
2154 1789 179 47 vitalité
2359 1789 56 47 de
2453 1799 124 36 cette
2614 1786 173 47 société
2813 1788 79 61 qui
2918 1803 57 30 va

432 1891 307 35 commencer
764 1891 47 29 sa
844 1887 53 32 n
907 1873 53 21 me
985 1869 152 48 année
1164 1866 287 49 d'existence
1488 1878 45 34 et
1560 1865 117 47 dont
1702 1863 253 62 l'Espagne
1993 1860 223 47 musicale
2253 1859 96 48 ale
2375 1860 123 46 droit
2524 1859 57 46 de
2605 1856 367 64 s'enorgueiller.

576 1993 353 53 VALENCE.
1051 1990 254 48 UAthènèe
1329 1988 211 47 Musical
1559 2005 26 29 a
1611 1985 157 49 donné
1787 2002 84 31 son
1899 1985 201 62 premier
2125 1993 193 37 concert
2343 1999 60 29 en
2418 1980 157 66 juillet
2601 1980 183 45 dernier
2811 1980 75 57 ;si
2914 1977 63 48 les

432 2086 188 32 œuvres
645 2067 78 62 qui
751 2066 160 46 furent
946 2061 251 48 exécutées
1234 2058 229 49 n'étaient
1489 2075 79 44 pas
1599 2054 257 63 nouvelles,
1884 2054 100 47 leur
2011 2052 374 62 interprétation,
2413 2068 80 45 par
2520 2061 180 48 contre,
2728 2049 73 46 fut
2821 2048 130 47 excel-

435 2141 143 47 lente.
606 2137 88 50 On
722 2134 216 49 entendit
974 2133 44 46 le
1056 2132 198 61 Septuor
1289 2131 56 45 de
1373 2129 292 60 Beethoven,
1693 2127 43 47 la
1762 2142 222 31 romance
2012 2141 60 30 en
2098 2124 46 46 fa
2164 2122 138 66 jouée
2330 2138 78 45 par
2436 2120 78 49 M.
2543 2119 157 61 Vidal,
2732 2118 245 48 violoniste

435 2213 57 46 de
518 2211 166 58 talent,
712 2225 67 30 un
806 2207 88 46 trio
921 2206 56 45 de
1005 2202 363 59 Mendelssohn,
1396 2201 79 46 des
1500 2199 173 47 Lieder
1700 2198 54 46 de
1777 2198 231 47 Schubert
2026 2207 61 48 et,
2107 2211 116 45 pour
2239 2192 125 62 finir,
2392 2192 43 47 la
2462 2192 203 47 Cantate
2688 2189 290 48 Meerestille

436 2283 57 47 de
521 2281 276 47 Beethoven
828 2292 117 47 pour
977 2275 188 46 chœurs
1203 2283 47 36 et
1280 2273 252 46 orchestre.
1562 2269 77 47 M.
1669 2267 225 63 Ripollés,
1923 2267 117 47 chef
2063 2265 303 59 d'orchestre,
2393 2263 178 66 dirigea
2608 2272 122 36 cette
2766 2260 211 47 dernière

435 2368 164 32 œuvre
624 2364 113 32 avec
765 2364 66 30 un
856 2345 350 47 enthousiasme
1232 2343 233 45 vraiment
1490 2339 201 47 louable.

581 2419 222 62 Quelque
842 2429 153 48 temps
1032 2425 141 36 avant
1206 2414 123 46 avait
1363 2430 60 28 eu
1460 2411 95 47 lieu
1588 2428 61 29 au
1675 2408 154 66 Royal
1858 2406 198 64 Collège
2082 2423 94 29 une
2203 2416 132 36 autre
2361 2402 350 47 manifestation
2737 2400 241 61 musicale,

436 2510 107 32 sous
567 2491 44 47 la
638 2490 231 47 direction
897 2488 63 45 du
987 2485 165 47 maître
1180 2485 56 46 de
1264 2481 227 62 Chapelle
1519 2481 56 47 de
1611 2498 53 29 ce
1703 2479 212 62 Collège,
1950 2476 77 48 M.
2058 2476 269 62 Penarroja.
2356 2474 73 47 La
2465 2472 230 63 première
2732 2472 146 61 partie
2916 2472 65 46 du

438 2578 299 49 programme
781 2559 112 47 était
933 2555 248 62 composée
1227 2554 233 47 d'œuvres
1504 2552 55 46 de
1598 2551 253 47 musiciens
1885 2548 185 59 locaux,
2114 2546 162 62 depuis
2313 2545 123 62 Joan
2477 2543 56 47 B.
2580 2542 176 48 Cornes
2802 2540 179 64 (1568-

445 2632 151 65 1643)
619 2628 250 69 jusqu'aux
896 2627 249 47 modernes
1170 2625 130 61 Espi,
1329 2622 170 61 Giner,
1528 2622 248 62 Penarroja
1802 2631 47 36 et
1886 2618 43 47 le
1965 2618 248 63 signataire
2252 2616 57 46 de
2343 2631 77 31 ces
2444 2613 162 64 lignes.
2636 2612 72 48 La
2733 2612 249 47 deuxième

440 2705 146 62 partie
614 2703 113 46 était
752 2697 250 51 consacrée
1026 2696 27 48 à
1077 2697 45 47 la
1145 2695 138 48 scène
1310 2695 56 45 de
1394 2693 41 47 la
1474 2691 342 49 Consécration
1843 2691 64 45 du
1946 2687 146 51 Graal
2128 2688 57 46 de
2224 2684 206 61 Parsifal,
2457 2684 78 63 qui
2563 2684 155 46 obtint
2742 2701 66 29 un
2835 2682 143 65 grand

437 2775 178 48 succès.

583 2843 71 48 Le
686 2855 23 48 5
737 2839 155 68 juillet
917 2838 184 47 dernier
1128 2853 62 31 on
1217 2836 207 62 apposait
1449 2851 77 30 sur
1552 2833 45 46 la
1621 2832 159 59 façade
1806 2832 57 45 de
1889 2829 46 47 la
1959 2829 194 47 Maison
2178 2825 155 49 natale
2360 2825 57 47 de
2443 2824 215 62 Tarrega
2694 2841 95 30 une
2816 2823 170 62 plaque

442 2914 421 49 commémorative
887 2932 14 37 j
943 2908 31 47 il
1019 2919 226 36 convient
1286 2905 55 47 de
1382 2922 46 30 se
1470 2905 169 64 réjouir
1681 2903 55 46 de
1781 2912 76 35 cet
1894 2902 253 59 hommage
2187 2898 150 45 rendu
2363 2914 25 28 a
2415 2895 42 46 la
2483 2912 226 29 mémoire
2737 2895 64 46 du
2838 2893 146 63 grand

444 2985 229 49 musicien
700 2983 80 63 qui
808 2982 72 45 fut
906 2979 43 47 le
976 2979 166 47 maître
1170 2976 79 47 des
1274 2975 238 47 meilleurs
1548 2974 279 62 guitaristes,
1855 2970 85 47 tels
1965 2987 90 45 que
2083 2966 192 65 Miguel
2302 2966 188 47 Llobet.

2319 3062 96 49 ED.
2449 3060 58 49 L.
2545 3060 296 49 CHAVARRI.

585 3180 364 70 EXTRÊME
976 3194 298 50 ORIENT.
1387 3190 181 49 LAOS
1590 3186 366 71 FRANÇAIS.
2068 3185 91 48 Les
2178 3185 116 47 fêtes
2313 3185 64 45 du
2396 3182 147 65 grand
2567 3192 208 37 serment
2796 3181 54 47 de
2871 3178 93 50 fidé-

445 3271 82 50 lité
546 3284 87 35 ont
653 3270 74 48 été
747 3266 233 51 célébrées
1000 3284 60 29 en
1080 3265 176 63 grande
1274 3261 234 49 solennité
1528 3261 26 47 à
1574 3260 171 63 Luang
1766 3258 230 63 Prabang,
2023 3274 59 30 en
2110 3256 43 47 la
2177 3255 178 62 pagode
2380 3252 158 65 royale
2564 3252 56 47 de
2641 3252 122 46 Wat
2788 3250 122 49 Maï.
2938 3251 48 47 A

444 3355 125 37 cette
596 3342 215 47 occasion
840 3338 44 49 S.
912 3337 79 47 M.
1019 3336 363 62 Sisavangvong,
1409 3332 246 48 souverain
1693 3331 64 46 du
1794 3345 224 48 royaume
2058 3327 78 46 des
2227 3324 127 49 Cent
2379 3323 206 47 millions
2610 3321 310 62 d'Eléphants

445 3412 108 50 s'est
578 3412 151 47 rendu
753 3426 113 32 avec
892 3418 133 37 toute
1070 3406 42 48 la
1151 3422 173 46 pompe
1367 3403 240 62 asiatique,
1634 3418 61 31 au
1735 3399 164 47 milieu
1938 3398 116 47 d'un
2095 3396 188 63 cortège
2327 3394 188 47 brillant
2553 3404 48 36 et
2638 3393 299 61 pittoresque,
2963 3390 26 49 à

447 3498 174 35 travers
647 3483 44 46 la
717 3479 273 65 population
1016 3479 36 46 si
1080 3476 225 64 originale
1331 3476 56 45 de
1414 3491 53 30 ce
1499 3490 126 48 pays.

591 3553 71 48 Le
690 3552 91 47 Roi
809 3561 68 37 est
902 3549 85 61 âgé
1014 3548 56 47 de
1099 3558 61 48 25
1190 3545 27 47 à
1244 3543 63 51 26
1335 3561 98 45 ans,
1461 3544 93 46 fort
1592 3543 108 46 bien
1738 3540 56 47 de
1830 3557 49 29 sa
1917 3554 227 47 personne
2167 3558 13 38 ;
2203 3535 33 49 il
2271 3554 27 30 a
2332 3534 74 50 été
2444 3533 128 49 élevé
2608 3531 28 50 à
2669 3531 125 50 Paris
2818 3530 63 50 où
2906 3530 31 48 il
2963 3548 26 30 a

447 3625 120 49 suivi
596 3623 210 63 pendant
832 3620 112 49 trois
968 3636 84 31 ans
1076 3618 65 47 les
1166 3633 137 31 cours
1329 3615 56 47 de
1411 3613 184 49 l'Ecole
1621 3609 263 51 Coloniale.
