3441 4409
1702 180 63 54 26

248 315 133 54 Noch
426 316 44 54 in
508 318 264 52 demselben
802 319 141 51 Jahre
983 318 191 56 brachte
1213 323 90 51 ihm
1336 324 80 51 Dr.
1447 323 205 68 Klinge-

123 417 172 34 mann
325 400 73 52 ein
428 400 300 70 Opernbuch,
769 403 128 58 „Das
929 404 186 52 Schloss
1146 424 71 33 am
1487 407 200 52 welches

123 484 270 53 Marschner
422 485 122 50 nicht
572 485 171 66 gerade
790 489 302 60 zurückwies,
1137 490 129 51 allein
1308 490 116 52 doch
1467 492 70 49 für
1575 492 114 67 jetzt

123 565 74 54 bei
228 568 124 49 Seite
381 568 136 66 legte,
548 568 57 49 da
634 568 77 52 ihn
744 570 72 51 ein
846 573 210 60 anderes,
1087 573 79 51 das
1198 574 93 51 ihm
1321 592 196 51 anonym
1548 592 112 50 zuge-

125 652 133 51 sandt
286 667 112 42 war,
435 652 111 51 weit
576 654 133 51 mehr
738 673 147 51 anzog
917 658 93 51 und
1040 658 125 51 seine
1194 676 144 49 ganze
1367 658 296 69 Einbildungs-

126 733 116 51 kraft
271 733 195 53 erfüllte.
526 737 66 51 Es
623 756 99 33 war
760 739 94 51 dies
896 741 189 58 „Hans
1470 743 92 50 und
1608 742 83 51 der

126 817 193 51 Dichter
349 836 98 33 war
476 821 243 53 Eduard
751 824 310 60 Devrient,
1092 826 171 51 damals
1296 828 180 66 Sänger
1508 826 67 51 bei
1607 827 81 51 der

125 899 293 70 königlichen
451 904 130 69 Oper
611 906 42 51 in
685 907 164 50 Berlin.
897 910 94 49 Der
1023 910 308 66 Gegenstand,
1369 910 82 50 der
1480 927 52 33 so
1562 911 129 49 recht

121 986 46 49 in
195 986 309 53 Marschner's
535 991 213 67 Neigung
788 992 69 48 für
901 992 78 51 das
1011 995 324 49 Romantische
1368 995 91 50 und
1489 995 175 50 Geister-

125 1068 128 52 hafte
280 1071 251 68 einschlug,
574 1073 299 69 beschäftigte
904 1076 74 51 ihn
1010 1077 113 50 auch
1156 1085 136 42 unter
1324 1078 87 50 den
1444 1077 218 54 überhäuf-

126 1161 77 42 ten
235 1153 224 52 Arbeiten
501 1156 148 51 seiner
689 1175 151 34 neuen
884 1160 210 66 Stellung
1143 1160 410 62 immerwährend;
1585 1162 107 68 jede

129 1237 195 61 Stunde,
356 1238 71 51 die
456 1256 51 33 er
537 1241 105 50 dem
673 1244 140 49 Amte
845 1241 235 53 abstehlen
1113 1244 186 58 konnte,
1332 1246 167 51 weihte
1529 1264 50 32 er
1611 1246 81 51 der

123 1338 154 33 neuen
308 1321 340 53 musicalischen
680 1325 293 68 Schöpfung;
1018 1327 92 50 und
1150 1326 69 51 bei
1264 1327 173 52 diesem
1481 1330 83 49 der
1593 1330 99 49 Zeit

125 1404 115 50 nach
271 1405 438 67 fragmentarischen
741 1409 223 52 Arbeiten
1009 1411 57 51 ist
1111 1411 216 51 wahrlich
1372 1412 145 53 nichts
1561 1414 131 51 mehr

125 1505 57 32 zu
212 1486 306 65 bewundern,
548 1491 64 51 als
643 1492 81 51 der
756 1494 303 52 vollkommen
1095 1496 257 51 einheitlich
1381 1501 308 65 ausgeprägte

125 1569 258 53 Charakter
412 1571 82 52 der
516 1575 151 51 Musik
697 1576 150 51 dieser
877 1578 146 68 Oper,
1053 1578 81 50 der
1162 1579 136 51 Fluss
1326 1579 81 51 der
1435 1581 256 51 Melodieen

125 1654 99 52 und
256 1655 71 51 die
358 1656 195 52 herrlich
574 1659 358 70 durchgeführte
959 1661 427 70 Individualisirung
1414 1664 81 51 der
1513 1665 150 69 Haupt-

127 1755 229 51 personen
389 1740 82 51 der
499 1743 263 68 Handlung.
795 1745 270 51 Marschner
1095 1746 76 51 hat
1197 1746 97 51 hier
1312 1748 107 66 jene
1448 1749 137 50 Höhe
1614 1749 79 51 des

127 1821 174 52 Genius
330 1824 211 61 erreicht,
586 1828 84 49 auf
694 1828 198 51 welcher
924 1829 153 51 Kunst
1118 1830 94 51 und
1244 1832 245 50 Phantasie
1517 1833 91 51 sich
1641 1851 51 33 so

126 1904 359 70 durchdringen,
516 1908 104 52 dass
644 1928 103 33 man
771 1910 64 52 sie
864 1912 42 50 in
934 1912 104 52 dem
1059 1913 313 52 Kunstwerke
1399 1914 144 52 selbst
1570 1917 124 50 nicht

125 1988 133 51 mehr
300 2007 58 34 zu
396 1998 196 46 trennen
633 2011 202 50 vermag.
896 1997 83 49 Die
1011 1998 202 49 Partitur
1241 2016 88 33 von
1360 2000 126 50 Hans
1514 2000 180 68 Heiling

126 2073 124 49 stellt
290 2073 76 52 ihn
412 2074 43 51 in
497 2077 72 50 die
597 2078 145 51 Reihe
772 2080 83 50 der
885 2084 214 64 grössten
1128 2082 333 52 dramatischen
1494 2084 165 69 Compo-

123 2157 150 50 nisten
305 2157 112 50 aller
443 2158 254 62 Nationen;
728 2163 42 50 in
802 2163 69 50 ihr
899 2166 58 49 ist
988 2164 139 60 reine,
1157 2183 83 33 aus
1275 2167 83 51 der
1388 2167 301 68 drängenden

121 2239 349 52 Künstlerseele
499 2246 243 67 quellende
774 2248 334 66 Begeisterung
1139 2249 93 50 und
1263 2251 274 67 Erfindung,
1579 2252 85 51 wel-

125 2323 82 50 che
239 2323 70 51 die
342 2324 150 51 Farbe
523 2327 82 51 der
635 2329 319 51 Leidenschaft
984 2347 82 33 aus
1099 2331 81 50 der
1211 2332 124 49 Tiefe
1367 2333 79 51 des
1481 2336 180 49 mensch-

123 2406 152 50 lichen
306 2407 188 52 Gefühls
526 2411 194 70 schöpft,
751 2430 51 33 so
835 2414 103 50 dass
972 2414 209 60 Melodie,
1217 2417 248 50 Harmonie
1495 2418 91 50 und
1618 2421 50 48 In-

126 2491 371 68 strumentirung
536 2494 107 51 alles
675 2496 42 49 in
750 2497 81 51 der
863 2500 139 48 Brust
1045 2500 186 49 wecken
1279 2501 93 49 und
1405 2502 79 47 auf
1512 2502 91 50 und
1635 2502 57 51 ab

126 2590 168 51 wogen
324 2574 165 60 lassen,
520 2595 94 33 was
645 2580 63 49 sie
738 2580 222 69 bewegen
992 2582 136 57 kann,
1155 2583 177 50 Freude
1357 2585 91 49 und
1473 2586 219 60 Schauer,

129 2657 139 51 Liebe
300 2660 94 49 und
426 2661 200 61 Grauen,
657 2665 320 68 Aufschwung
1007 2667 91 50 und
1132 2667 329 69 Vernichtung.

252 2743 90 50 Am
386 2745 216 52 Schlüsse
649 2748 80 50 des
760 2750 164 49 Jahres
965 2747 152 54 1832
1164 2769 95 32 war
1301 2752 71 49 die
1402 2754 131 66 Oper
1579 2754 88 50 voll-

126 2825 138 50 endet
295 2827 93 48 und
419 2830 162 48 wurde
620 2849 102 32 zum
755 2840 153 43 ersten
939 2832 118 51 Male
1099 2834 57 48 im
1189 2835 88 49 Mai
1316 2832 151 54 1833
1505 2836 41 50 in
1580 2837 84 50 Ber-

127 2909 55 49 lin
215 2910 227 67 gegeben,
487 2930 72 33 wo
603 2914 82 50 Ed.
722 2916 213 50 Devrient
967 2916 86 51 den
1085 2917 180 66 Heiling
1306 2936 127 49 sang.
1477 2920 97 49 Der
1606 2921 83 50 Err

125 2994 91 66 folg
245 3010 99 33 war
377 2996 157 51 weder
563 2996 118 52 beim
715 2999 235 50 Publicum
993 3000 120 51 noch
1145 3000 69 51 bei
1247 3001 80 50 der
1360 3001 145 52 Kritik
1537 3004 70 49 ein
1639 3022 52 33 so

122 3075 466 71 durchschlagender,
631 3082 84 49 wie
756 3082 72 50 ihn
860 3084 268 49 Marschner
1178 3093 218 43 erwartet
1428 3086 137 59 hatte,
1611 3088 81 50 der

125 3160 122 51 wohl
292 3171 190 50 wusste,
529 3164 104 51 dass
678 3183 51 32 er
770 3166 122 50 diese
922 3168 149 49 Musik
1117 3169 78 48 mit
1236 3169 169 49 seinem
1437 3170 255 51 Herzblute

126 3245 295 65 geschrieben
443 3248 140 50 hatte.
620 3249 236 53 Publicum
888 3251 90 50 und
1005 3253 142 48 Kritik
1175 3253 235 50 schämten
1442 3254 92 49 sich
1566 3273 125 32 zwar

126 3328 104 49 bald
262 3329 199 51 nachher
492 3331 70 50 ein
596 3333 176 67 wenig;
819 3334 127 49 allein
990 3335 62 50 sie
1096 3335 155 50 hatten
1285 3335 117 50 doch
1434 3336 85 50 den
1552 3336 102 53 Com-

123 3413 213 67 ponisten
366 3415 144 66 einige
534 3417 124 67 Tage
690 3417 105 67 lang
826 3418 252 51 verstimmt
1110 3419 92 51 und
1235 3420 85 49 fast
1345 3420 170 50 wieder
1546 3429 143 43 etwas

125 3497 90 48 irre
247 3513 56 33 an
336 3497 91 49 sich
460 3499 137 50 selbst
629 3502 227 66 gemacht,
899 3502 54 49 da
986 3521 49 30 er
1066 3522 53 29 zu
1153 3502 271 50 bescheiden
1458 3522 108 42 war,
1613 3523 75 32 um

125 3579 80 50 das
240 3579 236 51 Publicum
520 3583 68 48 für
619 3585 523 68 unzurechnungsfähig,
1183 3587 71 48 die
1282 3587 146 48 Kritik
1461 3588 70 48 für
1559 3587 104 52 blöd-

125 3664 147 66 sinnig
313 3664 92 50 und
449 3665 68 49 die
545 3668 201 49 Zukunft
789 3669 72 50 für
901 3671 122 48 seine
1056 3669 158 51 Göttin
1249 3687 53 32 zu
1334 3671 226 59 erklären,
1604 3672 87 51 wie

126 3748 79 50 das
238 3748 279 66 heutzutage
555 3752 247 63 geschieht.
861 3753 287 51 Glücklicher
1184 3753 159 56 Weise
1387 3754 107 66 ging
1537 3773 51 32 er
1631 3775 56 31 zu

126 3832 80 48 der
238 3841 152 40 ersten
421 3832 299 68 Aufi'ülirung
750 3834 40 50 in
822 3836 184 67 Leipzig
1047 3837 142 49 selbst
1233 3836 206 58 hinüber,
1482 3856 73 33 wo
1597 3838 90 51 ihm

123 3916 82 48 der
238 3916 197 48 Theater
465 3916 208 52 Director
706 3919 296 61 Ringelhardt
1042 3921 68 48 die
1142 3921 241 66 gemachte
1416 3921 272 68 Bedingung

125 4001 81 48 der
239 3999 244 69 Einübung
516 4001 81 49 der
628 4003 129 68 Oper
798 4005 90 48 und
921 4002 81 51 der
1033 4005 230 49 Direction
1296 4003 81 51 der
1407 4005 93 49 drei
1533 4015 155 43 ersten

123 4085 359 67 Vorstellungen
512 4101 113 50 gern
657 4086 265 51 einräumte.
979 4088 60 50 Es
1072 4106 94 31 war
1197 4088 118 50 hohe
1345 4088 114 59 Zeit,
1504 4090 102 50 dass
1637 4107 51 33 er

121 4168 128 51 kam!
309 4170 65 48 Er
419 4168 103 50 fand
573 4170 438 50 Wiükürlichkeilen
1067 4171 39 49 in
1156 4171 406 69 Verstümmelung
1606 4173 81 51 der

1786 323 216 59 Partitur,
2047 325 271 68 vergriffene
2359 327 158 69 Tempi
2558 328 93 49 und
2700 328 129 51 mehr
2874 328 291 68 dergleichen
3210 334 151 69 Dinge

1783 423 96 42 vor,
1909 407 71 50 die
2009 407 77 50 ihn
2117 409 87 50 fast
2234 428 81 32 zur
2350 410 339 68 Verzweiflung
2723 410 235 52 brachten.
3018 414 132 52 Eben
3187 435 52 33 so
3269 418 69 50 ein-

1783 492 87 49 mal
1903 496 156 64 später
2089 492 41 50 in
2159 494 154 59 Wien,
2347 513 71 32 wo
2448 513 102 32 man
2581 513 37 32 z.
2641 497 49 49 B.
2726 496 68 49 bei
2827 497 103 49 dem
2963 497 252 53 köstlichen
3241 502 85 49 Auf-

1782 576 172 66 spielen
1985 576 83 49 der
2098 593 108 51 paar
2247 577 269 52 beduselten
2550 578 425 52 Dorf-Musicanten
3009 582 101 49 eine
3142 583 192 52 vollstän-

1783 658 103 67 dige
1917 659 443 65 Regiments-Musik
2390 663 82 48 auf
2497 662 70 49 die
2597 663 163 50 Bühne
2789 663 221 67 gebracht
3041 664 149 52 hatte!
3221 668 133 51 Auch

1783 760 56 33 an
1872 742 313 68 Verbreitung
2214 744 349 68 missgünstiger
2595 744 204 52 Urtheile
2839 756 136 40 unter
3005 748 102 50 dem
3140 751 214 49 Bühncn-

1783 826 94 51 und
1909 826 527 52 Orchester-Personale
2468 828 126 50 hatte
2624 846 48 33 es
2703 830 122 49 nicht
2858 831 180 65 gefehlt.
3089 832 129 51 Aber
3248 835 108 49 alles

1786 911 81 49 das
1907 911 191 49 änderte
2145 912 93 50 sich
2282 913 93 50 und
2423 912 298 52 verschwand
2771 915 115 49 nach
2930 916 206 67 wenigen
3170 917 186 52 Proben

1786 1001 136 42 unter
1952 995 79 49 des
2050 995 211 50 Meisters
2288 996 185 67 eigener
2502 996 136 49 Hand
2671 997 94 52 und
2796 998 179 50 machte
3006 998 70 51 bei
3109 1000 116 52 allen
3249 1002 79 50 Mit-

1786 1077 263 52 wirkenden
2089 1078 126 51 einer
2244 1078 309 69 begeisterten
2585 1081 142 50 Liebe
2759 1100 81 32 zur
2870 1085 149 48 Sache
3052 1085 138 51 Platz.
3251 1085 103 52 Und

1783 1161 122 51 siehe
1946 1161 71 58 da,
2061 1180 73 33 am
2185 1164 86 50 19.
2299 1165 89 49 Juli
2430 1162 151 54 1833
2628 1183 95 33 war
2766 1166 79 51 das
2878 1167 130 51 Haus
3039 1167 205 54 übervoll
3276 1169 52 52 be-

1785 1252 132 51 setzt,
1962 1246 94 50 und
2088 1245 70 51 die
2204 1247 131 69 Oper
2375 1249 163 50 wurde
2582 1249 83 50 mit
2708 1249 146 50 einem
2898 1250 458 54 unbeschreiblichen

1785 1330 351 51 Enthusiasmus
2168 1332 371 64 aufgenommen.
2572 1334 271 51 Mnrschner
2873 1336 161 50 wurde
3066 1338 79 49 mit
3177 1338 147 49 Ehren-

1786 1412 315 68 bezeigungen
2133 1414 271 61 überhäuft;
2450 1433 48 33 es
2540 1416 183 51 mochte
2765 1418 122 52 wohl
2931 1419 126 49 einer
3088 1420 81 50 der
3201 1421 130 66 glück-

1786 1495 189 52 lichsten
2008 1498 126 66 Tage
2176 1498 147 50 seines
2355 1500 183 51 Lebens
2576 1500 110 58 sein,
2731 1500 42 51 in
2820 1503 147 49 dieser
3009 1503 347 68 kunstsinnigen

1787 1580 150 59 Stadt,
1980 1580 175 51 welche
2186 1599 49 32 er
2267 1600 80 32 vor
2376 1584 275 51 siebenzehn
2681 1585 170 51 Jahren
2881 1585 63 51 als
2975 1603 153 33 armer
3157 1588 200 51 Student

1787 1663 168 62 betrat,
1979 1664 115 66 jetzt
2122 1665 131 51 einen
2285 1668 184 51 solchen
2501 1668 221 68 Triumph
2755 1687 54 32 zu
2841 1670 156 50 feiern.
3050 1670 86 50 Die
3169 1670 158 51 Univer-

1788 1746 106 51 sität
1927 1757 222 43 ernannte
2190 1749 75 51 ihn
2308 1769 103 33 zum
2442 1753 177 49 Doctor
2649 1753 83 49 der
2759 1753 151 49 Musik
2953 1753 91 51 und
3089 1754 129 50 ehrte
3260 1757 93 49 sich

1788 1832 144 50 selbst
1961 1833 146 51 durch
2138 1833 123 52 diese
2291 1837 350 66 Anerkennung
2671 1837 145 50 seines
2850 1837 295 52 Verdienstes
3171 1856 80 33 um
3284 1840 70 50 die

1788 1915 168 51 Kunst.

1917 1999 109 52 Wie
2075 1999 93 51 sich
2213 2018 94 33 nun
2356 2003 130 50 Hans
2525 2002 185 68 Heiling
2751 2002 116 52 über
2911 2003 71 52 die
3025 2003 196 52 Bühnen
3269 2023 85 33 von

1787 2100 113 49 ganz
1933 2083 314 52 Deutschland
2279 2086 91 49 und
2406 2086 172 50 überall
2610 2087 90 58 hin,
2733 2105 74 33 wo
2839 2088 97 50 eine
2968 2087 225 51 deutsche
3225 2089 131 68 Oper

1786 2166 58 50 im
1877 2166 237 52 Auslande
2144 2168 262 51 vorhanden
2439 2187 110 41 war,
2590 2171 287 58 verbreitete,
2919 2172 58 49 ist
3006 2172 238 65 allgemein
3278 2173 51 51 be-

1788 2251 153 49 kannt.
1988 2252 225 66 Weniger
2242 2253 235 59 vielleicht,
2507 2254 104 51 dass
2641 2256 123 49 diese
2796 2257 129 66 Oper
2956 2257 113 50 auch
3108 2258 219 50 Veranlas-

1786 2351 119 51 sung
1937 2352 53 32 zu
2025 2336 146 49 einem
2204 2337 117 48 Rufe
2351 2338 307 51 Marschner's
2690 2338 112 51 nach
2831 2340 314 68 Kopenhagen
3178 2341 175 56 wurde,

1788 2436 73 32 wo
1908 2435 49 32 er
1997 2420 92 48 und
2124 2420 123 49 seine
2277 2421 154 51 Gattin
2477 2421 114 51 über
2633 2423 129 50 sechs
2798 2423 215 51 Wochen
3056 2431 133 43 unter
3230 2425 124 49 einer

1786 2502 129 48 Fülle
1947 2520 85 32 von
2065 2502 474 70 Ehrenbezeigungen
2569 2505 295 52 zubrachten.
2911 2507 64 50 Es
3009 2524 96 33 war
3136 2507 57 51 im
3225 2508 126 50 März

1795 2583 171 61 1836,
2009 2586 64 49 als
2119 2604 49 31 er
2211 2587 70 50 die
2323 2588 257 68 Einladung
2618 2590 175 57 erhielt,
2840 2591 152 50 seinen
3025 2591 185 67 Heiling
3249 2592 105 50 dort

1786 2668 142 50 selbst
1969 2668 42 50 in
2045 2671 146 48 Scene
2234 2689 52 32 zu
2332 2680 156 42 setzen
2530 2672 94 51 und
2667 2691 55 32 zu
2764 2674 227 64 dirigiren.
3051 2675 65 49 Er
3147 2675 101 49 fand
3284 2676 68 50 bei

1758 2752 149 50 *Hofe
1948 2754 91 48 und
2083 2752 41 51 in
2171 2754 86 49 den
2290 2755 460 52 musikfreundlichen
2780 2757 195 50 Kreisen
3006 2759 82 49 der
3118 2760 133 48 Stadt
3284 2760 70 49 die

1787 2836 464 51 zuvorkommendste
2284 2839 273 50 Aufnahme.
2614 2840 133 49 Nicht
2787 2859 87 32 nur
2916 2841 41 50 in
2999 2841 353 52 verschiedenen

1827 2900 17 12 N
1971 2905 5 9 >
2017 2898 2 16 •
2062 2902 6 7 >

1787 2919 376 52 Hof-Concerten
2208 2921 161 51 wirkte
2411 2922 78 50 das
2520 2924 331 68 Künstlerpaar
2892 2925 93 58 mit,
3030 2925 200 52 sondern
3272 2926 81 51 der

1788 3002 155 68 König
1973 3004 203 67 empfing
2208 3006 265 50 Marschner
2495 3006 116 50 auch
2637 3016 127 42 sonst
2796 3008 157 67 häufig
2982 3009 90 49 und
3107 3010 246 51 unterhielt

1787 3085 109 58 sich,
1937 3085 116 51 eben
2086 3104 49 32 so
2169 3088 87 48 wie
2288 3089 81 49 der
2399 3089 225 67 Erbprinz
2656 3090 246 67 (nachmals
2935 3090 224 52 Christian
3194 3094 157 66 VIII.),

1787 3187 113 48 gern
1931 3169 82 51 mit
2041 3169 103 52 dem
2176 3170 252 52 deutschen
2459 3173 203 58 Meister,
2704 3174 81 49 der
2817 3174 79 49 mit
2926 3175 172 51 seinem
3127 3178 190 65 gewohn-

1786 3263 77 39 ten
1908 3254 181 48 Humor
2134 3255 91 48 und
2268 3255 294 68 anständiger
2604 3258 374 66 Freimütigkeit
3023 3259 126 51 nicht
3189 3259 163 51 immer

1787 3336 80 49 mit
1898 3335 86 51 den
2017 3336 149 50 hohen
2197 3339 329 50 Herrschaften
2558 3340 198 66 gleicher
2784 3342 221 66 Meinung
3046 3359 113 42 war,
3199 3344 148 50 zumal

1786 3437 138 33 wenn
1956 3437 47 32 es
2035 3419 91 51 sich
2161 3438 74 33 um
2270 3422 71 48 die
2370 3420 276 55 italiänische
2676 3425 310 66 Opernmusik
3020 3425 225 51 handelte.

1913 3504 76 50 Bei
2023 3504 80 48 der
2135 3504 296 69 Aufführung
2477 3524 95 33 war
2618 3508 78 51 das
2728 3510 130 47 Hans
2902 3527 54 30 zu
2989 3508 257 52 bedeutend
3279 3528 47 32 er-

1787 3587 170 49 höhten
1990 3587 186 50 Preisen
2206 3589 308 52 ausverkauft.
2559 3592 97 49 Der
2682 3610 141 48 ganze
2855 3592 106 58 Hof,
2992 3593 115 50 auch
3140 3594 81 49 der
3250 3594 64 50 Kö-

1785 3671 90 66 nig,
1917 3671 81 49 der
2028 3671 84 49 seit
2141 3672 171 51 Jahren
2343 3673 79 50 das
2454 3674 198 50 Theater
2681 3674 122 51 nicht
2836 3674 193 52 besucht
3069 3677 141 58 hatte,
3257 3695 94 31 war

1786 3771 222 49 zugegen.
2069 3754 266 52 Marschner
2376 3758 160 50 wurde
2578 3759 143 49 schon
2764 3757 68 49 bei
2865 3758 171 51 seinem
3069 3761 275 49 Erscheinen

1783 3855 83 33 vor
1896 3836 102 50 dem
2034 3837 394 71 Dirigentenpulte
2472 3842 77 47 mit
2581 3842 146 47 einem
2760 3841 357 52 Beifallssturme
3149 3843 91 50 und
3273 3862 51 31 zu-

1786 3921 295 67 geworfenen
2115 3923 214 51 Kränzen
2361 3923 214 68 begrüsst
2709 3942 93 32 was
2834 3942 81 33 vor
2945 3926 204 67 zwanzig
3179 3927 170 51 Jahren

1783 4005 117 49 noch
1933 4005 99 49 eine
2064 4006 251 51 Seltenheit
2346 4024 109 33 war.
2516 4008 293 65 Heutzutage
2850 4008 56 50 ist
2947 4007 289 53 bekanntlich
3281 4011 68 51 ein

1783 4087 235 60 Künstler,
2060 4088 83 51 der
2181 4090 123 50 nicht
2333 4090 71 49 ein
2434 4090 155 50 halbes
2620 4091 214 51 Dutzend
2868 4091 350 52 Lorberkränze
3251 4096 72 48 auf-

1785 4172 226 51 zuweisen
2058 4173 90 60 hat,
2194 4191 82 50 gar
2321 4173 158 51 nichts.
2534 4175 85 49 Die
2662 4176 130 67 Oper
2836 4176 159 52 wurde
3042 4177 80 51 mit
3165 4196 157 33 ausser-
