3441 4409
296 211 1452 219 Niederrheinisck
1901 210 1184 255 Musik-Zeitung

666 496 191 86 für
900 496 876 86 Kunstfreunde
1832 491 237 83 und
2127 483 587 89 Künstler.

170 599 28 18 >.'
211 599 1 18 '
228 599 2 18 '
603 599 1 18 •
1780 614 5 2 _
2041 599 2 18 .
2319 600 7 12 >'
2409 599 17 17 4*
3167 605 10 10 •«

118 694 446 86 Herausgegeben
605 710 102 37 von
755 690 272 55 Professor
1069 691 57 52 L.
1160 689 244 73 Bischoff.
1576 684 198 85 Verlag
1816 682 91 56 der
1947 684 66 53 M.
2046 675 746 76 DuMont-Schauberg'schen
2827 677 438 85 Buchhandlung.

457 1077 256 42 Heinrich
743 1076 316 42 Marschner.
1088 1075 72 39 111.
1190 1073 90 41 Von
1309 1073 43 40 L.
1383 1071 246 42 Bischoff.
1737 1070 320 40 Münchener
2088 1068 168 41 Briefe
2296 1067 94 48 (IX.
2419 1066 180 41 Sinfonie
2707 1065 124 39 Ernst
2860 1065 129 39 Pauer
3073 1063 228 41 Oratorien-

188 1084 213 36 Inhalt.

84 1146 143 41 Verein
339 1142 136 52 Oper).
504 1140 94 39 Von
627 1140 50 39 A.
707 1140 42 39 Z.
857 1140 183 49 Tages-
1084 1136 99 40 und
1214 1136 71 40 Un
1299 1134 113 41 terh
1428 1136 69 38 alt
1512 1133 276 51 ungsblatt
1834 1131 212 47 (Dresden,
2086 1131 190 50 Templer
2303 1129 82 41 und
2417 1129 124 40 Jüdin
2654 1128 133 47 Wien,
2836 1128 28 37 I.
2895 1126 172 40 Concert
3095 1126 68 40 des
3191 1126 83 40 Män-

77 1202 426 56 nergesang-Vereins,
531 1202 31 39 I.
590 1199 388 54 philharmonisches
1008 1198 180 47 Concert,
1229 1195 51 41 11.
1309 1195 169 41 Concert
1506 1195 71 40 der
1606 1192 262 42 Gesellschaft
1896 1192 71 39 der
1995 1192 303 40 Musikfreunde
2409 1189 126 50 Paris,
2564 1190 138 37 Maitre
2730 1190 187 44 Pathelin,
2945 1189 134 51 Roger
3186 1187 115 40 New-

78 1268 110 40 York
298 1263 255 43 Rio-Janeiro
663 1261 199 41 Deutsche
891 1258 221 51 Tonhalle).

577 1413 231 60 Heinrich
847 1410 300 61 Marschner.

820 1543 81 50 III.

208 1649 243 56 Während
484 1648 82 50 der
597 1645 402 66 Vorbereitungen
1044 1660 54 32 zu
1131 1641 103 51 dem
1268 1637 299 52 Aufenthalte
1599 1637 42 50 in

83 1736 192 53 London
308 1734 195 51 studirte
532 1730 267 51 Marschner
828 1728 115 49 auch
971 1726 167 65 fleissig
1167 1724 228 66 Englisch.
1456 1722 183 51 Walter

83 1824 168 48 Scott's
280 1820 179 49 Roman
804 1810 189 51 brachte
1036 1810 72 50 ihn
1153 1809 77 53 auf
1257 1808 88 49 den
1375 1806 263 59 Gedanken,

84 1905 102 50 dass
219 1903 72 49 die
321 1896 462 72 Haupt-Charaktere
810 1895 93 50 und
932 1894 112 49 viele
1074 1891 285 51 Situationen
1390 1890 92 50 sich
1514 1889 101 49 treff-

83 1987 83 50 lich
222 2004 55 31 zu
324 1979 334 55 musicalischer
702 1978 298 66 Darstellung
1054 1975 225 68 eigneten.
1337 1974 65 48 Er
1446 1973 197 49 entwarf

83 2070 141 51 selbst
254 2069 97 48 eine
383 2067 193 49 scenirte
608 2063 160 49 Skizze
809 2063 91 48 und
946 2060 181 51 wandte
1172 2059 94 50 sich
1296 2056 138 51 damit
1468 2056 167 50 wieder

83 2171 56 32 an
170 2152 156 51 seinen
358 2149 249 65 Schwager
637 2144 306 53 Wohlbrück.
975 2144 95 50 Das
1092 2140 128 51 Buch
1251 2140 160 50 erhielt
1432 2139 174 50 Marsch-

83 2253 82 33 ner
191 2236 58 49 im
277 2234 125 50 März
442 2230 172 58 1829,
646 2229 92 50 und
768 2228 58 49 im
857 2227 90 52 Juli
979 2227 126 48 hatte
1136 2242 50 32 er
1216 2224 70 50 die
1318 2223 202 49 Partitur
1550 2239 85 32 von

94 2317 310 68 „Templer
444 2314 114 51 und
852 2310 242 51 vollendet.
1136 2309 51 50 In
1218 2307 185 68 Leipzig
1435 2313 90 43 trat
1554 2305 52 50 da-

85 2402 110 51 mals
237 2399 169 69 gerade
447 2398 99 50 eine
590 2412 117 36 neue
738 2392 603 65 Theater-Unternehmung
1371 2390 66 50 ins
1465 2388 172 58 Leben,

85 2484 91 51 und
209 2484 70 50 die
303 2482 302 65 Verwaltung
637 2478 235 50 wünschte
904 2478 70 50 die
1007 2477 162 49 Bühne
1199 2474 82 50 mit
1310 2474 148 49 dieser
1488 2490 149 31 neuen

85 2568 131 68 Oper
256 2584 54 31 zu
353 2564 218 50 eröffnen.
623 2562 159 49 Indess
812 2559 267 51 Marschner
1117 2558 153 48 lehnte
1301 2557 70 49 die
1403 2556 121 49 Ehre
1567 2554 71 59 ab,

86 2652 99 48 weil
217 2667 49 32 er
297 2648 190 66 besorgt
517 2665 109 40 war,
658 2646 69 49 die
757 2644 259 50 Aufnahme
1047 2642 145 49 seines
1224 2641 202 50 Werkes
1456 2639 182 50 möchte

85 2741 136 43 unter
251 2732 87 50 den
367 2730 320 55 Parteiuncen,
730 2727 69 50 die
829 2727 85 50 fast
945 2727 160 48 immer
1135 2724 70 50 bei
1238 2741 151 32 neuen
1417 2722 194 48 Theater-

677 2777 10 11 -7

85 2816 263 51 Zuständen
381 2813 287 58 auftauchen,
705 2811 161 51 leiden.
922 2810 132 49 Auch
1087 2808 152 50 wollte
1270 2825 49 32 er
1350 2806 119 49 wohl
1502 2822 139 35 zuvor

87 2901 70 51 die
189 2916 146 35 neuen
354 2897 160 50 Kräfte
547 2897 177 54 kennen
755 2895 171 49 lernen.
959 2895 64 47 Im
1056 2890 257 52 December
1351 2888 150 51 1829
1539 2888 99 50 fand

87 2985 73 48 die
190 2991 122 41 erste
334 2980 294 66 Auflührung
647 2980 136 48 Statt.
814 2978 98 47 Der
942 2976 159 66 Erfolg
1134 2991 96 33 war
1260 2972 279 69 beispiellos;
1571 2971 70 51 die

89 3067 128 68 Oper
246 3064 274 52 verbreitete
551 3062 93 50 sich
687 3061 115 50 eben
844 3078 50 31 so
927 3059 145 55 rasch,
1119 3059 83 48 wie
1230 3059 80 48 der

89 3149 92 50 und
213 3150 78 48 hat
321 3147 91 51 sich
444 3144 287 53 bekanntlich
768 3142 66 51 bis
871 3142 118 68 jetzt
1028 3141 82 51 auf
1140 3141 103 51 dem
1274 3140 270 67 Repertoire
1574 3156 47 32 er-

89 3232 215 67 halten*).

213 3318 66 47 Im
322 3313 239 67 folgenden
592 3311 140 51 Jahre
771 3307 200 72 (1830)
1018 3307 160 50 erhielt
1218 3306 265 50 Marschner
1525 3323 123 31 zwar

90 3398 319 50 verschiedene
440 3399 209 61 Anträge
680 3412 55 31 zu
768 3391 290 51 ehrenvollen
1088 3390 241 50 amtlichen
1361 3389 283 64 Stellungen,

90 3483 128 49 allein
246 3499 51 32 er
327 3498 87 49 zog
444 3497 47 33 es
522 3495 95 41 vor,
646 3478 93 49 sich
769 3476 117 51 noch
918 3475 126 51 nicht
1073 3492 56 31 zu
1158 3474 182 56 binden,
1371 3473 135 49 nahm
1536 3471 111 50 aber

90 3565 80 50 mit
200 3565 280 65 Vergnügen
524 3561 71 50 die
625 3560 256 65 Einladung
924 3559 82 49 der
1045 3556 234 50 Direction
1323 3556 79 49 des
1449 3554 168 67 Königs-

90 3648 175 51 städter
296 3648 222 49 Theaters
561 3663 71 41 an,
679 3647 70 47 lür
788 3643 122 49 diese
951 3641 176 59 Bühne,
1171 3639 174 51 welche
1389 3638 169 50 damals
1602 3639 44 49 in

90 3732 121 49 ihrer
251 3729 161 51 besten
444 3729 167 50 Blüthe
656 3727 148 58 stand,
847 3725 100 50 eine
978 3724 129 67 Oper
1150 3723 206 49 heiteren
1387 3721 170 50 Inhalts
1588 3739 56 32 zu

90 3813 251 52 schreiben.
406 3810 288 52 Wohlbrück
726 3809 160 65 schlug
914 3807 64 50 als
1008 3807 125 49 Stoff
1176 3808 148 56 „Des
1357 3805 290 50 Falkners

364 3894 113 51 nach
509 3894 124 50 einer
658 3893 262 66 Erzählung
942 3908 88 32 von
1058 3889 226 67 Spindler,
1315 3906 96 40 vor,
1442 3906 93 33 was
1567 3888 80 49 der

91 3978 459 51 Theater-Direction
607 3977 92 49 und
759 3977 103 49 dem
914 3972 325 68 Componisten
1290 3972 196 67 genehm
1538 3987 110 34 war.

91 4062 268 52 Marschner
387 4062 221 49 arbeitete
637 4059 59 51 im
726 4059 160 50 Stillen
919 4058 131 51 rasch
1082 4055 92 53 und
1204 4055 82 50 mit
1317 4072 207 49 grossem
1558 4055 88 49 Ge-

169 4194 36 47 *)
234 4192 136 52 Vergl.
408 4193 54 39 im
492 4192 226 50 Tagesblatt

1736 1418 150 63 nügen
1928 1432 55 33 an
2025 1414 104 52 dem
2161 1432 151 33 neuen
2343 1414 193 58 Werke,
2578 1414 161 49 dessen
2770 1410 307 69 Hauptparlie
3107 1411 72 49 für
3210 1410 86 51 den

1735 1498 337 50 vortrefflichen
2104 1499 179 66 Sänger
2315 1496 94 51 und
2439 1495 324 69 Schauspieler
2792 1494 240 68 Spitzeder
3060 1494 236 51 bestimmt

1735 1598 109 33 war.

1858 1664 152 51 Schon
2043 1664 130 51 Ende
2209 1662 155 52 1830
2410 1663 163 51 sandte
2615 1679 49 33 er
2705 1662 72 50 die
2806 1660 202 51 Partitur
3038 1660 113 50 nach
3181 1660 82 50 Ber-

1732 1747 74 59 lin,
1846 1748 93 49 und
1971 1747 70 50 die
2070 1747 297 66 Aufführung
2408 1747 44 49 in
2494 1747 80 49 der
2604 1743 300 68 Königsstadt
2935 1743 160 51 wurde
3125 1743 168 51 bereits

1731 1830 292 60 vorbereitet,
2055 1832 63 49 als
2151 1832 80 49 der
2251 1829 234 52 Vorstand
2517 1830 81 49 der
2630 1828 286 67 königlichen
2956 1827 160 49 Bühne
3145 1827 147 50 davon

1727 1914 246 51 Nachricht
2004 1914 162 51 erhielt
2207 1913 94 51 und
2329 1913 256 69 Einspruch
2634 1912 109 49 that.
2803 1910 85 50 Die
2919 1927 119 33 neue
3069 1910 130 68 Oper
3228 1910 64 50 sei

1727 1998 60 50 im
1820 1998 283 67 königlichen
2135 1997 409 67 Schauspielhause
2583 1996 80 49 auf
2692 1996 79 49 das
2803 1993 270 69 Repertoire
3115 2001 177 58 gesetzt

1726 2082 94 49 und
1837 2081 129 50 dürfe
1986 2081 380 67 vertragsmässig
2392 2079 121 50 nicht
2544 2079 78 50 auf
2646 2078 82 50 der
2761 2077 337 67 königsstädter
3129 2077 160 49 Bühne

1729 2164 207 68 gegeben
1969 2164 200 50 werden.
2230 2164 51 49 In
2325 2164 80 49 der
2434 2163 120 50 That
2594 2161 160 50 wurde
2786 2161 266 50 Marschner
3095 2176 84 33 von
3210 2159 79 50 der

1727 2248 248 50 Intendanz
2008 2266 74 31 um
2116 2246 298 67 Einsendung
2455 2247 82 48 der
2568 2244 202 50 Partitur
2798 2252 135 42 unter
2965 2242 203 67 gleichen
3200 2243 56 48 Be-

1729 2331 263 66 dingungen
2032 2331 186 49 ersucht
2263 2330 93 49 und
2403 2330 69 49 die
2504 2331 180 63 Zusage
2716 2327 244 65 sofortiger
2991 2326 297 66 Aufführung

1729 2415 223 66 gegeben.
1985 2413 143 51 Allein
2154 2413 122 50 diese
2307 2413 159 49 wurde
2484 2412 140 50 Jahre
2654 2411 104 66 lang
2787 2413 243 61 verzögert
3058 2410 95 48 und
3184 2408 104 50 fand

1731 2505 95 42 erst
1856 2497 58 48 im
1945 2497 212 48 Sommer
2196 2493 151 51 1838
2383 2496 135 48 Statt.
2552 2493 143 50 Unter
2725 2493 81 49 der
2837 2491 100 49 Zeit
2966 2491 157 49 hatten
3154 2490 106 68 Leip-

1732 2580 69 66 zig
1831 2577 213 70 (1832),
2077 2578 224 59 Dresden,
2333 2578 261 56 Hannover,
2624 2576 191 49 Breslau
2847 2592 43 32 u.
2916 2591 34 33 s.
2973 2591 57 33 w.
3064 2573 70 50 die
3159 2575 129 66 Oper

1732 2664 222 67 gegeben.
1997 2664 74 49 Sie
2102 2662 120 50 blieb
2254 2661 122 51 nicht
2409 2662 119 50 ohne
2559 2658 170 60 Beifall,
2759 2658 125 50 hatte
2912 2657 110 51 aber
3053 2657 155 51 weder
3236 2674 52 33 so

1733 2764 206 49 grossen,
1969 2746 117 50 noch
2118 2763 51 33 so
2199 2745 318 65 nachhaltigen
2549 2741 171 67 Erfolg,
2747 2741 63 50 als
2842 2741 70 50 die
2944 2738 161 53 beiden
3137 2740 124 49 frühe-

1733 2848 95 33 ren.
1877 2830 147 49 Wäre
2069 2830 62 48 sie
2173 2829 150 49 indess
2368 2846 87 32 von
2497 2827 104 50 dem
2641 2825 256 51 trefflichen
2928 2824 248 50 Personale
3206 2824 80 49 der

1735 2912 339 66 königsstädter
2104 2911 262 51 komischen
2395 2911 145 67 Oper,
2569 2909 70 49 für
2669 2907 196 51 welches
2899 2907 62 50 sie
2992 2905 293 68 geschrieben

1736 3013 110 40 war,
1878 3003 152 42 zuerst
2061 2994 207 68 gegeben
2300 2994 204 58 worden,
2536 3009 49 33 so
2618 2990 159 51 würde
2809 2989 367 52 wahrscheinlich
3208 2989 81 49 der

1736 3080 159 65 Erfolg
1924 3080 70 48 ein
2027 3097 111 49 ganz
2170 3078 192 49 anderer
2392 3094 215 50 gewesen
2637 3075 108 51 sein.

1862 3164 50 47 In
1944 3161 447 64 Clavier-Auszügen
2438 3159 264 51 erschienen
2747 3156 81 51 der
2858 3158 200 66 Vampyr
3101 3155 64 51 als
3198 3156 90 66 Op.

1737 3245 95 59 42,
1863 3245 213 68 Templer
2107 3245 92 50 und
2230 3244 136 49 Jüdin
2396 3244 64 49 als
2491 3243 89 67 Op.
2608 3241 68 50 61
2698 3240 204 50 —beide
2930 3240 44 48 in
3005 3239 186 68 Leipzig
3222 3238 70 50 bei

1737 3328 279 51 Hofmeister
2137 3325 94 52 und
2262 3328 94 48 Des
2386 3325 218 51 Falkners
2630 3324 157 57 Braut,
2818 3321 231 51 komische
3078 3321 131 69 Oper
3250 3321 42 50 in

1737 3412 94 50 drei
1859 3413 164 56 Acten,
2053 3412 64 49 als
2149 3412 90 67 Op.
2274 3409 73 51 66
2383 3409 70 51 bei
2484 3406 240 68 Breitkopf
2748 3405 42 50 &
2819 3405 180 51 Härtel.

1864 3493 86 51 Um
1994 3493 120 51 diese
2155 3494 100 50 Zeit
2298 3493 162 49 erhielt
2490 3490 263 51 Marschner
2796 3507 88 33 von
2913 3489 250 50 Hannover
3205 3486 88 51 den

1737 3577 328 50 wiederholten
2096 3578 180 65 Antrag
2305 3577 81 48 der
2415 3572 629 68 Hof-Capellmeister-Stelle
3079 3569 215 52 daselbst.

1737 3662 65 48 Er
1841 3662 136 48 nahm
2018 3662 75 49 ihn
2133 3678 57 33 an
2236 3659 93 51 und
2375 3658 177 67 begann
2584 3674 71 32 am
2695 3655 47 50 1.
2772 3657 174 50 Januar
2983 3653 147 52 1831
3172 3654 124 51 seine

1737 3744 179 66 dortige
1943 3743 344 52 Wirksamkeit.
2317 3743 64 48 Er
2410 3747 93 43 trat
2532 3738 95 51 sein
2658 3738 112 51 Amt
2800 3738 114 52 nach
2945 3738 187 66 eigener
3156 3737 140 50 Wahl

1737 3827 81 49 mit
1848 3827 81 49 der
1958 3827 234 51 Direction
2225 3826 78 49 des
2334 3826 104 48 Don
2469 3824 119 50 Juan
2631 3840 70 33 an.
2758 3824 120 50 Was
2908 3838 51 33 er
2988 3821 65 49 als
3083 3819 213 68 Dirigent

1738 3909 83 51 der
1844 3911 129 66 Oper
2001 3909 95 51 und
2122 3908 180 67 Capelle
2333 3907 224 67 geleistet,
2588 3906 57 50 ist
2668 3906 334 57 weltbekannt;
3035 3922 50 32 er
3115 3904 77 49 hat
3218 3903 78 50 das

1738 3993 254 50 Orchester
2030 3993 45 50 in
2104 3993 246 48 Hannover
2381 3991 80 49 auf
2495 3989 99 51 eine
2622 3989 139 50 Höhe
2791 3987 236 70 gebracht,
3072 3987 81 49 auf
3187 3986 81 49 wel-

1738 4076 110 49 cher
1891 4092 49 33 es
1982 4075 94 50 sich
2117 4073 87 52 den
2246 4073 350 52 berühmtesten
2626 4071 474 53 Künstler-Vereinen
3129 4068 142 69 gleich-

1737 4158 160 51 stellen
1928 4158 130 51 kann.

2684 4236 35 51 4

150 900 83 57 Nr.
270 897 52 60 4.

1352 883 174 78 KÖLN,
1567 887 89 58 24.
1691 886 191 58 Januar
1921 883 141 58 1857.

2854 879 59 58 V.
2951 878 274 76 Jahrgang.
