3467 4328
1635 180 144 57 282

204 339 61 45 sie
305 335 78 47 mit
409 335 99 60 Fug
548 330 91 48 und
670 329 143 48 Recht
853 329 223 63 gelungen
1117 325 91 49 und
1246 326 216 48 effectvoll
1499 343 192 31 nennen.

205 412 123 47 Aber
362 409 70 47 die
465 407 219 63 Einlagen
723 420 78 33 aus
831 405 213 48 Weber's
1085 403 293 64 Euryanthe?
1433 402 71 48 die
1544 419 147 31 neuen

206 482 404 65 Gesang-Partieen
638 480 76 47 des
745 480 212 47 Babekan
986 478 91 47 und
1105 478 80 47 der
1213 478 224 47 Roxane?
1472 477 122 55 Nun,
1622 477 71 48 die

201 556 363 66 Abgerissenheit
586 555 90 48 und
696 555 271 47 Incohärenz
990 555 75 47 des
1094 553 371 65 ursprünglichen
1488 552 204 48 Libretto

202 638 52 45 ist
282 633 164 47 freilich
475 631 200 48 dadurch
704 632 199 62 weniger
931 630 239 48 auffallend
1201 630 260 64 geworden,
1499 630 92 47 und
1618 646 72 31 am

199 708 128 52 Ende
369 708 56 47 ist
458 708 47 63 ja
539 707 80 47 der
647 707 115 47 Text
784 704 84 54 4es
892 706 329 53 Weber'sehen
1250 706 188 53 Ober.on
1467 704 97 49 der
1592 706 100 53 Art,

199 786 99 47 dass
326 800 45 30 es
399 782 131 48 dabei
558 782 80 47 auf
661 788 136 40 etwas
826 782 128 47 mehr
987 781 109 48 oder
1136 782 199 62 weniger
1362 782 171 47 Unsinn
1573 781 119 47 nicht

200 861 244 48 ankommt.
491 859 137 55 Kurz,
662 857 78 48 das
768 858 203 47 Resultat
1003 858 80 47 der
1109 858 225 47 vereinten
1362 858 329 62 Bemühungen

200 936 81 48 der
321 937 177 46 Herren
539 933 142 48 Smith
719 932 89 47 und
840 932 215 48 Benedict
1094 950 95 31 war
1232 933 105 48 sehr
1380 932 191 48 lohnend
1616 932 74 46 für

200 1012 159 54 Beide;
401 1011 68 47 die
497 1009 156 47 Saison
693 1016 166 40 musste
895 1009 80 47 auf
1010 1009 98 47 eine
1145 1026 137 47 ganze
1314 1009 177 47 Woche
1518 1008 146 47 verlän-

200 1094 113 56 gert,
341 1085 198 63 Mongini
563 1083 191 65 (Hüon),
783 1083 79 48 der
883 1085 135 46 schon
1042 1085 239 63 abgereis't
1301 1099 109 41 war,
1439 1083 140 47 durch
1603 1083 84 47 den

199 1162 312 63 Telegraphen
547 1160 166 47 zurück
742 1160 151 64 geholt
921 1160 197 56 werden,
1155 1177 74 30 um
1259 1159 100 47 dem
1391 1164 295 59 ungestümen

199 1238 256 63 Verlangen
483 1237 76 47 des
591 1237 163 47 Volkes
780 1235 329 64 nachzugeben.

309 1313 86 47 Die
425 1313 245 61 Besetzung
705 1327 94 30 war
832 1309 230 65 folgende:
1099 1312 133 47 Rezia
1314 1312 150 45 Fräul.
1494 1310 194 64 Titjens;

196 1388 173 48 Fatime
379 1385 185 48 —Mad.
594 1385 186 56 Alboni;
822 1386 418 47 Roxane—Fräul.
1269 1386 191 55 Vaneri;
1489 1385 123 48 Puck

194 1463 119 48 Mad.
350 1461 231 54 Lemaire;
622 1461 360 49 Hüon—Herr
1019 1463 225 63 Mongini;
1286 1463 185 48 Oberon
1569 1463 121 45 Herr

194 1538 149 48 Beiart
371 1535 148 65 (guter
547 1535 189 65 Tenor);
765 1536 283 49 Scherasmin
1133 1540 118 46 Herr
1273 1536 239 56 Everardi;
1541 1536 118 49 Babe-

196 1614 86 47 kan
293 1613 188 47 —Herr
512 1613 191 47 Gassier.

307 1689 86 45 Die
430 1695 115 39 erste
572 1687 297 65 Aufführung
910 1687 76 49 des
1024 1689 186 48 Oberon
1253 1689 70 47 bei
1353 1687 213 50 Weber's
1594 1689 63 47 An-

196 1764 240 48 wesenheit
463 1764 43 47 in
533 1762 190 49 London
754 1764 100 48 fand
884 1765 84 48 den
1005 1765 79 48 11.
1108 1765 124 65 April
1269 1765 140 48 1826
1442 1766 138 55 Statt;
1611 1765 80 47 der

195 1839 155 64 Erfolg
390 1854 97 32 war
528 1837 281 50 bekanntlich
853 1858 86 29 nur
978 1841 70 47 ein
1091 1841 235 64 mässiger;
1457 1840 230 48 sicherlich

196 1915 182 48 brachte
408 1914 211 49 Weber's
647 1915 491 65 Benefiz-Vorstellung
1165 1916 90 47 ihm
1286 1916 122 48 nicht
1434 1916 70 47 ein
1527 1916 161 47 Drittel

196 1991 79 48 der
301 1991 268 56 Einnahme,
599 1990 68 48 die
689 1991 106 63 jetzt
822 1992 149 49 Fräul.
1003 1992 166 64 Titjens
1198 1992 264 65 davontrug.

313 2067 121 47 Herr
456 2067 110 64 Gye,
594 2066 80 48 der
695 2067 208 48 Director
924 2068 80 47 der
1024 2070 186 45 zweiten
1237 2068 304 49 italiänischen
1565 2068 127 64 Oper

199 2142 59 46 im
313 2141 748 63 Coventgarden-Theater,
1114 2143 79 47 hat
1244 2145 145 47 neben
1437 2143 120 47 seine
1604 2145 87 47 alte

200 2216 150 48 Garde
378 2216 109 48 oder
525 2216 146 48 neben
705 2217 121 48 seine
855 2220 175 45 Ruinen
1138 2220 131 53 Grisi,
1297 2221 161 53 Mario,
1489 2220 201 45 Ronconi

289 2307 115 31 neue
430 2291 190 47 Zierden
660 2308 78 31 aus
766 2293 126 47 Paris
933 2292 90 48 und
1055 2293 135 47 Wien
1230 2295 113 47 nach
1373 2293 190 49 London
1593 2310 72 32 ver-

196 2367 177 63 pflanzt,
418 2382 79 32 aus
534 2367 123 47 Paris
685 2368 121 47 Mad.
849 2369 521 49 Carvalho-Miolan
1409 2369 90 49 und
1537 2371 153 45 Herrn

195 2444 179 47 Faure
404 2442 200 65 (Bariton
632 2460 85 31 von
745 2444 80 49 der
854 2444 154 66 Opera
1033 2443 229 66 comique),
1291 2463 79 31 aus
1401 2447 137 47 Wien
1568 2446 120 48 Mad.

199 2519 218 64 Czillag.
435 2518 134 48 Beide
585 2519 324 64 Sängerinnen,
921 2537 83 32 von
1020 2538 111 47 ganz
1147 2522 358 48 verschiedenem
1524 2523 166 56 Genre,

196 2593 69 48 die
290 2594 166 49 Miolan
479 2594 79 47 mit
578 2594 171 49 kleiner
762 2597 205 56 Stimme,
989 2596 221 49 vollendet
1229 2597 43 48 in
1288 2598 221 56 Feinheit,
1532 2598 158 47 Grazie

195 2670 90 47 und
313 2670 277 47 Correctheit
629 2672 109 47 aller
768 2673 260 47 denkbaren
1061 2674 314 56 Coloraturen,
1419 2674 70 47 die
1521 2674 166 64 Czillag

195 2745 279 64 imponirend
503 2745 138 49 durch
671 2748 95 47 ihre
795 2749 258 64 prächtigen
1085 2750 279 47 natürlichen
1392 2750 159 54 Mittel,
1592 2767 72 30 ver-

197 2822 144 47 liehen
365 2820 83 49 den
468 2823 336 65 Vorstellungen
830 2824 307 65 unläugbaren
1164 2825 152 58 Glanz,
1345 2827 214 47 während
1584 2843 102 31 man

197 2897 70 46 die
298 2897 111 46 Grisi
454 2897 90 46 und
573 2898 370 49 Genossenschaft
983 2900 111 47 doch
1137 2902 42 45 in
1222 2900 80 49 der
1330 2903 118 47 That
1483 2919 86 30 nur
1610 2918 81 31 aus

197 2971 257 49 dankbarer
484 2974 286 63 Erinnerung
802 2974 292 57 bewundern,
1123 2977 159 63 Einige
1312 2979 193 47 meinten
1533 2994 157 47 sogar:

196 3064 85 31 nur
309 3055 208 57 ertragen
545 3048 179 48 konnte.
755 3051 58 46 So
842 3051 79 46 viel
950 3051 54 46 ist
1030 3053 176 62 gewiss,
1235 3053 99 47 dass
1362 3054 143 47 einem
1533 3055 124 46 Frem-

199 3123 101 53 den,
338 3123 78 47 der
454 3124 117 47 diese
611 3125 197 47 ehemals
850 3126 273 49 wunderbar
1163 3144 151 47 grosse
1344 3130 215 64 Sängerin
1592 3131 100 61 jefzt

200 3215 98 29 zum
321 3208 143 38 ersten
486 3200 116 47 Male
625 3201 116 55 hört,
770 3201 80 49 der
876 3204 160 47 immer
1063 3205 113 46 noch
1201 3205 367 48 enthusiastische
1589 3208 76 47 Bei-

206 3274 71 45 iall
308 3272 75 47 des
409 3275 215 46 londoner
651 3276 256 48 Publicums
935 3280 68 46 ein
1034 3280 179 47 Räthsel
1244 3281 91 47 sein
1367 3299 132 31 muss.

313 3349 206 47 Eröffnet
545 3351 155 47 wurde
724 3352 69 47 die
821 3355 154 46 Saison
1005 3371 70 31 am
1112 3356 78 47 10.
1217 3359 123 61 April
1372 3359 78 47 mit
1479 3359 177 63 Meyer-

204 3425 176 47 beer's
407 3424 202 48 Dinorah
639 3425 216 66 (Miolan),
886 3430 166 47 welche
1081 3432 127 63 Oper
1235 3432 70 47 die
1334 3435 250 62 vorjährige
1615 3451 50 46 ge-

200 3500 222 48 schlossen
467 3500 133 47 hatte.
655 3502 146 46 Faure
840 3511 132 41 setzte
1013 3506 89 47 sich
1146 3507 138 47 durch
1329 3510 70 46 die
1429 3511 148 46 Partie
1616 3510 76 47 des

204 3575 129 54 Hoel,
361 3575 42 47 in
432 3575 195 47 welcher
662 3592 47 30 er
735 3594 97 30 zum
863 3586 142 41 ersten
1036 3582 115 47 Male
1192 3584 39 45 in
1262 3584 207 64 England
1511 3586 180 53 auftrat,

202 3651 192 62 sogleich
423 3651 41 47 in
495 3652 156 46 Gunst.
705 3653 64 46 Er
812 3653 151 49 besitzt
1000 3657 95 47 eine
1137 3660 180 56 schöne,
1361 3661 331 48 wohllautende

205 3725 183 48 Stimme
417 3726 89 47 und
535 3727 126 46 weiss
689 3744 52 30 zu
769 3728 167 64 singen.

318 3802 117 46 Mad.
465 3803 163 63 Czillag
656 3803 198 49 erschien
882 3813 146 40 zuerst
1056 3807 39 46 in
1124 3808 369 50 Beethoven's
1522 3811 170 48 Fidelio

215 3873 86 46 und
331 3876 171 47 machte
539 3877 138 48 durch
709 3879 179 63 Gesang
930 3879 89 47 und
1047 3882 287 66 Darstellung
1362 3887 127 46 einen
1519 3902 152 32 ausser-

213 3947 297 51 ordentlichen
533 3953 237 48 Lindruck.
808 3957 93 46 Das
930 3957 149 47 Ganze
1108 3957 77 47 der
1212 3961 288 65 Vorstellung
1530 3962 165 48 konnte

216 4037 102 33 man
347 4023 108 48 aber
481 4027 118 46 nicht
637 4028 146 56 loben,
827 4029 112 49 auch
977 4040 175 55 erregte
1180 4033 78 48 das
1284 4036 312 49 Meisterwerk
1626 4037 67 48 bei

1767 326 199 47 Weitem
2006 323 122 49 nicht
2167 322 85 50 den
2281 320 365 59 Enthusiasmus,
2687 320 78 50 mit
2796 318 216 54 welchem
3042 331 122 41 sonst
3191 322 78 50 das

1765 401 218 48 londoner
2005 401 236 47 Publicum
2265 401 119 47 diese
2407 401 127 63 Oper
2556 407 105 40 stets
2689 400 351 64 aufgenommen
3065 400 89 48 hat.
3183 401 86 47 Die

1763 476 258 48 Marcelline
2064 492 97 31 war
2200 476 141 47 durch
2373 476 151 47 Fräul.
2556 475 189 48 Corbari
2786 476 105 46 sehr
2918 481 81 57 gut
3028 475 236 47 besetzt—

1763 553 70 46 ein
1861 552 192 47 seltener
2081 552 122 55 Fall;
2245 550 312 49 Neri-Beraldi
2590 548 271 66 (Florestan)
2901 550 89 47 und
3021 551 247 62 Tagliafico

1763 627 214 64 (Pizarro)
2002 627 201 48 erhoben
2227 628 91 46 sich
2341 627 212 64 nirgends
2575 626 112 48 über
2708 626 79 47 das
2805 626 340 54 Gewöhnliche,
3175 626 89 47 und

1761 706 151 44 Herrn
1940 703 197 64 Zelger's
2166 704 150 47 Rocco
2345 703 99 46 iiess
2472 717 82 48 gar
2589 718 52 30 zu
2680 701 104 48 sehr
2814 702 109 47 Karl
2952 702 189 46 Formes
3170 717 72 31 ver-

1762 781 178 53 missen,
1969 778 80 48 der
2077 795 80 31 aus
2185 778 146 48 dieser
2356 778 131 47 Rolle
2525 778 98 47 eine
2651 778 300 62 Hauptstütze
2981 776 76 47 des
3084 777 182 63 Erfolgs

1762 854 79 49 der
1864 856 125 63 Oper
2016 872 51 31 zu
2099 856 189 47 machen
2311 862 176 39 wusste.
2516 854 60 47 So
2607 853 157 47 wurde
2792 853 118 48 denn
2938 859 112 41 trotz
3079 852 80 53 der
3179 854 57 46 Be-

1762 931 284 63 wunderung
2086 931 77 47 des
2205 931 330 48 dramatischen
2572 931 210 45 Talentes
2822 929 80 47 der
2943 928 125 48 Mad.
3099 928 167 65 Czillag

1761 1007 170 47 Fidelio
1961 1007 112 47 doch
2104 1023 86 31 nur
2217 1008 83 46 Ein
2331 1007 90 47 Mal
2452 1004 276 48 wiederholt.

1875 1083 114 47 Grisi
2021 1082 90 50 und
2139 1083 144 48 Mario
2312 1089 146 41 traten
2487 1082 43 45 in
2558 1082 127 45 ihren
2726 1080 118 47 alten
2874 1080 207 47 Partieen
3113 1082 41 45 in
3184 1080 80 49 der

2072 1158 99 54 auf;
2210 1159 210 46 Leonora
2448 1155 232 49 entzückte
2709 1155 70 47 die
2807 1157 319 63 Stammgäste,
3154 1157 83 47 Fer-

1761 1233 141 48 rando
1932 1251 95 31 war
2055 1234 162 55 heiser,
2246 1251 91 30 was
2365 1232 297 49 Niemandem
2694 1238 139 41 etwas
2859 1233 153 46 Neues
3040 1248 109 32 war.

1874 1310 228 47 Auber's
2153 1312 117 53 „Fra
2573 1309 107 62 ging
2723 1309 79 46 mit
2841 1306 80 49 der
2962 1309 168 47 Miolan
3174 1308 89 47 und

1761 1384 101 48 dem
1893 1388 150 45 Tenor
2073 1385 198 48 Gardoni
2300 1386 42 46 in
2374 1386 155 47 Scene.
2580 1384 202 48 Ronconi
2817 1399 97 32 war
2951 1384 62 47 als
3042 1383 122 48 Lord
3195 1400 46 31 er-

1762 1461 212 64 götzlich;
2017 1463 83 45 auf
2133 1461 226 64 derartige
2387 1460 208 48 Partieen
2632 1460 127 47 sollte
2794 1475 50 32 er
2880 1460 91 46 sich
3010 1459 111 48 aber
3149 1459 114 48 auch

1754 1538 107 62 jetzt
1902 1536 322 49 beschränken.
2274 1539 63 44 Im
2378 1535 245 50 Trovatore
2661 1535 154 47 thaten
2848 1535 113 47 Grisi
3001 1535 91 47 und
3120 1535 146 47 Mario

1759 1613 72 47 ihr
1857 1614 304 62 Möglichstes,
2198 1613 110 47 aber
2336 1629 86 31 nur
2450 1611 70 49 die
2551 1611 166 62 Czillag
2746 1609 244 64 (Azucena)
3031 1611 91 46 und
3153 1611 86 47 Gra-

1761 1689 110 47 ziani
1911 1687 133 64 (Graf
2065 1687 148 65 Luna)
2251 1689 162 47 hielten
2458 1687 71 47 die
2573 1687 301 63 Vorstellung.
2924 1686 156 48 Wenn
3122 1686 146 64 einige

1762 1764 198 47 Kritiker
1988 1764 179 56 fanden,
2210 1764 99 48 dass
2339 1762 119 49 Mad.
2490 1762 166 63 Czillag
2697 1761 42 47 in
2770 1761 173 48 Verdi's
2971 1761 149 50 Musik
3148 1761 121 47 nicht

1761 1856 47 31 so
1837 1855 127 48 gross
1992 1840 79 54 sei,
2114 1841 62 46 als
2205 1840 42 47 in
2276 1840 310 54 Beethoven's,
2628 1854 48 32 so
2714 1837 121 49 kann
2872 1839 61 45 sie
2968 1837 79 47 das
3083 1854 86 30 nur
3205 1837 62 47 als

1761 1916 68 47 ein
1860 1916 302 64 Compliment
2189 1916 287 47 aufnehmen.

1874 1994 95 45 Der
2294 1991 118 48 blieb
2441 1991 59 47 im
2525 1988 247 49 Ensemble
2810 1988 91 47 und
2937 1988 59 47 im
3024 1988 243 47 Einzelnen

1761 2067 147 48 hinter
1949 2068 212 49 früheren
2200 2068 347 63 Vorstellungen
2589 2065 189 56 zurück;
2825 2065 121 48 Mad.
2975 2065 167 48 Miolan
3172 2081 95 31 war

1762 2145 131 47 keine
1933 2145 367 63 ausgezeichnete
2341 2145 183 54 Rosine,
2580 2143 161 63 Zeiger
2782 2142 71 46 ein
2895 2141 373 47 schauderhafter

1762 2220 199 54 Bartolo,
1985 2221 144 46 Mario
2152 2220 91 47 und
2265 2218 202 50 Ronconi
2491 2218 70 47 die
2584 2217 156 47 Alten!
2770 2215 98 48 Und
2899 2216 114 47 doch
3041 2223 127 56 sagte
3196 2217 72 46 ein

1761 2295 120 47 Blatt
1922 2300 145 40 ersten
2097 2296 196 63 Ranges,
2337 2311 103 32 man
2485 2292 166 48 könnte
2690 2289 116 49 über
2847 2289 69 49 die
2958 2291 309 48 vortreffliche

1759 2369 223 64 Leistung
2010 2371 182 48 Mario's
2222 2372 97 47 eine
2349 2369 254 47 Broschüre
2631 2367 259 48 schreiben!

1874 2447 255 47 Mozart's
2168 2448 130 55 „Don
2626 2444 67 47 ich
2726 2444 148 47 wollte
2901 2460 163 47 sagen:
3093 2443 175 64 Alary's

1762 2521 357 66 Verunstaltung
2140 2523 249 55 desselben,
2415 2523 77 46 mit
2515 2521 145 48 Mario
2684 2521 62 47 als
2769 2521 102 45 Don
2892 2521 137 52 Juan,
3052 2535 96 31 war
3170 2519 98 47 eine

1759 2597 215 47 verfehlte
2003 2598 303 65 Vorstellung.
2354 2597 120 48 Mad.
2510 2598 149 46 Penco
2702 2596 226 47 debutirte
2970 2596 63 47 als
3068 2594 200 55 Zerline;

1762 2674 75 46 für
1865 2673 71 48 die
1958 2674 130 56 Grisi,
2118 2676 170 48 welche
2316 2674 141 49 durch
2487 2674 98 47 eine
2608 2672 263 49 Ohnmacht
2899 2687 153 32 ausser
3081 2670 188 49 Gefecht

1761 2756 167 57 gesetzt
1970 2750 173 56 wurde,
2184 2758 89 41 trat
2311 2750 122 49 Mad.
2463 2748 351 48 Rudersdorf
2849 2748 64 47 als
2939 2748 167 46 Donna
3135 2747 132 47 Anna

1761 2825 85 49 ein.
1895 2827 94 47 Der
2016 2828 185 47 zweiten
2233 2828 291 61 Vorstellung
2565 2824 89 65 gab
2684 2823 372 49 Tamberlik's
3087 2823 180 47 Ottavio

1762 2903 267 62 wenigstens
2058 2903 68 47 ein
2159 2903 374 48 Concert-Relief.
2590 2902 84 45 Die
2703 2902 149 47 Penco
2894 2908 88 39 trat
3024 2899 148 47 ferner
3206 2899 62 47 als

1761 2977 180 48 Ninetta
1979 2978 42 47 in
2052 2979 210 47 Rossini's
2292 2978 157 49 Gazza
2477 2977 149 57 laclra,
2662 2977 152 47 Elvira
2841 2975 42 46 in
2913 2974 86 47 den
3027 2971 239 61 Puritani,

1759 3053 127 64 Lady
1913 3054 42 47 in
1987 3053 80 48 der
2093 3055 196 55 Martha,
2317 3054 223 65 Eurydice
2570 3054 43 46 in
2643 3051 181 49 Gluck's
2853 3050 213 64 Orpheus
3094 3050 88 47 auf.

1763 3130 154 47 Wenn
1961 3147 102 30 man
2107 3131 191 56 erfährt,
2347 3131 99 47 dass
2488 3130 72 46 die
2598 3130 292 61 Hugenotten
2935 3126 88 47 und
3055 3128 213 47 Lucrezia

1761 3206 167 63 Borgia
1960 3206 78 46 mit
2064 3208 145 47 Mario
2239 3205 89 48 und
2360 3206 114 49 Grisi
2506 3206 40 46 in
2577 3204 85 47 den
2685 3204 391 63 Haupt-Partieen
3103 3201 164 65 (Raoul

1762 3281 91 47 und
1884 3283 251 54 Valentine,
2179 3283 213 47 Lucrezia
2435 3281 90 49 und
2565 3279 228 65 Gennaro)
2838 3278 205 66 gegeben
3087 3278 180 48 werden

1765 3358 194 47 konnten
1984 3358 90 47 und
2100 3365 131 41 unter
2253 3359 328 47 Beifallssalven
2613 3355 204 65 gegeben
2848 3354 206 56 wurden,
3083 3370 48 32 so
3155 3355 113 47 wird

1763 3450 103 31 man
1909 3434 115 47 über
2064 3434 70 48 die
2176 3434 364 64 Gutmüthigkeit
2589 3432 90 49 und
2721 3432 77 49 das
2841 3431 303 50 Uebermaass
3184 3448 84 30 von

1765 3510 308 48 Wohlwollen
2101 3511 119 47 eines
2251 3511 260 47 Publicums
2540 3516 257 49 erstaunen,
2840 3507 192 49 welches
3060 3514 105 40 statt
3192 3506 77 48 des

1763 3603 183 47 grossen
1975 3586 413 55 Kraftaufwandes,
2424 3586 85 47 den
2547 3585 80 48 der
2669 3585 180 63 Gesang
2888 3584 145 47 dieser
3060 3584 208 47 Partieen

1765 3661 182 55 fordert,
1991 3662 78 46 mit
2102 3661 82 48 der
2210 3661 278 65 Andeutung
2527 3660 231 48 desselben
2800 3661 40 46 in
2872 3661 96 46 Ton
3000 3659 90 48 und
3120 3660 148 47 Miene

1763 3737 89 47 sich
1884 3736 215 65 begnügt.

1880 3813 104 46 Wir
2012 3813 161 47 dürfen
2203 3813 146 47 indess
2383 3813 119 47 nicht
2530 3827 252 51 vergessen,
2824 3811 100 49 dass
2953 3815 121 45 Herr
3103 3812 94 65 Gye
3226 3812 41 47 in

1765 3890 163 45 seinem
1972 3891 270 62 Programm
2295 3888 84 49 den
2422 3888 301 49 Abonnenten
2777 3888 97 56 „die
2927 3890 158 47 letzten
3139 3887 136 48 zwölf

2632 3966 79 48 der
2739 3966 209 48 Madame
2980 3965 113 49 Grisi
3131 3980 110 48 ange-

1768 4040 187 64 kündigt
1983 4041 136 48 hatte.
2148 4042 105 48 Man
2284 4041 113 49 hofft
2416 4041 163 65 jedoch
2603 4042 123 65 jetzt,
2755 4042 99 48 dass
2882 4042 90 47 sich
3003 4041 71 48 die
3101 4042 166 47 Künst-
