3515 4399
1727 153 100 53 414

182 294 268 68 Meyerbeer
488 293 197 67 gesehen
727 310 56 33 zu
826 290 164 53 haben.
1049 289 118 54 Was
1218 294 59 49 ist
1320 291 110 52 aber
1471 310 38 35 z.
1555 293 52 55 B.
1642 310 87 32 von

183 375 197 51 Auber's
409 375 164 67 vierzig
602 375 173 67 Opern,
793 393 85 33 von
901 375 211 67 Halevy's
1128 375 85 50 fast
1235 375 115 50 eben
1376 392 50 33 so
1449 374 281 51 zahlreichen

183 459 116 49 noch
330 458 82 49 auf
437 458 80 49 der
548 458 195 50 Bühne?
774 459 101 48 Von
907 458 160 58 Gluck,
1098 459 190 57 Mozart,
1312 456 219 60 Sacchini,
1556 456 145 51 Cheru-

186 540 103 60 bini,
319 540 172 56 Mehul,
522 540 243 57 Boieldieu,
794 540 207 68 Spontini
1032 540 87 50 will
1147 539 71 49 ich
1249 557 81 51 gar
1359 539 122 51 nicht
1509 539 160 49 reden!

311 623 86 49 Die
437 623 186 49 wahren
659 623 340 51 Kunstfreunde
1040 627 183 45 müssen
1569 639 135 50 specu-

191 705 124 57 liren,
346 704 92 51 und
469 722 47 32 es
546 704 187 58 scheint,
767 705 101 49 dass
901 705 70 49 die
1001 704 198 50 Armuth
1231 722 55 32 an
1330 704 163 50 Genies
1524 705 93 49 und
1661 704 72 48 die

188 787 120 49 Noth
339 787 80 49 der
451 787 99 48 Zeit
578 787 133 49 ihnen
743 806 55 30 zu
828 787 135 49 Hülfe
981 787 209 49 kommen
1211 787 101 48 will.
1343 787 132 49 Denn
1491 803 87 32 nur
1594 787 137 57 diese,

190 869 121 50 nicht
341 869 249 50 Kunstsinn
621 869 92 51 und
745 869 182 51 bessere
957 869 214 57 Einsicht,
1202 868 144 56 haben
1378 887 37 32 z.
1446 870 52 50 B.
1541 868 70 51 die
1651 868 54 49 Di-

192 952 173 49 rection
393 952 80 49 der
855 952 154 66 Opera
1235 954 198 66 comique
944 952 237 66 bewogen,
1221 952 142 64 einige
1402 950 143 51 ältere
1578 952 158 67 Opern

193 1033 171 52 wieder
404 1033 164 50 hervor
610 1052 57 31 zu
711 1033 149 60 holen,
906 1034 86 50 wie
1033 1033 209 50 Herold's
1272 1034 167 66 Zampa
1467 1033 93 50 und
1589 1032 123 52 Boiel-

192 1116 140 49 dieu's
358 1116 178 48 Johann
568 1133 86 32 von
684 1116 141 50 Paris.

322 1198 250 48 Erfreulich
612 1216 97 32 war
750 1216 62 40 es,
850 1199 102 49 dass
1278 1215 70 31 am
1386 1198 46 51 1.
1462 1197 273 67 September

196 1279 199 50 wirklich
426 1279 70 50 ein
527 1281 285 56 zahlreiches,
842 1281 106 48 sehr
977 1279 352 50 aufmerksames
1371 1279 91 51 und
1501 1279 204 68 empfäng-

193 1361 150 58 liches,
395 1361 60 66 ja,
513 1361 397 50 enthusiastisches
968 1361 234 50 Publicum
1255 1361 114 50 fand.
1509 1361 226 49 Herold

196 1443 175 50 machte
412 1451 153 42 zuerst
614 1443 78 50 mit
733 1443 81 50 der
864 1443 129 67 Oper
1283 1443 42 50 in
1363 1443 86 50 den
1481 1442 253 66 zwanziger

195 1526 169 49 Jahren
391 1542 187 33 unseres
607 1526 331 49 Jahrhunderts
969 1526 244 51 Aufsehen.
1272 1527 61 48 Es
1373 1524 187 51 dauerte
1592 1532 141 43 etwas

196 1608 145 65 lange,
371 1607 83 50 ehe
484 1621 51 36 er
563 1608 71 49 ein
664 1625 140 33 neues
825 1608 149 52 Werk
1000 1608 198 60 lieferte;
1228 1608 111 50 aber
1661 1625 72 32 am

198 1687 50 52 3.
278 1690 88 49 Mai
403 1687 143 51 1831
590 1705 104 34 'zum
723 1697 151 42 ersten
903 1690 118 50 Male
1049 1690 220 67 gegeben,
1311 1688 184 59 bewies,
1536 1690 101 49 dass
1684 1705 50 32 er

201 1771 71 49 die
300 1772 282 65 Fundgrube
610 1772 147 50 seines
786 1772 213 51 Talentes
1030 1772 280 66 keineswegs
1338 1771 229 68 erschöpft
1595 1771 139 51 hatte.

203 1855 131 48 Etwa
366 1853 198 68 zwanzig
592 1855 184 49 Monate
802 1860 155 62 später
978 1855 202 50 erschien
1203 1855 93 50 sein
1322 1856 116 57 „Pre
1468 1871 101 34 aux

198 1936 102 65 (Die
329 1935 239 50 Schreiber
809 1937 96 50 und
935 1937 174 65 wenige
1138 1938 125 65 Tage
1291 1937 161 50 darauf
1485 1936 129 49 raffte
1661 1935 74 50 ihn

198 2018 80 49 der
308 2018 97 50 Tod
435 2020 43 48 in
508 2018 80 50 der
618 2017 160 51 besten
805 2020 131 48 Kraft
965 2018 80 50 der
1075 2018 312 68 Mannesjahre
1426 2017 150 51 dahin.
1634 2018 102 51 Von

198 2100 152 51 diesen
400 2101 94 50 drei
546 2101 259 50 Partituren
844 2101 57 50 ist
1217 2101 235 66 jedenfalls
1482 2100 71 51 die
1581 2097 155 62 beste;

196 2184 206 49 dennoch
432 2184 123 49 hatte
586 2184 70 49 die
1185 2189 243 61 grösseren
1466 2182 157 68 Erfolg
1663 2184 80 49 auf

197 2265 71 49 die
297 2267 169 55 Dauer,
497 2266 115 48 denn
643 2266 62 48 sie
736 2265 172 49 erlebte
939 2266 188 50 beinahe
1155 2265 118 51 700
1306 2265 354 65 Vorstellungen
1691 2265 42 49 in

196 2347 150 58 Paris;
658 2346 137 59 350,
825 2349 90 48 und
1227 2347 66 51 bis
1326 2366 52 31 zu
1411 2347 82 50 der
1522 2346 213 53 Wieder-

197 2430 255 50 Aufnahme
480 2430 44 48 in
555 2430 167 48 diesem
750 2431 138 49 Jahre
918 2449 87 31 nur
1037 2430 130 51 200.

323 2513 82 48 Die
436 2513 198 48 Ursache
664 2511 145 50 dieses
842 2513 426 49 Missverhältnisses
1299 2511 81 50 der
1401 2511 108 50 Zahl
1528 2513 79 48 der
1625 2511 84 50 Auf-

197 2594 253 66 führungen
483 2613 52 30 zu
577 2594 100 49 dem
719 2595 213 48 relativen
974 2595 196 51 Werthe
1211 2594 81 49 der
1331 2594 309 66 Composition
1682 2594 56 48 ist

198 2676 119 49 wohl
347 2675 337 69 hauptsächlich
715 2676 41 49 in
788 2676 100 49 dem
915 2675 204 51 Libretto
1148 2694 54 31 zu
1226 2676 184 59 suchen,
1437 2675 160 50 dessen
1622 2675 85 50 Ver-

198 2759 138 48 fasser
366 2758 84 49 den
482 2760 104 48 Don
614 2760 117 47 Juan
762 2759 80 48 auf
866 2759 182 67 plumpe
1082 2759 155 48 Weise
1266 2758 172 67 copirte
1466 2758 91 49 und
1587 2758 124 49 Situa-

196 2841 151 47 tionen
377 2840 80 48 auf
482 2840 77 50 das
590 2840 196 48 Theater
816 2840 80 48 der
924 2841 255 47 komischen
1203 2840 128 66 Oper
1350 2839 198 58 brachte,
1567 2838 169 50 welche

198 2939 102 32 man
332 2923 181 57 damals,
545 2924 89 47 und
668 2923 79 48 mit
775 2924 161 55 Recht,
967 2924 78 48 auf
1066 2923 67 48 die
1152 2923 196 48 Theater
1364 2921 82 50 der
1462 2921 273 50 Boulevards

200 3004 200 48 verwies.
445 3005 129 47 Denn
607 3021 50 31 so
687 3004 106 48 weit
825 3022 92 32 war
948 3004 80 48 der
1058 3004 278 48 Geschmack
1367 3003 79 49 des
1476 3001 260 51 Publicums

200 3087 80 47 der
322 3087 255 48 komischen
621 3087 127 66 Oper
798 3087 114 48 noch
953 3087 119 48 nicht
1119 3087 305 54 verkommen,
1452 3085 103 50 dass
1585 3103 47 32 es
1663 3085 80 50 auf

200 3167 144 48 dieser
376 3168 142 48 Scene
549 3168 96 48 eine
675 3168 166 49 Manon
870 3169 196 48 Lescaut
1096 3168 40 48 in
1169 3167 78 49 der
1293 3168 170 49 Wüste
1503 3165 80 50 mit
1625 3168 84 47 Ver-

198 3254 183 61 gnügen
410 3249 317 50 dahinsterben
760 3250 94 58 sah,
884 3250 85 49 wie
1005 3249 79 50 das
1124 3268 54 31 zu
1218 3267 197 32 unseren
1454 3250 158 64 Tagen
1660 3267 52 47 ge-

197 3332 184 49 schieht.
408 3332 83 48 Ein
522 3330 156 50 drittes
709 3332 203 48 Moment
940 3333 69 47 für
1039 3332 69 48 die
1138 3332 258 64 Erklärung
1425 3330 80 50 der
1534 3330 174 50 Zurück-

198 3421 191 57 setzung
431 3413 206 66 Zampa's
682 3413 141 48 findet
866 3413 80 48 der
990 3413 396 48 Berichterstatter
1429 3412 80 49 der

197 3497 210 48 musicale
446 3496 138 57 darin,
653 3496 102 46 dass
795 3493 174 51 Herold
1011 3494 70 50 die
1118 3494 386 68 Haupt-Parlieen
1545 3494 69 48 für
1656 3493 53 51 be-

196 3578 198 48 stimmte
435 3578 176 64 Sänger
652 3577 292 65 geschrieben
992 3576 130 57 habe,
1165 3577 268 48 namentlich
1457 3576 85 49 den
1569 3577 166 66 Zampa

201 3659 69 49 für
314 3658 190 58 Chollet,
537 3659 79 47 der
661 3658 125 48 einen
841 3657 469 51 ausserordentlichen
1359 3658 380 66 Stimm-Umfang

196 3742 152 48 besass
380 3741 89 48 und
501 3741 62 48 als
593 3739 183 50 Bariton
807 3741 68 48 ein
908 3741 149 49 Falset
1086 3741 137 58 hatte,
1254 3739 84 50 wie
1362 3757 100 32 man
1484 3756 48 33 es
1561 3739 85 51 fast
1665 3741 70 48 nie

197 3823 156 57 findet,
399 3823 89 48 und
541 3823 69 47 die
653 3823 122 48 Ritta
805 3822 69 48 für
902 3822 121 51 Mad.
1065 3822 270 66 Boulanger,
1368 3821 169 49 welche
1567 3822 169 49 damals

198 3906 138 48 schon
367 3904 68 49 bei
465 3904 168 49 Jahren
664 3921 94 32 war
788 3903 91 50 und
910 3904 113 49 eben
1054 3904 210 49 desshalb
1305 3904 142 50 durch
1486 3903 125 50 ihren
1651 3903 54 50 im-

197 4004 97 33 mer
322 3987 115 50 noch
466 3987 248 48 trefflichen
745 3986 180 64 Gesang
954 3986 121 49 diese
1106 3986 144 56 Rolle,
1282 3986 70 49 die
1391 4002 81 50 gar
1500 3986 104 48 sehr
1634 4002 73 35 ver-

193 4068 117 60 liert,
342 4086 132 32 wenn
501 4068 63 50 sie
595 4086 83 32 von
710 4068 121 50 einer
861 4067 342 66 gewöhnlichen
1235 4067 246 51 Soubrette
1524 4067 206 66 gegeben

1825 293 127 58 wird,
1983 293 44 50 in
2058 293 67 49 ihr
2154 294 290 66 eigentliches
2472 294 150 51 Relief
2643 294 164 52 stellte.
2839 295 137 51 Diese
2996 296 292 69 Bemerkung
3314 298 58 49 ist

1824 375 105 50 sehr
1971 375 186 69 richtig:
2202 378 116 49 auch
2359 376 81 51 des
2487 376 336 52 unsterblichen
2862 379 177 49 Mozart
3081 379 291 67 Entführung

1823 474 80 32 aus
1945 456 101 50 dem
2091 459 141 48 Serail
2274 459 76 49 hat
2394 463 155 63 später
2589 459 200 66 weniger
2817 459 367 66 Aufführungen,
3213 461 65 51 als
3309 463 62 48 sie

1824 539 213 60 verdient,
2069 540 159 59 erlebt,
2258 541 99 50 weil
2388 541 70 49 die
2488 540 405 61 Individualitäten,
2924 541 70 50 für
3036 543 171 51 Welche
3251 544 91 51 Con-

1823 630 153 42 stanze
2026 623 93 49 und
2168 624 161 51 Osmin
2371 623 294 68 geschrieben
2707 641 169 43 waren,
2906 624 91 51 sich
3029 625 142 50 selten
3203 627 168 50 wieder

1823 704 176 51 fänden.

1947 787 87 50 Die
2058 788 197 66 jetzigen
2284 788 348 68 Aufführungen
2663 807 86 32 von
3065 790 96 50 sind
3188 790 58 50 im
3277 793 61 49 Or-

1827 868 177 51 chester
2035 886 112 52 ganz
2178 872 271 64 vorzüglich.
2479 872 85 49 Die
2597 873 258 65 Besetzung
2884 872 80 48 auf
2982 872 82 49 der
3079 873 160 49 Bühne
3257 873 114 52 lässt

1827 952 214 49 Manches
2083 971 57 31 zu
2185 952 244 50 wünschen
2472 953 144 66 übrig.
2677 953 172 51 Barbot
2891 952 203 70 (Zampa)
3138 954 97 51 hilft
3277 957 93 49 sich

1828 1032 156 59 durch,
2015 1034 160 49 weiter
2204 1034 113 50 auch
2346 1033 169 51 nichts:
2547 1034 71 50 die
2651 1036 146 49 Partie
2823 1036 106 66 liegt
2952 1036 87 48 ihm
3064 1053 54 33 zu
3136 1037 90 49 tief.
3246 1037 124 53 Mad.

1828 1113 173 67 Ugalde
2044 1116 56 49 ist
2145 1116 127 49 keine
2315 1116 199 59 Camilla,
2553 1117 77 49 das
2675 1118 324 50 Sentimentale
3041 1118 109 66 geht
3191 1119 69 50 ihr
3297 1119 71 52 ab.

1827 1198 335 51 Mademoiselle
2202 1199 258 50 Lemercier
2488 1201 156 66 (Ritta)
2676 1199 118 66 singt
2837 1199 92 50 und
2973 1201 131 66 spielt
3147 1202 85 49 fein
3276 1204 94 49 und

1825 1279 314 60 einnehmend,
2168 1281 109 49 aber
2305 1281 64 48 als
2399 1281 233 59 niedliche,
2653 1279 287 69 jugendliche
2971 1281 264 62 Soubrette,
3276 1301 94 34 was

1828 1362 101 49 dem
1964 1363 249 50 Charakter
2239 1363 84 50 der
2352 1363 129 50 Rolle
2521 1363 325 69 widerspricht.
2906 1363 274 70 Sainte-Foy
3222 1366 116 68 (Dan-

1824 1444 124 68 dolo)
1976 1444 58 50 ist
2063 1444 79 51 mit
2168 1444 147 51 seiner
2343 1444 164 51 Komik
2539 1446 93 49 und
2662 1446 168 49 seinem
2855 1446 277 51 drastischen
3158 1447 209 69 Gesänge

1825 1526 380 51 unübertrefflich.
2237 1527 87 50 Am
2355 1527 213 50 Schlüsse
2596 1527 81 50 der
2709 1535 150 42 ersten
2893 1527 294 67 Vorstellung
3208 1530 159 50 wurde

1824 1608 212 51 Herold's
2083 1611 140 48 Büste
2263 1616 136 43 unter
2441 1610 310 66 allgemeinem
2793 1608 179 50 Beifalle
3015 1610 79 49 des
3152 1612 215 65 gefüllten

1824 1693 179 49 Hauses
2032 1692 233 50 bekränzt.
2296 1692 83 50 Die
2409 1692 129 67 Oper
2568 1692 109 50 wird
2707 1692 115 50 auch
2848 1691 113 67 jetzt
2987 1692 117 50 noch
3133 1693 230 68 gegeben;

1825 1773 70 50 die
1937 1782 154 42 ersten
2131 1775 93 49 vier
2267 1775 66 49 bis
2379 1775 128 49 sechs
2552 1775 213 52 Wochen
2808 1773 220 51 hindurch
3069 1776 297 51 wöchentlich

1825 1856 111 49 zwei
1965 1856 69 49 bis
2064 1856 90 49 drei
2185 1856 103 49 Mal.

1948 1940 94 48 Das
2078 1941 188 50 Theätre
2294 1941 179 66 lyrique
2500 1937 219 55 eröffnete
2745 1936 86 51 den
2855 1937 52 50 2.
2929 1938 284 67 September.
3245 1940 80 52 Wo-

1825 2021 117 50 mit?
1970 2022 84 49 Mit
2083 2021 349 67 Clapisson's
2945 2038 82 33 aus
3058 2021 309 52 Dankbarkeit

1821 2104 72 48 für
1923 2104 71 49 die
2025 2104 368 68 Einträglichkeit
2421 2102 147 51 dieser
2597 2102 129 68 Oper
2769 2102 41 50 in
2855 2104 79 48 der
2978 2104 182 66 vorigen
3191 2105 172 51 Saison.

1824 2185 83 51 Mit
1934 2185 168 49 Recht!
2134 2185 132 49 Auch
2289 2185 115 66 jetzt
2435 2185 160 51 wurde
2624 2184 62 49 sie
2708 2184 80 49 mit
2811 2185 326 49 rauschendem
3161 2186 205 67 Applaus

1825 2267 559 66 wiederaufgenommen.
2444 2267 104 50 Seid
2578 2267 77 49 Ihr
2685 2266 117 51 denn
2827 2266 113 67 jetzt
2971 2267 44 50 in
3058 2269 308 49 Deutschland

1827 2369 49 32 so
1905 2350 121 49 reich
2056 2368 55 31 an
2144 2350 258 51 komischen
2432 2351 174 66 Opern,
2632 2349 103 49 dass
2765 2350 74 48 Ihr
2860 2366 82 49 gar
2964 2350 143 49 nichts
3127 2350 127 51 mehr
3274 2369 88 32 von

1827 2450 85 31 uns
1956 2431 146 50 haben
2147 2433 156 48 wollt?
2360 2433 79 48 Ich
2482 2431 251 50 versichere
2770 2431 145 57 Euch,
2945 2431 102 50 dass
3076 2430 98 52 eine
3202 2433 166 66 Menge

1829 2516 173 49 Waare
2031 2514 81 49 viel
2143 2515 266 65 geringeren
2440 2514 222 51 Werthes
2691 2514 79 48 auf
2794 2514 70 49 die
2895 2514 245 49 deutseben
3171 2515 192 51 Bühnen

1828 2596 244 68 verpflanzt
2103 2596 187 50 worden
2319 2596 82 50 ist:
2462 2613 170 33 warum
2677 2595 120 50 denn
2839 2595 120 50 nicht
2990 2596 68 49 die
3098 2596 236 57 „Fanchon-

2037 2679 70 48 die
2135 2678 197 50 wirklich
2362 2676 242 51 allerliebst
2634 2676 136 68 ist?*)

1948 2760 83 50 Die
2063 2760 206 50 Italiäner
2298 2759 250 51 eröffneten
2580 2759 78 48 mit
2688 2759 213 49 Rossini's
2931 2760 313 51 Cenerentola.
3287 2761 81 50 Als

1828 2841 239 56 liebliches,
2098 2841 240 66 verfolgtes
2364 2841 136 56 Kind,
2530 2841 62 49 als
2636 2840 229 50 reizendes
2911 2841 343 50 Aschenbrödel
3296 2859 46 32 er-

1830 2925 149 50 schien
2039 2925 71 49 die
2164 2924 221 50 kolossale
2436 2923 241 56 Maschine,
2723 2933 197 56 genannt
2967 2924 179 57 Alboni,
3198 2925 172 50 welche

1830 3007 127 48 keine
2002 3005 236 50 Crenoline
2271 3007 90 48 und
2393 3005 100 50 kein
2534 3004 316 65 Stahlgestelle
2904 3005 205 59 braucht,
3165 3024 75 31 um
3283 3007 88 49 den

1829 3088 193 66 Umfang
2050 3107 55 30 zu
2136 3088 289 58 erheucheln,
2455 3088 85 48 den
2571 3088 67 47 ihr
2674 3088 171 47 Mutter
2874 3089 144 48 Natur
3048 3088 220 66 gegeben.
3301 3088 69 49 Da

1828 3170 147 50 haben
2006 3170 81 50 wir
2119 3170 166 50 wieder
2312 3170 68 49 die
2409 3169 152 48 Macht
2590 3169 77 50 des
2693 3170 221 49 Namens!
2972 3170 50 49 In
3062 3169 309 51 Deutschland

1830 3255 122 46 wäre
1981 3252 97 49 eine
2111 3252 151 50 solche
2293 3250 271 56 Cendrillon,
2592 3250 97 50 eine
2719 3250 343 49 solcheZerline
3085 3252 283 64 unmöglich:

1830 3334 91 48 und
1952 3334 113 50 doch
2100 3334 85 50 will
2218 3334 77 48 das
2327 3333 168 67 pariser
2536 3332 233 50 Publicum
2812 3333 81 49 der
2924 3341 119 41 erste
3085 3334 186 48 Richter
3309 3334 58 48 im

1829 3415 342 51 Dramatischen
2201 3415 80 50 der
2310 3409 534 73 Öpern-Darstellungen
2888 3415 118 49 sein!
3061 3415 113 50 Eine
3215 3415 156 67 Figur,

1898 3605 35 47 *)
1964 3604 89 39 Wir
2081 3604 86 38 sind
2197 3605 98 37 nach
2326 3603 158 51 eigener
2513 3603 222 49 Anhörung
2764 3602 69 38 der
2876 3602 108 50 Oper
3025 3602 39 38 in
3106 3602 111 39 Paris
3263 3605 91 39 aller-

1961 3664 113 49 dings
2105 3663 186 39 ebenfalls
2320 3663 70 39 der
2416 3663 192 49 Meinung
2649 3673 161 27 unseres
2851 3661 381 50 Correspondenlen.
3287 3664 85 39 Nur

1961 3724 128 39 haben
2120 3723 70 39 wir
2206 3723 95 39 Eins
2329 3735 47 26 zu
2405 3722 233 40 bemerken:
2669 3734 59 26 wo
2759 3722 46 38 ist
2834 3721 87 37 eine
2949 3720 203 52 Sängerin,
3176 3723 74 40 wie
3267 3725 105 40 Mad.

1957 3783 294 41 Miolan-Ca
2265 3783 194 44 rvalho,
2489 3782 40 38 in
2557 3781 279 43 Deutschland,
2864 3780 63 39 die
2957 3780 69 39 mit
3043 3783 69 37 der
3126 3783 245 41 lieblichsten

1959 3845 163 38 Stimme
2152 3845 87 38 eine
2267 3857 43 26 so
2339 3843 218 39 vollendete
2587 3840 323 50 Kunstfertigkeit
2933 3842 215 45 verbindet,
3175 3843 87 40 eine
3279 3844 70 41 Cor-

1959 3906 172 45 rectheit,
2161 3904 189 46 Feinheit,
2380 3903 191 45 Anmuth,
2599 3902 261 45 Zierlichkeit,
2889 3902 63 37 die
2980 3902 82 39 sich
3091 3904 74 37 alle
3193 3916 48 27 zu
3283 3905 89 39 dem

1955 3966 242 49 glänzenden
2217 3965 145 40 Golorit
2376 3965 236 50 vereinigen,
2629 3964 68 38 das
2719 3963 55 38 sie
2804 3963 105 39 ihrer
2937 3962 293 42 Fanchonnette
3258 3965 114 51 gibt?

1961 4026 86 39 Wir
2075 4027 129 38 halten
2233 4027 55 38 sie
2316 4026 218 50 unbedingt
2560 4027 63 37 für
2653 4024 62 40 die
2740 4026 106 37 beste
2868 4023 204 51 Sängerin,
3091 4025 148 39 welche
3258 4026 114 41 Paris

1950 4088 93 49 jetzt
2071 4088 147 39 besitzt.
2876 4085 89 39 Die
2993 4085 301 44 Redaction.
