4836 7102
490 6428 576 60 Verantwortlich
1110 6430 112 58 für
1264 6430 110 59 die
1416 6432 551 76 Schriftleitung:
2011 6437 301 61 Lothar
2353 6440 391 76 Schreyer
2798 6459 37 46 /
2879 6444 243 76 Verlag
3169 6449 134 61 Der
3354 6450 233 60 Sturm
3635 6452 74 59 G.
3752 6467 91 43 m.
3884 6452 62 59 b.
3990 6455 80 58 H.
4111 6467 37 46 /
4190 6455 235 61 Berlin
4468 6457 145 63 W9

1770 6533 266 60 Druck:
2080 6535 68 59 C.
2190 6535 264 61 Basista
2497 6540 57 56 &
2597 6540 117 59 Co.
2756 6559 34 40 /
2834 6542 235 61 Berlin
3110 6545 127 58 NO
3281 6550 69 53 18

500 422 1815 143 MONATSSCHRIFT
2427 423 420 138 DER
2952 423 725 145 STURM
3777 480 55 92 /
3961 497 444 59 Vierzehntes
4454 497 162 73 Jahr

498 609 356 57 Erscheint
894 624 112 42 am
1047 609 276 57 funften
1365 607 197 70 jeden
1602 604 266 61 Monats

498 702 117 61 Mit
656 700 506 78 mehrfarbigen
1201 700 554 78 Kunstbeilagen,
1795 699 517 61 Holzschnitten
2354 704 188 69 (stets
2581 717 161 41 vom
2784 700 205 60 Stock
3031 700 358 76 gedruckt)
3433 704 142 59 und
3616 704 481 78 Zeichnungen

498 800 466 73 Dauerbezug:
1005 797 128 61 Ein
1155 797 413 76 Vierteljahr
1607 795 153 61 1000
1799 793 188 63 Mark
2037 795 22 73 /
2102 793 323 61 Ausland:
2466 793 39 61 3
2545 793 390 61 Schweizer
2974 795 313 59 Franken
3328 798 22 73 /
3392 797 383 66 Einzelheft
3812 798 115 63 400
3968 800 188 61 Mark

498 897 471 72 Vollstandige
1010 895 403 74 Exemplare
1453 895 121 58 des
1602 900 54 51 6.
1684 893 106 60 bis
1819 900 54 51 8.
1900 893 373 73 Jahrgangs
2313 909 134 42 nur
2474 895 182 56 noch
2683 895 74 56 in
2784 895 310 71 wenigen
3136 897 451 72 Exemplaren
3628 898 404 60 vorhanden
4075 900 61 71 je
4186 902 422 73 Grundpreis

498 981 75 51 20
613 975 195 57 Mark
849 973 22 73 /
913 981 54 51 9.
1008 975 107 55 bis
1160 980 87 50 12.
1287 973 336 73 Jahrgang
1665 973 423 71 Grundpreis
2131 976 72 53 10
2246 971 193 58 Mark
2479 971 24 71 /
2547 978 51 49 1.
2634 971 106 58 bis
2781 976 54 53 5.
2879 973 142 56 und
3060 978 53 51 8.
3148 973 337 73 Jahrgang
3521 976 364 71 vergriffen
3926 976 22 71 /
3992 978 421 59 Einzelhefte
4437 980 169 57 alter

497 1052 374 72 Jahrgange
913 1049 423 73 Grundpreis
1382 1054 31 51 1
1455 1049 196 56 Mark

503 1142 141 61 Von
686 1142 181 61 alien
910 1141 514 62 Holzschnitten
1465 1141 125 59 der
1631 1139 388 61 Zeitschrift
2059 1139 136 59 Der
2236 1139 227 61 Sturm
2503 1139 158 59 sind
2701 1139 322 76 signierte
3065 1141 141 57 und
3248 1142 486 61 nummerierte
3777 1149 469 68 Handdrucke,
4288 1164 137 44 von
4467 1149 136 59 den

498 1220 290 59 meisten
828 1218 483 77 Zeichnungen
1353 1220 471 59 Kunstdrucke
1866 1215 312 59 kauflich
2217 1232 86 42 zu
2344 1217 379 59 erwerben.
2805 1215 121 59 Die
2971 1215 340 76 Originale
3352 1217 155 59 sind
3546 1218 452 63 verkauflich.

498 1318 469 60 Sturmbtihne
998 1317 22 72 /
1047 1313 350 61 Jahrbuch
1428 1313 120 60 des
1575 1313 329 60 Theaters
1934 1312 124 59 der
2083 1312 603 77 Expressionisten
2718 1312 109 74 /1.
2849 1310 108 61 bis
2984 1312 278 76 8.Folge
3304 1315 22 71 /
3360 1313 164 76 jede
3551 1315 204 78 Folge
3782 1317 423 79 Grundpreis
4232 1320 76 61 20
4327 1320 289 78 Pfennig

500 1632 2567 145 KUNSTAUSSTELLUNG
3206 1632 468 138 DER
3816 1632 799 149 STURM

500 1836 444 77 BERLIN
996 1836 111 75 W
1151 1847 44 66 9
1272 1860 41 51 /
1393 1831 750 80 POTSDAMER
2199 1831 520 80 STRASSE
2788 1845 212 64 134a
3071 1855 46 53 /
3193 1833 174 75 AM
3431 1831 749 80 POTSDAMER
4238 1836 374 80 PLATZ

497 1970 455 61 Geoffnet
1002 1969 369 77 taglich
1420 1985 171 44 von
1643 1969 73 60 10
1716 1969 115 62 —6
1892 1967 181 61 Uhr
2112 1985 38 46 /
2194 1969 171 60 Son
2392 1975 269 68 ntags
2712 1984 174 44 von
2939 1965 189 61 11—2
3177 1965 183 61 Uhr
3411 1987 32 39 /
3498 1967 641 61 Monatlicher
4190 1969 426 60 Wechsel

497 2168 891 88 Hundertfunfzehnte
1445 2165 539 112 Ausstellung

494 2302 250 71 Januar
786 2304 150 52 1923

494 2458 428 110 Johannes
983 2455 411 86 Molzahn

494 2629 318 88 Robert
871 2626 317 89 Michel

497 2802 935 89 Sturm'Gesamtschau

2676 2165 920 86 Hundertsechszehnte
3655 2165 542 110 Ausstellung

2675 2297 299 58 Februar
3017 2302 150 53 1923

2675 2449 687 112 MoholyvNagy

2676 2626 190 83 Peri

2680 2795 938 88 Sturm'Gesamtschau

498 3172 469 111 Bucher
1036 3209 219 73 aus
1329 3175 273 108 dem
1660 3170 445 142 Verlag
2169 3168 244 110 Der
2474 3163 412 117 Sturm
2953 3167 225 106 mit
3250 3202 387 73 neuen
3714 3163 909 151 Grundpreisen

498 3360 266 71 August
804 3358 300 58 Stramm

498 3451 107 59 Du
640 3453 27 73 J
710 3448 557 78 Liebesgedichte
1307 3451 22 71 /
1370 3448 56 61 4.
1467 3448 272 76 Auflage
1781 3449 22 73 /
1844 3448 136 61 2.50
2019 3448 188 59 Mark

498 3546 364 76 Tropfblut
899 3549 27 66 /
967 3544 328 60 Gedichte
1340 3546 23 71 /
1409 3544 147 78 geb.
1597 3543 135 61 7.50
1771 3543 188 59 Mark

498 3641 449 61 Gesammelte
991 3639 426 78 Dichtungen
1478 3641 22 73 /
1555 3637 40 61 2
1634 3639 229 59 Bande
1922 3642 24 72 /
2003 3637 204 61 Jeder
2252 3639 192 61 Band

2178 3737 39 60 5
2254 3736 190 61 Mark

496 3858 168 57 Paul
706 3856 395 57 Scheerbart

498 3947 586 61 Glasarchitektur
1123 3949 20 73 /
1185 3949 77 58 In
1304 3947 108 60 111
1455 3946 313 77 Kapiteln
1812 3951 20 71 /
1873 3947 134 63 3.50
2047 3949 187 59 Mark

498 4066 205 57 Ernst
743 4067 266 56 Marcus

496 4159 134 59 Das
671 4159 733 78 Erkenntnisproblem
1443 4164 25 68 /
1509 4161 134 61 3.50
1682 4161 191 59 Mark

496 4277 168 58 Kurt
705 4277 343 73 Heynicke

498 4367 205 78 Rings
745 4369 210 61 fallen
997 4369 239 61 Sterne
1279 4372 22 73 /
1343 4371 328 61 Gedichte
1715 4374 21 73 /
1778 4372 134 61 2.50
1951 4372 188 61 Mark

496 4489 258 56 Rudolf
787 4489 331 58 Bltimner

498 4579 135 59 Der
672 4577 185 63 Geist
898 4579 121 59 des
1060 4577 374 65 Kubismus
1478 4581 143 61 und
1663 4582 110 60 die
1819 4582 255 63 Kunste
2118 4587 22 73 /
2181 4587 36 58 4
2252 4587 190 61 Mark

496 4697 249 56 Lothar
786 4697 323 73 Schreyer

496 4787 122 59 Die
659 4806 178 42 neue
879 4789 218 62 Kunst
1138 4794 22 71 /
1202 4791 134 62 1.50
1375 4792 188 61 Mark

657 4923 122 59 Die
820 4923 467 79 Grundpreise
1329 4928 156 61 sind
1526 4929 123 61 mit
1690 4929 124 61 der
1846 4934 271 75 jeweils
2157 4940 469 77 festgesetzten

2676 3351 357 58 Herwarth
3073 3351 293 58 Walden

2676 3461 121 60 Die
2826 3478 176 43 neue
3033 3461 276 60 Malerei

2674 3554 433 78 Einfuhrung
3133 3556 71 59 in
3234 3556 134 59 den
3399 3558 635 76 Expressionismus
4076 3563 22 73 /
4140 3561 39 61 3
4206 3563 190 61 Mark

2677 3649 131 61 Das
2848 3651 192 59 Buch
3082 3651 124 59 der
3246 3651 547 63 Menschenliebe
3835 3658 23 73 /
3900 3656 262 61 Roman
4201 3659 22 73 /
4261 3658 135 62 2.50
4435 3661 188 63 Mark

2679 3790 916 88 Sturm'Bilderbucher

2676 3915 420 80 Ganzseitige
3133 3920 477 78 Abbildungen
3653 3922 123 61 der
3817 3924 462 77 Hauptwerke

2740 4039 27 54 I
2808 4039 177 56 Marc
3018 4039 277 71 Chagall
3338 4039 22 71 /
3400 4052 176 44 neue
3612 4039 283 74 Auflage
3935 4040 344 63 erscheint
4320 4042 303 63 Februar

2709 4152 58 54 II
2811 4152 381 58 Alexander
3234 4154 441 73 Archipenko

2676 4266 88 54 III
2806 4266 166 55 Paul
3014 4267 161 56 Klee

2676 4381 86 54 IV
2806 4381 168 56 Kurt
3014 4382 388 58 Schwitters

2676 4469 203 61 Jeder
2919 4472 192 59 Band
3150 4472 135 63 4.50
3324 4474 191 59 Mark

2701 4591 56 54 V
2803 4592 210 56 Maler
3080 4594 117 56 des
3260 4594 638 71 Expressionismus
3942 4596 26 71 /
4008 4592 75 63 15
4152 4596 469 64 Farbdrucke:

2677 4679 276 79 Chagall
2992 4684 22 71 I
3058 4682 403 80 Kandinsky
3502 4687 22 73 /
3566 4686 181 59 Marc
3791 4704 166 44 usw.
3998 4691 25 72 /
4066 4689 171 63 12.50
4276 4691 193 61 Mark

2677 4818 720 76 Kokoschka-Mappe:
3438 4819 579 80 Menschenkopfe
4061 4826 20 71 /
4125 4824 75 60 12
4240 4826 195 61 Mark

2670 4946 507 65 Schlusselzahl
3217 4970 82 41 zu
3341 4953 555 77 multiplizieren.
3978 4958 132 61 Zur
4147 4960 168 61 Zeit:
4359 4963 115 61 700

494 5275 132 56 Der
706 5275 234 58 Sturm
1021 5277 423 59 fibernimmt
1522 5282 110 56 die
1698 5284 530 77 Veranstaltung
2305 5309 140 42 von

494 5351 234 58 Sturm
742 5375 27 22 -
782 5355 535 71 Ausstellungen
1382 5355 521 72 (Gesamtschau
1968 5367 144 55 und
2176 5368 269 59 Einzel'

494 5429 539 71 ausstellungen)
1114 5431 75 56 in
1268 5433 183 57 alien
1531 5436 281 58 StSdten
1891 5441 143 56 und
2115 5443 330 61 Landern.

494 5505 132 56 Der
706 5505 234 58 Sturm
1019 5509 373 57 vermittelt
1470 5527 47 41 n
1539 5527 46 41 u
1607 5529 34 41 r
1720 5516 131 57 den
1919 5519 314 59 Verkauf
2303 5539 140 48 von

493 5580 299 59 Werken
853 5583 119 58 der
1023 5583 338 68 Kunstler,
1422 5587 107 57 die
1582 5604 71 40 er
1712 5592 213 57 durch
1988 5595 230 71 eigene
2269 5600 174 58 Aus-

491 5659 388 72 stellungen
919 5661 397 58 anerkennt.

495 5890 400 112 Standige
956 5894 660 89 Verkaufsstelle
1679 5902 132 83 fur
1868 5902 392 112 Graphik

492 6024 244 73 Verlag
778 6026 134 57 Dcr
952 6026 234 59 Sturm
1230 6027 74 58 G.
1333 6044 92 43 m.
1455 6029 61 58 b.
1545 6032 85 56 H.

492 6121 401 57 Potsdamer
932 6121 234 57 StraBe
1208 6127 112 54 134
1337 6139 39 42 a
1415 6137 39 46 /
1496 6126 428 62 Gartenhaus
1965 6132 223 58 rcchts
2217 6132 59 58 II

2678 5301 125 83 Im
2864 5301 310 108 Januar
3235 5306 517 86 erschienen:

2680 5455 225 84 Kurt
2964 5455 520 91 Schwitters:

2676 5585 122 58 Die
2839 5587 240 57 Blume
3110 5590 200 56 Anna
3349 5588 22 73 /
3413 5588 168 60 Eine
3611 5588 674 87 Gedichtsammlung

2673 5678 252 61 Jahren
2969 5682 337 61 1918-1922

2692 5776 10 11 *
2710 5766 5 7 *

2678 5915 225 83 Kurt
2964 5915 522 90 Schwitters:

2675 6046 301 73 Augustc
3018 6051 195 57 Bolte
3252 6051 27 69 /
3318 6049 125 59 Ein
3487 6051 260 59 Roman

2675 6135 497 82 Grundpreise:
3216 6142 39 59 2
3284 6142 192 63 Mark

1085 6277 682 77 Veranderung
1822 6300 34 40 s
1878 6286 38 55 2
1938 6300 67 42 m
2032 6286 355 61 tlicher
2448 6292 322 59 Prcise
2833 6295 80 66 jc
2936 6297 41 56 d
3004 6313 33 41 c
3061 6314 33 40 r
3115 6315 37 40 z
3176 6299 129 58 tit
3366 6300 645 60 vorbehalten
