3454 4389
1654 129 110 53 237

97 272 96 52 sicli
224 275 63 49 als
311 273 324 69 Violinspieler
667 271 95 52 und
794 272 274 67 Componist
1098 290 160 51 grosse
1280 273 277 54 Verdienste
1588 295 79 32 um

98 352 74 51 die
196 353 298 68 Ausbildung
525 352 82 51 der
635 352 507 60 Instrumentalmusik,
1174 353 205 50 welcher
1407 355 126 51 dann
1560 356 108 50 sehr

96 433 110 51 bald
234 435 175 64 Joseph
442 432 172 67 Haydn
643 431 74 49 die
736 431 370 67 Genius-Flügel
1136 450 104 32 zum
1265 433 225 51 höchsten
1513 437 151 66 Fluge

97 513 128 50 lösen
256 513 186 49 konnte.
499 512 188 51 Johann
714 510 127 49 Zach
883 510 236 50 zeichnete
1161 512 97 50 sich
1298 513 155 51 neben
1489 516 175 66 Joseph

97 593 171 67 Segert
295 593 66 47 als
390 592 226 68 Organist
658 606 112 41 aus;
814 590 193 49 Florian
1037 592 209 66 Leopold
1278 593 259 51 Gassmann
1581 613 83 31 aus

96 673 148 56 Brüx,
276 671 82 49 der
389 672 44 48 in
463 671 161 51 Italien
654 670 125 49 seine
802 668 203 68 Bildung
1026 671 275 61 vollendete,
1332 673 163 50 wurde
1524 673 141 50 selbst

96 767 88 33 von
201 751 182 49 Mozart
404 750 340 68 hochgeachtet
776 747 94 50 und
898 748 147 50 zählte
1070 751 162 49 Salieri
1261 770 56 32 zu
1340 753 159 49 seinen
1515 753 120 49 Schü-

96 831 114 49 lern.
242 830 108 50 Und
379 831 82 49 der
489 830 253 57 treffliche,
770 846 56 31 zu
851 830 153 66 wenig
1033 831 232 66 gekannte
1288 832 144 68 Sojka
1459 834 58 48 ist
1546 834 119 48 auch

98 910 67 49 als
210 908 357 51 unmittelbarer
612 907 201 67 Zögling
855 907 79 51 des
991 926 193 50 grossen
1235 911 245 51 Sebastian
1537 912 130 50 Bach

99 990 290 49 interessant.

226 1070 176 64 „Prags
442 1067 348 50 musicalischer
818 1068 100 50 Ruf
951 1067 135 51 stand
1129 1068 144 50 schon
1316 1088 80 30 um
1434 1067 147 52 1732
1612 1086 51 32 so

98 1148 140 59 hoch,
276 1148 104 49 dass
410 1147 83 50 der
521 1148 293 68 nachmalige
844 1166 158 50 grosse
1032 1148 302 51 Reformator
1363 1148 85 51 der
1477 1148 157 51 drama-

96 1227 177 48 tischen
296 1226 155 49 Musik
477 1226 248 67 Christoph
751 1227 148 50 Gluck
922 1228 158 65 eigens
1101 1227 144 51 dahin
1274 1227 127 60 kam,
1432 1245 80 32 um
1541 1227 126 50 seine

97 1306 197 49 Studien
316 1305 74 50 bei
414 1306 107 51 dem
537 1307 251 50 Minoriten
813 1307 353 68 Czernohorsky
1194 1326 56 31 zu
1280 1308 213 50 machen.
1523 1307 137 50 Auch

101 1386 171 58 Tuma,
290 1386 167 66 Segert
479 1386 95 49 und
590 1386 125 49 Zach
733 1404 159 33 waren
908 1385 393 70 Czernohorsky's
1316 1387 213 59 Schüler,
1545 1386 123 49 eben

94 1482 50 33 so
163 1465 82 49 der
262 1466 461 67 Violinist.Giuseppe
741 1467 191 50 Tartini.
960 1466 352 67 Czernohorsky
1336 1484 101 33 war
1459 1467 200 50 nämlich

97 1543 216 51 mehrere
333 1545 145 51 Jahre
508 1547 187 65 Regens
720 1546 143 50 Chori
893 1546 74 48 bei
997 1546 65 48 St.
1087 1546 140 50 Anna
1250 1546 44 48 in
1316 1545 178 51 Padua.
1523 1546 112 50 Zahl-

102 1625 156 49 reiche
287 1625 201 59 Namen,
517 1623 74 51 die
621 1626 85 48 wir
734 1625 102 49 hier
868 1625 271 66 übergehen
1169 1629 203 57 müssen,
1411 1634 145 42 nennt
1583 1625 82 49 das

99 1705 464 49 Künstler-Lexikon
592 1721 89 33 von
710 1705 221 51 Dlabacz.
987 1705 199 49 Endlich
1219 1705 312 49 überstrahlte
1560 1706 69 48 Mo-

98 1785 136 48 zart's
262 1783 328 67 Erscheinung
629 1785 88 49 alle
746 1783 225 51 früheren
997 1783 192 50 Meister
1230 1783 96 50 und
1367 1785 146 49 nahm
1555 1785 109 52 alles

102 1863 227 50 Interesse
374 1863 80 50 für
494 1863 97 50 sich
633 1863 45 50 in
719 1862 266 69 Anspruch.
1043 1863 234 51 Welchen
1306 1863 242 50 Eindruck
1592 1863 72 51 die

99 1942 313 66 Entführung
440 1959 82 33 aus
553 1942 106 50 dem
691 1943 147 50 Serail
882 1942 76 50 bei
1000 1942 128 50 ihrer
1169 1949 152 43 ersten
1350 1942 314 68 Aufführung

97 2022 202 59 machte,
328 2022 220 50 schildert
574 2022 235 50 Nemezek
838 2021 149 67 (oder,
1011 2022 89 50 wie
1122 2022 81 48 ihn
1225 2022 114 50 Otto
1355 2022 125 50 Jahn
1501 2029 162 54 nennt,

96 2101 318 66 Niemtschek)
457 2101 46 49 in
544 2101 153 49 seiner
739 2101 318 51 anziehenden
1086 2101 393 67 biographischen
1506 2101 158 49 Skizze

97 2180 80 51 des
215 2180 348 51 unsterblichen
604 2181 227 51 Meisters.
887 2182 70 50 Im
985 2181 146 51 Jahre
1167 2180 146 52 1786
1346 2181 108 50 kam
1485 2182 182 49 Mozart

96 2258 142 51 selbst
266 2260 119 49 nach
408 2261 142 65 Prag,
581 2258 175 69 gerade
785 2260 60 51 da
866 2260 98 49 sein
987 2261 84 48 mit
1091 2260 273 49 Entzücken
1387 2260 244 67 aufgenom-

97 2356 162 33 mener
287 2340 173 66 Figaro
492 2340 278 66 aufgeführt
798 2340 178 49 wurde.
1033 2341 105 48 Von
1179 2340 60 49 da
1279 2356 60 33 an
1379 2356 100 35 war
1509 2358 52 31 er
1592 2340 73 49 ein

97 2418 66 50 oft
191 2418 274 68 gesehener,
494 2426 111 43 stets
623 2418 82 50 mit
720 2420 409 49 enthusiastischer
1145 2418 283 68 Verehrung
1444 2418 192 67 begrüss-

96 2506 71 42 ter
184 2500 112 48 Gast
324 2500 47 49 in
399 2498 84 50 der
511 2498 303 51 böhmischen
837 2498 314 68 Hauptstadt;
1181 2498 65 49 als
1274 2515 52 32 er
1354 2497 203 50 vollends
1581 2497 83 51 das

98 2576 84 67 (oft
203 2578 84 50 mit
301 2578 122 50 Stolz
447 2575 322 70 wiederholte)
788 2578 146 50 Wort
950 2577 314 68 gesprochen:
1306 2577 117 57 „Die
1447 2576 216 49 Böhmen

96 2658 243 50 verstehen
592 2657 97 50 und
720 2657 78 50 für
826 2658 125 67 Prag
990 2657 91 50 den
1109 2658 109 49 Don
1245 2657 124 48 Juan
1400 2656 98 49 und
1528 2656 131 49 Titus

97 2737 321 68 geschrieben,
449 2737 165 50 liessen
642 2754 47 31 es
718 2736 96 49 sich
845 2736 72 51 die
940 2736 215 49 Böhmen
1178 2752 86 50 gar
1286 2735 127 49 nicht
1439 2735 222 59 nehmen,

97 2819 80 50 ihn
207 2819 65 48 als
303 2819 137 49 einen
469 2817 82 50 der
579 2817 193 66 Ihrigen
800 2817 280 50 anzusehen.

229 2897 137 60 „Sein
388 2896 222 51 Ansehen
633 2896 95 51 und
750 2897 95 50 sein
868 2896 204 51 Einfluss
1101 2911 101 33 war
1230 2893 47 51 in
1298 2893 216 50 Böhmen
1543 2893 121 50 noch

97 2979 137 66 lange
262 2979 146 49 Jahre
436 2977 121 50 nach
584 2976 177 51 seinem
791 2976 130 50 Tode
964 2993 117 50 ganz
1124 2973 319 68 unbegränzt;
1487 2990 47 33 es
1564 2990 101 33 war

97 3074 51 33 so
177 3057 208 50 ziemlich
417 3055 203 51 dieselbe
637 3055 238 59 Vorliebe,
907 3056 88 50 wie
1024 3055 63 49 sie
1117 3053 95 50 sich
1242 3053 46 50 in
1317 3053 106 50 dem
1453 3052 179 51 bekann-

96 3145 78 43 ten
205 3137 185 51 Werke
418 3135 318 52 Ulibischeff's
766 3135 273 67 ausspricht.
1070 3133 89 50 Die
1183 3132 247 68 folgenden
1447 3132 188 50 Erschei-

97 3234 208 49 nungen,
355 3233 104 31 zum
492 3213 132 50 Theil
666 3230 87 32 von
791 3215 221 49 höchster
1040 3211 299 66 Bedeutung,
1383 3212 162 50 hatten
1574 3227 89 33 nur

98 3295 273 68 desswegen
400 3295 151 65 einige
581 3292 161 59 Mühe,
781 3290 409 67 durchzudringen
1221 3290 95 49 und
1344 3307 82 31 zur
1458 3291 205 65 Geltung

96 3395 55 31 zu
181 3375 235 49 kommen.
447 3375 111 48 Man
581 3372 125 50 hätte
734 3372 149 48 nichts
912 3371 216 66 dagegen
1157 3368 192 68 gehabt,
1378 3370 84 48 mit
1484 3371 181 48 Mozart

101 3455 383 52 abzuschliessen.

230 3535 117 57 „Ein
375 3551 51 32 so
455 3531 248 58 lebhafter,
725 3549 105 32 zum
847 3530 134 48 Theil
1004 3527 448 51 leidenschaftlicher
1473 3526 191 51 Antheil

98 3634 61 32 an
196 3614 82 50 der
309 3614 245 50 Tonkunst
597 3611 100 58 rief,
741 3610 87 49 wie
870 3608 248 60 natürlich,
1164 3608 120 50 auch
1320 3608 73 50 ein
1435 3606 228 49 lebhaftes

96 3694 273 52 Bedürfniss
398 3691 119 51 nach
548 3688 307 51 ausübenden
882 3687 198 50 Kräften
1109 3687 183 50 hervor.
1335 3687 121 48 Eine
1486 3685 150 67 eigent-

98 3775 119 49 liche
245 3771 317 52 Musikschule
605 3768 114 50 oder
764 3767 275 68 allgemeine
1067 3765 485 50 Musik-Lehranstalt
1581 3763 54 50 be-

98 3871 94 33 sass
221 3856 127 65 Prag
379 3851 179 51 damals
587 3848 140 51 nicht.
784 3848 101 49 Der
930 3846 283 66 Contingent
1254 3862 59 32 an
1357 3841 307 54 ausübenden

97 3934 242 49 Musikern
369 3930 163 52 wurde
563 3945 81 34 aus
673 3926 383 52 Meisterschulen
1089 3923 193 69 gestellt.
1331 3923 101 50 Der
1459 3922 206 50 einzelne

96 4012 401 50 Musik-Director
527 4010 150 49 dieser
706 4007 115 51 oder
842 4007 136 66 jener
1000 4005 174 50 Kirche
1204 4002 334 69 (Chorregens,

89 4106 116 54 gens
223 4089 154 63 Chori,
409 4091 90 50 wie
530 4106 52 33 er
609 4085 138 70 hiess)
780 4102 138 51 erzog
948 4085 96 51 sich
1073 4085 158 49 seinen
1258 4081 180 51 Bedarf
1461 4099 59 31 an
1551 4081 88 49 Sän-

102 4188 136 49 gern,
272 4170 273 52 Violinisten
577 4188 44 31 u.
653 4185 33 33 s.
717 4184 59 33 w.
817 4165 159 62 selbst,
1018 4165 88 51 wie
1150 4181 50 32 er
1241 4162 94 50 sich
1379 4161 121 52 auch
1542 4160 125 50 seine

1740 279 187 48 Messen
1956 276 94 51 und
2084 277 212 68 Vespern
2324 276 143 52 selbst
2496 276 305 69 componirte.
2844 273 94 51 Ein
2968 273 356 53 anschauliches

1739 356 101 51 Bild
1872 356 153 51 dieser
2050 357 354 50 Pflanzschulen
2432 357 102 68 gibt
2562 359 74 48 ein
2658 357 115 66 jetzt
2801 372 94 32 nur
2921 355 125 51 noch
3076 356 47 48 in
3154 355 145 49 einzel-

1739 454 91 33 nen
1847 437 320 68 Exemplaren
2185 437 64 50 als
2267 437 182 50 Rarität
2460 435 408 59 vorkommendes,
2892 433 146 53 1796
3055 435 63 49 im
3136 435 153 49 Schön-

1740 517 249 50 feld'schen
2018 517 207 68 Verlage
2255 517 321 50 erschienenes
2611 555 17 21 „
2651 515 273 61 „Jahrbuch
2956 513 85 53 der
3071 515 250 51 Tonkunst

1740 596 80 50 für
1834 596 149 52 Wien
2007 596 95 50 und
2373 596 81 51 das
2483 596 45 50 in
2558 596 152 50 seiner
2732 593 251 69 allerdings
3008 595 280 68 geschmack-

1739 676 145 58 losen,
1913 676 117 51 aber
2059 676 143 50 dafür
2230 677 167 50 naiven
2427 675 97 51 und
2554 675 329 67 gewissenhaft
2910 682 167 42 treuen
3102 675 187 49 Darstel-

1739 756 114 66 lung
1881 756 74 48 ein
1983 756 108 50 sehr
2121 755 413 51 überschauliches
2564 755 105 49 Bild

1858 835 107 49 Von
1993 836 273 50 namhaften
2295 836 272 57 Künstlern,
2599 834 73 50 die
2702 834 179 50 damals
2909 835 45 48 in
2976 836 128 64 Prag
3133 832 177 64 lebten,

1740 914 120 49 wird
1889 914 133 50 darin
2051 915 350 68 hauptsächlich
2429 915 187 51 Dussek
2646 921 222 61 genannt,
2900 914 125 50 dann
3053 915 259 61 Kozeluch,

1740 994 196 49 Gelinek
1966 1011 45 32 u.
2042 1011 33 32 s.
2106 1011 58 33 w.
2221 995 106 49 Von
2368 994 105 50 dem
2511 995 182 66 jungen
2724 992 294 51 Tomaschek
3053 992 143 50 heisst
3239 1010 73 32 es:

1752 1074 174 67 „Spielt
1954 1072 83 51 das
2068 1075 280 66 Fortepiano
2379 1093 114 49 ganz
2890 1074 76 49 An
2996 1072 315 51 Betthofer

1741 1151 303 69 (Beethoven)
2063 1152 160 51 rühmt
2238 1154 84 49 der
2336 1154 242 49 Verfasser
2606 1154 130 57 „eine
2754 1151 260 52 besondere
3033 1152 243 50 Geschwin-

2002 1239 145 43 nennt
2173 1234 82 48 ihn
2284 1232 114 51 aber
2427 1234 117 49 doch
2577 1234 118 49 auch
2738 1234 103 57 „ein
2870 1232 148 50 hohes

1857 1311 53 48 In
1941 1310 84 51 der
2053 1311 195 50 zweiten
2270 1312 156 49 Hälfte
2449 1311 79 51 des
2557 1312 189 66 vorigen
2763 1310 346 52 Jahrhunderts
3140 1328 141 33 veran-

1738 1391 171 50 lassten
1952 1390 74 51 die
2055 1391 300 67 Aufhebung
2395 1409 88 32 von
2525 1392 236 57 Klöstern,
2804 1391 74 50 die
2921 1390 386 67 Verminderung

1738 1469 116 50 oder
1894 1470 288 51 schlechtere
2224 1470 272 67 Besoldung
2538 1470 82 49 der
2660 1471 308 65 Organisten-
3013 1469 97 49 und
3155 1469 122 49 Chor-

1738 1551 426 66 regenten-Stellen
2209 1550 136 51 einen
2374 1550 301 51 Rückschritt
2716 1550 45 48 in
2804 1549 82 50 der
2914 1549 317 67 Musikpflege
3260 1550 46 49 in

1736 1630 141 65 Prag.
1908 1629 137 49 Auch
2086 1629 73 50 die
2188 1630 347 66 Hauscapellen
2564 1629 84 49 der
2677 1629 202 49 Grossen
2907 1629 173 66 gingen
3108 1627 171 51 allmäh-

1738 1709 89 49 lich
1871 1709 96 58 ein;
2012 1709 118 50 doch
2177 1709 108 50 fand
2328 1709 75 50 die
2434 1709 246 50 Tonkunst
2709 1707 76 51 bei
2816 1707 90 50 den
2934 1707 375 51 bedeutendsten

1736 1787 231 51 Familien
2009 1795 110 43 stets
2162 1789 113 48 Sinn
2319 1787 97 51 und
2460 1786 294 52 Geschmack
2783 1786 151 61 wach,
2982 1803 51 33 so
3077 1785 105 51 dass
3224 1786 85 50 der

1735 1866 276 51 böhmische
2039 1867 120 50 Ade!
2202 1869 169 49 immer
2415 1867 101 50 eine
2545 1869 313 66 Hauptstütze
2901 1866 84 50 der
3011 1866 155 50 Kunst
3208 1865 101 52 und

1736 1946 84 51 der
1846 1947 226 50 Künstler
2100 1947 139 50 blieb.

1857 2026 290 51 Gleichwohl
2177 2043 161 34 waren
2366 2026 145 51 schon
2540 2025 146 52 1796
2713 2025 74 49 die
2810 2043 210 49 grossen,
3048 2043 57 30 zu
3136 2023 146 51 öffent-

1736 2104 153 52 lichen
1915 2105 352 51 Productionen
2315 2105 300 49 bestimmten
2652 2105 257 49 Orchester
2950 2105 49 48 in
3039 2105 129 65 Prag
3215 2120 94 33 nur

1738 2184 109 49 sehr
1867 2184 219 50 schwach
2110 2184 190 59 besetzt,
2328 2184 229 49 vielleicht
2585 2182 174 68 gerade
2782 2182 292 68 desswegen,
3100 2182 108 50 weil
3231 2181 76 51 die

1738 2265 348 66 Hauscapellen
2116 2262 67 69 (so
2214 2265 138 66 lange
2382 2264 64 49 sie
2475 2261 295 69 bestanden),
2812 2262 75 50 die
2915 2262 248 51 neunzehn
3191 2262 89 50 Klo-

1738 2349 116 43 ster-
1885 2342 95 50 und
2008 2344 354 49 Kirchenchöre
2392 2342 100 50 eine
2516 2344 173 66 Menge
2712 2359 87 33 von
2817 2342 230 50 Talenten
3069 2340 214 51 absorbir-

1736 2427 92 45 ten.
1858 2424 98 48 Das
1987 2422 449 68 Opern-Orchester
2464 2421 80 50 des
2573 2421 146 50 ständ.
2752 2421 228 50 Theaters
3003 2420 199 51 bestand
3225 2438 85 33 aus

1739 2500 29 52 3
1801 2501 389 60 Prim-Violinen,
2223 2504 33 48 4
2286 2501 445 58 Second-Viol.'nen,
2764 2501 30 48 2
2827 2500 184 59 Violen,
3051 2501 20 48 1
3109 2500 168 49 Violon-

1735 2581 85 48 cell
1849 2580 97 49 und
1976 2581 31 50 2
2042 2580 362 59 Contrabässen,
2435 2580 30 49 2
2501 2581 183 57 Flöten,
2716 2578 31 51 2
2780 2578 188 60 Oboen,
3009 2578 32 49 2
3075 2578 206 50 Clarinet-

1734 2666 95 52 ten,
1860 2660 31 49 2
1917 2660 252 67 Fagotten,
2199 2660 31 49 2
2257 2658 376 59 Waldhörnern,
2657 2660 286 65 Trompeten
2972 2656 98 52 und
3091 2657 214 50 Pauken.

1736 2740 249 48 Posaunen
2013 2756 162 33 waren
2202 2739 129 49 nicht
2359 2739 232 66 engagirt,
2620 2736 203 51 sondern
2845 2736 199 51 wurden
3072 2737 122 50 nach
3212 2737 60 50 Be-

1738 2817 199 51 dürfnis
1967 2819 81 49 für
2077 2819 72 49 die
2190 2819 235 49 einzelnen
2455 2817 375 66 Aufführungen
2870 2816 235 69 requirirt.
3161 2817 143 50 Diese

1738 2899 266 49 numerisch
2045 2899 109 49 sehr
2196 2897 342 51 bescheidenen
2566 2897 163 50 Kräfte
2759 2912 161 34 waren
2949 2896 117 50 aber
3094 2896 181 67 wohlge-

1736 2976 153 50 schult
1915 2976 96 50 und
2041 2976 295 67 wohlgeübt;
2380 2977 65 49 sie
2487 2975 300 51 vermochten
2826 2991 65 42 es,
2934 2973 75 51 bei
3039 2973 83 50 der
3151 2982 155 42 ersten

1735 3055 314 67 Aufführung
2092 3056 80 50 des
2208 3057 109 47 Don
2357 3056 126 48 Juan
2526 3053 74 50 die
2643 3055 283 57 Ouvertüre,
2982 3052 145 50 deren
3168 3053 136 50 letzte

1735 3135 409 66 Auflagstimmen,
2175 3133 102 50 dick
2309 3135 83 48 mit
2415 3132 257 52 Streusand
2695 3132 225 60 bestreut,
2950 3150 80 32 um
3067 3127 101 66 V4B
3199 3133 105 50 Uhr

1735 3213 69 49 ins
1833 3213 255 50 Orchester
2117 3211 229 67 gebracht
2374 3210 213 59 wurden,
2618 3227 30 33 a
2666 3208 170 72 prima
2863 3208 124 52 vista
3015 3227 51 33 so
3095 3230 56 30 zu
3180 3211 95 67 spie-

1735 3293 90 59 len,
1868 3291 103 51 dass
1999 3292 183 50 Mozart
2211 3292 196 50 meinte:
2463 3291 195 66 „Einige
2691 3292 157 48 Noten
2877 3290 100 49 sind
3008 3291 123 49 wohl
3163 3297 137 43 unter

1735 3370 72 50 die
1835 3371 135 48 Pulte
2001 3371 217 66 gefallen,
2249 3370 117 50 aber
2395 3377 84 60 gut
2507 3386 249 51 gegangen
2785 3370 56 49 ist
2868 3370 63 48 sie
3164 3370 136 48 Noch

1735 3450 207 66 weniger
1962 3451 235 50 zahlreich
2227 3466 102 35 war
2359 3450 81 51 das
2464 3450 255 51 Orchester
2741 3448 122 50 beim
2898 3447 282 59 „deutschen
3203 3450 66 49 Na-

2108 3569 12 20 ,
2152 3546 47 33 es
2228 3528 159 51 besass
2416 3546 89 32 nur
2526 3528 113 50 zwei
2669 3526 386 58 Prim-Violinen,
3085 3526 102 49 drei
3217 3527 56 50 Se-

1735 3607 391 61 cond-Violinen;
2185 3616 137 43 unter
2376 3608 89 50 den
2507 3608 191 49 Bläsern
2751 3606 173 48 fehlten
2967 3603 74 51 die
3081 3607 221 66 Fagotte.

1733 3686 224 52 Vollends
1987 3688 201 68 kläglich
2232 3705 100 33 war
2369 3687 80 50 das
2479 3686 254 49 Orchester
2761 3683 76 51 bei
2868 3682 109 51 dem
3008 3701 50 33 so
3089 3702 183 50 genann-

1734 3774 80 41 ten
1854 3767 426 59 „vaterländischen
2302 3767 201 48 Theater
2526 3763 84 50 auf
2633 3763 105 50 dem
3222 3766 56 49 be-

1735 3847 136 52 stellt.
1927 3848 65 50 Es
2031 3865 100 33 war
2169 3851 444 60 zusammengesetzt
2642 3860 82 33 aus
2755 3842 159 50 einer
2943 3843 359 61 Prim-Violine,

1736 3927 116 50 zwei
1882 3926 440 56 Second-Violinen,
2362 3923 113 50 zwei
2515 3922 277 59 Bratschen,
2835 3923 155 49 einem
3024 3923 280 60 Violoncell,

1739 4006 152 49 einem
1923 4005 297 58 Contrabass,
2261 4002 90 50 den
2380 4001 323 60 Holzbläsern,
2743 4002 242 59 Hörnern,
3015 4003 292 68 Trompeten

1740 4083 97 51 und
1866 4085 207 51 Pauken.
2102 4085 69 48 Zu
2202 4082 153 50 Tafel-
2387 4081 96 49 und
2514 4081 282 49 Tanzmusik
2830 4080 98 67 fing
2958 4099 111 33 man
3098 4100 61 32 an
3185 4083 125 51 nach

1743 4165 82 51 der
1863 4166 284 62 Entlassung
2190 4162 82 50 der
2314 4162 348 66 Hauscapellen
2698 4161 386 67 Militärcapellen
3122 4163 48 51 in
3212 4163 102 53 An-
