3134 5847
1100 513 424 67 BRUNO'S
1700 511 429 69 WEEKLY

298 524 120 58 314

301 655 81 68 of
436 656 124 67 the
607 677 156 44 new
816 653 189 66 kind.
1114 653 118 66 He
1285 651 144 68 will
1481 663 127 56 not
1662 651 275 68 confine
1989 651 117 66 the
2164 650 313 81 singer's,
2534 648 402 69 musician's

303 763 81 44 or
440 739 427 82 composer's
921 738 201 67 work
1175 750 73 55 to
1302 738 117 66 the
1473 739 84 65 de
1613 738 165 67 luxe
1832 736 264 68 edition
2148 736 82 68 of
2286 736 118 66 the
2458 745 285 57 concert
2794 733 145 66 hall

301 850 83 44 or
430 828 83 66 of
558 828 119 64 the
724 848 217 59 opera
985 826 242 68 house.
1317 824 166 68 And
1532 824 117 66 the
1700 822 332 68 selection
2082 822 80 66 of
2213 821 379 66 American
2646 821 291 79 Singers

301 936 91 46 on
436 914 119 66 the
601 912 357 68 Diamond
1000 910 173 68 Disc
1214 909 259 83 during
1517 910 118 67 the
1678 909 328 68 Thimble
2050 909 315 66 Theatre?
2402 907 535 81 performances

303 999 181 71 shall
535 999 159 81 help
746 1009 73 57 to
873 999 479 64 demonstrate
1405 1005 73 58 to
1532 995 117 66 the
1701 993 373 68 audiences
2130 993 171 78 that,
2357 992 276 67 outside
2685 992 80 66 of
2821 990 118 66 the

301 1095 203 69 great
552 1085 240 66 artists
839 1085 80 66 of
968 1083 95 66 all
1110 1082 356 67 countries
1515 1080 241 68 whose
1801 1100 242 48 names
2092 1100 122 46 are
2260 1078 395 66 household
2702 1075 237 69 words

304 1183 73 54 to
430 1171 118 65 the
599 1181 410 68 newspaper
1061 1168 269 79 reader,
1381 1168 200 64 there
1632 1188 129 44 can
1813 1168 85 64 be
1952 1164 227 68 found
2233 1163 69 66 in
2357 1164 118 65 the
2529 1163 171 66 Disc
2753 1171 151 58 cata-

304 1258 153 79 logs
504 1258 379 64 American
931 1256 271 81 singers
1248 1254 138 66 and
1432 1251 379 69 musicians
1859 1251 239 68 whose
2145 1249 200 68 work
2389 1251 88 64 he
2524 1247 417 68 considered

306 1344 232 66 worth
590 1341 209 67 while
855 1351 72 57 to
983 1342 85 68 be
1122 1341 219 66 heard
1395 1341 91 77 by
1539 1339 95 64 all
1688 1337 232 66 lovers
1979 1336 80 67 of
2116 1334 244 69 music.
2467 1336 232 64 These
2755 1332 184 68 discs

308 1430 79 66 of
455 1429 381 66 American
904 1427 272 81 singers
1246 1425 178 70 shall
1491 1425 480 66 demonstrate
2035 1434 73 56 to
2175 1422 204 66 those
2443 1429 284 72 present
2792 1420 149 65 that

304 1515 166 80 they
548 1513 229 82 might
851 1513 85 66 be
1017 1510 513 80 instrumental,
1612 1508 309 80 through
2003 1505 183 69 their
2265 1503 295 81 judicial
2645 1503 296 68 attitude

306 1600 312 66 towards
680 1600 119 66 the
861 1600 273 79 singers
1197 1598 139 66 and
1398 1595 380 67 musicians
1842 1593 381 81 appearing
2284 1615 91 44 on
2438 1591 118 66 the
2617 1588 324 68 Thimble

306 1688 310 67 Theatre
675 1696 214 71 stage,
944 1696 73 56 to
1078 1684 242 66 efnable
1375 1683 308 66 millions
1740 1681 82 68 of
1879 1679 224 70 music
2157 1679 232 66 lovers
2450 1676 93 68 all
2599 1698 167 44 over
2826 1676 115 64 the

309 1772 226 68 world
596 1784 72 56 to
729 1774 171 64 hear
963 1772 117 66 the
1143 1793 191 45 same
1391 1769 256 78 works,
1706 1767 119 66 the
1888 1788 191 45 same
2137 1764 240 68 artists
2441 1786 92 44 on
2592 1762 119 66 the
2772 1759 169 68 Disc

308 1859 71 65 in
438 1859 117 65 the
611 1881 171 43 near
844 1857 261 67 future.

305 2006 492 130 Among
844 2004 258 112 Our
1148 2003 722 111 Aristocrats

312 2178 432 64 Greenwich
774 2175 287 75 Village
1103 2200 44 37 a
1189 2175 71 62 la
1288 2175 231 63 Town
1549 2174 259 76 Topics

319 2302 259 103 QUR
620 2302 215 68 social
879 2300 119 68 old
1038 2300 227 82 guard
1309 2299 73 66 in
1424 2299 478 78 Washington
1951 2295 269 80 Square
2264 2295 237 68 North
2545 2294 141 67 and
2730 2294 218 66 lower

576 2397 202 66 Fifth
855 2417 268 44 avenue
1199 2395 139 66 and
1414 2392 90 67 its
1582 2388 774 85 purlieus—especially
2429 2388 203 68 those
2710 2385 240 69 whose

325 2483 446 68 fashionable
838 2482 310 81 prestige
1218 2480 59 71 is
1348 2504 92 44 on
1511 2480 120 66 the
1699 2500 200 46 wane
1899 2500 208 44 —are
2175 2475 284 83 picking
2473 2497 143 78 _up
2689 2497 39 42 a
2808 2473 144 66 few

320 2571 280 66 crumbs
647 2568 80 68 of
774 2570 313 66 comfort
1135 2566 191 68 from
1374 2588 40 44 a
1458 2563 310 81 recently
1812 2563 237 68 issued
2093 2561 207 81 book,
2349 2559 308 83 entitled,

715 2658 174 66 This
937 2656 200 66 work
1177 2654 230 68 which
1455 2676 127 44 can
1622 2654 87 66 be
1755 2653 181 67 cited
1985 2675 74 47 as
2103 2675 41 42 a
2186 2649 236 68 model
2466 2649 78 68 of
2591 2669 356 58 accuracy,

312 2744 57 68 is
429 2744 152 80 fitly
639 2742 442 68 aristocratic
1137 2741 71 66 in
1267 2741 88 66 its
1414 2749 183 71 tone,
1658 2739 117 66 the
1834 2737 166 80 only
2056 2758 274 45 women
2388 2736 267 96 named_
2701 2736 70 64 in
2828 2732 119 68 the

324 2839 230 57 roster
632 2829 78 66 of
789 2825 419 68 authorities
1284 2824 384 79 consulted,
1746 2822 70 66 in
1892 2822 118 66 the
2088 2817 383 81 foreword,
2549 2818 213 80 being
2833 2817 119 66 the

324 2915 345 81 daughter
727 2913 79 68 of
864 2915 118 66 the
1040 2912 366 69 sometime
1460 2910 262 80 village'
1777 2908 414 70 shoemaker
2247 2907 139 66 and
2439 2905 110 69 his
2606 2905 171 68 wife
2833 2901 119 70 the

322 3001 185 68 local
564 3000 305 66 milliner
930 2998 80 68 of
1070 3000 292 76 Greene,
1428 2996 382 80 Chenango
1875 2993 296 81 County,
2234 2993 69 66 in
2364 2991 139 70 this
2564 3001 200 58 state.
2867 2990 85 66 In

324 3089 118 66 the
500 3088 188 79 body
752 3086 81 68 of
894 3088 119 64 the
1072 3086 219 78 work,
1352 3084 350 78 however,
1763 3079 367 82 quotation
2191 3078 60 69 is
2313 3079 205 68 made
2583 3078 191 66 from
2833 3078 120 66 the

322 3174 393 80 biography
754 3174 79 66 of
872 3172 187 80 John
1101 3172 369 80 Johnston,
1514 3169 185 78 Esq.,
1741 3167 81 68 of
1861 3166 478 78 Washington
2384 3166 270 78 Square
2698 3164 255 80 North,

322 3260 283 68 written
669 3262 92 78 by
822 3260 108 66 his
994 3257 596 81 granddaughter,
1661 3254 177 67 Mrs.
1905 3255 268 65 Robert
2232 3254 115 66 W.
2417 3252 384 76 DeForest,
2870 3250 82 66 of

317 3347 479 79 Washington
844 3345 267 78 Square
1155 3343 256 68 North.
1499 3343 178 66 Mrs.
1722 3340 364 66 DeForest
2127 3340 58 66 is
2230 3362 39 42 a
2313 3337 346 81 daughter
2703 3335 79 71 of
2833 3335 119 68 the

327 3435 139 66 late
524 3433 186 80 John
771 3431 264 80 Taylor
1094 3431 371 78 Johnston,
1528 3452 39 42 a
1628 3428 379 66 Macaenas
2070 3426 81 66 of
2213 3426 117 66 the
2390 3425 137 66 fine
2586 3435 146 56 arts
2794 3423 159 66 who

324 3520 186 69 lived
578 3520 71 66 in
717 3520 115 66 the
901 3518 256 79 stately
1218 3516 267 66 marble
1550 3514 223 68 house
1838 3536 162 44 now
2068 3535 78 44 so
2222 3511 200 80 sadly
2486 3511 71 64 in
2622 3511 179 66 need
2869 3509 81 68 of

329 3618 201 57 stone
579 3602 417 82 re'novating
1043 3602 139 67 and
1235 3599 311 68 exterior
1594 3597 338 82 cleaning,
1983 3609 73 56 at
2102 3599 118 66 the
2269 3594 388 71 southwest
2705 3616 252 47 corner

329 3694 81 68 of
459 3691 200 67 Fifth
706 3713 266 45 avenue
1018 3691 139 66 and
1203 3689 225 66 Ninth
1477 3697 232 58 street.
1800 3687 153 65 The
1997 3685 223 68 house
2266 3684 58 68 is
2369 3707 163 43 now
2578 3684 120 68 the
2747 3682 212 68 home

330 3779 82 67 of
473 3779 140 66 Mr.
674 3779 137 66 and
871 3777 177 66 Mrs.
1111 3774 247 67 Pierre
1419 3772 197 79 Mali,
1677 3772 118 66 the
1854 3774 207 66 latter
2122 3792 41 44 a
2220 3770 346 78 daughter
2628 3768 82 68 of
2767 3768 190 82 John

319 3867 269 79 Taylor
635 3865 371 80 Johnston,
1059 3887 40 44 a
1145 3875 212 54 name!
1402 3862 276 79 rapidly
1724 3860 371 79 becoming
2146 3860 364 78 forgotten
2562 3858 226 68 under
2838 3858 121 66 the

330 3950 390 69 accretions
781 3950 79 67 of
923 3972 131 45 our
1113 3943 665 73 multi-millionaire
1839 3943 447 68 fashionable
2344 3943 245 66 world.
2698 3941 261 81 People

319 4038 237 69 would
591 4039 87 65 be
715 4038 301 79 laughed
1054 4046 69 56 at
1159 4034 401 80 nowadays,
1604 4034 117 66 for
1760 4033 288 79 making
2086 4053 171 46 even
2296 4029 290 81 passing
2620 4029 335 78 mention,

320 4149 92 44 on
451 4124 201 66 Fifth
691 4146 285 56 avenue,
1018 4122 81 66 of
1138 4121 286 79 owning
1460 4143 41 44 a
1538 4121 269 78 picture
1841 4117 256 68 valued
2137 4127 71 56 at
2247 4116 166 79 only
2445 4126 117 56 ten
2601 4114 356 69 thousand

330 4209 287 69 dollars.
706 4207 324 66 Another
1076 4205 364 82 daughter,
1485 4204 178 66 Mrs.
1707 4202 256 81 Henry
2002 4200 79 70 E.
2130 4200 163 82 Coe,
2339 4222 88 46 an
2474 4199 225 69 active
2742 4221 165 45 mem-

330 4298 126 66 ber
495 4295 81 68 of
615 4293 118 66 the
772 4292 559 81 Neighborhood
1375 4290 195 81 Club,
1612 4288 173 68 livefs
1826 4310 89 46 on
1959 4288 173 66 East
2171 4287 227 67 Ninth
2439 4295 232 59 street.

422 4383 178 66 Mrs.
654 4378 367 68 DeForest
1069 4388 322 58 narrates
1445 4376 69 66 in
1567 4375 138 67 this
1755 4375 189 71 book
1993 4376 163 66 how
2207 4395 135 46 one
2393 4373 81 68 of
2525 4373 127 68 her
2701 4373 220 81 grand-

339 4468 295 68 father's
686 4466 378 80 neighbors
1120 4488 89 44 on
1262 4461 477 81 Washington
1797 4461 269 78 Square
2120 4461 371 78 requested
2542 4459 110 71 his
2713 4459 210 68 coach-

336 4578 162 44 man
537 4566 75 56 to
657 4554 192 66 fetch
891 4576 39 42 a
969 4552 245 80 couple
1257 4551 79 67 of
1377 4549 174 81 pails
1594 4547 81 70 of
1717 4559 219 56 water
1981 4547 117 68 for
2141 4547 230 80 Mary,
2412 4547 120 66 the
2572 4546 392 69 laundress.

339 4642 161 68 The?
552 4641 381 66 coachman
998 4639 150 66 said
1206 4637 154 68 that
1414 4635 141 68 this
1616 4656 144 45 was
1819 4644 125 57 not
2002 4632 106 69 his
2173 4634 340 79 business,
2576 4634 137 64 and
2772 4654 192 59 upon

334 4727 215 81 being
600 4723 216 70 asked
871 4725 193 68 what
1114 4723 111 70 his
1277 4722 323 69 business
1655 4742 167 58 was,
1880 4718 308 83 replied:
2493 4718 296 68 harness
2847 4718 118 68 the

336 4817 250 66 horses
634 4813 138 66 and
820 4812 198 67 drive
1407 4810 425 79 Thereupon
1882 4808 89 66 he
2022 4828 144 46 was
2215 4806 371 80 requested
2635 4817 75 57 to
2757 4806 209 82 bring

337 4901 119 70 the
495 4900 316 79 carriage
845 4910 71 56 to
952 4900 117 69 the
1103 4900 196 66 door.
1377 4895 139 69 His
1551 4893 356 83 employer
1941 4893 167 68 then
2144 4891 264 70 invited
2444 4893 118 68 the
2596 4893 369 69 laundress

339 4986 174 71 with
559 4988 125 66 her
732 4994 140 60 two
920 4983 178 83 pails
1143 4994 75 58 to
1267 4993 149 71 step
1467 4981 69 68 in
1584 4981 138 68 and
1768 4979 180 70 bade
1995 4979 119 68 the
2159 4979 383 68 coachman
2594 4979 197 68 drive
2838 4979 128 68 her

330 5086 73 57 to
469 5074 121 68 the
652 5096 234 59 pump.
1016 5072 234 66 There
1314 5093 148 47 was
1526 5093 93 44 no
1687 5091 198 46 more
1949 5066 276 69 trouble
2291 5066 170 69 with
2530 5067 117 68 the
2715 5067 209 68 coach-

341 5184 183 42 man.
