3246 4252
286 308 312 53 TEK
680 308 58 56 H
819 310 61 56 H
969 305 48 61 É

2620 3787 147 59 165

287 447 549 87 Premier
935 452 543 94 Congrès
1585 457 889 92 International

284 582 191 99 du
571 582 402 86 Béton
1084 587 133 81 et
1331 587 173 84 du
1608 590 401 86 Béton
2111 595 366 86 Armé

287 711 297 76 LIÉGE.
733 711 49 76 1
787 722 69 28 er
933 734 110 44 au
1121 724 55 55 6
1251 725 489 61 Septembre
1816 732 206 55 1930

348 856 130 42 Nous
539 872 141 27 avons
739 872 49 27 eu
845 860 252 48 l'occasion,
1158 862 113 52 déjà,
1331 863 100 42 d'an-

280 931 163 28 noncer
470 932 144 40 quun
644 919 199 54 Congrès
871 921 324 45 international
1223 924 59 41 du
1311 924 146 44 Béton

280 990 40 30 et
355 978 59 42 du
450 978 145 44 Béton
629 980 139 42 Armé
803 997 39 26 se
877 983 211 44 teindrait
1122 994 106 33 cette
1264 987 136 42 année
1435 986 22 41 à

280 1039 143 55 Liège*

352 1102 38 41 Il
422 1117 105 28 aura
557 1103 101 47 lieu,
690 1119 53 28 en
774 1105 122 50 effet,
930 1107 60 42 du
1028 1122 15 27 i
1055 1114 34 17 er
1119 1124 55 26 au
1208 1110 23 40 6
1268 1117 162 47 septem-

284 1163 88 46 bre,
403 1179 52 27 en
485 1164 142 44 même
657 1176 144 44 temps
831 1168 226 43 d'ailleurs
1084 1185 60 40 qu
1167 1185 62 28 un
1257 1171 202 54 Congrès

285 1226 325 44 international
647 1228 52 42 de
735 1229 40 41 la
810 1230 328 44 Construction
1172 1232 284 56 Métallique»

350 1288 76 42 Au
459 1303 13 27 i
485 1295 35 17 er
542 1289 174 54 janvier
748 1305 139 41 1930,
915 1291 209 45 dix-huit
1146 1308 111 41 pays
1280 1296 178 42 avaient

283 1350 168 54 accepté
480 1351 281 44 l'invitation
793 1354 59 41 du
883 1369 354 40 gouvernement
1266 1357 124 56 belge
1418 1370 40 31 et

285 1427 82 27 une
394 1413 321 56 cinquantaine
743 1416 50 41 de
822 1416 233 44 mémoires
1085 1430 105 31 sont
1216 1420 238 44 annoncés.

352 1475 133 42 Voici
513 1476 41 43 la
582 1476 97 43 liste
705 1477 73 42 des
803 1493 112 39 pays
940 1479 79 56 qui
1045 1492 151 32 seront
1223 1481 213 43 officielle-

283 1549 124 31 ment
438 1538 264 54 représentés
730 1555 56 27 au
814 1540 202 56 Congrès
1049 1557 10 27 :

355 1599 177 48 France,
577 1601 442 57 Grande-Bretagne,
1066 1603 142 50 Italie,
1257 1605 174 43 Tchéco-

283 1661 254 56 slovaquie,
563 1662 217 56 Pologne,
805 1665 219 55 Espagne,
1052 1665 157 50 Suisse,
1234 1667 221 54 Paysßas,

279 1723 190 54 Egypte,
496 1724 220 56 Norvège,
746 1725 153 48 Suède,
924 1728 277 49 Danemark,
1231 1730 223 48 Lettonie,

281 1785 228 47 Autriche,
577 1787 257 51 Lithuanie,
901 1789 218 55 Hongrie,
1183 1791 273 44 Etats-Unis

278 1848 309 56 d'Amérique,
614 1850 344 44 Grand-Duché
982 1852 51 43 de
1057 1853 341 55 Luxembourg*

348 1910 60 42 Le
435 1911 202 55 Congrès
667 1925 62 31 est
756 1912 138 44 divisé
921 1929 52 28 en
1001 1914 119 44 deux
1149 1916 213 44 Sections»

348 1973 63 42 La
433 1973 212 54 première
670 1975 128 42 traite
822 1976 73 42 des
918 1977 233 55 questions
1174 1977 201 45 relatives
1400 1994 56 29 au

276 2035 152 47 calcul,
461 2036 23 42 à
517 2038 40 41 la
589 2036 371 55 réglementation
990 2051 42 32 et
1061 2040 24 42 à
1115 2039 42 44 la
1186 2042 266 53 conception

279 2098 72 41 des
379 2112 216 40 ouvrages
618 2114 53 27 en
696 2099 138 43 béton
859 2112 39 32 et
923 2116 53 28 en
999 2102 138 43 béton
1163 2103 132 43 armé.

347 2159 64 43 La
448 2161 186 42 seconde
671 2163 129 42 traite
836 2163 52 42 de
926 2162 92 44 leur
1055 2165 234 43 exécution
1327 2179 40 31 et
1404 2166 52 42 de

278 2233 146 31 toutes
452 2224 58 41 les
540 2224 232 55 questions
800 2225 79 55 qui
908 2225 68 56 s'y
1004 2238 266 43 rapportent
1305 2245 10 26 :
1347 2229 107 43 mise

277 2299 52 27 en
356 2300 148 28 œuvre
526 2286 72 42 des
621 2285 265 50 matériaux,
911 2287 230 57 outillage,
1167 2290 289 45 surveillance

276 2347 73 42 des
380 2348 235 48 chantiers,
649 2349 231 48 entretien,
914 2361 78 33 etc»

345 2410 81 42 Les
455 2411 232 55 questions
714 2412 128 43 mises
868 2413 23 42 à
918 2413 165 44 l'étude
1110 2426 105 33 sont
1247 2431 10 28 :

415 2485 218 43 Première
658 2486 192 44 Section»

351 2573 36 28 1.
429 2559 61 42 Le
516 2560 139 43 béton
682 2560 152 48 fretté;

348 2636 38 28 2»
428 2621 148 43 Etude
600 2622 234 57 théorique
859 2636 40 31 et
922 2624 346 54 expérimentale
1294 2627 62 43 du
1379 2626 50 45 bé-

274 2695 81 31 ton
383 2684 120 43 armé
530 2696 40 31 et
598 2697 289 33 notamment
915 2688 73 42 des
1016 2688 150 47 dalles,
1198 2688 188 45 toitures
1412 2700 42 33 et

273 2747 211 53 coupoles
514 2748 51 41 de
593 2748 168 55 grande
786 2749 152 54 portée
966 2765 52 28 en
1049 2751 139 43 béton
1217 2751 139 49 armé;

345 2824 41 40 3»
428 2809 81 43 Les
556 2811 165 54 grands
765 2827 216 40 ouvrages
1030 2829 52 28 en
1127 2814 139 43 béton
1313 2826 41 32 et
1399 2829 52 28 en

273 2871 137 43 béton
436 2873 141 47 armé;

342 2950 44 38 4.
428 2935 61 42 Le
528 2936 150 43 retrait
716 2948 40 31 et
795 2938 59 42 les
890 2938 247 44 variations
1177 2939 274 57 thermiques

273 2996 111 44 dans
408 2997 58 43 les
490 3013 216 40 ouvrages
729 3015 51 26 en
805 3000 137 43 béton
965 3012 41 32 et
1032 3016 52 28 en
1107 3001 137 44 béton
1269 3003 120 43 armé
1410 3014 42 33 et

273 3060 296 54 dispositions
608 3061 252 57 adéquates»

412 3134 250 43 Deuxième
688 3135 194 44 Section»

348 3212 36 26 1»
426 3196 346 46 L'architecture
819 3200 60 41 du
929 3200 137 42 béton
1115 3212 40 32 et
1204 3201 59 44 du
1310 3201 139 44 béton

269 3259 141 48 armé;

342 3337 40 27 2.
424 3321 64 44 La
535 3323 322 54 composition,
910 3326 40 42 la
997 3325 273 44 fabrication
1317 3337 43 33 et
1408 3327 41 44 la

268 3385 107 43 mise
402 3401 51 27 en
482 3401 147 28 œuvre
656 3386 59 43 du
743 3386 138 43 béton
909 3400 40 31 et
977 3388 60 43 du
1062 3388 139 44 béton
1228 3390 120 43 armé
1373 3403 75 31 sur

270 3449 57 41 les
359 3449 221 43 chantiers
609 3461 41 31 et
678 3450 93 43 leur
798 3449 219 50 contrôle;

341 3526 41 39 3»
422 3510 189 55 Emploi
635 3513 60 42 du
718 3512 138 43 béton
880 3525 41 31 et
946 3513 60 43 du
1030 3513 139 44 béton
1195 3515 120 43 armé
1337 3516 112 44 dans

268 3574 58 42 les
359 3574 212 43 colonies»

341 3636 190 56 Chaque
575 3638 209 56 question
828 3650 108 43 peut
979 3638 110 44 faire
1134 3639 162 56 l'objet
1339 3640 112 44 d'un

1607 879 183 40 rapport
1825 869 50 41 de
1910 871 40 41 la
1982 882 100 41 part
2117 872 50 40 de
2199 872 168 54 chaque
2399 888 109 39 pays
2543 874 223 43 aduérent.

1608 928 81 41 Ces
1739 940 203 43 rapports
1991 945 352 40 comporteront,
2397 950 54 26 au
2503 936 265 51 maximum,

1611 1004 56 26 20
1699 1005 129 39 pages
1863 992 50 42 de
1946 1009 95 37 400
2077 1007 117 30 mots
2226 995 202 48 environ,
2462 996 156 45 clichés
2647 1013 92 28 com-

1608 1052 103 50 pris.
1736 1052 58 42 Le
1814 1055 187 41 nombre
2024 1057 71 41 des
2115 1056 209 54 planches
2347 1070 61 31 est
2432 1058 141 44 limité
2592 1076 23 26 a
2639 1062 130 46 deux,

1607 1113 59 40 du
1692 1113 169 43 format
1889 1131 106 39 23,5
2026 1117 38 39 X
2095 1133 56 40 55
2180 1119 288 45 centimètres.
2501 1122 80 42 Les
2604 1122 167 43 dessins

1609 1175 184 42 doivent
1828 1176 85 43 être
1948 1178 103 43 faits
2087 1195 71 27 sur
2193 1182 150 52 papier
2379 1183 152 55 calque
2569 1183 142 49 blanc,
2750 1184 21 42 à

1609 1239 10 38 1
1642 1251 120 28 encre
1788 1238 51 41 de
1863 1239 158 47 Chine,
2054 1243 57 41 les
2137 1243 124 42 traits
2287 1244 122 43 étant
2434 1254 244 36 nettement
2703 1260 45 30 ac-

1606 1298 130 42 cusés.
1769 1300 80 42 Les
1879 1314 203 40 rapports
2112 1317 192 40 peuvent
2331 1307 86 42 être
2446 1307 227 44 collectifs.

1678 1361 81 42 Les
1800 1375 283 40 rapporteurs
2122 1379 147 31 seront
2309 1368 209 54 désignés,
2560 1385 79 38 par
2682 1370 91 43 leur

1607 1437 109 39 pays
1753 1424 213 53 respectif,
2007 1441 54 26 au
2096 1427 179 43 Comité
2309 1430 370 54 d'organisation,
2719 1434 52 40 de

1611 1485 191 42 manière
1846 1486 113 55 qu'il
2002 1488 144 52 puisse
2188 1505 40 26 se
2270 1500 155 35 mettre
2465 1508 52 27 en
2563 1494 210 43 relations

1609 1561 99 28 avec
1746 1563 98 27 eux.
1886 1549 80 41 Les
2004 1562 205 41 rapports
2247 1553 189 44 devront
2474 1555 205 55 parvenir
2716 1571 55 27 au

1606 1609 180 42 Comité
1824 1611 370 54 d'organisation,
2237 1630 51 26 en
2327 1615 128 54 triple
2492 1618 274 53 expédition,

1607 1686 54 26 au
1690 1672 102 52 plus
1821 1673 98 41 tard
1950 1676 35 41 le
2019 1688 59 40 30
2110 1676 110 41 avril
2258 1691 137 40 1930.
2428 1677 79 44 Les
2536 1681 108 42 trois
2674 1681 72 43 lan-

1607 1749 102 38 gues
1739 1735 60 40 du
1830 1735 200 54 Congrès
2060 1748 104 31 sont
2196 1738 35 41 le
2263 1738 202 54 français,
2498 1741 203 55 l'anglais
2731 1754 40 31 et

1607 1796 276 45 l'allemand»

1677 1858 80 42 Les
1789 1870 206 42 rapports
2025 1872 149 32 seront
2205 1862 227 53 imprimés
2462 1865 110 43 dans
2603 1865 39 44 la
2675 1865 72 43 lan-

1607 1935 80 38 gue
1724 1921 59 41 du
1821 1921 199 55 Congrès
2054 1923 162 43 choisie
2249 1939 78 39 par
2364 1926 36 41 le
2435 1937 262 43 rapporteur
2731 1940 40 31 et

1607 1983 192 53 envoyés
1839 1998 88 27 aux
1967 1985 216 42 membres
2224 1986 60 42 du
2322 1987 200 54 Congrès
2559 2002 61 30 un
2660 1991 112 41 mois

1606 2059 136 34 avant
1770 2046 270 44 l'ouverture
2068 2048 51 41 de
2147 2048 40 42 la
2216 2049 177 43 session»

1675 2107 88 42 Des
1792 2107 188 44 résumés
2009 2109 110 42 d'un
2148 2110 99 43 tiers
2276 2112 50 41 de
2351 2127 122 39 page,
2507 2112 161 56 rédigés
2695 2128 78 40 par

1607 2172 56 40 les
1691 2182 299 41 rapporteurs,
2018 2184 148 30 seront
2192 2173 226 52 imprimés
2446 2175 109 44 dans
2583 2177 56 41 les
2664 2175 109 45 trois

1607 2231 181 55 langues
1823 2232 61 43 du
1917 2233 216 55 Congrès»

1673 2294 122 43 Pour
1833 2295 86 43 être
1956 2296 243 54 imprimés,
2241 2298 57 42 les
2337 2310 204 43 rapports
2582 2299 189 45 devront

1605 2358 207 52 parvenir
1840 2370 136 31 avant
2006 2359 36 42 le
2075 2374 59 39 30
2164 2360 125 43 avril»

1674 2419 59 43 Le
1767 2420 181 43 Comité
1983 2421 356 55 d'organisation
2373 2438 165 40 pourra
2574 2424 198 56 désigner

1606 2482 72 42 des
1706 2493 286 43 rapporteurs
2018 2484 221 54 généraux
2264 2500 117 39 pour
2406 2488 57 42 les
2492 2486 229 56 questions
2748 2488 23 42 à

1606 2544 163 43 l'ordre
1797 2546 59 41 du
1883 2545 119 54 jour»
2033 2546 81 44 Les
2143 2558 206 43 rapports
2374 2548 221 55 généraux
2623 2563 150 31 seront

1605 2606 229 55 imprimés
1872 2608 110 42 dans
2018 2609 57 43 les
2112 2610 108 42 trois
2258 2610 180 56 langues
2475 2611 61 43 du
2571 2611 202 56 Congrès

1604 2684 40 35 et
1675 2669 187 44 adressés
1892 2685 89 28 aux
2012 2672 216 42 membres
2258 2688 52 27 en
2342 2673 140 44 même
2513 2685 143 42 temps
2687 2688 86 44 que

1604 2732 57 41 les
1687 2744 206 42 rapports
1917 2733 288 56 particuliers»

1672 2794 88 43 Des
1787 2796 255 44 excursions
2071 2808 41 32 et
2142 2796 244 54 réceptions
2415 2813 149 31 seront
2593 2798 155 56 organi-

1602 2856 84 43 sées
1728 2873 80 38 par
1849 2858 38 42 le
1927 2858 181 43 Comité
2151 2860 372 54 d'organisation,
2569 2862 205 43 d'accord

1601 2934 100 27 avec
1733 2921 59 42 les
1826 2921 213 42 autorités
2069 2933 41 31 et
2142 2923 36 42 le
2209 2922 182 43 Comité
2422 2922 52 44 de
2504 2921 267 57 Patronage.

1602 2982 87 42 Des
1724 2982 255 44 réductions
2011 2998 73 28 sur
2117 2985 57 41 les
2204 2983 104 55 prix
2341 2985 72 42 des
2443 2984 150 45 billets
2625 2997 149 31 seront

1601 3044 262 44 demandées
1893 3061 89 27 aux
2012 3047 286 54 compagnies
2327 3048 51 42 de
2404 3048 201 44 chemins
2632 3048 52 44 de
2710 3047 64 45 fer

1600 3122 40 31 et
1667 3108 368 55 communiquées
2059 3124 53 27 en
2139 3120 143 43 temps
2306 3121 249 42 opportun»
2583 3109 82 45 Un
2689 3125 64 29 ser-

1599 3170 90 42 vice
1713 3170 50 42 de
1788 3170 226 55 logement
2040 3186 89 28 sera
2152 3172 235 44 constitué»
2413 3172 81 43 Un
2517 3172 182 45 Comité
2722 3173 51 42 de

1600 3233 150 42 dames
1786 3234 253 54 organisera
2078 3236 40 42 la
2154 3234 223 54 réception
2413 3235 73 43 des
2522 3235 148 44 dames
2706 3249 45 29 ac-

1599 3308 308 42 compagnant
1939 3296 58 42 les
2030 3297 322 54 congressistes»

1668 3381 60 43 Le
1757 3382 202 55 Congrès
1991 3398 88 28 sera
2109 3384 210 54 composé
2348 3384 51 43 de
2435 3399 11 27 :

1677 3471 12 26 1
1703 3489 9 9 »
1753 3455 228 45 Membres
2003 3457 206 47 effectifs,
2234 3470 173 42 payant
2428 3473 86 29 une
2533 3457 239 45 cotisation

1600 3518 51 43 de
1691 3534 85 40 175
1814 3519 148 43 francs
1995 3519 79 56 (35
2111 3520 149 55 belgas
2277 3520 31 54 ),
2343 3522 77 55 qui
2454 3532 226 33 recevront
2712 3520 59 43 les

1598 3581 307 54 publications
1936 3583 60 42 du
2027 3582 201 56 Congrès
2261 3595 40 31 et
2331 3595 224 43 pourront
2584 3582 186 57 prendre

1597 3656 102 43 part
1727 3659 90 28 aux
1846 3645 290 48 discussions;
