3246 4252
304 308 314 52 TEK
699 308 59 52 H
840 309 60 52 N
987 300 47 61 É

2704 3784 140 54 161

378 446 105 42 Cela
512 446 177 54 signifie
715 462 84 40 que
828 447 40 42 la
895 458 184 42 rupture
1107 463 52 26 ne
1185 447 127 43 serait
1341 449 21 40 à
1392 448 69 52 pré-

309 509 98 41 voir
442 524 85 39 que
564 524 103 27 sous
703 524 85 27 une
822 510 233 53 surcharge
1089 510 51 41 de
1178 524 22 40 5
1242 510 21 41 à
1307 524 54 28 12
1397 510 88 41 fois

309 571 102 52 plus
445 571 166 54 grande
643 586 84 40 que
761 571 101 43 celle
895 572 78 55 qui
1007 583 62 30 est
1102 570 165 44 admise
1301 586 115 40 pour
1451 571 35 42 le

307 632 152 43 calcul.

378 707 189 43 Partant
597 707 50 42 de
675 723 63 26 ces
768 707 208 43 données,
1009 707 209 43 étudions
1248 708 57 42 les
1334 707 127 41 condi-

312 769 120 42 tions
462 769 50 42 de
540 770 195 41 stabilité
765 770 111 41 d'un
909 769 212 54 plancher
1150 769 115 43 dont
1296 770 39 42 la
1363 771 100 40 char-

311 843 130 41 pente
502 832 128 43 serait
693 831 244 43 constituée
996 846 79 38 par
1135 832 71 42 des
1267 831 110 55 gîtes
1438 832 51 42 de

315 893 231 55 6,5/17,0
581 910 82 26 cm.
701 894 225 42 alternant
958 908 99 28 avec
1090 893 73 43 des
1194 893 212 43 madriers
1439 893 51 42 de

315 956 246 55 3,0/17,0,
597 971 63 27 ces
691 956 135 53 pièces
858 955 122 44 étant
1009 955 22 43 à
1066 971 56 40 33
1157 971 83 27 cm.
1277 956 130 43 d'axe
1438 971 52 26 en

310 1033 94 28 axe.

384 1093 62 42 La
489 1093 128 54 porté
659 1105 62 31 est
765 1091 215 56 supposée
1020 1093 118 54 égale
1181 1094 22 41 à
1248 1108 78 39 4,0
1372 1108 58 28 m.
1481 1108 9 27 :

322 1171 13 26 1
369 1173 54 5 ~
448 1171 96 38 400
572 1171 83 26 cm.

381 1230 68 42 Eu
474 1230 130 54 égard
628 1232 21 40 à
676 1230 39 43 la
743 1230 265 54 répartition
1035 1231 72 42 des
1135 1232 254 54 surcharges
1416 1246 78 41 par

315 1293 35 41 le
380 1293 212 53 plancher
624 1293 50 42 de
703 1293 116 54 pied,
853 1308 60 27 on
942 1303 107 44 peut
1081 1293 414 43 raisonnablement

314 1355 109 42 faire
449 1355 36 42 le
509 1355 137 42 calcul
672 1371 52 26 en
751 1355 280 45 substituant
1060 1356 21 41 à
1109 1355 116 43 deux
1253 1356 110 55 gîtes
1387 1371 80 27 con-

314 1418 210 42 sécutives
561 1434 60 26 un
658 1418 221 42 ensemble
917 1418 303 54 représentant
1256 1434 60 26 un
1353 1418 140 56 profil

315 1480 52 41 de
402 1481 232 54 9,5/17,0
670 1492 177 31 servant
879 1481 21 41 à
934 1491 150 44 porter
1119 1496 85 27 une
1237 1479 173 55 largeur
1446 1482 51 42 de

317 1542 59 42 66
407 1558 82 27 cm.

384 1617 67 41 En
481 1629 238 42 comptant
753 1618 88 42 180
867 1618 71 54 kg.
972 1618 51 42 de
1049 1618 234 55 surcharge
1310 1634 79 39 par
1416 1634 44 28 m
1486 1651 9 16 2,

317 1695 115 27 nous
465 1695 165 28 aurons
666 1680 117 42 donc
815 1696 79 38 par
926 1679 255 44 centimètre
1213 1693 190 31 courant
1438 1681 57 42 du

316 1743 156 53 profil,
505 1758 85 27 une
620 1743 234 54 surcharge
884 1742 157 45 valant

579 1843 86 46 180
691 1843 188 120 Ioo°~
902 1899 58 20 =
990 1884 13 40 I
1018 1884 33 51 ''
1064 1881 59 46 BB
1148 1881 66 59 kg
1219 1917 8 10 '

388 2028 199 43 L'effort
615 2029 50 41 de
693 2028 176 43 tension
898 2028 78 54 (ou
1003 2028 220 57 pression)
1249 2044 87 28 aux
1366 2029 135 43 fibres

319 2091 229 46 extrêmes,
581 2090 162 43 calculé
773 2107 79 38 par
883 2091 39 43 la
955 2091 199 44 formule
1183 2091 177 48 usuelle,
1395 2107 79 28 vau-

320 2154 77 42 dra
425 2154 117 42 donc

811 2314 38 4 _
872 2255 29 45 6
935 2264 38 36 x
1013 2255 61 53 M
1087 2257 58 42 BB
1182 2265 38 36 x
1260 2258 83 42 160
1363 2258 91 40 000

480 2330 63 45 bh
546 2328 18 27 2
583 2323 54 3 ~~
660 2330 94 45 Bb/i
757 2328 19 27 2
962 2331 29 44 8
1031 2338 38 39 X
1103 2332 75 53 9,5
1212 2340 38 37 X
1291 2333 51 42 17
1346 2330 18 28 2

701 2426 56 12 =
784 2405 136 53 51,92
950 2406 150 57 kg/cm
1107 2404 17 27 2

392 2502 128 42 Dans
547 2517 60 27 un
634 2502 233 42 deuxième
891 2517 81 28 cas,
1003 2517 258 38 supposons
1284 2518 85 40 que
1391 2517 117 38 pour

326 2580 84 26 une
439 2565 150 53 portée
618 2565 51 41 de
701 2580 22 40 3
758 2580 58 27 m.
849 2580 77 39 40,
961 2565 40 42 la
1030 2565 239 53 charpente
1297 2565 88 43 soit
1415 2566 68 43 for-

325 2627 91 42 mée
449 2627 51 42 de
531 2627 110 55 gîtes
673 2628 51 42 de
762 2628 230 56 6,5/15,5
1029 2643 83 28 cm.
1148 2627 226 44 alternant
1409 2643 100 28 avec

326 2691 72 41 des
427 2691 136 54 pièces
592 2691 50 42 de
673 2689 175 57 3/15,5
881 2706 84 28 cm.

395 2778 276 43 Admettant
713 2779 40 41 la
796 2779 267 53 répartition
1105 2794 174 28 comme
1320 2779 112 43 dans
1476 2778 36 42 le

325 2841 189 54 premier
555 2857 81 31 cas,
680 2857 115 28 nous
837 2857 180 28 aurons,
1061 2858 52 27 en
1155 2841 274 57 appliquant
1472 2841 38 42 la

327 2904 141 43 même
497 2904 199 43 formule
726 2904 167 43 usuelle

355 3045 16 21 ,
475 3007 27 43 6
538 3014 36 36 X
616 3004 131 56 1,188
782 3014 37 38 X
865 3006 179 44 115600
1164 3045 42 8 _
1237 3044 51 22 1n
1316 3045 7 21 ,
1472 3043 17 23 p

352 3046 19 40 t
401 3065 42 12 =
541 3081 21 16 0
875 3071 49 26 «v
1075 3064 45 13 =
1150 3046 75 47 45,
1242 3046 4 51 i
1263 3046 25 40 2
1316 3046 59 41 k<y
1396 3058 92 29 enr

538 3081 26 45 8
601 3089 44 41 X
681 3083 74 52 9,5
791 3088 43 41 X
876 3083 99 53 15,5
980 3080 17 27 2
1348 3072 25 29 *

399 3181 75 41 On
507 3180 98 43 voit
636 3196 98 39 que,
771 3180 111 42 dans
913 3179 58 43 les
1003 3179 118 43 deux
1152 3194 81 32 cas,
1268 3179 57 43 les
1357 3177 131 43 condi-

331 3245 120 42 tions
485 3244 51 43 de
571 3243 231 43 résistance
838 3255 105 32 sont
981 3243 246 54 largement
1261 3241 250 44 satisfaites.

399 3319 75 42 On
510 3318 207 54 pourrait
752 3318 196 53 objecter
982 3332 85 41 que
1103 3318 40 43 la
1177 3317 182 43 sécurité
1393 3316 123 55 exige

331 3398 84 39 que
453 3382 94 42 l'on
586 3381 113 43 fasse
738 3381 37 43 le
811 3380 139 46 calcul
987 3396 53 28 en
1078 3380 310 55 l'appliquant
1428 3394 88 28 aux

330 3445 156 53 petites
518 3445 137 54 pièces
683 3445 51 42 de
764 3443 125 56 3/17
921 3459 59 27 ou
1012 3444 196 55 3/15,5,
1241 3459 51 27 en
1323 3443 57 42 les
1410 3458 80 27 con-

331 3507 197 43 sidérant
557 3523 175 26 comme
762 3519 189 42 portant
982 3522 85 27 une
1098 3508 174 53 largeur
1303 3506 51 43 de
1386 3506 105 56 plan-

330 3571 99 41 cher
457 3571 51 41 de
539 3586 57 39 33
628 3586 84 26 cm.

401 3647 131 41 Nous
558 3645 147 43 allons
736 3645 108 42 faire
873 3661 41 26 ce
941 3644 152 44 calcul,
1125 3644 102 43 bien
1255 3645 105 55 qu'à
1390 3655 127 32 notre

1636 451 90 40 avis
1766 451 27 41 il
1831 466 26 38 y
1897 452 59 42 ait
1995 453 37 40 là
2072 468 84 26 une
2193 453 282 54 exagération
2514 456 225 47 excessive,
2780 456 20 42 à

1635 527 121 26 cause
1784 513 50 41 de
1862 515 38 41 la
1926 514 226 42 solidarité
2180 515 214 43 résultant
2421 518 59 40 du
2509 518 223 53 plancher»

1704 599 126 42 Dans
1864 600 34 42 le
1926 600 187 53 premier
2141 616 80 34 cas,
2255 618 115 27 nous
2397 618 164 29 aurons
2598 620 8 26 :

1666 743 13 16 ,
1707 756 38 3 _
1783 700 28 42 6
1841 703 42 45 X
1916 700 137 52 0,594
2084 707 44 41 X
2164 699 179 46 160000

1891 776 28 42 8
1942 774 61 56 X
2025 776 27 44 3
2074 774 61 56 X
2163 776 49 44 l?
2217 774 18 28 2

1707 869 127 43 Dans
1862 874 36 41 le
1925 870 229 43 deuxième
2180 886 67 28 cas
2284 887 9 27 :

1707 1025 43 16 =
1783 969 272 66 6_X0,594
2085 974 46 41 X
2169 967 175 48 115600
2375 1028 45 15 _

1867 1043 388 56 8X3X15,5'
2456 1023 130 40 /1,40
2611 1023 63 45 Kg
2695 1023 68 33 cm

1711 1140 74 41 On
1810 1141 97 42 voit
1930 1157 97 39 que,
2053 1141 110 44 dans
2185 1151 107 34 cette
2313 1143 248 54 hypothèse
2586 1144 224 46 excessive,

1644 1202 57 42 les
1731 1214 109 31 taux
1869 1204 50 41 de
1951 1204 158 43 travail
2140 1216 103 31 sont
2271 1220 153 27 encore
2453 1205 290 43 admissibles.

1713 1291 67 42 En
1820 1291 160 45 réalité,
2017 1308 62 27 ces
2113 1304 109 31 taux
2257 1293 50 42 de
2343 1293 157 43 travail
2536 1294 280 42 atteindront

1646 1369 59 26 un
1735 1354 161 43 chiffre
1923 1354 325 45 intermédiaire
2274 1368 120 30 entre
2428 1371 9 26 :

1717 1455 145 40 51,92
1903 1453 39 30 et
1985 1442 138 42 82,21
2166 1442 110 42 dans
2309 1444 36 41 le
2377 1442 187 53 premier
2596 1458 86 31 cas;

1717 1531 147 40 45,12
1904 1528 41 31 et
1987 1532 141 40 71,45
2159 1517 110 42 dans
2295 1518 35 42 le
2356 1518 230 42 deuxième
2613 1534 80 27 cas.

1717 1604 41 42 Si
1799 1605 94 41 l'on
1930 1604 250 54 prétendait
2216 1605 112 55 qu'il
2363 1605 100 43 faut
2498 1606 187 52 ajouter,
2723 1608 21 40 à
2782 1606 38 41 la

1650 1668 232 53 surcharge
1915 1667 50 42 de
2006 1668 87 42 180
2127 1665 139 56 kg/m
2271 1671 14 20 2
2292 1702 7 10 ,
2339 1669 35 41 le
2405 1668 130 53 poids
2569 1684 161 38 propre
2761 1668 59 41 du

1650 1729 211 53 plancher
1882 1729 187 55 (voliges
2092 1742 40 30 et
2156 1729 156 55 gîtes),
2340 1746 59 26 on
2424 1731 202 53 pourrait
2651 1731 173 42 estimer

1650 1808 41 26 ce
1722 1792 171 42 dernier
1921 1792 132 54 poids
2083 1792 21 42 à
2134 1792 188 43 environ
2363 1794 52 41 18
2446 1792 143 55 kg/m
2594 1797 14 21 2
2614 1827 10 10 .

1720 1879 36 45 Il
1790 1879 199 43 faudrait
2022 1879 117 42 donc
2171 1879 174 54 ajouter
2387 1895 53 27 10
2473 1896 83 38 p.c.
2593 1895 87 28 aux
2716 1893 108 30 taux

1652 1943 50 41 de
1738 1942 159 43 travail
1933 1942 179 44 trouvés
2148 1942 368 55 précédemment.
2555 1942 119 44 Mais
2711 1957 115 28 nous

1651 2005 216 43 estimons
1896 2021 84 39 que
2010 2021 41 27 ce
2081 2005 127 43 serait
2238 2021 85 27 une
2353 2005 283 54 exagération
2667 2006 33 42 si
2731 2006 94 41 l'on

1652 2084 21 26 a
1706 2067 190 54 compté,
1930 2084 173 26 comme
2134 2084 114 27 nous
2281 2069 12 41 l
2316 2083 140 27 avons
2488 2067 98 47 fait,
2631 2068 86 42 180
2753 2069 71 52 kg.

1655 2131 50 42 de
1748 2131 246 54 surcharge.
2041 2131 61 42 Ce
2145 2130 162 43 chiffre
2351 2145 191 39 suppose
2587 2131 244 54 largement

1655 2209 85 39 que
1776 2194 35 41 le
1844 2193 132 54 poids
2012 2205 120 31 mort
2163 2209 28 39 y
2225 2205 61 31 est
2320 2194 208 53 compris.

1726 2281 75 41 On
1832 2280 205 53 pourrait
2062 2296 40 27 se
2129 2280 241 43 demander
2396 2281 144 54 quelle
2566 2281 155 54 charge
2749 2280 63 42 iso-

1658 2343 59 42 lée
1745 2357 106 39 peut
1878 2343 85 42 être
1992 2343 234 55 appliquée
2257 2358 53 27 au
2341 2342 151 43 milieu
2521 2343 51 42 de
2599 2343 40 42 la
2667 2341 162 55 portée.

1726 2430 69 42 En
1829 2442 251 42 supposant
2112 2445 60 40 qu
2196 2429 77 43 elle
2304 2429 203 43 intéresse
2539 2429 296 56 uniquement

1661 2493 39 43 la
1730 2493 115 53 pièce
1874 2493 51 42 de
1956 2508 22 40 3
2013 2508 82 27 cm.
2126 2504 40 31 et
2192 2508 51 27 en
2272 2493 253 42 admettant
2554 2508 60 27 un
2647 2502 109 33 taux
2787 2491 49 43 de

1662 2556 158 42 travail
1858 2556 51 42 de
1949 2556 60 42 80
2048 2556 182 55 kg./cm
2236 2559 13 21 2
2255 2589 9 14 ,
2304 2572 115 27 nous
2456 2556 182 42 aurions

2255 2659 24 40 3
2300 2658 55 42 P/

2091 2693 55 21 Orv
2179 2716 41 3 __
2303 2681 22 19 r
2338 2688 9 13 '

2253 2732 26 43 2
2285 2730 84 47 btf

1662 2830 87 41 soit
1782 2845 116 38 pour
1929 2829 57 42 les
2013 2829 189 54 grandes
2229 2828 173 55 portées
2439 2844 9 27 :

1666 2966 57 25 Qr\
1971 2933 47 45 X
2048 2929 90 44 400
2227 2965 30 26 D
2447 2969 22 22 K
2513 2970 6 21 ,

1664 2970 59 42 80
1748 2989 56 12 =
2085 2993 76 22 -=i
2189 2970 69 42 :F
2292 2989 57 12 =
2389 2970 82 42 115
2512 2970 72 50 kç.
2632 2982 206 30 environ.

1826 3006 26 42 2
1886 3013 37 39 X
1954 3006 26 43 3
2009 3014 38 37 X
2087 3007 52 41 17
2144 3004 17 27 2
2545 2998 25 25 *

1735 3103 61 43 Ce
1829 3102 184 44 résultat
2044 3102 185 55 indique
2261 3118 85 28 une
2377 3102 180 43 sécurité
2588 3101 252 45 suffisante,

1667 3166 209 44 d'autant
1907 3165 102 54 plus
2039 3165 135 55 qu'en
2206 3164 148 44 réalité
2387 3165 36 42 le
2453 3164 211 55 plancher
2698 3179 120 38 repor-

1673 3241 88 30 tera
1806 3245 72 26 sur
1922 3229 58 42 les
2025 3228 117 42 deux
2186 3227 110 56 gîtes
2340 3226 193 45 voisines
2579 3240 86 29 une
2709 3224 138 57 partie

1669 3291 275 55 appréciable
1974 3291 50 43 de
2055 3294 39 42 la
2125 3292 156 54 charge
2314 3289 143 45 isolée.

1738 3367 80 43 Un
1864 3365 170 44 dernier
2078 3366 133 54 point
2253 3365 204 55 pourrait
2499 3365 85 42 être
2627 3363 214 54 envisagé,

1668 3431 102 41 c'est
1803 3431 38 41 la
1871 3428 243 44 flexibilité
2142 3429 57 42 du
2232 3428 225 55 plancher.

1739 3505 246 43 Calculons
2020 3506 38 41 la
2091 3504 140 42 flèche
2262 3520 51 26 en
2346 3504 167 53 charge.

1740 3579 103 42 Une
1871 3579 114 54 pièce
2012 3578 158 43 fléchie
2196 3579 50 42 de
2274 3577 148 55 portée
2451 3578 29 46 /,
2509 3577 49 42 de
2585 3577 188 42 hauteur
2800 3577 42 41 /?.

1671 3643 262 43 travaillant
1963 3658 53 26 au
2048 3654 110 30 taux
2191 3650 29 35 £,
2255 3641 141 54 prend
2427 3655 85 28 une
2542 3638 139 43 flèche
