3246 4252
2194 320 312 54 TEK
2584 320 60 54 H
2724 321 60 53 N
2871 312 47 62 É

415 3772 150 55 154

503 460 44 51 b)
585 457 313 54 Propositions
929 457 157 43 idéales
1116 473 49 26 en
1197 473 82 26 vue
1310 458 134 41 d'une
1476 456 101 43 réali-

436 525 145 41 sation
611 524 149 41 future
790 524 57 41 du
879 523 228 53 problème
1138 537 87 27 aux
1258 522 152 54 points
1439 522 51 41 de
1519 535 81 27 vue

433 590 145 43 social,
633 589 291 54 économique
975 600 39 30 et
1068 587 247 53 technique.
1372 586 225 42 Certaines

434 655 308 52 propositions
769 665 223 42 pourront
1019 654 85 42 être
1129 651 239 55 présentées
1395 668 53 26 au
1477 650 92 43 Con-

433 720 92 52 grès
557 734 115 38 pour
703 719 84 41 être
821 718 187 43 étudiées
1042 734 57 26 ou
1133 717 231 53 appuyées.

501 811 18 26 c
537 797 15 52 )
592 796 269 42 Résistances
916 795 201 43 actuelles
1173 793 331 56 (économiques
1561 803 39 32 et

433 861 381 55 réglementaires)
847 876 51 26 en
931 875 83 28 vue
1046 861 134 42 d'une
1211 859 251 43 réalisation
1496 873 76 39 pos-

431 925 107 42 sible
572 926 59 40 du
666 925 241 53 problème.
946 926 59 41 Le
1039 925 200 52 Congrès
1275 934 214 42 acceptera
1527 925 72 40 des

432 990 267 41 résolutions
729 1005 115 38 pour
876 991 240 41 intervenir
1147 1006 50 25 en
1233 990 154 42 faveur
1418 990 59 41 du
1509 1002 66 30 tra-

430 1055 87 42 vail
543 1056 110 41 local
680 1056 72 40 des
776 1071 189 37 groupes
990 1056 266 42 nationaux.

498 1133 79 41 Les
607 1144 205 42 rapports
842 1133 51 41 de
922 1133 139 41 même
1090 1148 83 39 que
1201 1134 57 40 les
1289 1132 308 55 propositions

429 1198 20 40 à
477 1197 217 54 présenter
721 1213 53 26 au
801 1198 199 53 Congrès
1028 1211 148 29 seront
1204 1198 187 42 adressés
1421 1213 51 27 en
1500 1197 97 43 lan-

1751 473 81 38 Gue
1865 457 212 53 française
2110 473 59 26 ou
2203 457 247 43 allemande
2486 473 54 27 au
2572 457 244 46 secrétariat
2850 459 72 41 des

1751 520 199 52 Congrès
1976 520 386 45 internationaux,
2391 519 264 48 Dolderdal,
2688 536 40 39 7,
2758 520 164 43 Zurich

1750 581 212 53 jusqu'au
2002 596 60 39 30
2097 581 99 52 juin
2241 596 137 39 1930.

1818 642 132 41 Tous
1978 643 56 41 les
2062 643 262 42 documents
2350 655 149 30 seront
2524 643 225 42 examinés
2778 659 78 40 par
2882 643 39 44 la

1748 705 291 41 commission
2068 704 298 53 préparatoire
2396 705 59 42 du
2483 705 200 54 Congrès
2712 717 39 30 et
2779 720 78 38 par
2885 705 36 42 le

1751 765 218 42 secrétaire
2002 778 40 30 et
2071 767 210 41 transmis
2311 767 168 41 ensuite
2510 782 88 27 aux
2627 767 188 42 sections
2848 781 50 28 na-

1751 828 200 41 tionales.
1987 828 59 42 Le
2076 828 200 54 Congrès
2309 829 214 41 discutera
2555 828 58 42 les
2645 836 206 46 rapports
2884 838 38 31 et

1748 890 190 52 prendra
1973 905 60 26 ses
2068 890 215 41 décisions
2318 906 72 26 sur
2423 890 58 42 les
2517 891 270 42 résolutions
2819 904 77 39 pro-

1748 951 161 53 posées.
1935 951 36 42 Il
1994 963 61 30 est
2074 951 137 53 prévu
2237 967 84 39 que
2343 952 72 41 des
2436 953 217 41 membres
2674 951 112 44 seuls
2807 953 114 42 aussi

1749 1014 100 40 bien
1887 1029 84 39 que
2008 1014 71 42 des
2117 1014 188 42 sections
2341 1014 249 42 nationales
2627 1015 77 53 qui
2743 1014 179 42 veulent

1747 1091 252 38 prononcer
2036 1077 91 40 leur
2163 1075 92 42 avis
2290 1091 54 26 au
2380 1076 200 54 Congrès
2616 1088 194 43 peuvent
2846 1090 50 27 en-

1748 1151 136 39 voyer
1913 1153 53 26 au
1996 1138 219 42 secrétaire
2241 1138 22 41 à
2294 1138 178 47 Zurich,
2505 1150 136 31 avant
2670 1138 37 42 le
2744 1153 51 40 15
2830 1151 69 39 sep-

1747 1200 181 45 tembre,
1957 1216 61 26 un
2046 1200 168 42 résumé
2241 1200 51 42 de
2319 1200 92 42 leur
2437 1200 320 42 intervention.

427 1370 879 94 Communiqué
1341 1375 750 84 concernant
2118 1372 802 94 l'Exposition

551 1502 531 81 Systèmes
1158 1504 150 74 de
1382 1504 729 77 lotissements
2197 1507 605 74 rationnels

497 1624 313 53 L'exposition
839 1640 21 26 a
889 1639 117 39 pour
1031 1625 82 41 but
1145 1640 9 26 :

471 1694 44 33 i°
556 1686 67 41 De
656 1686 173 42 donner
862 1701 85 27 une
981 1686 178 53 analyse
1192 1687 301 52 comparative
1526 1685 71 42 des

426 1748 296 42 lotissements
755 1748 245 42 réalisables
1034 1749 180 42 suivant
1246 1750 57 42 les
1336 1748 260 53 règlements

427 1810 215 42 existants
673 1811 110 41 dans
815 1811 57 41 les
903 1810 143 43 divers
1077 1825 122 40 pays.

499 1887 24 26 2
532 1880 15 17 0
589 1872 67 41 De
692 1872 254 42 démontrer
985 1884 40 31 et
1064 1872 308 53 d'interpréter
1409 1888 79 40 par
1526 1873 71 42 des

424 1934 159 42 calculs
605 1934 250 54 identiques
879 1946 102 30 tous
1006 1934 56 42 les
1085 1934 126 43 essais
1234 1935 78 55 qui
1338 1936 257 52 envisagent

425 2011 85 27 une
540 1996 312 42 amélioration
884 1997 86 42 soit
1001 1997 50 42 de
1082 1995 238 56 l'hygiène,
1355 1998 86 42 soit
1473 1998 51 42 de
1555 1997 40 43 la

424 2059 260 42 circulation
720 2060 110 41 dans
865 2059 56 42 les
951 2058 140 43 villes.

494 2121 80 41 Les
600 2122 263 42 documents
889 2121 188 43 destinés
1103 2136 88 28 aux
1216 2122 117 42 deux
1359 2122 161 55 parties
1545 2121 52 43 de

425 2195 106 30 cette
552 2183 255 54 exposition
829 2195 149 32 seront
999 2184 194 43 élaborés
1214 2194 39 33 et
1277 2184 82 43 mis
1383 2201 54 26 au
1463 2183 133 56 point

423 2261 80 38 par
536 2261 85 27 une
655 2246 290 42 commission
980 2246 231 53 composée
1247 2247 51 42 de
1333 2246 260 54 Bourgeois,

426 2308 239 46 Henvaux,
693 2308 138 46 Stam,
861 2308 309 54 Verwilghen.
1199 2309 80 43 Les
1304 2309 188 43 sections
1520 2322 52 27 na-

426 2371 188 42 tionales
651 2382 250 35 enverront,
939 2371 213 54 jusqu'au
1197 2386 50 40 15
1289 2373 87 41 mai
1413 2388 35 26 a.
1487 2387 49 32 c.,
1575 2372 22 41 à

427 2434 200 41 l'adresse
654 2434 51 40 de
731 2432 66 43 M.
830 2434 57 43 V.
916 2434 259 54 Bourgeois,
1218 2448 102 40 103,
1351 2449 166 28 avenue
1547 2433 50 44 de

426 2495 194 53 Seghers,
646 2496 242 46 Bruxelles,
915 2497 58 41 les
996 2496 264 42 documents
1282 2496 204 43 suivants
1514 2512 14 27 :

500 2577 44 33 i°
589 2569 77 42 Un
695 2569 333 54 questionnaire
1059 2582 176 32 servant
1261 2571 235 54 d'enquête
1525 2584 72 29 sur

425 2632 58 41 les
513 2632 260 54 règlements
802 2632 162 43 actuels
990 2648 117 39 pour
1136 2635 57 42 les
1222 2633 216 55 quartiers
1468 2632 103 45 d'ha-

425 2694 195 42 bitation
659 2695 77 54 qui
772 2705 268 44 permettent
1076 2695 338 54 l'exploitation
1451 2696 116 44 maxi-

425 2772 125 27 mum
581 2757 58 42 du
669 2757 81 44 sol,

496 2834 24 26 2
529 2827 16 16 0
585 2820 90 42 Des
714 2819 131 53 plans
885 2830 41 33 et
966 2819 171 55 projets
1180 2821 300 53 représentant
1524 2821 71 42 des

423 2881 358 54 aménagements
816 2882 50 42 de
900 2882 217 55 quartiers
1152 2881 306 45 d'habitation
1493 2882 102 57 plus

423 2958 59 27 ou
517 2943 148 44 moins
701 2943 196 47 étendus,
936 2945 87 43 soit
1054 2945 210 48 exécutés,
1301 2946 87 43 soit
1421 2961 51 27 en
1508 2946 87 42 état

423 3006 297 44 d'exécution,
752 3007 86 43 soit
865 3006 242 44 seulement
1133 3008 205 54 projetés.

491 3069 81 41 Les
595 3069 130 54 plans
750 3070 50 41 de
823 3070 217 42 situation
1066 3081 148 31 seront
1235 3085 200 39 pourvus
1458 3070 135 43 d'une

422 3131 139 42 flèche
599 3131 244 55 indiquant
879 3133 36 42 le
955 3133 129 41 nord.
1126 3132 120 43 Pour
1283 3131 306 56 l'exposition,

422 3194 52 42 ils
508 3205 150 31 seront
692 3194 189 42 dessinés
915 3195 21 41 à
974 3195 191 42 l'échelle
1200 3195 51 42 de
1293 3211 14 26 1
1350 3194 134 44 mètre
1519 3210 73 28 sur

425 3271 107 27 200.
571 3257 121 41 Pour
727 3258 58 42 les
820 3257 184 43 terrains
1037 3273 52 27 en
1123 3268 143 44 pente,
1306 3257 284 45 l'indication

421 3319 59 41 du
515 3319 288 45 nivellement
837 3332 61 30 est
934 3319 224 44 désirable.
1197 3321 62 42 La
1294 3321 189 42 hauteur
1519 3320 72 42 des

420 3382 330 42 constructions
779 3382 98 42 doit
905 3382 85 42 être
1019 3382 171 43 éclairée
1218 3398 79 39 par
1328 3383 73 42 des
1430 3397 161 40 coupes

419 3443 51 42 de
498 3443 177 43 terrain.

488 3506 81 41 Les
600 3506 270 43 indications
901 3507 223 43 suivantes
1155 3520 104 31 sont
1288 3509 22 42 à
1343 3507 179 55 joindre
1556 3508 34 43 si

418 3568 208 53 possible,
660 3569 131 42 sinon
823 3570 40 41 la
892 3570 289 43 commission
1214 3570 51 43 de
1294 3570 296 54 l'exposition

418 3646 40 26 se
484 3632 204 53 chargera
717 3632 50 41 de
793 3631 108 43 faire
929 3632 57 42 les
1012 3632 159 44 calculs
1201 3632 252 44 nécessaires
1487 3649 9 27 :

1826 1644 35 26 1.
1903 1628 204 43 Nombre
2137 1629 72 41 des
2240 1628 161 55 étages;

1822 1706 40 26 2.
1903 1691 272 42 Dimension
2206 1692 72 41 des
2309 1691 280 43 habitations
2620 1706 51 27 en
2701 1691 23 43 m
2747 1691 22 43 2
2792 1691 45 43 et
2870 1706 54 27 au

1750 1753 188 42 nombre
1965 1753 73 42 des
2066 1753 214 53 citoyens*

1820 1830 40 38 3.
1902 1815 205 42 Nombre
2138 1816 71 42 des
2240 1815 281 43 habitations
2552 1832 79 38 par
2662 1816 191 45 hectare;

1818 1892 42 38 4.
1902 1877 205 42 Nombre
2138 1878 72 42 des
2238 1877 234 43 habitants
2497 1893 80 39 par
2604 1879 191 46 hectare;

1822 1954 41 40 5.
1905 1940 179 41 Surface
2123 1940 116 42 bâtie
2277 1955 80 38 par
2396 1941 170 42 hectare
2607 1939 191 44 destinée
2838 1955 87 28 aux

1748 2004 268 52 logements;

1822 2064 40 43 6.
1905 2064 179 43 Surface
2123 2064 118 43 bâtie
2278 2079 80 40 par
2396 2065 170 42 hectare
2604 2064 192 44 destinée
2838 2079 87 28 aux

1750 2127 235 54 magasins,
2023 2127 179 42 services
2234 2140 254 36 communs,
2524 2138 77 31 etc.
2616 2143 9 31 ;

1819 2206 40 30 7.
1901 2190 128 42 Cube
2053 2190 51 42 de
2128 2190 309 42 construction
2461 2206 51 26 en
2538 2190 24 54 m
2586 2190 23 54 3
2633 2190 70 54 par
2730 2191 191 45 hectare;

1820 2253 40 41 8.
1903 2253 182 41 Jardins
2118 2267 39 30 et
2186 2253 206 41 verdures
2424 2268 79 39 par
2533 2253 191 44 hectare;

1821 2329 41 40 9.
1905 2314 179 43 Surface
2117 2315 72 42 des
2223 2329 95 28 rues
2352 2330 79 40 par
2465 2315 190 46 hectare;

1786 2392 69 27 10*
1896 2376 108 43 Prix
2026 2378 59 41 du
2109 2376 161 44 terrain
2293 2375 210 55 aménagé
2522 2392 80 39 par
2624 2392 44 28 m
2693 2407 9 14 2,
2727 2376 198 53 exprimé

1749 2455 51 26 en
1831 2439 145 43 unités
2006 2439 267 43 monétaires
2300 2439 61 43 du
2391 2455 111 39 pays
2534 2451 40 31 et
2605 2455 53 27 en
2690 2440 153 42 heures
2875 2439 50 42 de

1750 2502 159 42 travail
1945 2501 197 43 salariées
2176 2502 51 42 de
2262 2501 212 44 l'ouvrier
2507 2501 188 56 qualifié
2729 2502 194 55 (maçon,

1750 2564 235 43 menuisier
2002 2564 39 53 );

1792 2642 68 27 IL
1902 2627 116 42 Date
2054 2627 51 42 de
2139 2626 269 43 l'exécution
2444 2642 58 27 ou
2535 2627 60 42 du
2629 2625 163 56 projet»

1814 2701 178 46 Zurich,
2029 2716 116 27 mars
2185 2715 139 40 1930.

2037 2954 119 36 Par
2221 2953 162 37 suite
2453 2954 151 36 d'un
2672 2954 216 36 contre-

2034 3015 228 40 temps,
2295 3022 159 29 nous
2491 3022 160 30 nous
2681 3022 241 33 voyons

2036 3076 204 37 forcés
2284 3077 82 37 «le
2411 3077 295 37 remettre
2760 3077 38 37 à
2845 3085 79 29 un

2036 3139 259 37 numéro
2316 3138 300 38 ultérieur
2636 3140 61 36 la
2726 3140 165 40 publi-

2034 3201 209 37 cation
2313 3201 83 36 du
2452 3202 269 40 rapport
2775 3202 112 40 pré-

2033 3263 179 37 senté
2274 3270 117 34 par
2446 3263 60 37 le
2560 3263 364 38 Professeur

2032 3324 87 37 W.
2141 3325 266 41 Gropius
2434 3332 80 30 au
2543 3324 272 41 Congrès
2843 3326 81 37 de

2032 3387 332 41 Francfort,
2391 3387 179 38 1929.

2437 3488 70 35 La
2563 3487 361 37 Rédaction.
