3246 4252
332 323 314 52 TEK
728 325 59 53 H
869 326 59 53 N
1017 318 45 61 É

2693 3810 138 55 157

334 463 112 41 tème
473 463 22 41 à
522 463 117 42 deux
667 474 202 32 vantaux
897 464 21 42 à
948 464 241 55 guillotine
1216 478 40 31 et
1284 467 21 41 à
1335 478 150 30 contre-

332 525 146 52 poids,
515 526 139 42 choisi
691 527 146 52 parmi
874 527 57 41 les
966 527 211 52 systèmes
1212 528 297 42 standardisés

332 586 229 55 fabriqués
596 603 50 26 en
681 589 166 53 grande
881 588 101 43 série
1018 604 78 38 par
1131 589 71 42 des
1237 589 145 44 usines
1418 590 69 53 spé-

332 649 201 41 cialisées.

402 711 80 42 Les
513 723 149 42 portes
694 725 104 30 sont
831 727 51 26 en
914 712 65 41 fer
1013 729 58 25 ou
1105 729 50 26 en
1188 713 112 46 bois,
1337 714 172 43 traitées

335 774 110 41 dans
488 774 57 41 les
586 773 261 43 conditions
891 774 250 55 identiques
1183 789 89 28 aux
1316 776 192 42 croisées.

333 835 80 41 Les
446 835 231 43 huisseries
712 851 59 27 ou
806 836 116 42 bâtis
960 837 72 42 des
1067 847 148 43 portes
1251 851 103 29 sont
1391 854 95 37 pres-

329 912 84 39 que
443 898 210 52 toujours
683 913 50 27 en
766 898 78 41 fer.
877 899 80 41 Les
987 913 240 39 panneaux
1259 901 71 41 des
1359 911 148 43 portes

331 975 51 25 en
416 960 99 41 bois
547 972 104 30 sont
686 960 243 43 constitués
963 962 51 40 de
1046 976 240 38 panneaux
1322 964 51 41 de
1406 978 78 26 con-

332 1022 229 55 treplaqué
597 1038 50 26 en
684 1023 103 54 cinq
825 1023 252 52 épaisseurs,
1117 1038 99 28 avec
1255 1025 167 50 emploi
1460 1024 49 41 de

331 1085 97 41 bois
456 1085 51 41 de
532 1085 136 41 choix
693 1100 116 38 pour
836 1085 57 42 les
920 1097 273 41 parements;
1223 1086 58 42 les
1308 1087 201 43 battants

330 1160 104 30 sont
471 1147 244 42 constitués
751 1147 260 43 d'éléments
1044 1148 207 42 chevillés
1286 1161 39 31 et
1362 1148 144 45 collés,

329 1209 341 55 contreplaqués
698 1225 89 26 aux
816 1221 273 42 parements;
1121 1212 35 41 le
1184 1222 101 32 tout
1314 1212 51 42 de
1393 1211 116 43 forte

329 1271 217 53 épaisseur
583 1272 151 41 donne
768 1272 72 42 des
874 1283 148 42 portes
1058 1273 50 42 de
1143 1273 84 42 très
1262 1273 69 43 bel
1366 1285 143 42 aspect

330 1334 229 42 n'offrant
593 1350 144 26 aucun
773 1334 146 55 risque
955 1335 51 42 de
1039 1335 367 55 gauchissement.

399 1400 80 42 Les
516 1416 199 29 serrures,
755 1400 243 54 paumelles
1036 1413 39 30 et
1112 1412 103 32 tous
1252 1401 168 43 articles
1460 1402 49 41 de

327 1463 303 53 quincaillerie
666 1475 105 31 sont
804 1463 408 54 particulièrement
1246 1464 195 53 soignés;
1480 1463 29 41 il

329 1525 186 42 n'existe
551 1541 117 38 pour
703 1526 101 41 bien
841 1526 92 42 dire
970 1541 168 28 aucune
1172 1541 166 28 serrure
1371 1541 111 38 appa-

329 1599 133 34 rente,
506 1588 40 42 la
583 1588 186 54 plupart
806 1600 106 31 sont
950 1589 143 53 logées
1131 1588 110 44 dans
1280 1590 72 42 des
1390 1605 89 27 mor-

327 1651 127 42 taises
479 1651 208 42 réservées
712 1651 111 42 dans
849 1652 58 42 les
931 1663 163 42 portes,
1124 1652 56 42 les
1208 1651 204 43 battants
1437 1653 72 41 des

327 1724 149 42 portes
502 1725 105 31 sont
635 1713 242 43 renforcées
903 1714 111 43 dans
1041 1715 40 42 la
1107 1714 151 54 région
1288 1715 72 42 des
1388 1729 91 28 mor-

324 1775 142 43 taises»

396 1839 81 41 Les
500 1839 193 43 escaliers
715 1850 105 32 sont
839 1855 52 27 en
914 1839 79 47 fer,
1019 1840 53 42 ils
1092 1851 105 32 sont
1220 1839 168 44 réalisés
1410 1854 99 29 avec

327 1901 72 42 des
428 1901 212 43 éléments
669 1902 51 42 de
745 1901 147 44 volées
921 1902 165 43 droites
1117 1915 40 31 et
1183 1902 160 55 paliers
1372 1904 114 42 inter-

328 1963 225 45 médaires,
597 1964 151 43 munis
789 1965 51 42 de
881 1980 172 39 rampes
1091 1978 298 40 comprenant
1429 1980 53 40 po-

327 2038 132 30 teaux
484 2038 39 31 et
545 2027 76 43 lice
643 2043 50 26 en
719 2027 105 43 tube
848 2028 51 42 de
920 2028 79 46 fer,
1030 2028 37 42 le
1088 2039 103 32 tout
1212 2027 293 44 standardisé.

326 2089 82 42 Ces
440 2089 193 43 escaliers
668 2089 157 44 établis
856 2105 117 39 pour
1003 2091 37 43 le
1070 2106 68 27 cas
1169 2091 51 42 de
1251 2106 172 28 secours
1455 2106 53 27 ne

326 2164 174 31 servent
535 2168 78 38 pas
653 2168 54 26 au
746 2152 171 43 service.
959 2153 82 42 Les
1079 2154 197 42 marches
1313 2168 52 28 en
1403 2164 105 31 sont

326 2214 267 44 constituées
631 2230 79 38 par
748 2215 73 43 des
860 2214 137 44 dalles
1034 2214 361 44 confectionnées
1435 2231 73 27 sur

324 2278 122 51 p*ace
475 2293 52 27 en
562 2277 165 45 ciment
762 2278 254 54 saupoudré
1049 2278 218 43 d'abrasif
1298 2290 210 43 reposant

326 2355 71 27 sur
423 2340 37 43 le
485 2340 201 55 coffrage
711 2340 147 43 formé
882 2357 80 38 par
990 2341 233 44 l'ossature
1248 2357 51 26 en
1328 2340 82 44 tôle
1435 2341 73 43 des

324 2403 212 44 marches.

393 2469 172 43 L'accès
599 2485 90 27 aux
721 2469 144 43 divers
899 2469 141 55 étages
1072 2482 63 32 est
1166 2470 153 53 réputé
1354 2470 154 43 devoir

324 2548 40 26 se
400 2531 110 44 faire
548 2532 352 43 exclusivement
936 2549 80 38 par
1053 2533 73 43 des
1164 2548 267 32 ascenseurs;
1472 2533 36 41 le

325 2595 190 43 nombre
545 2595 50 42 de
625 2595 172 43 ceux-ci
827 2595 123 44 étant
978 2612 52 26 en
1063 2595 211 44 fonction
1306 2597 51 42 de
1388 2595 96 45 l'im-

324 2669 211 43 portance
562 2658 51 43 de
638 2658 292 44 l'immeuble.
962 2658 59 44 Ils
1049 2670 105 32 sont
1181 2658 328 55 généralement

322 2721 192 54 groupés
539 2721 112 43 dans
676 2736 86 28 une
787 2736 59 28 ou
873 2721 117 43 deux
1015 2720 175 44 trémies
1215 2737 73 27 sur
1316 2722 73 42 des
1412 2721 72 55 gui-

323 2784 130 54 dages
484 2799 51 28 en
567 2784 66 43 fer
663 2783 160 55 simple
856 2784 45 41 T
934 2783 187 56 profilés
1153 2796 41 31 et
1224 2785 189 42 rabotés.
1448 2783 59 43 Ils

322 2860 105 30 sont
459 2847 21 42 à
517 2847 84 43 très
633 2847 167 55 grande
831 2848 157 42 vitesse
1019 2846 168 57 (334
1223 2847 156 43 mètres
1411 2848 23 42 à
1467 2846 40 42 la

322 2910 186 42 seconde
524 2909 17 55 )
568 2921 291 33 notamment
884 2912 58 42 les
969 2909 157 44 directs
1150 2923 40 31 et
1216 2909 291 45 semi-directs

324 2972 189 44 destinés
554 2989 90 27 aux
683 2973 142 55 étages
866 2973 246 54 supérieurs
1154 2990 59 26 ou
1255 2974 22 42 à
1321 2973 187 43 certains

321 3036 156 52 étages.
515 3036 346 43 L'accélération
898 3048 40 31 et
972 3037 37 42 le
1044 3036 198 54 freinage
1277 3049 105 31 sont
1417 3037 68 42 réa-

322 3099 97 43 lisés
460 3115 117 27 pour
621 3099 171 43 réduire
833 3115 54 27 au
932 3099 246 43 minimum
1225 3098 56 45 les
1324 3099 157 54 impres-

322 3163 120 41 sions
473 3162 301 55 désagréables
801 3178 118 39 pour
947 3163 203 54 l'usager.
1182 3164 61 41 Le
1272 3162 209 44 fonction-

322 3238 182 31 nement
535 3226 51 42 de
619 3242 63 27 ces
714 3241 247 28 ascenseurs
992 3237 62 32 est
1084 3225 86 45 fait
1201 3241 83 35 par
1314 3242 61 27 un
1409 3241 73 32 per-

322 3289 158 42 sonnel
524 3288 159 43 affecté
726 3289 22 42 à
790 3305 42 28 ce
874 3288 179 48 service;
1098 3289 149 44 l'arrêt
1286 3290 22 41 à
1352 3288 156 55 l'étage

322 3352 112 43 n'est
471 3368 77 38 pas
586 3351 315 56 automatique
939 3364 41 32 et
1017 3368 62 27 un
1117 3352 209 55 employé
1362 3351 145 44 exercé

321 3431 145 26 assure
506 3415 149 43 l'arrêt
698 3431 100 27 avec
839 3431 85 27 une
965 3415 218 55 précision
1223 3415 113 55 qu'il
1378 3415 129 42 serait

319 3478 264 50 impossible
614 3478 230 43 d'obtenir
873 3495 80 32 par
986 3495 61 26 un
1081 3478 189 55 système
1301 3490 176 31 automa-

320 3541 122 50 tique
470 3558 59 25 vu
559 3543 58 42 les
645 3542 222 55 décalages
895 3542 20 42 à
945 3542 170 50 chaque
1143 3542 120 54 étage
1288 3558 81 38 par
1395 3542 111 43 suite

319 3604 73 42 des
421 3605 188 51 grandes
642 3605 178 43 vitesses
849 3604 266 55 pratiquées.
1150 3605 42 43 A
1224 3606 170 54 chaque
1427 3620 52 30 pa-

318 3667 77 43 lier
431 3683 61 27 un
529 3667 162 44 cadran
728 3683 100 28 avec
865 3667 180 56 aiguille
1081 3666 186 57 indique
1304 3669 41 42 la
1383 3667 97 56 posi-

1660 470 96 41 tion
1782 483 40 30 et
1849 472 34 41 le
1907 488 95 27 sens
2028 474 49 41 de
2104 489 288 30 mouvement
2417 478 49 42 de
2489 479 167 55 chaque
2685 495 118 28 ascen-

1658 547 110 27 seur.
1815 534 82 41 Sur
1940 550 62 27 ces
2048 536 160 42 mêmes
2252 538 170 52 paliers,
2467 539 117 43 deux
2627 541 200 44 boutons

1660 594 177 53 d'appel
1870 608 268 40 permettent
2170 599 50 41 de
2254 600 188 54 signaler
2473 617 88 27 aux
2594 602 233 44 différents

1659 656 228 54 employés
1912 659 272 42 d'ascenseur
2209 676 72 27 sur
2306 677 60 26 un
2392 663 174 43 tableau
2593 664 234 45 lumineux

1662 718 153 54 l'étage
1850 721 160 53 auquel
2048 736 39 26 se
2124 733 211 33 trouvent
2373 725 72 41 des
2481 740 238 38 personnes
2756 728 48 41 de-

1662 781 219 43 mandant
1914 783 38 40 la
1985 783 177 42 montée
2195 800 58 26 ou
2286 786 39 40 la
2358 786 208 43 descente.

1730 842 34 41 L
1787 858 76 26 eau
1904 844 168 43 chaude
2113 845 29 45 ,1
2164 861 77 27 eau
2279 847 146 43 froide
2462 861 40 31 et
2542 851 11 40 1
2576 865 76 27 eau
2692 851 137 53 glacée

1660 904 264 43 alimentent
1973 908 56 41 les
2076 907 235 44 différents
2357 910 159 42 locaux
2565 913 50 40 de
2662 914 167 53 chaque

1660 965 132 55 étage.
1831 967 80 42 Les
1944 969 316 43 canalisations
2295 972 127 42 d'eau
2457 985 102 31 sont
2593 974 213 43 exclusive-

1663 1041 122 30 ment
1830 1045 50 26 en
1926 1030 64 41 fer
2032 1031 226 53 galvanisé
2301 1047 98 28 avec
2444 1035 267 55 assemblage
2754 1052 78 38 par

1660 1092 250 41 manchons
1957 1104 40 30 et
2044 1093 198 55 filetages
2285 1095 211 56 coniques
2542 1099 26 40 d
2591 1098 240 43 étanchéité

1660 1153 190 52 parfaite
1883 1169 100 27 sans
2017 1155 167 54 emploi
2221 1158 50 40 de
2307 1158 143 52 joints
2485 1160 50 41 de
2570 1159 160 45 filasse.
2768 1158 62 45 La

1658 1216 198 52 pression
1891 1217 50 41 de
1971 1218 111 41 l'eau
2112 1219 51 41 de
2192 1221 39 40 la
2261 1220 103 42 ville
2394 1221 121 43 étant
2544 1223 287 43 insuffisante

1660 1292 115 38 pour
1816 1294 166 26 assurer
2024 1280 349 44 l'alimentation
2415 1284 71 41 des
2526 1283 139 55 étages
2705 1286 101 52 supé-

1660 1340 148 45 rieurs,
1845 1341 111 42 l'eau
1987 1342 228 43 nécessaire
2243 1345 21 40 à
2293 1360 63 26 ces
2383 1345 139 55 étages
2549 1359 62 30 est
2640 1347 191 43 refoulée

1660 1402 110 42 dans
1803 1404 72 42 des
1907 1404 231 43 réservoirs
2171 1405 140 54 placés
2344 1408 20 41 à
2398 1419 62 31 cet
2490 1408 108 43 effet
2631 1410 109 42 dans
2775 1410 56 42 les

1659 1465 140 54 étages
1829 1466 265 53 supérieurs;
2126 1468 193 43 d'autres
2351 1470 229 43 réservoirs
2608 1486 102 29 sont
2739 1471 69 56 pla-

1659 1527 62 42 cés
1766 1528 110 42 dans
1919 1529 186 42 certains
2147 1530 140 55 étages
2330 1533 345 43 intermédiaires
2718 1550 114 39 pour

1659 1590 134 42 éviter
1826 1593 57 41 les
1917 1603 103 42 trop
2054 1593 187 53 grandes
2274 1594 221 53 pressions
2529 1596 110 42 dans
2674 1597 57 42 les
2765 1611 44 27 ca-

1661 1653 265 43 nalisations
1968 1654 51 42 de
2062 1654 251 44 dérivation
2359 1668 39 31 et
2441 1666 178 34 surtout
2661 1673 72 28 sur
2777 1660 56 41 les

1660 1715 212 43 robinets.
1909 1716 155 44 Toute
2100 1717 39 42 la
2174 1718 283 44 robinetterie
2490 1733 61 29 est
2584 1720 226 54 particuliè-

1660 1789 169 31 rement
1870 1778 197 55 soignée;
2114 1781 57 42 les
2213 1781 248 54 garnitures
2504 1783 72 41 des
2618 1782 211 45 robinets,

1660 1839 113 43 fibre
1804 1856 58 27 ou
1891 1842 289 47 caoutchouc,
2215 1854 104 32 sont
2349 1844 50 42 de
2431 1844 83 43 très
2542 1844 150 43 bonne
2723 1861 82 39 qua-

1660 1903 75 42 lité
1768 1915 40 31 et
1841 1915 83 31 ont
1960 1920 60 27 un
2056 1920 129 39 usage
2217 1906 230 54 beaucoup
2480 1907 101 54 plus
2615 1907 218 55 prolongé

1658 1966 134 54 qu'en
1827 1966 177 43 France.

1728 2028 80 43 Les
1844 2029 278 43 Américains
2156 2042 83 32 ont
2272 2032 187 53 apporté
2493 2047 84 28 une
2612 2033 221 42 recherche

1658 2102 125 31 toute
1804 2091 277 54 particulière
2105 2093 110 43 dans
2243 2093 39 43 la
2307 2094 269 43 fabrication
2603 2096 71 42 des
2699 2111 107 37 appa-

1658 2154 98 41 reils
1808 2155 400 54 d'hydrothérapie
2257 2168 40 31 et
2347 2157 51 42 de
2446 2157 218 43 sanitaire.
2719 2158 115 42 Leur

1658 2232 161 27 avance
1846 2218 21 41 à
1895 2233 42 27 ce
1965 2218 115 53 sujet
2107 2230 61 31 est
2196 2216 302 47 considérable
2527 2232 100 31 tant
2654 2220 111 43 dans
2793 2220 39 43 la

1658 2279 205 43 diversité
1892 2292 40 30 et
1957 2283 40 41 la
2022 2281 244 54 perfection
2295 2282 72 42 des
2393 2282 194 43 modèles
2613 2299 84 39 que
2723 2284 111 43 dans

1659 2342 39 42 la
1731 2343 169 54 qualité
1929 2343 51 42 de
2011 2344 40 42 la
2082 2341 287 46 fabrication.

1727 2404 60 43 Le
1818 2406 239 54 chauffage
2088 2418 61 31 est
2181 2408 59 41 du
2272 2408 188 53 système
2491 2408 22 41 à
2545 2409 40 42 la
2617 2423 165 38 vapeur
2812 2408 21 41 à

1659 2467 121 42 basse
1818 2468 191 46 tension,
2053 2468 115 43 dont
2206 2470 40 42 la
2285 2484 149 28 source
2473 2469 264 57 calorifique
2774 2481 60 31 est

1658 2545 51 27 en
1744 2546 279 38 provenance
2058 2532 135 42 d'une
2225 2531 306 44 installations
2563 2533 188 43 centrale
2783 2548 50 26 en

1659 2594 196 41 sous-sol
1885 2594 116 42 dont
2027 2594 30 44 il
2085 2609 89 28 sera
2201 2595 121 53 parlé
2350 2595 100 54 plus
2479 2595 109 43 loin.
2619 2596 64 43 La
2712 2596 98 55 régu-

1659 2655 232 43 larisation
1931 2657 51 43 de
2022 2657 40 42 la
2099 2658 295 53 température
2430 2670 61 32 est
2529 2659 193 43 obtenue
2756 2674 78 39 par

1658 2719 71 42 des
1756 2720 291 42 thermostats
2072 2721 142 53 placés
2239 2721 110 41 dans
2377 2722 56 42 les
2459 2720 259 44 différentes
2743 2721 68 53 piè-

1658 2797 84 31 ces;
1790 2782 166 55 malgré
1996 2798 64 27 ces
2102 2783 266 54 dispositifs,
2414 2784 36 41 le
2491 2783 168 55 réglage
2702 2785 50 42 de
2795 2783 39 42 la

1659 2844 295 52 température
1979 2845 123 43 laisse
2130 2846 192 55 quelque
2345 2862 82 37 peu
2455 2847 21 42 à
2503 2846 171 43 désirer.

1726 2908 288 43 L'électricité
2036 2919 74 35 est,
2135 2924 58 27 ou
2216 2909 180 43 fournie
2416 2926 79 38 par
2518 2909 316 44 l'installation

1658 2971 189 44 centrale
1871 2987 50 26 en
1950 2971 207 45 sous-sol,
2185 2987 59 27 ou
2270 2971 113 56 prise
2408 2989 73 26 sur
2507 2975 37 41 le
2569 2986 189 30 courant
2785 2973 49 43 de

1659 3035 39 42 la
1744 3034 285 55 Compagnie
2079 3034 309 43 d'Electricité.
2437 3036 60 42 Le
2542 3047 188 31 courant
2775 3048 59 31 est

1658 3097 327 52 généralement
2015 3097 217 43 distribué
2260 3114 102 27 sous
2396 3114 92 27 220
2518 3100 120 41 volts
2666 3112 39 30 et
2734 3111 100 31 tout

1660 3160 330 55 l'appareillage
2020 3172 61 31 est
2111 3160 146 43 étudié
2286 3177 51 26 en
2370 3161 309 55 conséquence.

1728 3223 176 42 Toutes
1956 3224 57 41 les
2061 3223 317 44 canalisations
2431 3224 252 55 électriques
2733 3236 101 31 sont

1658 3286 164 53 placées
1846 3302 103 26 sous
1971 3286 127 44 tubes
2121 3286 212 44 encastrés
2357 3288 110 42 dans
2489 3286 251 55 l'épaisseur
2763 3288 71 42 des

1660 3364 136 28 murs,
1846 3365 57 26 ou
1952 3349 160 54 noyées
2161 3350 110 42 dans
2319 3351 57 42 les
2422 3349 231 55 plafonds.
2704 3349 130 42 Tout

1660 3412 344 55 l'appareillage,
2041 3412 325 55 interrupteurs
2403 3425 40 31 et
2474 3413 134 54 prises
2643 3414 51 41 de
2730 3427 78 28 cou-

1659 3486 113 31 rant.
1802 3488 61 30 est
1890 3476 191 43 encastré
2109 3476 110 42 dans
2246 3476 57 42 les
2331 3490 142 31 murs;
2502 3476 111 42 seuls
2640 3476 57 42 les
2723 3477 82 42 bou-

1658 3549 103 31 tons
1788 3551 40 30 et
1852 3538 184 56 plaques
2062 3553 104 31 sont
2194 3551 251 41 apparents.
2474 3538 80 44 Les
2583 3538 164 54 lampes
2778 3552 53 29 au

1658 3601 195 44 phfond
1895 3613 104 31 sont
2039 3601 312 43 commandées
2391 3617 79 39 par
2511 3603 321 52 interrupteurs

1656 3664 142 54 p!ac?s
1830 3665 110 42 dans
1972 3666 57 41 les
2061 3681 142 28 murs;
2239 3665 56 42 les
2326 3665 216 54 appareils
2575 3679 115 39 pour
2720 3665 84 41 lam-
