3246 4252
2690 3846 141 56 153

321 834 592 71 SUPPLÉMENT
948 850 420 59 MENSUEL
1403 850 673 64 D'INFORMATION
2104 859 46 56 &
2180 862 104 55 DE
2311 862 504 68 TECHNIQUE

316 990 470 71 TROISIÈME
828 1005 292 60 ANNEE
1150 1007 487 68 (NOUVELLE
1688 1012 276 68 SERiE)
1991 1014 253 60 -1930.
2272 1047 23 12 -
2330 1018 370 60 NUMERO
2740 1022 80 55 10

316 1301 144 109 III
465 1309 48 38 e
671 1283 721 132 CONGRÈS
1565 1306 1259 117 INTERNATIONAL

316 1497 1467 116 D'ARCHITECTURE
1981 1502 843 116 MODERNE

316 1700 530 63 BRUXELLES,
925 1701 420 57 OCTOBRE
1424 1700 35 63 ;
1494 1700 139 63 1930

315 1845 526 52 Communiqué
907 1848 452 46 concernant
1425 1847 112 48 les
1602 1852 357 48 rapports
2023 1853 409 47 nationaux

384 2053 61 43 Le
477 2055 203 56 Congrès
714 2058 52 43 de
798 2058 241 47 Francfort
1072 2063 120 44 avait
1223 2063 63 45 été
1317 2065 183 57 préparé

314 2131 81 39 par
444 2117 73 44 des
564 2120 359 54 questionnaires
974 2125 190 44 adressés
1214 2143 90 28 aux
1354 2130 146 43 divers

315 2194 192 40 groupes
539 2183 257 44 nationaux
828 2197 40 31 et
899 2187 81 55 qui
1011 2188 206 45 devaient
1250 2190 161 47 établir
1441 2194 59 42 les

314 2243 262 45 conditions
601 2247 205 44 actuelles
832 2249 52 42 de
912 2249 294 47 l'habitation
1236 2255 261 44 minimum.

315 2305 63 43 La
409 2306 249 46 discussion
691 2310 52 42 de
773 2326 64 28 ces
868 2312 266 45 documents
1163 2318 144 43 aurait
1336 2319 164 54 permis

314 2367 23 43 à
374 2369 273 45 l'assemblée
684 2373 73 43 des
790 2376 310 53 congressistes
1135 2378 52 43 de
1220 2378 184 56 préciser
1439 2395 62 30 ses

314 2431 94 44 avis
442 2448 52 27 en
528 2449 85 28 vue
647 2435 61 44 du
738 2437 234 54 problème
1003 2439 140 45 entier
1174 2453 42 32 et
1249 2441 251 57 d'appuyer

314 2509 53 28 en
394 2494 144 46 même
559 2508 146 44 temps
725 2499 41 43 la
788 2501 112 43 lutte
920 2501 74 44 des
1014 2517 192 41 groupes
1226 2505 271 45 nationaux.

314 2556 70 44 En
423 2557 123 52 effet,
586 2561 59 43 les
684 2561 207 57 réponses
927 2579 90 29 aux
1053 2567 360 54 questionnaires
1448 2584 54 28 ne

314 2619 156 46 furent
491 2637 80 39 pas
593 2623 246 55 présentées
864 2627 137 44 d'une
1025 2628 194 46 manière
1242 2630 257 45 suffisante.

314 2682 71 44 En
425 2684 142 45 même
604 2698 159 44 temps,
804 2690 38 43 le
880 2689 204 56 Congrès
1124 2693 146 44 refusa
1307 2693 53 45 de
1398 2709 78 42 pro-

316 2761 166 29 noncer
513 2764 84 28 son
632 2750 94 44 avis
760 2751 137 44 d'une
930 2752 135 55 façon
1100 2755 186 46 décisive
1319 2771 52 30 en
1407 2757 70 43 exi-

315 2822 134 42 geant
488 2812 41 43 la
569 2812 291 56 préparation
902 2816 53 43 de
991 2816 216 57 quelques
1248 2819 253 56 problèmes

314 2872 209 55 spéciaux
557 2890 83 39 par
672 2875 74 44 des
778 2879 318 44 commissions
1129 2891 42 32 et
1204 2897 81 41 par
1319 2881 72 47 des
1423 2899 52 28 en-

315 2936 151 55 quêtes
500 2936 341 60 scientifiques..

383 2997 65 46 La
477 3000 315 46 Commission
823 3004 80 55 qui
933 3004 75 44 fut
1037 3007 181 55 chargée
1249 3007 170 46 ensuite
1448 3009 53 43 de

314 3062 206 55 préparer
545 3063 37 44 le
604 3064 203 57 Congrès
830 3067 52 43 de
903 3067 235 45 Bruxelles
1162 3082 63 32 est
1251 3072 250 52 cependant

316 3125 143 43 d'avis
489 3142 85 40 que
606 3128 52 43 de
689 3128 122 45 telles
842 3129 152 45 études
1024 3131 204 55 spéciales
1258 3135 212 42 demande-

315 3188 145 45 raient
480 3189 104 55 plus
607 3191 53 43 de
682 3203 146 43 temps
849 3204 42 33 et
915 3194 104 55 plus
1044 3194 213 46 d'efforts
1281 3197 221 45 matériels

315 3263 42 32 et
387 3253 262 53 personnels
680 3255 138 55 qu'ils
852 3271 53 28 ne
937 3269 107 33 sont
1074 3258 22 42 à
1131 3259 275 54 disposition
1440 3261 60 42 du

315 3314 218 57 Congrès,
568 3316 174 46 d'autre
771 3330 116 43 part,
920 3319 33 44 il
985 3331 64 33 est
1082 3320 216 46 désirable
1326 3338 87 42 que
1444 3323 58 43 les

312 3377 145 43 divers
476 3394 193 40 groupes
691 3380 256 45 nationaux
969 3394 272 35 trouveront
1263 3383 239 46 l'occasion

315 3441 52 43 de
392 3441 186 54 préciser
604 3443 137 43 d'une
768 3444 195 44 manière
987 3446 104 54 plus
1115 3446 174 45 intense
1316 3447 94 45 leur
1434 3449 68 44 vie

314 3519 53 28 en
399 3519 85 28 vue
514 3505 61 44 du
602 3507 246 56 problème.

384 3566 82 45 Les
493 3584 192 40 groupes
711 3570 256 45 nationaux
993 3584 105 32 sont
1125 3573 118 44 donc
1267 3574 187 55 engagés
1479 3574 23 43 à

315 3631 205 48 adresser,
550 3647 81 39 par
656 3633 59 43 les
740 3633 123 45 soins
889 3634 52 44 de
968 3636 114 43 leurs
1110 3634 214 57 délégués,
1352 3652 63 29 un
1442 3652 58 30 ou

315 3693 221 55 plusieurs

1723 2067 210 43 rapports
1964 2073 75 28 sur
2070 2059 42 43 la
2144 2060 208 53 question
2387 2061 51 42 de
2469 2060 294 43 l'habitation

2102 2145 247 44 minimum

1651 2256 78 54 qui
1775 2268 151 32 seront
1971 2258 220 54 présentés
2237 2274 54 27 au
2337 2260 215 54 Congrès.
2603 2261 158 56 Quant
2806 2263 22 42 à

1653 2319 11 40 l
1688 2318 186 43 étendue
1909 2332 40 30 et
1985 2336 88 27 aux
2109 2321 112 43 idées
2257 2322 51 42 de
2343 2338 63 27 ces
2443 2336 221 41 rapports,
2701 2326 31 43 il
2767 2334 62 33 est

1652 2381 124 43 laissé
1806 2393 125 32 toute
1962 2383 154 42 liberté
2147 2399 89 28 aux
2269 2400 203 39 groupes.
2506 2387 81 43 Les
2617 2387 213 55 quelques

1652 2443 113 43 idées
1794 2446 225 42 suivantes
2046 2447 134 42 n'ont
2210 2447 116 42 donc
2352 2448 105 55 qu'à
2486 2448 134 43 servir
2648 2451 51 42 de
2726 2464 78 40 pro-

1651 2507 226 55 positions
1916 2524 10 26 :

1721 2570 55 53 a)
1806 2570 283 44 Conditions
2112 2571 245 54 objectives
2380 2573 349 57 (économiques,
2759 2589 47 27 so-

1651 2632 127 43 ciales
1820 2645 40 30 et
1904 2633 264 55 législatives
2186 2635 16 54 )
2243 2635 60 42 du
2346 2635 231 55 problème
2619 2637 111 44 dans
2773 2637 58 44 les

1653 2695 144 43 divers
1825 2711 124 38 pays.
1977 2696 60 43 Le
2062 2698 335 54 questionnaire
2423 2699 18 42 I
2468 2700 60 42 du
2554 2698 200 56 Congrès
2780 2700 51 45 de

1653 2758 239 43 Francfort
1925 2774 166 39 pourra
2125 2761 135 41 servir
2294 2776 173 28 comme
2501 2762 101 42 base
2636 2763 52 43 de
2722 2763 88 42 l'ex-

1651 2821 105 56 posé
1790 2837 9 26 :

1729 2892 45 33 i°
1815 2884 106 43 Etat
1951 2886 139 42 actuel
2124 2886 53 42 de
2206 2886 270 43 l'évolution
2509 2888 158 43 sociale
2697 2888 111 56 (agri-

1652 2947 170 42 culture
1850 2959 40 31 et
1915 2948 232 44 industrie,
2177 2949 235 43 tendances
2438 2949 248 45 collectives
2712 2952 52 42 de
2790 2950 41 44 la

1651 3011 69 41 vie
1736 3009 32 55 )♦

1726 3081 48 33 2°
1816 3073 281 43 Conditions
2132 3074 316 55 économiques
2484 3076 51 42 de
2568 3079 40 41 la
2641 3075 163 57 popula-

1653 3135 97 41 tion
1780 3136 202 42 ouvrière
2010 3136 194 54 (salaires
2232 3150 41 30 et
2303 3136 177 60 loyers).

1724 3206 49 47 3°
1816 3197 63 44 La
1905 3200 211 54 question
2145 3200 50 42 de
2224 3201 293 42 l'habitation
2545 3202 23 41 à
2595 3203 94 41 bon
2718 3216 86 28 mar-

1653 3261 76 42 ché
1756 3261 241 54 (initiative
2027 3262 161 54 privée,
2220 3263 287 44 communale
2535 3279 59 28 ou
2624 3263 183 55 coopéra-

1655 3324 102 46 tive,
1798 3324 299 44 subventions
2135 3341 80 39 par
2255 3326 154 46 l'Etat,
2451 3326 272 44 restrictions
2761 3342 72 29 sur

1656 3387 56 42 les
1743 3387 146 54 loyers
1919 3403 59 27 ou
2010 3388 175 42 marché
2217 3388 110 43 libre
2344 3388 31 55 ).

1724 3458 53 46 4°
1820 3450 63 42 La
1910 3451 210 54 question
2150 3451 51 42 de
2232 3451 294 44 l'habitation
2552 3464 40 31 et
2620 3453 57 43 les
2704 3463 104 32 auto-

1655 3512 115 44 rités.

1722 3584 51 47 5°
1815 3576 63 42 La
1900 3577 209 55 question
2131 3578 52 41 de
2203 3577 294 43 l'habitation
2519 3589 39 33 et
2582 3578 38 42 la
2641 3578 191 44 finance.

1726 3639 50 42 6°
1819 3639 62 42 La
1908 3640 209 55 question
2149 3641 51 41 de
2229 3639 292 45 l'habitation
2550 3654 40 30 et
2617 3641 57 42 les
2700 3640 111 55 règle-

1656 3713 159 32 ments.
