3568 4414
1739 121 92 55 144

144 274 44 29 so
233 265 116 48 lange
391 259 73 40 wir
508 271 76 28 uns
630 259 66 40 bei
739 259 92 41 dem
861 260 165 53 Mangel
1074 262 93 39 alles
1215 258 223 41 sinnlichen
1467 258 142 40 Reizes
1640 258 94 41 kein

144 322 242 41 Kunstwerk
417 321 158 40 denken
605 322 176 47 können,
828 336 43 28 so
901 325 118 51 lange
1047 324 164 39 werden
1241 334 75 26 uns
1346 321 100 39 auch
1478 320 256 52 dergleichen

145 385 224 41 Tonwerke
399 385 69 39 des
497 385 249 41 Verstandes
776 387 110 41 nicht
915 387 261 52 befriedigen.
1235 386 97 39 Was
1376 385 109 38 nicht
1529 397 69 27 aus
1643 385 93 39 dem

144 450 160 39 Herzen
333 447 165 48 kommt,
529 448 135 51 dringt
693 450 102 39 auch
827 451 109 38 nicht
967 462 90 27 zum
1087 449 174 38 Herzen.

224 511 101 39 Zum
370 510 164 39 Schluss
579 511 70 39 des
686 511 169 41 Abends
898 513 138 51 spielte
1066 512 107 38 Herr
1212 510 115 40 Carl
1367 509 130 40 Rein
1510 508 122 41 ecke
1673 510 65 40 die

141 571 269 42 allerliebsten
466 571 266 41 Variationen
790 586 78 27 von
922 572 255 40 Händel
1233 571 74 39 mit
1364 571 111 40 einer
1531 572 208 52 Rundung

143 635 83 40 und
275 634 179 52 Eleganz
512 635 42 40 in
611 636 71 39 der
737 635 237 51 Applicatur
1023 633 138 41 beider
1217 633 159 48 Hände,
1432 634 154 40 welche
1638 647 100 39 ganz

143 697 231 52 vorzüglich
407 698 209 52 ansprach.
661 698 45 38 In
737 698 91 38 dem
858 698 200 50 Vortrage
1088 696 71 39 der
1191 696 347 40 Mozart'sehen
1569 699 169 39 F-moll-

141 760 219 40 Phantasie
391 761 64 39 für
485 760 82 40 vier
596 760 157 46 Hände,
802 772 76 26 von
908 759 76 40 Th.
1016 759 149 39 Kullak
1204 759 62 40 für
1296 759 98 40 zwei
1424 760 150 40 Hände
1606 760 111 52 einge-

143 823 156 49 richtet,
329 825 126 51 zeigte
486 837 42 28 er
556 823 89 39 eine
674 821 389 40 ausserordentliche
1093 822 193 41 Bravour.
1334 823 123 52 Möge
1487 825 71 38 der
1589 836 73 27 uns
1695 835 43 28 so

144 886 132 39 werth
304 885 252 52 gewordene,
585 883 307 39 verdienstvolle
922 884 207 48 Künstler,
1169 885 71 41 der
1271 897 73 27 uns
1374 898 86 27 nun
1489 886 127 39 leider
1644 885 95 39 bald

146 948 180 47 verlässt,
354 947 110 39 recht
493 946 54 39 oft
576 959 48 26 zu
654 957 75 28 uns
760 946 319 47 zurückkehren,
1111 960 68 27 um
1209 960 75 27 uns
1315 948 78 39 den
1422 948 211 52 freudigen
1665 947 51 40 Ge-

149 1022 96 27 nuss
275 1023 50 26 an
356 1009 153 40 seinem
541 1010 178 39 schönen
751 1011 167 39 Talente
948 1023 50 27 zu
1026 1011 148 40 bieten.

228 1072 47 38 In
313 1071 72 40 der
428 1072 146 39 letzten
603 1072 320 54 Versammlung
969 1075 71 39 der
1083 1074 416 40 musicalischen
1545 1072 170 41 Gesell-

149 1133 180 40 schaft
368 1134 141 39 wurde
539 1134 89 40 eine
659 1135 257 41 Sinfonie
962 1148 77 27 von
1081 1136 269 51 Schnyder
1379 1148 96 26 von
1507 1136 203 38 Warten-

146 1209 84 27 see
261 1196 9 51 (
276 1196 145 38 C-moll
451 1198 83 39 und
565 1198 141 46 C-dur,
737 1198 72 39 mit
840 1199 70 40 der
937 1199 282 50 „Erinnerung
1240 1210 51 27 an
1515 1197 54 39 im
1599 1199 144 37 letzten

145 1258 130 52 Satze)
304 1260 242 52 aufgeführt,
576 1261 84 38 und
692 1273 171 39 gewann
893 1260 126 39 durch
1050 1260 86 40 ihre
1167 1260 183 39 Klarheit
1379 1260 82 38 und
1493 1261 56 37 als
1580 1258 159 42 Beweis

148 1321 109 41 eines
286 1322 208 52 tüchtigen
525 1322 308 40 musicalischen
864 1321 182 40 Wissens
1076 1322 69 39 des
1176 1321 290 51 Componisten
1495 1322 156 39 Beifall.

235 1491 22 25 *
287 1494 320 34 Fraiilifiirl
718 1492 90 43 11.,
841 1489 34 39 1.
904 1487 96 41 Mai.
1045 1486 128 40 Echte
1204 1487 134 39 Kunst
1368 1486 42 40 in
1440 1487 171 39 schöner
1640 1488 75 40 Dar-

148 1553 173 50 stellung
365 1552 124 40 findet
532 1552 155 38 überall
730 1550 153 40 sichere
917 1550 273 51 Würdigung.
1251 1550 78 38 Das
1372 1549 126 39 sehen
1538 1549 73 39 wir
1644 1549 99 52 jetzt

146 1615 151 38 wieder
326 1627 51 26 an
405 1613 191 40 Fräulein
626 1613 169 51 Jenny
824 1613 120 50 Ney,
975 1611 64 40 die
1068 1624 86 26 nun
1181 1610 65 40 bei
1277 1623 74 27 uns
1376 1611 209 52 Triumpfe
1616 1611 127 40 feiert.

148 1677 146 39 Welch
324 1677 148 39 schöne
502 1676 190 39 Stimme!
723 1675 126 40 welch
881 1675 65 40 ein
977 1675 121 46 edler,
1129 1673 72 40 tief
1226 1674 294 40 durchdachter
1551 1675 193 51 Vortrag!

147 1740 177 40 welches
352 1740 133 40 Maass
515 1740 41 38 in
585 1740 117 39 ihren
733 1738 310 52 Bewegungen!
1073 1737 80 39 Seit
1183 1738 103 38 Frau
1316 1738 179 38 Köster's
1527 1736 192 40 Gast-Dar-

150 1804 225 50 stellungen
419 1815 71 26 vor
534 1802 86 39 drei
666 1801 151 40 Jahren
859 1801 134 39 haben
1037 1799 73 39 wir
1145 1799 130 39 nichts
1304 1799 247 40 Aehnliches
1595 1799 151 40 wieder

149 1865 155 52 gehört.
360 1865 207 47 Norma,
610 1865 181 38 Donna
821 1863 151 39 Anna
1001 1863 84 39 und
1115 1862 287 40 Valentine
1431 1876 136 26 waren
1598 1875 54 34 es,
1683 1862 64 40 die

149 1928 59 40 sie
238 1940 75 27 uns
343 1927 62 41 bis
438 1928 118 38 heute
585 1926 235 52 vorgeführt
861 1926 80 45 hat,
986 1924 232 40 wesentlich
1255 1924 286 40 verschiedene
1572 1924 150 40 Charak-

149 1996 98 41 tere,
291 1990 77 40 wie
399 1990 455 51 Gesanges-Aufgaben,
901 1989 96 38 aber
1036 1987 41 40 in
1106 1989 106 38 allen
1251 1987 139 40 dreien
1418 2000 85 27 war
1532 1987 56 39 sie
1618 1986 129 52 gleich

149 2065 115 39 gross
295 2052 102 39 nach
424 2052 116 51 jeder
568 2051 107 39 Seile
705 2051 82 39 hin.
847 2050 94 39 Wie
986 2049 104 40 hoch
1134 2061 110 27 muss
1289 2049 84 39 sich
1414 2049 64 40 die
1506 2049 242 51 Bedeutung

150 2116 132 38 dieser
313 2113 236 41 Künstlerin
580 2118 79 34 erst
690 2112 187 51 steigern,
923 2124 117 28 wenn
1089 2111 55 39 sie
1174 2111 55 40 im
1261 2110 175 40 Vereine
1465 2110 72 40 mit
1566 2110 179 39 anderen

149 2177 360 52 ausgezeichneten
539 2176 195 39 Talenten
765 2175 129 46 wirkt,
936 2187 81 27 Avas
1063 2175 106 38 denn
1211 2174 88 39 hier
1339 2174 127 39 leider
1513 2173 111 39 nicht
1675 2173 72 38 der

148 2240 85 39 Fall
264 2239 61 40 ist.
382 2240 47 37 In
467 2239 72 38 der
567 2238 152 39 Norma
763 2237 116 39 stand
922 2236 63 40 ihr
1029 2236 118 40 allein
1176 2235 190 41 Fräulein
1395 2237 175 49 Jenny
1600 2234 118 40 Hoff-

149 2315 152 27 mann
330 2303 57 39 als
417 2301 195 52 Adalgisa
639 2301 159 51 würdig
828 2313 69 27 zur
927 2300 119 40 Seite.

231 2364 143 40 Rieh.
404 2364 265 51 Wagner's
699 2363 308 52 Lohengrin
1044 2363 69 39 hat
1142 2363 85 40 drei
1257 2361 315 51 Vorstellungen
1602 2359 141 47 erlebt,

153 2427 154 40 welche
337 2430 70 48 gut
435 2425 170 40 besucht
635 2438 150 27 waren.

236 2582 76 28 ***
346 2587 280 41 gdresdeii,
661 2584 33 38 1.
724 2582 95 42 Mai.
848 2582 201 40 Hector
1080 2580 207 40 Berlioz
1319 2580 68 39 hat
1416 2579 87 40 hier
1533 2578 86 40 drei
1644 2578 77 40 Con-

156 2651 105 35 certc
305 2646 72 38 mit
422 2646 249 51 steigendem
713 2645 167 41 Beifalle
930 2646 193 51 gegeben.
1182 2644 79 38 Das
1291 2644 114 38 letzte
1435 2654 64 27 am
1529 2642 64 39 29.
1624 2641 119 51 April

156 2709 163 41 brachte
362 2707 111 39 seine
504 2707 179 39 Sinfonie
727 2707 71 39 mit
828 2707 160 39 Chören
1017 2706 84 39 und
1132 2705 275 51 Chor-Prolog
1451 2705 180 45 „Romeo
1666 2704 80 38 und

332 2771 81 39 und
458 2770 64 40 die
568 2770 211 52 Legende:
824 2770 100 47 „Die
953 2770 119 39 Ruhe
1117 2770 71 39 der
1227 2768 176 50 heiligen
1684 2766 64 39 ein

157 2834 182 40 wirklich
368 2832 220 44 liebliches,
629 2832 201 40 einfaches
861 2832 319 48 Ton-Gemälde,
1223 2831 70 39 das
1336 2843 94 26 man
1477 2830 91 39 dem
1598 2829 129 38 Instru-

158 2896 352 40 mental-Stürmer
545 2895 157 39 Berlioz
747 2895 121 39 kaum
918 2899 192 35 zutrauen
1160 2895 124 38 sollte.
1343 2893 81 40 Der
1466 2892 176 46 Schluss,
1685 2890 65 39 ein

160 2958 259 47 Tenor-Solo,
466 2958 139 39 wurde
651 2970 78 27 von
776 2959 92 40 dem
898 2957 391 51 Hof-Opernsänger
1336 2954 144 40 Weix
1499 2955 40 38 el
1557 2958 106 34 stor
1677 2953 74 39 fer

161 3020 162 40 reizend
353 3025 261 46 vorgetragen
657 3020 82 39 und
787 3024 150 35 musste
977 3020 239 39 wiederholt
1244 3018 176 39 werden.
1476 3016 162 50 Anfang
1667 3015 84 38 und

164 3083 117 38 Ende
323 3083 68 38 des
422 3081 212 40 Concertes
682 3083 176 38 bildeten
901 3081 65 40 die
1009 3081 99 40 zwei
1139 3081 254 40 Ouvertüren
1437 3092 46 26 zu
1516 3079 234 40 Benvenuto

164 3144 158 40 Cellini.
362 3144 60 38 Im
453 3149 128 33 ersten
610 3145 83 38 und
723 3144 167 40 zweiten
921 3143 194 40 Concerte
1145 3144 133 40 führte
1309 3156 74 26 uns
1413 3143 71 39 der
1514 3141 237 51 Componist

164 3208 95 40 sein,
280 3206 555 40 musicalisch-dramatisches
866 3207 146 39 Werk:
1045 3208 225 47 „Faust's

165 3282 81 35 vor,
276 3269 173 41 welches
480 3270 69 37 der
581 3269 146 52 hiesige
748 3270 220 40 Volkswitz
1003 3270 70 39 mit
1092 3270 188 39 Hinsicht
1310 3270 71 39 auf
1405 3270 69 37 das
1498 3270 146 37 Drama
1674 3279 77 27 von

164 3333 133 40 Göthe
328 3332 178 48 „Faust's
911 3333 148 50 getauft
1096 3332 80 40 hat.
1233 3333 75 39 Die
1350 3330 276 42 Local-Kritik
1669 3329 84 40 fällt

163 3395 187 54 gewaltig
381 3394 103 39 über
513 3393 78 39 den
622 3394 101 37 Text
752 3394 81 46 her,
876 3394 241 40 verschüttet
1147 3395 107 45 aber,
1299 3406 81 27 was
1426 3393 64 39 die
1520 3393 135 38 Musik
1685 3393 44 38 be-

163 3459 107 46 trifft,
311 3457 156 41 meiner
495 3455 197 51 Meinung
722 3456 101 37 nach
866 3457 68 38 das
965 3457 109 38 Kind
1103 3457 72 40 mit
1204 3458 92 39 dem
1326 3457 123 41 Bade.
1508 3456 118 39 Trotz
1657 3456 96 37 aller

163 3519 224 42 Bizarrerie
432 3518 48 40 ist
526 3517 103 39 doch
672 3518 132 40 neben
847 3518 70 39 der
960 3519 271 40 anerkannten
1259 3519 332 40 instrumentalen
1621 3518 132 38 Kunst

165 3584 186 40 Berlioz's
382 3582 104 39 auch
516 3581 65 41 die
612 3579 226 41 Sicherheit
866 3593 46 25 zu
942 3581 183 46 rühmen,
1169 3583 71 37 mit
1281 3582 173 39 welcher
1498 3593 41 27 er
1569 3580 80 39 den
1677 3580 50 38 Zu-

168 3645 117 40 hörer
315 3644 128 51 gleich
474 3643 72 38 mit
576 3641 187 52 wenigen
794 3641 149 39 Taeten
972 3642 42 38 in
1043 3643 63 38 die
1134 3643 257 51 gewünschte
1408 3643 230 50 Stimmung
1668 3654 64 26 ver-

168 3713 107 34 setzt.
304 3708 54 38 Es
389 3709 47 38 ist
466 3707 69 39 das
567 3706 102 39 doch
709 3705 117 39 mehr
871 3704 55 39 als
969 3705 106 38 bloss
1117 3706 215 39 sinnlicher
1361 3706 183 40 Tonreiz.
1605 3704 124 40 Uebrr-

168 3771 135 50 haupt,
334 3783 80 26 was
445 3770 202 51 poetische
679 3768 200 40 Intention
909 3768 83 38 und
1023 3768 227 39 technische
1278 3770 144 38 Factur
1449 3767 158 46 betrifft,
1650 3768 103 39 steht

169 3834 154 39 Berlioz
355 3833 142 40 immer
525 3833 104 40 noch
660 3832 93 41 weit
782 3832 103 40 über
914 3831 93 38 dem
1038 3830 54 39 oft
1121 3843 76 26 nur
1225 3831 317 40 dilettantischen
1572 3832 178 39 Richard

170 3896 192 52 Wagner,
409 3897 71 38 mit
508 3897 92 40 dem
631 3908 92 26 man
754 3895 71 39 ihn
854 3894 218 39 unrechter
1105 3893 136 39 Weise
1271 3894 102 38 allzu
1402 3894 91 38 sehr
1523 3894 229 50 vergleicht.

175 3957 88 41 Viel
292 3959 126 39 näher
447 3958 103 40 steht
581 3970 42 28 er
653 3958 91 38 dem
776 3956 146 47 Guten,
953 3967 80 28 was
1063 3955 48 39 R.
1143 3954 231 40 Schumann
1407 3954 78 40 hat.

255 4102 47 24 **
334 4103 247 36 Biübeck.
612 4100 64 40 29.
705 4101 128 51 April.
868 4102 214 39 Hitlers
1110 4102 353 50 „Zerstörung
1491 4111 96 27 von
1618 4100 110 39 Jeru-

392 4164 50 38 ist
469 4163 86 40 hier
586 4164 53 39 im
669 4164 111 41 März
826 4164 125 40 durch
998 4177 172 28 unseren
1214 4163 210 40 wackeren
1455 4161 300 51 Capellmeister

1835 260 75 39 Ile
1925 272 209 28 rrmann
2178 258 72 41 mit
2292 270 158 40 grosser
2477 258 98 40 Lust
2604 260 82 40 und
2717 260 125 42 Liebe
2886 260 211 42 einstudirt
3140 261 164 41 worden
3332 262 84 41 und

1833 322 67 39 hat
1957 322 66 40 bei
2081 324 70 39 der
2207 322 261 53 Aufführung
2522 322 119 40 einen
2696 337 166 39 grossen
2905 326 139 50 Erfolg
3094 324 159 52 gehabt.
3309 325 109 40 Herr

1832 385 262 52 Schüttky
2142 398 69 27 aus
2258 385 212 52 Hamburg
2514 385 283 53 (gegenwärtig
2836 387 41 39 in
2916 387 206 52 Stuttgart)
3167 387 75 40 riss
3291 387 128 40 durch

1833 448 79 40 den
1942 448 227 40 herrlichen
2199 449 172 49 Vortrag
2410 448 71 39 der
2509 448 131 39 Partie
2682 448 68 40 des
2780 449 195 40 Jeremias
3004 464 99 39 ganz
3142 451 279 40 ausnehmend

1833 510 82 47 hin,
1953 510 70 40 das
2065 524 123 38 ganze
2228 510 128 40 Werk
2398 510 156 41 machte
2597 510 118 40 einen
2758 514 415 40 ausserordentlichen
3201 513 220 47 Eindruck,

1835 576 82 39 und
1946 577 75 39 alle
2051 576 111 40 Welt
2200 577 228 47 bedauerte,
2475 576 89 40 dass
2602 587 41 29 es
2687 575 109 40 nicht
2837 576 72 39 mit
2954 577 212 41 derselben
3196 578 225 51 Besetzung

1834 638 104 39 noch
1969 638 147 40 einmal
2157 639 180 51 gegeben
2380 640 163 39 werden
2570 639 161 40 konnte.
2787 638 88 40 Auf
2899 639 256 51 allgemeines
3188 641 233 51 Verlangen

1834 705 179 35 mussten
2043 702 97 38 aber
2168 701 41 39 in
2239 702 92 38 dem
2359 703 144 39 letzten
2531 702 520 41 Abonnements-Concerte
3081 703 185 40 mehrere
3295 704 95 39 Num-

1835 775 116 28 mern
1980 763 144 40 daraus
2153 764 239 40 wiederholt
2420 766 177 39 werden.

2044 3579 110 33 Bie
2188 3578 536 35 Miederrlieinisclie
2754 3579 464 48 MusiU-^eitun^

1846 3638 199 36 erscheint
2067 3639 119 46 jeden
2216 3637 184 49 Samstag
2428 3640 42 34 in
2507 3639 242 36 mindestens
2789 3641 128 35 einem
2954 3654 154 35 ganzen
3145 3644 157 47 Bogen;
3354 3646 55 35 all-

1847 3691 218 39 monatlich
2094 3692 98 35 wird
2220 3692 63 34 ihr
2311 3692 63 35 ein
2401 3693 334 35 Literatur-Blatt
2763 3694 257 52 beigegeben.
3130 3697 81 35 Der
3239 3697 161 38 Abonne-

1846 3746 234 45 mentspreis
2109 3744 161 48 beträgt
2286 3746 62 34 für
2372 3746 69 35 das
2458 3746 198 45 Halbjahr
2688 3750 19 32 2
2727 3747 122 45 Thlr.,
2878 3748 65 36 bei
2969 3748 75 35 den
3072 3749 48 34 K.
3141 3761 152 34 preuss.
3311 3751 115 38 Post-

1851 3799 209 34 Anstalten
2091 3801 19 32 2
2130 3798 107 34 Tlilr.
2268 3799 21 34 5
2316 3798 85 47 Sgr.
2430 3800 97 34 Eine
2557 3800 178 36 einzelne
2752 3800 191 36 Nummer
2964 3804 25 32 4
3008 3801 85 48 Sgr.
3123 3803 304 51 Einrtickungs-

1849 3850 215 38 Greb(ihren
2094 3862 69 35 per
2192 3851 205 36 Petitzeile
2432 3856 19 32 2
2484 3852 86 48 Sgr.

1899 3906 129 34 Briefe
2056 3904 82 35 und
2167 3904 290 49 Zusendungen
2488 3906 98 35 aller
2623 3906 75 36 Art
2726 3905 158 36 werden
2909 3911 118 31 unter
3062 3907 68 37 der
3157 3909 172 39 Adresse
3359 3912 70 38 der

1846 3959 53 37 M.
1928 3956 570 51 DuMont-Schauberg'schen
2527 3959 327 46 Buchhandlung
2889 3960 42 34 in
2959 3960 105 36 Köln
3093 3962 174 38 erbeten.

1964 4055 380 41 Verantwortlicher
2371 4055 304 55 Herausgeber:
2714 4058 106 40 Prof.
2849 4059 45 40 L.
2923 4060 182 39 Bischoff
3128 4061 41 40 in
3199 4064 122 40 Köln.

1913 4108 214 52 Verleger:
2155 4107 56 42 M.
2241 4109 540 54 DuMont-Schauberg'sche
2811 4112 322 54 Buchhandlung
3162 4116 40 39 in
3232 4118 123 40 Köln.

1891 4161 204 40 Drucker:
2122 4162 56 40 M.
2213 4163 429 51 DuMont-Schauberg
2672 4163 42 40 in
2743 4165 122 49 Köln,
2894 4165 255 44 Breitstrasse
3181 4170 48 39 76
3260 4183 37 27 u.
3329 4170 62 42 78.

2317 977 616 62 ilitkiiiiclig-uiig-cu.

2246 1120 146 46 XEI
2393 1123 10 24 !
2409 1123 49 44 E
2499 1123 512 49 MUSICAMEItf

2484 1188 61 52 im
2575 1190 202 69 Verlage

2602 1282 73 23 von

2093 1324 332 61 BREITKOPF
3101 1326 46 59 &
2547 1326 257 61 HERTEL
2842 1326 51 61 in
2931 1329 221 78 Leipzig.

1836 1416 180 40 Flügel,
2036 1418 61 37 G.,
2130 1413 65 48 Op.
2213 1413 64 44 36,
2309 1413 139 36 Sonate
2474 1414 68 45 für
2570 1414 69 35 das
2669 1414 122 37 Piano
2791 1416 99 45 forte
2920 1416 93 47 (Nr.
3032 1418 37 44 5,
3093 1417 151 51 C-dur)
3276 1420 21 36 1
3322 1421 100 38 Thlr.

1840 1472 134 37 Gatte,
2003 1471 132 31 Niels
2172 1472 77 37 IV.,
2291 1466 244 48 Nachklänge
2573 1481 73 23 von
2693 1468 146 37 Ossian.
2888 1470 205 37 Ouvertüre
3130 1474 66 45 für
3229 1473 195 40 Orchester

2163 1519 212 48 (A-moll),
2406 1520 185 37 Partitur.
2625 1522 20 35 1
2683 1522 97 37 Thlr.
2813 1523 47 36 15
2890 1524 84 48 Sgr.

1841 1580 163 36 Goury,
2037 1580 94 36 TZi,
2161 1573 141 36 Sonate
2324 1586 101 37 pour
2453 1574 33 35 le
2514 1574 134 38 Piano.
2681 1576 19 35 1
2737 1576 97 37 Thlr.

2081 1627 85 35 2me
2195 1627 190 36 Serenade
2411 1641 98 36 pour
2538 1628 32 36 le
2599 1628 136 38 Piano.
2768 1630 50 35 10
2846 1630 83 48 Sgr.

1841 1686 174 37 Joseph
2044 1696 70 28 on,
2144 1686 40 31 J.
2214 1687 61 37 A.,
2309 1682 64 49 Op.
2393 1681 37 45 9,
2463 1682 375 48 Frühlings-Nahen.
2869 1685 317 52 (Islossningen.)
3218 1687 208 40 Phantasie

2159 1734 66 46 für
2271 1733 110 46 Chor,
2436 1736 262 37 Solostimmen
2752 1739 81 34 und
2876 1739 204 38 Orchester.
3138 1742 164 38 Deutsch
3344 1745 82 36 und

2161 1788 250 37 Schwedisch.
2444 1788 326 51 Ciavier-Auszug
2797 1793 51 34 25
2866 1793 98 47 Sgr.,
2990 1795 93 48 Sing
3085 1797 170 36 stimmen
3272 1798 55 36 20
3339 1799 84 48 Sgr.

2087 1841 65 50 Op.
2185 1841 63 45 18,
2290 1842 92 35 Drei
2411 1842 165 49 Gesänge
2601 1846 68 45 für
2697 1847 84 35 eine
2806 1847 86 45 tiefe
2920 1847 154 37 Stimme
3114 1852 66 34 mit
3208 1851 217 49 Begleitung

2168 1896 61 35 des
2257 1895 123 37 Piano
2380 1898 110 44 forte.
2522 1898 164 36 Deutsch
2713 1900 81 35 und
2821 1900 248 41 Schwedisch.
3098 1904 53 35 20
3179 1905 85 47 Sgr.

2088 1949 66 50 Op.
2184 1949 64 45 22,
2279 1949 92 36 Drei
2416 1950 165 49 Gesänge
2613 1954 66 44 für
2717 1955 81 34 eine
2831 1954 237 48 Singstimme
3105 1959 67 35 mit
3208 1959 218 50 Begleitung

2166 2003 61 35 des
2257 2003 231 46 Pianoforte.
2523 2006 163 36 Deutsch
2714 2008 80 34 und
2822 2007 247 39 Schwedisch.
3100 2011 49 35 15
3179 2011 84 49 Sgr.

1843 2061 143 37 lAs&t,
2015 2062 66 37 F.,
2111 2056 143 36 Sonate
2278 2058 67 44 für
2374 2058 68 35 das
2472 2058 232 47 Pianoforte.
2737 2061 19 34 1
2795 2061 98 37 Thlr.
2925 2062 48 35 15
3003 2064 82 46 Sgr.

1843 2115 163 38 Maier,
2036 2117 173 35 Julius,
2239 2109 183 38 Deutsche
2476 2112 222 37 Volkslieder
2740 2115 66 45 für
2852 2115 162 49 Sopran,
3059 2117 77 45 Alt,
3184 2118 120 38 Tenor
3344 2121 80 36 und

2170 2164 97 35 Bass
2297 2163 206 39 bearbeitet.
2534 2166 139 36 Drittes
2700 2167 99 47 Heft.
2831 2169 20 34 1
2890 2169 99 37 Thlr.

1841 2220 194 41 Mozart,
2072 2223 60 30 IV.
2163 2223 34 30 A
2214 2245 11 14 ,
2257 2216 163 43 Quintett
2453 2218 67 47 für
2548 2220 119 43 Horn,
2719 2221 154 44 Violine,
2912 2223 26 33 2
2968 2223 209 37 Bratschen
3206 2227 82 35 und
3313 2227 110 36 Bass.

2164 2270 217 48 (Es-dur.)
2415 2272 100 35 Neue
2544 2272 185 49 Ausgabe.
2770 2275 174 36 Partitur
2970 2277 55 35 20
3053 2277 83 47 Sgr.
3243 2281 182 36 Stimmen

2163 2324 50 35 25
2243 2323 83 47 Sgr.
2439 2324 327 51 Ciavier-Auszug
2794 2341 46 22 zu
2868 2330 79 34 vier
2974 2331 160 35 Händen
3162 2333 53 35 25
3244 2333 81 48 Sgr.

1843 2383 329 37 ThalberS.,
2217 2377 203 36 Ouvertüre
2449 2380 42 35 de
2521 2380 176 49 VOpera:
2747 2382 193 44 Florinde,
2980 2387 24 32 ä
3053 2386 123 44 qrand
3217 2387 205 37 Orchestre.

2162 2430 25 35 3
2222 2430 99 36 Thlr.

1846 2489 157 37 Talon,
2032 2482 53 37 30
2114 2483 104 36 Duos
2255 2497 99 36 pour
2392 2485 24 34 2
2450 2485 132 37 Flütes.
2641 2485 147 39 Classes
2821 2491 332 47 progressivement
3194 2501 32 29 et
3272 2495 152 49 adoptes

2159 2550 100 36 pour
2288 2538 50 35 les
2370 2537 146 38 Classes
2559 2540 49 35 du
2640 2540 283 39 Conseruatoire
2966 2545 43 35 de
3047 2548 170 47 musique
3246 2550 23 33 d
3299 2548 125 37 Paris.

2168 2591 109 36 Livre
2306 2592 29 35 I.
2369 2592 63 48 Op.
2457 2592 87 45 102,
2581 2594 105 36 Trois
2714 2595 105 36 Duos
2840 2597 264 38 elementaires.
3139 2601 15 33 I
3180 2601 98 36 Thlr.
3299 2602 25 34 5
3341 2602 84 47 Sgr.

2246 2645 109 36 Livre
2384 2645 48 36 11.
2483 2646 63 50 Op.
2578 2648 88 44 103,
2717 2649 103 36 Trois
2849 2650 105 36 Duos
2982 2654 243 44 tres-faciles.
3267 2655 20 34 1
3326 2656 98 38 Thlr.

2168 2699 22 32 5
2221 2698 81 46 Sgr.
2413 2700 109 35 Livre
2551 2701 63 35 111
2614 2733 6 7 .
2665 2702 61 48 Op.
2761 2703 89 46 104,
2898 2705 104 36 Trois
3040 2707 106 36 Duos
3174 2710 250 43 tres-faciles.

2168 2751 19 35 1
2225 2752 96 35 Thlr.
2351 2754 24 33 5
2405 2753 81 46 Sgr.

1845 2810 203 37 Sechfer,
2079 2811 56 37 8.,
2171 2806 68 34 Die
2272 2804 232 39 Grundsätze
2549 2808 64 35 der
2651 2810 288 36 musicalischen
2970 2811 265 52 Composition.
3294 2816 132 36 Zweite

2167 2858 234 48 Abtheilung.
2435 2860 62 36 Gr.
2528 2860 36 36 8.
2598 2861 86 37 Geh.
2713 2864 26 33 2
2773 2864 98 36 Thlr.
2897 2865 50 35 10
2975 2867 84 47 Sgr.

1928 2948 66 35 Bei
2022 2949 63 35 He
2098 2963 74 22 rm.
2204 2951 175 36 Peters
2407 2953 42 34 in
2477 2954 129 35 Berlin
2637 2956 167 35 erschien
2834 2970 38 21 so
2903 2957 113 36 eben:

1854 3008 303 38 Weitztnann,
2189 3011 38 28 V.
2257 3011 64 37 F.,
2351 3006 76 35 Der
2453 3008 245 37 verminderte
2725 3010 375 48 Septimen-Accord.
3135 3012 152 45 Quarto.
3318 3014 108 37 Preis

2167 3058 53 35 20
2248 3059 82 47 Sgr.

1926 3109 77 35 Der
2040 3109 192 45 Verfasser
2270 3112 241 37 durchbricht
2548 3115 39 34 in
2631 3114 118 37 dieser
2777 3116 145 47 Schrift
2961 3118 57 36 die
3060 3132 113 35 engen
3203 3121 223 37 Schranken

1844 3163 174 45 früherer
2063 3163 254 39 Musiklehren
2364 3167 80 34 und
2485 3168 153 46 eröffnet
2676 3170 118 35 damit
2831 3171 59 35 ein
2930 3173 121 35 weites
3093 3174 93 36 Fehl
3223 3176 68 44 für
3333 3189 93 24 neue

1848 3217 170 35 Bahnen.

1898 3307 83 36 Alle
2009 3309 40 34 in
2079 3309 118 34 dieser
2225 3308 312 51 Musik-Zeitung
2581 3312 273 50 besprochenen
2891 3317 82 34 und
3008 3318 300 49 angekündigten
3335 3321 91 39 Mit-

1845 3362 157 35 sieahen
2030 3369 66 28 etc.
2127 3362 88 35 sind
2242 3375 46 22 zu
2316 3364 167 36 erhalten
2512 3367 39 34 in
2582 3366 65 36 der
2674 3375 86 29 stets
2787 3369 226 48 vollständig
3050 3375 222 34 assortirten
3301 3375 125 36 Musi-

1846 3416 59 35 cal
1909 3415 290 47 ien-Handlung
2236 3418 102 35 nebst
2375 3419 236 37 Leihanstalt
2652 3434 72 22 von
2768 3410 298 50 BERNIIÄRD
3114 3426 224 37 BREUER
3386 3429 40 36 in

1849 3470 139 38 Köln,
2020 3470 247 36 llochstrasse
2294 3472 66 35 Nr.
2391 3472 64 36 97.
