3713 5656
300 5390 58 43 34

286 334 191 92 Die
547 324 449 96 Freiheit
1063 319 197 91 der
1324 315 408 90 Presse

403 485 187 59 Jeder
634 475 490 66 demokratische
1171 472 174 58 Staat
1407 471 76 53 ist
1527 461 152 60 stolz
1747 457 98 60 auf

293 585 128 53 sein
479 574 384 62 Grundrecht
920 572 107 57 der
1083 569 193 56 freien
1332 552 472 77 Meinungsäuße-

290 684 147 60 rung
484 676 57 52 in
591 669 174 58 Wort
813 665 121 59 und
980 662 150 59 Bild,
1217 658 110 57 Die
1378 649 332 78 gedruckte
1760 645 56 56 Öf-

290 764 283 58 fentliche
616 762 287 69 Meinung
945 752 270 63 entsteht
1258 746 285 66 dadurch,
1587 741 114 59 daß
1750 742 95 53 ein

290 856 444 59 Unternehmer
774 852 146 58 oder
956 854 133 53 eine
1127 844 405 68 Vereinigung
1568 858 120 35 von
1723 831 82 58 Un-

294 949 385 59 ternehmern
738 944 124 59 sich
918 944 190 55 Leute
1166 933 314 66 anstellen,
1540 929 97 58 die
1693 922 154 60 nach

290 1043 167 56 ihren
486 1039 366 59 Richtlinien
880 1032 349 62 öffentliche
1258 1028 288 67 Meinung
1573 1019 272 64 machen,

291 1136 162 57 nicht
503 1134 144 58 aber
693 1128 350 62 öffentliche
1093 1125 288 67 Meinung
1429 1115 148 61 sind.
1661 1110 186 61 Jeder

292 1225 254 60 Mensch
612 1225 160 56 kann
838 1244 161 35 zwar
1066 1223 165 53 seine
1299 1217 210 68 eigene
1562 1208 285 67 Meinung

295 1316 520 69 veröffentlichen,
864 1335 176 36 wenn
1093 1332 63 35 er
1206 1308 96 57 die
1353 1308 242 67 nötigen
1648 1296 201 59 Mittel

295 1414 237 56 besitzt.
617 1410 76 57 Er
739 1410 162 55 kann
948 1411 84 52 sie
1081 1404 146 58 aber
1273 1398 163 59 nicht
1484 1396 365 56 verbreiten.

293 1505 112 58 Die
455 1503 402 70 Verbreitung
905 1500 105 57 der
1065 1496 287 69 Meinung
1400 1494 166 53 eines
1617 1480 200 63 Einzel-

295 1620 117 34 nen
452 1597 182 70 hängt
674 1617 119 35 von
835 1592 133 59 dem
1012 1587 191 60 Zufall
1246 1586 91 59 ab.
1418 1579 272 61 Nämlich
1733 1597 116 37 von

297 1690 133 57 dem
474 1688 208 67 Zufall,
731 1685 115 59 daß
890 1684 96 58 die
1032 1673 656 80 Verlagsangestellten
1737 1673 86 55 sei-

294 1805 110 33 ner
449 1781 287 70 Meinung
805 1777 131 59 sind
1003 1774 118 60 und
1191 1777 85 54 sie
1326 1763 525 64 veröffentlichen.

295 1875 310 71 Hingegen
658 1871 127 58 hält
845 1871 106 56 der
1007 1859 615 79 Verlagsangestellte
1683 1860 166 54 seine

297 1967 286 70 Meinung
635 1971 149 51 stets
835 1963 92 57 für
980 1960 92 60 die
1126 1954 371 68 öffentliche,
1550 1949 300 60 trotzdem

297 2059 119 58 ihm
474 2063 165 53 seine
697 2057 286 69 Meinung
1040 2075 119 35 von
1216 2050 135 58 dem
1407 2043 446 61 Unternehmer

297 2152 249 57 diktiert
593 2156 92 53 ist.
765 2148 209 59 Nichts
1023 2144 214 59 ändert
1287 2142 126 58 sich
1459 2135 393 62 bekanntlich

295 2245 252 57 leichter
583 2242 120 59 und
739 2241 271 72 häufiger
1049 2239 85 58 als
1174 2238 94 57 die
1309 2231 352 62 öffentliche
1700 2228 114 58 Mei-

298 2349 175 59 nung.
560 2335 174 58 Denn
783 2334 167 57 diese
1000 2331 116 59 Art
1164 2327 352 61 öffentliche
1567 2323 287 69 Meinung

295 2435 75 53 ist
402 2430 177 57 keine
612 2429 425 69 Anschauung,
1075 2429 83 54 sie
1195 2427 79 56 ist
1307 2426 132 58 eine
1474 2418 163 59 nicht
1668 2415 146 60 nach-

296 2523 276 71 geprüfte
640 2519 424 59 Uebernahme
1132 2538 117 36 von
1319 2512 322 73 Begriffen.
1731 2507 122 58 Der

297 2613 283 59 Einzelne
621 2611 151 60 wird
814 2612 184 57 durch
1043 2611 105 57 das
1188 2608 221 67 Leben,
1453 2604 187 58 durch
1685 2606 168 53 seine

297 2705 412 73 Erfahrungen
784 2704 118 59 und
977 2709 165 53 seine
1200 2697 478 75 Empfindungen
1755 2705 66 61 ge-

299 2812 306 60 zwungen,
673 2798 121 58 sich
866 2799 356 71 fortgesetzt
1290 2788 395 62 einzustellen
1735 2787 120 58 und

299 2892 413 59 umzustellen.
795 2891 77 57 Er
915 2890 163 58 kann
1122 2890 94 58 die
1264 2887 342 57 Interessen
1658 2887 196 53 seiner

297 2985 268 57 näheren
599 2984 352 73 Umgebung
989 2986 105 54 mit
1131 2986 210 52 seinen
1378 2982 250 68 eigenen
1667 2975 187 57 durch

299 3077 173 58 Wort
511 3077 118 58 und
667 3076 115 59 Tat
821 3081 57 53 in
917 3075 292 72 Einklang
1245 3073 268 71 bringen,
1556 3068 296 72 aufgeben

300 3170 119 56 und
463 3169 377 71 aufnehmen,
887 3173 114 54 wie
1045 3190 63 35 es
1156 3167 94 57 die
1297 3165 224 58 äußere
1575 3163 146 56 oder
1767 3165 57 52 in-

297 3283 144 35 nere
507 3261 552 73 Zweckmäßigkeit
1129 3259 107 58 der
1303 3256 364 73 Beteiligten
1734 3254 90 57 for-

302 3354 150 58 dert.
537 3355 214 57 Dieser
801 3353 328 73 Ausgleich
1179 3351 302 59 erstreckt
1531 3350 128 57 sich
1711 3348 144 57 aber

300 3453 208 52 immer
547 3469 109 36 nur
700 3447 100 57 auf
839 3451 134 55 eine
1015 3445 410 59 beschränkte
1468 3441 387 59 Minderheit.

302 3539 211 57 Dieser
566 3539 326 72 Ausgleich
945 3540 148 57 wird
1146 3545 96 51 nie
1297 3534 353 60 öffentliche
1705 3533 114 58 Mei-

302 3644 173 59 nung,
519 3633 136 58 weil
697 3633 119 59 ihm
861 3632 93 60 die
1001 3629 350 60 öffentliche
1397 3628 287 71 Meinung
1729 3635 96 49 ent-

303 3727 370 69 gegensteht.
750 3724 171 59 Denn
960 3725 166 56 diese
1162 3723 113 57 Art
1315 3721 353 60 öffentliche
1705 3719 114 57 Mei-

302 3829 173 59 nung,
526 3818 433 58 insbesondere
1015 3817 92 57 die
1159 3815 351 72 gedruckte,
1567 3818 78 53 ist
1694 3813 161 57 nicht

303 3913 75 52 im
426 3908 324 73 Ausgleich
818 3910 105 56 der
971 3909 547 58 Einzelinteressen
1590 3911 234 53 entstan-

303 4001 130 68 den,
485 4002 95 57 die
629 4003 353 60 öffentliche
1031 4002 286 71 Meinung
1368 4001 147 57 wird
1565 4022 118 36 von
1733 4020 82 35 me-

302 4094 360 58 chanischen
703 4094 303 72 Begriffen
1049 4095 266 68 diktiert,
1361 4095 119 56 und
1521 4115 160 36 zwar
1727 4091 96 58 dik-

304 4191 141 52 tiert
495 4209 117 36 von
662 4187 439 72 Angestellten,
1161 4187 93 58 die
1308 4186 231 59 leblose
1596 4185 262 72 Begriffe

303 4279 152 57 nach
509 4279 115 59 den
677 4279 343 60 Interessen
1073 4285 446 53 interessierter
1574 4279 251 71 Auftrag-

305 4372 182 70 geber
552 4377 341 67 verewigen
977 4375 117 55 und
1177 4373 302 72 auslegen.
1567 4372 292 72 Religion,

306 4463 190 70 Staat,
538 4463 124 58 Ehe
704 4464 118 58 und
865 4465 244 73 Kapital
1153 4466 133 56 sind
1327 4466 205 57 solche
1578 4465 282 73 Begriffe,

305 4555 108 57 Die
456 4558 311 70 gemachte
809 4557 350 59 öffentliche
1204 4558 287 73 Meinung
1531 4559 104 57 hat
1680 4559 180 57 keine

305 4648 318 73 lebendige
656 4649 383 74 Vorstellung
1071 4672 121 36 von
1223 4652 198 67 ihnen,
1457 4651 94 59 die
1587 4650 275 59 Besitzer

312 4741 106 57 der
452 4741 209 57 Macht
698 4743 120 57 und
855 4742 352 59 Geldmittel
1243 4743 258 58 wenden
1540 4748 84 53 sie
1666 4765 67 36 so
1771 4765 93 47 an,

306 4837 115 55 wie
459 4854 65 37 es
561 4833 180 59 ihnen
772 4832 264 61 nützlich
1071 4835 320 72 erscheint,
1432 4835 125 59 sich
1596 4835 116 58 den
1750 4835 74 58 Be-

310 4930 109 54 sitz
471 4926 198 59 dieser
717 4925 204 60 Mittel
971 4948 72 37 zu
1093 4925 292 62 erhalten.
1472 4928 202 59 Daher
1726 4929 139 58 muß

309 5019 104 57 der
445 5018 283 59 Einzelne
762 5019 165 58 diese
961 5019 262 73 Begriffe
1259 5020 86 60 als
1378 5022 485 72 unerträglichen

308 5112 217 73 Zwang
567 5112 361 73 empfinden,
968 5113 167 59 nicht
1172 5113 141 59 weil
1355 5135 63 37 er
1458 5119 129 54 sein
1630 5113 198 60 Einzel-

310 5204 172 58 leben
521 5209 57 53 in
613 5205 107 62 das
759 5204 106 61 der
903 5207 223 60 andern
1167 5206 329 59 einordnen
1534 5207 154 69 muß,
1728 5229 101 38 son-

1943 299 148 58 dern
2131 293 139 61 weil
2311 296 135 55 eine
2484 283 486 71 Ueberordnung
3008 276 264 67 besteht,
3317 284 189 63 gegen

1942 390 95 58 die
2084 388 107 60 der
2231 382 288 63 Einzelne
2564 380 361 72 fortgesetzt
2972 368 333 63 verstoßen
3349 365 157 67 muß,

1940 505 97 36 um
2083 484 128 55 sein
2255 481 242 68 eigenes
2541 471 207 60 Leben
2788 473 61 54 in
2894 465 291 71 Ordnung
3229 483 76 37 zu
3345 460 129 59 brin-

1940 588 130 60 gen.
2173 571 113 59 Die
2357 564 385 63 Gesamtheit
2808 562 109 57 der
2983 552 486 65 Gemeinschafts-

1938 666 254 74 begriffe
2230 668 188 56 nennt
2453 681 140 38 man
2627 648 739 72 Gesellschaftsordnung.
3405 645 100 58 Sie

1938 765 78 53 ist
2073 764 132 54 eine
2259 747 670 72 Herrschaftsordnung
3007 743 122 59 und
3201 744 115 56 wie
3371 758 134 38 zum

1939 853 177 58 Hohn
2148 871 238 36 nennen
2419 846 127 58 sich
2582 844 95 57 die
2710 836 470 64 Herrschenden
3213 835 96 57 die
3343 832 131 58 Stüt-

1943 967 111 38 zen
2100 944 107 58 der
2254 937 429 63 Gesellschaft.
2772 933 188 59 Jeder
3009 927 274 61 einzelne
3334 924 172 60 sucht

1942 1042 128 54 sein
2115 1035 208 59 Leben
2363 1055 68 36 so
2478 1053 74 37 zu
2596 1027 320 75 gestalten,
2961 1028 117 54 wie
3126 1043 63 40 es
3237 1020 120 57 ihm
3409 1038 97 38 am

1940 1130 550 59 lebenswertesten
2561 1122 323 59 erscheint.
2973 1116 79 58 Er
3120 1111 245 61 tauscht
3435 1131 72 36 zu

1942 1224 228 58 diesem
2208 1219 222 59 Zweck
2471 1238 74 38 an
2582 1211 432 76 körperlichen
3051 1206 121 60 und
3212 1207 294 73 geistigen

1943 1315 235 59 Gütern
2210 1317 115 65 ein,
2361 1334 126 36 was
2524 1309 121 59 ihm
2680 1305 168 72 fehlt,
2888 1315 190 62 gegen
3114 1301 127 68 das,
3275 1319 127 38 was
3442 1319 64 35 er

1941 1431 73 35 zu
2055 1408 194 64 geben
2289 1406 121 59 hat,
2490 1398 299 63 Niemand
2832 1403 77 55 ist
2953 1419 65 35 so
3064 1415 129 38 arm
3236 1414 79 37 an
3353 1389 116 59 Kör-

1940 1522 109 52 per
2094 1500 123 58 und
2259 1496 175 61 Geist
2482 1494 118 63 und
2644 1493 142 68 Gut,
2833 1491 115 58 daß
2996 1511 64 36 er
3103 1486 165 59 nicht
3315 1490 191 52 etwas

1943 1593 195 73 geben
2192 1592 179 59 kann.
2457 1585 298 63 Niemand
2809 1607 67 35 so
2947 1581 184 70 reich,
3202 1577 116 60 daß
3389 1575 119 61 ihm

1940 1687 165 58 nicht
2154 1693 190 52 etwas
2391 1681 168 60 fehlt,
2643 1680 217 58 Dieser
2904 1671 333 76 Ausgleich
3285 1674 78 55 ist
3411 1669 95 59 die

1943 1779 289 72 Ordnung
2286 1776 105 58 der
2443 1774 557 59 Einzelinteressen
3049 1766 125 60 und
3226 1764 108 59 der
3389 1762 80 59 Ge-

1942 1871 757 60 meinschaftsinteressen.
2735 1863 140 60 Und
2908 1866 116 55 wie
3062 1860 126 60 sich
3227 1857 95 59 die
3357 1856 114 58 Vor-

1944 1972 445 63 aussetzungen
2419 1961 123 59 und
2573 1959 431 72 Bedingungen
3040 1954 106 58 des
3180 1948 331 75 Augleichs

1945 2058 303 58 zwischen
2308 2055 116 58 den
2479 2051 319 60 einzelnen
2851 2048 248 66 ändern,
3158 2067 67 36 so
3280 2043 232 58 ändern

1946 2156 84 52 sie
2069 2150 128 58 sich
2235 2148 155 60 auch
2426 2148 92 57 für
2558 2145 97 59 die
2692 2140 402 62 Gesamtheit.
3165 2137 149 57 Man
3351 2136 161 57 kann

1947 2243 186 58 daher
2179 2242 165 59 nicht
2391 2241 95 57 die
2530 2234 419 63 Gesellschaft
2997 2232 156 60 nach
3201 2231 107 57 der
3356 2226 115 60 Ord-

1945 2348 175 60 nung,
2171 2357 137 36 man
2356 2334 140 58 muß
2542 2331 96 59 die
2689 2329 291 71 Ordnung
3028 2324 155 59 nach
3234 2323 106 57 der
3389 2321 81 58 Ge-

1946 2427 310 60 sellschaft
2298 2426 354 60 einrichten.
2689 2420 302 62 Niemand
3026 2417 105 59 hat
3169 2414 106 60 das
3314 2414 197 59 Recht

1946 2522 100 57 auf
2092 2520 287 72 Leistung
2429 2519 156 60 ohne
2633 2513 496 75 Gegenleistung,
3214 2507 298 61 Niemand

1946 2615 102 57 hat
2103 2613 108 61 das
2262 2612 197 58 Recht
2515 2611 99 58 auf
2668 2607 462 70 Mehrleistung,
3218 2601 176 60 Denn
3448 2621 64 36 es

1947 2706 122 72 gibt
2120 2706 146 58 kein
2316 2704 196 58 Recht
2564 2703 100 59 auf
2716 2700 384 59 Geschenke.
3192 2694 134 59 Nun
3381 2693 129 59 sind

1946 2798 329 60 zweifellos
2333 2799 96 57 die
2482 2797 366 70 Leistungen
2903 2789 421 69 verschieden,
3378 2808 101 36 ver-

1949 2891 287 58 schieden
2292 2891 188 59 durch
2531 2889 97 58 die
2678 2886 279 73 Anlagen
3009 2885 105 56 des
3166 2880 346 60 Einzelnen.

1947 2985 144 58 Wer
2120 2985 170 58 mehr
2320 2984 207 60 leistet
2558 2982 105 58 hat
2698 2986 97 52 ein
2823 2979 199 59 Recht
3055 2977 99 58 auf
3189 2978 97 56 ein
3319 2973 193 66 Mehr,

1945 3076 164 59 nicht
2164 3077 146 58 aber
2362 3082 98 52 ein
2512 3072 197 60 Recht
2761 3072 103 58 auf
2917 3075 96 53 ein
3065 3068 287 72 Weniger
3407 3065 105 58 des

1948 3170 246 58 andern.
2275 3169 127 58 Nur
2481 3168 96 58 die
2658 3165 480 74 Gegenleistung
3214 3159 125 75 gibt
3418 3162 95 54 ein

1946 3262 195 59 Recht
2186 3262 101 59 auf
2325 3263 386 70 Leistungen.
2794 3259 202 57 Daher
3037 3254 141 60 muß
3221 3253 155 58 auch
3419 3252 95 57 die

1949 3355 458 58 Gemeinschaft
2444 3354 135 59 dem
2613 3350 330 61 Einzelnen
2977 3350 236 68 leisten,
3247 3367 126 37 was
3410 3344 106 59 der

1947 3447 285 62 Einzelne
2286 3448 106 58 der
2445 3444 463 61 Gemeinschaft
2957 3444 224 58 leistet.
3274 3439 90 58 Da
3419 3436 94 60 die

1949 3539 458 59 Gemeinschaft
2457 3540 144 58 aber
2650 3538 94 58 die
2792 3535 388 60 Gesamtheit
3224 3533 108 57 der
3378 3530 105 59 Ein-

1950 3633 217 58 zelnen
2201 3639 93 61 ist,
2338 3633 131 57 darf
2505 3633 143 57 kein
2684 3629 320 60 Einzelner
3044 3625 343 60 schlechter
3428 3621 86 61 als

1950 3725 93 58 die
2083 3725 459 58 Gemeinschaft
2583 3728 348 55 existieren.
2970 3720 173 59 Denn
3181 3740 110 37 nur
3329 3717 187 59 durch

1949 3816 94 60 die
2082 3816 459 61 Gemeinschaft
2580 3817 153 58 wird
2771 3816 94 60 die
2904 3815 289 57 Existenz
3233 3811 107 59 der
3378 3810 105 57 Ein-

1949 3911 214 59 zelnen
2203 3911 371 73 geschaffen.
2653 3910 179 59 Denn
2869 3931 112 36 nur
3022 3905 187 60 durch
3255 3906 96 59 die
3394 3903 82 59 Ge-

1948 4004 360 58 meinschaft
2346 4002 366 60 erleichtern
2748 4004 125 57 sich
2911 4000 97 59 die
3044 3997 331 61 Einzelnen
3408 3996 109 58 das

1950 4097 224 57 äußere
2224 4097 222 59 Leben,
2534 4095 112 59 Ein
2700 4095 196 58 Recht
2967 4099 80 53 ist
3116 4113 108 39 aus
3296 4089 218 60 Stärke

1949 4190 165 57 nicht
2146 4190 395 58 herzuleiten.
2575 4189 174 59 Zwar
2782 4189 164 58 kann
2977 4183 341 61 manchmal
3352 4189 166 55 einer

1951 4290 228 63 tragen,
2230 4304 125 36 was
2403 4282 155 59 zehn
2607 4280 226 61 andere
2882 4286 231 67 tragen.
3201 4277 112 58 Die
3364 4275 153 60 zehn

1952 4374 229 59 andern
2214 4374 199 60 haben
2447 4374 128 60 also
2611 4374 96 59 die
2743 4373 219 60 Stärke
2997 4372 106 61 des
3136 4370 208 59 Einen,
3375 4369 106 59 Die-

1952 4488 98 36 ser
2091 4466 147 60 Eine
2277 4468 104 57 hat
2423 4468 145 59 aber
2608 4468 165 58 nicht
2815 4467 106 58 das
2963 4464 215 69 Recht,
3219 4463 157 60 zehn
3416 4484 68 38 an-

1952 4558 144 58 dere
2145 4583 95 38 am
2287 4559 238 74 Tragen
2572 4582 73 36 zu
2691 4558 383 69 verhindern,
3122 4556 248 75 solange
3423 4554 94 60 die

1953 4652 153 59 zehn
2150 4652 268 59 anderen
2466 4676 63 37 es
2574 4652 242 61 wollen.
2897 4652 79 59 Er
3023 4650 105 61 hat
3175 4649 157 59 dazu
3376 4649 144 58 kein

1952 4743 213 73 Recht,
2205 4744 158 60 denn
2402 4768 65 37 er
2503 4747 258 58 braucht
2796 4749 147 68 jetzt
2980 4766 112 37 nur
3132 4747 98 54 ein
3269 4740 250 61 Zehntel

1953 4840 198 55 seiner
2196 4838 217 59 Stärke
2459 4861 73 37 zu
2570 4840 214 72 geben.
2864 4837 242 60 Wollen
3148 4836 97 59 die
3289 4834 228 61 andern

1952 4930 153 60 zehn
2150 4931 98 58 ihn
2297 4932 147 59 aber
2490 4931 181 60 allein
2717 4938 215 67 tragen
2976 4931 221 67 lassen,
3244 4951 69 36 so
3359 4934 160 67 trägt

1954 5042 66 38 er
2073 5022 90 59 ihr
2217 5023 361 71 Vertrauen,
2634 5048 127 37 was
2817 5025 121 57 ihm
2994 5022 319 70 Pflichten,
3373 5022 147 59 aber

1952 5114 164 59 nicht
2169 5114 233 61 Rechte
2455 5118 142 72 gibt.
2689 5117 66 58 In
2808 5116 107 59 der
2968 5116 252 73 Zeitung
3272 5114 249 75 ergreift

1952 5228 118 39 nun
2109 5210 239 65 jemand
2390 5208 106 61 das
2534 5208 193 70 Wort,
2769 5209 118 61 den
2923 5215 96 55 nie
3059 5209 110 62 das
3207 5208 178 60 Wort
3426 5231 61 36 er-
