3713 5656
265 393 95 59 die
408 392 179 72 Güte,
632 400 188 52 etwas
866 392 270 58 schärfer
1181 411 72 37 zu
1297 387 406 59 formulieren.
1748 420 75 8 —

265 485 220 70 „Offen
539 486 351 75 gestanden,
946 485 99 58 ich
1098 483 168 58 hätte
1323 481 267 60 anderen
1642 476 178 60 Dank

265 580 340 59 erwartet/'
654 616 76 8 —
773 576 530 75 Exemplifizieren
1369 573 99 59 Sie
1535 575 110 55 mir
1714 569 106 59 das

266 679 190 52 etwas
489 673 206 60 näher.
724 708 77 9 —-
830 670 136 71 „Sie
999 670 192 58 hören
1221 667 276 60 offenbar
1534 663 283 62 schlecht,

266 765 127 59 Seit
427 764 177 60 zwölf
639 765 228 59 Jahren
900 763 255 74 spreche
1187 762 95 59 ich
1317 782 119 36 von
1470 758 106 58 der
1607 757 215 58 Freien

692 891 70 6 —
804 856 139 60 Ach
985 856 87 59 so!
1159 852 257 70 Jawohl,
1462 851 155 59 Herr
1662 850 122 58 Kan-

265 950 187 73 didat,
483 952 95 59 ich
611 953 165 57 höre.
811 950 145 60 Was
986 950 201 58 haben
1218 947 100 59 Sie
1350 945 135 59 dort
1518 942 304 75 gesehen?

265 1080 77 8 —
382 1044 111 71 „Es
534 1048 77 53 ist
651 1049 135 53 eine
830 1040 475 61 Affenschande.
1345 1039 113 58 Die
1499 1035 324 75 plötzliche

267 1136 349 74 Expansion
657 1137 149 58 aller
839 1134 497 59 revolutionären
1372 1132 213 57 Kräfte
1622 1162 68 6 —
1728 1132 98 55 ein

270 1230 222 58 totaler
882 1264 68 6 —
988 1228 216 59 Haben
1242 1226 98 58 Sie
1379 1223 306 61 vielleicht
1725 1243 68 36 zu-

274 1321 161 74 fällig
482 1322 119 59 mal
649 1329 189 52 etwas
889 1342 119 38 von
1054 1319 356 70 Kandinsky
1461 1315 250 75 gehört?
1767 1348 61 5 —

274 1414 163 69 „Seit
494 1415 413 58 Jahrzehnten
956 1413 219 59 nicht/'
1272 1448 77 8 —
1448 1408 248 73 Chagall
1749 1414 78 54 ist

268 1507 187 59 Ihnen
484 1507 160 59 wohl
676 1507 381 58 vertrauter?
1088 1543 77 8 —
1194 1503 294 71 „Jawohl,
1518 1503 162 58 kenn
1712 1501 112 66 ich,

270 1600 172 58 übler
526 1600 576 73 Domscheitkopist.
1188 1630 70 8 —
1347 1596 288 71 „Kennen
1725 1594 99 57 Sie

276 1692 477 74 Campendonk?
805 1729 76 8 —
929 1691 348 60 Persönlich
1600 1725 76 8 —
1728 1686 100 58 Ich

273 1790 196 54 meine
524 1790 166 55 seine
747 1784 313 61 Gemälde.
1113 1818 69 6 —
1237 1784 134 71 „Ich
1427 1783 199 57 kenne
1689 1780 138 58 sehr

271 1882 233 67 wenige
558 1878 346 59 Sammler/'
954 1914 76 9 —*
1078 1877 227 58 Wären
1358 1874 97 59 Sie
1510 1872 159 60 wohl
1721 1876 70 53 im-

271 1971 234 71 stande,
536 1972 149 58 über
714 1971 147 59 Paul
886 1970 205 58 Klee's
1121 1968 237 59 Einfluß
1391 1967 100 59 auf
1522 1966 95 59 die
1651 1987 140 36 euro-

272 2065 245 70 päische
569 2063 257 59 Malerei
875 2066 224 70 einiges
1155 2085 74 34 zu
1280 2060 221 73 sagen?
1550 2096 76 8 —
1678 2058 111 70 „Ar-

271 2155 152 59 tikel
451 2178 118 36 von
596 2155 296 73 Kollegen
920 2156 126 59 lese
1081 2156 95 59 ich
1384 2191 76 7 —
1489 2151 338 59 Verzeihen

274 2247 115 68 Sie,
425 2248 94 58 ich
555 2253 198 54 meine
786 2248 118 58 den
936 2248 196 58 Maler
1167 2247 148 58 Paul
1347 2246 170 58 Klee.
1551 2278 68 6 —
1656 2243 169 70 „Wie

273 2340 201 58 komm
518 2342 95 57 ich
930 2375 68 5 —
1044 2341 506 72 Ausgezeichnet.
1630 2336 197 59 Wenn

274 2431 96 60 Sie
410 2434 148 57 über
596 2434 95 57 die
728 2432 607 75 expressionistische
1375 2431 228 59 Plastik
1647 2430 144 61 eben-

275 2546 65 37 so
387 2535 102 63 gut
534 2525 300 61 Bescheid
878 2531 220 53 wissen
1148 2571 122 13 ...
1315 2562 76 6 —
1438 2524 165 68 „Seit
1651 2546 79 34 zw
1731 2546 9 15 r
1746 2522 82 57 öH

273 2618 227 58 Jahren
538 2619 245 72 kämpfe
823 2619 95 59 ich
961 2632 189 61 gegen
1193 2620 97 57 die
1760 2650 67 5 ---

275 2708 143 60 Wer
471 2733 126 35 war
651 2712 105 58 der
813 2720 161 52 erste
1033 2710 607 74 expressionistische
1697 2708 99 59 Pla-

273 2803 229 58 stiker?
530 2841 76 8 —
636 2805 136 68 ~Ich
807 2805 264 61 schließe
1103 2805 158 60 mich
1292 2803 105 58 der
1430 2802 397 72 allgemeinen

270 2894 257 60 Ansicht
745 2935 75 6 —
861 2896 137 60 Nun
1040 2902 380 54 interessiert
1469 2896 156 58 mich
1670 2895 157 58 noch

276 2988 94 56 Ihr
428 2988 197 60 Urteil
680 2991 150 57 über
886 2990 97 58 die
1042 2990 358 58 abstrakten
1458 2988 197 59 Maler
1717 2988 105 56 des

274 3079 240 59 Sturm?
569 3119 75 7 —
716 3081 349 74 „Sprechen
1121 3082 97 59 Sie
1277 3081 214 68 lauter,
1569 3081 94 58 ich
1723 3082 103 57 bin

272 3180 189 51 etwas
991 3208 69 6 —
1091 3175 204 59 Ueber
1332 3175 94 57 die
1468 3175 358 59 abstrakten

274 3264 196 59 Maler
526 3266 105 59 des
688 3267 223 59 Sturm!
966 3302 68 6 —
1092 3269 215 68 „Nicht
1364 3266 461 59 fortschrittlich

561 3388 76 15 ■=—
683 3360 134 58 Wie
867 3361 258 58 urteilen
1175 3361 96 58 Sie
1322 3361 147 57 über
1523 3360 95 58 die
1666 3360 119 57 Aus-

270 3449 337 74 stellungen
642 3453 105 58 des
784 3453 238 59 Sturm?
1057 3490 68 5 —
1160 3453 214 70 „Nicht
1411 3451 412 61 revolutionär

554 3582 77 7 —
670 3545 196 58 Wann
908 3553 77 53 ist
1033 3551 132 53 eine
1210 3545 392 73 Ausstellung
1648 3567 140 36 revo-

269 3634 276 70 lutionär,
619 3637 154 57 Herr
826 3639 305 58 Kandidat
1206 3639 488 58 Cohn-Wiener?
1749 3675 75 7 —

270 3726 232 68 „Wenn
546 3733 86 55 sie
677 3731 125 57 sich
849 3739 255 65 getraut,
1147 3731 204 58 Bilder
1397 3731 424 69 auszustellen,

270 3819 94 61 die
406 3821 95 57 ich
546 3826 78 52 im
667 3821 199 60 Sturm
906 3825 256 72 verpaßt
1458 3862 75 7 —
1573 3824 100 58 Ich
1717 3824 70 58 be-

269 3912 286 58 wundere
627 3915 173 58 Ihren
871 3916 366 59 Scharfsinn.
1322 3916 144 60 Was
1533 3939 126 35 war
1728 3915 94 58 Ihr

269 4003 214 60 letztes
532 4007 213 71 großes
793 4008 271 59 Erlebnis
1113 4014 113 53 seit
1275 4011 105 57 der
1427 4009 356 61 Völkerwan-

270 4095 265 74 derung?
574 4130 68 7 —
684 4100 239 68 ~Meine
963 4102 750 74 Gehirnerschütterung/'
1756 4136 69 6 —

268 4186 242 61 Durch?
548 4228 76 7 —
663 4191 237 70 „Durch
1349 4230 69 6 —•
1456 4195 197 59 Wann
1697 4219 126 35 war

270 4280 94 59 die
436 4291 160 52 erste
667 4286 182 72 große
902 4287 779 75 Feininger-Ausstellung?
1750 4326 75 9 —

270 4373 144 67 „Als
454 4375 95 58 ich
595 4378 367 62 erschüttert
1308 4419 75 7 —
1424 4381 255 59 Kennen
1724 4382 98 60 Sie

269 4465 223 60 andere
528 4468 290 61 deutsche
853 4472 337 60 Kubisten?
1226 4512 72 7 —
1334 4473 351 75 „Feininger
1719 4478 102 56 hat

267 4559 156 57 mich
468 4582 66 37 so
576 4563 367 60 erschüttert
986 4613 9 10 .
1043 4614 8 10 .
1185 4600 69 6 —
1291 4567 214 59 Haben
1549 4567 97 59 Sie
1689 4590 133 38 zum

266 4650 264 75 Beispiel
572 4701 8 10 .
624 4703 10 9 .
680 4704 10 11 .
728 4688 69 6 —
836 4657 163 69 „Seit
1039 4659 176 58 zwölf
1255 4659 230 59 Jahren
1524 4661 105 60 hat
1667 4662 154 58 mich

266 4742 316 77 Feininger
1115 4786 69 7 —
1237 4751 144 59 Was
1438 4757 77 53 ist
1557 4754 106 57 iür
1722 4753 96 59 Sie

266 4836 253 62 kritisch
567 4841 416 73 maßgebend?
1029 4880 75 8 —
1154 4843 166 69 „Seit
1368 4845 178 59 zwölf
1595 4844 227 61 Jahren

267 4935 167 57 setze
468 4932 95 58 ich
596 4935 156 57 mich
793 4981 9 11 .
850 4982 10 10 .
906 4981 9 12 .
954 4936 99 72 (Er
1087 4937 147 58 wird
1273 4938 136 59 sehr
1447 4942 220 69 erregt)
1707 4944 114 53 seit

267 5022 178 60 zwölf
483 5024 227 61 Jahren
751 5036 157 50 trete
950 5030 97 56 ich
1090 5076 9 11 .
1147 5077 8 11 .
1204 5031 44 57 /'
1290 5067 76 8 —-
1405 5031 153 57 Herr
1598 5031 187 58 Kandi-

267 5114 119 69 dat,
425 5139 126 38 was
585 5123 77 54 ist
700 5119 90 59 für
828 5119 96 61 Sie
962 5120 406 61 künstlerisch
1403 5124 416 72 maßgebend?

265 5243 75 8 —
396 5209 225 68 „Zwölf
674 5212 186 59 Jahre
919 5262 8 9 .
976 5263 8 10 .
1032 5263 9 9 .
1103 5218 84 68 (er
1242 5214 201 71 brüllt)
1508 5215 187 59 Zwölf
1749 5254 76 7 —

265 5299 116 63 Jah
416 5333 67 11 -

1913 379 377 60 Tatbestand

2750 490 224 48 Berliner
3047 484 430 53 Börsen-Courier

2747 582 114 36 vom
2914 569 67 45 12.
3033 564 284 49 November
3371 565 111 47 1918

2926 645 122 47 Curt
3097 641 202 50 Qlaser:

2811 791 10 10 .
2869 790 8 10 .
2926 790 8 9 .
2980 753 84 47 hat
3114 764 89 37 uns
3247 751 84 45 der
3380 760 78 35 rus-

2750 831 162 48 sische
3064 828 420 50 Bolschewismus

2750 910 105 46 eine
2933 908 184 47 andere
3190 903 295 53 Vertretung

2748 986 127 47 nach
2916 983 167 50 Berlin
3123 983 228 47 entsandt
3389 982 98 48 und

2751 1065 129 51 zeigt
2929 1076 88 35 uns
3065 1062 46 45 in
3161 1062 83 47 der
3296 1057 188 48 Sturm-

2751 1138 326 55 Ausstellung,
3179 1138 96 44 wie
3372 1147 112 34 man

2750 1221 44 44 in
2860 1218 86 46 der
3009 1215 263 47 bildenden
3335 1210 149 52 Kunst

2749 1295 295 53 Revolution
3129 1306 58 33 zu
3279 1290 205 47 machen

2749 1375 95 47 hat.

1920 1813 243 59 Vierter
2201 1811 150 61 Hals

1919 1936 77 58 Je
2037 1935 304 60 m'accuse

2034 2060 119 68 Ich,
2192 2058 149 60 Curt
2377 2058 219 69 Bauer,
2634 2056 189 59 durch
2861 2050 292 63 Himmels
3195 2047 289 74 Ungnade

1920 2152 732 58 Kimstberichterstatter
2717 2148 107 58 der
2888 2145 276 61 Berliner
3228 2143 223 58 Börsen-

1921 2249 257 69 zeitung,
2224 2245 175 72 klage
2446 2243 157 59 mich
2650 2264 93 37 an.
2828 2240 192 59 Jeder
3066 2242 131 55 sein
3242 2242 245 66 eigener

1922 2337 451 61 Staatsanwalt,
2451 2337 170 58 Aber
2662 2336 249 72 gerecht
2950 2331 126 60 will
3117 2330 91 60 ich
3257 2327 197 75 gerich-

1925 2438 88 51 tet
2048 2436 146 54 sein.
2264 2430 215 58 Richte
2516 2430 152 57 Dich
2708 2427 207 63 selbst.
2991 2424 138 59 Und
3167 2444 125 37 wer
3330 2420 160 60 steht

1925 2528 110 54 mir
2077 2524 138 57 bei?
2299 2523 98 59 Sei
2440 2521 265 60 Anwalt'
2730 2521 229 58 Deiner
3006 2518 214 59 Sache,

1921 2615 360 61 Richter
2324 2614 203 61 Curt
2563 2614 315 59 Bauer:

2035 2708 416 73 Angeklagter
2507 2708 148 58 Curt
2707 2707 217 68 Bauer,
3004 2704 99 59 Sie
3178 2701 137 59 sind
3368 2722 120 35 von

1925 2800 146 61 Curt
2111 2801 198 60 Bauer
2349 2800 399 73 beschuldigt,
2788 2799 309 73 jahrelang
3139 2807 190 61 gegen
3372 2793 118 58 den

1922 2894 557 74 Expressionismus
2552 2898 107 53 mit
2731 2897 168 54 einer
2969 2889 347 60 Stahlfeder
3390 2899 65 60 ge-

1921 2988 234 72 kämpft
2195 3010 74 36 zu
2306 2988 217 58 haben.

1920 3079 849 74 AngeklagterCurt
2818 3079 314 58 Bauer:

2034 3173 213 58 Bisher
2283 3175 114 72 gab
2434 3196 64 35 es
2534 3173 156 58 noch
2728 3186 104 60 gar
2867 3171 225 58 keinen
3126 3170 324 72 Expressio-

1918 3270 243 66 nismus,
2210 3266 264 59 sondern
2518 3288 111 36 nur
2678 3269 166 56 seine
2893 3262 398 60 Auswüchse.

1917 3358 361 60 Richter
2321 3358 204 60 Curt
2561 3358 314 59 Bauer:
3048 3349 55 42 **

2038 3451 145 59 Was
2243 3451 328 59 verstehen
2631 3451 97 58 Sie
2788 3457 180 52 unter
3024 3446 463 61 Auswüchsen?

1921 3545 597 72 Angeklagter
2566 3545 204 58 Curt
2819 3544 314 57 Bauer:

2031 3637 189 70 Alles,
2270 3660 127 37 was
2447 3645 204 50 zuerst
2701 3659 107 35 aus
2860 3637 108 57 der
3022 3634 159 60 Erde
3232 3634 250 66 wächst,

1923 3734 78 54 ist
2050 3730 361 61 Auswuchs.
2502 3730 157 58 Kein
2708 3729 274 59 Kritiker
3032 3728 165 59 kann
3249 3731 241 63 wissen,

1921 3845 125 37 was
2086 3823 216 59 daraus
2340 3823 249 59 werden
2625 3823 170 59 wird.

1925 3914 637 61 Staatsanwalt
2623 3915 203 58 Curt
2882 3916 304 57 Bauer:

2032 4008 113 59 Mit
2185 4009 199 58 dieser
2421 4009 335 72 Erklärung
2796 4009 153 72 gebe
2989 4008 97 59 ich
3123 4008 157 56 mich
3319 4006 165 58 nicht

1919 4102 328 58 zufrieden.
2328 4102 99 59 Sie
2470 4102 193 60 sollen
2701 4102 158 60 noch
2900 4122 121 37 von
3062 4100 422 58 Auswüchsen

1922 4196 379 70 gesprochen
2360 4195 216 72 haben,
2644 4195 87 59 als
2797 4195 187 58 schon
3027 4192 460 60 Kunstkritiker

1921 4285 587 74 Kandinskyblüten,
2544 4287 508 74 Chagallfrüchte,
3081 4287 193 58 Franz
3287 4285 162 59 Marc-

1923 4379 225 60 blätter
2186 4402 119 38 von
2348 4386 167 55 einer
2556 4381 155 59 flora
2752 4380 172 60 Curti
2961 4380 220 60 Baueri
3223 4400 221 39 commu-

1921 4476 89 58 nis
2060 4474 172 59 recht
2282 4483 103 66 gut
2433 4474 471 60 unterscheiden
2955 4476 291 59 konnten.

1921 4566 600 75 Angeklagter
2566 4567 203 61 Curt
2818 4567 317 59 Bauer:

2032 4658 76 59 Es
2152 4662 115 70 gab
2311 4661 148 59 aber
2501 4661 194 60 sofort
2741 4683 156 37 neue
2941 4659 399 70 Auswüchse,
3386 4660 97 57 die

1913 4751 228 60 wieder
2180 4753 144 59 kein
2358 4753 271 61 Kritiker
2666 4755 312 58 erkennen
3014 4753 249 59 konnte.

1922 4843 567 76 Verteidiger
2546 4844 203 61 Curt
2803 4846 314 58 Bauer:

2032 4936 101 59 Ich
2188 4937 352 75 beantrage,
2618 4937 148 62 Curt
2821 4937 217 60 Glaser
3095 4938 87 59 als
3241 4938 241 74 Zeugen

1916 5030 262 58 darüber
2210 5053 74 36 zu
2319 5031 387 71 vernehmen,
2747 5031 116 59 daß
2899 5053 134 37 zum
3070 5031 265 74 Beispiel
3367 5032 77 72 Ly-

1916 5123 138 58 onel
2089 5122 348 74 Feiningers
2475 5124 222 70 Bilder,
2742 5124 245 73 solange
3027 5129 86 54 sie
3154 5129 78 56 im
3277 5124 198 61 Sturm

1913 5218 234 69 gezeigt
2192 5217 267 69 wurden,
2507 5218 381 59 Auswüchse
2935 5240 226 37 waren.
3249 5217 227 60 Ferner

1910 5307 332 77 beantrage
2313 5310 94 61 ich
2476 5308 96 65 die
2643 5309 426 78 Vernehmung
3141 5333 118 38 von
3311 5311 160 62 Fritz

1913 495 134 50 Neue
2111 494 227 49 Berliner
2399 507 115 34 vom
2575 495 70 45 22.

2136 570 98 49 Mai
2291 571 136 48 1919:

1975 758 97 53 Das
2137 755 303 56 Graphische
2505 754 116 50 Kabi-

1915 840 80 44 net
2028 837 279 51 legitimiert
2342 833 103 48 sich
2477 834 170 45 immer

1917 912 374 49 entschiedener
2391 910 72 47 als
2564 910 84 46 der

1916 989 445 49 fortschrittlichste
2471 986 148 52 Kunst-

1914 1069 134 48 salon
2098 1066 207 54 Berlins,
2349 1065 300 51 vielseitiger

1916 1146 69 47 als
2027 1143 99 49 Der
2168 1143 179 57 Sturm,
2386 1142 137 46 mehr
2567 1143 82 45 der

1915 1222 402 49 revolutionären
2365 1220 286 51 Bewegung

1916 1300 69 47 als
2093 1299 136 47 einer
2336 1298 312 46 bestimmten

1916 1376 240 54 Richtung
2206 1375 221 47 dienend.
2518 1373 132 48 Jetzt

1916 1454 129 50 stellt
2088 1466 53 33 er
2182 1455 84 44 mit
2308 1451 190 53 Lyonel
2539 1450 82 47 Fei-

1917 1533 170 52 ninger
2143 1565 9 9 .
2205 1569 10 11 .
2264 1568 9 9 .

1998 1607 145 48 Ernst
2201 1605 368 49 Cohn-Wiener
