3470 4572
1223 504 213 53 Waftßer
1460 510 145 66 Krug
1624 539 9 11 *
1651 518 170 62 kegstt

2543 540 94 51 729

416 692 329 63 diskutieren.
797 688 84 60 Er
929 688 95 60 hat
1069 697 58 67 ja
1176 693 158 71 recht,
1385 696 98 62 der
1529 720 132 58 gute
1714 706 187 81 Junge.
1958 712 141 65 Lind
2152 721 184 74 gewiß
2394 731 68 55 ist
2510 736 117 54 sein

414 779 501 79 Steckenpferdchen
963 781 140 61 nicht
1151 807 107 38 nur
1306 786 117 67 das.
1476 792 122 63 Der
1646 799 132 64 nach
1816 802 145 76 Bier,
2004 807 176 66 Wein
2223 814 119 61 und
2383 814 246 84 Schnaps

414 870 264 69 riechende
719 870 277 61 Deutsche
1044 883 99 51 mit
1181 888 369 59 erweitertem
1588 888 246 79 Herzen,
1885 896 353 81 hängendem
2279 906 185 63 Bauch
2507 913 117 61 und

412 962 353 73 Stiemadcen,
808 972 96 53 mit
943 964 533 87 Faustaufschlagen
1517 982 116 61 und
1677 985 165 63 fetten
1882 990 234 66 Witzen
2157 1000 119 61 und
2317 1000 190 66 Zoten
2550 1015 72 53 ist

407 1061 157 61 sicher
600 1074 264 43 ernsterer
892 1056 195 63 Reden
1120 1079 153 45 wert.
1313 1066 166 63 Aber
1506 1076 209 74 gerade
1745 1079 198 66 darum
1976 1089 125 61 sind
2134 1089 101 63 das
2268 1117 107 38 nur
2408 1099 211 63 wieder

407 1150 518 76 Steckenpferdchen,
968 1152 170 64 Denn
1181 1167 155 54 wäre
1377 1185 61 38 es
1476 1167 155 61 mehr
1674 1173 79 61 als
1793 1175 122 74 das,
1953 1203 69 38 so
2063 1180 208 69 könnte
2309 1211 132 40 man
2477 1193 139 63 doch

404 1246 130 61 nicht
569 1244 84 61 bei
691 1244 178 61 dieser
907 1244 312 66 kleinlichen
1260 1251 188 82 Frage
1496 1261 132 61 nah
1679 1264 125 64 dem
1844 1269 254 69 Alkohol
2136 1279 196 64 stehen
2373 1282 236 66 bleiben.

404 1348 74 51 So
516 1335 195 61 könnte
752 1361 130 35 man
925 1338 134 61 doh
1095 1343 137 61 niht
1265 1348 135 61 auh
1433 1350 117 64 hier
1580 1358 208 61 wieder
1819 1366 206 76 typisch
2058 1373 393 76 wiederholen,
2487 1404 124 38 was

399 1424 279 64 Nietzshe
719 1427 160 61 shon
922 1452 104 38 vor
1070 1432 208 83 dreißig
1306 1437 198 78 Jahren
1542 1444 358 84 festgenagelt
1931 1457 114 71 hat,
2078 1460 109 63 daß
2220 1467 229 61 nämlih
2484 1470 82 63 Ur-

396 1521 148 61 sahe
582 1521 112 58 und
724 1521 282 81 Wirkung
1044 1526 320 83 kurzsihtig
1407 1538 115 61 und
1562 1541 364 68 oberflächlich
1964 1556 355 66 verwechselt
2357 1566 247 61 werden.

394 1612 74 61 So
506 1612 177 61 mußte
724 1637 130 36 man
897 1615 152 73 doh,
1092 1622 188 61 wollte
1329 1650 129 38 man
1512 1630 144 66 denn
1705 1637 231 66 wirklich
1984 1660 178 49 etwas
2210 1653 231 73 wirken,
2492 1678 112 41 erst

394 1703 185 61 einmal
625 1703 86 61 die
750 1706 185 79 Frage
981 1711 409 79 beantworten,
1438 1724 89 61 die
1575 1749 94 41 am
1707 1731 239 82 Anfang
1992 1742 167 60 steht;
2213 1747 195 63 woher
2449 1752 147 61 denn

391 1810 163 46 dieses
605 1797 226 61 Trinken
871 1800 224 66 komme
1136 1810 116 59 und
1293 1820 107 54 wie
1448 1838 61 38 es
1557 1818 145 63 denn
1750 1848 74 38 zu
1865 1828 243 66 erklären
2149 1846 99 61 sei,
2289 1838 112 64 daß
2441 1843 155 71 jeder

386 1896 183 51 zweite
615 1889 229 63 Mensch
894 1894 99 61 der
1042 1896 157 67 Erde
1247 1927 71 38 an
1369 1907 181 63 dieser
1595 1912 310 68 Krankheit
1951 1922 152 66 leide.
2159 1927 82 63 Ih
2291 1935 112 61 will
2451 1937 143 64 niht

396 2029 21 10 ,
442 2003 117 53 gen,
607 1983 107 61 daß
762 2008 132 41 man
945 1990 153 74 ahnt,
1148 2018 122 41 was
1329 2001 132 63 alles
1517 2006 177 63 hinter
1743 2011 177 66 dieser
1966 2016 186 84 Frage
2207 2026 161 74 steht,
2418 2031 170 64 weih

384 2077 287 58 furchtbare
709 2077 244 63 Fratzen
1006 2107 107 41 uns
1161 2100 295 68 angrinsen
1499 2100 244 73 werden,
1786 2128 162 40 wenn
1994 2120 102 51 wir
2144 2117 203 61 einmal
2393 2123 190 63 diesen

402 2189 233 55 »omang
673 2194 376 61 weggezogen
1095 2181 183 63 haben
1318 2189 247 63 werden.
1608 2194 170 63 Denn
1819 2199 117 63 dies
1974 2227 73 38 zu
2091 2209 200 74 ahnen,
2334 2217 127 60 sind
2492 2219 91 61 die

381 2257 666 81 Steckenpferdhenreiter
1077 2275 264 66 sicherlich
1374 2283 140 61 niht
1552 2288 117 71 reif,
1712 2290 221 66 können
1974 2321 61 38 es
2075 2300 132 61 auh
2251 2305 139 61 niht
2431 2333 150 38 wer.

391 2399 56 61 7
678 2351 72 61 da
879 2377 78 38 S,e
958 2379 58 97 /
1019 2359 76 61 ,A
998 2361 475 69 desßeifcns
1258 2371 88 61 län
1352 2392 86 58 gst
1471 2377 244 78 begeben
1750 2382 198 68 haben.
1992 2387 81 63 Ih
2106 2394 112 61 will
2248 2420 107 38 nur
2385 2422 191 54 sagen,

419 2445 51 59 iß
513 2468 120 38 man
633 2450 233 64 idieser
912 2455 186 82 Frage
1148 2468 231 61 niemals
1428 2471 160 73 nahe,
1639 2478 337 81 geshweige
2025 2486 106 61 auf
2174 2498 82 51 sie
2312 2491 261 68 kommen

369 2552 200 46 sonnte,
625 2542 165 63 nben
841 2549 124 61 weil
1021 2575 132 40 man
1202 2554 520 84 Stecfcenpferdhen
1781 2580 99 53 ritt.
1931 2575 152 63 Weil
2139 2603 132 40 man
2327 2608 107 38 nur
2482 2598 89 53 ein

367 2648 205 40 oiaciter
610 2655 120 40 war
769 2640 116 60 und
927 2641 101 63 das
1069 2645 325 67 Sdiwätzen
1437 2655 137 61 über
1615 2659 131 62 alles
1788 2664 139 62 hielt.

1431 2823 49 61 3.

427 2903 114 65 Das
567 2910 205 74 Letzte,
808 2943 122 38 was
963 2923 96 61 der
1090 2928 289 63 städtische
1405 2933 249 76 Mensch,
1689 2940 140 61 oder
1857 2943 208 66 besser:
2108 2951 89 61 die
2228 2956 330 66 städtischen

417 3024 111 99 7^
532 3026 33 36 n
605 3029 44 37 Sl
652 3035 56 32 ™
750 3034 102 38 aus
858 3015 244 73 dachten,
1145 3044 191 39 waren
1386 3026 88 60 die
1513 3029 644 75 Futuristen-Konzerte
2199 3054 54 52 in
2296 3049 262 67 Mailand

426 3114 13 12 '
492 3095 49 58 L
543 3119 36 35 °
583 3099 148 62 ndon
737 3149 11 13 -
792 3104 112 62 Die
938 3107 260 65 Eitelkdt
1239 3115 98 61 des
1380 3118 249 64 Städters
1671 3126 171 60 wählt
1882 3153 131 38 zum
2047 3134 324 79 Programm
2415 3146 140 62 »das

350 3193 288 58 Brwachen
682 3194 95 62 der
812 3198 350 67 Großstadt«
1206 3210 136 60 oder
1385 3223 122 51 »ein
1543 3215 254 82 Meeting
1836 3246 114 37 von
1985 3224 409 71 Automobilen
2437 3241 117 59 und

411 3298 332 63 ugzeugen«,
776 3290 219 76 Kisten,
1030 3298 243 75 Röhren,
1309 3303 272 75 Kurbeln,
1621 3311 251 75 Rasseln,
1917 3317 469 84 Grammophone
2425 3335 126 59 sind

471 3392 373 65 Instrumente,
895 3412 94 37 um
1040 3392 150 62 diese
1238 3397 260 63 Eitelkeit
1552 3426 74 37 zu
1682 3405 350 82 befriedigen.
2091 3415 140 63 Hier
2278 3425 160 58 ward
2489 3450 59 38 es

522 3471 198 62 endlich
770 3482 201 58 einmal
1021 3485 269 72 offenbar,
1339 3492 116 60 und
1512 3496 137 60 nicht
1705 3500 156 61 mehr
1916 3505 276 63 verblümt
2241 3513 164 63 durch
2457 3519 89 61 die

372 3642 26 42 f»
473 3651 28 33 m
551 3654 52 30 D
603 3563 96 64 dcr
737 3572 178 74 philos
920 3599 74 53 °P
998 3576 213 64 hisdien
1254 3581 332 78 Schwätzer,
1630 3590 88 61 die
1759 3601 96 54 mit
1894 3595 252 80 Empirie
2187 3607 116 59 und
2344 3608 199 65 Meta=

382 3667 46 79 ?
428 3667 92 79 SK
550 3656 123 62 Ean
677 3662 146 75 §kall
854 3669 225 75 spielen,
1115 3673 109 61 daß
1258 3675 194 62 Musik
1484 3703 106 38 nur
1621 3684 136 61 noch
1792 3697 85 50 ein
1915 3689 287 67 Geräusch
2235 3707 80 53 ist.
2358 3702 182 66 Schon

337 3750 70 46 oft
442 3750 186 61 wurde
669 3755 101 62 das
810 3778 213 61 gesagt,
1066 3765 134 61 aber
1239 3777 89 52 nie
1369 3770 134 63 doch
1553 3777 156 72 noch,
1757 3782 117 59 und
1924 3787 132 60 auch
2098 3812 114 38 von
2256 3793 108 62 den
2408 3822 99 39 ver-

367 3852 249 52 issensten
656 3847 254 67 Feinden
953 3854 177 64 dieser
1169 3859 192 65 Kunst
1408 3866 151 72 nicht,
1611 3871 273 77 geglaubt.
1934 3877 137 78 Jetzt
2119 3885 134 61 muß
2301 3911 131 41 man
2477 3919 59 37 es

329 3937 215 57 g3uben
551 3982 11 13 '
613 3939 164 65 Äudl
825 3951 75 57 idl
948 3949 93 61 bin
1092 3952 319 81 überzeugt,
1455 3960 107 63 daß
1602 3963 196 64 Musik
1839 3977 86 54 ein
1969 3974 286 67 Geräusch
2297 3990 81 55 ist.
2421 3988 112 61 Die
