3566 4572
1776 541 134 50 Tritz
1942 538 288 63 Scßwiefert
2249 564 9 11 •
2282 528 196 75 Ödipus

1003 540 95 49 700

1720 1111 409 65 ÖDIPUS'
2178 1110 368 66 STREIT

1379 1299 181 61 Schon
1602 1298 218 63 damals
1860 1317 130 61 trug
2028 1310 120 52 sein
2189 1300 132 62 Blut
2359 1301 256 78 geheime
2654 1301 201 63 Fracht

1376 1392 386 78 Zukünftigen
1803 1393 262 62 Mordes.
2110 1393 144 62 Und
2295 1404 118 52 sein
2453 1395 179 78 Auge
2674 1397 181 61 schien

1378 1485 139 63 Wie
1559 1494 153 54 einer
1751 1487 189 62 Katze
1981 1487 147 61 rund
2169 1488 118 61 und
2328 1488 287 62 schillernd
2653 1501 162 67 grün.

1379 1578 143 62 Und
1562 1588 157 52 seine
1760 1579 303 80 Wimpern
2104 1579 230 64 kohlten
2375 1591 111 52 wie
2527 1582 93 61 die
2659 1582 206 64 Nacht.

1378 1751 87 61 Er
1505 1752 190 79 sprach
1736 1774 330 39 verworren
2108 1752 118 61 und
2267 1761 119 53 sein
2432 1753 179 61 Wort
2650 1778 123 38 war
2814 1755 220 62 lastend

1378 1845 141 61 Auf
1552 1845 203 72 denen,
1795 1846 92 62 die
1928 1856 119 52 sein
2089 1846 237 64 krankes
2368 1847 297 63 Mißtraun
2707 1849 201 78 prüfte.

1379 1939 143 61 Und
1562 1948 156 53 seine
1757 1939 212 62 kurzen
2010 1940 213 62 Hände
2264 1940 201 62 kosten
2507 1943 226 61 tastend

1378 2033 127 61 Das
1547 2033 175 62 breite
1764 2034 249 62 Schwert
2052 2044 110 52 wie
2204 2044 125 52 eine
2368 2035 405 63 Frauenhüfte,

1379 2203 143 62 Und
1563 2204 84 63 als
1687 2204 149 61 beim
1877 2204 204 63 Mahle
2122 2206 100 62 der
2262 2206 348 62 betrunkene
2650 2207 215 62 Zecher

1380 2297 400 80 Geschwätzig
1825 2298 311 63 »Bastard«
2183 2300 112 61 ihm
2336 2301 447 77 entgegenlallte.

1375 2390 99 61 Da
1513 2391 188 79 schlug
1742 2415 60 38 er
1842 2391 112 61 ihm
1997 2392 110 61 den
2147 2392 494 79 goldgetriebenen
2683 2395 205 61 Becher

1376 2484 163 62 Vom
1580 2485 229 62 Munde
1851 2486 126 60 fort.
2023 2485 134 62 Sein
2199 2488 240 62 scharfer
2479 2488 199 62 Kiefer
2717 2489 195 61 krallte

1378 2655 120 61 Sich
1540 2655 323 64 knirschend
1903 2667 55 52 in
2000 2659 90 63 die
2132 2659 213 61 fremde
2389 2659 221 79 Gurgel
2650 2669 109 62 ein,

1376 2749 91 62 Ihr
1507 2752 311 61 schwarzes
1860 2753 131 61 Blut
2032 2753 415 62 aufschlürfend
2488 2763 110 52 wie
2640 2763 89 52 ein
2771 2750 188 82 Tiger,

1374 2844 194 72 Dann,
1607 2844 181 63 voller
1828 2846 301 80 Sätt'gung
2170 2847 291 61 Umschau
2504 2847 248 72 haltend,
2792 2848 237 76 schwieg
3067 2869 56 38 er

1378 2937 143 62 Und
1563 2938 108 63 ließ
1712 2938 94 61 ihn
1850 2940 168 62 fallen
2058 2950 111 52 wie
2209 2950 89 52 ein
2342 2941 449 78 Opferschwein.
