3353 4572
827 544 135 48 Max
982 543 152 48 Brod
1146 567 9 10 •
1184 540 156 64 Tycßo
1371 544 140 49 Braß
1512 563 49 32 es
1595 544 116 62 Weg
1743 564 67 31 zu
1847 546 126 50 Gott

2415 545 89 50 771

297 746 203 65 drücke,
557 738 87 60 die
699 734 92 60 ihn
847 731 287 71 kränkten,
1191 732 138 59 nicht
1386 732 101 62 das
1545 733 275 64 kleinliche
1875 736 331 61 Mißtrauen
2263 734 240 79 Keplers

297 859 164 61 gegen
501 831 109 68 ihn,
652 827 101 61 das
792 825 264 60 vielleicht
1096 849 106 35 nur
1235 825 165 60 durch
1435 836 87 51 ein
1555 827 328 62 Mißtrauen
1917 828 99 61 der
2047 828 157 60 Frau
2239 844 265 62 angeregt

298 954 109 41 war
431 925 112 63 und
567 920 207 62 darauf
792 934 356 54 antwortete,
1173 920 136 59 auch
1334 921 139 58 nicht
1498 920 88 61 die
1602 922 268 61 Ausfälle
1896 946 175 54 gegen
2098 921 406 71 Bankettieren,

298 1023 225 64 Zechen,
563 1011 469 78 Zeitvergeuden,
1078 1012 256 61 schlechte
1375 1012 370 80 Behandlung
1776 1015 98 61 der
1915 1016 226 61 Schüler
2181 1015 117 61 und
2333 1014 174 61 Ähn*

298 1118 160 62 liches.
508 1109 95 62 Ihn
642 1105 188 62 hetraf
856 1114 72 51 im
964 1105 242 61 Grunde
1239 1129 106 37 nur
1378 1105 88 62 die
1507 1106 177 63 kleine
1724 1108 258 78 beiläufig
2023 1109 481 77 hingeschriebene

301 1207 172 67 Stelle,
513 1226 92 37 wo
646 1198 210 79 Kepler
889 1193 224 81 Tychos
1149 1198 230 76 System
1418 1222 145 53 ganz
1605 1200 206 61 einfach
1853 1202 80 61 als
1972 1202 236 61 »falsch«
2253 1202 252 61 bezeichn

299 1317 129 47 nete.
482 1297 93 60 Da
614 1316 120 37 war
774 1315 60 37 es
877 1292 122 60 also
1042 1292 245 60 schwarz
1338 1292 107 60 auf
1479 1293 164 70 weiß,
1693 1294 100 60 das
1836 1296 255 77 Einzige,
2142 1296 362 70 Schlimmste,

299 1415 190 41 wovor
551 1411 57 37 er
670 1386 104 61 sich
842 1385 279 77 eigentlich
1181 1386 89 60 die
1342 1410 179 52 ganze
1579 1387 131 61 Zeit
1773 1388 138 61 über
1966 1390 302 76 gefürchtet
2325 1390 178 71 hatte,-

299 1487 68 60 da
417 1480 158 65 stand
644 1501 58 39 es
767 1486 97 51 mit
929 1486 151 52 einer
1145 1479 517 61 Unabsiditlichkeit
1727 1481 115 60 und
1906 1481 446 79 Unwichtigkeit,
2411 1484 91 58 die

301 1578 146 78 jeden
494 1571 237 64 Zweifel
781 1571 395 62 ausschloß,,,
1220 1567 224 83 Tychos
1494 1573 296 60 Schrecken
1839 1574 198 61 wurde
2086 1575 164 61 durch
2292 1576 206 60 wilden

301 1673 237 74 Ingrimm
579 1665 266 76 abgelöst.
906 1664 60 60 In
1008 1664 321 61 demselben
1362 1667 351 76 Augenblick
1753 1667 141 71 also,
1936 1678 52 49 in
2030 1668 129 61 dem
2201 1692 58 37 er
2291 1668 214 79 Kepler

302 1774 86 51 mit
425 1759 217 62 Freude
684 1758 116 61 und
839 1758 401 77 Begeisterung
1281 1768 160 51 einen
1484 1759 456 62 entscheidenden
1990 1762 204 59 Dienst
2227 1772 276 51 erweisen

302 1856 190 67 wollte,
533 1862 52 51 in
619 1851 319 61 demselben
975 1851 350 77 Augenblick
1367 1852 190 61 dachte
1597 1853 210 78 Kepler
1847 1853 130 61 kühl
2020 1854 116 60 und
2175 1854 211 61 kritisch
2429 1879 74 36 an

301 1950 99 59 ihn.
454 1946 160 61 Noch
656 1945 178 59 mehr:
878 1943 83 63 So
1004 1943 145 61 hatte
1183 1968 60 36 er
1284 1954 193 52 immer
1516 1946 245 76 gedacht,
1803 1970 66 37 so
1911 1946 146 61 hatte
2090 1971 60 37 er
2190 1957 54 51 in
2278 1947 70 61 all
2391 1947 109 61 den

302 2039 372 80 geisterfüllten
739 2037 468 61 Sternennächten
1263 2054 207 44 stumm
1535 2039 108 59 auf
1700 2039 90 61 ihn
1858 2039 435 78 herabgesehen,
2353 2041 147 60 hatte

303 2134 139 70 alles,
480 2155 117 37 was
637 2155 71 36 an
743 2140 180 51 seiner
956 2130 152 62 Seite
1148 2131 252 78 geschah,
1444 2131 89 60 für
1574 2131 183 70 falsch,
1798 2133 262 61 vielleicht
2100 2133 89 61 für
2228 2134 274 61 lächerlich

303 2225 247 78 gehalten.
616 2224 139 60 Und
802 2248 169 37 wenn
1028 2248 60 37 es
1139 2248 115 37 nun
1303 2224 233 61 wirklich
1587 2225 163 60 falsch
1806 2249 262 54 gewesen
2127 2237 173 59 wäre,
2357 2251 143 37 sann

301 2314 195 80 Tycho,
543 2317 136 61 oder
725 2341 132 35 zum
905 2318 234 76 größten
1190 2313 156 65 Teile
1406 2317 195 61 falsch?
1665 2318 113 60 Ein
1827 2318 286 77 Abgrund
2168 2319 158 60 brach
2385 2319 119 70 auf,

302 2406 178 81 Tycho
524 2411 258 61 bedeckte
824 2420 154 52 seine
1019 2412 215 76 Augen
1284 2421 97 51 mit
1422 2412 107 60 den
1571 2411 246 61 Händen
1867 2412 115 60 und
2025 2412 245 61 dennoch
2322 2413 177 61 fühlte

298 2525 53 37 er
387 2505 96 58 sich
524 2515 240 58 stürzen,
805 2503 275 61 bodenlos
1122 2505 116 70 tief,
1280 2528 66 38 so
1388 2505 106 59 tief
1519 2514 107 50 wie
1668 2505 134 59 noch
1845 2505 227 61 niemals
2114 2529 278 38 zuvor,,,

368 2596 76 59 Es
483 2597 207 60 mochte
731 2605 123 52 eine
896 2596 217 62 Stunde
1155 2597 139 61 oder
1333 2597 156 61 mehr
1529 2620 316 55 vergangen
1887 2608 136 59 sein,
2066 2597 80 61 als
2189 2620 61 38 es
2293 2622 71 36 an
2409 2597 90 61 die

316 2683 93 64 für
445 2690 201 75 pochte,
690 2689 294 61 Elisabeth
1026 2690 110 60 rief
1171 2690 90 60 ihn

368 2776 182 81 Tycho
599 2783 119 70 saß,
767 2784 167 78 Kopf
983 2783 116 61 und
1148 2784 271 61 Oberleib
1486 2784 267 76 rücklings
1812 2784 138 60 über
2006 2784 108 60 den
2156 2780 160 65 Tisch

299 2877 262 71 gestredct,
609 2887 54 50 in
711 2887 180 51 einem
932 2878 449 61 schlafähnlichen
1423 2878 277 60 Zustand.
1756 2878 85 60 Er
1888 2877 108 77 gab
2046 2878 133 61 leise
2221 2879 277 61 Antwort

303 2966 103 59 und
443 2967 108 71 bat,
591 2994 129 36 man
760 2971 145 75 solle,
948 2971 93 59 ihn
1083 2972 136 58 noch
1262 2981 122 51 eine
1426 2971 189 59 Weile
1657 2971 128 76 lang
1826 2971 161 59 allein
2028 2971 202 61 lassen.
2282 2972 61 58 In
2387 2972 113 60 ihm

298 3056 199 79 begann
544 3086 59 37 es
660 3065 104 59 sich
812 3090 74 34 zu
937 3065 228 61 ordnen.
1242 3066 167 61 Seine
1456 3065 181 59 Lehre
1693 3064 207 60 konnte
1950 3065 137 59 nicht
2150 3065 162 61 falsch
2366 3076 139 61 sein,

301 3149 118 61 aber
448 3177 57 36 es
546 3157 246 60 mochten
833 3157 82 60 ihr
957 3157 219 72 falsche,
1216 3156 413 62 verfälschende
1670 3155 435 62 Bestandstücke
2146 3157 352 79 beigemengt

296 3253 121 61 sein,
464 3246 86 61 die
598 3249 113 61 ihre
751 3250 257 62 Reinheit
1055 3251 495 77 beeinträchtigten.
1613 3250 165 60 Aber
1826 3249 174 61 selbst
2051 3250 153 61 diese
2254 3251 241 63 falschen

298 3337 182 62 Stücke
527 3340 181 64 hatten
764 3368 116 37 nun
939 3345 87 60 für
1066 3340 195 82 Tycho
1312 3344 153 61 Sinn,
1534 3344 95 61 Sie
1676 3366 192 38 waren
1917 3367 116 36 nun
2084 3343 211 62 ebenso
2357 3345 145 61 viele

298 3425 338 80 Zuchtruten,
678 3437 87 61 die
806 3438 93 60 ihn
929 3438 229 61 ruhelos
1192 3438 164 61 durch
1390 3437 242 77 Europa
1663 3437 317 77 peitschten,
2011 3436 344 62 Zuchtruten
2388 3448 115 52 wie

301 3517 205 82 Kepler,
539 3538 107 51 wie
673 3531 285 61 Christine
993 3531 117 61 und
1141 3532 294 76 Hagecius
1470 3530 116 61 und
1619 3528 314 71 Elisabeth,
1966 3538 109 51 wie
2109 3530 155 72 alles,
2300 3556 203 37 woran

297 3632 54 37 er
387 3613 74 63 litt
499 3621 111 61 und
651 3648 120 37 was
814 3625 92 60 ihn
947 3624 164 61 durch
1152 3622 210 61 Leiden
1403 3622 108 61 auf
1545 3621 88 61 die
1675 3622 312 77 eigentliche
2021 3622 304 63 Wahrheit

301 3714 134 54 wies.
480 3711 226 65 »Meine
748 3718 199 61 falsche
978 3716 198 70 Lehre,
1219 3740 35 36 o
1289 3725 70 52 ist
1390 3725 80 52 sie
1512 3725 101 51 mir
1653 3716 139 60 nicht
1832 3716 82 60 als
1950 3726 145 50 mein
2129 3718 199 61 Kreuz
2369 3728 102 52 mit-

299 3803 228 72 gegeben
574 3810 105 60 auf
718 3822 219 51 meinen
985 3810 344 78 mühseligen
1371 3810 318 70 Irrfahrten,
1731 3809 153 62 diese
1935 3810 199 61 falsche
2174 3812 203 71 Lehre,
2438 3823 70 52 ist

299 3897 70 52 sie
405 3906 92 50 mir
536 3903 134 60 nicht
708 3906 280 77 zugeteilt,
1031 3904 171 60 damit
1243 3904 75 60 ich
1360 3904 132 60 mich
1534 3927 72 37 an
1648 3903 81 61 ihr
1761 3903 202 61 rastlos
1999 3904 348 79 emporbaue
2386 3908 118 60 und

430 3988 93 64 das
571 3993 163 66 letzte
791 3998 199 61 falsche
1041 3997 180 62 Glück
1270 3998 307 60 verzichten
1628 3997 169 70 lerne,
1849 3997 170 61 damit
2068 3998 75 61 ich
2194 4008 80 52 sie
2326 4001 174 61 über*
