3563 4572
1569 531 136 49 Max
1731 530 153 48 Brod
1895 554 9 10 •
1931 529 157 61 Tycßo
2117 530 192 48 Braßes
2345 529 115 61 Weg
2492 549 69 31 zu
2597 531 130 49 Gott

1020 529 96 49 746

1022 729 260 54 stimmen
1315 729 225 68 mögen,
1582 727 81 52 sie
1695 741 196 38 waren
1933 719 137 60 auch
2104 717 124 62 kein
2260 717 314 72 Abschluß,
2609 719 155 61 diese
2797 719 205 62 letzten
3035 723 216 81 Worte,

1022 814 127 61 kein
1198 812 214 77 Siegel,
1470 811 102 60 das
1621 835 108 36 vor
1785 811 183 60 lauter
2016 811 400 77 Befriedigung
2472 812 234 61 erkaltet
2763 812 117 61 und
2937 822 53 52 in
3039 818 212 67 schöner

1021 907 288 76 Rundung
1357 906 126 61 hart
1530 904 159 63 wird.
1732 904 189 72 Nein,
1972 904 156 63 diese
2176 906 205 61 letzten
2423 906 213 62 Worte
2677 931 194 37 waren
2912 931 144 53 ganz
3095 918 156 63 weich

1022 1001 118 61 und
1178 1000 363 70 zerbrochen,
1590 1023 195 36 waren
1828 998 152 63 ohne
2018 998 165 78 jeden
2225 998 161 63 Stolz
2425 1016 198 61 gesagt
2672 1000 119 61 und
2839 1000 101 62 des
2982 1006 268 67 wahrsten

1021 1094 289 77 Unglücks
1359 1092 144 72 voll,
1552 1103 55 66 ja
1656 1091 363 62 schmerzhaft
2067 1092 333 78 unglücklich
2443 1094 119 59 und
2603 1103 84 52 ins
2729 1095 179 61 Leere
2947 1098 300 68 verhaucht.

1019 1189 88 60 Es
1150 1197 73 52 ist
1262 1188 140 61 nicht
1442 1186 334 72 vollbracht,
1827 1211 61 38 es
1939 1197 71 52 ist
2051 1188 139 61 nicht
2228 1186 332 73 vollbracht,
2602 1188 316 78 wehklagte
2959 1190 99 61 der
3095 1193 152 67 Herr.

1021 1282 62 61 O
1126 1292 208 51 weinet
1375 1291 99 52 mit
1515 1292 120 61 mir,
1677 1282 150 61 denn
1870 1306 61 38 es
1974 1292 72 51 ist
2077 1283 141 60 nicht
2249 1282 316 62 vollbracht.
2609 1283 199 61 Welch
2843 1293 89 52 ein
2966 1285 149 63 Born
3147 1315 100 39 von

1019 1376 281 76 Unglück,
1341 1376 256 71 Mitleid,
1638 1400 118 37 von
1799 1376 515 61 Unzufriedenheit
2354 1377 118 60 und
2514 1377 296 61 trostloser
2851 1381 217 59 nackter
3107 1381 141 65 Ver*

1017 1470 316 76 zweiflung
1365 1468 131 79 liegt
1529 1479 53 52 in
1618 1470 194 61 diesen
1837 1470 270 62 Worten,
2145 1470 62 61 O
2241 1468 212 63 könnte
2486 1471 76 60 ich
2598 1480 81 52 sie
2705 1494 146 53 ganz
2876 1473 371 79 ausschöpfen,

1018 1562 211 63 könnte
1262 1565 76 60 ich
1374 1564 137 61 doch
1545 1574 56 51 in
1635 1564 118 61 ihre
1786 1564 402 77 abgründigste
2222 1565 418 61 schauerlichste
2672 1562 166 64 Tiefe
2871 1565 375 81 hinabsteigen.

1017 1656 192 61 Mein
1253 1656 202 73 Gott,
1513 1680 70 40 es
1642 1668 86 52 ist
1786 1659 164 60 nicht
2007 1658 397 71 vollbracht,
2455 1682 254 37 warum
2767 1659 151 61 hast
2974 1660 86 61 du
3115 1665 131 59 midi

1017 1752 383 61 verlassen!
1529 1753 80 77 Ja,
1643 1752 208 61 hievon
1884 1752 130 62 sollt
2047 1752 84 61 ihr
2171 1752 217 71 lernen,
2430 1776 117 37 von
2590 1777 263 37 unserem
2886 1755 188 60 Herrn
3106 1757 140 76 Jesus

1019 1844 132 61 sollt
1192 1846 84 59 ihr
1317 1846 184 61 dieses
1552 1846 401 61 alleräußerste
1995 1846 574 71 Selbstbewußtsein,
2620 1847 101 61 das
2764 1848 360 61 Bewußtsein
3163 1849 84 63 der

1017 1938 343 79 Nichtigkeit
1399 1940 208 60 lernen.
1653 1940 127 60 Das
1814 1948 73 52 ist
1920 1964 61 36 es
2014 1940 287 69 vielleicht,
2343 1940 256 62 weshalb
2634 1942 76 58 ich
2744 1965 69 37 so
2847 1941 149 79 klug,
3037 1966 65 37 so
3135 1967 112 37 um*

1018 2034 206 77 sichtig,
1249 2034 282 77 geschickt,
1550 2034 248 77 sorgend
1826 2034 118 60 und
1962 2034 250 71 bewußt,
2240 2059 67 37 so
2334 2058 146 54 ganz
2498 2035 151 61 ohne
2668 2035 505 79 Selbstvergessen,
3190 2060 56 37 so

1018 2129 352 59 immerwach
1405 2127 167 61 durch
1600 2127 101 63 das
1728 2129 194 61 Leben
1948 2152 292 54 gegangen
2265 2129 115 70 bin,
2415 2154 97 36 um
2538 2130 193 61 diesen
2758 2140 238 68 jetzigen
3020 2131 226 77 Augen*

1017 2220 133 61 blick
1193 2247 74 35 zu
1310 2220 245 73 erleben,
1599 2223 109 59 den
1751 2221 264 63 höchsten
2048 2223 184 59 Punkt
2267 2223 99 61 der
2399 2223 301 61 Wachheit
2733 2224 118 61 und
2884 2224 278 77 Klugheit,
3199 2233 45 51 in

1014 2315 130 61 dem
1193 2341 131 35 man
1366 2341 75 37 zu
1483 2317 107 61 sich
1632 2317 174 61 selbst
1846 2318 220 77 spricht:
2113 2317 223 78 Opfere
2378 2318 113 61 dich
2536 2318 120 71 hin,
2698 2318 163 72 stirb,
2903 2319 134 60 aber
3076 2328 168 60 wisse,

1013 2409 175 63 selbst
1229 2434 93 36 am
1355 2411 233 61 Kreuze
1621 2421 172 51 wisse
1827 2435 81 48 es,
2068 2412 234 62 niemals
2338 2422 70 51 ist
2441 2436 62 38 es
2536 2413 320 61 vollbracht.
2899 2413 178 70 Nein,
3116 2421 128 60 nein,

1014 2514 157 61 nein,
1221 2502 106 61 hilf
1361 2503 119 61 und
1520 2503 108 79 geh
1671 2503 166 63 dabei
1878 2506 295 76 zugrunde
2214 2506 119 61 und
2375 2515 198 62 wisse,
2623 2506 111 62 daß
2776 2506 79 62 du
2896 2516 192 51 immer
3125 2503 118 61 noch

1013 2597 112 61 viel
1158 2622 75 36 zu
1267 2606 188 69 wenig
1486 2599 265 77 geholfen
1785 2599 145 63 hast.
1974 2599 136 62 Sieh
2145 2600 203 62 deinen
2381 2601 333 78 Mißerfolg,
2747 2600 119 62 sieh
2902 2601 108 61 den
3041 2595 203 71 Teufel,

1014 2691 101 63 der
1155 2693 352 78 triumphiert
1548 2693 117 61 und
1706 2694 280 71 dennoch,
2035 2694 235 62 obwohl
2312 2719 61 37 es
2416 2696 214 61 sinnlos
2673 2695 119 62 und
2832 2694 298 79 vergeblich
3170 2702 74 58 ist,

1014 2785 106 61 hilf
1154 2785 118 61 und
1314 2785 105 61 hilf
1445 2787 118 59 und
1604 2787 116 71 hilf,
1767 2787 150 62 ohne
1952 2788 190 71 Dank,
2185 2789 151 61 ohne
2369 2789 417 79 Befriedigung,
2822 2789 90 61 die
2945 2788 298 62 Schamröte

1013 2881 119 59 und
1182 2881 103 61 das
1328 2881 564 63 Schuldbewußtsein
1941 2892 55 52 in
2048 2883 99 62 der
2189 2884 193 72 Seele,
2433 2893 72 52 im
2547 2886 366 61 Bewußtsein
2963 2883 97 60 des
3100 2878 143 62 Miß*

1013 2975 208 77 erfolgs
1265 2975 106 61 hilf
1404 2976 118 61 und
1563 2976 107 61 hilf
1698 3025 10 13 ,
1748 3027 11 11 .
1795 3003 49 36 .«

1094 3069 87 59 Er
1221 3069 233 61 wandte
1496 3071 106 59 sich
1646 3070 200 62 schnell
1887 3094 180 55 gegen
2110 3071 103 62 das
2246 3072 247 63 Fenster
2524 3083 55 50 in
2613 3081 214 52 seinem
2860 3072 236 60 Rücken,
3138 3067 106 60 Der

1014 3179 150 46 erste
1205 3163 195 62 Schein
1451 3164 101 61 der
1600 3165 542 62 aufschimmernden
2184 3168 627 77 Morgendämmerung
2860 3190 122 37 war
3029 3161 101 64 auf
3168 3159 75 59 die

1012 3253 334 66 Tischfläche
1394 3258 240 79 gefallen
1686 3259 118 61 und
1845 3259 150 62 hatte
2035 3259 94 62 ihn
2171 3260 320 79 abgelenkt:
2542 3262 150 61 »Ein
2734 3284 175 39 neuer
2950 3255 147 80 Tag,
3137 3263 106 52 eine

1013 3375 150 38 neue
1195 3352 194 62 Pflicht,
1433 3353 143 61 Und
1609 3363 197 52 immer
1839 3354 184 63 dieses
2058 3356 261 61 Brennen
2354 3366 55 51 in
2443 3356 100 61 der
2578 3356 185 71 Seele,
2796 3364 92 53 nie
2919 3377 74 38 zu
3026 3349 217 62 löschen,

1014 3446 184 62 dieser
1240 3446 186 62 Schrei
1466 3448 134 60 nach
1643 3448 315 79 Erlösung,
2001 3450 100 61 der
2141 3450 162 62 keine
2343 3451 280 61 Antwort
2665 3450 173 61 findet
2871 3495 10 12 .
2917 3498 10 11 ,
2964 3471 46 38 .«

1092 3540 87 61 Er
1204 3558 388 47 verstummte.
1620 3542 280 63 Draußen
1926 3544 297 78 begannen
2251 3547 89 59 die
2358 3545 213 62 Hähne
2597 3569 75 37 zu
2697 3542 222 63 krähen.
2946 3542 79 60 Im
3049 3552 192 64 grauen

1013 3634 169 71 Licht,
1218 3635 102 62 das
1355 3659 118 38 von
1508 3635 110 62 den
1646 3636 194 62 fernen
1867 3638 426 63 Waldsäumen
2328 3649 111 52 wie
2474 3649 124 52 eine
2623 3639 190 61 leichte
2837 3634 402 64 Ausdünstung

1016 3726 90 63 die
1145 3729 495 80 Himmelskuppel
1690 3730 342 79 hinanstieg,
2081 3742 112 52 wie
2242 3757 98 37 um
2391 3743 81 52 sie
2521 3742 100 52 mit
2668 3733 209 59 sanfter
2918 3723 226 66 Gewalt
3178 3737 63 40 zu

1016 3843 297 56 sprengen,
1356 3823 178 62 erhob
1576 3825 106 61 sich
1726 3833 90 53 ein
1858 3824 196 64 kühler
2086 3827 248 77 Luftzug
2376 3827 118 61 und
2535 3827 128 61 kam
2697 3850 132 36 zum
2862 3824 236 60 Fenster
3129 3814 113 60 her*

1016 3922 102 52 ein.
1160 3914 112 63 Die
1313 3918 221 61 Bäume
1582 3928 75 51 im
1696 3919 144 61 Park
1889 3919 237 63 duckten
2176 3922 106 61 sich
2331 3921 311 61 rauschend
2683 3918 118 62 und
2842 3916 213 62 warfen
3095 3908 148 61 dann,

1016 4006 212 62 wieder
1276 4011 382 76 aufgerichtet,
1709 4012 119 62 ihre
1877 4013 303 61 belaubten
2223 4012 152 62 Äste
2424 4024 99 50 mit
2564 4013 260 78 Splittern
2867 4008 117 64 und
3026 3994 213 73 Gezisch
