3371 4572
840 579 133 49 Max
999 580 151 48 Brod
1162 605 9 10 *
1197 579 155 63 Hgcßo
1382 585 189 51 Brakes
1606 588 113 63 Weg
1751 609 66 30 zu
1853 591 128 49 Gott

2420 597 92 51 759

331 778 142 60 hatte.
513 769 83 60 Es
628 767 110 76 galt
775 774 55 66 ja
869 774 159 51 einen
1061 766 283 63 Abschied
1385 771 89 61 für
1512 781 209 66 immer,
1763 777 90 61 für
1884 778 105 62 alle
2021 779 300 78 Ewigkeit,
2361 783 147 62 ohne

329 859 402 69 Wiedersehen.
776 857 216 61 »Wirst
1032 858 76 61 du
1148 870 102 50 mir
1288 863 340 64 schreiben?«

402 962 138 70 »ja.«

397 1045 132 61 »Oft
560 1041 112 61 und
704 1041 160 76 lange
896 1041 214 62 Briefe?
1141 1044 81 61 Ich
1255 1049 191 59 werde
1471 1050 81 60 dir
1576 1053 132 60 alles
1742 1056 278 71 mitteilen,
2046 1082 121 37 was
2194 1059 75 60 ich
2297 1059 209 62 forsche

331 1140 102 62 und
470 1145 165 52 sinne.
681 1134 137 59 Und
858 1134 96 67 du,
996 1145 155 52 wirst
1192 1138 76 61 du
1308 1146 383 60 antworten?«

397 1229 113 60 »Ihr
546 1226 164 60 kennt
748 1228 132 57 mich
920 1237 72 64 ja,
1134 1240 181 53 meine
1354 1234 320 79 allzugroße
1714 1235 317 83 Trägheit.«

390 1318 181 80 Tydio
618 1319 129 60 wich
798 1328 160 52 einen
1007 1320 195 63 Schritt
1247 1329 201 58 zurück
1476 1376 10 12 .
1518 1378 10 11 ,
1560 1378 11 12 ,
1615 1332 86 60 Es
1750 1357 120 37 war
1919 1345 87 50 ein
2056 1338 449 62 entscheidender

322 1412 337 77 Augenblick,
705 1411 113 59 Mit
851 1421 179 52 einem
1063 1414 162 61 Male
1258 1420 196 59 wurde
1488 1444 59 38 es
1581 1422 110 61 ihm
1724 1425 132 72 klar,
1889 1428 108 63 daß
2030 1454 59 37 er
2121 1431 140 61 eben
2294 1432 210 61 wieder

323 1507 94 61 auf
432 1506 118 58 dem
574 1503 192 60 besten
789 1503 191 78 Wege
1004 1530 73 36 zu
1103 1517 151 65 jener
1274 1511 525 83 »Aufbauschung«
1828 1521 115 59 und
1971 1521 527 81 »Überschätzung«

323 1596 216 79 Keplers
579 1619 135 46 wai,
756 1595 88 61 die
884 1620 60 37 er
982 1621 107 37 vor
1128 1609 151 52 einer
1311 1602 217 64 Stunde
1569 1624 170 44 unten
1781 1619 53 51 in
1876 1611 97 61 der
2003 1614 254 79 Festung
2289 1627 211 50 seinem

323 1686 432 78 Schwiegersohn
793 1691 396 74 vorgeworfen
1230 1693 167 63 hatte.
1448 1698 142 70 Ach,
1637 1700 207 62 konnte
1893 1727 129 38 man
2072 1707 146 62 denn
2258 1709 239 79 Keplers

319 1779 408 76 Harmlosigkeit
765 1780 138 60 nicht
935 1781 231 61 wirklich
1200 1785 82 61 als
1316 1803 177 46 etwas
1526 1790 329 65 Harmloses
1889 1795 362 65 hinnehmen?
2290 1803 208 61 Mußte

318 1896 113 37 man
463 1896 97 35 aus
593 1881 181 50 seiner
806 1873 351 80 Sprödigkeit
1189 1902 66 37 so
1288 1881 108 59 viel
1430 1881 249 64 Wesens
1712 1888 254 61 machen?
2008 1891 139 61 Und
2178 1917 105 37 aus
2316 1905 181 50 seiner

317 1961 259 78 Trägheit,
615 1973 109 51 wie
764 1988 59 37 er
864 1990 58 37 es
966 1986 224 52 nannte,
1231 1971 136 61 kurz
1400 1997 103 37 aus
1537 1976 70 59 all
1641 1977 189 62 diesen
1863 1982 383 62 weltfremden
2279 1986 179 77 Eigen-

317 2056 176 68 heiten,
520 2056 86 59 die
632 2056 106 61 den
771 2058 372 79 weitläufigen
1169 2058 193 82 Tycho
1396 2089 66 37 so
1494 2069 363 63 beirrten?.,.
1891 2072 252 64 Plötzlich
2170 2079 326 77 schrumpfte

314 2147 188 78 Kepler
525 2171 103 37 vor
652 2159 208 52 seinem
886 2152 142 60 Blick
1053 2178 346 49 zusammen,
1424 2182 60 36 er
1507 2184 120 37 war
1651 2161 110 61 ihm
1786 2165 298 76 irgendwie
2110 2168 385 81 bedeutungs*

318 2240 90 69 los,
445 2250 51 64 ja
534 2242 131 59 noch
706 2242 178 63 mehr:
930 2268 60 37 er
1023 2249 263 76 empfand
1319 2260 87 50 ein
1441 2251 234 73 Gefühl,
1716 2255 102 61 das
1852 2256 112 61 ihm
1996 2259 209 79 Kepler
2237 2264 133 59 noch
2404 2273 89 51 nie

317 2331 269 75 eingeflößt
624 2334 169 71 hatte,
934 2338 223 62 Mitleid
1190 2350 98 51 mit
1319 2342 180 62 dieser
1531 2345 181 71 Seele,
1755 2348 88 61 die
1876 2349 111 60 ihm
2027 2375 115 36 nun
2183 2376 67 37 so
2291 2354 202 78 beengt

315 2423 101 60 und
452 2433 205 53 einsam
699 2429 256 71 erschien,
996 2441 55 50 in
1091 2432 145 62 ihrer
1274 2436 508 80 Bewußtlosigkeit,
1830 2451 52 51 in
1935 2442 87 61 die
2063 2467 60 37 er
2162 2447 105 58 sich
2309 2447 183 61 hinein

311 2533 218 44 versetzt
574 2531 190 65 spürte
812 2532 109 52 wie
968 2533 55 51 in
1071 2535 88 50 ein
1199 2527 250 62 Zimmer
1495 2531 149 61 ohne
1682 2533 148 69 Luft,
1871 2535 146 61 ohne
2056 2536 254 63 Penster.
2354 2540 139 61 Wie

313 2606 98 61 leer
447 2611 110 59 und
597 2613 186 61 finster
822 2639 122 37 war
983 2617 155 61 diese
1178 2621 372 76 angeborene,
1590 2632 89 52 nie
1720 2635 53 49 in
1806 2626 184 78 Frage
2030 2630 249 75 gestellte
2317 2631 175 61 Reim*

310 2698 111 72 heit,
459 2711 104 52 wie
601 2707 264 61 verstand
897 2705 194 81 Tycho
1132 2735 131 37 zum
1305 2716 294 60 erstenmal
1640 2717 107 60 den
1781 2719 79 58 oft
1891 2720 399 62 wiederholten
2322 2724 170 61 Aus*

309 2794 169 73 spruch
511 2796 254 78 Keplers,
808 2800 108 61 daß
958 2825 60 37 er
1057 2804 104 60 sich
1204 2813 192 53 immer
1437 2808 322 76 unglücklich
1804 2810 175 62 fühle!
2021 2813 194 59 Bisher
2248 2814 151 61 hatte
2432 2839 60 37 er

306 2907 78 37 mn
430 2885 83 62 für
557 2889 165 63 bloße
769 2893 250 62 Ziererei
1066 2897 272 76 gehalten.
1390 2899 82 70 O,
1513 2911 109 50 wie
1668 2912 132 51 weit
1846 2927 120 37 war
2013 2905 135 60 noch
2197 2905 98 61 der
2335 2908 157 77 Weg

305 2998 99 38 von
442 2979 176 64 dieser
657 2993 53 51 in
751 2985 107 61 sich
898 2987 173 62 selbst
1110 3008 367 60 versperrten,
1519 2993 376 62 unbewußten
1929 2996 289 62 Unschuld
2250 2999 238 78 Keplers

304 3091 62 37 zu
403 3081 142 52 einer
574 3086 209 62 reinen,
816 3079 105 60 sich
955 3079 423 79 hinopfernden,
1411 3086 315 59 wissenden
1761 3087 287 62 Offenheit
2079 3088 99 63 des
2214 3091 272 63 Herzens.

308 3158 96 62 Sah
444 3187 55 37 es
541 3190 113 38 nun
695 3171 138 60 nicht
873 3195 68 37 so
983 3196 124 47 aus,
1150 3175 81 59 als
1273 3185 80 51 sei
1392 3176 238 77 Keplers
1662 3177 255 62 Reinheit
1956 3204 106 37 nur
2101 3191 123 52 eine
2263 3185 224 61 niedere

303 3250 161 76 Stufe,
505 3258 86 63 die
630 3271 54 51 in
717 3258 223 83 Tychos
974 3266 158 78 Weg
1170 3285 189 43 zuerst
1397 3278 110 52 wie
1546 3279 86 51 ein
1673 3271 303 62 Hindernis
2017 3275 180 77 gelegt
2236 3278 254 71 worden,

303 3366 61 37 an
402 3349 91 61 der
532 3375 194 57 empor
765 3380 60 37 er
865 3359 135 60 aber
1039 3384 74 36 zu
1154 3369 151 52 einer
1344 3361 246 61 höheren
1625 3363 180 71 Stufe,
1838 3365 211 79 Kepler
2088 3370 398 70 unerreichbar,

303 3454 453 70 emporgestiegen
798 3452 250 60 war?..,
1085 3448 193 80 Tycho
1320 3477 119 35 war
1479 3455 334 61 erschüttert.
1856 3457 86 61 Er
1973 3474 108 45 trat
2112 3483 102 37 ans
2248 3460 238 64 Fenster

301 3530 101 60 und
431 3551 192 49 starrte
654 3549 55 51 in
743 3542 88 61 die
873 3553 231 67 sonnige
1137 3546 328 60 Landschaft
1496 3547 211 62 hinaus.
1742 3549 176 63 Diese
1951 3551 299 78 plötzliche,
2283 3579 205 38 neuer*

299 3618 112 66 liehe
441 3627 368 85 Umdrehung
849 3645 183 52 seines
1065 3637 419 62 Verhältnisses
1517 3664 73 35 zu
1622 3641 211 77 Kepler
1871 3642 208 62 konnte
2119 3669 59 37 er
2218 3648 137 60 nicht
2394 3673 93 36 er*

303 3727 185 65 fragen.
538 3723 124 63 Das
703 3727 336 71 Erbarmen,
1089 3728 100 61 das
1240 3753 60 36 er
1347 3755 115 36 nun
1510 3741 97 51 mit
1656 3733 98 61 der
1792 3735 348 78 gefangenen
2181 3740 164 62 Seele
2385 3742 101 63 des

303 3801 265 75 Ffreundes
619 3819 194 72 fühlte,
863 3820 127 61 kam
1038 3830 109 52 wie
1195 3831 88 51 ein
1333 3825 316 61 stechender
1688 3826 273 73 Schmerz,
2011 3839 109 52 wie
2168 3841 123 52 eine
2338 3858 148 38 neue

299 3899 174 64 Scham
520 3910 115 61 und
682 3911 204 63 Schuld
933 3911 138 61 über
1118 3913 107 62 ihn.
1278 3915 143 71 Ach,
1468 3925 110 52 wie
1626 3919 241 61 schwach
1923 3944 121 37 war
2098 3923 182 63 dieser
2336 3927 150 62 hohe

299 3985 148 70 Geist
475 3998 257 81 Keplers,
774 4014 109 51 wie
922 4027 144 54 ganz
1107 4008 318 77 eingepreßt
1465 4018 53 51 in
1559 4019 116 51 sein
1710 4010 204 74 Selbst,
1956 4022 53 52 in
2044 4024 153 54 seine
2229 4018 116 62 Art
2375 4045 112 36 un*
