3545 4572
957 468 98 51 792

1506 472 136 50 Max
1668 472 154 50 Brod
1833 496 11 12 •
1869 475 38 48 2
1908 472 118 63 yc/$o
2057 475 193 49 Braßes
2286 474 116 63 Weg
2434 494 67 32 zu
2537 476 131 51 Gott

959 656 395 63 Astronomen
1388 658 209 78 Kepler
1631 658 424 79 beizugesellen,
2089 661 190 61 diesen
2315 662 103 61 auf
2446 662 90 61 die
2568 662 440 80 freigewordene
3034 671 154 69 Stelle

957 750 102 61 des
1115 751 344 61 kaiserlichen
1509 751 467 62 Mathematikers
2024 752 189 63 Ursus
2269 779 75 37 zu
2400 755 250 74 berufen,
2710 757 128 61 dem
2894 759 292 85 bisherigen

961 844 245 62 Gehalte
1248 845 97 60 der
1378 844 169 62 Stelle
1589 845 133 61 aber
1754 854 99 53 mit
1885 846 283 63 Rücksicht
2201 849 103 61 auf
2342 849 87 61 die
2461 846 307 84 Teuerung
2801 862 55 52 in
2889 854 142 80 Prag
3063 864 122 61 noch

960 938 240 61 hundert
1238 938 252 76 jährliche
1533 938 231 62 Gulden
1806 942 353 77 beizufügen;

1040 1030 300 78 »Kepler,«
1392 1034 292 60 erwiderte
1733 1034 98 61 der
1871 1034 204 61 Kaiser
2123 1037 117 59 und
2288 1037 186 62 lehnte
2521 1039 106 61 sich
2678 1039 165 61 dabei
2883 1043 202 62 wieder
3123 1072 63 40 an

956 1133 118 52 sein
1100 1124 466 74 Achattischchen,
1597 1128 112 60 »ich
1744 1127 144 62 habe
1915 1130 108 59 den
2051 1128 234 62 Namen
2311 1132 214 76 gehört.
2561 1133 88 61 Es
2682 1142 70 52 ist
2777 1135 97 59 der
2898 1136 290 79 Assistent,

957 1217 99 61 der
1103 1226 98 52 mit
1251 1220 133 58 auch
1435 1220 107 61 auf
1581 1220 249 62 Benatek
1877 1222 239 78 gehaust
2164 1225 110 61 hat.
2335 1225 149 62 Man
2542 1226 98 62 hat
2687 1236 103 52 mir
2840 1227 133 64 aber
3019 1245 169 70 wenig

960 1310 189 62 Gutes
1190 1312 140 60 über
1370 1312 93 61 ihn
1505 1315 312 62 berichtet.«

1034 1399 196 82 Tycho
1272 1405 220 62 horchte
1535 1408 118 62 auf;
1695 1409 170 61 Wie?
1905 1409 216 80 Wenig
2163 1410 221 64 Gutes?
2431 1411 161 64 Über
2631 1414 229 79 Kepler,
2909 1442 115 37 von
3071 1420 114 64 dem

956 1499 104 60 alle
1097 1499 159 61 Welt
1295 1502 252 62 entzückt
1587 1512 83 63 ist,
1714 1505 108 60 den
1864 1514 80 51 sie
1985 1505 140 61 über
2156 1508 134 60 mich
2325 1508 174 62 stellt?
2640 1509 87 61 Er
2758 1511 243 77 glaubte,
3035 1513 150 65 falsch

954 1592 200 77 gehört
1194 1617 75 37 zu
1309 1594 203 74 haben,
1554 1598 118 60 und
1712 1615 110 44 trat
1862 1598 392 64 unwillkürlich
2305 1610 160 53 einen
2508 1602 191 62 Schritt
2747 1603 175 62 näher
2972 1630 68 37 an
3088 1610 97 62 den

955 1686 207 62 Kaiser
1201 1687 189 65 heran.
1435 1690 126 61 Das
1594 1691 218 62 Parkett
1850 1692 216 62 krachte
2108 1711 161 45 unter
2307 1705 213 52 seinem
2554 1696 457 65 unbeherrschten
3044 1697 138 69 Tritt,

1034 1780 123 62 Der
1196 1781 207 62 Kaiser
1443 1784 189 77 sprach
1675 1795 53 51 in
1770 1795 184 53 seiner
1994 1789 401 78 schleppenden
2437 1790 117 61 Art
2601 1800 217 52 weiter:
2875 1792 179 63 »Man
3101 1796 85 61 hat

955 1872 94 63 ihn
1083 1898 169 54 sogar
1284 1885 150 52 einer
1458 1878 406 80 Konspiration
1897 1904 178 56 gegen
2109 1892 182 52 meine
2314 1883 319 78 Regierung
2663 1884 345 81 beschuldigt.
3043 1888 142 63 Euer

959 1977 222 69 eigener
1222 1970 457 79 Schwiegersohn
1700 2001 120 35 ..,«

1037 2059 384 83 »Tengnagel!
1463 2065 79 78 Ja,
1577 2067 89 61 die
1699 2068 201 62 beiden
1943 2069 183 61 haben
2170 2079 160 53 einen
2366 2071 169 63 Streit
2574 2074 366 61 miteinander
2978 2076 202 77 gehabt.

956 2156 114 62 Die
1110 2157 536 80 Anschuldigungen
1689 2163 123 60 sind
1853 2186 146 55 ganz
2038 2165 325 77 grundlos,«

1036 2251 186 79 »Mag
1253 2262 134 52 sein.
1425 2253 81 61 Ich
1542 2256 144 61 habe
1721 2257 134 61 auch
1890 2283 105 36 nur
2028 2269 122 52 eine
2183 2260 187 62 leichte
2395 2261 434 80 Untersuchung
2864 2264 324 77 angeordnet

956 2345 118 60 und
1130 2347 198 60 schnell
1377 2347 212 61 wieder
1637 2350 526 80 niedergeschlagen.
2221 2354 136 62 Aus
2403 2355 285 62 Rücksicht
2738 2358 105 59 auf
2888 2358 170 59 Euch,
3114 2358 72 59 Ich

955 2438 209 62 konnte
1214 2440 140 61 nicht
1399 2441 263 78 glauben,
1712 2444 110 62 daß
1863 2445 90 61 Ihr
2000 2455 220 52 meinen
2271 2448 184 62 Feind
2504 2449 80 62 als
2629 2449 152 64 Gast
2828 2450 357 78 beherbergen

961 2534 273 61 würdet.«

1032 2627 187 62 Unter
1252 2628 128 62 dem
1413 2631 421 63 mißtrauischen
1862 2633 144 61 Blick
2042 2636 99 61 des
2168 2636 232 63 Kaisers
2433 2655 367 44 verstummte
2826 2634 205 83 Tycho,
3063 2638 123 78 Jetzt

954 2737 113 45 erst
1107 2721 176 62 fühlte
1324 2746 77 48 er,
1444 2732 53 52 in
1540 2726 230 61 welcher
1813 2726 223 62 Gefahr
2078 2753 58 36 er
2175 2730 314 77 geschwebt
2528 2755 135 38 war.
2713 2731 142 62 Und
2895 2731 287 61 wiederum

954 2824 155 53 wäre
1150 2840 60 38 es
1251 2817 212 78 Kepler
1502 2843 282 54 gewesen,
1835 2822 128 61 dem
2006 2847 59 36 er
2107 2825 136 60 auch
2285 2825 189 61 diesen
2518 2835 222 69 ärgsten
2784 2826 265 70 Schaden,
3087 2825 95 60 den

956 2908 400 76 Gnadenstoß,
1399 2913 110 61 den
1551 2913 238 63 Verlust
1830 2918 99 59 der
1968 2918 350 62 kaiserlichen
2362 2919 213 71 Gunst,
2625 2944 74 37 zu
2739 2919 315 62 verdanken
3094 2941 90 54 ge*

954 3003 135 61 habt
1130 3003 161 62 hätte.
1335 3005 123 63 Der
1497 3009 266 61 wütende
1806 3009 280 64 Gedanke
2127 3012 177 62 daran
2346 3014 284 78 verschlug
2669 3014 112 60 ihm
2823 3014 88 60 die
2950 3012 160 61 Rede.

1031 3098 165 62 Nach
1248 3108 151 54 einer
1446 3102 185 62 Pause
1680 3103 127 62 fuhr
1855 3106 99 61 der
2001 3107 206 61 Kaiser
2255 3108 136 62 fort:
2457 3108 197 61 »Doch
2706 3118 160 68 ärger
2921 3109 80 59 als
3048 3106 136 59 diese

952 3192 430 81 Vermutungen
1424 3205 82 63 ist,
1551 3198 109 61 daß
1702 3198 89 63 die
1831 3200 158 62 Rede
2028 3201 150 77 geht,
2230 3225 58 38 er
2332 3202 147 62 habe
2518 3202 107 62 sich
2668 3202 229 78 unflätig
2936 3201 132 61 über
3105 3197 79 60 die

951 3286 394 79 Astrologiam
1385 3291 289 76 geäußert,
1723 3294 173 61 treibe
1939 3295 133 61 auch
2116 3295 155 62 diese
2310 3296 192 61 Kunst
2551 3295 315 77 überhaupt
2913 3294 146 61 nicht.
3105 3291 79 58 Ihr

950 3381 122 61 seid
1103 3405 74 37 zu
1210 3384 277 73 duldsam,
1523 3386 238 63 Meister
1793 3384 216 84 Tycho,
2052 3390 118 61 und
2202 3391 213 61 werdet
2448 3399 89 52 nie
2569 3414 118 40 von
2725 3388 311 80 jemandem
3068 3381 114 65 übel

951 3476 187 61 reden.
1189 3476 90 63 Ihr
1326 3497 156 61 sorgt
1530 3480 89 63 für
1660 3482 160 62 Eure
1863 3482 239 74 Schüler,
2152 3485 172 61 selbst
2372 3509 168 37 wenn
2589 3493 82 53 sie
2719 3508 114 38 von
2885 3482 155 62 Euch
3087 3476 95 63 ab*

949 3569 181 64 fallen.
1181 3570 156 74 Seht,
1387 3574 77 61 ich
1515 3576 143 60 weiß
1708 3601 114 38 von
1873 3578 109 60 den
2033 3579 672 78 vertrauenswürdigsten
2748 3578 296 69 Personen,
3085 3568 96 63 daß

951 3663 179 62 dieser
1161 3666 212 78 Kepler
1406 3668 109 61 den
1549 3668 549 80 Kopernikanischen
2125 3672 279 62 Schrullen
2438 3673 158 61 mehr
2630 3672 246 76 anhängt
2908 3670 78 60 als
3011 3667 171 61 Eurer

951 3767 231 69 eigenen
1224 3762 457 79 wohlgeratenen
1723 3766 262 62 Diataxis
2027 3769 244 61 mundi.«

1030 3847 195 83 Tycho
1267 3856 174 62 nickte
1481 3875 222 46 stumm.
1745 3860 204 62 Durfte
1991 3885 60 37 er
2090 3863 141 61 nicht
2271 3861 223 64 nicken?
2533 3863 122 62 Der
2695 3863 162 61 letzte
2892 3860 148 67 Satz,
3083 3852 96 60 den

951 3944 99 61 der
1091 3946 203 64 Kaiser
1342 3950 141 62 eben
1534 3955 442 76 ausgesprochen
2027 3955 172 71 hatte,
2246 3979 124 38 war
2414 3965 57 68 ja
2520 3955 269 62 durchaus
2837 3954 196 75 richtig,
3073 3964 107 42 war
