3593 4572
959 500 92 48 808

1993 502 216 49 Gfossen

2674 1345 73 50 Ihr
2779 1344 192 63 Alfred
2986 1348 182 55 Lemm

955 689 76 49 Sie
1063 690 193 50 wurden
1279 690 289 57 schmerzlos,
1588 690 154 50 indem
1766 690 75 50 Sie
1864 690 77 50 ihn
1961 690 113 50 noch

955 768 169 49 einmal
1146 768 290 60 empfanden-
1460 769 109 47 Vor
1588 768 127 48 Wut
1734 768 247 49 schmissen
1999 769 75 48 Sie

955 850 84 43 mit
1080 845 112 48 Kot.
1243 845 142 50 Ihnen
1433 845 157 61 glitten
1638 845 74 48 die
1751 846 156 49 Verse
1955 846 119 49 nicht

955 922 230 60 goethisch
1202 921 278 57 ineinander,
1489 928 68 44 sie
1566 922 209 50 krachten
1785 942 286 31 zusammen.

953 999 117 50 Wie
1110 1005 45 43 in
1188 999 148 49 dieser
1367 999 111 49 Heit
1510 1000 81 48 der
1624 1000 448 58 Gottabwesenheit,

952 1082 47 44 in
1032 1076 81 50 der
1144 1076 74 50 die
1252 1076 220 50 Grenzen
1505 1079 223 49 zwischen
1761 1079 90 49 den
1886 1080 186 61 Dingen

952 1155 147 57 fielen,
1148 1160 45 43 in
1233 1154 249 50 wahlloser
1521 1157 215 49 Unzucht
1775 1157 83 51 das
1900 1159 174 49 Weiße

952 1232 149 49 neben
1132 1231 105 50 dem
1270 1232 271 50 Schwarzen
1573 1234 122 61 liegt.

1013 1310 75 49 Sie
1127 1329 159 30 waren
1327 1317 75 44 ein
1441 1312 224 61 Heiliger,
1704 1314 104 49 weil
1841 1314 76 49 Sie
1958 1315 114 48 noch

952 1394 61 44 im
1046 1389 149 49 Dreck
1235 1389 197 50 beteten.
1487 1390 76 49 Sie
1604 1391 337 51 schmunzelten
1983 1394 89 48 sich

955 1467 117 49 nicht
1089 1472 70 42 ins
1177 1467 234 60 Zynische
1428 1467 210 60 hinüber,
1660 1475 90 43 wie
1771 1476 102 55 jene
1883 1471 191 50 Witzen

952 1544 244 49 boxenden
1220 1545 97 48 und
1339 1545 111 49 doch
1473 1546 344 52 schwächlichen
1842 1549 232 49 Hirnath»

952 1621 139 57 leten,
1113 1627 83 42 mit
1218 1621 148 51 denen
1390 1643 108 29 man
1524 1625 75 48 Sie
1618 1625 269 49 »desselben
1905 1626 165 50 Stiles«

952 1698 160 50 halber
1152 1701 412 50 zusammenstellt.
1615 1702 123 50 Kein
1781 1704 293 49 Wertvoller

948 1777 82 48 hat
1061 1784 99 41 sein
1183 1778 225 50 Lüstchen
1441 1799 76 30 am
1539 1781 249 50 Hinterteil
1811 1781 78 50 der
1924 1782 144 50 Welt,

950 1855 75 49 Sie
1055 1874 160 31 waren
1248 1856 183 60 ethisch,
1455 1858 104 50 weil
1577 1858 75 50 Sie
1685 1860 218 48 welt-lich
1938 1879 133 43 emp»

950 1932 184 51 fanden.
1185 1933 74 50 Sie
1291 1935 154 49 hatten
1475 1937 74 47 die
1580 1937 142 60 große
1743 1937 325 60 Ergebenheit,

1011 2012 91 48 Die
1154 2012 163 50 wurde
1367 2012 141 50 Ihnen
1563 2015 112 48 auch
1728 2035 108 29 zum
1875 2013 193 52 Thema,

948 2088 141 50 Dann
1125 2090 119 49 löste
1276 2091 90 48 sich
1389 2090 84 49 das
1497 2092 237 50 Steinerne
1759 2092 125 50 Ihrer
1901 2095 170 57 Verse,

950 2167 83 48 das
1066 2167 280 61 Schlagende
1376 2175 90 43 wie
1500 2170 83 49 das
1616 2170 171 49 Starre,
1821 2172 91 48 Die
1935 2172 136 50 Welt

951 2246 161 48 wurde
1163 2246 141 49 Ihnen
1357 2248 134 49 sanft,
1550 2248 103 50 Ihre
1699 2251 371 60 weitgeöffneten

950 2325 179 59 Augen
1162 2325 164 50 füllten
1366 2327 90 47 sich
1497 2333 84 42 mit
1619 2328 81 49 der
1733 2328 337 63 Dämmerung,

951 2403 74 49 die
1056 2403 137 50 weich
1226 2410 89 43 wie
1341 2405 195 49 Sterben
1562 2405 96 49 und
1682 2406 290 49 Zerbrechen
1995 2412 72 45 ist,

952 2481 99 49 Ihre
1061 2481 253 51 Sehnsucht
1333 2483 146 49 macht
1496 2488 161 45 immer
1675 2490 72 43 ein
1765 2502 113 44 paar
1887 2486 184 49 Schritte

952 2560 111 48 nach
1080 2560 105 49 dem
1202 2561 205 49 Himmel
1425 2581 73 29 zu,
1520 2561 98 49 Ihre
1628 2562 155 50 Verse
1801 2562 80 50 der
1891 2563 180 50 Selbst»

948 2637 248 62 auflösung
1242 2638 105 50 sind
1389 2640 217 49 Gelübde
1647 2640 80 49 der
1766 2642 302 50 Frommheit,

950 2714 75 50 Sie
1056 2735 158 30 waren
1248 2717 119 50 nicht
1398 2717 189 62 gläubig
1620 2723 46 44 in
1684 2720 384 60 Unterordnung.

947 2793 76 48 Sie
1055 2793 154 51 hatten
1243 2796 72 48 die
1350 2796 306 61 Gläubigkeit
1687 2797 148 57 derer,
1868 2798 72 49 die
1981 2798 90 50 sich

947 2872 146 49 selbst
1124 2878 90 43 wie
1248 2873 323 51 Weihwasser
1604 2894 61 30 an
1698 2876 71 48 die
1797 2876 133 49 Welt
1963 2895 78 30 ver-

952 2968 243 44 sprengen.

1009 3029 51 47 In
1094 3034 116 44 zwei
1235 3029 174 50 Worte
1444 3031 204 49 konnten
1672 3032 75 48 Sie
1781 3037 73 43 ein
1889 3032 181 48 melan»

948 3107 239 51 cholisches
1239 3108 189 51 Gesicht
1483 3109 253 50 hämmern.
1792 3112 280 60 Ergreifend

946 3186 131 48 nackt
1116 3187 149 60 liegen
1306 3187 75 49 Sie
1422 3206 89 32 vor
1553 3195 100 53 mir,
1693 3208 138 31 wenn
1872 3191 75 49 Sie
1987 3191 83 48 das

948 3264 181 49 »Brave
1162 3264 282 51 Abendrot«
1486 3272 88 43 wie
1616 3272 134 44 einen
1792 3267 280 51 Sanitätsrat

946 3341 272 50 behandeln.

1011 3421 68 48 Ich
1129 3421 108 50 sehe
1277 3422 101 57 Sie,
1426 3422 89 51 den
1564 3441 176 42 grauen
1788 3424 288 61 Felsenkopf

948 3498 149 61 blutig
1130 3506 165 54 geritzt
1324 3520 115 30 vom
1475 3502 298 57 Gesehenen,
1806 3502 265 61 ungeheuer

946 3578 147 48 fremd
1125 3578 96 50 und
1253 3579 160 51 hilflos
1446 3587 90 43 wie
1580 3587 72 43 ein
1685 3581 128 49 Kind
1854 3582 218 48 sterbend

948 3656 226 49 zwischen
1196 3657 505 62 Soldatengeschlachte
1733 3658 97 50 und
1855 3659 217 61 Körper»

947 3733 149 58 elend.
1136 3736 92 58 Sie,
1259 3736 82 50 der
1380 3738 186 47 Dichter
1609 3737 80 49 der
1729 3737 341 62 Sinnlosigkeit,

952 3812 259 62 erschlagen
1235 3833 98 31 von
1357 3816 104 49 dem
1480 3816 308 49 Weltunsinn
1811 3817 157 49 selbst.
1997 3816 75 49 Ihr

948 3885 110 52 Tod
1096 3896 58 43 ist
1195 3898 101 43 eine
1338 3894 216 59 groteske
1588 3894 223 50 Gebärde
1851 3896 87 48 auf
1966 3896 104 48 dem

948 3965 319 63 Hintergrund
1322 3970 80 50 des
1453 3973 353 60 gigantischsten
1855 3973 216 61 Körper»

2121 690 252 61 triumphes
2409 696 62 44 im
2504 690 188 50 Knäuel
2726 696 126 45 eines
2886 693 239 62 Kampfes,
3156 700 72 54 der

2122 768 112 50 doch
2268 787 103 30 ums
2404 769 200 48 Fressen
2639 769 123 59 geht,
2795 769 75 48 Ihr
2902 768 120 59 Tod,
3054 779 174 56 irgend»

2119 853 90 43 wie
2242 846 133 61 groß,
2406 846 430 61 widerspruchsvoll
2869 849 95 48 und
2996 869 105 32 zum
3131 855 96 52 Da»

2118 924 257 51 vonlaufen
2409 924 283 51 schmerzlich
2800 931 90 44 wie
2922 933 74 43 ein
3029 930 198 55 Lichten»

2119 1002 247 49 steinsches
2391 1002 208 50 Gedicht,
2629 1002 73 50 Ihr
2719 1001 108 51 Tod
2842 1010 89 43 wie
2950 1004 99 52 Ihre
3064 1008 164 53 Verse:

2119 1099 109 30 zum
2260 1080 193 57 Lachen,
2485 1100 111 29 zum
2627 1081 207 59 Brüllen,
2874 1102 110 29 zum
3018 1084 206 56 Weinen.

2183 1157 296 61 Empfangen
2512 1157 77 50 Sie
2622 1165 182 43 meinen
2837 1159 169 49 letzten
3037 1161 129 52 Brief.

2500 1251 167 50 Immer

2520 1518 329 60 Datterich.

2456 1640 160 48 Alfred
2627 1641 112 40 Kerr
2749 1640 81 48 für
2852 1641 138 40 seinen
3017 1643 206 41 Biutvoüen

2458 1704 183 39 Instinkt
2663 1705 43 38 in
2731 1704 153 39 Sachen
2980 1706 46 37 E.
3051 1707 54 38 N.

2184 1784 141 48 Kann
2367 1794 146 38 etwas
2554 1782 179 51 leichter
2772 1790 121 51 sein,
2935 1784 66 49 als
3044 1792 180 56 mittags,

2121 1860 85 49 das
2231 1861 191 50 Gesicht
2446 1879 146 43 gegen
2615 1861 88 50 den
2726 1861 205 50 Himmel
2954 1862 268 61 schwebend,

2121 1958 59 29 zu
2212 1940 161 59 Hegen,
2409 1938 245 50 Zwischen
2688 1940 206 48 Himmel
2916 1938 96 50 und
3048 1941 172 51 Gesicht

2119 2017 145 60 hängt
2297 2016 84 51 das
2416 2016 235 51 Glasdach
2686 2022 123 43 eines
2836 2017 221 51 Ateliers,
3091 2020 127 49 Kann

2119 2107 148 37 etwas
2301 2095 179 49 leichter
2513 2101 110 52 sein,
2660 2095 69 49 als
2763 2096 89 49 daß
2886 2096 332 62 Märzgewitter

2119 2172 216 60 klingend
2376 2172 401 61 darüberspielen,
2817 2173 154 60 Hagel
3012 2175 83 48 auf
3128 2175 92 49 dem

2119 2251 127 48 Dach
2264 2250 90 49 sich
2377 2250 210 58 zerhaut,
2607 2250 81 50 der
2710 2270 86 30 aus
2822 2252 104 47 dem
2950 2252 270 60 Imaginären

2119 2330 181 48 kommt
2347 2330 96 48 und
2491 2335 84 43 mit
2625 2336 147 43 einem
2813 2331 106 48 Mal
2961 2349 117 42 ganz
3117 2331 106 48 nahe

2119 2412 89 43 wie
2241 2412 74 43 ein
2347 2405 110 52 Tier
2498 2413 45 44 in
2585 2407 268 51 wütendem
2885 2408 175 50 Bündel
3092 2425 131 43 gegen

2121 2485 83 49 das
2231 2486 189 49 Gesicht
2446 2493 160 42 stürzt.
2631 2486 137 49 Aber
2791 2486 84 49 das
2900 2486 120 49 Glas
3041 2486 182 49 schwebt

2121 2563 92 49 ihm
2255 2575 252 49 entgegen,
2549 2563 129 50 leicht
2719 2565 96 48 und
2855 2563 247 61 glänzend,
3140 2562 82 50 und

2121 2642 83 50 das
2237 2643 87 49 Eis
2357 2642 241 50 zerknackt
2621 2643 89 49 sich
2736 2661 60 31 an
2822 2642 94 50 ihm
2938 2648 83 44 mit
3041 2642 181 50 klirren»

2121 2720 105 49 dem
2267 2721 217 59 Anprall.
2535 2721 69 48 Es
2656 2721 162 57 lautet,
2866 2720 67 49 als
2982 2721 129 48 beiße
3154 2718 68 49 der

2119 2798 155 61 Hagel
2309 2798 88 50 sich
2430 2798 86 50 toll
2550 2800 72 48 die
2650 2798 170 50 Zähne
2853 2817 85 31 aus
2973 2797 94 51 und
3096 2814 124 33 unser

2121 2876 190 49 Gesicht
2343 2877 112 60 liegt
2477 2877 205 48 lächelnd
2714 2877 231 50 darunter,
2983 2876 235 49 Gewitter»

2119 2954 181 61 Schläge
2340 2954 262 61 schwingen
2644 2954 95 50 und
2780 2954 161 50 stehen
2982 2952 169 51 überall
3180 2956 39 43 in

2119 3034 80 49 der
2248 3034 119 49 Luft,
2424 3033 315 62 Regenbogen
2789 3033 156 50 laufen
2994 3033 110 48 über
3148 3029 71 49 das

2121 3111 195 49 Kristall
2349 3111 80 49 des
2453 3111 225 59 Ateliers,
2701 3117 126 43 einer
2844 3111 136 49 Blase
3001 3128 95 31 von
3114 3107 105 49 Glas

2121 3207 146 43 gegen
2310 3189 72 50 die
2425 3191 115 48 süße
2584 3191 126 48 Wut
2749 3189 81 50 der
2865 3189 222 50 Gewitter
3125 3184 95 50 auf»

2121 3267 188 61 gebeult
2340 3268 98 48 und
2471 3275 84 41 mit
2587 3273 149 43 einem
2759 3268 134 48 Male
2914 3267 123 49 dann
3068 3261 154 52 wieder

2119 3346 154 49 lichter
2305 3347 165 48 Ballon
2503 3346 96 49 und
2632 3347 171 48 breiter
2824 3343 329 59 Schmetterling
3182 3344 40 44 in

2119 3424 198 61 seidiger
2338 3426 158 48 Sonne
2531 3424 339 59 schwimmend,
2891 3442 97 32 von
3010 3419 213 54 strahlen»

2121 3502 104 51 dem
2258 3503 207 48 Flimmel
2499 3503 227 61 gehalten.
2780 3503 49 48 O
2863 3502 154 49 Leben
3049 3511 174 38 unserer

2119 3581 164 49 beiden
2316 3587 173 55 jungen
2522 3582 202 56 Dichter,
2764 3581 83 49 das
2889 3581 155 48 diesen
3076 3573 146 61 Tagen

2119 3659 112 61 glich
2264 3664 90 45 wie
2377 3664 74 44 ein
2475 3657 134 52 Tanz
2632 3664 149 45 einem
2804 3658 173 50 andern
2999 3654 94 51 und
3112 3649 112 65 jeder

2119 3738 144 48 kurze
2303 3737 181 49 Rausch
2526 3737 89 49 den
2663 3736 298 62 ungeheuren
3001 3729 221 54 Räuschen

2119 3816 149 50 dieses
2302 3817 150 49 Seins.
2504 3817 164 61 Georg
2701 3818 220 55 Büchner,
2961 3824 140 40 erster
3139 3803 84 53 und

2119 3894 186 50 liebster
2345 3894 80 50 der
2467 3894 328 50 Darmstädter
2834 3893 198 56 Dichter,
3072 3888 148 48 dessen

2119 3973 162 49 Kunst
2312 3978 74 44 ein
2419 3972 250 50 zuckendes
2696 3969 223 52 Tremolo
2944 3987 93 32 von
3059 3967 165 49 Faust»
