3280 4572
1304 585 218 50 GCossen

2449 591 90 47 819

288 771 194 55 geneigt,
504 783 56 32 so
577 766 88 50 daß
690 768 73 48 die
779 769 124 49 Stirn
924 786 118 43 ganz
1059 777 195 51 vortritt,
1277 772 110 49 hoch

288 842 93 49 und
396 848 108 43 weit
522 846 302 59 ausgewölbt,
842 847 195 49 Zeichen
1055 848 80 50 des
1145 849 242 60 Schöpfer*

288 929 123 38 tums
444 920 95 49 und
571 920 80 50 des
684 923 207 48 Leidens.
1008 926 128 48 Doch
1169 928 112 47 auch
1304 927 82 49 das

287 995 142 58 Stille,
462 997 218 49 Liebliche
703 999 94 48 und
819 999 145 51 Zarte
989 1006 57 44 ist
1069 1003 169 50 diesem
1258 1004 128 49 Bild*

288 1073 142 48 bauet
462 1074 117 48 nicht
609 1075 146 49 fremd
786 1077 197 53 (Walter
1004 1079 136 48 Pater
1162 1092 103 48 sagt
1285 1087 101 43 ein*

288 1149 105 56 mal,
426 1150 89 49 daß
548 1152 337 61 Michelangelo
918 1154 113 50 über
1063 1155 81 49 das
1167 1157 220 49 Liebliche

287 1227 115 48 nicht
442 1228 175 49 minder
647 1229 68 48 als
748 1229 113 50 über
892 1230 83 50 das
1011 1232 259 62 Gewaltige
1303 1252 83 42 ge*

287 1303 138 49 boten
458 1303 163 58 habe),-
651 1323 50 31 er
731 1305 80 49 hat
833 1312 99 44 eine
956 1309 189 48 Anzahl
1168 1310 218 50 wunder*

285 1380 149 48 voller
450 1381 395 51 Kinderbildnisse
863 1385 263 59 geschaffen.
1151 1388 94 48 Als
1263 1394 123 43 eines

288 1458 76 48 der
382 1459 377 49 entzückendsten
778 1467 65 43 sei
859 1468 124 53 jenes
1000 1463 145 51 kleine
1163 1465 223 51 lächelnde

288 1534 225 49 steirische
558 1535 390 61 Bürgermädchen
995 1539 392 62 hervorgehoben,

288 1611 80 49 das
410 1613 195 57 dasteht,
645 1614 68 48 als
748 1615 61 47 ob
842 1634 48 31 es
932 1618 167 58 gerade
1132 1619 79 48 der
1242 1622 143 46 scfael*

287 1690 191 48 mischen
520 1691 193 50 Anrede
754 1698 122 44 eines
917 1695 334 50 Erwachsenen
1299 1718 87 29 zu*

287 1766 146 57 hörte,
454 1768 97 48 und
566 1768 135 49 dabei
720 1775 99 43 eine
834 1771 142 49 Hand
994 1774 85 47 auf
1091 1774 86 48 den
1200 1774 186 51 nackten

289 1844 122 48 Arm
444 1844 151 61 gelegt
626 1845 92 50 hat.

345 1920 164 48 Dieses
556 1926 46 43 in
650 1928 171 44 seinem
863 1925 196 50 Grunde
1107 1928 278 50 dichterische

287 1996 213 50 Element
529 2004 123 56 zeigt
683 2003 89 46 sich
805 2006 45 43 in
884 2003 87 48 den
1004 2005 140 48 freien
1167 2005 218 61 Kompo*

287 2079 195 44 sitionen
515 2076 219 50 natürlich
765 2096 77 30 am
875 2079 227 49 kühnsten
1135 2081 95 49 und
1262 2089 124 42 rein*

287 2160 111 38 sten.
431 2151 94 48 Als
558 2157 101 44 eine
690 2154 80 49 der
801 2155 235 49 frühesten
1066 2156 319 62 Schöpfungen

287 2227 265 60 Ambrosis,
570 2231 112 47 noch
699 2249 97 30 von
817 2232 150 50 Rodin
985 2235 203 48 merklich
1206 2236 179 48 abhän*

288 2309 85 54 gig,
397 2305 109 48 doch
530 2323 116 43 ganz
670 2309 215 59 gewaltig
906 2310 317 58 erschütternd,
1254 2317 132 45 weist

288 2397 48 31 es
369 2381 79 48 der
481 2382 201 60 »Kain«,
712 2385 81 48 der
821 2386 89 48 sich
943 2392 46 44 in
1012 2389 126 48 Reue
1160 2390 112 48 über
1296 2390 88 48 den

287 2457 142 50 Mord
453 2458 80 50 der
548 2461 358 62 Verzweiflung
928 2466 232 60 preisgibt,
1193 2472 82 44 mit
1296 2467 88 50 den

288 2535 306 59 gekrampften
627 2540 199 59 Fingern
859 2546 98 43 sein
979 2542 164 61 Haupt
1174 2563 211 41 umpres*

285 2613 121 49 send.
458 2615 109 48 Nur
614 2621 71 44 ein
726 2617 183 50 Dichter
946 2620 171 49 konnte
1157 2622 90 49 den
1281 2622 104 50 Ge*

285 2687 176 51 danken
509 2692 173 57 finden,
730 2700 129 43 einen
908 2695 183 61 Zyklus
1138 2704 248 44 steinerner

284 2765 246 52 Menschen
548 2787 61 30 zu
624 2770 215 50 schaffen;
858 2772 123 50 diese
998 2776 207 48 tastende
1212 2776 175 58 Blinde,

284 2841 85 49 den
417 2845 259 50 faunischen
717 2848 136 60 Kopf
887 2850 78 49 des
1008 2851 249 61 Krüppels,
1304 2852 82 50 das

283 2922 259 55 jammernde
542 2922 203 55 Gesicht
754 2925 107 49 der»
867 2927 207 48 Bettlerin
1080 2928 143 50 «.Das
1234 2930 153 49 Ober*

284 2996 102 48 maß
426 2996 80 50 des
541 3001 224 48 »Moses«
807 3007 59 43 ist
896 3003 125 49 wohl
1060 3005 188 49 bewußt
1295 3012 90 43 mi*

284 3071 319 63 cfaelangelesk.
660 3078 99 48 Das
816 3081 252 59 Fragment
1122 3083 262 50 »Ruhelose

283 3147 156 51 Seele«
482 3171 84 30 aus
607 3154 104 49 dem
753 3156 256 49 »Grabmal
1044 3158 203 50 Kleists«
1287 3161 98 57 hat,

283 3224 198 61 obgleich
522 3247 48 31 es
612 3232 110 48 auch
763 3233 117 48 nicht
918 3234 223 50 durchaus
1190 3238 193 59 original

283 3304 147 59 wirkt,
463 3316 142 39 etwas
628 3326 97 32 von
749 3309 79 50 der
848 3312 270 49 Landschaft
1139 3313 80 48 der
1242 3316 141 48 Mark

283 3396 56 30 an
387 3382 109 48 sich:
546 3394 143 40 etwas
737 3405 97 29 von
882 3388 103 48 dem
1032 3389 349 51 Erschütternd*

283 3455 292 64 Heroischen,
616 3462 82 49 das
740 3463 175 50 Kleists
957 3466 268 49 Geheimnis
1268 3486 112 30 aus*

283 3535 153 58 macht,
458 3538 199 60 zugleich
675 3544 71 43 ein
764 3540 207 50 Sinnbild
993 3543 80 48 des
1089 3540 287 64 Tragischen,

284 3608 74 49 des
391 3613 195 56 erhaben
618 3617 401 59 Untergehenden,

341 3688 87 51 Die
459 3693 228 49 stärksten
717 3695 161 54 dieser,
910 3694 139 50 leider
1070 3697 200 49 sämtlich
1292 3717 88 30 nur

284 3761 184 56 Skizzen
503 3772 311 58 gebliebenen,
854 3773 390 61 Kompositionen
1276 3777 103 48 sind

285 3844 93 46 eine
402 3847 328 62 »Erschaffung
750 3849 216 50 Adams«
1000 3850 94 49 und
1116 3857 71 43 ein
1211 3852 165 49 »Stür*

284 3921 160 51 zender
491 3925 206 60 Ikarus«,
737 3933 101 55 jene
877 3928 135 49 durch
1060 3934 100 43 eine
1209 3932 167 48 außer*

284 3996 262 55 ordentliche
561 4003 364 60 philosophische
962 4004 146 52 dieser
1125 4005 134 50 durch
1277 4013 99 43 eine

1436 774 415 50 außerordentliche
1912 774 355 50 bildhauerische
2319 776 219 61 Leistung

1435 849 354 63 hervorragend,
1840 852 157 48 Ikarus
2040 856 59 43 ist
2138 856 61 43 im
2231 851 163 49 Sturze
2425 851 111 49 dar*

1436 928 203 59 gestellt,-
1685 947 48 31 er
1774 928 284 61 überschlägt
2098 928 87 48 sich
2226 933 47 43 in
2306 928 79 50 der
2418 929 119 58 Luft,

1436 1003 79 50 der
1545 1006 111 48 Leib
1695 1006 103 48 fällt
1836 1007 130 54 über,
2006 1004 81 50 der
2119 1006 137 59 Kopf
2291 1012 57 42 ist
2380 1011 159 54 einge*

1433 1080 158 60 beugt,
1621 1082 73 48 die
1726 1083 130 50 Füße
1888 1101 158 32 zerren
2080 1082 71 49 die
2184 1082 207 49 Schwere
2413 1082 125 57 nach,

1435 1158 78 49 der
1530 1166 99 43 eine
1638 1160 140 56 Arm,
1789 1171 118 38 starr
1924 1160 373 60 niedergreifend,
2308 1159 125 50 sucht
2449 1159 88 50 den

1436 1234 183 57 Grund,
1644 1235 79 49 der
1741 1237 167 48 andere
1925 1237 109 48 nach
2053 1237 103 48 dem
2175 1235 360 61 Gleichgewicht.

1435 1313 89 48 Die
1555 1313 264 61 Bewegung
1853 1319 58 43 ist
1943 1314 269 60 prachtvoll,
2244 1331 119 43 ganz
2397 1314 141 48 über*

1433 1389 223 60 zeugend,
1690 1390 114 49 über
1836 1390 110 50 alles
1978 1388 360 52 Transitorische
2371 1395 166 44 trium*

1435 1465 226 60 phierend.
1695 1467 152 49 Selbst
1878 1467 80 49 der
1988 1468 143 56 Stein,
2164 1468 80 48 der
2274 1486 83 30 zur
2378 1468 160 48 Stütze

1433 1543 162 49 dienen
1626 1544 103 57 soll,
1762 1549 60 45 ist
1853 1563 55 31 so
1941 1547 210 59 geformt,
2184 1545 89 50 daß
2296 1545 81 49 das
2400 1545 137 49 Stür*

1435 1622 162 48 mische
1661 1622 94 48 und
1808 1623 258 48 Sturzhafte
2127 1641 108 30 zum
2287 1623 246 48 Ausdruck

1433 1698 187 48 kommt.
1662 1698 119 49 Man
1821 1699 193 60 vergißt,
2053 1699 89 50 daß
2183 1717 48 30 er
2263 1717 48 30 es
2344 1705 71 50 ist,
2457 1699 80 48 der

1432 1780 46 54 ja
1508 1775 124 48 diese
1662 1778 263 58 Bewegung
1957 1788 92 37 erst
2080 1776 275 60 ermöglicht,
2386 1776 151 50 indem

1433 1869 51 31 er
1515 1853 80 48 der
1615 1854 144 58 Figur
1790 1853 88 48 den
1900 1853 156 49 Sockel
2089 1854 180 60 abgibt/
2300 1854 80 48 der
2400 1854 133 48 Luft*

1433 1947 92 43 zug
1563 1929 166 48 scheint
1761 1930 130 60 längs
1924 1930 80 48 der
2034 1930 300 60 Einhöhlung
2366 1930 170 48 herab*

1432 2024 254 38 zusausen,-
1732 2008 137 59 gleich
1908 2008 117 48 wird
2072 2008 80 48 der
2198 2009 201 58 Körper,
2446 2006 89 49 sich

1433 2084 112 47 noch
1574 2084 242 48 mehrmals
1840 2084 366 61 überschlagend,
2239 2103 58 30 an
2320 2084 90 49 ihm
2433 2090 102 42 nie*

1433 2159 80 48 der
1545 2165 45 42 in
1623 2160 71 48 die
1726 2159 128 51 Tiefe
1887 2161 186 49 kollern.
2109 2163 100 47 Das
2245 2161 176 49 Gesetz
2453 2160 82 50 der

1432 2236 309 60 Schwerkraft,
1780 2239 103 48 dem
1922 2239 73 48 die
2025 2239 220 59 Skulptur
2275 2257 78 30 am
2383 2237 152 49 unbe*

1432 2315 255 60 dingtesten
1728 2316 269 57 untersteht,
2046 2321 58 43 äst
2142 2334 108 32 zum
2289 2315 244 49 erstenmal

1432 2409 95 30 von
1560 2392 200 49 Päonios
1792 2397 82 44 mit
1905 2392 80 50 der
2005 2394 242 49 herrlichen
2270 2392 266 50 schweben*

1432 2467 88 50 den
1552 2469 124 48 Nike
1709 2469 312 49 überwunden
2054 2470 202 48 worden.
2307 2471 117 48 Hier
2456 2489 79 30 er*

1432 2546 167 48 scheint
1629 2564 48 30 es
1710 2546 191 50 beinahe
1933 2547 341 60 ausgeschaltet.
2307 2547 131 50 Ober
2462 2549 73 48 die

1432 2622 371 60 Standfestigkeit
1835 2624 162 48 hinaus
2030 2625 258 48 vermochte
2320 2625 72 48 die
2424 2625 109 48 Pia*

1432 2700 90 47 stik
1553 2718 86 30 nur
1671 2700 114 49 eben
1818 2701 111 48 noch
1962 2701 87 48 den
2073 2702 124 60 Flug
2220 2702 312 50 anzudeuten:

1435 2781 80 43 mit
1554 2776 168 49 diesem
1755 2777 157 48 Ikarus
1954 2784 59 43 ist
2051 2777 69 48 ihr
2151 2796 107 31 zum
2291 2780 244 48 erstenmal

1435 2852 82 50 das
1549 2852 99 50 Bild
1680 2852 80 50 des
1793 2853 185 50 Sturzes
2011 2855 243 61 gelungen.

1494 2931 89 47 Die
1626 2930 329 61 »Erschaffung
1986 2931 216 49 Adams«
2244 2937 58 43 ist
2341 2932 83 48 das
2457 2933 76 49 für

1433 3007 251 50 Ambrosis
1723 3008 96 49 Art
1859 3008 94 49 und
1985 3008 129 61 Weg
2161 3010 372 50 bezeichnendste

1433 3083 163 50 Werk,
1615 3085 89 47 Die
1727 3083 231 61 qualvolle
1977 3085 187 49 Gestalt
2185 3091 125 43 eines
2327 3087 204 48 Mannes

1501 3161 72 49 die
1590 3161 942 59 übrigensgleichfallsßodinscheLebens*

1431 3238 175 50 Zeichen
1647 3243 124 55 trägt
1893 3238 172 50 windet
2112 3239 88 50 sich
2249 3252 132 37 unter
2428 3241 104 49 dem

1430 3316 186 61 Zwang
1648 3322 123 43 einer
1800 3321 193 54 riesigen
2027 3317 162 57 Faust,
2230 3318 72 50 die
2334 3337 85 31 aus
2452 3321 80 47 der

1430 3394 104 49 Luft
1565 3396 86 47 auf
1677 3400 66 43 sie
1775 3394 288 50 herabstößt:
2096 3396 80 49 der
2198 3408 118 37 erste
2338 3398 191 48 Mensch

1427 3472 116 47 wird
1572 3490 96 30 von
1694 3471 118 49 Gott
1841 3477 69 43 ins
1927 3473 176 48 Dasein
2128 3474 288 60 gestoßen.
2437 3476 96 48 Mit

1428 3548 287 48 Bewußtheit
1767 3548 80 48 hat
1900 3549 228 49 Ambrosi
2180 3549 83 50 das
2320 3551 212 50 biblische

1426 3624 160 50 Motiv
1630 3631 46 43 in
1717 3631 72 43 ein
1836 3626 384 61 philosophisches
2260 3640 269 48 umgesetzt.

1426 3702 80 48 Bei
1538 3702 334 61 Michelangelo
1903 3707 59 43 ist
1993 3703 74 48 die
2099 3703 212 50 biblische
2343 3706 188 48 Erzäh*

1425 3778 113 61 lung
1567 3789 103 38 treu
1701 3779 394 61 wiedergegeben:
2128 3781 80 49 der
2240 3782 292 61 Augenblick

1425 3854 78 50 des
1536 3855 276 61 Übergangs
1844 3876 97 29 von
1973 3857 253 59 göttlichem
2249 3863 45 45 in
2319 3861 209 49 irdisches

1423 3930 156 50 Leben
1604 3937 59 44 ist
1695 3937 124 45 seine
1841 3933 262 61 ungeheure
2124 3934 198 60 Vision/
2353 3937 178 51 Rodins

1425 4009 171 50 »Hand
1637 4009 195 51 Gottes«
1883 4015 58 45 ist
1980 4017 101 44 eine
2119 4013 236 59 Legende,-
2404 4015 127 47 Am*
