3563 4572
1593 489 135 51 Max
1754 487 154 52 Brod
1918 510 9 11 ■
1954 483 156 64 ‘Tycho
2140 483 192 51 Brakes
2368 480 115 63 Weg
2516 498 68 31 zu
2620 478 126 51 Gott

1041 495 93 50 768

1044 684 175 78 große
1251 678 381 65 Treibhäuser
1672 676 92 61 für
1806 675 90 59 die
1927 671 375 62 Laubbäume
2343 670 189 59 bauen
2564 666 189 71 wolle,
2796 666 173 61 damit
3001 676 78 53 sie
3110 672 152 64 über*

1044 788 260 58 wintern,
1346 775 90 76 lag
1477 781 87 52 ein
1605 786 101 63 gut
1738 765 125 65 Teil
1896 767 180 61 Ernst
2115 765 334 76 verborgen.
2509 762 88 60 Er
2637 761 97 60 hat
2775 759 234 62 wirklich
3050 764 81 61 oft
3168 767 94 65 den

1045 868 371 78 zwingenden
1465 865 305 67 Eindruck,
1819 860 112 62 daß
1981 883 59 38 er
2091 859 136 61 auch
2278 856 110 61 den
2429 855 260 61 Pflanzen
2739 863 56 50 in
2843 852 175 61 ihrem
3056 850 207 72 Todes*

1045 963 198 79 hampf
1282 959 158 62 Hilfe
1491 958 118 61 und
1657 958 249 74 Rettung
1953 952 246 78 schuldig
2247 959 94 54 sei.
2408 950 128 60 Das
2585 949 259 75 Einzige,
2903 971 122 36 was
3081 948 86 63 ihn
3218 964 44 52 in

1047 1058 182 60 dieser
1273 1049 557 82 überempfindlichen
1864 1048 320 75 Stimmung
2217 1046 136 59 noch
2391 1043 248 61 aufrecht
2678 1066 75 37 zu
2781 1039 248 62 erhalten
3069 1043 194 79 pflegte,

1046 1174 121 38 war
1207 1148 143 61 eben
1393 1146 103 61 das
1527 1143 334 63 widerholte
1884 1140 342 63 Versenken
2260 1148 55 51 in
2349 1137 111 61 den
2500 1136 242 61 Anblick
2777 1134 98 60 der
2916 1134 229 72 Bäume,
3177 1138 85 64 das

1046 1261 144 45 stete
1224 1240 377 63 anschauliche
1633 1237 366 63 Bewußtsein
2040 1235 147 61 ihrer
2217 1230 376 63 Lebenskraft
2632 1239 250 52 inmitten
2916 1228 71 60 all
3020 1228 95 61 der
3144 1231 121 62 Me*

1046 1335 281 64 lancholie.
1389 1334 143 61 Wie
1574 1334 210 60 schwer
1825 1354 123 37 war
1980 1352 60 38 es
2082 1326 210 79 gerade
2333 1336 152 66 jetzt,
2527 1348 119 37 von
2688 1321 168 61 ihnen
2889 1321 281 64 Abschied
3204 1350 59 38 zu

1045 1432 261 68 nehmen,
1357 1429 155 61 ihren
1564 1423 177 64 Trost
1797 1424 90 62 für
1936 1434 195 51 immer
2178 1446 75 36 zu
2315 1418 306 63 entbehren
2670 1416 119 61 und
2838 1439 105 37 nur
2992 1415 99 62 das
3136 1418 129 62 Zer*

1047 1522 266 65 störende
1332 1522 99 61 der
1455 1521 304 78 Jahreszeit
1783 1543 75 36 zu
1884 1517 216 62 fühlen!
2136 1515 61 61 In
2222 1514 273 76 luftigem,
2529 1509 464 81 papierdünnem,
3017 1510 249 63 rascheln*

1049 1620 128 61 dem
1235 1616 272 78 Hellgold
1562 1616 381 61 schimmerten
2010 1611 90 61 die
2480 1606 352 61 dazwischen
2889 1603 206 79 glühte,
3148 1608 115 59 noch

1046 1711 429 79 vergänglicher,
1510 1719 109 50 wie
1652 1708 91 60 für
1776 1707 111 60 den
1911 1706 270 60 Moment
2206 1702 312 69 berauscht,
2555 1700 101 61 das
2683 1700 114 59 Rot
2825 1697 98 61 der
2947 1697 319 62 Kastanien*

1047 1806 226 60 bäume,
1318 1799 198 82 Tycho
1552 1801 349 61 durchschritt
1941 1797 253 79 langsam
2231 1796 89 60 die
2362 1794 217 62 feuchte
2613 1790 306 71 Parkallee,
2954 1800 194 67 erstieg
3177 1791 89 61 den

1050 1899 194 77 Hügel
1286 1898 117 61 und
1444 1895 146 62 blieb
1632 1895 163 76 lange
1836 1915 74 39 an
1953 1893 128 59 dem
2123 1891 217 60 kleinen
2377 1885 433 65 Grabdenkmal
2843 1884 215 71 stehen,
3097 1885 93 61 das
3219 1908 48 38 er

1050 1994 129 60 dem
1223 1993 214 76 Zwerg
1480 1990 248 61 errichtet
1769 1988 170 61 hatte.

1127 2087 63 60 In
1209 2086 193 61 diesen
1421 2082 486 77 Abschiedstagen
1934 2079 118 63 traf
2072 2089 89 51 ein
2187 2078 160 61 Brief
2364 2101 118 38 von
2500 2075 214 79 Kepler
2740 2083 104 51 ein.
2890 2072 164 61 Auch
3081 2072 185 61 diesem

1051 2205 123 37 war
1215 2204 61 37 es
1318 2180 140 59 nicht
1497 2194 100 62 gut
1639 2200 295 53 ergangen.
1996 2175 113 59 Die
2143 2172 440 77 Verfolgungen
2635 2180 53 50 in
2733 2168 162 61 Graz
2936 2166 185 61 hatten
3158 2164 111 60 bald

1054 2275 133 61 nach
1237 2283 182 52 seiner
1465 2271 291 62 Rückkehr
1804 2270 212 62 wieder
2065 2270 318 75 begonnen,
2435 2289 60 37 er
2545 2288 124 36 war
2719 2262 81 61 als
2843 2262 310 60 Protestant
3196 2258 74 60 für

1057 2368 290 77 »relegiert
1395 2365 118 61 und
1562 2365 404 78 ausgeschafft«
2028 2361 202 62 erklärt
2278 2359 260 70 worden,
2588 2366 99 52 mit
2745 2355 101 61 der
2894 2355 378 72 Bestimmung,

1054 2460 205 61 binnen
1303 2459 417 76 fünfunvierzig
1752 2453 200 81 Tagen
1995 2455 89 60 die
2126 2454 315 61 steirischen
2486 2450 198 62 Lande
2726 2473 75 37 zu
2842 2448 298 61 verlassen.
3180 2444 95 59 Die

1055 2556 508 76 Anstrengungen,
1615 2552 165 61 durch
1832 2559 195 52 seinen
2070 2548 150 61 alten
2260 2547 214 61 Lehrer
2513 2544 255 62 Möstlin
2813 2543 138 61 oder
2994 2539 156 61 durch
3189 2537 90 59 den

1055 2648 328 79 bayrischen
1423 2646 250 61 Kanzler
1714 2646 271 59 Herwart
2034 2652 55 51 in
2132 2641 288 61 München
2465 2648 165 52 einen
2672 2637 249 62 anderen
2961 2632 318 75 Wirkungs*

1056 2742 144 61 kreis
1235 2766 75 37 zu
1337 2741 204 69 finden,
1576 2738 190 63 hatten
1793 2738 198 61 keinen
2010 2736 220 77 Erfolg.
2268 2736 133 60 Den
2435 2750 177 61 guten
2631 2732 112 60 Rat
2780 2738 207 68 einiger
3018 2726 261 73 ahnungs*

1056 2836 151 61 loser
1247 2834 291 70 Freunde,
1579 2834 134 59 nach
1770 2832 193 61 Italien
2024 2855 74 36 zu
2156 2829 180 78 gehen
2396 2826 117 62 und
2571 2826 129 60 dort
2750 2822 258 62 Medizin
3059 2843 70 38 zu
3176 2832 74 44 stu-

1057 2929 213 71 dieren,
1328 2929 211 61 konnte
1590 2952 58 37 er
1696 2926 195 78 füglich
1944 2926 89 60 bei
2076 2924 156 62 Seite
2292 2923 206 59 lassen.
2566 2920 145 61 Dies
2766 2918 133 60 alles
2951 2914 146 62 teilte
3143 2934 54 36 er
3237 2916 43 50 in

1059 3033 184 51 seiner
1291 3022 344 78 gewohnten
1685 3019 297 62 sachlichen
2024 3019 118 60 Art
2181 3013 197 81 Tycho
2435 3024 101 52 mit
2579 3013 118 61 und
2739 3011 159 61 erbat
2940 3032 129 38 zum
3107 2999 173 66 Schluß

1059 3117 82 61 als
1186 3133 180 45 etwas
1408 3140 145 53 ganz
1578 3112 487 80 Naheliegendes,
2094 3108 650 70 Selbstverständliches,
2776 3105 151 61 ohne
2959 3097 322 67 besonderen

1059 3210 475 71 Wortaufwand,
1576 3208 212 63 wieder
1828 3208 134 60 nach
2004 3205 251 62 Benatek
2296 3202 424 63 zurückkehren
2763 3225 75 37 zu
2882 3197 211 61 dürfen,

1144 3304 267 61 »Endlich
1454 3312 89 53 ein
1583 3299 176 63 Trost
1790 3310 55 52 in
1886 3300 165 61 allem
2091 3297 196 71 Leid,«
2333 3312 158 63 sagte
2532 3291 223 82 Tycho,
2799 3290 261 62 nachdem
3100 3307 54 37 er
3191 3279 90 60 den

1060 3398 160 62 Brief
1244 3408 222 67 mittags
1511 3406 74 53 im
1616 3398 206 59 Kreise
1858 3395 99 61 der
1990 3394 209 62 Seinen
2251 3387 492 66 freudestrahlend
2776 3384 326 78 vorgelesen
3135 3376 145 60 hatte,

1060 3493 88 61 Er
1197 3492 154 61 hatte
1392 3493 106 60 sich
1549 3490 203 63 keinen
1794 3488 356 78 Augenblick
2199 3485 320 70 besonnen,
2562 3483 218 78 Kepler
2820 3486 362 55 zustimmenü
3223 3484 59 41 zu

1063 3602 336 44 antworten.
1468 3584 138 62 Alle
1662 3583 306 69 Bitterkeit,
2028 3582 108 59 alle
2194 3579 394 76 Kränkungen
2649 3575 183 61 dieses
2893 3565 389 66 Verhältnisses

1065 3702 197 38 waren
1301 3688 112 52 wie
1454 3678 365 78 ausgelöscht,
1864 3672 202 82 Tycho
2110 3673 177 61 fühlte
2329 3696 186 55 genau
2560 3668 246 62 dieselbe
2842 3658 302 70 Sehnsucht
3172 3645 110 68 nach

1064 3772 231 80 Kepler,
1337 3772 246 62 dieselbe
1616 3772 301 76 Hoffnung
1957 3780 111 51 wie
2109 3793 108 36 vor
2258 3776 214 52 seinem
2524 3781 187 45 ersten
2757 3743 525 94 [Zusammentreffen

1066 3875 97 51 mit
1195 3867 128 61 ihm.
1358 3867 201 61 Nichts
1595 3866 180 61 schien
1809 3865 106 61 sich
1949 3862 302 63 verändert
2286 3885 75 37 zu
2396 3859 202 61 haben.
2636 3853 283 65 Dasselbe
2943 3850 227 61 Gesetz,
3194 3834 31 60 d
3228 3852 51 40 as

1069 3967 119 50 sein
1220 3960 159 60 Herz
1413 3959 238 62 ehedem
1684 3983 73 37 zu
1784 3956 241 80 Keplers
2060 3954 401 79 judendlidhem
2498 3951 169 61 Stern
2702 3947 233 74 mächtig
2968 3942 314 73 hingezogen
