3557 4572
1073 552 94 50 722

1256 553 183 61 Affons
1679 554 9 61 Paguet
1689 577 194 10 •
2170 553 102 49 Die
1838 554 219 48 anderen
2088 554 267 61 Legenden
2389 574 85 31 um
2495 557 203 61 Joseph
2727 576 99 30 von
2858 558 276 54 Arimathia

1079 739 151 63 kam:
1275 764 36 35 o
1345 737 544 62 Menschenbruder!
1936 738 118 61 und
2095 738 152 62 faßte
2288 741 106 59 sich
2427 750 89 52 ein
2551 742 158 61 Herz
2750 742 118 61 und
2909 743 122 63 half
3062 759 111 53 mir.
3215 755 73 64 Es

1075 832 199 61 kamen
1324 832 134 60 audi
1509 831 90 61 die
1648 831 231 61 Frauen
1930 831 175 62 herzu
2154 832 118 61 und
2319 835 286 61 widcelten
2656 835 109 62 den
2808 836 392 70 Gestorbenen
3244 859 45 54 in

1076 935 123 52 eine
1246 925 327 61 Leinwand,
1626 925 143 61 Und
1818 925 75 61 da
1942 935 103 52 wir
2096 926 101 62 das
2239 927 167 61 Alles
2457 929 233 62 bereitet
2738 931 119 60 und
2897 931 92 61 ihn
3029 936 260 83 geborgen

1076 1019 202 71 hatten,
1321 1043 123 36 war
1485 1042 61 38 es
1587 1020 237 61 Abend.
1867 1020 135 61 Wir
2050 1021 243 61 wälzten
2342 1023 111 61 den
2493 1023 158 62 Stein
2700 1048 107 37 vor
2848 1025 101 61 das
2994 1027 157 64 Grab
3191 1039 98 60 und

1076 1122 199 67 gingen
1316 1110 155 78 jeder
1510 1122 56 51 in
1608 1122 121 51 sein
1771 1113 170 61 Haus
1985 1114 118 61 und
2144 1114 219 61 blieben
2407 1124 52 52 in
2502 1115 98 63 der
2642 1117 168 62 Stadt
2848 1118 324 80 verborgen,

1151 1204 88 61 Es
1287 1228 122 37 war
1457 1204 141 63 über
1649 1206 103 61 das
1795 1206 141 62 Fest
1983 1208 176 76 große
2200 1208 245 62 Unruhe
2493 1220 55 50 in
2598 1211 174 72 allen,-
2820 1212 118 60 und
2986 1237 90 38 am
3117 1217 172 67 dritten

1075 1293 127 83 Tag
1242 1322 233 37 unserer
1518 1300 457 78 Verborgenheit
2013 1301 305 62 bereiteten
2360 1303 90 61 die
2491 1305 231 61 Frauen
2772 1315 53 51 in
2867 1316 236 53 meinem
3141 1311 147 66 Haus

1077 1391 89 61 die
1192 1391 278 62 heimliche
1495 1394 216 72 Flucht,
1740 1395 117 61 und
1883 1395 88 61 die
1997 1391 122 65 Tür
2143 1395 146 62 blieb
2314 1397 402 63 verschlossen.
2752 1400 98 60 Da
2874 1415 179 47 traten
3078 1404 211 80 Kriegs*

1076 1484 151 61 leute
1268 1494 53 51 in
1364 1485 88 61 die
1495 1486 196 62 Gasse
1733 1488 118 60 und
1893 1489 257 77 schlugen
2191 1514 73 36 an
2305 1500 185 51 meine
2530 1486 137 68 Tür.
2712 1493 133 61 Wir
2885 1494 279 72 wähnten,
3203 1499 85 63 das

1082 1576 171 63 Ende
1286 1588 81 52 sei
1399 1579 351 77 gekommen.
1787 1581 98 60 Da
1918 1598 108 44 trat
2058 1583 159 77 Jesus
2251 1608 75 37 zu
2359 1594 103 51 mir
2495 1585 118 61 und
2646 1585 141 78 legte
2822 1595 102 53 mir
2957 1597 151 52 seine
3137 1590 152 65 Hand

1075 1672 117 61 auf.
1236 1673 81 60 Ich
1361 1673 86 61 fiel
1489 1674 209 62 nieder.
1745 1675 87 61 Er
1872 1675 115 61 hob
2029 1678 133 60 mich
2195 1679 109 59 auf
2330 1679 116 60 und
2478 1681 216 77 sprach:
2738 1681 239 61 Fürchte
3012 1682 109 61 dich
3154 1688 131 60 nicht.

1076 1764 142 61 Und
1281 1776 127 66 jene
1463 1768 453 76 Kriegsknechte,
1976 1769 89 61 die
2131 1769 393 74 hereintraten,
2581 1797 196 37 waren
2834 1773 306 79 abgesandt
3189 1802 97 37 von

1076 1857 202 72 denen,
1320 1860 91 61 die
1452 1861 103 62 das
1599 1862 165 62 Grab
1808 1863 250 72 hüteten,
2101 1866 117 60 und
2258 1882 220 63 sagten:
2524 1867 169 62 Seine
2732 1870 203 76 Jünger
2975 1869 191 63 kamen
3205 1872 82 63 des

1076 1951 238 72 Nachts,
1363 1954 75 61 da
1485 1964 103 51 wir
1639 1956 280 71 schliefen,
1970 1957 117 61 und
2135 1959 219 61 stahlen
2403 1959 109 62 ihn.
2573 1961 83 60 Ich
2713 1961 229 78 glaubte
2998 1962 129 61 aber
3172 1966 116 59 nickt

1076 2044 192 62 diesen
1310 2046 289 63 Männern
1641 2050 118 60 und
1800 2059 130 69 ging
1970 2076 126 45 aus,
2139 2051 99 61 frei
2281 2077 116 37 von
2438 2054 207 61 Furcht
2685 2055 117 60 und
2841 2055 337 62 verkündete
3215 2058 72 59 die

1076 2139 386 80 Erscheinung
1510 2142 99 61 des
1660 2144 510 62 Auferstandenen
2228 2147 117 59 und
2393 2148 292 61 sammelte
2741 2158 155 52 seine
2943 2150 210 77 Jünger,
3207 2150 80 60 Da

1075 2242 122 62 wir,
1239 2258 72 37 an
1354 2236 398 72 fünfhundert,
1794 2263 133 36 zum
1970 2241 297 61 erstenmal
2308 2242 345 62 beisammen
2688 2267 213 47 waren,
2935 2246 230 59 erschien
3197 2269 88 36 uns

1076 2326 99 62 der
1207 2328 165 61 Herr,
1410 2330 142 59 Und
1585 2354 64 36 es
1684 2331 176 61 erhob
1898 2333 105 60 sich
2037 2357 116 37 von
2187 2333 129 63 dem
2350 2331 127 81 Tag
2510 2360 72 37 an
2617 2346 87 51 ein
2738 2337 185 60 Wind
2954 2337 97 61 des
3086 2337 203 61 Geistes

1079 2421 138 61 über
1250 2422 102 61 das
1385 2424 162 60 Land
1582 2426 118 60 und
1734 2429 193 76 ergriff
1952 2427 211 71 beides,
2197 2429 178 77 Juden
2411 2430 117 61 und
2561 2430 246 61 Fremde
2841 2431 117 61 und
2990 2431 103 61 alle
3117 2430 172 62 Städte

1076 2524 53 51 in
1165 2515 203 77 Syrien
1411 2517 117 61 und
1561 2516 295 81 Ägypten,
1902 2521 142 61 Und
2084 2531 146 53 mein
2265 2524 169 61 Haus
2469 2524 160 61 ward
2671 2525 266 78 aufgetan
2971 2526 129 60 auch
3131 2534 157 66 jenem

1079 2608 229 72 Saulus,
1367 2610 99 61 der
1522 2636 122 36 war
1701 2622 152 52 einer
1912 2614 99 61 der
2058 2617 303 77 Jünglinge,
2420 2618 89 61 die
2559 2620 110 59 den
2718 2619 214 60 Panzer
2980 2634 155 45 unter
3179 2618 108 58 dem

1077 2702 224 62 Mantel
1341 2719 199 63 trugen
1583 2705 118 61 und
1742 2716 99 52 mit
1881 2708 272 62 schnellen
2186 2711 240 60 Pferden
2460 2711 91 62 die
2578 2712 334 77 verfolgten,
2947 2712 86 61 die
3065 2709 222 61 draußen

1076 2805 226 63 reisten,
1352 2797 89 61 die
1481 2798 283 64 Botschaft
1815 2802 101 61 der
1955 2803 438 80 Auferstehung
2440 2830 75 37 zu
2565 2806 345 61 verkünden.
2962 2807 204 58 Diesen
3212 2826 76 37 er*

1075 2891 269 61 schreckte
1378 2892 98 61 der
1508 2893 151 63 Herr
1693 2919 107 37 vor
1833 2896 329 63 Damaskus
2197 2898 119 61 und
2347 2900 155 61 warf
2526 2900 94 61 ihn
2655 2925 73 36 zu
2761 2900 198 61 Boden
2994 2898 110 61 und
3136 2893 151 65 erhob

1079 2982 92 61 ihn
1222 3001 163 45 unter
1433 2986 90 61 die
1566 2987 207 63 Seinen
1825 2990 117 61 und
1990 2991 257 61 zerbrach
2299 2992 165 61 durch
2514 2994 92 61 ihn
2657 2994 102 61 das
2802 2994 288 77 gewaltige
3130 2986 157 65 Werk

1076 3076 99 61 der
1207 3079 211 61 Römer
1457 3104 117 37 von
1616 3092 169 52 innen
1827 3084 114 62 her.
1988 3085 141 61 Und
2171 3086 76 61 ich
2288 3086 161 61 ward
2491 3089 95 70 alt,
2628 3098 89 51 ein
2754 3089 268 61 Genosse
3053 3086 93 60 der
3177 3081 110 63 Ge*

1076 3172 221 60 meinde
1338 3197 75 37 zu
1444 3174 308 78 Jerusalem
1795 3178 118 60 und
1954 3196 236 44 wartete
2223 3179 99 62 der
2355 3182 437 77 Auferstehung
2824 3183 97 60 der
2953 3182 192 77 Jünger
3174 3177 111 77 Jesu

1075 3264 100 61 des
1211 3266 249 63 Messias
1504 3269 117 60 und
1662 3271 102 61 sah
1808 3272 88 61 die
1931 3273 362 62 Herrlichkeit
2327 3274 207 63 Gottes
2577 3276 118 61 und
2728 3276 159 61 ward
2926 3272 268 80 begraben
3225 3276 61 52 im

1077 3358 219 79 Gebirg
1336 3361 69 61 eh
1448 3386 130 37 man
1622 3363 102 63 das
1768 3366 170 61 Meer
1980 3367 157 62 sieht.
2189 3368 100 61 Bei
2338 3368 129 63 dem
2507 3371 190 60 Herrn
2747 3380 69 51 ist
2855 3368 107 61 viel
3003 3366 278 70 Erlösung,

1080 3451 141 62 Und
1261 3478 60 36 er
1362 3457 142 60 wird
1546 3457 170 63 Israel
1759 3460 223 62 erlösen
2022 3485 118 37 von
2182 3462 144 61 allen
2369 3473 193 52 seinen
2605 3464 249 62 Sünden,

1634 3647 104 48 Am
1771 3647 193 59 Abend,
1996 3648 59 49 da
2087 3667 51 32 es
2171 3649 137 50 kühle
2340 3669 117 40 war.

1639 3724 157 48 Ward
1828 3725 187 50 Adams
2049 3727 162 49 Fallen
2246 3728 219 49 offenbar.

1634 3803 101 48 Am
1769 3803 177 49 Abend
1980 3804 183 51 drücket
2194 3807 76 48 ihn
2304 3807 80 49 der
2415 3807 203 49 Heiland
2650 3807 169 57 nieder.

1634 3881 102 47 Am
1769 3880 178 50 Abend
1980 3881 104 50 kam
2119 3884 71 48 die
2222 3881 165 53 Taube
2418 3885 171 49 wieder

1632 3958 116 48 Und
1780 3970 108 50 trug
1919 3965 73 43 ein
2029 3960 177 50 Ölbfatt
2239 3968 46 42 in
2318 3963 104 48 dem
2455 3963 197 48 Munde,

1635 4036 48 47 O
1719 4036 167 51 schöne
1919 4038 126 57 Zeit,
2079 4057 30 30 o
2140 4039 366 51 Abendstunde!
