3469 4572
1501 554 132 51 Max
1664 553 153 50 Brocf
1827 577 9 11 •
1862 549 4 64 e
1867 549 152 64 £ycßo
2050 551 193 49 Braßes
2427 568 67 30 zu
2530 549 129 51 Gott

950 556 96 50 740

952 758 161 52 wirst
1172 746 126 63 froh
1348 754 141 60 sein,
1539 765 170 39 wenn
1767 740 80 62 du
1899 740 183 62 dieser
2131 740 542 76 Unterbrechungen
2724 739 194 62 deiner
2966 741 217 73 Studien

952 843 147 77 ledig
1139 851 176 59 wirst,
1356 838 141 61 nicht
1536 835 225 63 wahr?«

1031 933 195 80 Tycho
1268 932 209 77 beugte
1510 931 105 61 sich
1649 953 126 47 vor,
1816 928 85 61 bis
1935 927 187 80 knapp
2153 951 108 38 vor
2287 925 242 80 Keplers
2559 925 232 63 Gesicht
2825 927 118 61 und
2976 931 96 61 sah
3105 934 78 65 ihn

953 1041 56 51 in
1050 1027 340 62 knabenhaft
1431 1023 542 64 herausfordernder
2014 1022 258 77 Haltung
2311 1021 187 62 scharf
2529 1046 87 37 an,

1033 1122 301 77 Hagecius
1369 1119 137 60 aber
1539 1116 272 63 verstand
1844 1126 194 51 immer
2071 1116 137 60 noch
2235 1116 159 70 nicht,
2421 1113 111 63 daß
2557 1115 277 59 zwischen
2861 1115 109 62 den
3002 1117 183 68 beiden

956 1218 475 75 Riesengeistern,
1474 1213 90 62 die
1606 1211 268 62 einander
1916 1225 528 64 entgegengetreten
2485 1232 216 48 waren,
2752 1209 100 61 der
2899 1210 161 63 fetzte
3097 1239 59 54 ge-

962 1309 228 77 waltige
1238 1306 223 80 Kampf
1493 1331 133 36 zum
1667 1305 262 76 Austrag
1976 1303 144 62 kam.
2183 1303 179 61 Diese
2411 1301 203 63 beiden
2667 1303 188 61 echten
2895 1303 288 70 Menschen

960 1404 188 60 hatten
1174 1402 270 62 einander
1477 1400 139 61 kurz
1651 1399 118 62 und
1800 1409 99 51 mit
1931 1398 282 62 schlichten
2240 1398 253 61 Worten
2527 1413 216 62 gesagt,
2776 1407 112 51 wie
2921 1422 61 37 es
3015 1404 170 73 stand,-

957 1521 60 38 er
1060 1497 255 77 dagegen
1357 1496 193 61 wollte
1592 1519 117 36 nun
1752 1505 55 50 in
1849 1493 209 78 langer,
2099 1492 373 61 kunstreicher
2512 1492 161 61 Rede
2721 1493 344 73 vertuschen,
3102 1521 81 38 um

958 1592 107 61 das
1116 1591 345 77 Eigentliche
1512 1588 488 79 herumsprechen;
2046 1586 321 62 vermitteln.
2425 1586 150 61 Man
2625 1585 210 63 konnte
2885 1587 104 60 sich
3037 1590 145 62 nichts

958 1685 435 61 Lächerlicheres
1445 1682 218 61 denken
1714 1682 83 60 als
1849 1680 109 62 den
2009 1681 181 70 Eifer,
2247 1690 100 51 mit
2396 1680 130 61 dem
2575 1679 103 62 das
2730 1679 168 61 dürre
2937 1680 244 65 Kerlchen

956 1803 136 37 zum
1132 1778 249 61 Frieden
1423 1787 104 50 riet
1569 1776 118 60 und
1729 1775 110 61 den
1882 1774 353 77 Gegensatz,
2286 1774 100 61 der
2434 1773 342 62 meilenhoch
2818 1774 139 60 über
2997 1783 186 54 seinem

958 1873 172 79 Kopf
1162 1872 487 68 wetterleuchtete,
1690 1893 76 38 zu
1809 1869 412 61 durchschauen
2264 1868 118 61 und
2414 1892 75 37 zu
2523 1877 263 51 meistern
2819 1868 226 76 vorgab.
3086 1868 65 62 Be-

958 1967 193 77 lustigt
1193 1966 163 61 hörte
1398 1964 114 63 ihm
1552 1959 198 83 Tycho
1793 1972 126 52 eine
1958 1962 195 61 Weile
2194 1986 95 46 zu,
2331 1961 151 62 dann
2524 1962 143 61 stieß
2711 1985 60 36 er
2811 1969 98 52 mit
2956 1961 107 60 ihm
3098 1986 84 37 an:

963 2060 586 80 »Wohlgesprochen,
1591 2057 241 61 Doktor,
1892 2056 142 61 Und
2076 2056 144 61 eben
2264 2055 236 62 deshalb
2542 2055 172 62 bleibt
2754 2055 135 60 alles
2931 2055 86 60 bei
3056 2055 126 71 dem,

962 2166 112 51 wie
1116 2156 76 60 ich
1235 2179 61 37 es
1339 2152 348 79 angeordnet
1728 2151 202 64 habe.«

1036 2249 298 71 Prustend,
1385 2248 363 62 scharlachrot
1806 2255 73 51 im
1933 2245 247 71 Gesicht,
2239 2260 190 45 tanzte
2479 2244 297 77 Hagecius
2833 2267 133 36 vom
3016 2242 165 63 Sessel

958 2344 126 61 auf:
1132 2343 212 61 »Dann
1386 2340 299 62 verwehre
1728 2340 75 61 ich
1847 2363 153 38 es..,
2043 2339 147 61 habe
2233 2338 285 78 geheimes
2561 2336 466 79 Reskriptum..,
3069 2335 117 61 kraft

958 2437 346 61 kaiserlicher
1352 2436 410 60 Autorität...
1818 2433 214 79 Kepler
2081 2433 140 60 darf
2261 2433 141 60 nicht
2454 2432 287 61 entlassen
2791 2429 243 70 werden,
3087 2437 99 52 sine

957 2531 412 80 approbatione
1409 2529 234 78 judicis,
1673 2579 11 11 .
1714 2578 10 12 .
1770 2528 146 61 habe
1957 2527 254 79 geheime
2251 2526 216 61 Akta.«

1038 2625 98 61 »In
1179 2635 243 51 meinem
1455 2623 207 61 Hause
1703 2621 115 79 gibt
1860 2645 61 38 es
1963 2621 163 61 keine
2166 2620 300 77 geheimen
2500 2618 222 72 Akta,«
2768 2617 198 61 brüllte
2998 2611 187 81 Tycho.

961 2717 231 63 »Merkt
1242 2742 61 38 es
1352 2717 188 68 Euch,
1590 2716 90 61 Ihr
1728 2716 244 61 Meister
2021 2714 99 61 der
2161 2714 432 69 Freundschaft,
2644 2712 111 61 daß
2806 2734 129 38 man
2980 2734 70 36 zu
3095 2716 88 51 mir

960 2814 139 60 nicht
1132 2813 234 71 kommt,
1400 2836 98 36 um
1531 2810 150 62 ohne
1699 2810 348 61 Vorwissen
2077 2809 351 61 Kundschaft
2467 2832 75 37 zu
2578 2806 228 63 treiben.
2851 2805 146 61 Was
3029 2800 157 80 gehen

960 2908 134 60 mich
1129 2907 184 61 solche
1338 2907 192 76 Dinge
1563 2930 93 47 an,
1690 2905 76 60 ich
1800 2903 113 62 will
1941 2904 168 60 nichts
2137 2927 118 37 von
2284 2902 202 61 Euren
2514 2900 438 63 Geheimnissen
2984 2905 202 52 wissen.

958 3001 181 61 Eines
1191 3001 136 59 aber
1376 2999 146 61 weiß
1574 2999 77 60 ich
1691 3008 135 66 jetzt
1865 3006 99 52 mit
2005 2996 373 61 schrecklicher
2419 2994 282 61 Klarheit:
2747 2993 160 61 Euch
2950 2989 136 61 habe
3122 2985 63 60 ich

957 3093 337 78 wahrhaftig
1337 3093 90 61 für
1468 3102 223 51 meinen
1725 3090 237 62 Freund
1992 3090 281 77 gehalten,
2307 3090 325 77 Hagecius!
2678 3087 83 62 So
2795 3084 298 67 verlassen,
3129 3100 56 38 so

958 3187 295 79 gesunken
1303 3211 124 36 war
1468 3187 76 60 ich
1586 3186 195 70 schon,
1833 3185 110 61 daß
1986 3185 76 60 ich
2104 3182 156 79 jedes
2302 3199 136 62 gute
2479 3182 181 61 Wort
2701 3204 107 38 aus
2852 3178 126 61 dem
3017 3168 169 68 Dreck

960 3284 287 68 aufraffte,
1287 3305 99 37 wo
1431 3305 108 37 nur
1582 3297 183 45 etwas
1807 3304 75 36 zu
1925 3288 241 52 meinem
2200 3278 247 60 Nutzen
2490 3275 258 80 geschah,
2788 3297 96 38 wo
2927 3279 142 53 einer
3098 3284 88 41 aus

960 3375 443 79 irgendwelchen
1446 3375 269 60 dummen
1751 3373 286 62 Gründen
2070 3397 75 35 zu
2179 3380 226 52 meinen
2442 3370 274 62 Gunsten
2750 3366 202 80 sprach.
2997 3361 75 63 So
3101 3378 85 56 ge*

965 3482 242 66 nügsam
1256 3493 123 37 war
1433 3471 77 58 ich
1563 3492 107 37 aus
1722 3468 183 61 lauter
1954 3467 347 62 Selbstsucht
2350 3465 120 61 und
2510 3464 433 76 Wichtigtuerei,
2990 3454 196 61 Euerer

962 3565 375 78 Disputation
1371 3572 99 52 mit
1505 3562 129 62 dem
1663 3562 196 61 Ursus
1894 3584 202 54 wegen
2131 3559 146 61 habe
2311 3561 76 59 ich
2423 3558 167 62 schon
2626 3557 89 61 für
2740 3554 158 61 Euch
2929 3549 257 79 gebrannt.

960 3659 62 60 O
1077 3657 100 62 der
1228 3657 128 61 eitle
1403 3657 189 70 Narr,
1645 3656 100 61 der
1795 3656 77 61 ich
1913 3679 139 38 war.
2096 3653 228 63 Werde
2373 3653 76 60 ich
2503 3675 117 37 nun
2672 3648 167 63 enlich
2889 3645 98 59 das
3035 3634 147 66 Echte

962 3777 139 36 vom
1126 3753 297 60 Unechten
1460 3750 282 62 sondern?
1776 3750 216 79 Kepler
2026 3749 177 62 sende
2237 3750 75 58 ich
2348 3772 118 38 von
2499 3755 103 52 mir
2627 3766 128 55 weg
2781 3740 115 62 und
2921 3737 262 74 Hagecius

960 3845 195 61 wollte
1196 3848 76 58 ich
1317 3846 81 61 als
1441 3854 225 52 meinen
1701 3844 238 62 Freund
1981 3868 92 36 am
2106 3843 234 61 Herzen
2374 3839 340 63 bewahren?
2754 3836 150 60 Var
2936 3830 70 61 ich
3037 3817 149 68 wirk*

958 3938 96 60 lieh
1104 3962 68 37 so
1221 3939 364 61 verblendet?
1628 3985 11 14 .
1686 3986 9 13 ,
1741 3986 11 14 .
1799 3938 61 61 O
1912 3937 197 78 glaubt
2150 3946 129 61 mir,
2330 3935 75 61 ich
2461 3934 95 61 bin
2599 3932 134 61 noch
2777 3939 158 68 jetzt,
2980 3916 123 66 noch

961 4029 216 61 diesem
1224 4031 396 77 Augenblick,
1670 4031 345 61 verblendet.
2067 4028 168 62 Aber
2284 4028 74 60 ich
2409 4027 146 61 habe
2603 4024 109 61 den
2763 4022 177 61 festen
2979 4005 156 69 Wille
3138 4024 28 36 ll
3169 4043 14 23 '
