3546 4572
915 498 94 49 812

1952 500 218 49 GCossen

2085 688 179 48 Beweis
2287 688 206 57 brauefit,
2516 688 90 50 daß
2629 689 160 50 Kunst
2810 708 97 32 von
2930 691 77 52 der
3024 694 160 58 Vision

2086 764 110 59 lebt,
2239 766 117 48 nidit
2387 785 98 30 von
2519 766 80 49 der
2631 767 400 54 Kenntnisnahme
3062 777 124 51 sicht»

2084 843 142 50 baren
2259 844 290 57 Materiales,
2580 844 89 51 daß
2704 847 158 48 Kunst
2895 853 71 43 ein
2989 849 199 59 Wunder

2085 927 60 43 ist
2163 922 95 48 und
2276 922 116 49 nieht
2414 928 72 43 ein
2504 919 145 62 Triefe,
2668 942 56 31 so
2742 924 110 61 liegt
2869 943 49 31 er
2935 926 94 50 hier
3043 928 142 56 bereit.

2629 1018 31 28 ★

2146 1077 91 49 Die
2271 1078 203 49 anderen
2495 1078 233 51 Arbeiten
2759 1079 80 51 der
2865 1080 321 58 SchulaussteU

2085 1154 113 61 lung
2215 1155 104 50 sind
2334 1176 108 29 zum
2461 1157 381 62 überwiegenden
2842 1157 118 62 Teil
2977 1162 208 54 Zeichen»

2085 1234 393 61 lehrerprodukte,
2522 1237 95 48 Ais
2659 1237 196 59 Symbol
2904 1237 178 63 hängen
3120 1263 65 32 am

2084 1312 316 61 Ehrenplätze
2418 1318 148 56 einige
2583 1314 259 50 tatsächlich
2860 1317 213 52 zunächst
3088 1338 98 33 ver»

2085 1389 231 50 blühende
2348 1390 229 61 Exempel
2608 1390 149 51 dieser
2779 1392 200 61 Spezies,
3013 1395 69 50 die
3111 1417 74 31 so»

2085 1486 210 43 Zusagen
2344 1469 75 50 die
2458 1470 454 51 Renommierstücke
2959 1474 100 48 sind
3104 1479 82 49 und

2085 1545 113 49 aueh
2245 1545 139 50 schon
2433 1547 80 49 der
2555 1547 128 50 Ehre
2724 1548 81 49 der
2842 1549 269 64 Abbildung
3147 1561 39 43 in

2088 1624 189 48 »Kunst
2317 1624 97 50 und
2447 1625 255 50 Künstler«
2745 1627 220 61 teilhaftig
2996 1630 188 52 wurden.

2086 1700 77 51 Sie
2196 1702 204 60 gehören
2434 1703 247 61 allerdings
2715 1709 85 43 mit
2820 1705 365 64 Notwendigkeit

2084 1785 47 44 in
2164 1787 101 53 jene
2287 1780 276 60 Zeitschrift,
2594 1783 106 48 weil
2733 1789 67 43 sie
2832 1784 267 58 (scheinbar)
3121 1793 63 44 ein

2084 1855 227 64 Triumph
2345 1859 80 48 des
2461 1860 429 59 Impressionismus
2923 1863 115 48 sind.
3077 1865 107 50 Man

2085 1935 118 50 sieht
2235 1935 105 50 sehr
2373 1936 192 50 deutlich
2589 1956 85 31 aus
2698 1938 105 51 dem
2825 1952 235 47 gesamten
3081 1942 103 49 Ma»

2085 2014 131 49 terial
2239 2014 80 49 der
2340 2015 331 61 Ausstellung,
2705 2016 90 50 daß
2818 2016 74 50 die
2912 2023 160 56 jetzige
3093 2020 92 49 Ge»

2085 2098 213 43 neration
2342 2093 80 49 der
2461 2093 352 50 Zeichenlehrer
2857 2102 327 54 »impressioni»

2083 2171 163 49 stisch«
2281 2177 72 44 ist.
2389 2171 166 49 Dieser
2587 2171 84 50 Stil
2705 2178 60 44 ist
2794 2180 114 55 jetzt
2930 2174 97 48 also
3050 2175 135 48 schul»

2084 2249 96 49 und
2220 2250 268 50 stubenrein
2530 2251 264 60 geworden,
2831 2251 353 51 Verwunderlich

2084 2334 61 43 ist
2177 2328 85 49 das
2295 2330 129 48 nicht.
2461 2330 98 50 Der
2582 2330 425 61 Impressionismus
3039 2337 56 44 ist
3115 2333 73 47 auf

2083 2406 88 50 den
2212 2408 113 48 Reiz
2370 2427 97 30 von
2508 2409 366 61 Zufälligkeiten
2922 2409 174 61 gestellt

2083 2484 101 49 also
2207 2486 86 47 auf
2315 2485 83 48 das
2425 2485 168 61 gerade
2618 2486 248 60 Gegenteil
2889 2486 110 49 alles
3022 2486 162 56 dessen,

2081 2582 102 30 was
2217 2564 73 49 die
2323 2564 342 61 ursprüngliche
2688 2565 419 60 Kinderzeichnung
3135 2583 46 29 so

2084 2640 258 50 anziehend
2363 2641 149 50 macht
2631 2643 95 48 und
2751 2660 54 31 so
2829 2643 110 49 muß
2963 2643 85 48 den
3069 2641 111 50 Ehr»

2084 2725 101 55 geiz
2226 2721 281 49 strebsamer
2547 2720 352 50 Zeichenlehrer
2939 2721 71 50 die
3048 2721 132 57 Mög»

2083 2798 175 49 lichkeit
2304 2798 198 58 wecken,
2554 2804 84 43 mit
2687 2817 191 43 grauem
2927 2796 254 62 Tonpapier,

2084 2881 82 44 mit
2193 2876 250 60 gehöhtem
2461 2878 146 48 Weiß
2631 2876 97 50 und
2754 2883 84 42 mit
2855 2883 178 54 einigen
3049 2890 132 45 gang»

2081 2955 145 50 baren
2250 2955 357 51 Naturalismen
2635 2956 278 49 »raffiniert«
2946 2951 234 52 malerische

2081 3032 170 51 Blätter
2274 3053 63 29 zu
2362 3034 213 57 erzielen,
2599 3032 73 50 die
2697 3034 142 48 leider
2935 3032 67 49 als
3019 3031 161 50 Seifen»

2081 3111 162 51 blasen
2264 3112 255 60 verpuffen.
2546 3112 239 50 Gestaltet
2806 3111 96 50 und
2925 3107 255 64 empfunden

2081 3196 61 43 ist
2182 3195 47 44 in
2262 3190 138 49 ihnen
2433 3195 155 56 wenig
2621 3190 113 49 oder
2767 3190 154 49 nichts,
2966 3190 96 48 Ihre
3092 3203 88 31 ma»

2081 3267 184 50 lerische
2298 3269 215 61 Haltung
2546 3274 59 44 ist
2638 3267 262 61 überhaupt
2931 3267 127 49 keine
3087 3264 94 48 Lei»

2081 3359 156 49 stung,
2281 3347 203 50 sondern
2517 3347 159 51 Schein
2707 3366 98 31 von
2848 3353 146 43 einem
3026 3342 154 50 Schein.

2080 3426 99 48 Der
2220 3426 92 50 alte
2345 3427 467 58 Zeichenunterricht,
2851 3426 88 48 den
2969 3429 83 43 wir
3081 3417 99 52 noch

2079 3504 170 58 hatten,
2268 3504 110 49 nach
2391 3504 156 61 Gyps,
2568 3504 287 50 akademisch
2871 3502 164 60 zopfig,
3050 3505 131 43 trost»

2080 3582 71 49 los
2193 3582 306 58 hausbacken,
2542 3603 101 29 war
2673 3584 149 61 gewiß
2855 3581 137 50 nichts
3026 3577 154 50 Gutes,

2080 3660 110 51 aber
2231 3679 51 30 er
2323 3666 61 45 ist
2422 3662 261 49 wesentlich
2725 3656 354 66 sympathischer
3121 3648 59 51 als

2080 3739 149 49 dieser
2281 3739 614 62 Schul-Impressionismus,
2955 3736 76 48 der
3081 3726 99 53 noch

2079 3816 123 50 dazu
2241 3836 98 31 von
2382 3817 113 50 aller
2527 3817 272 61 Pädagogik
2839 3811 215 55 erheblich
3085 3810 95 47 weit

2079 3896 202 48 entfernt
2314 3900 73 44 ist,

2499 3967 31 28 ★
2624 3967 31 28 ★
2749 3966 31 28 ★

915 687 279 63 Schultypen
1216 688 80 50 des
1319 688 186 48 Reiches
1524 686 512 62 Schülerzeichnungen,

914 767 266 61 »aquarelle
1216 766 97 49 und
1345 766 367 48 »klebearbeiten
1738 783 298 31 zusammen»

915 856 240 49 getragen,
1186 844 74 50 die
1360 862 100 29 was
1495 843 221 48 zunächst
1747 843 289 61 gleichgültig

917 927 61 43 ist
1082 920 203 50 sämtlich
1309 920 89 50 den
1422 920 150 61 Krieg
1595 940 109 30 zum
1729 920 307 61 Gegenstand

914 999 164 50 haben.
1114 999 68 48 Es
1216 998 103 48 sind
1351 998 119 49 viele
1503 998 246 49 Hunderte
1782 1017 96 32 von
1910 999 126 48 Kin»

914 1077 128 56 dem,
1075 1075 111 50 aber
1216 1094 51 31 es
1301 1080 75 54 ist,
1421 1080 168 45 soweit
1623 1075 63 49 ich
1721 1075 82 50 das
1836 1077 200 49 Riesen»

915 1153 210 49 material
1176 1153 346 49 durcharbeiten
1576 1153 188 56 konnte,
1820 1173 90 31 nur
1962 1162 72 42 ein

913 1230 228 50 Künstler
1178 1243 136 37 unter
1354 1230 158 50 ihnen:
1558 1230 80 50 der
1677 1232 185 49 Schüler
1893 1233 59 48 E.
1989 1233 44 49 S,

912 1327 86 30 aus
1032 1309 82 48 der
1147 1308 168 49 dritten
1338 1309 172 50 Klasse
1536 1309 80 51 der
1638 1312 43 48 9,
1702 1310 201 50 Berliner
1929 1312 107 49 Ge»

912 1387 349 49 meindeschule.
1312 1388 122 49 Eine
1475 1389 369 61 ausgesprochen
1884 1389 152 50 zeich»

912 1463 202 49 nerische
1135 1464 272 62 Begabung.
1432 1465 116 50 Wie
1569 1484 49 31 er
1641 1472 45 43 in
1710 1467 177 59 großen
1910 1467 124 49 For»

913 1553 156 38 maten
1112 1543 74 48 die
1228 1543 169 49 Striche
1436 1544 133 61 ruhig
1610 1544 95 50 und
1742 1545 172 60 logisch
1945 1564 91 30 zu»

913 1620 465 51 zusammenschließt
1411 1628 58 43 ist
1501 1622 415 50 vollkommenster
1950 1623 86 49 Stil

910 1698 82 49 der
1032 1699 356 50 Bleistiftarbeit.
1440 1700 102 49 Das
1576 1705 127 44 wäre
1746 1700 138 50 schon
1928 1700 108 59 viel,

913 1776 112 49 aber
1056 1776 115 50 noch
1205 1778 119 48 nicht
1355 1779 174 48 Kunst.
1564 1778 82 49 Zu
1677 1779 89 48 den
1785 1779 251 50 Wundern

912 1854 81 48 der
1025 1855 161 48 Kunst
1228 1855 162 61 gehört
1430 1874 63 40 es,
1535 1862 90 44 wie
1657 1856 149 50 dieser
1837 1858 86 48 Stil
1957 1859 79 48 der

912 1933 160 48 klaren
1091 1933 358 50 Parallelstriche
1467 1939 45 44 in
1529 1939 151 44 seiner
1689 1935 347 61 Diszipliniert»

910 2010 96 50 heit
1046 2011 98 49 und
1185 2011 231 61 geradezu
1458 2014 364 48 automatischen
1855 2014 181 49 Sicher»

912 2089 96 49 heit
1041 2089 80 49 der
1162 2090 335 51 erschütternde
1529 2091 251 50 Ausdruck
1812 2093 117 48 wird
1961 2094 75 47 für

912 2166 73 50 die
1002 2166 306 51 mechanische
1318 2169 394 49 Unerbittlichkeit
1731 2169 80 49 des
1823 2170 211 61 Krieges.

910 2245 169 50 Dieser
1128 2246 283 60 prachtvolle
1459 2248 227 49 Zeichner
1735 2248 124 49 stellt
1907 2254 129 44 seine

910 2323 224 52 Soldaten
1167 2330 82 42 mit
1266 2325 226 50 Vorliebe
1525 2331 47 44 in
1604 2326 244 50 trockenen
1870 2328 164 48 Paral»

910 2401 209 50 lelismen
1168 2403 87 48 auf
1298 2404 96 48 und
1435 2404 343 49 Parallelismen
1820 2404 104 49 sind
1961 2404 73 49 die

913 2480 250 61 winkligen
1228 2483 329 59 Bewegungen
1630 2483 121 49 ihrer
1806 2483 227 58 Gelenke,

909 2577 140 30 wenn
1091 2564 66 43 sie
1190 2566 226 52 stürmen,
1458 2560 109 50 nach
1601 2561 215 61 Fliegern
1856 2563 178 57 feuern,

909 2636 304 51 marschieren
1256 2638 96 48 und
1392 2639 155 49 fallen.
1591 2640 117 48 Von
1750 2639 119 49 allen
1903 2641 130 47 Dar»

909 2714 262 61 Stellungen
1214 2715 80 48 des
1327 2716 216 60 Krieges,
1585 2716 73 50 die
1691 2718 64 48 ich
1789 2718 101 57 sah,
1931 2718 105 49 sind

908 2792 126 50 diese
1074 2794 334 61 Zeichnungen
1450 2795 72 50 die
1563 2796 235 49 wahrsten
1830 2796 98 50 und
1961 2796 73 51 die

908 2870 321 61 packendsten.
1263 2872 103 49 Das
1399 2879 61 43 ist
1492 2874 80 48 der
1606 2874 167 61 Krieg!

974 2950 68 48 Ich
1068 2950 179 49 möchte
1270 2951 89 50 den
1385 2952 186 49 Herren
1594 2951 439 52 Schlachtenmalern

908 3046 86 31 aus
1028 3027 79 50 der
1130 3029 281 59 Akademie,
1445 3030 74 49 die
1550 3049 60 30 an
1646 3031 96 48 Ort
1774 3031 96 50 und
1893 3031 140 50 Stelle

908 3106 268 60 arbeiteten,
1195 3107 84 50 das
1299 3109 215 49 Studium
1531 3109 150 49 dieser
1702 3110 330 62 Zeichnungen

907 3185 273 60 empfehlen,
1205 3186 83 48 das
1307 3186 218 50 Studium
1548 3187 80 49 der
1646 3187 233 50 Arbeiten
1906 3194 126 44 eines

909 3262 193 63 Jungen,
1136 3264 82 49 der
1251 3271 45 42 in
1331 3271 175 43 seinem
1539 3267 156 49 Leben
1729 3267 139 49 kaum
1903 3267 130 50 mehr

907 3342 200 59 gesehen
1140 3342 151 50 haben
1324 3344 165 57 dürfte,
1531 3344 70 49 als
1636 3345 71 48 die
1740 3345 177 51 Parade
1952 3347 84 49 auf

907 3420 104 47 dem
1045 3417 329 64 Tempelhofer
1407 3422 155 50 Felde.
1599 3424 125 48 Was
1757 3424 152 49 haben
1943 3425 89 48 da»

908 3514 146 43 gegen
1096 3497 72 51 die
1209 3500 184 48 Herren
1426 3500 302 51 Professoren
1763 3502 269 59 Dettmann,

907 3576 163 57 Rhein,
1112 3577 197 59 Fabian,
1341 3580 161 60 Vogel
1544 3580 118 48 nicht
1704 3580 113 49 alles
1860 3587 172 54 mitge»

907 3655 167 49 macht!
1128 3656 195 50 Überall
1356 3664 61 42 ist
1451 3659 125 48 Herr
1606 3659 256 49 Dettmann
1895 3660 137 49 dabei

908 3747 230 42 gewesen,
1181 3735 120 56 dort,
1335 3754 80 30 wo
1449 3735 73 51 die
1554 3736 141 50 Pläne
1729 3737 303 60 geschmiedet

907 3810 189 48 werden
1129 3812 96 49 und
1258 3812 125 59 dort,
1416 3833 79 30 wo
1529 3814 72 50 die
1636 3816 255 50 Menschen
1924 3835 105 32 zer»

907 3891 148 43 rissen
1096 3891 209 57 wurden,
1347 3892 97 50 und
1486 3892 111 50 doch
1641 3900 59 43 ist
1740 3913 111 30 vom
1886 3895 144 61 Krieg

907 3967 47 45 in
978 3963 137 50 ihnen
1138 3967 118 50 nicht
1279 3974 100 44 eine
1406 3970 132 60 Spur.
1575 3971 162 50 Wenn
1760 3990 109 32 man
1896 3979 133 44 einen
