3129 4572
1344 556 216 48 Glossen

2490 562 91 47 817

2414 1670 67 51 R.
2515 1671 54 48 S.

339 746 176 56 hecken,
546 746 77 49 der
654 763 110 30 vom
797 743 339 50 Mechanismus
1169 740 79 48 des
1271 739 157 61 politi*

336 824 131 48 sehen
506 823 174 48 Lebens
720 823 127 47 keine
891 819 211 58 Ahnung
1141 816 131 50 hätte.
1327 816 100 49 Das

337 900 232 60 Ergebnis
590 905 123 43 wäre
734 904 155 43 immer
910 895 167 50 wieder
1098 894 81 48 das
1201 889 227 53 bekannte

339 975 381 50 Redekränzchen,
754 971 235 51 Vielmehr
1021 970 81 60 gilt
1132 989 64 38 es,
1217 969 103 49 sehr
1342 970 85 48 be*

337 1052 204 49 scheiden
574 1059 44 42 in
647 1051 112 50 Reih
791 1049 92 49 und
917 1047 137 50 Glied
1084 1065 60 29 zu
1174 1058 163 44 treten,
1353 1052 73 42 ein

339 1129 132 48 Stück
486 1127 168 50 Arbeit
683 1145 58 29 zu
773 1124 302 49 übernehmen
1108 1122 94 49 und
1235 1140 47 32 es
1315 1122 110 49 nach

340 1206 159 48 besten
537 1205 186 48 Kräften
767 1201 317 50 auszuführen.
1139 1201 96 47 Der
1275 1200 151 48 Adler

340 1281 80 48 des
442 1282 125 47 Zeus
599 1281 145 48 selber
774 1279 106 48 muß
901 1277 106 57 sich,
1027 1277 85 49 auf
1131 1277 168 49 diesem
1319 1276 104 50 Ge*

337 1359 105 55 biet,
490 1364 43 42 in
579 1362 96 44 eine
708 1356 131 48 Gans
880 1353 291 50 verwandeln
1294 1352 131 56 nicht,

340 1435 138 47 damit
509 1451 91 31 nun
632 1444 119 38 etwa
782 1431 84 48 alle
883 1431 162 48 Gänse
1077 1431 87 48 sich
1186 1431 73 47 für
1276 1430 151 49 Adler

339 1511 163 56 halten,
534 1508 193 50 sondern
758 1508 139 49 damit
918 1507 70 48 die
1009 1507 214 50 dummen
1229 1507 194 50 Wider*

339 1586 158 49 stände
514 1604 141 42 gegen
671 1585 70 48 die
758 1583 532 61 Entwicklungstendenz
1311 1601 111 31 vom

341 1662 277 48 Gänsischen
649 1680 104 29 zum
773 1660 297 49 Adlerhaften
1103 1666 46 42 in
1181 1661 78 48 der
1289 1661 136 48 Kraft

339 1740 76 48 der
425 1738 272 61 glänzenden
707 1738 306 60 Vorkämpfer
1022 1737 397 50 dahinschmelzen.

398 1816 174 58 Mögen
603 1820 84 43 wir
717 1813 80 50 das
820 1813 192 50 Endziel
1045 1814 109 49 auch
1187 1814 116 49 nicht
1324 1814 98 49 klar

337 1892 221 48 erkennen
650 1892 119 48 offen
787 1892 267 60 gestanden:
1071 1910 50 30 es
1137 1892 285 48 bekümmert

339 1967 108 47 mich
477 1973 161 54 wenig,
671 1967 87 48 daß
790 1967 63 48 ich
883 1973 72 42 ein
977 1967 122 49 Ideal
1131 1968 116 48 nicht
1277 1973 46 43 in
1348 1968 71 48 die

336 2047 174 55 präzise
556 2043 140 48 Form
743 2048 119 43 einer
903 2043 361 61 Gesetzvorlage
1311 2063 108 31 ver*

334 2118 207 48 wandeln
558 2119 117 47 kann
754 2121 215 48 zwischen
980 2122 100 47 dem
1089 2123 245 56 Horizont,
1343 2141 76 29 wo

334 2199 82 43 wir
455 2213 47 31 es
542 2208 246 45 vermuten,
830 2197 92 49 und
961 2216 102 39 uns,
1094 2198 71 48 die
1204 2206 83 40 wir
1324 2199 97 49 hier

335 2270 170 58 stehen,
536 2272 105 59 liegt
671 2278 70 43 ein
759 2274 141 59 Weg,
932 2292 58 30 zu
1022 2274 161 48 dessen
1200 2275 218 49 Bewälti*

335 2364 122 44 gung
496 2348 70 48 die
596 2350 387 60 Anstrengungen
1030 2369 95 31 von
1172 2352 110 56 drei,
1322 2358 97 46 vier

336 2423 109 47 oder
466 2424 113 47 zehn
604 2424 337 51 Generationen
963 2428 219 49 vielleicht
1202 2429 117 48 nicht
1336 2447 82 43 ge*

334 2490 450 70 nügen,/Schwärmt,
819 2504 261 50 deklamiert
1112 2512 45 42 in
1190 2507 86 49 den
1308 2508 110 48 Ho*

335 2579 165 51 rizonti
528 2576 189 60 spiegelt
732 2579 126 48 Euch
890 2597 151 43 sogar,
1075 2587 342 57 meinetwegen,

335 2655 60 43 im
407 2651 299 58 »Geist«,mit
721 2662 119 41 einer
856 2658 236 57 zynischen
1102 2659 316 51 Vertraulich*

328 2726 105 57 keit,
449 2734 85 42 wie
557 2735 46 42 in
619 2730 183 50 Eueren
824 2733 374 52 selbstverfaßten
1216 2738 202 49 Wasch*

328 2804 176 54 zetteln,
522 2804 120 57 aber,
657 2824 133 32 wenn
800 2808 73 48 Ihr
889 2810 134 48 schon
1041 2811 86 49 den
1140 2813 136 49 Geist
1292 2834 126 30 mar*

327 2879 193 48 schieren
539 2880 148 50 lassen
708 2884 144 56 wollt,
872 2903 55 30 so
946 2886 186 61 beginnt
1149 2889 127 58 doch,
1298 2891 121 58 bitte,

325 2954 155 58 damit,
489 2955 85 51 daß
585 2957 72 49 Ihr
665 2959 125 49 Euch
797 2961 140 51 selbst
953 2968 45 44 in
1007 2965 261 64 Bewegung
1287 2980 130 38 setzt.

326 3030 223 51 Schwätzt
580 3034 128 58 nicht,
740 3036 183 52 handelt
1027 3043 95 47 und
1151 3050 124 43 wäre
1291 3046 128 50 Euer

322 3105 215 51 Handeln
584 3110 108 48 auch
739 3124 157 48 etwas,
933 3134 97 32 was
1083 3119 122 59 jeder
1243 3120 175 52 Partei*

320 3184 203 49 Sekretär
541 3186 167 50 ebenso
725 3201 81 47 gut
816 3194 280 51 verrichtete:
1115 3196 127 51 Eure
1251 3200 168 50 Arbeit

318 3261 103 47 füllt
440 3267 99 45 eine
560 3264 155 57 Lücke,
736 3267 112 49 oder
862 3274 66 44 sie
946 3276 58 43 ist
1026 3271 167 61 besser,
1210 3281 209 54 wärmer,

317 3336 220 60 beredter,
589 3340 274 62 geduldiger,
903 3346 66 48 als
1009 3349 71 48 die
1121 3350 77 49 des
1230 3354 188 49 Berufs*

318 3416 210 60 mäßigen
652 3418 96 49 und
779 3421 144 50 daran
962 3425 135 49 allein
1136 3435 135 55 möge
1310 3450 107 32 man

318 3495 45 43 in
395 3493 78 49 der
494 3493 163 49 Politik
679 3495 88 49 den
790 3497 196 61 Dichter,
1008 3502 86 49 den
1118 3505 298 54 Intektuellen

316 3567 237 52 erkennen.

383 3646 192 51 Anders
607 3648 179 50 verhält
816 3669 48 31 es
897 3653 89 49 sich
1018 3661 80 43 mit
1129 3660 180 51 starken
1342 3664 74 48 In«

318 3719 226 61 dividuen,
577 3725 72 48 die
688 3725 145 50 neben
875 3728 86 49 den
993 3730 222 63 Parteien,
1247 3739 169 49 außer*

316 3794 101 51 halb
462 3801 77 49 der
579 3802 264 61 politischen
883 3805 181 62 Tages*
1104 3812 96 48 und
1230 3815 184 61 Jahres*

317 3873 156 59 arbeit,
519 3878 67 50 als
637 3881 368 61 »Einpeitscher«
1054 3890 185 49 wirken,
1290 3893 123 50 Ihrer

316 3947 175 53 können
532 3961 72 43 nie
642 3973 153 46 genug
834 3966 110 52 sein,
985 3962 79 50 der
1116 3965 298 55 Freischärler

1477 739 78 49 des
1591 739 204 58 Geistes,
1841 741 80 50 der
1969 741 334 51 unerbittlichen
2343 745 237 52 Ausrufer

1474 816 121 49 ihres
1619 816 164 60 Ideals,
1814 818 80 49 der
1915 818 537 62 Schlangenbeschwörer
2482 825 96 48 und

1477 892 439 61 Geheimpolizisten
1948 901 61 42 im
2030 896 196 49 Dienste
2258 898 80 49 der
2358 899 221 49 Mensch*

1474 970 184 48 lichkeit.
1691 971 136 50 Aber
1859 978 67 43 sie
1968 974 103 48 sind
2110 972 162 59 selten,
2311 975 95 50 und
2444 995 135 31 wenn

1473 1046 331 61 Schwächlinge
1828 1047 96 50 ihre
1948 1050 133 49 Rolle
2105 1050 323 60 übernehmen,
2447 1054 133 49 wirkt

1473 1127 66 45 sie
1571 1122 101 49 teils
1706 1124 214 57 komisch,
1950 1125 103 49 teils
2085 1126 330 62 ekelerregend.
2448 1129 130 49 Des*

1473 1200 106 48 halb
1612 1200 117 49 solle
1771 1219 107 30 man
1917 1202 123 50 diese
2072 1204 132 49 Rolle
2244 1205 118 48 nicht
2400 1224 175 43 propa*

1473 1281 176 55 gieren,-
1680 1279 265 48 umsomehr
1977 1280 110 48 aber
2119 1281 88 48 den
2240 1281 339 62 Parteigänger,

1473 1352 79 50 der
1592 1352 104 50 dem
1731 1353 165 50 Geiste
1935 1356 126 50 dient
2100 1362 83 44 mit
2220 1364 149 43 seiner
2407 1360 171 49 Hände

1471 1430 153 48 Werk
1649 1431 94 48 und
1765 1437 173 45 seinem
1960 1433 272 61 geduldigen
2254 1436 203 57 Herzen,
2476 1442 102 46 eine

1471 1507 135 61 kluge
1623 1507 124 50 Stirn
1776 1513 46 44 in
1845 1508 80 50 der
1941 1511 179 57 Masse,
2142 1517 72 43 ein
2236 1512 140 50 heller
2391 1512 184 62 Rhyth*

1471 1602 102 31 mus
1607 1590 61 43 im
1700 1585 219 62 dumpfen
1952 1587 184 50 Marsch
2169 1588 81 50 der
2280 1590 162 49 vielen.

1655 1816 126 61 Ein
1817 1840 187 38 neuer
2035 1818 363 64 Bildbauer:

1708 1925 302 62 Gustinus
2059 1925 339 62 Ambrosi

1529 2047 97 49 Der
1651 2047 245 51 Bildhauer
1920 2048 231 51 Gustinus
2175 2051 243 57 Ambrosi,
2449 2063 123 39 trotz

1466 2129 149 44 seiner
1632 2126 424 62 zweiundzwanzig
2073 2127 130 62 Jahre
2218 2128 215 62 Schöpfer
2448 2131 123 48 hun*

1468 2201 148 49 derter
1647 2221 98 30 von
1775 2203 298 61 Skulpturen:
2115 2206 271 58 Bildnissen,
2418 2207 152 57 Ideen,

1466 2278 251 58 Visionen,
1732 2279 184 50 Dichter
1936 2281 309 50 bedeutender
2260 2283 95 48 und
2380 2284 188 50 schöner

1466 2354 168 57 Verse,
1658 2361 59 43 ist
1732 2356 124 49 wohl
1879 2357 71 48 die
1973 2358 335 60 genialischeste
2325 2359 219 50 künstleri-

1466 2432 98 48 sche
1574 2433 132 50 Kraft:
1723 2433 95 50 und
1826 2434 314 61 Erscheinung
2157 2436 78 49 der
2244 2455 148 31 neuen
2405 2438 164 50 Gene*

1465 2514 151 45 ration
1634 2516 45 43 in
1692 2510 270 50 Österreich,
1981 2512 105 49 Sein
2096 2513 162 57 Wille,
2274 2533 61 31 zu
2352 2514 217 51 schaffen:

1465 2587 292 57 Dauerndes,
1781 2588 362 58 Überlebendes,
2160 2590 193 58 Werke,
2371 2592 195 59 gründet

1465 2664 87 47 auf
1601 2663 104 49 dem
1759 2665 251 49 Besitztum
2062 2672 123 43 eines
2247 2673 321 55 gemeisterten

1465 2740 310 59 Handwerks,
1800 2743 112 48 aber
1931 2761 50 30 er
2004 2744 108 60 geht
2131 2744 171 50 hervor
2319 2763 85 32 aus
2421 2752 148 44 einem

1465 2817 154 49 hohen
1635 2818 97 49 und
1748 2824 235 45 einsamen
2004 2820 174 50 Geiste.
2198 2822 123 48 Dort
2331 2823 71 48 die
2413 2823 158 49 Kunst

1466 2895 299 59 fortsetzend,
1795 2916 79 29 wo
1906 2898 151 48 Rodin
2079 2916 96 31 von
2207 2899 70 50 ihr
2297 2899 271 61 abgelassen

1466 2971 136 58 hatte,
1624 2973 82 48 das
1724 2974 205 48 Vorbild
1949 2974 80 50 des
2052 2975 334 62 Michelangelo
2409 2983 159 43 immer

1465 3067 89 30 vor
1586 3050 81 48 der
1698 3050 143 59 Seele,
1883 3051 80 50 der
1993 3053 157 49 fernen
2181 3054 296 60 Erinnerung
2508 3073 60 29 an

1468 3126 335 51 Griechenland
1851 3134 73 44 nie
1972 3130 220 57 entrückt,
2237 3137 122 54 zeigt
2396 3149 48 31 er
2476 3131 90 49 sich

1465 3214 113 38 stets
1621 3204 80 49 des
1742 3206 235 49 Höchsten
2025 3206 178 61 gedenk
2242 3208 97 48 und
2381 3208 183 59 gewillt.

1527 3281 69 49 Er
1618 3283 85 48 sah
1724 3284 168 48 einmal
1915 3284 67 48 als
2006 3285 168 48 Knabe
2195 3290 132 45 einen
2344 3285 224 50 Arbeiter

1464 3375 98 32 von
1593 3365 148 43 einem
1772 3361 261 59 Baugerüst
2066 3360 245 50 abstürzen
2343 3364 111 54 und,
2486 3364 85 47 auf

1465 3434 103 49 dem
1623 3436 188 50 Pflaster
1864 3436 338 61 aufschlagend,
2254 3439 82 47 das
2391 3438 174 49 Genick

1464 3511 202 51 brechen.
1706 3514 134 49 Nach
1879 3520 118 43 zwei
2030 3515 162 61 Jahren
2231 3515 131 48 schuf
2397 3534 50 31 er
2477 3516 89 50 den

1465 3589 182 50 »Mann
1679 3596 82 43 mit
1793 3591 104 48 dem
1919 3591 309 60 gebrochenen
2251 3592 205 49 Genick«
2480 3612 85 31 aus

1463 3666 78 50 der
1558 3667 297 61 Erinnerung
1877 3669 170 49 hervor
2068 3669 68 49 als
2157 3669 84 49 das
2261 3670 305 49 Primordium

1461 3750 150 44 seines
1638 3746 188 50 Werks.
1860 3747 142 49 Diese
2033 3746 234 61 Skulptur,
2298 3765 60 31 an
2390 3747 174 51 Rodins

1463 3821 268 51 »L'homme
1762 3841 63 31 au
1856 3841 85 31 nez
1963 3841 164 31 casse«
2160 3824 288 59 gemahnend
2470 3825 96 49 und

1461 3897 111 50 doch
1606 3900 137 49 schon
1776 3901 82 47 frei
1891 3906 45 42 in
1969 3900 80 48 der
2071 3899 173 62 Sphäre
2267 3906 124 45 eines
2414 3921 150 31 neuen

1463 3975 205 58 Geistes,
1699 3982 134 45 weist
1865 3977 71 49 die
1968 3979 105 48 tiefe
2095 3977 263 62 Beziehung
2378 3999 61 30 zu
2460 3981 104 48 Mi*
