3474 4470
1648 178 96 55 383

70 320 272 54 Lichtstrahl
376 339 54 34 zu
464 322 354 67 durchdringen,
861 320 94 51 und
988 320 83 51 der
1103 318 125 52 Chor
1269 326 250 45 antwortet
1557 322 83 51 mit

74 407 359 68 Begeisterung:
473 407 95 58 „So
601 407 64 49 sei
695 407 74 48 es!
800 406 113 50 Gott
944 403 91 51 will
1068 419 47 34 es
1391 406 96 50 Der
1524 407 87 51 Ver-

73 491 91 68 folg
195 492 57 51 ist
282 508 93 33 nun
405 491 70 49 ein
505 491 209 67 Hymnus
739 489 82 50 auf
840 489 106 66 jene
967 486 235 69 Sendung,
1233 488 98 50 eine
1360 488 124 51 nicht
1512 489 130 51 mehr

73 592 117 33 neue
220 573 198 51 Melodie
464 574 57 49 im
557 573 207 50 Unisono
797 572 81 48 mit
910 587 208 50 grossem
1147 571 254 50 Orchester
1430 573 93 50 und
1557 592 56 32 un-

73 657 236 52 endlichen
343 657 421 66 Violin-Passagen,
795 654 121 50 dann
948 654 68 50 ein
1047 656 89 49 Piü
1166 666 153 41 stretlo
1348 656 91 49 und
1474 656 168 52 zuletzt

73 743 71 51 ein
174 743 169 57 Presto,
389 741 213 58 welches,
647 757 52 32 so
743 740 87 48 wie
872 738 257 69 überhaupt
1155 740 71 50 die
1258 740 161 52 zweite
1448 740 167 53 Abthei-

71 826 112 66 lung
228 826 80 49 des
342 825 221 56 Werkes,
605 821 105 49 sehr
755 822 124 48 stark
921 840 56 32 an
1011 823 137 49 Verdi
1192 823 91 50 und
1326 823 70 50 die
1437 841 202 34 neueren

70 910 214 49 Italiäner
324 907 219 56 erinnert,
582 903 168 68 jedoch
794 905 146 50 Effect
986 906 151 49 macht
1179 907 93 50 und
1311 907 140 50 daher
1481 908 159 51 seinen

73 994 167 50 Zweck
272 991 164 51 erfüllt.
484 991 117 48 Dass
635 988 70 51 die
736 999 152 42 ersten
916 990 182 51 Tenöre
1129 991 94 51 sich
1256 992 313 50 fortwährend
1601 992 42 50 in

74 1077 80 50 der
186 1076 136 50 Höhe
352 1071 229 52 zwischen
606 1076 31 65 f
661 1074 90 49 und
783 1093 22 31 c
835 1072 223 69 bewegen
1087 1075 91 49 und
1206 1093 72 31 am
1296 1075 216 49 Schlüsse
1537 1075 104 51 halb

73 1161 103 50 todt
220 1159 114 57 sind,
381 1156 103 50 dass
531 1155 69 51 die
643 1157 143 50 Bässe
828 1157 92 51 sich
967 1175 71 32 am
1082 1159 150 49 hohen
1268 1161 32 66 f
1334 1175 114 50 ganz
1491 1159 150 50 heiser

77 1242 222 56 .schreien,
331 1237 81 51 das
442 1239 173 50 scheint
648 1241 100 48 dem
775 1240 328 68 Componisten
1137 1259 81 48 gar
1245 1241 129 51 keine
1397 1242 210 50 Kümmer-

75 1328 90 49 niss
197 1322 267 53 verursacht
496 1342 54 30 zu
582 1322 163 53 haben.
804 1325 70 48 Da
907 1325 79 50 das
1021 1325 149 51 Werk
1204 1343 71 32 am
1307 1325 179 51 Rheine
1517 1326 118 50 noch

73 1427 81 49 gar
184 1408 124 50 nicht
339 1406 200 69 gekannt
571 1408 71 58 ist,
673 1425 51 33 so
757 1408 179 50 denken
969 1409 98 57 wir,
1117 1409 113 49 wird
1261 1409 105 49 dem
1394 1411 142 49 Leser
1567 1410 72 51 die

74 1494 141 48 kurze
247 1490 306 66 Schilderung
596 1491 123 50 nicht
766 1491 372 50 unwillkommen
1170 1509 216 50 gewesen
1419 1493 110 49 sein.

79 1576 97 50 Der
206 1574 277 66 Lobgesang
515 1574 109 67 ging
656 1575 176 50 sowohl
864 1575 57 50 im
954 1575 379 50 instrumentalen
1363 1576 65 50 als
1456 1576 185 50 vocalen

79 1660 158 50 Theile
267 1658 128 51 recht
426 1658 156 49 schön.
614 1659 92 50 Das
732 1660 145 49 Duett
908 1658 69 49 für
1010 1659 109 50 zwei
1150 1660 208 66 Soprane
1388 1660 80 50 mit
1493 1659 149 51 Chor:

90 1744 108 59 „Ich
240 1743 182 49 harrete
465 1742 79 49 des
833 1743 58 49 ist
936 1743 70 49 ein
1053 1743 180 51 wahrer
1275 1743 234 51 Edelstein
1552 1743 91 51 und

80 1827 160 50 wurde
268 1825 43 51 in
342 1824 114 50 allen
477 1824 188 51 Theilen
690 1824 258 67 vorzüglich
968 1824 222 67 gegeben.
1222 1827 135 49 Auch
1388 1833 108 60 trug
1521 1827 122 48 Herr

80 1909 268 51 Göbbels
391 1908 124 49 seine
546 1908 272 49 Tenor-Soli
851 1908 229 67 gediegen
1110 1909 93 50 und
1235 1910 142 50 schön
1407 1927 97 41 vor,
1546 1909 91 52 und

80 2012 88 33 nur
214 1994 78 50 das
331 1993 146 50 Duett
518 1992 133 57 „Und
684 1992 179 51 wandle
905 1992 67 49 ich
1018 1993 41 48 in
1326 1993 102 50 liess
1474 1993 43 50 in
1562 1993 80 50 der

77 2077 214 52 Reinheit
318 2076 81 49 der
416 2076 262 49 Intonation
704 2093 53 32 zu
779 2076 263 61 wünschen,
1073 2093 201 35 woran
1301 2076 166 68 jedoch
1500 2077 117 49 offen-

79 2161 84 50 bar
193 2159 124 51 seine
346 2158 237 50 Partnerin
619 2158 70 50 die
720 2158 172 50 Schuld
925 2167 119 58 trug.

206 2241 151 52 Ueber
388 2241 80 49 das
501 2242 160 48 zweite
692 2241 199 50 Concert
922 2242 182 51 können
1136 2242 84 49 wir
1249 2260 85 31 uns
1367 2242 164 49 kürzer
1557 2242 64 48 fas-

79 2345 95 42 sen,
216 2324 221 53 nachdem
471 2324 82 49 wir
585 2324 120 50 oben
737 2324 168 50 bereits
936 2324 70 53 die
1038 2326 185 58 schöne,
1267 2326 140 66 glatte
1437 2324 174 51 Ausfüh-

78 2429 120 49 rung
229 2411 81 49 der
341 2410 297 49 Ouvertüren
670 2427 83 32 von
788 2410 166 49 Rietz
997 2411 43 48 in
1081 2411 42 49 A
1169 2408 90 50 und
1292 2429 86 31 von
1409 2408 230 51 Weber

79 2514 56 31 zu
179 2493 207 59 Oberon,
432 2492 121 48 dann
596 2492 116 48 auch
757 2492 88 50 den
887 2493 265 66 prächtigen
1179 2492 201 66 Vortrag
1424 2492 83 50 der
1545 2491 60 51 Ge-

79 2577 307 51 sammtchöre
431 2575 119 49 ohne
591 2576 275 66 Begleitung
903 2592 85 33 von
1032 2577 243 57 Kreutzer,
1313 2576 326 51 Mendelssohn

79 2661 91 51 und
202 2661 50 50 C.
285 2660 62 49 M.
375 2676 38 33 v.
449 2656 179 52 Weber
656 2657 378 68 hervorgehoben
1063 2657 162 51 haben.
1256 2660 91 48 Das
1385 2659 252 58 „deutsche

435 2741 195 51 welches
663 2742 84 50 den
780 2742 188 50 Schluss
1001 2742 180 56 bildete,
1227 2746 123 46 wäre
1396 2742 119 50 ohne
1561 2742 70 49 die

80 2827 116 51 dazu
224 2825 302 70 improvisirte
551 2825 553 66 Orchester-Begleitung
1124 2825 104 49 weit
1260 2825 194 49 schöner
1486 2841 121 50 gewe-

80 2929 96 33 sen,
320 2909 282 50 Ausserdem
635 2909 155 50 halten
825 2909 81 49 wir
938 2909 69 49 die
1040 2909 193 58 Freude,
1267 2907 252 61 Servais,
1552 2909 87 48 den

79 2995 152 65 König
263 2994 80 48 der
375 2991 385 57 Violoncellisten,
805 2994 86 47 wie
934 3010 103 31 man
1085 2991 75 50 ihn
1204 2999 183 51 nannte,
1434 2991 41 49 in
1523 2990 109 50 zwei

83 3079 261 63 Vorträgen
376 3078 183 64 eigener
591 3075 314 67 Composition
939 3094 52 31 zu
1026 3075 300 50 bewundern.
1371 3075 110 50 Eine
1513 3074 124 49 Alles

80 3159 352 66 übersteigende
464 3158 250 66 Fertigkeit
745 3159 163 48 besitzt
939 3159 146 48 dieser
1118 3159 217 48 Künstler
1367 3158 79 49 auf
1468 3158 169 49 seinem

80 3245 336 55 Instrumente;
447 3244 82 47 wir
562 3241 212 50 kommen
808 3260 78 32 vor
910 3241 147 50 lauter
1079 3243 203 48 Staunen
1303 3243 134 48 kaum
1463 3259 52 31 zu
1537 3240 102 50 dem

82 3327 330 57 Bewusslsein,
458 3327 101 47 dass
601 3324 94 58 das,
737 3343 94 32 was
874 3343 50 31 er
955 3343 83 31 uns
1070 3324 144 67 spielt,
1260 3324 243 66 eigentlich
1534 3324 106 50 sehr

84 3412 94 49 lose
224 3427 56 32 an
325 3409 215 50 einander
579 3408 206 65 gereihte
831 3408 297 58 Sächelchen,
1181 3408 314 49 Melodiechen
1545 3405 92 51 und

83 3492 312 52 Kunststücke
436 3492 113 49 sind.
609 3490 82 49 Ein
724 3490 219 49 Künstler
973 3490 125 50 solch
1128 3490 257 51 eminenten
1416 3489 215 66 Schlages

83 3579 173 47 müsste
300 3592 85 32 uns
433 3573 276 66 wenigstens
751 3573 68 48 ein
861 3573 141 48 Stück
1044 3591 87 31 von
1175 3578 259 61 grösserem
1468 3574 144 47 Kunst-

85 3659 176 50 werthe
290 3658 183 67 spielen.
601 3657 99 48 Den
733 3655 79 49 das
844 3673 141 47 ganze
1016 3655 238 50 Publicum
1287 3655 352 51 bezaubernden

84 3744 262 65 Vorträgen
371 3742 79 49 des
466 3742 154 48 Herrn
639 3739 178 50 Servais
849 3738 175 51 reihten
1054 3739 93 50 sich
1180 3741 153 50 Fräul.
1366 3739 271 50 Charlier

85 3827 93 51 und
198 3827 120 49 Herr
350 3823 265 52 Göbbels
647 3840 72 40 an,
737 3831 173 42 erstere
927 3821 78 49 mit
1024 3822 79 48 der
1119 3822 267 51 Titus-Arie
1413 3862 17 17 „

84 3929 57 33 zu
174 3909 196 51 welcher
402 3909 119 49 Herr
553 3907 217 49 Schädler
811 3906 68 49 die
921 3904 197 66 obligate
1159 3904 457 68 Clarinetten-Beglei-

85 4002 115 57 tung
231 3992 162 69 spielte
440 3992 90 50 und
576 3991 78 49 mit
685 3989 81 50 der
799 3989 224 67 Sängerin
1054 3987 270 67 erfolgreich
1355 3988 288 60 wetteiferte,

85 4075 124 49 Herr
226 4073 204 52 Göbbels
461 4075 80 49 mit
573 4072 108 51 zwei
715 4072 233 50 hübschen
973 4071 208 59 Liedern,
1213 4071 172 49 welche
1406 4069 90 50 ihm
1522 4075 96 44 stür-

85 4157 200 52 mischen
315 4158 155 51 Beifall
502 4157 321 65 eintrugen.—
844 4156 283 49 Ausserdem
1157 4162 165 59 trugen
1347 4153 69 51 die
1442 4155 170 66 Sanges-

1738 326 132 60 gaste
1886 337 82 33 aus
1983 319 188 51 Neuss
2202 319 93 51 und
2317 319 362 52 Maestricht
2710 319 267 52 wesentlich
3003 337 81 33 zur
3102 319 179 67 Mannig-

1736 403 219 69 faltigkeit
1997 404 94 50 und
2125 403 251 51 Schönheit
2422 404 78 50 des
2534 403 189 52 Abends
2770 404 144 51 durch
2962 404 98 50 ihre
3093 404 217 68 Separat-

1736 488 214 66 Gesänge
1980 487 98 59 bei;
2124 487 274 51 namentlich
2443 505 95 33 war
2581 506 211 32 unserem
2826 487 241 52 Publicum
3100 487 73 51 die
3206 488 104 50 dem

1736 572 353 58 französischen,
2121 588 122 51 resp.
2272 571 261 66 belgischen
2552 572 308 49 Geschmacke
2893 572 282 67 angehörige
3194 572 87 48 San-

1738 657 221 66 gesweise
1979 656 80 49 der
2088 654 322 51 maestrichter
2427 654 300 51 Gesellschaft
2757 665 141 42 etwas
2923 657 153 51 Neues
3108 656 94 51 und
3234 656 52 51 In-

1738 746 180 44 teresse
1952 738 294 68 erregendes,
2294 737 287 67 wenngleich
2628 738 62 49 sie
2735 740 218 64 gewisser
2982 740 212 50 Maassen
3238 738 72 51 die

1736 823 127 50 Folie
1905 822 183 60 bildete,
2133 823 80 50 auf
2241 822 198 51 welcher
2470 822 93 50 sich
2597 822 70 48 die
2699 821 215 68 Vorzüge
2944 823 80 50 des
3056 823 254 51 deutschen

1741 906 235 67 Gesanges
2008 925 78 30 um
2117 924 51 31 so
2202 905 279 68 glänzender
2523 903 368 51 herausstellten.

1863 992 93 49 Das
1985 988 230 53 Jubelfest
2246 990 127 51 hatte
2403 990 57 49 im
2488 988 201 60 Ganzen,
2721 988 179 51 sowohl
2937 1006 176 33 ausser-
3144 990 63 49 als
3238 990 45 49 in-

1738 1072 189 51 nerhalb
1970 1074 78 50 des
2082 1074 362 59 Concertsaales,
2491 1071 71 51 bei
2608 1072 102 50 dem
2742 1072 134 68 Zuge
2919 1071 94 51 und
3058 1071 251 52 besonders

1738 1157 117 51 auch
1884 1157 72 51 bei
1985 1159 87 49 den
2092 1157 144 50 durch
2255 1156 340 69 Trinksprüche
2618 1160 268 63 gewürzten
2906 1156 373 67 Spat-Versamm-

1741 1241 169 66 lungen
1942 1241 56 48 im
2030 1240 132 51 Saale
2194 1241 80 48 der
2293 1241 242 65 Erholung
2567 1239 70 50 die
2669 1239 340 61 freundlichste,
3041 1237 272 51 herzlichste

1740 1325 365 66 Physiognomie.
2139 1324 124 49 Alles
2295 1324 149 49 freute
2473 1322 108 59 sich,
2614 1322 91 51 und
2740 1322 82 50 wir
2854 1324 215 49 stimmen
3094 1322 194 51 vollstän-

1739 1408 75 66 dig
1844 1409 82 49 mit
1956 1409 70 49 ein
2059 1410 41 48 in
2133 1409 85 49 den
2251 1408 167 49 vielseit
2427 1408 7 26 :
2439 1425 29 50 g
2501 1406 226 68 gehörten
2760 1408 199 49 Ausruf:
3013 1408 63 49 Es
3111 1424 95 33 war
3236 1406 73 51 ein

1740 1491 211 58 schönes,
1983 1491 68 49 ein
2082 1490 245 50 herrliches
2357 1491 126 58 Fest,
2530 1490 197 50 welches
2760 1508 83 32 uns
2874 1490 71 50 die
2971 1489 226 51 Jubilarin
3226 1489 54 51 be-

1740 1576 266 49 reitete!—
2017 1576 98 49 Nur
2134 1575 135 48 Eines
2286 1575 270 48 vermissten
2573 1574 96 57 wir,
2700 1574 93 49 und
2817 1592 123 31 zwar
2962 1574 99 49 eine
3091 1573 215 67 eigene

1738 1656 226 68 Leistung
1995 1658 82 49 der
2111 1655 329 69 festgebenden
2473 1655 315 60 Gesellschaft,
2820 1664 120 42 etwa
2972 1656 42 50 in
3047 1656 88 50 der
3165 1656 142 50 Form

1739 1740 122 50 eines
1891 1740 591 68 Begrüssungs-Gesanges
2523 1738 119 51 beim
2676 1739 173 66 Beginn
2881 1739 80 51 des
3000 1748 155 42 ersten
3187 1739 90 51 Con-

1739 1832 164 51 certes,
1951 1824 198 51 welcher
2183 1824 80 50 der
2294 1824 132 50 Feier
2456 1839 301 51 angemessen
2801 1841 216 49 gewesen
3058 1827 126 47 wäre
3215 1823 94 49 und

1739 1907 203 67 zugleich
1975 1908 102 49 dem
2112 1907 238 50 Publicum
2384 1905 299 69 Gelegenheit
2713 1905 201 68 geboten
2947 1907 142 59 hätte,
3122 1905 80 50 der
3226 1905 54 51 Ju-

1736 1989 159 51 bilarin
1927 1990 165 68 speciel
2122 1992 122 49 seine
2275 1989 273 68 Huldigung
2578 1989 351 68 darzubringen.

1866 2076 114 49 Eine
2013 2074 280 69 Deputation
2335 2074 80 50 des
2458 2073 209 51 kölner
2698 2073 607 67 Männergesang-Vereins,

1738 2156 255 52 bestehend
2023 2175 80 33 aus
2138 2158 85 50 den
2249 2158 181 48 Herren
2460 2157 389 51 Musik-Director
2882 2156 240 59 Weber,
3152 2156 129 50 Präsi-

1740 2247 103 44 sent
1893 2241 157 50 Vack
2096 2242 93 49 und
2234 2241 343 59 Schreiner,
2625 2239 207 50 erschien
2878 2241 117 49 beim
3029 2242 139 48 Feste
3210 2239 94 51 und

1739 2331 108 60 trug
1877 2323 124 51 nicht
2032 2324 153 67 wenig
2224 2341 81 32 zur
2337 2323 257 68 Erhöhung
2641 2322 241 51 desselben
2914 2322 86 58 bei,
3052 2322 253 51 besonders

1739 2406 142 51 durch
1918 2408 88 50 den
2042 2408 205 50 schönen
2277 2407 329 67 Trinkspruch,
2655 2407 204 50 welchen
2906 2407 122 48 Herr
3058 2406 129 51 Vack
3227 2406 80 51 der

1735 2490 305 67 Festgeberin
2069 2509 73 33 am
2173 2498 154 44 ersten
2361 2490 193 50 Abende
2580 2490 43 50 in
2656 2491 80 48 der
2765 2490 240 67 Erholung
3037 2490 204 50 brachte.

1758 2713 212 48 Einige
2000 2712 468 49 geschichtliche
2497 2713 478 48 Bemerkungen
3002 2711 152 41 über
3182 2712 95 40 die

2158 2784 303 37 aachener
2487 2780 393 41 Liedertafel.

1815 2879 57 35 Im
1901 2877 122 37 Jahre
2055 2879 99 34 1828
2183 2875 174 38 bildeten
2384 2876 41 36 in
2453 2874 162 37 Aachen
2657 2876 83 36 vier
2775 2876 69 35 mit
2881 2874 278 48 vorzüglichen
3189 2875 92 38 Stim-

1736 2953 88 23 men
1853 2940 166 47 begabte
2047 2937 302 37 Musikfreunde
2378 2939 61 34 ein
2467 2936 374 45 Männer-Quartett,
2875 2937 168 35 welches
3072 2940 131 33 zuerst
3231 2949 74 26 nur

1736 3004 39 34 in
1805 3013 166 36 engeren
2000 3001 176 46 Kreisen,
2223 3003 131 43 später
2395 2999 92 36 aber
2528 2998 101 36 auch
2658 2999 39 34 in
2725 3001 203 44 grösseren
2957 2999 348 49 Versammlungen

1734 3064 81 36 und
1844 3063 248 38 Öffentlichen
2120 3062 300 45 Aufführungen
2467 3059 188 36 zuweilen
2697 3060 104 35 seine
2829 3060 141 36 Lieder
3011 3064 159 33 ertönen
3196 3062 107 39 liess.

1734 3128 52 34 Es
1817 3126 180 36 scharten
2027 3125 83 36 sich
2149 3122 226 38 allmählich
2419 3121 173 37 mehrere
2622 3121 242 37 Dilettanten
2891 3134 66 23 um
2987 3122 190 49 dasselbe,
3221 3124 82 36 und

1734 3189 60 36 die
1822 3187 224 47 Mitglieder
2068 3187 110 46 jenes
2209 3185 200 44 Quartetts
2440 3184 80 35 und
2550 3183 61 35 die
2643 3183 189 46 Freunde,
2872 3184 146 36 welche
3060 3186 83 34 sich
3184 3186 118 36 ihnen

1734 3249 303 48 angeschlossen
2067 3247 147 44 hatten,
2257 3249 126 32 traten
2422 3257 62 24 am
2519 3247 57 35 10.
2606 3245 221 36 November
2858 3247 97 34 1832
3001 3247 52 34 im
3082 3246 116 37 Saale
3234 3248 68 36 des

1733 3311 264 37 Rheinischen
2024 3309 119 35 Hofes
2174 3319 224 24 zusammen
2444 3306 80 35 und
2566 3306 172 36 stifteten
2778 3306 84 36 dort
2897 3309 115 34 unter
3040 3307 86 37 dem
3154 3309 148 37 Namen

2045 3372 111 35 einen
2185 3367 488 48 Männergesang-Verein,
2713 3367 166 36 welcher
2922 3367 60 37 die
3018 3369 286 50 „Erheiterung

1733 3435 123 38 durch
1898 3433 209 47 möglichst
2147 3431 313 36 vollkommenen
2496 3429 168 46 Vortrag
2713 3428 329 50 mehrstimmiger
3071 3433 206 47 Männerge-

1908 3507 90 23 zum
2026 3492 364 48 ausgesprochenen
2420 3490 164 36 Zwecke
2611 3490 118 38 hatte.

1812 3558 110 38 Nach
1965 3556 86 36 dem
2093 3558 126 33 ersten
2248 3554 134 35 Statut
2417 3552 179 36 bedurfte
2639 3551 66 37 der
2737 3553 344 48 Vorgeschlagene
3110 3568 68 25 zur
3205 3556 75 37 Auf-

1732 3622 142 37 nahme
1903 3620 105 35 einer
2035 3617 201 45 Majorität
2263 3627 77 23 von
2369 3614 131 36 sieben
2528 3612 167 36 Achteln
2723 3612 66 37 der
2820 3614 301 41 Ballotirenden.
3152 3617 127 50 Gegen-

1733 3685 141 45 wärtig
1901 3681 52 35 ist
1982 3680 104 35 diese
2114 3678 203 45 Majorität
2345 3677 72 36 auf
2441 3676 82 36 drei
2550 3675 145 36 Viertel
2723 3676 282 47 herabgesetzt.

1814 3744 128 37 Schon
1970 3753 62 24 am
2063 3742 61 37 29.
2144 3741 154 35 Januar
2324 3738 79 36 und
2436 3740 58 33 15.
2514 3737 174 36 Februar
2719 3740 98 34 1833
2846 3741 77 33 trat
2947 3739 67 37 der
3041 3753 102 25 neue
3165 3742 140 37 Verein

1733 3808 71 35 mit
1831 3807 203 45 grösseren
2062 3802 213 36 Concerten
2302 3802 40 34 in
2371 3800 61 36 die
2462 3799 328 46 Oeffentlichkeit,
2837 3800 82 36 und
2964 3802 126 36 durch
3134 3804 171 36 mehrere

1736 3869 202 45 Quartette
1954 3878 77 23 von
2046 3864 242 47 Eisenhofer,
2321 3863 42 36 C.
2380 3862 203 44 Kreutzer,
2613 3861 223 46 Reichardt,
2871 3862 127 48 Spohr
3025 3876 40 23 u.
3097 3865 45 39 A.
3173 3865 131 37 wurde

1737 3932 86 35 dem
1851 3931 204 46 grösseren
2082 3927 207 36 Publicum
2317 3937 80 23 nun
2427 3927 131 33 zuerst
2591 3923 67 37 der
2686 3924 62 37 bis
2779 3924 123 36 dahin
2930 3926 252 37 unbekannte
3203 3928 75 35 Zau-

1734 3994 69 37 ber
1832 3992 65 36 des
1922 3991 351 46 Männergesanges
2303 3987 254 37 erschlossen.
2614 3986 192 49 Zugleich
2848 3988 164 47 erfolgte
3051 3988 60 36 die
3137 3988 142 36 Auffüh-

1736 4066 102 36 rung
1865 4065 78 24 von
1971 4054 202 45 grösseren
2202 4049 460 38 Instrumentalstücken.
2705 4049 82 36 Der
2815 4049 144 48 Ertrag
2982 4050 108 46 jener
3118 4049 184 37 Concerte

1740 4116 134 39 wurde
1913 4115 86 36 dem
2033 4113 174 48 hiesigen
2234 4112 426 44 Mariannen-Institut,
2713 4111 88 37 dem
2829 4112 353 37 Vincenz-Vereine
3222 4110 80 38 und

1742 4180 86 37 dem
1853 4174 410 42 Waisenhaus-Fonds
2292 4186 50 25 zu
2370 4174 180 48 gleichen
2580 4173 165 39 Theilen
2773 4176 251 46 zugewiesen.
