3479 4412
1677 149 66 50 87

149 296 209 60 Neuntes
388 296 628 60 Gesellschafts-Concert
1046 296 60 60 in
1136 296 119 60 Köln
1285 296 60 60 im
1375 296 299 60 Gürzenich.

520 420 228 45 Dinstag,
788 420 88 34 den
920 418 59 40 14.
1014 423 129 37 März
1177 425 108 38 1865.

245 517 279 44 Programm.
555 515 127 34 Erster
710 515 122 35 Theil.
864 515 33 37 L
927 518 209 39 Ouvertüre
1166 536 46 22 zu
1243 526 146 44 „Maria
1587 543 72 22 von

143 578 41 34 C.
214 574 235 47 Vieriing.
493 572 34 40 2.
559 576 183 34 Cavatine
771 588 66 23 aus
869 578 169 37 Weber's
1370 585 116 48 (Frau
1514 591 118 34 Zade-

142 634 312 46 raak-Doria).
510 632 34 37 3.
574 635 314 37 Violin-Concert
928 640 38 32 in
998 640 147 37 D-moll
1183 645 61 35 Nr.
1276 643 21 37 9
1339 658 73 22 von
1443 648 41 34 L.
1515 649 147 45 Spohr

141 696 115 47 (Herr
285 696 319 34 Concertmeister
633 697 42 34 G.
707 698 181 45 Japha).
919 699 33 35 4.
985 701 139 35 Scene:
1366 719 66 23 aus

141 769 73 22 von
237 756 139 34 Weber
399 755 113 46 (Frau
537 757 450 48 Zademak-Doria).
1018 762 33 35 5.
1085 789 17 19 „
1110 762 215 39 Adoramus
1380 767 74 34 und
1487 770 56 44 „0
1573 769 91 36 hone

265 842 7 18 ,
303 814 124 35 Chöre
457 827 24 22 a
508 815 150 44 capella
686 828 75 21 von
789 817 297 38 Palestrina.

245 876 161 34 Zweiter
435 875 122 35 Theil.
588 876 228 34 Sinfonie
846 879 68 35 Nr.
938 880 66 34 IX.
1032 882 69 34 mit
1129 883 100 36 Chor
1258 897 73 23 von
1352 887 42 36 L.
1416 899 88 23 van
1528 889 108 35 Beet-

142 937 152 34 hoven
337 934 114 47 (Soli:
498 936 99 33 Frau
638 937 254 45 Zademak,
938 941 179 36 Fräulein
1161 945 255 46 Assmann,
1464 949 98 34 Herr
1606 952 54 33 YV.

141 999 176 41 Bitter,
364 997 99 33 Herr
491 997 87 33 Sch
593 997 38 33 el
645 1009 90 33 per.

245 1058 59 33 Da
325 1058 98 32 Herr
447 1056 288 47 Gapellmeister
762 1056 105 35 Hill
880 1070 45 24 er
954 1072 128 35 wegen
1107 1064 263 37 Unwohlseins
1399 1070 96 33 noch
1525 1070 133 34 immer

141 1119 65 33 das
234 1119 164 33 Zimmer
425 1117 113 34 hüten
570 1129 114 32 muss,
727 1129 39 24 so
810 1119 168 47 dirigirte
1021 1124 98 33 Herr
1157 1125 325 37 Musik-Director
1512 1131 150 34 Franz

141 1178 166 35 Weber
336 1178 59 34 die
425 1178 301 46 Aufführungen.

244 1239 77 33 Das
349 1242 143 30 neunte
519 1238 163 34 Concert
701 1238 136 45 gehört
856 1251 47 22 zu
924 1240 226 47 denjenigen
1182 1244 120 37 dieses
1323 1247 179 45 Winters,
1523 1250 141 34 welche

140 1297 64 35 das
232 1298 203 35 Publicum
466 1298 279 44 vorzugsweise
775 1298 201 49 befriedigt
1004 1301 133 39 haben.
1176 1306 95 35 Eine
1300 1319 40 24 so
1371 1321 136 23 warme
1537 1311 106 34 Theil-

138 1357 137 35 nahme
303 1369 46 22 an
380 1357 99 35 allen
510 1358 232 45 Leistungen
787 1361 76 33 und
892 1373 68 22 vor
989 1362 123 36 Allem
1151 1367 83 33 eine
1263 1380 40 21 so
1332 1375 209 40 gespannte
1571 1373 69 32 Auf-

139 1416 270 35 merksamkeit
428 1417 77 34 und
524 1417 97 34 nach
644 1417 228 37 athemloser
900 1421 108 35 Stille
1036 1423 61 35 bei
1120 1425 128 45 jedem
1269 1428 109 35 Satze
1406 1441 59 22 am
1487 1431 176 35 Schlüsse

138 1478 92 34 stets
259 1489 41 23 so
329 1477 283 35 unwillkürlich
633 1477 302 38 ausbrechender
954 1484 149 44 Beifall,
1129 1487 70 34 wie
1228 1488 62 34 ihn
1322 1489 58 35 die
1411 1499 139 27 neunte
1578 1493 62 33 Sin-

140 1538 101 34 fonie
270 1538 219 42 hervorrief,
520 1549 77 22 war
625 1539 57 33 ein
714 1538 210 37 deutlicher
952 1543 159 45 Beweis,
1142 1546 85 35 dass
1257 1548 65 36 das
1352 1550 290 37 Concert-Publi-

140 1606 85 24 cum
254 1598 39 32 in
322 1597 100 35 Köln
453 1597 81 35 sich
562 1597 61 35 für
651 1597 64 35 das
745 1599 185 36 wahrhaft
959 1602 150 36 Schöne
1138 1607 77 34 und
1239 1608 137 36 Grosse
1396 1611 37 33 in
1457 1611 64 34 der
1541 1613 124 33 Kunst

138 1656 254 36 fortwährend
413 1669 47 23 zu
479 1658 212 45 begeistern
712 1670 165 37 vermag.
907 1663 62 44 Ja,
1001 1663 62 35 der
1093 1666 107 35 eine
1229 1668 238 44 Fortschritt,
1497 1671 165 36 nämlich

140 1714 59 37 die
228 1718 252 46 vorgerückte
508 1719 166 46 Bildung
703 1719 65 35 des
796 1722 295 36 musicalischen
1114 1726 136 36 Sinnes
1279 1729 50 33 im
1358 1741 154 34 grossen
1537 1731 105 34 Publi-

141 1789 99 32 cum,
270 1779 50 34 ist
349 1780 231 43 vorhanden,
610 1780 77 33 und
717 1780 122 35 dieser
866 1783 48 33 ist
943 1794 39 23 es
1010 1785 149 44 gerade,
1195 1788 165 35 welcher
1389 1790 68 33 den
1489 1791 174 43 anderen,

140 1837 65 35 der
232 1840 38 32 in
301 1840 63 34 der
391 1840 307 35 künstlerischen
717 1839 233 39 Production
980 1844 180 35 bestehen
1189 1847 83 44 soll,
1302 1849 130 46 Lügen
1461 1852 119 45 straft,
1610 1853 36 32 in-

140 1897 84 35 dem
254 1910 38 23 er
320 1900 80 35 sich
432 1900 64 35 das
526 1901 118 46 Neue,
688 1912 107 23 wenn
840 1914 39 24 es
920 1903 105 35 nicht
1069 1906 96 34 auch
1196 1908 175 46 zugleich
1412 1911 149 35 schön
1605 1913 58 41 ist,

141 1959 118 35 durch
300 1960 123 44 keine,
469 1962 36 32 in
549 1962 106 37 ihren
700 1963 269 35 wiederholten
999 1965 217 36 Versuchen
1246 1969 96 34 auch
1372 1971 98 34 noch
1499 1984 39 22 so
1568 1973 79 33 hart-

137 2020 163 47 näckige
320 2022 432 46 Zunftgenossenschaft
780 2024 77 34 und
885 2025 67 33 auf
973 2025 327 50 Gegenseitigkeit
1327 2031 229 46 begründete
1579 2034 65 33 Ver-

140 2082 478 46 sicherungs-Compagnie
661 2085 215 45 octroyiren
914 2085 105 38 lässt.
1076 2088 118 35 Jener
1222 2090 240 48 Fortschritt,
1492 2093 64 34 der
1584 2095 80 33 sich

136 2143 40 33 in
206 2143 64 33 der
299 2143 354 46 Empfänglichkeit
681 2145 60 33 für
771 2145 58 33 die
860 2146 202 35 Tonkunst
1103 2149 77 34 und
1217 2152 38 32 in
1286 2152 64 33 der
1385 2153 278 44 unbewussten,

138 2203 65 33 das
232 2203 118 35 heisst
378 2204 106 33 nicht
513 2203 117 34 durch
660 2204 286 36 musicalisches
970 2208 36 33 \\
1019 2208 98 35 issen
1150 2211 75 33 und
1247 2212 163 34 Können
1440 2217 204 32 unterstütz-

135 2268 74 37 ten,
240 2263 162 35 sondern
432 2263 238 34 natürlichen
693 2264 233 48 Auffassung
953 2279 150 34 grosser
1122 2272 214 35 Tonwerke
1366 2276 74 33 und
1464 2276 63 33 des
1547 2276 118 34 Edlen

136 2324 77 33 und
244 2323 278 43 Gehaltvollen,
565 2325 68 32 mit
660 2324 135 34 Einem
827 2326 142 48 Worte,
1013 2329 63 35 des
1119 2331 176 35 Schönen
1339 2335 39 34 in
1421 2335 63 35 der
1526 2336 140 44 Musik,

140 2390 159 40 äussert,
343 2388 48 34 ist
418 2387 101 35 wohl
550 2399 45 23 zu
625 2389 290 36 unterscheiden
957 2404 74 22 von
1076 2394 64 34 der
1168 2396 277 37 Kennerschaft
1472 2400 39 33 in
1540 2401 128 45 Bezug

138 2448 68 33 auf
230 2447 59 34 die
317 2448 264 45 Ausführung.
614 2448 192 35 Während
835 2450 61 34 bei
926 2451 121 36 dieser
1075 2454 138 36 letzten
1242 2469 72 22 nur
1342 2459 58 34 die
1428 2472 147 33 genaue
1597 2462 46 33 Be-

136 2509 247 34 kanntschaft
413 2510 67 32 mit
506 2509 68 34 den
606 2510 247 35 technischen
877 2514 305 36 Erfordernissen
1213 2518 63 34 des
1309 2519 252 48 Vortrages
1592 2523 74 33 und

136 2571 84 33 eine
243 2570 191 45 vielseitig
461 2570 77 34 und
568 2570 116 34 durch
716 2570 65 35 das
804 2572 129 35 Hören
964 2574 63 35 des
1047 2576 138 35 Besten
1206 2580 174 44 geprüfte
1399 2581 268 36 Urtheilskraft

136 2643 47 22 zu
211 2630 183 46 richtiger
423 2631 239 45 Würdigung
690 2631 217 48 befähigen,
947 2635 113 34 wirkt
1098 2636 169 47 dagegen
1305 2639 63 35 der
1396 2640 165 37 Inhalt
1603 2643 64 33 der

136 2691 141 35 Werke
301 2691 63 34 der
385 2690 202 35 Tonkunst
615 2692 68 33 auf
707 2692 72 35 den
803 2695 180 44 Zuhörer,
1015 2698 98 33 auch
1143 2698 96 35 ohne
1263 2701 89 43 jene
1375 2702 265 46 Vorbedingun-

134 2764 73 34 gen
239 2752 203 35 kritischer
472 2752 248 47 Auffassung,
769 2754 114 35 allein
926 2756 116 36 durch
1088 2758 69 34 den
1200 2761 89 33 Reiz
1334 2761 64 35 des
1427 2762 120 35 Ohres
1588 2764 76 34 und

136 2812 117 36 durch
288 2813 117 44 jenen
449 2811 272 35 wunderbaren
750 2815 332 49 Zusammenhang
1126 2818 64 36 des
1220 2820 221 35 Sinnlichen
1478 2824 67 33 mit
1580 2823 82 34 dem

138 2874 196 45 Geistigen
378 2874 52 32 im
460 2872 208 35 Menschen
712 2875 68 33 auf
817 2886 40 24 so
900 2878 223 45 zwingende
1154 2880 139 44 Weise,
1338 2881 84 35 dass
1452 2894 38 23 er
1519 2885 53 32 oft
1599 2884 65 34 der

138 2935 346 45 Composition
514 2945 130 34 wegen
676 2935 58 33 die
763 2935 258 47 mangelhafte
1052 2938 88 35 oder
1169 2942 228 45 wenigstens
1428 2944 69 33 den
1528 2944 114 34 Forde-

137 3006 146 35 rungen
314 2996 64 33 der
407 2994 174 35 Technik
609 2996 106 33 nicht
741 3008 97 34 ganz
867 2999 226 46 genügende
1121 3001 313 49 Ausführung
1474 3005 191 35 übersieht

138 3056 78 34 und
244 3057 39 33 in
314 3055 130 35 lauten
472 3055 140 36 Beifall
653 3057 205 45 ausbricht,
902 3059 71 34 wie
1002 3060 68 35 wir
1108 3060 65 36 das
1202 3062 61 36 bei
1293 3064 68 34 den
1392 3065 248 35 Bühnen-Vor-

138 3116 215 47 stellungen
393 3118 81 34 hier
514 3118 76 33 und
619 3118 60 35 bei
707 3119 86 34 sehr
821 3119 125 36 vielen
975 3121 163 36 anderen
1169 3124 190 34 Theatern
1388 3126 128 47 häufig
1545 3127 96 34 wahr-

136 3177 161 35 nehmen
329 3178 166 35 können.

244 3239 73 34 Die
347 3244 179 30 neunte
557 3240 243 45 Sinfonie,
829 3241 145 36 welche
1004 3243 70 35 den
1102 3245 158 34 zweiten
1283 3246 109 35 Theil
1415 3248 64 34 des
1500 3248 141 35 Concer-

135 3303 56 30 tes
220 3311 59 22 am
307 3300 163 46 Dinstag
496 3300 122 47 füllte,
663 3301 194 36 entfaltete
886 3304 118 34 durch
1047 3305 83 34 eine
1169 3306 106 34 recht
1303 3312 89 40 gute
1421 3309 242 47 Aufführung

136 3360 139 35 einmal
304 3361 140 35 wieder
472 3361 58 34 die
559 3362 309 44 majestätischen
899 3364 229 48 Schwingen
1156 3366 99 35 ihres
1283 3368 220 47 prächtigen
1523 3370 139 47 Fluges

134 3422 39 33 in
202 3423 291 35 unerreichbare
522 3423 153 46 Höhen,
719 3423 122 35 wobei
870 3436 86 23 man
987 3436 70 24 nur
1084 3426 38 34 in
1152 3427 139 35 stillem
1323 3430 220 35 Entzücken
1575 3433 66 33 den-

135 3483 73 33 ken
237 3483 78 34 und
344 3483 149 35 danken
522 3482 123 34 kann:
677 3483 141 44 „Wohl
847 3484 133 46 denen,
1019 3486 59 34 die
1107 3487 88 45 ihm,
1226 3500 109 23 wenn
1364 3490 96 35 auch
1489 3502 71 23 nur
1587 3504 73 22 von

134 3543 94 44 fern,
257 3543 129 46 folgen
416 3544 152 35 können
598 3546 68 32 mit
695 3544 78 35 Ohr
799 3546 78 34 und
1118 3548 61 44 Ja,
1222 3550 38 32 in
1298 3549 82 35 dem
1410 3551 122 35 Einen
1563 3554 73 32 Aus-

134 3605 163 45 spruche
325 3606 65 34 hat
409 3606 165 34 Richard
595 3606 167 47 Wagner
784 3607 131 45 Recht,
946 3620 109 23 wenn
1086 3622 38 23 er
1153 3615 93 42 sagt,
1277 3622 39 23 er
1343 3611 126 36 könne
1498 3624 38 24 es
1559 3613 106 35 nicht

134 3666 139 44 fassen,
305 3666 84 35 dass
420 3667 57 33 die
508 3667 272 46 Componisten
811 3669 106 34 nicht
945 3670 193 44 einsähen,
1179 3672 84 35 dass
1293 3672 58 35 die
1380 3674 148 34 letzte
1558 3674 78 35 Sin-

135 3727 132 34 fonie
295 3727 138 36 bereits
462 3730 247 45 geschrieben
741 3730 68 35 ist!
867 3730 208 45 Wahrlich,
1115 3744 75 23 von
1218 3735 152 45 Anfang
1397 3734 56 36 bis
1483 3735 104 35 Ende
1616 3737 49 34 ist

137 3798 39 24 es
206 3789 59 33 die
292 3788 126 45 letzte,
463 3791 97 33 denn
605 3792 84 33 eine
729 3791 59 34 ihr
829 3791 177 35 ähnliche
1036 3793 93 34 wird
1159 3795 61 34 nie
1250 3795 137 34 wieder
1415 3796 246 45 geschrieben

136 3850 169 34 werden!
352 3851 84 34 Den
466 3862 164 23 neueren
661 3852 374 47 Kunstphilosophen
1069 3855 88 33 wird
1186 3855 148 36 solches
1364 3857 105 34 Wort
1497 3856 54 34 als
1582 3859 82 33 eine

136 3911 267 35 conservative
444 3913 177 33 Ketzerei
667 3925 120 33 gegen
834 3914 70 34 den
933 3914 228 35 Fortschritt
1203 3916 233 47 erscheinen,
1481 3917 96 34 denn
1610 3920 54 33 sie

134 3971 137 35 stellen
301 3973 59 34 die
390 3974 125 33 Kunst
545 3974 67 33 auf
635 3973 148 47 gleiche
814 3975 109 35 Linie
952 3976 68 34 mit
1048 3976 64 34 der
1140 3976 277 37 Wissenschaft
1444 3978 76 34 und
1550 3978 112 35 deren

136 4032 223 37 Resultaten
388 4036 61 33 für
477 4034 71 35 den
578 4034 136 36 Dienst
743 4035 63 35 des
835 4036 249 35 Praktischen
1114 4038 78 34 und
1222 4038 64 35 das
1316 4038 205 35 materielle
1552 4040 112 34 Wohl

138 4093 64 35 der
230 4095 252 36 Menschheit.
527 4097 82 34 Wir
637 4097 89 35 aber
754 4097 151 37 bleiben
935 4098 120 46 dabei,
1085 4099 86 35 dass
1201 4099 57 35 die
1289 4101 124 34 Kunst
1440 4099 80 35 ihre
1549 4099 87 35 Son-

1760 303 19 20 n
1794 292 167 36 enlauf
1971 295 118 36 bahn
2119 298 74 44 hat,
2221 311 70 25 nur
2319 304 66 33 mit
2413 304 81 35 dorn
2517 308 279 48 Unterschiede,
2827 313 84 35 dass
2930 315 63 35 der
3021 318 94 46 Tag
3144 319 118 37 dieser

1760 351 199 38 Laufbahn
2003 357 106 34 eine
2138 358 147 37 Reihe
2325 374 89 23 von
2445 365 396 42 Jahrhunderten
2878 374 62 47 ist,
2972 376 73 33 und
3074 388 40 23 so
3143 381 119 45 wenig

1760 412 69 33 wie
1858 412 60 35 die
1943 414 282 47 Photographie
2253 419 75 35 und
2357 421 63 34 der
2448 423 268 38 Farbendruck
2746 430 108 36 einen
2883 433 227 37 Portschritt
3135 437 39 35 in
3203 438 63 36 der

1759 470 156 37 Malerei
1940 473 215 45 bekunden,
2201 478 89 34 oder
2329 480 116 36 durch
2488 483 68 34 den
2600 484 248 41 elektrischen
2878 493 263 47 Telegraphen
3184 498 80 34 dem

1760 530 119 35 Genie
1906 532 188 36 schneller
2121 536 75 35 und
2224 538 223 36 reichlicher
2466 541 248 40 dichterische
2735 548 158 38 Funken
2921 554 228 45 entsprühen
3176 568 67 24 wer-

1759 590 82 44 den,
1873 591 94 35 eben
1996 604 41 24 so
2067 596 122 46 wenig
2217 599 146 34 werden
2394 600 58 34 die
2479 601 202 37 raffinirten
2702 607 207 37 Theorieen
2939 623 86 24 vom
3054 614 212 45 objectiven

1760 648 147 37 Inhalte
1948 651 63 34 des
2053 654 289 37 musicalischen
2386 658 271 40 Kunstwerkes
2699 671 113 30 etwas
2852 680 195 37 erzeugen,
3091 673 65 36 das
3198 676 67 36 den

1763 708 161 37 VVeiken
1954 712 64 34 der
2045 713 168 37 Musiker
2240 728 72 23 von
2344 719 131 36 Gottes
2504 722 156 35 Gnaden
2704 727 96 34 auch
2843 739 71 25 nur
2950 743 74 24 von
3068 736 78 34 fern
3175 738 69 34 ähn-

1761 767 75 35 licli
1865 774 110 32 wäre.

1863 830 43 33 In
1949 831 62 34 der
2055 836 172 43 präcisen
2264 839 75 33 und
2375 840 309 47 schwungvollen
2715 846 246 50 Ausführung
3001 854 143 45 zeigten
3188 859 78 33 sich

1760 887 100 35 Chor
1888 889 75 35 und
1992 891 200 38 Orchester
2220 897 242 48 vortrefflich,
2492 901 74 33 und
2596 902 97 34 auch
2723 903 63 36 das
2807 906 280 46 Solo-Quartett
3168 913 96 36 Frau

1760 948 434 52 Zademak-Doria,
2244 957 175 35 Fräulein
2461 959 248 46 Assmann,
2758 963 59 36 die
2845 967 144 35 Herren
3022 972 56 34 W.
3109 973 152 36 Bitter

1759 1007 76 35 und
1865 1009 229 48 Schelper
2137 1013 189 45 (letzterer
2367 1029 86 23 vom
2499 1020 168 47 hiesigen
2709 1023 359 49 Opern-Personale)
3175 1034 93 36 löste

1760 1068 103 33 seine
1882 1070 174 45 Aufgabe
2079 1072 267 50 befriedigend,
2376 1089 105 24 wenn
2511 1081 95 33 auch
2635 1082 58 35 die
2721 1082 188 40 bekannte
2930 1089 137 48 Klippe
3090 1093 63 34 der
3174 1095 76 34 vier-

1759 1127 216 47 stimmigen
2004 1131 150 35 Cadenz
2193 1134 106 35 nicht
2339 1137 69 33 mit
2433 1148 95 35 ganz
2556 1138 190 47 gleichem
2775 1145 278 50 Ruderschlage
3082 1152 187 36 umschifft

1760 1188 140 38 wurde.
1928 1190 85 33 Den
2043 1193 99 33 Clior
2169 1195 151 33 müssen
2348 1198 67 33 wir
2443 1198 89 34 aber
2561 1199 202 38 besonders
2793 1207 261 38 auszeichnen.
3083 1212 70 33 Mit
3182 1214 66 33 Ver-

1759 1250 153 43 gnügen
1934 1249 217 37 bemerkten
2174 1255 76 41 wir,
2281 1254 85 35 dass
2385 1258 94 33 zwei
2499 1269 71 23 von
2592 1270 160 26 unseren
2773 1263 341 49 Solosängerinnen
3139 1273 109 38 (Fräu-

1759 1306 76 35 lein
1863 1308 283 50 Rothenberger
2173 1312 77 35 und
2278 1314 177 36 Fräulein
2484 1317 183 49 Rempel),
2711 1321 112 37 deren
2866 1326 83 35 eine
2992 1330 114 36 schon
3149 1333 122 45 längst

1760 1368 103 36 eines
1883 1371 87 34 weit
1989 1372 247 35 verbreiteten
2258 1374 115 36 Rufes
2400 1377 178 46 geniesst,
2608 1381 177 35 während
2814 1383 59 36 die
2899 1387 136 37 andere
3062 1391 79 34 ihre
3162 1394 87 34 Lauf-

1760 1428 98 35 bahn
1886 1430 128 37 diesen
2045 1434 146 34 Winter
2219 1435 66 33 mit
2312 1435 130 47 Erfolg
2484 1437 197 48 begonnen
2724 1443 74 45 hat,
2842 1444 58 37 die
2928 1448 144 37 Reihen
3113 1452 63 34 des
3205 1453 43 35 So-

1759 1501 113 33 prans
1900 1493 35 33 in
1967 1491 65 36 der
2051 1494 169 34 Sinfonie
2249 1495 235 36 verstärkten
2513 1499 78 34 und
2620 1500 162 37 dadurch
2808 1505 110 36 einen
2937 1508 165 37 schönen
3125 1513 144 35 Beweis

1759 1551 99 34 ihrer
1886 1553 134 34 echten
2050 1555 223 35 Kunstliebe
2301 1556 134 46 gaben.
2914 1568 7 12 •

1863 1615 74 33 Zur
1965 1615 207 47 Eröffnung
2202 1616 63 35 des
2297 1617 201 38 Concertes
2542 1620 131 36 hörten
2704 1623 67 35 wir
2810 1626 58 34 die
2909 1628 127 35 früher
3064 1632 113 34 schon
3208 1635 65 34 mit

1761 1672 136 35 Beifall
1917 1675 314 46 aufgenommene
2251 1677 270 36 Ouvertüre
2550 1691 46 22 zu
2629 1682 142 45 „Maria
2972 1700 71 22 von
3074 1691 40 34 C.
3148 1692 101 35 Vier-

1760 1730 100 48 ling
1901 1734 76 34 und
2018 1735 65 33 das
2125 1735 54 34 Vi
2191 1748 19 21 o
2221 1735 11 34 1
2244 1736 107 35 in-C
2365 1748 83 24 onc
2460 1750 47 22 er
2518 1745 13 28 t
2573 1740 62 36 Nr.
2666 1739 21 37 9
2716 1743 13 44 (
2733 1742 160 50 D-moll)
2922 1758 72 24 von
3024 1749 40 36 L.
3095 1750 176 49 Spohr,

1761 1792 163 37 welches
1952 1795 98 34 Herr
2079 1796 315 36 Concertmeister
2423 1799 150 48 Georg
2601 1801 159 47 Japha
2794 1806 86 35 sehr
2908 1806 150 49 elegant
3086 1813 74 33 und
3190 1824 63 24 aus-

1761 1852 219 37 drucksvoll
2008 1863 169 39 vortrug,
2220 1869 40 22 so
2302 1857 84 36 dass
2428 1870 38 23 er
2507 1861 96 34 nach
2627 1862 127 45 jedem
2784 1865 122 48 Satze,
2947 1869 201 38 besonders
3177 1875 96 33 nach

1761 1914 83 35 dem
1887 1917 67 33 mit
1994 1918 180 34 reinstem
2202 1919 105 35 Tone
2349 1919 75 35 und
2464 1921 167 47 innigem
2662 1924 161 37 Gefühle
2864 1929 208 46 gespielten
3114 1935 159 45 Adagio,

1761 1975 191 36 lebhaften
1982 1978 137 34 Beifall
2149 1980 220 46 davontrug.

1866 2037 100 33 Frau
1996 2037 413 37 Zademak-Doria
2451 2042 158 35 erfreute
2652 2056 68 24 uns
2760 2048 50 33 im
2848 2055 123 29 ersten
3000 2053 130 35 Theile
3160 2055 113 34 durch

1763 2096 70 34 den
1864 2097 163 47 Vortrag
2065 2111 72 22 von
2184 2100 163 34 Weber
2351 2099 7 12 1
2370 2112 16 23 s
2417 2101 227 45 „Glöcklein
2673 2106 51 34 im
2926 2112 76 35 und
3034 2114 161 45 „Ocean,
3226 2116 47 33 du

2055 2160 67 32 Bei
2151 2160 64 34 der
2243 2164 120 30 ersten
2394 2161 190 36 Romanze
2615 2165 130 34 schien
2774 2168 64 35 der
2856 2170 212 38 Tonansatz
3091 2176 180 46 Anfangs,

1763 2216 69 34 wie
1874 2218 64 33 das
1982 2218 96 33 öfter
2114 2218 61 35 bei
2205 2219 118 35 dieser
2366 2222 242 43 geschätzten
2640 2226 182 47 Sängerin
2854 2230 63 36 der
2945 2233 83 34 Fall
3055 2236 58 41 ist,
3159 2236 116 34 durch

1763 2276 83 34 eine
1874 2278 158 44 gewisse
2060 2279 286 45 Befangenheit,
2384 2280 111 35 deren
2525 2284 53 33 sie
2606 2286 79 33 sich
2716 2288 146 36 schwer
2889 2294 243 46 entschlagen
3164 2296 110 44 kann,

1763 2340 115 31 etwas
1907 2338 305 46 unzuverlässig;
2255 2339 95 34 doch
2392 2352 77 23 war
2512 2342 63 35 der
2605 2345 250 49 Vortrag-im
2885 2352 152 35 Ganzen
3067 2356 106 46 innig
3201 2357 75 35 und

1762 2396 282 47 ungekünstelt.
2099 2399 238 35 Vortrefflich
2379 2413 92 35 sang
2505 2404 53 33 sie
2587 2405 58 35 die
2673 2418 128 34 grosse
2831 2411 120 35 Scene
2981 2425 65 23 aus
3079 2416 169 45 „Oberon
3257 2419 16 17 u

1763 2457 67 33 mit
1857 2457 84 34 dem
1968 2457 60 35 ihr
2055 2458 170 47 eigenen,
2253 2460 157 47 überall,
2450 2463 231 37 namentlich
2711 2468 97 34 auch
2836 2470 38 34 in
2904 2471 64 35 der
2996 2474 121 43 Höhe,
3149 2477 123 34 vollen

1763 2517 76 33 und
1867 2517 144 35 runden
2042 2519 117 43 Tone,
2202 2520 63 34 der
2307 2521 124 33 nichts
2460 2521 176 38 Scharfes
2676 2527 77 34 und
2780 2530 294 48 Angestrengtes
3117 2538 158 42 verräth,

1763 2577 76 34 und
1879 2579 68 34 mit
1987 2578 340 37 maasshaltendem
2365 2582 77 33 und
2484 2584 95 33 doch
2622 2584 388 42 leidenschaftlichem
3039 2596 233 42 Ausdrucke,

1764 2638 120 33 wofür
1911 2638 59 34 ihr
1998 2639 252 35 rauschender
2277 2640 169 46 Applaus
2477 2643 76 33 und
2581 2644 212 37 Hervorruf
2829 2662 46 22 zu
2906 2652 107 34 Theil
3053 2655 110 33 ward.
3214 2657 60 33 Sie

1762 2697 63 34 hat
1854 2710 69 23 uns
1947 2700 96 44 jetzt
2073 2700 138 35 wieder
2240 2702 205 47 verlassen,
2477 2714 62 23 um
2561 2704 63 35 der
2642 2707 213 49 Einladung
2875 2723 45 22 zu
2942 2714 101 34 einer
3061 2716 117 35 Reihe
3203 2730 69 21 von

1763 2757 213 35 Gastrollen
2005 2761 37 33 in
2071 2761 241 47 Königsberg
2342 2763 76 35 und
2446 2764 134 35 darauf
2605 2768 36 33 in
2670 2770 155 35 Breslau
2854 2784 45 22 zu
2927 2773 139 47 folgen.

2054 2991 179 70 Tages-
2277 2994 94 52 und
2400 2991 581 70 Unterhaltungs-Blatt.

1866 3128 205 37 ITlaiiiz.
2103 3132 75 33 Der
2200 3132 291 38 Gemeinderath
2521 3136 252 50 beschäftigte
2802 3142 80 34 sich
2911 3143 39 34 in
2980 3144 122 35 seiner
3121 3146 152 45 Sitzung

1761 3200 84 23 vom
1879 3188 31 38 1.
1940 3191 100 33 Meliz
2072 3192 66 33 mit
2167 3193 57 32 dei
2268 3213 12 13 -*
2297 3194 462 49 heater-Angelegenheit.
2816 3202 40 33 In
2888 3204 115 46 Folge
3033 3205 242 36 betreffender

1761 3251 278 36 Ausschreiben
2071 3252 117 35 haben
2219 3254 81 34 sich
2329 3255 93 34 zehn
2453 3257 199 35 Bewerber
2681 3272 62 22 um
2773 3262 59 34 die
2861 3263 162 48 Leitung
3053 3266 62 34 des
3144 3267 110 34 städti-

1760 3311 116 34 schen
1906 3312 181 36 Theaters
2128 3314 199 44 gemeldet,
2373 3317 76 33 und
2492 3324 109 29 unter
2628 3320 127 35 diesen
2792 3322 162 36 befindet
2983 3326 79 33 sich
3092 3327 95 34 auch
3216 3329 58 33 die

1760 3374 311 45 neugegründete
2100 3374 62 35 Th
2178 3381 75 28 eat
2266 3377 115 32 er-A
2394 3378 63 33 cti
2470 3390 52 22 en
2534 3379 58 35 -G
2604 3391 19 23 e
2635 3380 86 35 seil
2733 3392 45 24 sc
2790 3382 21 34 h
2825 3384 78 35 aft.
2933 3385 101 34 Nach
3065 3387 186 35 mehrstün-

1760 3433 105 46 diger
1891 3433 219 48 Berathung
2138 3435 193 36 beschloss
2362 3438 63 34 der
2454 3438 303 49 Gemeinderath,
2790 3451 207 38 genannter
3026 3447 250 36 Gesellschaft

1760 3494 65 34 das
1855 3495 163 36 Theater
2059 3498 67 33 auf
2164 3501 132 40 zwei,
2341 3510 96 34 resp.
2480 3501 110 34 fünf
2627 3503 118 34 Jahre
2771 3516 46 22 zu
2846 3505 227 44 überlassen,
3117 3509 75 34 und
3222 3521 35 22 er-

1760 3557 185 46 mächtigt
1986 3558 64 33 das
2094 3558 340 46 Theater-Comite,
2480 3563 67 32 mit
2587 3562 81 35 dem
2707 3567 302 42 provisorischen
3041 3570 235 34 Ausschusse

1760 3617 65 34 der
1854 3619 411 35 Actien-Gesellschaft
2306 3622 107 33 einen
2447 3623 157 45 Vertrag
2646 3626 68 32 auf
2746 3626 129 34 Grund
2918 3627 63 34 des
3023 3628 251 36 bestehender.

1768 3677 15 32 I
1798 3675 345 48 heater-Vertrages
2185 3679 317 36 abzuschliessen.
2560 3683 72 34 Die
2660 3683 107 35 Stadt
2795 3686 125 33 Mainz
2958 3689 170 44 gewährt
3167 3689 107 33 einen

1756 3737 213 44 jährlichen
2000 3739 189 35 Zuschuss
2232 3752 71 22 von
2351 3738 137 47 10,000
2519 3743 54 35 Fl.
2618 3741 120 47 (4400
2768 3745 55 34 Fl.
2855 3747 103 34 mehr
2985 3747 55 35 als
3070 3748 137 45 bisher)
3236 3751 34 31 in

1762 3799 63 34 der
1856 3800 136 42 Weise,
2037 3799 84 35 dass
2150 3800 65 34 der
2244 3802 158 46 Vertrag
2443 3814 73 23 von
2557 3803 135 35 beiden
2722 3805 126 35 Seiten
2889 3808 94 34 nach
3012 3809 93 32 zwei
3130 3808 142 34 Jahren

1760 3859 208 47 gekündigt
1992 3861 146 33 werden
2161 3860 99 34 kann
2287 3862 88 34 oder
2395 3864 215 34 ausserdem
2639 3865 87 34 fünf
2743 3866 117 35 Jahre
2889 3866 87 46 lang
3003 3866 119 46 gültig
3145 3866 125 36 bleibt.

1762 3921 71 34 Die
1862 3922 38 32 in
1930 3922 178 33 Aussicht
2137 3933 275 34 genommenen
2446 3924 330 48 Verbesserungen
2818 3927 102 33 sind:
2963 3927 57 33 die
3062 3927 92 33 feste
3199 3929 49 31 An-

1761 3981 165 47 stellung
1956 3983 102 33 eines
2087 3983 214 33 bewährten
2333 3984 316 45 Capellmeisters,
2681 3986 144 34 bessere
2856 3985 171 45 Stellung
3058 3986 73 33 und
3163 3986 81 33 Com-

1761 4040 192 48 pletirung
1994 4042 63 35 des
2087 4042 233 49 Orchesters,
2367 4044 215 35 bestimmte
2611 4046 307 45 Verwendungen
2961 4045 59 34 für
3058 4046 212 34 Bibliothek

1762 4102 77 34 und
1860 4103 227 47 Garderobe,
2118 4104 75 34 und
2218 4104 201 36 Contracte
2448 4106 69 34 mit
2544 4106 67 34 den
2643 4112 120 28 ersten
2785 4106 240 45 Mitgliedern
3050 4106 64 34 des
3133 4107 137 33 »Schau-
