3472 4409
1661 130 113 51 394

103 283 135 51 laven
276 282 47 51 in
366 279 196 60 bunten,
597 275 310 54 malerischen
936 274 253 52 Trachten.
1245 274 131 54 Alles
1419 274 57 52 ist
1517 292 165 33 enorm

101 362 191 57 theuer;
337 358 202 52 beinahe
583 358 33 50 4
656 357 71 51 Pf.
762 357 68 49 St.
870 354 205 52 braucht
1104 373 112 35 man
1241 355 191 69 täglich,
1475 373 80 32 um
1599 371 56 34 an-

101 441 180 67 ständig
309 458 57 32 zu
394 438 154 52 leben.

232 538 196 68 „Einige
458 540 132 64 Tage
624 536 121 52 nach
787 535 180 52 meiner
1385 532 205 51 schreibt
1620 535 62 49 M.

101 621 190 49 Ilauser
300 648 66 7 —
386 617 215 60 „machte
629 617 74 51 ich
734 616 92 51 den
855 616 363 52 verschiedenen
1246 613 407 68 Zeitungs-Redac-

102 707 165 43 teuren
281 698 224 69 Sydney's
527 697 155 51 meine
699 697 339 67 Aufwartung,
1061 695 96 52 und
1179 695 126 50 mein
1328 701 147 43 erster
1496 693 185 51 Besuch

102 781 96 66 galt
225 780 76 50 Mr
507 816 12 23 ,
549 778 109 50 dem
687 777 275 53 Redacteur
988 776 84 51 der

234 885 118 58 „Ein
378 885 393 69 palastähnliches
798 888 146 55 Haus,
973 884 46 49 in
1048 881 165 52 dessen
1232 881 324 69 Erdgeschoss
1579 882 102 51 eine

102 983 161 52 grosse
290 966 269 51 Druckerei
601 966 48 50 in
690 965 143 52 voller
868 963 268 68 Thätigkeit
1178 961 246 62 arbeitete,
1470 964 209 68 empfing

102 1046 140 51 mich.
271 1048 71 49 Im
372 1053 155 44 ersten
558 1046 143 51 Stock
732 1044 105 52 fand
868 1044 72 49 ich
971 1050 138 45 unter
1137 1043 363 52 verschiedenen
1531 1044 124 51 Schil-

102 1128 117 50 dern
249 1126 98 51 und
375 1128 264 50 Annoncen
668 1126 121 51 auch
820 1124 102 51 eine
953 1125 151 60 Tafel,
1148 1125 86 51 auf
1255 1124 85 51 der
1371 1125 85 50 mit
1484 1143 197 49 grossen

102 1208 306 50 Buchstaben
437 1225 59 33 zu
525 1209 124 49 lesen
679 1223 115 42 war,
826 1204 105 52 dass
959 1205 78 51 Mr
1260 1205 47 50 in
1338 1205 90 50 den
1451 1206 195 66 gewöhn-

103 1286 154 51 lichen
287 1285 442 53 Geschäftsstunden
773 1284 271 70 überhaupt
1084 1302 91 33 nur
1212 1284 124 51 dann
1364 1302 56 33 zu
1451 1285 230 67 sprechen

103 1368 83 59 sei,
216 1384 140 34 wenn
384 1384 108 34 man
521 1366 126 51 seine
675 1383 51 33 so
756 1365 168 51 höchst
952 1365 224 51 kostbare
1203 1365 103 51 Zeit
1343 1369 212 63 vergüte.
1597 1366 54 50 Je-

102 1448 231 50 dermann
362 1449 121 49 ohne
512 1445 310 52 Unterschied
850 1446 65 50 sei
943 1445 150 52 daher
1131 1446 315 68 angewiesen,
1489 1446 95 50 sich
1616 1464 60 33 an

102 1528 85 49 der
218 1529 138 49 Gasse
384 1528 62 49 im
477 1526 304 52 Wartesaale
811 1526 103 51 eine
943 1525 316 70 Sprechkarte
1288 1544 53 31 zu
1373 1526 144 51 lösen.
1555 1528 122 48 Eine

101 1608 180 50 Stunde
308 1608 133 59 zehn,
482 1608 75 49 ein
586 1608 141 49 halbe
757 1608 132 49 sechs
926 1606 98 51 und
1065 1608 101 50 eine
1198 1606 348 51 Viertelstunde
1575 1606 99 51 drei

101 1686 265 68 Schillinge.
397 1688 80 49 Ich
505 1694 95 44 trat
628 1686 45 51 in
704 1686 90 51 den
823 1686 294 61 Wartesaal,
1146 1686 160 51 kaufte
1336 1686 91 50 mir
1457 1686 76 51 bei
1566 1684 108 52 dem

99 1766 385 52 rothbefrackten
499 1766 383 69 Austral-Neger
903 1766 103 51 eine
1023 1765 180 52 Stunde
1218 1766 103 51 Zeit
1341 1766 150 51 seines
1514 1768 162 49 Herrn

99 1845 96 52 und
237 1854 92 43 trat
372 1846 249 69 neugierig
663 1848 46 49 in
753 1846 82 51 das
864 1846 377 69 Sprechzimmer
1269 1846 149 51 dieses
1447 1848 199 67 uneigen-

98 1928 219 67 nützigen
345 1928 332 51 Journalisten.
726 1929 170 50 Dieser
933 1928 143 51 nahm
1108 1928 123 51 mich
1260 1928 109 51 sehr
1397 1926 277 54 verdrossen

101 2008 97 49 und
225 2008 219 68 schläfrig
473 2008 93 51 auf.
624 2009 76 50 Sie
742 2008 103 51 sind
886 2008 182 51 Artist?
1112 2008 223 51 kommen
1378 2009 168 67 gewiss
1590 2025 84 35 aus

98 2089 212 67 Europa,
339 2089 172 50 wollen
540 2088 103 51 hier
671 2088 119 51 Geld
820 2088 234 51 machen?
1085 2088 165 51 Dieses
1273 2107 161 33 waren
1457 2089 75 51 die
1556 2090 90 50 Fra-

102 2186 107 48 gen,
233 2168 72 49 die
329 2184 52 33 er
404 2186 60 33 an
486 2168 123 49 mich
633 2168 212 59 richtete,
867 2166 97 53 und
985 2186 127 33 zwar
1134 2168 46 51 in
1202 2168 127 51 nicht
1352 2169 109 50 sehr
1484 2168 162 51 freund-

102 2248 168 49 lichem
300 2250 146 50 Tone.
488 2249 113 48 Erst
632 2249 64 50 als
726 2266 52 33 er
806 2248 180 61 erfuhr,
1015 2248 106 52 dass
1148 2248 75 51 ich
1253 2264 85 35 aus
1368 2248 309 52 Südamerica

103 2328 98 49 und
224 2329 284 50 Californien
531 2328 207 61 komme,
767 2329 252 50 erheiterte
1048 2329 95 50 sich
1174 2329 98 51 sein
1301 2329 146 51 fahles
1472 2330 205 60 Gesicht,

105 2408 96 49 und
229 2409 127 48 seine
384 2409 197 50 Stimme
613 2406 163 53 wurde
807 2408 329 52 freundlicher.
1171 2409 70 48 Er
1270 2409 152 67 fragte
1449 2410 141 59 mich,
1620 2428 56 32 zu

103 2487 210 50 welchen
343 2488 282 67 pecuniären
647 2487 424 68 Zugeständnissen
1099 2487 75 50 ich
1203 2488 123 49 mich
1358 2488 318 51 herbeilassen

102 2567 177 60 werde,
322 2584 137 35 wenn
501 2568 98 51 sein
629 2569 124 50 Blatt
789 2568 89 49 mir
919 2586 55 33 zu
1016 2568 154 51 einem
1209 2568 243 68 tüchtigen
1480 2569 196 69 Erfolge

102 2647 216 50 verhelfe.
364 2648 80 49 Ich
474 2647 267 60 erwiderte,
779 2647 221 52 verblüfft
1029 2647 119 52 über
1176 2647 126 52 diese
1331 2655 146 44 etwas
1508 2666 139 34 unver-

103 2728 205 49 schämte
334 2729 169 66 Frage,
533 2729 73 51 ich
632 2729 135 50 wolle
792 2728 120 51 mich
938 2729 167 66 gewiss
1127 2728 109 51 sehr
1258 2728 217 52 dankbar
1499 2730 175 66 zeigen.

105 2808 73 49 Da
207 2808 247 49 schüttelte
483 2824 52 35 er
563 2807 90 52 den
682 2808 132 67 Kopf
851 2808 98 49 und
988 2808 190 60 meinte,
1221 2808 82 51 das
1344 2809 64 50 sei
1438 2809 127 50 nicht
1595 2809 55 51 be-

105 2887 175 49 stimmt
309 2904 173 51 genug.
531 2888 83 51 Ich
657 2892 155 45 müsse
842 2888 121 49 mich
995 2904 211 50 genauer
1235 2889 84 48 mit
1347 2889 96 50 ihm
1474 2894 179 46 verstän-

103 2967 140 67 digen
276 2967 94 49 und
400 2968 102 49 eine
533 2967 195 68 gewisse
760 2968 195 49 Summe
985 2974 266 51 aussetzen;
1283 2967 122 50 denn
1435 2986 92 31 nur
1556 2968 125 51 dann

105 3047 60 49 sei
197 3047 125 49 mein
351 3047 166 67 Erfolg
546 3047 244 67 gesichert.
821 3047 81 49 Ich
925 3045 81 51 bat
1029 3064 80 32 um
1133 3047 153 67 einige
1310 3049 129 65 Tage
1462 3048 186 49 Bedenk-

103 3127 103 55 zeit,
235 3127 183 49 verliess
442 3125 158 51 diesen
626 3127 195 67 Tempel
845 3125 84 51 der
950 3127 473 67 Uneigennützigkeit
1452 3127 95 50 und
1576 3146 77 31 ver-

108 3208 132 65 fügte
271 3205 123 50 mich
422 3207 46 48 in
498 3205 74 51 die
601 3205 361 51 verschiedenen
986 3207 223 49 Bureaux
1232 3205 84 51 der
1340 3207 209 50 anderen
1574 3209 78 48 Zei-

103 3284 480 69 tungs-Redacteure,
614 3285 72 51 die
717 3287 89 49 mir
833 3285 127 51 nicht
988 3303 50 33 so
1062 3287 108 49 hart
1192 3287 81 49 das
1296 3288 183 49 scharfe
1502 3289 179 50 Messer

106 3382 59 33 an
193 3365 91 50 den
314 3367 116 48 Hals
459 3372 190 53 setzten,
679 3365 204 51 sondern
912 3367 121 49 mich
1056 3367 109 49 sehr
1190 3367 259 50 freundlich
1475 3368 173 51 aufnah-

108 3463 106 33 men
243 3445 96 50 und
370 3447 88 49 mir
488 3447 83 48 mit
599 3447 125 49 Rath
756 3445 97 50 und
882 3447 211 49 Thatan
1123 3447 74 50 die
1227 3447 142 50 Hand
1401 3448 187 68 gingen.

237 3556 137 57 „Miss
397 3557 176 66 Hayez,
595 3556 85 49 mit
701 3555 86 50 der
809 3555 71 49 ich
906 3555 181 50 überall
1110 3556 427 60 zusammentreffe,
1561 3556 120 51 wird

108 3633 101 50 hier
239 3636 61 48 im
331 3636 194 49 wahren
555 3636 144 49 Sinne
728 3635 80 50 des
840 3635 197 52 Wortes
1067 3636 84 48 mit
1181 3635 121 50 Gold
1341 3636 338 51 überschüttet.

111 3713 128 50 Ganz
270 3715 180 67 Sydney
479 3715 253 50 schwärmt
761 3716 79 48 für
868 3713 90 51 den
1001 3754 17 19 „
1041 3715 227 58 „irischen
1611 3715 68 68 (so

108 3798 148 45 nennt
285 3810 108 33 man
421 3795 63 49 sie
513 3793 138 68 hier),
691 3793 96 51 und
817 3795 86 49 seit
940 3793 84 51 der
1052 3793 315 69 Entdeckung
1397 3793 80 51 des
1508 3796 173 49 Goldes

108 3873 83 50 hat
214 3872 104 50 hier
339 3873 121 49 noch
482 3873 146 50 nichts
651 3875 136 49 einen
808 3873 366 51 fieberhafteren
1190 3875 362 49 Enthusiasmus
1574 3876 79 48 her-

107 3951 334 70 vorgebracht,
473 3952 65 48 als
567 3952 80 50 das
676 3953 246 51 Auftreten
952 3953 153 50 dieser
1133 3953 245 68 Sängerin.
1429 3955 64 48 So
1523 3953 67 50 oft
1618 3955 64 49 sie

108 4032 140 66 singt,
291 4031 57 49 ist
390 4030 83 50 das
502 4031 135 48 Haus
665 4047 49 33 so
745 4031 246 61 überfüllt,
1034 4032 106 50 dass
1168 4032 74 50 ich
1273 4033 82 49 für
1385 4031 124 51 mein
1540 4038 142 44 erstes

111 4112 203 51 Concert
355 4111 146 51 schon
539 4110 84 49 mit
665 4108 83 51 der
776 4112 155 50 Hälfte
962 4112 147 50 dieses
1137 4111 274 51 Publicums
1446 4111 237 52 zufrieden

110 4195 142 47 wäre.
295 4191 90 51 Die
419 4187 374 53 Concertkosten
821 4188 100 51 sind
950 4191 292 66 ungeheuer,
1287 4190 115 52 aber
1444 4190 121 50 auch
1609 4190 74 52 die

1759 274 383 69 Eintrittspreise.
2197 277 92 51 Die
2318 277 132 68 Loge
2493 274 153 52 kostet
2689 275 32 51 5
2754 274 68 52 Pf.
2860 275 86 61 St.,
2996 283 149 45 erster
3174 277 93 52 Sitz
3307 278 31 52 2

1757 355 70 50 Pf.
1860 355 66 50 St.
1956 354 97 51 und
2081 355 195 51 Eintritt
2309 352 62 66 %
2402 357 70 49 Pf.
2504 357 64 49 St.

1889 434 223 60 „Abends
2143 435 226 53 besuchte
2408 437 74 49 ich
2524 455 105 31 zum
2679 442 153 44 ersten
2860 437 127 51 Male
3031 435 83 53 das
3158 438 151 51 Schau-

1756 515 259 68 spielhaus;
2048 514 123 51 denn
2199 515 65 50 im
2286 517 336 67 Opernhause,
2651 533 75 33 wo
2747 517 112 51 Miss
2878 518 160 67 Hayez
3062 517 74 49 die
3158 519 184 51 Norma

1757 612 134 51 sang,
1923 613 100 33 war
2053 595 108 51 kein
2190 597 129 51 Platz
2347 615 59 31 zu
2435 597 171 51 haben.
2671 599 66 49 Es
2768 616 100 32 war
2897 597 178 68 gerade
3104 599 235 69 Sonntag,

1756 675 83 51 das
1869 677 135 49 Haus
2043 677 120 49 auch
2195 675 100 51 hier
2338 677 110 49 sehr
2491 679 107 59 voll,
2642 678 123 50 denn
2806 695 47 34 es
2896 678 183 60 wurde,
3122 679 89 50 wie
3255 679 84 51 der

1754 757 149 49 Zettel
1969 757 192 58 lautete,
2233 757 246 67 gegeben:
2552 758 364 67 Shakespeare's
2982 758 324 51 Meisterwerk
3328 780 11 30 :

1767 837 237 59 „Othello,
2030 836 84 50 der
2135 837 329 66 eifersüchtige
2487 838 158 58 Mohr,
2669 838 96 50 und
2788 838 72 51 die
2886 838 307 69 unschuldige
3219 841 89 49 Des-

2044 918 159 50 Schon
2233 917 103 51 eine
2360 916 180 50 Stunde
2563 935 83 31 vor
2669 918 85 51 der
2797 919 306 66 Vorstellung
3131 937 174 34 versam-

1754 998 115 50 melt
1896 998 96 50 sich
2023 997 102 51 hier
2148 997 81 49 das
2252 997 268 58 Publicum,
2551 997 135 49 theils
2716 1016 78 33 um
2827 1001 96 49 sich
2953 999 86 51 auf
3062 998 82 51 das
3174 1018 56 31 zu
3260 1018 50 32 er-

1756 1077 243 51 wartende
2022 1078 294 67 Vergnügen
2338 1077 86 51 der
2445 1078 239 66 Rührung
2713 1095 50 33 so
2794 1081 132 49 recht
2954 1079 296 51 vorbereiten
3280 1100 54 30 zu

1756 1158 205 60 können,
1990 1159 135 50 theils
2157 1177 79 31 um
2267 1158 108 50 dem
2406 1157 260 51 modernen
2698 1159 171 66 Spleen
2897 1180 57 30 zu
2984 1161 224 68 huldigen
3240 1162 95 49 und

1756 1238 73 51 bei
1855 1238 151 51 dieser
2030 1238 310 69 Gelegenheit
2368 1237 169 68 irgend
2566 1238 73 50 ein
2667 1239 266 66 politisches
2958 1241 116 50 oder
3095 1242 243 67 religiöses

1754 1319 210 68 Meeting
1994 1319 297 51 abzuhalten.
2347 1319 85 50 Als
2476 1318 73 50 ich
2590 1318 46 50 in
2676 1318 82 51 das
2788 1319 395 69 Schauspielhaus
3226 1328 109 54 trat,

1753 1399 85 50 sah
1862 1398 74 51 ich
1954 1401 134 48 einen
2105 1401 189 64 langen,
2318 1397 360 70 spindeldürren
2695 1399 257 51 Menschen
2968 1418 106 32 vom
3092 1402 216 51 Soufleur-

1753 1478 165 51 kasten
1947 1478 149 52 herab
2126 1479 47 50 in
2203 1495 353 50 unzwungener
2571 1479 61 50 W
2647 1478 93 50 eise
2765 1496 154 51 gegen
2949 1479 74 51 die
3053 1497 94 33 neu
3178 1482 131 67 einge-

1754 1559 160 50 führte
1946 1558 457 69 Goldgräber-Taxe
2446 1558 254 69 predigen;
2746 1559 119 50 auch
2897 1577 154 50 gegen
3081 1559 75 51 die
3187 1562 122 66 engli-

1749 1638 144 51 schen
1922 1639 314 51 Machthaber
2266 1638 227 51 donnerte
2525 1656 51 32 er
2605 1638 341 69 schonungslos
2991 1638 95 51 und

1749 1737 89 32 von
1867 1721 143 48 ihnen
2040 1719 72 50 die
2144 1718 405 69 augenblickliche
2578 1719 331 68 Vernichtung
2947 1719 79 50 des
3070 1721 264 49 russischen

1749 1801 215 51 Reiches.
1997 1801 207 51 Obwohl
2237 1817 51 33 er
2319 1801 110 49 sehr
2450 1799 85 50 viel
2558 1799 182 51 Unsinn
2768 1801 185 67 sprach,
2984 1801 196 51 horchte
3212 1801 120 51 doch

1750 1881 129 49 Alles
1909 1881 108 51 dem
2048 1879 240 51 eifernden
2318 1881 193 67 Apostel
2548 1881 46 48 in
2634 1881 287 49 athemloser
2952 1881 146 58 Stille,
3140 1881 96 49 und
3267 1882 66 50 als

1752 1977 52 33 er
1833 1979 105 31 zum
1969 1961 217 49 Schlüsse
2215 1961 121 49 noch
2368 1961 158 49 seinen
2557 1959 123 50 Hass
2711 1977 153 50 gegen
2895 1959 75 51 die
2999 1961 301 49 Branntwein-

1750 2047 158 43 steuer
1937 2039 313 61 schleuderte,
2288 2039 216 69 jubelten
2534 2039 74 50 die
2641 2041 249 51 Galerieen
2921 2041 74 49 ein
3026 2041 307 66 begeistertes

1752 2121 169 51 Bravo.

1884 2202 150 57 „Statt
2063 2199 84 51 der
2170 2201 360 66 gewöhnlichen
2547 2201 166 66 Logen
2737 2199 186 50 besteht
2947 2199 101 50 hier
3076 2199 85 50 der
3178 2199 156 53 Dress

1753 2279 155 53 cercle.
1937 2282 78 50 Da
2043 2281 55 49 ist
2128 2279 83 51 der
2242 2281 91 49 Sitz
2364 2279 84 50 der
2478 2279 153 50 feinen
2660 2279 161 59 Welt;
2855 2279 135 51 Hais
3018 2278 165 52 down!
3212 2279 121 51 wird

1753 2361 89 49 den
1872 2361 183 51 Leuten
2083 2361 276 67 zugerufen,
2401 2361 179 49 welche
2610 2377 264 50 vergessen,
2920 2360 74 50 die
3024 2362 130 47 Hüte
3186 2360 117 50 abzu-

1752 2441 218 51 nehmen.
2020 2441 90 51 Die
2139 2443 189 49 Damen
2371 2441 274 49 erscheinen
2675 2441 100 48 hier
2805 2441 47 49 in
2879 2441 197 49 weissen
3108 2440 224 50 Kleidern

1752 2521 95 49 und
1879 2521 274 68 prächtigen
2177 2523 249 56 Toiletten,
2459 2520 74 50 die
2557 2522 187 48 Herren
2774 2521 46 48 in
2843 2520 269 52 schwarzen
3136 2520 196 59 Fracks,

1752 2602 190 50 weisser
1974 2602 197 50 Cravate
2200 2601 98 51 und
2327 2600 370 50 Handschuhen.
2747 2601 92 48 Die
2868 2601 161 49 zweite
3060 2600 188 50 Galerie
3277 2601 56 49 ist

1752 2681 144 49 schon
1927 2681 333 67 unanständig,
2312 2680 58 50 da
2410 2680 119 50 wird
2567 2697 88 33 von
2686 2680 89 49 den
2807 2681 259 58 Matrosen,
3098 2680 235 49 Grisetten

1752 2761 97 49 und
1874 2761 363 49 Handwerkern
2260 2761 146 49 schon
2427 2761 154 66 tapfer
2605 2760 189 67 Brandy
2819 2760 290 67 getrunken;
3142 2760 74 48 die
3241 2761 59 48 Be-

1753 2841 169 49 sucher
1960 2841 84 49 der
2084 2841 171 49 dritten
2288 2841 188 49 Galerie
2506 2840 213 67 gleichen
2751 2840 116 49 aber
2896 2840 114 49 eher
3041 2840 128 48 einer
3198 2841 96 47 Räu-

1756 2920 259 61 berbande,
2039 2922 66 48 als
2128 2922 152 48 einem
2304 2921 261 49 civilisirten
2592 2920 496 49 Theater-Publicum.
3121 2920 87 48 Die
3231 2920 75 49 wil-

1757 2998 179 60 desten,
1965 3000 409 49 verkommensten
2406 2998 239 51 Gestalten
2672 2998 141 50 sitzen
2844 2997 122 60 dort,
2998 3000 180 48 Karten
3207 2998 97 66 spie-

1756 3078 123 63 lend,,
1933 3080 84 49 mit
2060 3078 395 51 leidenschaftlich
2516 3083 264 45 verzerrten
2832 3077 304 58 Gesichtern;
3193 3077 137 50 wilde

1756 3158 179 50 Flüche
1965 3158 95 50 und
2093 3158 327 50 kreischendes
2450 3157 250 51 Gelächter
2738 3157 350 67 durchdringen
3132 3157 74 50 die
3244 3175 89 33 von

1754 3237 450 52 Branntweindunst
2232 3245 259 61 verpestete
2514 3237 136 58 Luft;
2683 3255 137 32 wenn
2852 3237 114 51 aber
2995 3237 85 50 der
3103 3237 229 67 Vorhang

1754 3318 97 50 sich
1881 3318 184 60 erhebt,
2096 3317 115 51 wird
2244 3336 47 32 es
2321 3318 156 50 stiller.
2523 3320 120 64 Jago
2674 3325 94 42 trat
2797 3318 84 50 auf
2904 3318 82 50 mit
3014 3317 152 50 einem
3197 3317 113 50 hölli-

1756 3398 142 50 schen
1922 3398 386 68 Hohngelächter
2331 3398 98 50 und
2451 3398 211 50 wahrem
2686 3397 469 67 Hallunkengesicht,
3173 3397 160 50 wofür

1758 3495 51 33 er
1838 3480 144 48 schon
2012 3478 227 50 wüthend
2270 3477 268 69 applaudirt
2566 3477 180 51 wurde.

1889 3560 105 57 „Ich
2025 3558 124 51 habe
2180 3560 118 49 einst
2326 3560 45 48 in
2402 3558 94 51 San
2520 3558 249 50 Francisco
2799 3574 89 33 von
2918 3556 128 51 einer
3076 3556 254 51 deutschen

1756 3637 662 69 Schauspieler-Gesellschaft
2440 3637 75 50 die
2538 3636 194 51 Räuber
2755 3636 257 49 aufführen
3042 3636 161 58 sehen,
3234 3635 95 49 und

1757 3717 193 66 glaubte
1979 3716 197 60 damals,
2215 3717 82 50 das
2340 3717 64 51 sei
2444 3717 145 50 schon
2627 3716 82 51 das
2738 3716 213 49 Höchste
2990 3716 46 49 in
3066 3715 83 49 der
3179 3716 154 48 Kunst

1757 3796 80 49 des
1869 3798 469 58 Coulissenreissens;
2383 3798 113 66 jetzt
2535 3796 116 51 aber
2688 3796 120 67 gebe
2838 3796 71 49 ich
2942 3795 89 52 den
3061 3795 269 67 englischen

1757 3876 359 67 Schauspielern
2159 3876 92 51 den
2280 3877 206 67 Vorzug.
2543 3876 166 49 Einem
2742 3875 254 49 Tollhause
3039 3873 121 68 glich
3206 3872 124 51 diese

1757 3956 120 49 Insel
1909 3957 186 66 Cypern
2133 3957 123 50 wohl
2297 3957 130 59 eher,
2472 3957 66 50 als
2581 3956 130 49 einer
2740 3955 452 67 Schauspielbühne.
3240 3953 92 50 Die

1757 4035 148 50 sanfte
1923 4035 305 52 Desdemona
2256 4036 245 67 schimpfte
2524 4035 89 49 wie
2642 4035 74 49 ein
2747 4033 235 51 keifendes
3013 4032 317 51 Höckerweib

1758 4113 97 50 und
1881 4113 167 52 wurde
2090 4115 144 50 schon
2275 4116 65 49 im
2383 4115 171 49 dritten
2584 4115 118 49 Acte
2738 4131 89 33 von
2854 4113 152 50 ihrem
3037 4112 288 51 wüthenden

1759 4192 200 52 Gemahl
1989 4193 122 51 ohne
2142 4195 88 49 alle
2257 4192 257 52 Umstände
2544 4196 226 63 erwürgt.
2811 4192 166 51 Dieses
3006 4191 319 51 mörderische
