3472 4409
1671 121 113 54 395

113 282 293 66 Impromptu
431 277 206 69 geschah
668 274 247 70 eigentlich
945 290 91 34 nur
1064 288 82 33 zur
1168 270 268 69 Erhöhung
1465 270 80 51 des
1576 270 80 51 dra-

114 360 257 51 matischen
400 359 230 57 Effectes;
674 355 125 51 denn
826 353 304 52 Desdemona
1160 351 181 51 erholte
1370 351 98 51 sich
1508 350 177 52 wieder

110 458 51 33 so
203 440 126 59 weit,
378 457 80 32 um
503 456 105 33 zum
650 438 217 49 Schlüsse
910 433 82 49 des
1032 431 197 51 Stückes
1276 451 90 31 von
1409 431 108 51 dem
1562 431 99 51 blut-

110 519 344 51 schwitzenden
471 518 202 52 Mohren
689 517 46 49 in
752 515 73 50 die
849 514 132 50 Mitte
995 513 83 51 der
1093 513 168 51 Bühne
1289 513 272 67 geschleppt
1588 511 98 51 und

111 600 103 50 hier
237 607 139 43 unter
400 599 106 50 dem
529 594 287 55 wüthenden
842 594 219 50 Geschrei
1084 593 80 51 des
1190 593 351 68 Galeriepöbels
1564 591 120 51 nach

113 682 120 48 allen
283 680 180 66 Regeln
508 678 83 49 der
621 674 335 69 Würgekunst
1088 674 252 50 erdrosselt
1380 692 56 32 zu
1478 673 207 51 werden.

109 760 105 52 Nur
257 759 192 50 Othello
491 757 128 50 starb
664 755 160 50 seinen
866 754 195 67 eigenen
1103 754 270 66 tragischen
1403 751 119 60 Tod,
1572 751 117 51 aber

109 842 122 64 Jago
261 840 132 49 sollte
423 838 127 49 nicht
578 854 50 32 so
659 835 140 50 leicht
828 835 355 66 wegkommen;
1215 834 83 50 der
1326 834 137 50 rothe
1493 833 162 49 Scharf-

114 919 174 50 richter
318 919 186 50 machte
534 917 96 48 sich
661 914 118 51 über
823 915 78 50 ihn
945 915 101 60 her,
1096 914 97 50 und
1224 914 74 50 bei
1329 914 179 50 offener
1538 914 148 48 Scene

111 999 84 50 sah
226 1014 110 35 man
365 998 126 48 seine
520 995 235 51 schwarze
786 995 132 50 Seele
948 1012 82 32 zur
1058 994 139 50 Hölle
1229 994 178 48 fahren.

324 1078 92 57 „Es
459 1074 228 67 kündigte
735 1074 95 51 sich
881 1075 74 50 ein
1000 1073 336 51 französischer
1373 1072 313 52 Windbeutel

113 1159 84 48 mit
226 1173 194 51 grossen
448 1157 193 48 Lettern
684 1173 76 41 an,
804 1172 52 32 er
898 1155 124 50 hätte
1065 1154 145 50 schon
1252 1171 81 31 vor
1374 1153 180 49 Jahren
1599 1152 87 49 alle

114 1237 339 67 europäischen
495 1234 446 52 Clavier-Matadors
986 1234 181 66 besiegt
1210 1233 95 49 und
1343 1251 91 31 nur
1483 1233 84 48 mit
1605 1232 83 49 der

117 1317 156 49 linken
296 1315 143 51 Hand
470 1315 135 50 allein
636 1315 88 51 alle
754 1315 46 49 in
824 1314 74 51 die
920 1314 172 50 Flucht
1115 1314 306 66 geschlagen;
1453 1331 80 30 um
1564 1312 124 49 diese

117 1398 125 48 seine
273 1397 174 50 Worte
478 1397 82 49 mit
589 1395 83 51 der
701 1395 259 51 Wahrheit
988 1413 56 31 zu
1073 1394 193 66 siegeln,
1296 1393 200 49 druckte
1526 1409 51 32 er
1607 1392 53 50 be-

117 1477 229 66 stätigend
376 1477 180 49 Atteste
585 1475 76 51 bei
692 1493 89 32 von
801 1475 198 59 Berlioz,
1033 1473 206 52 Chelard
1273 1473 97 49 und
1394 1472 292 68 Meyerbeer.

117 1555 261 59 Vielleicht,
410 1555 166 51 dachte
605 1555 91 58 ich,
727 1555 80 50 hat
838 1555 155 50 Göthe
1023 1554 167 57 Recht,
1221 1552 84 50 der
1334 1553 59 49 da
1422 1558 132 61 sagt:
1585 1553 104 48 Nur

118 1635 73 51 die
219 1637 185 66 Lumpe
444 1635 101 50 sind
588 1634 306 51 bescheiden!
937 1634 150 50 zahlte
1131 1634 186 48 meinen
1357 1634 217 48 Ducaten
1625 1633 64 48 als

119 1717 368 66 Bewunderung
517 1717 63 48 im
609 1717 188 48 Voraus
828 1714 95 50 und
952 1715 112 66 ging
1098 1714 70 50 ins
1200 1714 214 48 Goncert.
1463 1712 71 50 Le
1559 1727 98 34 mon-

115 1793 129 53 sieur
263 1794 189 52 docteur
472 1794 57 51 de
548 1792 211 69 musique
779 1794 193 50 Horace
993 1790 164 54 Henri
1182 1792 271 50 Terneaurs
1472 1797 218 62 sprengte

119 1875 172 69 täglich
322 1877 120 48 hoch
471 1894 56 31 zu
557 1878 118 47 Ross
706 1893 58 32 an
795 1874 84 50 der
908 1874 124 50 Seite
1066 1874 153 50 seiner
1251 1873 157 49 Gattin
1439 1872 147 50 durch
1618 1870 73 51 die

122 1958 214 48 Strassen
367 1954 237 69 Sydney's,
636 1954 91 67 gab
753 1954 44 50 in
820 1955 174 49 seinem
1018 1954 141 48 Hotel
1183 1952 254 68 glänzende
1461 1950 230 68 Meetings

120 2035 98 51 und
241 2035 227 50 erreichte
492 2034 229 59 dadurch,
750 2034 104 50 dass
884 2051 109 33 man
1022 2034 95 48 sich
1148 2051 59 33 an
1230 2033 84 49 der
1338 2033 140 49 Gasse
1507 2049 81 32 um
1618 2032 73 49 die

120 2117 155 48 Plätze
307 2114 217 50 förmlich
553 2114 178 65 schlug.
767 2114 132 48 Nach
931 2113 129 48 einer
1089 2112 172 49 halben
1293 2112 177 49 Stunde
1500 2110 164 68 neugie-

122 2195 125 68 riger
275 2195 292 65 Erwartung
598 2193 209 49 erschien
839 2193 84 48 der
946 2193 240 56 Künstler,
1218 2192 101 49 eine
1351 2192 215 64 elegante
1596 2190 95 49 und

123 2277 260 66 imposante
414 2274 164 66 Figur,
617 2273 123 49 warf
763 2273 95 49 sich
889 2272 260 67 nachlässig
1177 2272 46 49 in
1253 2272 135 49 einen
1417 2270 277 51 Lehnsessel

124 2354 95 50 und
250 2353 291 67 lorgnettirte
571 2353 81 49 das
683 2352 262 49 Publicum.
997 2352 205 48 Hierauf
1225 2349 212 51 erschien
1469 2350 43 49 in
1544 2350 120 66 phan-

123 2434 268 51 tastischem
430 2434 221 50 Costume
701 2433 73 48 ein
821 2430 233 51 indischer
1094 2432 177 49 Groom
1318 2430 84 49 mit
1442 2429 251 50 silbernem

123 2513 203 58 Becken,
369 2512 97 49 und
505 2512 83 49 der
616 2512 226 48 Künstler
884 2510 158 50 wusch
1084 2510 84 50 mit
1210 2510 241 66 eleganter
1474 2509 189 50 Noncha-

124 2596 132 48 lance
285 2611 82 32 vor
397 2592 89 49 den
508 2593 172 66 Augen
703 2590 365 51 desPublicums
1089 2589 127 50 seine
1239 2588 192 58 Hände;
1455 2588 125 49 dann
1609 2606 86 48 zog

125 2691 50 33 er
205 2674 73 49 ein
311 2672 259 49 Batisttuch
612 2688 82 32 aus
724 2670 151 50 seiner
908 2670 195 59 Tasche,
1133 2669 80 50 lud
1243 2669 100 50 aufs
1374 2669 189 66 artigste
1594 2668 101 49 eine

130 2756 149 47 Dame
304 2770 83 33 aus
410 2750 108 51 dem
541 2750 155 51 Dress
724 2749 143 51 cercle
894 2768 54 31 zu
971 2749 112 59 sich,
1115 2749 81 50 bat
1216 2749 144 59 selbe,
1390 2748 125 49 seine
1538 2748 158 48 rechte

127 2833 142 51 Hand
298 2833 84 48 mit
411 2832 107 49 dem
550 2832 160 48 Tuche
741 2848 58 32 an
829 2829 90 51 den
951 2830 151 49 Sessel
1131 2847 56 32 zu
1218 2828 191 58 binden,
1439 2828 97 49 und
1567 2828 96 49 wäh-

127 2912 115 49 rend
274 2910 74 51 die
377 2913 171 56 Dame,
593 2908 255 52 erröthend
877 2909 120 50 über
1026 2908 124 51 diese
1182 2908 377 65 Auszeichnung,
1597 2907 102 48 ihre

125 2992 192 51 Mission
359 2989 267 68 beendigte,
670 2989 188 68 begann
908 2988 84 49 der
1022 2989 218 50 Virtuose
1284 2987 83 49 mit
1409 2987 83 48 der
1543 2985 155 50 linken

128 3072 142 49 Hand
293 3072 135 48 einen
452 3071 194 48 wahren
672 3069 391 57 Teufelsmarsch,
1094 3069 82 49 mit
1206 3068 104 50 dem
1342 3084 51 32 er
1421 3067 85 49 auf
1527 3067 169 48 einmal

127 3151 73 49 die
226 3152 150 47 Gunst
400 3149 92 49 und
515 3147 369 66 Bewunderung
906 3148 79 48 des
1008 3148 271 48 Publicum*
1303 3149 261 46 erstürmte.
1596 3143 67 49 Ob-

129 3231 126 49 wohl
287 3247 50 32 er
367 3228 137 51 dabei
547 3243 50 33 so
626 3228 85 48 viel
750 3228 66 48 als
854 3227 204 66 möglich
1097 3227 81 48 mit
1211 3225 137 50 Hand
1381 3224 94 50 und
1517 3225 179 49 Füssen

129 3311 106 48 dem
266 3314 145 63 guten
443 3305 288 51 Geschmack
760 3305 69 50 ins
861 3305 186 49 Gesicht
1075 3304 181 66 schlug,
1300 3303 146 66 zeigte
1488 3319 51 32 er
1577 3302 117 49 doch

129 3391 103 49 eine
263 3388 152 58 Kraft,
448 3384 315 68 Geläufigkeit
804 3383 95 51 und
931 3384 232 57 Reinheit,
1207 3383 73 49 die
1324 3382 281 49 bewundert
1642 3399 54 32 zu

130 3468 192 51 werden
350 3467 285 49 verdienten.
665 3463 241 51 Nachdem
939 3481 51 31 er
1019 3463 213 49 lärmend
1262 3463 196 67 gerufen
1487 3460 96 51 und
1614 3462 84 49 mit

132 3551 199 48 Blumen
362 3545 240 51 beworfen
632 3543 210 60 worden,
875 3544 158 48 führte
1063 3561 52 30 er
1144 3543 124 48 seine
1299 3544 152 47 Dame
1482 3558 95 32 vor.

263 3628 182 57 „Diese,
477 3626 101 48 eine
600 3623 220 51 schlanke
847 3623 164 49 Grazie
1039 3623 44 47 in
1108 3622 238 49 reizender
1370 3622 215 56 Toilette,
1615 3619 54 50 be-

130 3707 221 51 zauberte
382 3706 133 48 mehr
545 3703 147 50 durch
722 3702 89 49 den
843 3700 348 51 wunderbaren
1216 3702 143 48 Glanz
1380 3700 128 49 ihrer
1531 3698 168 49 beiden

133 3786 349 52 dunkelblauen
505 3784 188 65 Augen,
725 3783 65 48 als
814 3782 146 48 durch
984 3782 133 48 ihren
1143 3782 200 64 Gesang.
1374 3780 82 49 Als
1479 3780 64 49 sie
1568 3778 131 58 aber,

134 3867 148 51 durch
312 3862 415 54 enthusiastischen
758 3862 161 48 Beifall
965 3860 364 66 aufgemuntert,
1380 3859 74 50 ein
1493 3859 185 48 sittenlo-

133 3965 70 31 ses
233 3943 329 53 französisches
600 3942 117 49 Lied
755 3940 284 58 anstimmte,
1075 3939 135 50 stand
1239 3939 64 50 sie
1333 3939 88 48 wie
1453 3938 72 49 ein
1555 3937 121 67 gefal-

136 4028 127 48 lener
291 4026 168 53 Encel,
489 4023 114 51 aller
626 4020 307 51 ästhetischen
957 4019 164 50 Grazie
1145 4018 219 57 beraubt,
1395 4018 77 58 da,
1503 4017 96 49 und
1629 4017 72 48 ich

370 4069 26 23 P
450 4069 9 13 7

136 4107 172 49 konnte
339 4104 120 50 mich
490 4121 89 32 nur
608 4100 246 58 wundern,
884 4099 104 51 dass
1011 4099 72 48 ich
1107 4098 212 66 Anfangs
1343 4097 209 50 darüber
1582 4097 118 49 auch

133 4203 91 33 nur
254 4186 134 49 einen
420 4180 298 69 Augenblick
745 4179 210 51 zweifeln
985 4178 189 60 konnte,
1205 4175 226 54 worüber
1454 4175 73 51 die
1548 4177 154 48 Dame

1751 270 113 67 jetzt
1892 286 50 33 so
1976 267 227 68 freiwillig
2234 267 96 51 und
2360 267 130 52 frivol
2521 267 89 51 alle
2639 267 137 54 Welt
2805 266 251 52 aufklärte.
3096 262 140 52 Auch
3266 263 66 51 als

1758 348 224 51 Pianistin
2005 347 159 51 wollte
2193 347 64 50 sie
2286 347 281 51 bewundert
2593 347 116 60 sein,
2738 346 98 52 und
2860 346 152 69 gleich
3040 345 155 49 ihrem
3221 345 87 49 Gat-

1758 437 78 44 ten
1867 429 159 50 wusch
2057 429 83 58 sie,
2169 426 145 51 bevor
2341 429 64 49 sie
2433 429 97 49 sich
2554 445 82 34 ans
2659 429 146 50 Piano
2828 434 158 53 setzte,
3015 426 110 49 sehr
3155 425 183 67 graziös

1758 511 102 50 ihre
1890 509 183 52 Hände.
2128 509 83 49 Ich
2253 506 114 52 aber
2410 509 167 50 dachte
2621 526 60 33 an
2710 509 75 50 die
2814 507 131 69 Lady
2974 505 243 62 Macbeth,
3264 503 74 51 die

1759 590 259 68 vergebens
2042 590 100 49 ihre
2167 586 170 52 Hände
2360 589 132 48 weiss
2515 606 54 32 zu
2592 589 220 50 waschen
2835 587 180 61 suchte,
3033 585 97 52 und
3151 583 187 54 verliess

1760 677 264 61 genusssatt
2054 670 81 51 das

2092 922 911 75 Beurtheilungen.

1882 1065 150 50 Unter
2062 1063 108 49 dem
2201 1062 142 51 Titel:

1886 1144 353 52 Classisches
2288 1141 507 70 Sopran-Album.
2860 1141 175 59 Bach,
3083 1139 254 62 Händel,

2004 1223 194 59 Gluck,
2229 1223 218 68 Haydn,
2476 1223 236 58 Mozart,
2748 1220 350 51 Beethoven.
3129 1220 208 67 Leipzig,

2004 1304 175 66 Verlag
2208 1319 89 33 von
2328 1303 146 49 Adolf
2498 1300 296 70 Gumprecht
2822 1327 68 10 —•

1764 1385 150 66 liegen
1958 1400 86 33 uns
2088 1383 99 49 drei
2229 1383 142 50 Hefte
2413 1383 124 50 eines
2566 1383 379 50 Unternehmens
2994 1398 99 42 vor,
3138 1380 201 51 welches

1762 1465 96 48 sich
1887 1482 82 33 vor
1999 1463 207 50 anderen
2235 1463 248 49 ähnlichen
2509 1463 47 49 in
2584 1461 249 51 vielfacher
2855 1460 219 51 Hinsicht
3101 1460 109 51 sehr
3232 1478 79 33 vor-

1762 1544 216 50 theilhaft
2020 1543 295 51 auszeichnet
2357 1541 96 51 und
2496 1541 215 51 desshalb
2753 1540 268 67 vorzüglich
3065 1540 68 50 als
3163 1540 139 51 Weih-

1764 1623 397 68 nachtsgeschenk
2194 1623 80 49 für
2303 1623 326 67 Sängerinnen
2657 1621 96 50 und
2782 1619 558 70 Gesangesfreundinnen

1764 1723 56 31 zu
1850 1704 264 67 empfehlen
2152 1704 69 50 ist.

1887 1784 161 51 Wenn
2099 1801 110 31 man
2251 1781 75 50 die
2368 1781 168 50 höchst
2578 1781 213 68 elegante
2834 1781 313 67 Ausstattung
3189 1780 153 51 dieser

1768 1864 452 66 Arien-Sammlung
2259 1861 278 59 betrachtet,
2580 1879 131 50 gross
2742 1861 373 60 Folio-Format,
3159 1861 182 50 starkes

1766 1944 202 57 weisses,
1985 1943 231 51 satinirtes
2240 1940 547 69 Kupferdruck-Papier,
2811 1943 46 48 in
2872 1941 160 50 Metall
3057 1941 284 65 gestochene

1766 2025 172 57 Noten,
1961 2024 108 48 sehr
2091 2021 226 51 räumlich
2343 2021 195 67 spatiirt,
2568 2020 97 51 und
2688 2021 125 50 dann
2837 2020 232 68 gewahrt,
3101 2020 105 50 dass
3232 2038 109 33 man

1768 2104 101 48 hier
1897 2123 37 31 z.
1966 2104 50 48 B.
2048 2103 64 48 im
2142 2109 154 43 ersten
2326 2102 140 49 Hefte
2502 2102 139 48 zehn
2684 2102 148 49 Arien
2876 2100 87 50 für
3012 2100 67 50 15
3126 2100 185 50 Silber-

1769 2184 278 66 groschen
2088 2183 165 58 erhält,
2293 2199 50 32 so
2375 2198 125 32 muss
2531 2198 109 33 man
2678 2180 74 50 die
2780 2180 231 68 Verleger
3040 2179 84 50 der
3152 2180 193 50 Vorzeit

1770 2264 232 66 glücklich
2032 2263 200 66 preisen,
2277 2262 73 49 die
2392 2262 61 49 da
2495 2262 85 49 auf
2616 2278 198 50 grauem
2852 2260 116 50 oder
2996 2259 346 51 lichtbraunem

1769 2343 170 66 Papier
1969 2343 83 49 mit
2080 2342 317 66 schmutzigen
2422 2342 155 48 Noten
2610 2340 95 49 und
2735 2340 141 50 kaum
2907 2358 56 31 zu
2993 2339 351 51 entzifferndem

1770 2424 122 47 Text
1920 2422 237 50 dieselben
2185 2422 148 48 Arien
2376 2422 80 48 für
2498 2420 90 50 den
2631 2420 117 50 vier-
2778 2419 94 51 und
2907 2419 274 51 fünffachen
3210 2420 131 50 Preis

1768 2502 297 49 verkauften!

1887 2582 182 49 Nimmt
2098 2598 108 32 man
2235 2598 96 32 nun
2361 2580 120 50 noch
2512 2579 134 60 dazu,
2691 2579 104 50 dass
2832 2578 87 66 wi|
2950 2579 99 48 hier
3079 2579 103 48 eine
3213 2585 129 60 gute,

1769 2678 105 32 zum
1920 2660 131 50 Tlieil
2102 2659 215 51 revidirte
2359 2659 311 67 Einrichtung
2726 2656 84 50 der
2853 2658 493 68 Clävier-Begleitung

1771 2740 173 59 haben,
1995 2740 156 50 ferner
2199 2739 74 50 die
2316 2739 391 67 Original-Texte
2759 2737 240 68 (englisch,
3045 2738 299 59 französisch,

1770 2819 273 67 italiänisch)
2076 2820 84 50 mit
2187 2837 155 33 neuen
2364 2819 416 66 Uebersetzungen
2809 2819 68 47 ins
2902 2818 256 59 Deutsche,
3191 2818 155 49 ferner

1774 2907 81 59 gut
1898 2898 337 67 geschriebene
2277 2899 141 50 kurze
2446 2898 348 67 Biographieen
2839 2897 83 49 der
2965 2897 84 49 auf
3086 2897 106 49 dem
3224 2897 120 49 Titel

1774 2987 267 62 genannten
2080 2979 131 48 sechs
2240 2979 206 58 Meister,
2493 2979 118 50 dazu
2653 2978 143 49 deren
2825 2977 228 49 Portraits
3083 2978 84 48 auf
3190 2978 152 48 einem

1775 3058 368 52 Gesammtbilde
2187 3058 45 48 in
2274 3058 267 57 Stahlstich,
2587 3057 181 49 endlich
2799 3057 381 64 Erläuterungen
3224 3057 120 49 über

1773 3139 87 48 den
1891 3138 207 65 Vortrag
2128 3137 84 48 der
2242 3135 369 68 Gesangstücke,
2654 3153 50 32 so
2738 3152 124 32 muss
2893 3152 109 32 man
3031 3135 46 49 in
3107 3134 84 51 der
3222 3135 124 50 That

1774 3218 117 49 über
1920 3215 90 51 den
2038 3217 137 48 Muth
2204 3215 79 50 des
2314 3217 250 66 Verlegers
2593 3222 268 52 erstaunen,
2891 3214 84 50 der
3004 3215 103 49 eine
3135 3232 50 32 so
3218 3215 100 50 kost-

1771 3297 191 67 spielige
1992 3294 225 67 Ausgabe
2246 3313 55 31 zu
2338 3312 49 32 so
2432 3294 282 50 wohlfeilem
2745 3294 159 50 Preise
2942 3294 300 50 veranstaltet
3281 3294 64 48 im

1773 3378 266 49 Vertrauen
2090 3375 85 50 auf
2230 3375 73 49 die
2359 3374 296 51 bedeutende
2701 3374 319 66 Verbreitung
3077 3373 260 51 derselben.

1775 3455 111 51 Wir
1915 3454 152 66 hegen
2093 3454 171 66 jedoch
2296 3453 72 51 die
2401 3454 111 50 feste
2535 3453 395 66 Ueberzeugung,
2952 3452 106 50 dass
3087 3453 80 48 ihn
3198 3452 148 50 dieses

1775 3537 263 48 Vertrauen
2062 3534 126 50 nicht
2215 3534 222 50 täuschen
2460 3533 142 58 wird;
2634 3533 83 49 der
2745 3533 285 49 Reichthum
3062 3532 80 49 des
3171 3533 176 49 Inhalts

1775 3615 83 50 der
1888 3615 296 65 Sammlung,
2215 3613 72 49 die
2315 3613 358 66 zweckmässige
2705 3612 226 49 Auswahl
2963 3610 96 51 und
3098 3612 74 49 die
3204 3629 115 50 ange-

1775 3694 213 67 gebenen
2018 3695 218 64 Vorzüge
2267 3693 190 49 werden
2489 3692 180 49 überall
2701 3692 264 49 anerkannt
2992 3692 208 49 werden.

1896 3775 96 47 Das
2016 3772 387 68 Sopran-Album
2428 3772 118 48 wird
2571 3770 214 69 folgende
2811 3770 66 51 31
2911 3772 437 67 Gesangstücke

1775 3854 262 50 enthalten:
2061 3871 88 31 von
2170 3852 180 49 Bach:
2376 3868 82 33 aus
2472 3850 84 50 der
2568 3850 431 68 Pfingst-Cantate:

1776 3932 97 50 und
1903 3949 83 33 aus
2015 3932 106 49 dem
2152 3930 643 51 Weihnachts-Oratorium:
2839 3930 322 59 „Echo-Arie;
3260 3946 86 31 von

1776 4013 248 49 Händel:
2069 4028 82 32 aus
2180 4012 192 48 Messias
2404 4010 72 49 die
2507 4009 99 51 drei
2636 4012 355 66 Haupt-Arien,
3031 4027 83 32 aus
3138 4009 178 48 Alexan-

1778 4093 171 49 derfest
1991 4090 276 68 „Lydisches
2593 4089 98 51 und
2716 4108 81 32 aus
2822 4092 149 48 seiner
2996 4090 129 64 Oper
3148 4087 200 50 Rinaldo

1792 4169 200 64 ,Lascict
2022 4168 114 53 ch'io
2383 4189 12 40 ;
2531 4188 89 33 von
2660 4170 205 50 Gluck:
2909 4186 83 31 aus
3021 4168 244 67 Iphigenia
3305 4167 43 49 in
