3485 4371
374 206 1397 203 Niederrheiuisdie
1909 216 1122 259 Musik-Zeitung

994 506 114 117 für
1187 506 551 119 Itrastfreraile
1789 508 145 120 mit
1985 514 386 119 liinstler.

183 740 387 71 Herausgegeben
616 762 89 33 von
753 745 235 50 Professor
1897 741 70 58 L.
2122 741 260 80 Bischoff.
1602 748 172 68 Verlag
1825 750 81 49 der
2865 756 367 66 Buchhandlung.

1399 891 169 86 KÖLN,
1604 906 72 57 18.
1710 906 191 72 Angnst
1936 906 141 58 1860.

2751 912 119 57 VIII.
2904 912 268 74 Jahrgang.

242 900 84 55 Nr.
360 900 82 57 34.

552 1075 201 36 Pariser
786 1075 167 37 Briefe
997 1075 302 49 (Concertmusik
1401 1078 301 37 Kammermusik
1802 1081 157 36 Fremde
1985 1080 206 49 Künstler).
2234 1082 84 36 Von
2344 1082 44 37 B.
2415 1082 44 37 P.
2587 1084 91 34 Eine
2705 1085 289 47 Zimmer-Orgel
3021 1088 67 33 mit
3112 1099 131 23 neuem

172 1135 232 47 Triebwerk,
431 1147 74 23 von
532 1135 157 35 Walker
715 1135 78 35 und
821 1135 131 47 Comp,
980 1136 38 34 in
1046 1135 280 48 Ludwigsburg
1352 1138 145 35 erbaut.
1524 1138 85 36 Von
1635 1139 82 36 Eb.
1745 1140 153 35 Kuhn.
2001 1142 443 45 Beurtheilungen:
2486 1143 185 34 Winfried
2697 1143 75 35 und
2799 1144 57 34 die
2881 1145 136 45 heilige
3044 1145 112 36 Eiche
3184 1147 60 35 bei

172 1195 181 37 Geismar.
382 1195 227 35 Oratorium.
639 1195 129 35 Musik
795 1206 75 24 von
900 1197 46 37 D.
973 1196 49 37 H.
1049 1196 133 46 Engel.
1209 1197 84 35 Von
1319 1198 65 37 Dr.
1413 1199 51 35 M.
1568 1200 183 45 Tages-
1795 1199 96 35 und
1934 1199 538 47 Unterhaltungsblatt
2511 1202 126 46 (Köln,
2664 1203 102 36 Prof.
2794 1204 152 47 Derffel,
2975 1206 96 35 Herr
3086 1205 135 35 Waller-

174 1256 110 42 stein,
311 1255 155 35 Hiller's
786 1255 206 36 Hannover
1087 1256 157 47 Leipzig
1345 1257 206 36 Frankfurt
1576 1269 32 26 a.
1637 1258 52 36 M.
1790 1257 169 36 Dresden
2062 1260 106 35 Wien
2272 1260 216 36 Stockholm
2591 1260 123 47 Riga).

276 1074 220 37 Inhalt.

723 1408 196 55 Pariser
957 1409 181 55 Briefe.

175 1537 393 47 [Concertmusik
681 1539 388 36 Kammermusik
1172 1540 199 37 Fremde
1410 1540 271 50 Künstler.]

289 1639 87 47 Die
405 1639 220 47 Concerte
665 1636 81 50 der
787 1636 175 51 Societe
988 1639 79 48 des
1094 1639 209 49 Concerts
1343 1640 58 47 im
1434 1640 218 51 Conserva-

174 1714 113 48 loire
329 1714 148 48 haben
525 1714 115 49 auch
683 1720 132 42 unter
856 1715 294 48 Tilmant's
1183 1716 196 65 Leitung
1407 1716 127 48 ihren
1562 1717 118 49 alten

174 1790 171 57 Ruhm,
387 1790 111 49 aber
538 1790 116 48 auch
687 1790 98 48 ihre
819 1791 119 47 alten
967 1791 357 65 Einrichtungen
1354 1791 91 48 und
1472 1792 71 49 ihr
1571 1794 110 48 altes

175 1867 265 65 Repertoire
472 1867 259 65 behauptet.
779 1867 87 49 Die
894 1869 293 63 Erwartung,
1229 1869 71 48 die
1338 1885 85 32 von
1461 1870 219 48 manchen

174 1946 169 53 Seiten,
368 1944 243 48 besonders
632 1960 83 32 von
740 1942 84 50 den
848 1945 335 63 Componisten,
1202 1945 167 65 gehegt
1390 1946 173 57 wurde,
1580 1946 101 48 dass

175 2020 70 48 die
265 2021 111 46 Zahl
400 2020 235 48 derselben
659 2021 226 47 vermehrt
912 2021 110 47 oder
1050 2021 145 47 neben
1225 2021 84 48 den
1340 2022 340 64 gewöhnlichen

174 2096 109 48 zehn
312 2097 99 47 eine
439 2112 116 32 neue
579 2096 141 48 Reihe
749 2096 192 48 eröffnet
969 2096 180 48 werden
1180 2096 172 57 würde,
1381 2097 55 48 ist
1463 2098 122 47 nicht
1611 2116 47 29 er-

179 2173 100 47 füllt
308 2172 202 48 worden.

292 2247 118 48 Wer
448 2247 71 47 die
556 2246 267 48 Geschichte
860 2245 81 49 der
973 2247 190 47 Vereine
1204 2265 52 29 zu
1295 2247 362 50 Orchester-Con-

176 2331 151 41 certen
352 2325 41 47 in
416 2323 126 49 Paris
565 2323 154 57 kennt,
746 2322 82 48 der
854 2323 146 57 weiss,
1030 2322 100 50 dass
1158 2323 220 49 zwischen
1407 2323 86 50 den
1522 2325 160 48 beiden

175 2405 249 44 äussersten
462 2399 178 59 Enden,
677 2398 101 50 dem
811 2399 342 49 Conservatoire
1190 2398 90 50 und
1309 2401 202 57 Musard,
1557 2401 125 48 keine

176 2493 116 32 neue
322 2476 291 49 Gesellschaft
652 2476 72 48 ein
762 2474 237 50 Publicum
1044 2476 224 64 gefunden
1299 2476 91 48 und
1426 2477 72 48 ihr
1526 2477 155 48 Leben

176 2552 116 49 über
339 2553 68 47 ein
458 2570 111 47 paar
613 2552 142 48 Jahre
805 2552 161 47 hinaus
1017 2552 199 63 gefristet
1262 2552 90 48 hat.
1423 2553 131 47 Auch
1604 2553 81 47 der

175 2631 103 61 jetzt
318 2629 289 50 vorhandene
635 2628 166 50 Verein
1515 2628 79 48 des
1608 2628 77 65 jeu

186 2704 125 61 toire,
326 2706 80 48 der
434 2706 128 47 mehr
589 2722 100 31 vom
707 2704 145 50 Glück
880 2703 93 48 und
1000 2721 84 32 von
1107 2704 81 49 der
1210 2704 135 49 Mode
1373 2704 91 49 und
1492 2722 84 32 von
1604 2706 78 48 der

176 2783 148 48 Kritik
355 2783 258 65 begünstigt
642 2780 186 50 worden
863 2780 71 59 ist,
974 2782 63 47 als
1067 2782 180 48 frühere
1275 2782 221 57 ähnliche,
1534 2782 147 48 dürfte

178 2876 44 31 es
275 2860 115 49 noch
434 2859 122 48 nicht
588 2859 156 48 weiter
791 2857 216 66 gebracht
1049 2858 165 57 haben,
1267 2859 62 47 als
1373 2858 100 48 dass
1516 2874 50 32 er
1605 2859 79 47 mit

175 2937 169 47 seinem
367 2935 265 65 Dirigenten
661 2934 118 48 steht
807 2933 93 49 und
928 2933 111 49 fällt.
1078 2935 107 47 Man
1215 2934 118 47 kann
1361 2951 46 31 es
1436 2934 140 48 daher
1604 2934 78 48 der

176 3013 231 48 Direction
451 3012 80 48 der
560 3010 514 50 Concert-Gesellschaft
1114 3010 121 49 nicht
1275 3027 233 48 verargen,
1552 3027 130 32 wenn

175 3090 61 47 sie
265 3090 45 49 in
339 3089 214 65 richtiger
581 3088 242 49 Kenntniss
860 3087 76 49 des
974 3088 170 63 pariser
1172 3087 259 48 Publicums
1469 3088 121 47 nicht
1627 3104 55 32 an

176 3165 85 49 den
292 3165 350 66 Grundpfeilern
673 3165 170 56 rüttelt,
872 3164 81 48 auf
975 3163 144 49 denen
1147 3164 69 47 ihr
1243 3163 178 48 Institut
1448 3163 179 48 beruht.

291 3243 312 65 Berechtigter
642 3241 209 49 scheinen
890 3240 71 48 die
992 3240 236 50 Wünsche
1267 3240 76 47 für
1370 3239 312 65 Ausdehnung

175 3318 76 48 des
274 3318 312 66 Repertoires;
616 3319 132 47 allein
772 3316 114 50 auch
910 3316 118 49 diese
1053 3316 144 64 gehen
1215 3333 53 30 zu
1291 3315 117 48 weit.
1437 3316 60 47 Es
1525 3315 157 48 würde

175 3395 102 50 dem
306 3396 179 47 Institut
512 3412 55 31 an
599 3394 183 51 Würde
820 3394 92 48 und
940 3394 210 48 Ansehen
1190 3393 92 48 und
1322 3391 104 50 bald
1468 3393 113 48 auch
1627 3409 55 32 an

174 3473 256 48 Einnahme
457 3473 193 63 Eintrag
678 3473 131 54 thun,
848 3488 131 32 wenn
1017 3487 44 31 es
1101 3469 157 66 irgend
1286 3469 122 48 einer
1436 3468 246 48 modernen

174 3548 231 66 Richtung
433 3548 80 49 der
541 3548 165 57 Musik,
749 3548 71 47 die
856 3546 92 49 sich
984 3546 123 49 nicht
1147 3563 54 32 an
1232 3545 69 48 die
1341 3545 234 48 classische
1604 3560 52 32 an-

175 3626 216 57 schliesst,
421 3625 129 48 Thür
578 3624 92 49 und
699 3624 126 48 Thor
854 3624 149 48 öffnen
1035 3622 162 49 wollte.
1227 3622 94 47 Der
1348 3622 113 63 Tag,
1492 3636 56 32 an
1576 3621 79 47 wel-

175 3702 127 49 chem
340 3702 80 49 das
451 3700 617 51 Conservatoire-Orchester
1097 3699 243 64 Wagner's
1368 3697 314 49 Tannhäuser-

176 3780 259 48 Ouverture
463 3779 253 56 aufführte,
746 3776 159 50 würde
934 3775 242 66 allerdings
1199 3775 96 48 eine
1317 3790 114 32 neue
1454 3774 122 48 Aera
1606 3772 51 49 be-

175 3856 183 65 ginnen,
382 3855 114 49 nach
520 3855 82 48 der
623 3854 113 49 aber
758 3854 70 48 die
849 3854 178 48 Anstalt
1047 3852 122 50 nicht
1190 3854 131 62 lange
1336 3850 152 49 zählen
1511 3849 171 49 würde.

175 3932 79 49 Bei
284 3932 87 49 den
401 3931 271 51 Wünschen
712 3930 81 49 der
833 3930 200 65 hiesigen
1063 3929 318 66 Componisten
1418 3925 183 51 handelt
1637 3941 45 32 es

175 4010 91 48 sich
297 4010 170 48 freilich
498 4009 121 48 nicht
647 4025 77 31 um
750 4007 228 65 Wagner,
1007 4006 120 48 wohl
1158 4006 110 50 aber
1295 4023 75 30 um
1399 4003 283 55 Schumann;

176 4085 59 48 im
260 4085 187 49 Grunde
463 4083 165 67 jedoch
652 4085 79 65 gilt
753 4085 134 47 ihnen
913 4082 115 48 auch
1060 4082 145 48 dieser
1232 4099 85 31 nur
1346 4082 62 47 als
1428 4081 163 56 Name,
1622 4078 62 50 als

1751 1412 168 55 Schild,
1952 1413 146 47 hinter
2138 1414 215 48 welchem
2394 1414 61 48 sie
2489 1415 79 47 mit
2608 1415 143 48 ihrem
2792 1416 186 64 eigenen
3021 1418 220 48 Geschütz

1751 1489 353 48 aufmarschiren
2133 1490 207 48 möchten
2439 1507 91 33 was
2566 1508 103 32 man
2704 1491 133 49 ihnen
2867 1509 71 32 am
2969 1494 126 48 Ende
3124 1495 113 47 auch

1751 1565 122 48 nicht
1898 1564 254 48 verdenken
2183 1565 132 48 kann.

1864 1643 65 47 Im
1961 1643 177 47 Ganzen
2169 1641 77 49 hat
2272 1643 90 47 sich
2392 1641 112 49 doch
2541 1641 77 50 das
2646 1645 259 64 Repertoire
2944 1645 41 47 in
3015 1644 82 48 den
3126 1648 107 45 zwei

1751 1717 156 49 letzten
1935 1717 169 49 Jahren
2137 1717 250 49 bereichert
2415 1717 90 49 und
2532 1720 405 56 vervollkommnet,
2977 1737 128 31 wenn
3137 1721 80 47 frei-

1751 1794 85 47 lich
1872 1794 113 48 auch
2015 1794 193 47 einzelne
2237 1794 105 48 üble
2371 1792 371 59 Gewohnheiten,
2782 1796 83 47 wie
2894 1797 343 56 Quartettsätze,

1751 1886 83 32 von
1856 1870 160 65 vierzig
2039 1871 195 62 Geigern
2257 1871 200 65 gespielt,
2486 1869 284 66 abgerissene
2787 1874 202 62 Gesänge
3015 1889 78 32 aus
3121 1872 118 49 alten

1754 1946 88 48 und
1886 1963 142 30 neuen
2058 1946 171 65 Opern,
2272 1946 341 48 unbedeutende
2640 1947 601 50 Instrumental-Solostücke

1752 2024 89 45 und
1872 2022 106 64 dgl.,
2008 2022 111 47 noch
2149 2024 160 45 immer
2337 2022 163 49 darauf
2523 2022 229 65 figuriren.
2804 2026 65 46 Im
2897 2025 180 63 vorigen
3104 2024 143 47 Jahre

1755 2098 185 47 wurden
1968 2115 83 30 von
2080 2098 311 47 Beethoven
2420 2100 83 45 alle
2531 2098 254 47 Sinfonieen
2815 2098 88 64 (die
2925 2101 95 46 VII.
3050 2098 90 47 und
3170 2098 69 49 die

1754 2175 228 47 Pastorale
2004 2173 104 64 jede
2136 2175 107 45 zwei
2260 2173 106 64 Mal)
2396 2175 79 45 mit
2495 2175 262 47 Ausnahme
2785 2175 80 47 der
2884 2176 93 55 111.,
3002 2175 116 47 VIII.
3147 2175 90 47 und

1751 2251 78 46 IX.
1859 2250 231 63 gemacht;
2131 2265 82 30 von
2243 2248 195 65 Haydn
2467 2266 87 29 nur
2578 2250 114 45 Eine
2721 2251 41 46 in
3010 2266 80 31 von
3120 2251 78 47 Mo-

1750 2332 118 41 zart
1901 2325 44 47 in
1975 2323 41 51 0
2034 2325 79 47 Nr.
2143 2323 74 49 IV.
2248 2323 90 49 und
2366 2325 77 48 Nr.
2475 2325 117 47 VIII.
2629 2325 90 47 und
2747 2326 42 46 in
2819 2323 177 50 G-moll.
3048 2326 164 46 Ausser-

1751 2401 100 47 dem
1883 2399 111 49 aber
2019 2401 161 47 zierten
2211 2399 200 65 Haydn's
2803 2398 85 66 (ein
2917 2401 89 48 Mal
3034 2401 182 47 vollstän-

1751 2477 90 65 dig,
1881 2477 68 47 ein
1977 2477 175 47 zweites
2182 2477 90 47 Mal
2314 2476 80 48 der
2430 2483 116 41 erste
2574 2476 161 64 Theil),
2775 2477 289 48 Beethoven's
3091 2477 146 47 Musik

1750 2571 51 30 zu
2135 2552 78 47 mit
2239 2552 345 48 verbindendem
2615 2553 129 56 Text,
2771 2552 347 48 Mendelssohn's
3138 2553 68 47 Mu-

1748 2631 64 47 sik
1841 2646 99 30 zum
1963 2629 532 55 Sommernachtstraum,
2524 2627 154 49 dessen
2707 2629 348 64 achtstimmiger
3073 2629 166 56 Psalm,

1749 2707 190 47 Finale's
1967 2721 80 32 aus
2439 2721 83 32 von
2551 2703 177 50 Weber
2767 2704 90 49 und
3151 2721 83 32 von

1749 2782 173 48 Rossini
1953 2780 71 49 die
2049 2782 310 62 Programme.

1860 2858 87 47 Die
1986 2857 265 63 diesjährige
2284 2855 143 49 Reihe
2469 2855 184 49 brachte
2695 2873 83 31 von
2819 2857 310 47 Beethoven
3170 2855 69 47 die

1748 2933 256 48 Sinfonieen
2030 2933 51 54 1.,
2110 2933 72 54 11.,
2210 2932 53 48 V.
2295 2930 49 65 (2
2362 2929 126 66 Mal),
2516 2932 114 55 VII.,
2658 2932 134 55 VIII.,
2823 2933 76 47 IX.
2931 2930 86 47 und
3048 2930 68 47 die
3138 2932 66 45 Mu-

1749 3010 64 47 sik
1841 3027 52 30 zu
1922 3009 84 48 den
2034 3009 203 56 „Ruinen
2258 3026 84 30 von
2575 3007 49 64 (2
2643 3007 128 63 Mal);
2800 3024 80 31 von
2909 3005 191 66 Haydn
3129 3007 105 47 zwei

1749 3085 254 49 Sinfonieen
2044 3084 92 47 und
2178 3084 70 47 die
2679 3081 284 65 vollständig;
3003 3098 83 32 von
3125 3081 76 47 Mo-

1748 3169 119 42 zart
1907 3161 141 47 nichts
2090 3161 62 47 als
2194 3159 92 48 drei
2316 3160 125 47 Sätze
2475 3174 80 33 aus
2593 3158 100 48 dem
2973 3156 91 49 und
3100 3158 142 63 einige

1748 3240 252 47 Nummern
2030 3253 79 32 aus
2511 3250 82 32 von
2621 3235 142 48 Bach
2794 3235 96 47 eine
2919 3234 323 63 achtstimmige

1749 3316 205 52 Motette;
1996 3329 83 31 von
2109 3310 388 50 Mendelssohn
2535 3310 69 48 die
2632 3309 390 49 iL-mofö-Sinfonie
3052 3306 48 66 (2
3130 3308 104 63 Mal)

1749 3390 92 48 und
1870 3388 166 49 wieder
2075 3388 85 48 den
2202 3388 362 63 achtstimmigen
2591 3386 172 56 Psalm;
2799 3403 81 32 von
2922 3385 107 48 Fei.
3069 3384 164 48 David

1750 3468 98 48 eine
1874 3465 197 48 Sinfonie
2099 3464 43 47 in
2603 3462 80 49 Es.

1863 3544 84 45 Die
1986 3540 154 48 zweite
2170 3539 508 49 Concert-Gesellschaft
2718 3546 128 40 unter
2883 3536 351 62 Pasdeloup's

1749 3619 228 48 Direction
2009 3616 173 50 besteht
2208 3615 202 48 wirklich
2451 3615 137 48 schon
2629 3615 57 47 im
2724 3614 156 48 achten
2907 3612 152 55 Jahre,
3068 3611 169 46 —eine

1749 3694 336 55 Lebensdauer,
2127 3692 80 49 auf
2230 3692 169 49 welche
2438 3708 45 31 es
2512 3690 151 48 weder
2691 3690 167 48 Berlioz
2885 3687 113 48 noch
3027 3687 210 64 Seghers,

1750 3772 181 49 obwohl
1972 3770 102 48 sehr
2100 3769 200 63 tüchtige
2326 3767 202 49 Musiker
2556 3766 92 48 und
2676 3766 278 62 Dirigenten,
2994 3762 80 47 mit
3112 3762 129 47 ihren

1749 3849 223 48 Vereinen
1991 3846 187 63 bringen
2197 3845 208 48 konnten.
2434 3843 73 47 Sie
2530 3842 88 48 hält
2640 3841 89 48 sich
2752 3838 249 65 vorzüglich
3024 3837 217 57 dadurch,

1750 3923 100 50 dass
1878 3923 62 49 sie
1964 3922 45 47 in
2038 3921 127 47 ihren
2193 3921 328 62 Programmen
2549 3916 266 65 wenigstens
2850 3931 78 32 zur
2955 3913 150 49 Hälfte
3133 3913 80 47 den-

1750 4000 152 49 selben
1919 3996 303 52 Grundsätzen
2245 3995 189 64 huldigt,
2458 3993 83 47 wie
2563 3992 68 48 die
2653 3998 118 42 erste
2794 3989 305 60 Gesellschaft,,
3123 3988 111 48 auch

1750 4092 133 50 sogar
1900 4076 136 48 deren
2052 4073 192 50 beliebte
2259 4070 319 58 Kunststücke,
2598 4067 271 51 namentlich
2893 4066 80 48 das
2989 4067 244 47 Gesammt-

2871 4144 68 48 34
