3652 4414
1271 44 1143 208 Ulmliirhlali

1802 361 84 32 zur

665 489 1238 119 Niederrheinischen
2002 489 1026 134 Musik-Zeitung.

502 1027 104 59 Zur
643 1025 316 76 Ausbildung
1001 1026 88 58 des
1131 1025 368 77 Clavierspiels.

338 1372 142 65 Aloys
522 1370 210 60 Schmitt,
776 1369 206 51 Methode
1024 1369 74 50 des
1134 1366 329 67 Ciavierspiels.
1522 1365 117 49 Eine
1669 1364 103 69 plan-

466 1454 173 67 mässig
708 1453 256 68 geordnete
1035 1451 360 66 Sammlung
1463 1468 111 33 von
1642 1450 117 49 Ton-

462 1538 258 51 stücken
762 1555 84 32 zur
892 1536 329 51 stufenweisen
1252 1533 296 69 Ausbildung
1580 1533 81 50 der
1690 1533 81 52 Fin-

463 1622 315 69 gerfertigkeit
809 1621 96 51 und
937 1621 81 49 des
1051 1619 353 51 Geschmackes.
1447 1620 92 67 Op.
1580 1617 132 60 114,
1754 1616 45 50 A

461 1707 95 51 und
586 1708 53 58 B,
673 1707 34 48 4
741 1706 155 49 Hefte.
950 1705 92 68 Op.
1080 1703 137 61 115,
1263 1701 30 52 3
1329 1703 154 51 Hefte.
1532 1703 91 66 Op.
1665 1701 133 60 116,

465 1792 32 49 2
531 1791 154 50 Hefte.
718 1790 174 66 Verlag
922 1806 88 33 von
1041 1789 184 50 Johann
1256 1787 163 50 Andre
1449 1787 45 50 in
1526 1784 273 51 Offenbach.

459 1875 134 49 Preis
625 1877 27 47 ä
689 1874 23 49 1
753 1874 73 51 Fl.
856 1872 76 50 48
967 1874 85 47 Kr.

287 2043 93 41 Wir
398 2043 133 40 haben
550 2042 108 40 diese
679 2041 121 40 Hefte
821 2041 74 40 alle
921 2040 71 41 mit
1014 2052 181 40 grossem
1213 2040 203 39 Interesse
1446 2037 353 53 durchgegangen.

287 2116 212 40 Hermann
545 2114 174 52 Hilliger
764 2113 80 53 (ein
886 2112 227 53 geachteter
1159 2111 272 40 Tonkünstler
1470 2123 69 27 aus
1583 2109 215 40 Frankfurt

207 2199 65 28 am
300 2185 126 53 Main)
455 2186 69 39 hat
553 2185 92 40 dem
675 2189 131 35 ersten
835 2184 120 39 Hefte
985 2183 130 39 dieser
1144 2194 133 28 neuen
1294 2181 192 41 Methode
1514 2180 283 52 Erklärungen

206 2258 362 53 vorausgeschickt,
597 2258 42 39 in
668 2257 181 40 welchen
879 2269 43 26 er
952 2255 64 40 die
1045 2253 173 41 Absicht
1246 2254 70 41 des
1345 2253 243 45 Verfassers,
1628 2252 65 41 die
1722 2252 57 40 sei-

207 2343 73 28 ner
307 2330 198 52 Meinung
534 2330 104 39 nach
666 2329 89 39 hier
785 2328 83 40 und
896 2327 51 39 da
975 2326 195 40 verkannt
1199 2325 161 39 werden
1389 2324 162 48 könnte,
1591 2338 48 26 zu
1669 2325 107 39 erläu-

207 2408 88 35 tern
323 2402 198 41 versucht.
579 2402 64 40 Ob
673 2403 96 39 aber
808 2401 110 39 diese
947 2400 337 50 Erläuterungen,
1329 2397 66 40 die
1446 2397 216 53 eigentlich
1704 2410 93 28 vom

206 2473 211 40 Verfasser
445 2474 122 39 selbst
595 2474 137 39 hätten
753 2472 204 52 ausgehen
981 2474 178 43 müssen,
1188 2469 201 40 durchaus
1411 2469 273 52 nothwendig,
1714 2470 85 39 und

207 2545 65 40 die
301 2545 172 40 Absicht
501 2545 70 39 des
602 2544 288 52 Componisten
919 2544 40 38 in
990 2542 92 40 dem
1112 2540 362 52 aufgeschlagenen
1499 2540 139 40 Buche
1667 2540 132 40 seiner

207 2617 149 41 Schule
400 2617 84 40 sich
528 2617 112 40 nicht
683 2617 124 39 selbst
834 2615 87 40 klar
950 2615 84 38 und
1065 2612 175 40 deutlich
1270 2611 237 52 ausspricht,
1550 2613 146 39 wollen
1726 2611 73 41 wir

207 2691 280 53 dahingestellt
515 2691 86 40 sein
630 2691 144 39 lassen.
812 2690 267 40 Ueberlassen
1109 2686 73 40 wir
1212 2686 125 40 daher
1371 2685 92 39 dem
1491 2685 216 40 Publicum
1735 2684 64 39 die

205 2763 171 40 Lecture
405 2763 212 40 derselben
646 2761 84 40 und
759 2761 225 40 versenken
1012 2771 76 28 uns
1118 2758 128 40 lieber
1280 2758 42 40 in
1351 2756 65 40 die
1444 2769 72 27 vor
1543 2768 76 27 uns
1649 2755 129 53 liegen-

207 2835 80 41 den
315 2836 85 39 und
430 2835 330 40 selbstredenden
788 2834 134 39 Hefte.

287 2908 141 39 Zuerst
456 2907 133 40 haben
618 2905 73 40 wir
721 2918 41 27 es
792 2905 87 40 hier
917 2904 73 40 mit
1032 2902 139 41 keiner
1202 2899 173 41 Theorie
1414 2913 49 27 zu
1503 2899 113 48 thun,
1660 2898 137 41 indem

204 2979 222 40 Kenntniss
470 2979 71 40 der
586 2983 133 35 ersten
765 2977 212 40 Elemente
1021 2977 294 48 vorausgesetzt
1360 2972 115 40 wird.
1535 2973 82 41 Das
1649 2970 150 48 Ganze,

205 3062 44 28 so
295 3050 76 40 wie
410 3062 42 27 es
491 3062 71 26 vor
590 3060 75 28 uns
693 3048 107 51 liegt,
842 3046 108 40 führt
992 3057 73 28 uns
1105 3044 130 53 gleich
1275 3042 108 41 beim
1411 3042 276 51 Aufschlagen
1726 3042 71 39 der

205 3125 133 36 ersten
365 3120 108 40 Seite
501 3119 42 40 in
573 3118 64 40 die
667 3118 142 40 Praxis
839 3118 70 39 des
940 3116 280 52 Ciavierspiels
1250 3114 152 40 hinein.

287 3193 80 39 Das
398 3197 103 35 erste
529 3191 110 42 Heft,
669 3191 113 51 Opus
804 3192 85 46 114,
918 3189 51 48 A,
996 3190 56 39 als
1082 3193 102 36 erste
1206 3188 122 48 Stufe,
1358 3187 103 52 zeigt
1487 3199 78 27 uns
1594 3186 52 41 82
1675 3187 96 39 Lese-

205 3264 206 52 übungen,
451 3264 122 40 deren
605 3264 306 50 Notenstellung
940 3273 44 28 so
1014 3260 261 52 eingerichtet
1303 3260 62 48 ist,
1409 3260 91 39 dass
1531 3259 70 39 der
1627 3258 169 40 Schüler

205 3335 102 40 auch
337 3334 242 41 wirklich
607 3335 149 39 lesen
785 3346 147 36 muss,
962 3334 37 39 d.
1028 3333 40 41 h.
1100 3333 90 40 Dass
1221 3346 43 26 er
1294 3332 65 40 die
1392 3329 177 43 Melodie
1599 3330 111 40 nicht
1739 3330 55 40 im

204 3408 160 40 Voraus
393 3406 142 40 rathen
564 3406 119 47 kann,
725 3406 84 39 und
839 3406 125 40 daher
1007 3416 324 41 gezwungen
1369 3401 63 47 ist,
1475 3402 79 39 den
1583 3401 114 41 Blick
1726 3403 46 39 be-

205 3478 158 52 ständig
393 3477 70 40 auf
485 3477 110 40 seine
623 3478 132 39 Noten
785 3491 49 26 zu
862 3478 169 39 richten.

285 3551 195 40 Dasselbe
510 3549 177 51 Princip,
731 3550 70 39 das
832 3549 88 40 des
949 3549 249 40 Denkens
1227 3547 101 40 und
1357 3547 89 40 der
1474 3546 290 41 Selbststän-

206 3622 214 54 digkeit,
465 3621 161 39 wendet
675 3621 72 40 der
785 3620 212 40 Verfasser
1038 3620 103 39 auch
1184 3619 41 39 in
1255 3619 137 50 Bezug
1432 3618 70 39 auf
1535 3617 65 40 die
1628 3618 143 52 Finger-

205 3699 167 46 setzung
402 3706 61 34 an,
492 3692 65 40 die
586 3692 40 40 in
656 3692 79 40 den
764 3697 132 35 ersten
924 3692 150 39 Heften
1103 3691 186 39 desshalb
1320 3690 192 52 nirgends
1540 3690 230 51 vorgezeich-

205 3769 68 35 net
302 3765 61 40 ist.
413 3765 80 39 Wo
523 3766 132 49 später
685 3763 65 40 die
780 3762 229 41 Tonstücke
1037 3763 83 39 und
1150 3763 162 40 Etüden
1341 3774 42 28 es
1413 3761 219 47 erfordern,
1673 3761 50 40 ist
1750 3761 43 39 in

205 3835 210 41 einzelnen
444 3837 139 39 Fällen
613 3836 71 40 der
712 3834 229 53 Fingersatz
971 3834 247 53 angemerkt.

284 3906 53 40 So
367 3907 135 40 laufen
531 3908 109 40 diese
663 3907 309 51 Leseübungen,
1021 3909 93 36 stets
1145 3909 122 36 etwas
1296 3904 261 52 schwieriger
1585 3904 206 47 werdend,

204 3981 88 46 fort,
322 3978 61 41 bis
412 3978 58 41 sie
499 3980 73 40 mit
600 3981 70 39 Nr.
698 3979 52 40 48
779 3979 119 40 einen
927 3978 300 40 bestimmteren
1258 3977 221 41 Charakter
1506 3977 43 39 in
1577 3977 72 39 der
1670 3977 122 40 Form

204 4050 243 49 annehmen,
488 4052 85 40 und
612 4064 41 29 es
693 4052 156 42 erlaubt
877 4050 71 41 der
976 4049 211 42 Verfasser
1216 4062 80 28 von
1324 4048 90 42 hier
1443 4061 63 38 an,
1552 4048 101 42 auch
1683 4049 81 41 Ton-

1891 936 138 40 stückc
2056 948 80 27 von
2165 935 178 39 anderen
2370 938 121 49 guten
2520 934 191 40 Meistern
2741 933 73 40 mit
2843 933 304 46 einzuflechten,
3177 936 310 48 vorausgesetzt,

1892 1010 90 39 dass
2027 1010 71 40 der
2127 1010 170 41 Schüler
2342 1021 49 26 zu
2436 1008 123 39 deren
2603 1008 174 51 Vortrag
2821 1007 127 40 durch
2988 1007 64 40 die
3096 1006 87 40 hier
3228 1017 260 41 errungenen

1891 1081 248 41 Vorstudien
2168 1080 363 42 vollkommen
2562 1078 181 51 befähigt
2772 1078 69 39 sei.

1973 1154 60 39 Im
2062 1152 169 42 zweiten
2260 1152 120 39 Hefte
2411 1150 129 53 (Opus
2574 1150 88 47 114,
2691 1148 61 52 B),
2799 1150 57 38 als
2895 1148 139 40 zweite
3064 1148 125 49 Stufe,
3233 1148 139 40 finden
3411 1148 75 40 wir

1891 1225 47 40 21
1973 1225 93 40 dem
2095 1229 134 36 ersten
2257 1223 121 40 Hefte
2409 1221 219 53 folgerecht
2657 1219 320 54 entsprechende
3008 1219 134 40 kleine
3172 1219 158 48 Stücke,
3358 1219 131 40 worin

1891 1298 65 40 die
1985 1298 232 50 Belehrung
2259 1295 213 41 scheinbar
2512 1294 71 40 auf
2605 1294 269 40 Amüsement
2920 1292 226 52 gegründet
3188 1291 50 40 ist
3283 1291 85 40 und
3410 1292 77 39 alle

1890 1369 201 53 mögliche
2119 1369 130 39 Arten
2279 1368 71 39 der
2378 1366 274 51 Eintheilung,
2683 1365 72 39 der
2782 1363 198 53 Ligation,
3010 1363 69 40 des
3100 1362 193 49 Staccato,
3316 1363 174 47 Rubato,

1891 1442 71 40 der
1992 1442 226 51 Syncopen,
2265 1440 71 39 des
2376 1438 230 52 Rhythmus
2636 1450 38 26 u.
2704 1449 30 28 s.
2764 1449 50 27 w.
2857 1435 43 40 in
2939 1435 316 40 verschiedenen
3286 1435 204 39 Tonarten

1891 1514 85 39 und
2019 1512 145 52 Tempi
2206 1512 204 40 enthalten
2439 1511 105 42 sind.
2600 1510 71 40 Nr.
2700 1509 24 41 8
2755 1509 81 39 und
2865 1508 53 39 22
2949 1508 203 40 enthalten
3183 1507 197 39 Themata
3417 1505 74 40 mit

1894 1583 273 47 Variationen,
2197 1582 129 41 worin
2355 1581 244 41 namentlich
2630 1580 72 40 der
2730 1578 189 42 Mordcnt
2955 1578 83 40 und
3069 1578 69 39 das
3170 1577 198 52 Grupetto
3398 1577 91 41 eine

1891 1655 116 39 Rolle
2037 1655 166 51 spielen.

1971 1725 76 41 Die
2077 1725 116 40 dritte
2223 1724 111 41 Stufe
2364 1724 129 52 (Opus
2526 1722 87 51 114)
2643 1721 159 41 besteht
2831 1733 71 28 aus
2932 1721 86 40 drei
3058 1721 150 40 Heften
3236 1722 134 40 reiner
3390 1721 75 40 Etu-

1893 1795 290 53 den-Gattung,
2225 1796 154 39 welche
2423 1797 57 38 als
2524 1794 273 54 integrirendc
2826 1793 141 39 Theile
3006 1806 92 27 zum
3137 1799 133 35 ersten
3299 1794 121 40 Hefte
3448 1793 42 40 A

1895 1867 107 39 wohl
2032 1866 249 52 gleichzeitig
2311 1867 72 38 mit
2412 1866 93 40 dem
2535 1866 244 39 Notenlesen
2817 1876 317 40 vorgenommen
3173 1865 165 39 werden
3378 1864 88 39 dürf-

1896 1944 77 43 ten,
2022 1940 50 38 da
2100 1938 303 42 Mechanismus
2446 1938 85 38 und
2569 1936 236 51 Intelligenz
2843 1936 43 51 ja
2933 1935 145 40 immer
3119 1936 123 39 Hand
3281 1936 42 40 in
3366 1936 124 40 Hand

1895 2011 142 52 gehen,
2066 2010 84 40 sich
2181 2010 249 52 gegenseitig
2458 2011 166 38 ablösen
2653 2007 85 39 und
2768 2009 203 49 ergänzen
2999 2010 178 36 müssen.
3222 2008 54 39 So
3306 2007 90 39 sind
3425 2008 66 39 die

1895 2080 50 39 68
1989 2080 270 41 einleitenden
2288 2081 160 39 Etüden
2488 2081 108 39 bloss
2642 2079 64 38 für
2744 2077 65 40 die
2854 2077 283 41 mechanische
3165 2079 121 39 Hand
3319 2079 84 40 und
3431 2079 58 41 im

1895 2149 136 40 Geiste
2061 2150 71 40 der
2160 2150 139 40 früher
2328 2150 41 39 in
2394 2150 118 40 Bonn
2542 2147 445 52 herausgekommenen
3015 2148 83 38 und
3128 2160 44 28 so
3201 2149 191 40 berühmt
3422 2162 44 39 ge-

1892 2220 220 40 wordenen
2140 2222 162 39 Etüden
2330 2232 78 28 von
2437 2220 126 52 Aloys
2594 2219 169 41 Schmitt
2791 2219 160 51 gebaut,
2995 2232 77 27 nur
3111 2220 73 40 mit
3221 2221 93 40 dem
3344 2222 120 41 Unter-

1893 2291 174 48 schiede,
2105 2291 92 40 dass
2236 2291 58 40 sie
2333 2291 89 40 hier
2450 2291 105 40 noch
2585 2291 271 52 complicirter
2885 2291 83 39 und
2998 2295 286 49 ausgeprägter
3314 2293 153 41 erschei-

1893 2375 92 28 nen.
2029 2362 120 41 Diese
2178 2363 121 40 Hefte
2330 2364 203 39 enthalten
2578 2363 111 40 nicht
2717 2362 178 52 weniger
2926 2363 56 39 als
3012 2363 52 40 95
3094 2363 41 40 in
3166 2363 157 50 Gehalt,
3352 2365 136 48 Form,

1893 2434 173 52 Umfang
2095 2435 83 39 und
2207 2435 305 52 Schwierigkeit
2541 2434 331 42 fortschreitende
2886 2434 244 49 Exerciticn,
3159 2439 118 36 unter
3305 2435 184 41 welchen

1892 2507 101 40 viele
2022 2507 150 40 wieder
2202 2507 58 39 als
2290 2507 307 52 selbstständige
2618 2508 201 51 Vorträge
2848 2507 80 40 den
2949 2505 158 53 Begriff
3122 2518 77 27 von
3223 2507 72 40 der
3323 2511 135 36 stren-

1894 2591 96 40 gen
2018 2579 131 39 Etud
2164 2592 21 27 e
2213 2591 215 40 vergessen
2458 2578 230 50 machen*).

1974 2651 75 41 Die
2091 2651 125 40 vierte
2255 2651 111 40 Stufe
2396 2651 128 52 (Opus
2557 2653 88 47 115,
2676 2656 123 35 erstes
2827 2650 110 52 Heft)
2965 2651 158 40 besteht
3152 2664 70 27 aus
3252 2653 103 40 zehn
3383 2654 75 41 Etü-

1895 2723 78 41 den
2003 2723 42 40 in
2074 2723 121 40 Form
2224 2736 78 27 von
2331 2723 219 41 Präludien
2578 2724 42 40 in
2648 2724 118 40 meist
2794 2727 134 48 streng
2957 2723 253 52 gehaltenem
3233 2724 85 48 Stil,
3347 2726 139 42 indem

1894 2796 71 40 das
1995 2796 140 39 zweite
2163 2796 97 39 Heft
2289 2796 211 40 desselben
2531 2795 113 53 Opus
2675 2796 221 40 denselben
2925 2795 200 40 erweitert
3153 2796 83 39 und
3266 2796 220 52 gleichsam

1893 2869 222 39 ausbeutet.
2163 2867 92 40 Wir
2284 2868 138 39 finden
2448 2868 88 39 hier
2564 2867 42 40 in
2634 2867 51 40 23
2717 2868 136 39 Seiten
2883 2879 108 28 neun
3020 2867 160 40 Etüden
3210 2869 72 40 der
3311 2870 150 41 schwer-

1893 2944 87 35 sten
2025 2938 188 52 Gattung,
2258 2938 66 40 die
2367 2938 326 41 bedeutsamsten
2737 2939 276 40 Verhältnisse
3059 2940 71 39 der
3173 2941 195 49 Technik,
3415 2943 72 41 des

1892 3011 230 52 Rhythmus
2166 3012 84 38 und
2294 3012 69 39 des
2408 3011 275 51 Fingersatzes
2728 3010 202 52 (meistens
2975 3010 40 39 in
3060 3011 78 39 den
3182 3012 306 53 schwierigsten

1893 3083 217 49 Tonarten)
2154 3082 234 40 berührend
2429 3083 85 38 und
2557 3081 187 40 dennoch
2853 3081 104 38 nach
2987 3081 70 39 des
3087 3081 293 52 Componisten
3407 3083 78 40 Art

1890 3154 85 40 und
2005 3154 137 40 Weise
2252 3152 42 40 in
2324 3154 225 51 elegantem
2585 3154 85 39 und
2710 3153 376 52 schwungreichem
3116 3152 232 43 Charakter.
3403 3154 83 41 Hat

1891 3227 71 40 der
1991 3227 170 39 Schüler
2190 3226 110 40 diese
2328 3226 149 40 beiden
2506 3226 121 40 Hefte
2662 3226 167 52 besiegt,
2873 3238 43 27 so
2947 3225 92 40 darf
3065 3238 43 27 er
3138 3226 84 40 sich
3251 3227 232 50 gratuliren.

1889 3298 120 42 Diese
2053 3297 137 40 bilden
2234 3311 86 26 nun
2362 3297 152 40 wieder
2553 3297 118 40 einen
2711 3297 254 51 Uebergang,
3015 3296 89 41 eine
3133 3297 270 50 Vermittlung
3433 3309 51 28 zu

1889 3369 79 39 den
1998 3368 215 52 folgenden
2230 3368 178 51 zwanzig
2437 3366 260 41 Tonstücken
2725 3365 131 53 (Opus
2880 3366 178 41 hundert
3074 3366 207 53 sehszehn)
3310 3366 41 40 in
3381 3368 102 40 zwei

1888 3440 163 48 Heften,
2096 3440 76 47 die,
2218 3439 186 53 obgleich
2443 3440 71 38 der
2547 3438 208 40 Verfasser
2796 3438 57 40 sie
2897 3440 55 38 als
2995 3439 54 38 im
3078 3438 181 51 Rapport
3300 3438 73 40 mit
3411 3438 74 42 der

1889 3511 144 40 dritten
2063 3510 111 40 Stufe
2203 3509 223 40 bestehend
2457 3509 247 49 bezeichnet,
2749 3511 102 39 doch
2891 3510 149 39 wieder
3078 3510 55 39 als
3173 3511 308 51 sclbstständige

1888 3583 83 39 und
2001 3594 69 28 aus
2100 3583 118 39 allem
2248 3581 427 52 Vorhergegangenen
2704 3581 264 40 resultirendc
2999 3581 228 39 Tonstücke
3257 3582 226 40 betrachtet

1886 3654 165 41 werden
2079 3654 177 39 können.
2312 3653 94 41 Wir
2436 3654 139 40 finden
2614 3654 88 40 hier
2730 3652 311 51 durchgeführte
3072 3652 209 50 Themata,
3325 3654 158 41 welche

1959 3793 33 54 *)
2021 3794 92 40 Wir
2142 3793 135 41 haben
2319 3794 80 40 den
2438 3790 366 55 eigenthümlichen
2837 3790 220 41 Charakter
3086 3792 132 41 dieser
3245 3793 164 41 Etüden
3439 3794 43 40 in

2022 3857 111 40 einer
2162 3857 292 51 Beurtheilung
2483 3857 69 38 der
2580 3855 120 39 Hefte
2730 3854 71 40 der
2829 3854 147 40 dritten
3006 3855 303 53 Bildungsstufe
3335 3857 42 39 in
3409 3858 73 41 der

2022 3918 280 42 Rheinischen
2330 3917 331 51 Musik-Zeitung,
2691 3916 136 51 Jahrg.
2858 3917 53 46 11,
2941 3917 69 40 Nr.
3041 3918 58 47 18,
3129 3930 93 27 vom
3254 3919 34 39 1.
3307 3919 146 42 Novem-

2024 3983 74 41 ber
2131 3982 115 49 1851,
2276 3981 287 42 ausführlicher
2592 3979 200 49 erläutert,
2818 3981 159 40 worauf
3001 3981 73 41 wir
3102 3981 234 41 verweisen.

3065 4043 93 42 Die
3188 4045 215 42 Redact.

2803 4101 33 50 2

277 742 84 59 Nr.
402 743 46 59 2.

3019 736 60 59 11.
3123 735 283 77 Jahrgang.

1458 725 176 89 KÖLN,
1675 740 82 57 25.
1797 740 218 59 Februar
2055 739 144 60 1854.
