2659 3850
1328 3552 65 50 34

2110 3558 201 45 FÉVRIER
2348 3554 132 47 1922.

257 3575 56 32 LA
349 3563 113 45 CITÉ

334 262 103 53 plus
461 261 83 45 des
567 261 257 52 fragments
847 259 63 44 de
933 259 238 45 machines
1191 276 77 27 sur
1292 276 86 27 nos
1403 257 220 47 tableaux
1647 268 46 34 et
1715 274 89 27 nos
1825 264 188 41 statues,
2042 271 117 28 nous
2185 254 182 45 n'enten-

334 336 141 43 drons
497 334 105 54 plus
624 334 83 44 des
727 332 308 45 halètements
1059 333 61 45 de
1142 332 236 45 machines
1401 332 116 44 dans
1541 348 87 28 nos
1651 329 301 55 symphonies
1975 340 46 34 et
2044 346 88 29 nos
2154 330 194 52 poèmes
2379 344 11 26 :

332 408 258 45 seulement
619 408 84 44 des
731 406 163 55 profils
923 407 204 53 purifiés,
1160 408 82 44 des
1272 417 219 33 contours
1520 414 113 40 nets,
1669 405 81 43 des
1780 416 305 32 mouvement
2112 403 163 51 précis,
2310 401 83 43 des

332 494 148 41 gestes
511 483 321 52 catégoriques
864 483 200 42 associés
1094 499 58 26 en
1185 481 346 44 combinaisons
1561 477 298 45 absolument
1889 475 352 54 imprévisibles,
2277 476 116 44 mais

332 556 325 44 débarrassées
697 555 60 45 de
797 569 218 29 nouveau
1057 555 64 45 du
1158 552 412 47 sentimentalisme
1609 551 313 54 anecdotique
1962 562 47 34 et
2051 550 63 46 de
2153 548 240 47 l'incident

331 633 299 50 pittoresque,
661 631 317 51 exprimeront
1002 629 207 44 l'éternel
1236 631 247 42 sentiment
1510 628 60 43 de
1595 625 226 45 l'homme
1848 626 116 43 dans
1990 643 61 26 un
2077 624 200 52 langage
2303 638 90 38 que

331 704 43 44 la
404 704 345 53 fréquentation
779 702 228 44 familière
1037 704 60 43 de
1124 703 45 44 la
1197 702 212 44 machine
1437 718 112 27 aura
1577 699 293 45 transformé.
1904 697 187 45 Phidias
2119 699 77 44 n'a
2225 698 167 54 jamais

333 781 159 49 essayé
520 778 59 44 de
608 778 116 43 faire
746 793 160 38 passer
936 777 116 44 dans
1078 794 73 27 ses
1178 786 171 35 statues
1378 776 43 43 la
1449 774 355 54 métaphysique
1832 772 348 52 d'Anaxagore.
2214 770 120 46 Mais
2362 771 29 43 il

333 871 57 27 en
417 855 112 41 était
553 855 254 50 imprégné.
837 851 170 44 C'était
1031 852 45 43 la
1103 854 170 41 sienne.
1301 850 57 44 Et
1385 865 140 38 parce
1551 866 90 36 que
1667 847 157 45 c'était
1849 848 45 43 la
1920 849 173 48 sienne,
2122 847 30 43 il
2180 845 80 54 n'y
2286 861 80 28 son-

330 930 124 50 geait
480 944 86 35 pas
592 925 116 54 plus,
740 926 158 52 quand
925 925 30 44 il
984 925 248 44 travaillait
1256 925 44 44 le
1321 923 205 49 marbre,
1559 921 108 55 qu'à
1693 922 45 44 la
1767 922 152 43 forme
1950 921 59 44 de
2039 939 50 26 sa
2118 922 128 42 main
2275 938 61 25 ou
2363 920 29 41 à

332 1001 219 52 l'énergie
588 1000 60 44 de
680 1018 85 27 son
798 1017 143 26 cœur.
977 1000 118 43 Sans
1130 1016 89 37 que
1252 999 239 43 lui-même
1526 996 97 44 s'en
1662 995 166 45 doutât
1863 994 89 46 elle
1988 995 172 53 passait
2197 993 118 45 dans
2348 993 44 42 le

332 1075 188 45 marbre
546 1091 187 29 comme
761 1075 43 42 la
832 1074 154 43 forme
1014 1074 61 44 de
1099 1092 50 25 sa
1177 1075 124 41 main
1331 1082 46 34 et
1404 1071 216 51 l'énergie
1651 1070 60 43 de
1736 1086 87 27 son
1851 1086 140 27 cœur.

468 1148 57 45 Et
553 1148 280 54 cependant,
866 1148 148 43 faut-il
1044 1145 203 54 négliger
1274 1164 78 25 ces
1377 1147 301 51 symptômes,
1710 1146 155 42 même
1894 1143 159 54 quand
2083 1142 53 44 ils
2165 1141 228 45 affectent

332 1240 75 26 ces
438 1223 166 43 allures
637 1233 288 42 tapageuses,
959 1224 154 40 même
1146 1221 158 54 quand
1337 1219 53 44 ils
1420 1237 59 26 ne
1510 1218 207 45 révèlent
1750 1235 61 36 qu
1831 1234 60 27 un
1924 1216 123 45 désir
2078 1219 219 41 intéressé
2331 1231 61 26 ou

333 1297 145 53 puéril
503 1297 247 44 d'étonner
772 1314 61 25 ou
855 1295 290 53 d'indigner?
1176 1294 31 44 Il
1228 1311 31 35 y
1278 1313 41 30 a,
1345 1294 114 43 dans
1480 1304 73 32 cet
1575 1292 140 52 appel
1737 1296 28 39 à
1787 1292 44 43 la
1853 1290 226 49 machine,
2105 1308 91 26 aux
2217 1290 175 44 formes

332 1374 277 40 extérieures
650 1370 60 44 de
748 1370 45 43 la
832 1369 227 50 machine,
1103 1385 91 27 aux
1231 1367 350 44 modifications
1619 1365 210 52 infligées
1869 1368 29 41 à
1936 1374 134 33 notre
2110 1364 280 51 conception

332 1448 226 41 ancienne
584 1445 61 43 de
668 1444 203 52 l'espace
896 1454 47 35 et
967 1443 61 44 de
1051 1444 45 43 la
1121 1442 142 45 durée
1286 1457 85 38 par
1394 1441 189 44 l'action
1611 1440 60 45 de
1694 1439 46 45 la
1767 1438 226 51 machine,
2021 1456 90 26 une
2137 1437 253 45 indication

330 1522 273 40 saisissante.
631 1518 90 43 Ces
746 1517 371 62 manifestations
1142 1534 49 26 se
1213 1514 293 46 confondent
1530 1513 178 54 parfois
1733 1527 113 30 avec
1874 1531 59 26 un
1960 1522 304 35 mouvement
2287 1511 104 53 plus

331 1592 203 54 général,
565 1610 61 25 ou
650 1610 60 25 en
738 1591 226 48 dérivent,
995 1607 61 26 ou
1078 1591 183 42 suivent
1284 1606 92 27 une
1400 1586 239 45 évolution
1666 1586 234 54 parallèle,
1934 1604 61 26 ou
2020 1605 49 26 se
2097 1584 295 45 solidarisent

334 1685 116 26 avec
477 1667 64 43 les
570 1682 202 37 groupes
801 1668 76 50 qui
907 1674 179 36 tentent
1115 1664 60 44 de
1203 1664 43 42 le
1273 1678 247 37 propager.
1552 1661 128 45 Tout
1708 1663 209 47 entières,
1949 1660 46 43 la
2026 1662 211 49 peinture
2270 1670 46 33 et
2344 1660 48 44 la

332 1740 232 53 sculpture
591 1751 106 32 sont
725 1741 260 42 entraînées
1009 1755 106 27 vers
1143 1738 80 43 des
1249 1736 269 45 recherches
1546 1739 78 49 qui
1649 1753 49 26 se
1727 1734 239 54 qualifient
1995 1733 306 45 elles-mêmes
2333 1732 59 44 de

338 1831 24 27 «
393 1816 334 42 constructives
755 1830 42 31 »,
825 1816 81 49 qui
933 1812 193 45 tendent
1152 1814 27 40 à
1205 1812 207 42 restituer
1440 1813 28 40 à
1492 1810 47 43 la
1568 1808 154 44 forme
1746 1826 88 26 son
1861 1825 104 27 sens
1995 1806 321 45 architectural
2344 1812 48 39 et

336 1892 76 49 qui
438 1899 130 37 vont,
597 1905 121 35 pour
743 1887 43 44 la
812 1897 251 37 retrouver,
1092 1884 181 55 jusqu'à
1298 1885 259 52 supprimer
1582 1883 67 44 les
1673 1881 159 46 reflets
1858 1886 76 48 qui
1962 1880 199 45 dansent
2185 1899 75 27 sur
2287 1880 100 48 elle,

337 1962 335 52 l'atmosphère
707 1964 75 49 qui
818 1959 311 53 l'enveloppe,
1169 1976 71 26 ses
1273 1974 288 37 apparences
1597 1959 277 41 extérieures
1908 1959 167 45 même,
2115 1954 96 45 afin
2250 1955 61 44 de
2345 1955 47 44 la

336 2039 209 41 restituer
580 2034 132 44 selon
751 2050 72 27 ses
862 2033 284 44 dimensions
1183 2044 47 32 et
1267 2049 71 26 ses
1374 2031 215 45 volumes
1626 2030 352 44 abstraitement
2018 2030 253 50 envisagés.
2315 2028 77 44 Un

335 2112 163 42 besoin
527 2108 228 45 universel
785 2108 60 44 de
872 2106 233 44 redonner
1133 2110 27 39 à
1186 2105 197 44 l'œuvre
1412 2105 133 48 d'art,
1578 2108 28 39 à
1632 2104 45 44 la
1706 2106 184 47 société,
1924 2108 27 38 à
1980 2102 187 53 l'esprit,
2200 2102 193 51 l'aspect

334 2183 324 45 montfmental
687 2185 77 50 qui
792 2196 193 36 marque
1011 2180 120 51 leurs
1157 2178 202 54 grandes
1386 2181 206 49 époques
1622 2195 118 26 nous
1767 2186 275 35 tourmente.
2075 2174 32 47 Il
2138 2195 57 26 ne
2225 2176 142 51 s'apai-

334 2275 102 26 sera
459 2275 56 26 en
538 2273 117 26 nous
676 2272 90 36 que
787 2254 160 53 quand
969 2270 118 28 nous
1108 2252 202 45 l'aurons
1334 2252 206 44 satisfait.
1567 2251 57 43 Et
1648 2251 217 49 d'abord,
1893 2251 193 44 n'est-ce
2106 2269 98 36 pas,
2232 2249 158 55 quand

334 2349 118 27 nous
480 2331 205 43 l'aurons
713 2331 204 49 accepté.
951 2327 173 53 Quand
1155 2327 28 42 il
1213 2343 111 27 aura
1353 2327 144 51 quitté
1526 2325 64 44 les
1620 2325 200 44 théories
1848 2337 47 32 et
1924 2324 66 45 les
2020 2326 221 50 systèmes
2270 2339 123 37 pour

334 2405 251 54 s'épandre
614 2405 385 51 organiquement
1029 2400 58 44 de
1115 2400 43 44 la
1186 2398 291 55 profondeur
1506 2399 61 43 de
1592 2416 85 27 nos
1705 2402 127 40 âmes
1862 2399 116 43 dans
2006 2397 67 46 les
2101 2399 292 51 expressions

336 2479 279 51 esthétiques
640 2489 44 31 et
710 2474 194 46 sociales
930 2491 91 36 que
1045 2490 117 27 nous
1186 2473 287 54 prétendons
1499 2491 56 26 en
1585 2473 192 43 donner.

1336 2644 50 43 V

473 2773 68 44 Or
567 2773 44 43 la
640 2770 227 50 machine,
900 2773 28 40 à
955 2768 174 45 l'heure
1158 2766 208 51 actuelle,
1398 2780 69 32 est
1493 2768 44 44 la
1566 2767 125 45 seule
1719 2768 154 44 forme
1898 2769 265 41 construite.
2196 2765 58 45 Et
2282 2781 82 27 con-

336 2851 157 41 struite
521 2849 399 50 organiquement,
950 2860 56 27 en
1034 2852 187 43 partant
1248 2842 63 43 du
1335 2850 157 35 centre
1517 2841 211 44 invisible
1754 2841 82 44 des
1864 2841 234 44 fonctions
2124 2839 269 52 complexes

336 2926 27 40 à
387 2921 190 53 remplir
602 2938 120 35 pour
748 2919 184 44 aboutir
958 2921 27 40 à
1011 2915 367 45 l'efflorescence
1405 2915 204 53 tangible
1637 2916 81 43 des
1748 2930 195 37 organes
1971 2918 28 40 à
2027 2913 181 45 utiliser.
2239 2914 54 53 Je
2323 2913 69 43 dis

337 2996 45 44 la
407 2995 141 53 seule,
578 2994 108 53 qu'il
715 2994 188 51 s'agisse
930 2990 366 48 d'architecture,
1329 2990 60 43 de
1416 2992 221 50 peinture,
1670 2989 61 44 de
1759 2987 244 54 sculpture,
2037 2989 61 44 de
2124 2988 267 46 littérature,

340 3069 189 44 d'ordre
553 3067 225 54 politique
802 3084 61 25 ou
884 3064 155 45 social.
1065 3062 149 50 Seule,
1241 3081 57 25 au
1322 3062 152 44 milieu
1499 3063 82 44 des
1604 3066 162 47 ruines,
1794 3062 248 52 complète,
2072 3062 126 49 dure,
2226 3061 139 45 redou-

338 3144 142 49 table,
516 3142 175 45 définie
719 3158 87 37 par
835 3153 107 32 tous
971 3156 72 27 ses
1074 3135 179 57 profils,
1287 3138 139 43 assise
1458 3147 128 33 entre
1618 3137 82 44 des
1731 3136 134 52 plans
1896 3137 333 51 catégoriques,
2264 3137 107 43 résis-

340 3229 139 37 tante,
519 3226 284 43 attaquante,
840 3216 190 41 vivante
1065 3229 85 35 par
1181 3228 52 26 sa
1269 3227 149 27 masse
1452 3213 155 41 même
1642 3222 45 32 et
1723 3226 70 28 ses
1828 3209 179 51 saillies,
2048 3209 88 45 elle
2172 3209 159 43 donne
2366 3210 27 40 à

340 3292 174 51 l'esprit
543 3290 138 44 avide
712 3288 191 45 d'ordre
929 3287 45 44 la
1004 3288 206 42 sécurité.
1244 3284 302 53 Remarquez,
1581 3286 115 42 dans
1728 3285 43 43 le
1801 3285 221 43 domaine
2053 3283 59 45 de
2142 3283 251 44 l'architec-
