2295 3810
2094 221 78 51 363

850 226 325 28 PUBLICATIONS
1209 228 260 28 NOUVELLES

157 315 192 54 rythmas
368 316 202 40 animatce
591 316 95 41 voci
718 317 277 55 cognoscitur
1010 318 226 40 attributus
1262 330 7 24 :
1305 320 73 54 qui
1409 327 98 33 tune
1536 321 180 54 pulchre
1733 323 132 40 melos
1901 325 199 49 custodit,
2135 325 37 39 si

160 389 95 50 apte
277 390 149 45 taceat,
450 391 286 47 congruenter
753 387 214 54 loquatur,
987 393 37 33 et
1054 402 85 24 PER
1162 401 232 27 ACCENTUS
1413 403 108 25 VIAM
1552 403 183 27 MUSICIS
1775 405 192 28 PEDIBUS
1997 401 145 46 compo-

158 453 82 39 sita
275 468 99 25 voce
405 453 230 55 gradiatur
653 468 9 34 ;
704 455 276 41 c'est-à-dire
1006 471 6 25 :
1044 469 19 25 «
1085 456 104 40 c'est
1221 460 21 36 à
1268 456 39 40 la
1347 458 99 39 voix
1491 459 190 50 animée,
1716 472 55 27 on
1796 459 39 40 le
1867 462 100 49 sait,
2013 476 86 37 que
2131 462 39 40 le

159 522 176 52 rythme
369 522 172 41 naturel
566 532 66 31 est
678 523 193 41 attribué
893 538 8 34 ;
928 524 29 39 il
982 523 190 42 observe
1195 524 40 41 la
1261 525 193 40 mélodie
1479 526 110 40 dans
1629 541 45 25 sa
1700 533 170 46 pureté,
1916 530 67 39 s'il
2020 544 46 26 se
2090 532 78 38 tait

161 595 21 35 à
207 603 167 40 propos
410 601 41 30 et
473 591 123 52 parle
620 593 150 50 quand
795 593 29 39 il
848 594 223 46 convient,
1110 602 40 31 et
1190 595 52 45 si,
1285 608 84 25 PAR
1392 593 233 45 L'ACCENT,
1669 595 40 40 la
1739 598 102 38 voix
1864 596 104 41 bien
2008 599 135 39 ordon-

158 663 82 36 née
264 660 204 41 s'avance
501 661 113 39 dans
646 661 40 39 la
710 663 100 39 voie
840 661 77 40 des
951 661 127 52 pieds
1115 663 246 41 musicaux.
1399 675 19 24 »
1454 662 203 50 (Edition
1697 664 53 40 de
1785 669 120 47 1679,
1947 680 116 38 page
2089 669 48 48 38
2157 681 9 34 ;

157 727 262 52 Patrologie
438 729 149 46 latine,
615 744 112 36 LXIX,
750 744 36 26 C.
817 733 118 49 570.)

212 795 65 41 Le
296 798 164 39 second
483 806 111 32 texte
607 807 66 31 est
692 812 86 26 une
799 799 211 40 réflexion
1034 798 105 41 d'un
1154 800 201 40 étudiant
1376 800 176 50 anglais
1578 804 21 36 à
1641 800 158 52 Rome,
1827 816 54 26 au
1905 817 60 25 vn
1970 808 15 16 e
2018 803 147 47 siècle,

156 864 229 47 Aldhelm,
406 866 111 40 dans
538 880 87 26 une
644 866 54 40 de
722 880 70 27 ses
813 867 149 41 lettres
988 871 22 36 à
1028 882 60 26 un
1113 870 89 38 ami
1226 866 311 52 d'Angleterre
1561 869 57 39 :il
1636 882 46 27 se
1705 870 143 52 plaint
1868 871 137 40 d'être
2017 870 151 52 obligé

157 933 296 53 d'apprendre
479 948 17 24 «
521 941 175 34 centena
710 935 162 41 scilicet
892 941 234 35 metrorum
1148 951 161 39 généra
1327 936 189 55 pedestri
1543 937 154 53 régula
1735 937 254 52 discernere,
2015 945 36 33 et
2089 955 52 24 AD-

157 1016 133 26 MISTA
308 1017 259 27 CANTILENVE
586 1017 296 28 MODULAMINA
898 1010 113 34 recto
1030 1005 261 52 syllabarum
1314 1005 168 40 tramite
1502 1005 195 41 lustrare.
1728 1004 135 56 Cujus
1884 1007 63 39 rei
1967 1007 202 42 studiosis

157 1071 227 40 lectoribus
429 1078 115 34 tanto
576 1071 345 42 inextricabilior
949 1073 233 40 obscuritas
1218 1073 300 56 prœtenditur,
1562 1080 159 48 quanto
1763 1075 144 40 rarior
1946 1077 220 39 doctorum

157 1140 283 40 numerositas
461 1140 207 55 reperitur
681 1156 7 25 :
708 1155 19 24 «
753 1142 225 41 discerner
1001 1157 113 26 DANS
1138 1157 52 25 LA
1213 1156 142 27 PROSE
1380 1143 78 40 des
1489 1144 227 40 centaines
1747 1141 226 56 d'espèces
1994 1144 54 41 de
2068 1151 66 34 mè-

157 1218 104 38 tres,
288 1218 41 31 et
346 1223 55 26 en
419 1218 177 32 trouver
613 1208 320 55 l'application,
959 1226 80 37 par
1056 1212 39 39 le
1115 1212 115 40 droit
1246 1212 177 40 chemin
1437 1212 78 40 des
1534 1212 213 52 syllabes,
1768 1227 111 27 DANS
1902 1228 76 25 LES
1997 1219 139 35 MÉLAN-

157 1292 81 26 GES
263 1278 78 40 des
376 1278 304 41 modulations
716 1280 58 39 du
808 1280 148 40 chant.
982 1278 64 42 La
1079 1280 135 40 chose
1246 1285 144 47 paraît
1427 1294 82 26 aux
1532 1281 224 40 étudiants
1787 1282 206 40 studieux
2032 1282 133 40 d'une

157 1346 226 42 obscurité
409 1348 119 39 aussi
551 1347 345 53 impénétrable,
923 1348 144 51 qu'est
1089 1362 98 26 rare
1209 1348 39 40 le
1267 1348 189 40 nombre
1476 1349 54 39 de
1549 1362 107 27 ceux
1677 1351 75 49 qui
1774 1349 92 41 s'en
1884 1359 101 32 sont
2002 1351 164 40 rendus

155 1419 198 37 maîtres.
375 1427 19 24 »
423 1414 157 53 (Epist.
609 1415 74 48 IV,
709 1416 121 40 Patr.
855 1414 119 49 Lat.,
998 1416 187 51 LXXXIX.)

1295 1416 191 40 AMÉDÉE
1519 1416 233 42 GASTOUÉ.

209 1547 85 40 TH.
322 1548 225 41 DUREAU:
592 1546 139 41 Cours
766 1547 218 54 théorique
1029 1553 37 34 et
1104 1547 196 55 pratique
1340 1546 40 41 dé
1386 1547 377 40 instrumentation
1806 1554 37 33 et
1883 1549 38 38 dé
1928 1546 223 56 orchestration,

152 1546 63 41 I
215 1546 126 41 er
404 1546 252 41 vol.
719 1546 315 41 (chez
1097 1546 126 41 A.
1286 1546 378 41 Leduc,
1727 1546 63 41 8
1853 1546 314 41 fr.).

1121 1614 62 41 Ce
1206 1618 195 49 premier
1422 1616 180 40 volume
1634 1624 65 32 est
1723 1621 212 35 consacré
1957 1620 21 36 à
2004 1616 162 41 l'étude

156 1684 78 40 des
258 1685 311 49 instruments,
593 1696 86 39 que
701 1682 63 41 M.
786 1682 180 42 Dureau
990 1684 136 40 décrit
1147 1697 54 27 en
1225 1684 150 46 détail,
1401 1697 104 27 avec
1529 1692 155 32 autant
1698 1684 53 39 de
1773 1689 286 47 compétence
2083 1699 85 38 que

150 1750 261 42 d'autorité.
452 1751 124 42 Nous
617 1765 198 27 sommes
858 1752 198 40 heureux
1098 1752 54 39 de
1195 1754 99 38 voir
1330 1766 86 38 que
1474 1750 189 42 l'auteur
1705 1750 155 42 définit
1909 1752 259 41 l'orchestre

148 1819 18 54 d
184 1819 17 54 1
219 1819 17 54 «
261 1820 251 41 Harmonie
538 1833 19 24 »
583 1833 172 26 comme
793 1820 39 39 la
867 1821 426 40 sous-commission
1318 1821 58 40 du
1415 1819 206 51 Congrès
1645 1821 54 38 de
1722 1819 145 49 Paris,
1893 1824 21 35 à
1938 1819 201 54 l'Exposi-

149 1891 95 38 tion
266 1889 55 40 de
371 1903 105 37 1900
517 1889 257 52 (composée
813 1889 53 39 de
920 1887 114 41 MM.
1071 1887 189 42 Vincent
1302 1888 172 53 d'lndy,
1518 1889 198 46 Dureau,
1758 1889 173 40 colonel
1967 1889 196 48 Baudot,

148 1957 157 48 Pares)
336 1969 6 28 :
369 1962 39 35 i°
432 1957 297 41 Instruments
755 1961 21 35 à
802 1957 157 40 souffle
992 1966 41 31 et
1056 1958 165 39 anches
1242 1957 189 41 doubles
1456 1973 6 24 :
1486 1959 137 50 petite
1645 1957 104 40 flûte
1780 1957 64 52 en
1941 1957 32 52 ,
2005 1957 129 52 gran-

152 2026 77 40 des
252 2026 130 40 flûtes
419 2040 53 26 en
506 2032 61 43 ut,
604 2025 214 41 hautbois
842 2039 54 26 en
928 2031 60 44 ut,
1023 2039 75 27 cor
1133 2026 177 50 anglais
1334 2040 54 26 en
1408 2027 48 50 fa
1502 2024 66 54 (*),
1595 2025 193 40 bassons
1809 2039 54 26 en
1900 2031 60 43 ut,
1987 2040 153 26 saruso-

150 2095 150 52 phone
317 2094 288 40 contrebasse
628 2108 53 26 en
705 2094 59 40 mi
820 2108 57 26 ou
889 2095 57 53 fa
966 2093 49 54 (*)
1038 2108 56 34 ;2
1100 2100 17 16 0
1142 2093 297 41 Instruments
1463 2108 54 26 en
1555 2093 102 41 bois
1698 2098 19 35 à
1763 2094 163 40 anches
1951 2095 184 52 simples
2155 2106 6 24 :

151 2166 136 49 petite
308 2163 230 40 clarinette
570 2176 55 26 en
655 2162 62 40 mi
795 2176 56 27 ou
874 2163 63 50 fa,
964 2163 195 50 grandes
1183 2163 256 40 clarinettes
1462 2176 55 26 en
1535 2162 39 40 si
1637 2176 57 26 ou
1728 2168 57 41 ut,
1811 2162 230 40 clarinette
2076 2164 88 39 alto

152 2245 55 27 en
227 2231 91 53 mify
362 2244 57 28 ou
432 2232 64 50 fa,
519 2231 231 40 clarinette
771 2230 133 41 basse
924 2244 54 27 en
994 2232 66 52 si\>
1100 2245 57 27 ou
1182 2237 43 33 ut
1262 2246 8 33 ;
1300 2246 17 35 3
1326 2239 13 14 0
1357 2230 298 41 Instruments
1694 2244 54 26 en
1782 2232 148 38 cuivre
1954 2235 22 35 à
2001 2232 163 39 anches

158 2300 186 52 simples
363 2298 317 54 (saxophones)
701 2313 7 25 :
730 2300 259 52 saxophone
1013 2314 196 38 soprano
1234 2313 54 26 en
1305 2299 38 39 si
1362 2313 18 35 {7
1410 2313 56 26 ou
1488 2305 57 43 ut,
1573 2299 259 51 saxophone
1853 2299 89 40 alto
1971 2313 53 26 en
2046 2299 62 40 mi
2128 2318 16 33 [7

152 2383 57 26 ou
221 2374 74 47 Ja,
332 2368 258 52 saxophone
624 2372 126 35 ténor
774 2381 54 26 en
854 2367 39 40 si
916 2381 18 35 {7
970 2382 55 26 ou
1049 2374 58 44 ut,
1140 2368 260 52 saxophone
1431 2366 189 54 baryton
1644 2381 54 26 en
1722 2367 60 40 mi
1860 2381 57 27 ou
1928 2368 74 53 fa,
2032 2381 108 26 saxo-

150 2438 151 52 phone
324 2437 132 40 basse
488 2450 54 27 en
570 2436 39 39 si
668 2449 56 27 ou
744 2442 43 33 ut
807 2447 55 38 ;4
869 2444 14 14 0
917 2436 298 41 Instruments
1246 2450 54 25 en
1332 2438 149 38 cuivre
1515 2441 20 34 à
1567 2435 305 42 embouchure
1913 2445 41 32 et
1995 2440 22 35 à
2058 2449 106 28 sons

150 2507 131 39 clairs
304 2522 7 24 :
339 2514 263 43 trompettes
622 2519 53 26 en
707 2521 55 23 mi
834 2518 56 27 ou
898 2506 74 53 fa,
995 2514 176 31 cornets
1204 2509 21 35 à
1247 2507 175 50 pistons
1445 2519 55 26 en
1521 2503 38 41 si
1613 2518 55 27 ou
1688 2510 59 45 ut,
1778 2519 97 26 cors
1909 2519 54 26 en
1994 2503 61 40 mi
2069 2522 16 27 h,
2107 2518 57 27 ou

149 2576 65 51 fa,
242 2574 238 41 trombone
513 2574 89 40 alto
636 2587 53 27 en
720 2573 61 40 mi
851 2587 56 27 ou
919 2574 59 53 fa
1003 2573 69 54 (*),
1109 2573 238 41 trombone
1371 2578 127 35 ténor
1526 2587 54 26 en
1598 2578 60 45 ut,
1681 2573 236 41 trombone
1956 2572 132 41 basse
2111 2587 54 26 en

146 2645 49 51 fa
217 2644 51 51 (*)
294 2655 8 37 ;
332 2658 14 37 5
355 2648 17 17 0
397 2642 296 41 Instruments
728 2656 54 26 en
825 2644 149 38 cuivre
1010 2647 20 36 à
1072 2642 305 41 embouchure
1399 2651 40 31 et
1483 2646 21 35 à
1542 2655 106 27 sons
1672 2642 116 40 doux
1829 2654 7 27 :
1883 2644 108 50 petit
2029 2641 136 51 bugle

147 2710 236 54 (soprano)
407 2724 53 26 en
481 2710 60 40 mi
595 2724 56 27 ou
660 2711 64 51 fa,
749 2710 162 51 bugles
926 2712 282 49 (contraltos)
1227 2724 54 26 en
1312 2710 38 40 si
1364 2724 32 38 9
1396 2724 66 38 ou
1479 2716 59 44 ut,
1564 2710 113 40 altos
1700 2708 258 54 (saxhorns)
1980 2724 55 26 en
2057 2710 60 38 mi

150 2794 56 28 ou
216 2781 67 52 fa,
301 2780 215 52 barytons
539 2780 239 49 (saxhorns
791 2790 76 29 Ken
886 2779 38 40 si
941 2777 1 56 '
943 2806 14 25 9
979 2794 56 26 ou
1048 2786 60 41 ut,
1122 2779 216 53 barytons
1358 2777 253 53 (saxhorns)
1630 2792 54 26 en
1703 2778 39 38 si
1801 2792 56 26 ou
1871 2784 58 44 ut,
1944 2778 155 40 basses
2111 2791 53 26 en

146 2849 39 40 si
251 2863 57 26 ou
331 2855 60 40 ut,
412 2848 290 40 contrebasse
722 2862 54 26 en
799 2848 60 39 mi
871 2866 16 31 y,
912 2862 56 26 ou
981 2849 73 53 fa,
1077 2848 289 40 contrebasse
1385 2860 54 26 en
1461 2846 39 40 si
1558 2860 57 26 ou
1635 2852 59 44 ut,
1717 2846 288 40 contrebasse
2030 2850 21 35 à
2072 2858 69 28 cor-

146 2917 77 40 des
250 2929 9 36 ;
285 2922 45 36 6°
354 2916 299 41 Instruments
678 2921 21 35 à
719 2921 264 47 percussion
1011 2928 7 27 :
1045 2916 209 41 timbales
1270 2917 105 49 (une
1392 2913 155 54 paire),
1575 2915 217 49 triangles
1809 2923 41 31 et
1874 2915 286 39 accessoires.

202 2985 164 52 Quand
391 2985 63 40 les
471 2986 296 39 instruments
787 2985 87 40 dits
895 2999 19 24 «
937 2987 352 50 transpositeurs
1315 2997 19 24 »
1358 2982 232 41 seront-ils
1611 2987 223 45 ramenés,
1860 2983 113 39 dans
2004 2982 40 40 la
2066 2997 73 37 pra-

146 3056 137 51 tique,
312 3069 83 25 aux
419 3054 119 39 seuls
559 3062 101 32 tons
685 3054 25 39 d
731 3060 44 33 ut
794 3062 41 32 et
859 3054 53 39 de
925 3055 46 47 fa
1003 3058 16 35 ?
1042 3052 87 41 Les
1154 3054 325 51 compositeurs
1508 3053 75 49 qui
1603 3051 199 40 désirent
1836 3051 39 40 la
1915 3051 224 50 vulgarisa-

146 3124 93 39 tion
263 3123 54 40 de
338 3122 118 40 leurs
477 3136 175 27 œuvres
675 3124 202 38 auraient
901 3122 39 41 le
963 3122 101 52 plus
1087 3122 144 50 grand
1256 3123 159 38 intérêt
1436 3124 22 35 à
1476 3121 182 38 insister
1689 3133 114 39 pour
1835 3133 86 38 que
1945 3119 219 40 l'écriture

147 3192 53 39 de
223 3192 40 39 la
282 3190 211 54 partition
517 3187 23 57 d
562 3187 23 57 1
607 3187 180 57 harmonie
810 3193 86 38 soit
919 3190 38 40 la
983 3195 146 35 même
1154 3203 85 40 que
1262 3189 108 40 celle
1394 3189 54 39 de
1481 3188 39 40 la
1542 3194 210 47 partition
1775 3187 254 40 d'orchestre
2051 3203 86 37 sym-

145 3258 234 56 phonique.
412 3258 342 42 —L'excellent
778 3273 200 36 ouvrage
995 3260 54 39 de
1068 3259 61 40 M.
1150 3258 181 40 Dureau
1371 3255 262 41 n'intéresse
1658 3270 82 39 pas
1775 3256 248 40 seulement
2067 3265 99 31 tous

146 3328 64 40 les
245 3327 138 51 chefs,
413 3330 113 38 mais
552 3328 63 40 les
637 3329 155 51 jeunes
816 3330 258 46 musiciens,
1100 3336 40 32 et
1158 3336 100 32 tous
1282 3340 105 26 ceux
1413 3327 75 51 qui
1511 3326 180 40 veulent
1715 3339 45 26 se
1788 3326 157 40 rendre
1972 3333 191 44 compte.

1889 3392 46 42 S.

190 3543 36 42 (*)
248 3543 206 34 Facultatif.
