2293 3729
2076 195 76 38 359

845 200 52 25 LA
930 200 201 31 MUSIQUE
1164 200 53 26 ET
1251 201 53 25 LA
1335 201 138 26 MAGIE

137 294 216 52 analogue
393 297 21 35 à
452 291 108 41 celle
602 293 76 50 qui
715 296 158 48 sépare
910 291 38 40 la
986 293 141 51 petite
1164 292 120 47 flûte,
1327 292 39 39 la
1407 292 121 47 flûte,
1552 292 40 39 la
1617 291 243 39 clarinette.
1886 289 116 40 Mais
2038 297 110 44 tout,

137 365 68 44 ici,
233 376 43 26 se
298 367 178 35 ramène
497 373 160 28 encore
683 364 21 36 à
732 374 82 27 une
836 363 209 49 question
1065 358 271 42 d'intensité.

194 432 37 48 c)
251 430 69 41 En
344 444 46 26 ce
408 431 72 51 qui
504 442 217 28 concerne
745 430 62 40 les
828 429 134 52 objets
993 443 50 24 en
1063 434 268 34 mouvement
1336 460 9 15 ,
1381 428 39 40 le
1441 429 302 51 compositeur
1762 436 104 44 peut
1889 426 261 52 reproduire

137 501 38 40 le
198 500 176 52 rythme
393 499 51 40 de
468 511 46 26 ce
546 506 303 38 mouvement,
873 511 47 26 sa
950 497 148 40 durée,
1126 510 48 27 sa
1199 497 234 45 direction,
1457 510 46 26 sa
1540 496 191 50 légèreté
1754 509 57 27 ou
1847 509 47 26 sa
1921 494 226 41 lourdeur.

211 568 68 40 Au
304 568 98 40 delà
423 567 51 40 de
494 580 71 27 ces
585 579 272 34 ressources,
882 567 38 50 je
944 579 54 26 ne
1019 567 98 38 vois
1142 567 93 38 rien
1268 565 53 40 de
1345 566 188 39 sérieux.

192 637 119 40 Pour
336 637 224 45 terminer,
595 634 45 53 je
682 635 215 41 donnerai
933 635 39 40 la
1014 632 319 42 classification
1369 635 204 38 suivante
1607 633 78 40 des
1723 630 302 47 Beaux-Arts,
2065 643 85 38 que

136 705 240 52 Westphal
397 720 21 25 a
442 705 296 39 reconstituée
762 704 175 52 d'après
971 717 88 26 une
1093 703 243 39 indication
1357 706 238 36 conservée
1622 715 80 38 par
1724 700 163 40 hasard
1912 699 113 40 clans
2064 710 86 27 une

137 774 167 41 scholie
327 774 53 40 de
400 774 38 40 la
463 774 275 49 grammaire
757 772 54 40 de
831 771 151 53 Denys
1000 772 38 39 le
1061 770 188 41 Thrace.
1277 770 97 40 Elle
1397 778 65 32 est
1484 770 87 40 due
1588 774 22 35 à
1635 768 257 52 undisciple
1908 767 26 40 d
1955 767 195 39 Aristote

137 848 87 35 très
241 856 86 38 peu
345 856 159 33 connu,
529 840 167 41 Lucius
714 842 53 39 de
786 840 172 41 Tarrha
982 838 73 54 (cf.
1089 839 245 41 Fabricius,
1350 838 117 40 Bibl.
1493 852 89 39 gr.,
1610 837 73 47 IV,
1710 835 115 53 265),
1845 837 114 38 mais
1978 835 83 40 elle
2081 849 27 24 n
2129 848 21 25 a

138 913 93 38 rien
251 912 139 51 perdu
414 911 51 40 de
489 924 47 26 sa
555 910 155 40 valeur
732 919 40 31 et
792 910 54 40 de
870 923 82 27 son
971 908 248 41 admirable
1242 912 164 36 netteté
1428 904 74 55 (1).

1469 2133 139 55 JULES
1642 2132 282 41 COMBARIEU.

633 2401 76 41 La
738 2399 273 52 musique
1047 2401 56 38 et
1133 2397 54 42 la
1220 2397 190 53 magie

1454 2395 172 56 [Suite).

194 2535 216 50 Folklore,
436 2534 173 53 mythes,
637 2535 201 52 légendes
858 2533 243 40 orientales.
1197 2532 33 41 Il
1250 2542 105 43 peut
1372 2537 193 48 paraître
1584 2533 218 50 singulier
1820 2533 132 52 qu'en
1969 2533 186 50 général

141 2605 62 39 les
245 2604 183 52 peuples
465 2601 165 43 n'aient
655 2616 94 40 pas,
776 2617 76 26 sur
875 2602 62 40 les
973 2601 262 41 fondateurs
1273 2602 53 40 de
1366 2602 95 40 leur
1484 2603 210 50 musique
1726 2602 144 40 vocale
1879 2632 7 14 ,
1921 2601 78 40 des
2020 2604 131 38 récits

139 2672 310 40 traditionnels
469 2681 41 31 et
534 2671 287 41 merveilleux
845 2684 173 27 comme
1047 2670 54 40 ils
1122 2684 53 26 en
1200 2679 75 31 ont
1299 2683 75 27 sur
1399 2670 62 40 les
1482 2672 258 38 inventeurs
1765 2670 52 40 de
1840 2670 117 39 leurs
1986 2669 142 40 instru-

139 2747 134 33 ments
295 2741 53 39 de
372 2743 220 49 musique.
620 2740 62 40 La
715 2742 150 37 raison
899 2740 93 39 s'en
1020 2739 207 51 explique
1251 2738 249 52 cependant
1543 2754 6 23 :
1590 2751 174 27 comme
1798 2738 39 40 le
1865 2738 210 50 langage,
2115 2738 39 39 le

138 2809 132 40 chant
293 2818 65 30 est
380 2809 171 40 naturel
576 2810 102 39 chez
712 2809 212 39 l'homme
950 2822 8 34 ;
984 2816 57 39 et,
1065 2822 80 37 par
1164 2808 129 45 suite,
1317 2820 57 26 on
1396 2804 67 41 n'a
1490 2820 145 26 aucun
1660 2805 134 41 motif
1816 2806 53 40 de
1890 2806 261 39 rechercher

140 2879 34 38 si
199 2879 39 38 le
259 2878 132 39 chant
415 2887 64 31 est
503 2877 277 41 d'invention
798 2877 165 39 divine.
991 2875 49 51 (Il
1059 2890 27 37 y
1120 2889 21 25 a
1183 2888 87 27 une
1292 2876 230 50 exception
1545 2879 21 35 à
1600 2873 126 44 faire,
1765 2887 173 27 comme
1968 2888 115 26 nous
2112 2875 39 39 le

143 2955 299 37 montrerons,
474 2959 114 39 pour
619 2946 61 39 les
704 2942 286 55 Egyptiens.)
1015 2942 64 41 La
1108 2944 209 50 musique
1340 2942 342 40 instrumentale
1705 2950 65 32 est
1794 2950 93 32 tout
1912 2950 125 31 autre
2063 2955 7 25 :
2096 2954 57 27 on

143 3014 39 39 la
199 3015 187 50 regarde
401 3023 177 42 partout
595 3027 174 28 comme
793 3022 133 43 ayant
950 3025 87 27 une
1060 3013 173 49 origine
1255 3011 297 40 surnaturelle
1576 3019 40 32 et
1638 3025 57 26 un
1716 3012 191 51 pouvoir
1921 3011 231 51 magique.

198 3082 31 40 Il
250 3091 65 32 est
338 3084 157 39 inutile
531 3084 53 40 de
623 3091 234 44 rapporter
879 3083 53 37 ici
958 3081 62 39 les
1054 3081 238 39 traditions
1326 3080 369 52 mythologiques
1719 3079 103 40 bien
1856 3092 198 27 connues
2077 3079 78 40 des

184 3219 47 36 (\)
257 3220 79 31 Une
357 3222 98 30 seule
477 3220 141 33 réserve
638 3222 17 29 à
678 3218 103 35 faire.
802 3219 103 32 Nous
925 3219 124 31 disons
1067 3227 85 23 avec
1174 3218 121 32 raison
1316 3218 86 40 qu'il
1419 3229 23 30 y
1466 3228 18 21 a
1507 3218 61 31 des
1590 3227 85 22 sons
1694 3217 116 38 hauts,
1833 3227 167 26 moyens,
2023 3217 59 31 bas
2089 3243 6 14 ,
2121 3227 37 22 ce

142 3269 61 40 qui
226 3269 178 41 implique
426 3270 61 32 des
504 3270 174 32 éléments
699 3269 186 32 musicaux
925 3269 208 40 empruntés
1160 3277 42 22 au
1223 3275 155 32 concept
1402 3267 42 31 de
1467 3268 170 39 l'espace.
1664 3266 101 33 Cette
1785 3267 158 31 manière
1974 3267 44 32 de
2039 3270 119 37 parler

144 3326 52 24 est
213 3318 176 43 légitime,
414 3330 69 29 car,
501 3318 330 38 instinctivement,
856 3330 92 20 nous
967 3328 193 21 ramenons
1183 3324 101 25 toute
1305 3317 157 32 mélodie
1477 3317 184 32 entendue
1681 3328 43 21 au
1750 3324 85 35 type
1857 3317 43 32 de
1922 3319 33 30 la
1976 3317 181 40 musique,

145 3371 32 28 la
196 3368 82 32 voix
301 3369 186 33 humaine.
514 3369 64 37 Or,
604 3371 33 30 la
659 3368 83 33 voix
767 3379 17 22 a
802 3380 16 31 3
844 3368 172 42 registres
1045 3377 6 20 :
1073 3370 32 29 le
1125 3366 154 44 registre
1296 3367 43 32 de
1361 3367 172 41 poitrine,
1559 3370 31 29 le
1607 3367 153 42 registre
1783 3369 146 38 palatal,
1953 3369 32 29 le
2006 3366 152 43 registre

142 3418 42 31 de
209 3421 81 29 tête.
315 3418 93 33 C'est
430 3422 31 29 la
482 3419 161 41 position
664 3419 44 32 de
731 3429 56 22 ces
807 3418 133 41 parties
969 3418 46 32 du
1044 3429 104 29 corps
1171 3417 62 41 qui
1261 3417 199 33 détermine
1479 3427 40 23 ce
1553 3427 70 31 que
1646 3428 91 21 nous
1761 3419 175 38 appelons
1959 3420 32 28 la
2008 3417 150 30 hauteur

143 3467 44 31 du
209 3478 82 21 son.
313 3467 25 32 Il
360 3478 42 22 en
420 3470 131 32 résulte
572 3479 71 32 que
668 3469 89 32 dans
783 3478 69 22 une
863 3467 246 42 composition
1131 3470 17 30 à
1174 3467 181 41 plusieurs
1379 3468 148 40 parties,
1549 3470 32 30 le
1620 3467 177 32 musicien
1821 3475 87 32 peut
1927 3467 141 32 donner
2088 3476 70 22 une

143 3516 78 33 idée
241 3518 43 31 de
300 3519 32 30 la
357 3518 159 40 position
541 3519 151 33 relative
710 3519 43 32 de
774 3519 92 32 deux
890 3519 129 41 objets.

390 1087 142 37 ARTS
562 1087 403 39 PLASTIQUES

341 1151 94 35 Arts
458 1150 55 36 du
537 1162 118 38 repos
681 1158 39 28 et
749 1150 49 36 de
830 1150 185 50 l'espace.

1354 1086 143 36 ARTS
1528 1084 340 39 MUSICAUX

1207 1150 95 35 Arts
1331 1148 55 36 du
1407 1154 257 31 mouvement
1683 1155 39 28 et
1743 1146 50 37 de
1818 1146 38 37 la
1877 1145 138 36 durée.

162 1449 22 23 s

163 1491 21 19 p

163 1515 21 19 b

163 1538 21 14 (x>

163 1582 21 15 10

163 1602 21 18 p

163 1625 21 16 O

895 1280 34 34 A
953 1291 7 24 :
993 1286 82 28 arts
1104 1279 283 46 subjectifs.

520 1354 308 37 Architecture.
1143 1351 3 49 |
1503 1351 213 49 Musique.

777 1484 30 35 B
837 1497 6 22 :
875 1491 81 29 arts
979 1484 529 46 subjectifs-objectifs.

572 1557 214 37 Peinture.
1143 1557 3 37 1
1529 1557 164 37 Poésie.

2105 1484 21 21 s

2105 1527 21 18 p

2105 1548 22 21 N:

2105 1574 21 20 ;s

2105 1600 35 18 o.

2106 1621 21 27 n

163 1646 21 26 £

919 1686 29 36 C
976 1697 7 24 :
1016 1693 82 29 arts
1128 1685 243 46 objectifs.

557 1761 241 48 Sculpture.
1144 1761 3 48 1
1533 1761 153 35 Danse.

728 1887 76 37 Loi
828 1887 193 37 formelle
1050 1886 194 50 générale
1271 1899 7 26 :
1310 1887 254 49 Répétition.

261 1966 74 36 Loi
356 1966 73 36 des
452 1973 82 28 arts
558 1964 50 37 de
632 1964 178 47 l'espace
838 1977 7 22 :
871 1962 228 49 Symétrie.
1145 1963 5 34 1
1222 1961 76 37 Loi
1318 1962 73 36 des
1412 1970 82 28 arts
1518 1961 221 37 musicaux
1760 1974 7 25 :
1799 1962 202 49 Rythme.
