2293 3686
167 186 76 46 360

846 197 50 25 LA
927 196 202 31 MUSIQUE
1165 196 51 25 ET
1251 196 50 25 LA
1331 195 135 25 MAGIE

164 282 178 38 anciens
381 279 134 42 Grecs
555 289 39 31 et
637 281 217 41 Romains
890 296 75 26 sur
987 280 205 52 l'origine
1226 282 53 39 de
1301 282 118 39 leurs
1442 284 288 38 instruments
1754 282 62 38 les
1839 282 100 51 plus
1977 284 160 39 usuels.

163 348 32 39 Il
221 347 115 41 suffit
353 348 53 40 de
426 348 203 52 rappeler
651 364 85 37 que
755 350 200 40 Mercure
980 359 40 31 et
1042 349 194 52 Apollon
1259 358 179 43 passent
1465 362 112 38 pour
1600 350 123 39 avoir
1742 350 175 38 inventé
1933 348 39 40 la
1996 350 88 50 lyre
2105 361 40 31 et

162 416 40 39 la
241 416 179 45 cithare,
458 416 198 40 Minerve
696 417 39 39 la
773 418 118 44 flûte,
918 418 95 39 Pan
1049 418 38 38 la
1128 419 202 50 syrinx...
1371 415 228 52 Quelques
1640 417 127 39 récits
1808 416 241 49 analogues
2071 418 75 40 des

164 481 243 42 Orientaux
428 491 99 32 sont
546 484 100 51 plus
668 485 160 49 dignes
850 486 53 38 de
919 493 125 31 notre
1066 486 228 47 attention,
1314 498 74 26 car
1409 482 201 53 jusqu'ici
1634 484 104 39 c'est
1759 487 21 35 à
1806 485 125 49 peine
1954 485 35 38 si
2012 498 53 26 on
2085 486 62 39 les

162 565 22 25 a
209 550 197 50 signalés
427 551 112 39 dans
562 551 63 41 les
658 552 131 40 livres
810 566 75 26 sur
904 553 39 39 la
965 553 222 51 musique.

216 617 121 41 Dans
372 618 40 39 la
436 619 275 51 mythologie
742 620 210 49 hindoue,
975 620 39 40 le
1051 620 101 40 dieu
1182 618 175 42 Nareda
1382 628 65 31 est
1470 618 265 40 l'inventeur
1757 618 53 39 de
1830 618 39 39 la
1890 617 115 50 vina,
2032 617 96 42 l'ins-

162 693 191 32 trument
376 686 52 39 de
451 687 207 51 musique
677 687 197 40 national
896 688 38 38 le
966 687 100 51 plus
1091 689 241 50 important
1355 687 53 39 de
1431 686 153 40 l'lnde.
1608 685 219 52 L'épouse
1850 685 52 39 de
1936 685 208 48 Brahma,

160 750 259 52 Saraswati,
443 762 104 42 peut
567 757 89 37 être
682 755 211 49 regardée
915 767 173 27 comme
1110 755 40 39 la
1181 754 199 40 Minerve
1413 754 76 38 des
1521 752 202 41 Hindous
1749 763 8 27 :
1796 752 103 40 c'est
1923 752 38 39 la
1993 752 153 40 déesse

160 820 52 39 de
248 820 38 39 la
326 821 207 50 musique
570 830 40 31 et
646 821 53 39 de
723 821 272 51 l'éloquence
1020 835 9 34 ;
1054 821 103 40 c'est
1180 826 22 34 à
1244 821 84 39 elle
1364 821 136 51 qu'on
1536 820 190 40 attribue
1761 820 257 39 l'invention
2042 818 103 41 d'un

160 896 311 40 arrangement
493 891 318 49 systématique
829 889 76 38 des
922 901 105 27 sons
1051 890 175 37 suivant
1249 901 86 26 une
1359 887 167 40 échelle
1561 887 215 40 musicale
1799 898 9 37 ;
1846 899 56 26 on
1934 886 39 39 la
1997 891 124 46 repré-

160 962 121 31 sente
314 956 137 38 assise
475 968 73 26 sur
571 969 59 26 un
665 969 116 37 paon
814 964 40 30 et
889 957 153 49 jouant
1070 955 103 39 d'un
1212 957 267 38 instrument
1518 959 21 34 à
1586 955 152 39 cordes
1778 954 58 40 du
1859 966 135 36 genre
2029 954 52 38 de
2104 954 40 39 la

160 1023 186 47 guitare.
385 1021 191 39 Brahma
607 1021 237 40 lui-même
879 1030 64 31 est
962 1023 121 50 peint
1121 1035 170 26 comme
1317 1037 60 24 un
1402 1022 178 39 homme
1609 1021 183 40 robuste
1832 1021 75 51 qui
1947 1035 21 25 a
1992 1029 154 43 quatre

159 1091 108 36 têtes
291 1093 85 34 très
399 1088 138 40 belles
557 1096 40 32 et
627 1090 91 49 qui,
745 1089 52 39 de
821 1102 69 26 ses
913 1091 161 45 mains,
1099 1088 154 52 frappe
1275 1103 86 26 une
1399 1091 134 49 petite
1559 1091 157 38 caisse.
1754 1088 189 47 Vishnu,
1966 1089 179 39 incarné

158 1168 53 26 en
232 1154 210 48 Krishna,
484 1163 66 32 est
581 1161 253 46 représenté
857 1169 171 27 comme
1064 1171 60 25 un
1162 1162 87 34 très
1281 1156 113 40 beau
1428 1157 128 51 jeune
1590 1157 183 38 homme
1811 1157 73 50 qui
1907 1156 99 51 joue
2028 1155 53 40 de
2104 1155 38 39 la

158 1222 103 39 flûte
283 1233 9 36 ;
318 1222 63 40 les
413 1222 205 41 Hindous
653 1232 75 31 ont
752 1237 156 26 encore
944 1222 280 53 aujourd'hui
1248 1237 85 26 une
1353 1225 103 38 flûte
1475 1224 202 51 d'espèce
1702 1222 278 53 particulière
2016 1222 128 52 qu'ils

157 1289 235 49 regardent
424 1303 170 26 comme
617 1288 298 43 l'instrument
937 1290 169 52 préféré
1124 1291 54 40 de
1201 1291 209 40 Krishna.
1436 1291 69 40 En
1525 1300 144 39 outre,
1695 1303 87 27 une
1804 1291 53 38 de
1880 1289 116 40 leurs
2030 1290 92 39 divi-

157 1357 129 45 nités,
310 1355 189 51 Genesa,
521 1358 39 38 le
582 1357 102 40 dieu
707 1358 52 39 de
783 1358 39 39 la
842 1371 197 37 sagesse,
1062 1360 107 39 tient
1192 1368 121 31 entre
1339 1372 69 27 ses
1446 1361 144 37 mains
1620 1372 85 26 une
1741 1357 249 45 tamboura,
2027 1365 117 31 sorte

155 1423 53 39 de
230 1423 94 40 luth
344 1438 55 25 au
417 1424 65 40 col
507 1425 195 49 allongé.

210 1489 68 40 En
298 1490 159 51 Chine,
479 1505 112 26 nous
615 1500 216 32 trouvons
851 1506 86 26 une
956 1493 210 40 tradition
1187 1495 175 38 suivant
1379 1493 190 51 laquelle
1591 1492 38 39 la
1656 1505 181 37 gamme
1851 1500 64 31 est
1932 1491 85 39 due
2038 1495 21 34 à
2084 1505 58 25 un

155 1558 152 39 oiseau
346 1559 284 40 merveilleux
661 1564 179 35 nommé
863 1561 350 49 Foung-hoang,
1234 1561 145 51 lequel
1402 1559 171 40 semble
1606 1562 121 37 avoir
1746 1564 67 35 été
1836 1572 87 27 une
1947 1567 116 30 sorte
2087 1559 56 38 de

155 1624 176 51 phénix.
357 1625 120 40 Pour
510 1625 257 42 l'invention
803 1628 76 39 des
908 1629 289 38 instruments
1234 1629 53 38 de
1319 1629 223 50 musique,
1587 1628 64 38 les
1694 1626 188 40 Chinois
1904 1626 238 51 possèdent

155 1691 195 40 diverses
374 1693 231 40 traditions
639 1705 7 27 :
688 1693 117 41 l'une
827 1694 149 41 d'elles
992 1709 112 26 nous
1128 1696 60 39 dit
1213 1709 84 38 que
1320 1695 206 48 l'origine
1551 1695 52 39 de
1627 1696 190 38 certains
1835 1696 303 42 instruments,

157 1761 142 49 parmi
322 1759 62 40 les
406 1760 98 51 plus
522 1761 165 46 usuels,
712 1771 199 30 remonte
934 1767 21 34 à
980 1763 203 50 l'époque
1207 1770 56 32 oû
1303 1763 38 38 la
1376 1762 143 40 Chine
1542 1764 104 37 était
1670 1765 251 46 gouvernée
1952 1775 80 37 par
2065 1760 77 39 des

158 1827 158 49 esprits
339 1827 197 49 célestes,
562 1832 200 35 nommés
799 1829 63 38 les
896 1827 61 40 Ki
976 1843 14 29 ;
1025 1842 83 26 une
1147 1837 122 31 autre
1308 1829 192 39 attribue
1531 1829 259 38 l'invention
1827 1828 53 39 de
1917 1828 225 51 plusieurs

155 1893 289 40 instruments
468 1898 20 35 à
510 1895 152 39 cordes
681 1910 54 25 au
757 1896 141 49 grand
920 1896 126 47 Fohi,
1061 1901 179 34 nommé
1270 1909 19 24 «
1313 1897 37 38 le
1375 1896 89 39 Fils
1484 1896 58 39 du
1566 1894 95 40 Ciel
1686 1908 38 32 »,
1746 1897 74 49 qui
1839 1894 80 50 fut,
1948 1898 20 35 à
1987 1907 45 26 ce
2057 1907 83 38 que

158 1959 86 40 l'on
265 1961 77 45 dit,
364 1961 38 39 le
440 1961 235 40 fondateur
698 1963 52 39 de
773 1963 11 38 1
804 1965 167 48 empire
1002 1964 187 49 chinois,
1231 1972 41 31 et
1311 1964 105 39 dont
1451 1976 57 26 on
1529 1963 122 51 place
1685 1963 248 39 l'existence
1952 1963 188 38 environ

153 2040 127 37 3.000
314 2041 78 26 ans
426 2037 133 31 avant
585 2029 330 53 Jésus-Christ,
939 2029 265 40 c'est-à-dire
1246 2030 254 51 longtemps
1524 2036 127 45 après
1676 2030 38 39 la
1757 2030 276 39 domination
2063 2029 76 38 des

148 2093 61 40 Ki
215 2124 8 15 ,
247 2108 56 25 ou
324 2094 189 53 Esprits.
557 2095 97 42 Une
689 2105 122 32 autre
833 2098 209 39 tradition
1080 2098 181 51 prétend
1288 2111 84 38 que
1394 2098 62 39 les
1495 2098 257 51 principaux
1776 2098 289 38 instruments
2088 2096 52 39 de

150 2164 206 50 musique
379 2163 171 40 chinois
574 2172 40 31 et
651 2177 85 38 que
760 2163 344 51 l'arrangement
1126 2166 207 38 raisonné
1355 2166 77 38 des
1456 2178 105 26 sons
1596 2166 210 38 viennent
1828 2164 129 39 d'une
1980 2163 160 40 femme

149 2231 309 48 surnaturelle,
498 2232 149 49 vierge
688 2239 41 32 et
751 2238 134 43 mère,
917 2231 160 45 Ninva,
1101 2234 75 49 qui
1204 2234 134 38 vivait
1369 2247 55 25 au
1457 2241 142 43 temps
1631 2233 52 38 de
1720 2232 125 39 Fohi.
1879 2231 202 52 Lorsque
2102 2231 38 39 le

148 2297 142 50 grand
313 2297 267 52 philosophe
617 2298 173 40 chinois
818 2298 245 42 Confucius
1088 2300 227 40 entendait
1353 2314 86 26 une
1462 2302 207 49 musique
1701 2298 204 49 sublime,
1931 2299 28 38 il
1982 2300 158 38 entrait

159 2365 110 39 dans
289 2378 86 26 une
397 2373 146 32 extase
566 2366 100 39 telle
693 2379 99 38 que,
819 2368 195 50 pendant
1052 2368 106 39 trois
1192 2369 129 48 mois,
1358 2368 29 38 il
1420 2370 180 48 pouvait
1623 2380 46 26 se
1691 2380 153 38 passer
1878 2366 53 40 de
1965 2368 150 38 nourri-

147 2441 95 30 ture
265 2443 8 38 ;
311 2432 39 39 la
386 2435 207 50 musique
616 2435 77 50 qui
733 2435 116 39 avait
871 2449 60 25 un
966 2436 186 50 pouvoir
1174 2437 121 37 aussi
1328 2436 284 39 merveilleux
1641 2437 104 37 était
1768 2434 106 39 celle
1905 2434 52 39 de
1980 2433 155 46 Konei,

148 2497 178 54 Orphée
348 2500 186 50 chinois,
561 2502 91 49 qui,
674 2502 151 50 jouant
844 2502 59 39 du
924 2501 127 54 King
1058 2534 8 15 ,
1092 2508 156 46 espèce
1267 2503 302 39 d'harmonica
1594 2502 78 40 fait
1712 2515 102 26 avec
1829 2502 26 39 d
1917 2515 18 26 s
1955 2501 183 51 plaques

149 2567 52 39 de
242 2568 141 49 pierre
425 2580 175 33 sonore,
638 2569 164 39 attirait
842 2577 159 32 autour
1041 2571 52 38 de
1136 2570 60 40 lui
1236 2571 62 39 les
1352 2570 121 40 bêtes
1509 2583 233 37 sauvages,
1787 2578 40 31 et
1865 2570 63 39 les
1969 2570 169 38 rendait

147 2634 194 40 esclaves
379 2635 54 39 de
465 2648 46 26 sa
550 2634 193 42 volonté.
769 2636 119 53 —Je
913 2650 54 26 ne
1002 2639 171 38 reviens
1197 2651 78 38 pas
1298 2651 73 27 sur
1392 2638 62 39 les
1490 2637 229 54 Japonais,
1738 2638 106 39 dont
1866 2650 114 27 nous
2001 2648 135 27 avons

155 2702 143 50 parlé.

204 2768 86 40 Les
326 2768 217 40 Kalmuks
571 2771 169 39 voisins
764 2770 52 40 de
836 2771 39 39 la
894 2784 93 26 mer
1009 2771 257 52 Caspienne
1290 2773 185 39 adorent
1510 2786 87 26 une
1622 2773 184 39 divinité
1825 2771 308 48 bienfaisante,

152 2836 181 52 appelée
369 2836 209 50 Maidari,
602 2846 41 31 et
666 2842 281 47 représentée
978 2852 170 27 comme
1171 2855 59 24 un
1253 2840 180 39 homme
1451 2844 21 34 à
1494 2839 328 53 l'aspectplutôt
1844 2839 146 51 jovial,
2036 2851 102 25 avec

145 2916 86 27 une
265 2904 262 40 moustache
561 2913 41 31 et
621 2918 86 26 une
729 2906 245 50 impériale,
992 2907 153 50 jouant
1164 2907 104 40 d'un
1289 2909 272 38 instrument
1584 2913 22 34 à
1626 2909 106 38 trois
1752 2907 152 39 cordes
1926 2908 71 50 qui
2050 2918 64 26 res-

149 2970 168 40 semble
337 2972 190 50 quelque
550 2984 84 38 peu
659 2978 21 34 à
714 2973 39 39 la
779 2972 222 41 balalaïka
1035 2987 139 27 russe.

202 3037 197 52 Presque
421 3046 144 32 toutes
606 3053 70 26 ces
713 3040 169 40 vieilles
906 3039 234 42 traditions
1174 3055 46 26 se
1258 3050 253 32 retrouvent
1550 3042 102 39 chez
1688 3042 61 40 les
1796 3044 176 37 nations
2015 3053 99 27 euro-

147 3107 208 47 péennes,
395 3106 193 48 quoique
621 3106 98 49 plus
741 3119 56 27 ou
819 3108 146 38 moins
998 3106 248 41 modifiées.

202 3169 133 48 Odin,
361 3170 39 40 le
432 3172 215 50 principal
667 3173 101 39 dieu
792 3173 77 40 des
888 3176 178 37 anciens
1100 3173 321 52 Scandinaves,
1450 3177 105 38 était
1598 3176 11 38 1
1629 3177 231 37 inventeur
1882 3175 75 40 des
1982 3176 153 38 chants

149 3239 236 50 magiques
404 3247 40 30 et
461 3238 54 38 de
531 3238 216 41 l'écriture
770 3243 204 49 runique.

203 3305 122 39 Dans
348 3305 38 39 la
404 3306 276 51 mythologie
703 3305 207 48 finnoise,
929 3309 40 38 le
990 3309 119 39 divin
1134 3309 324 41 Vaïnamoïnen
1482 3323 131 38 passe
1635 3323 105 38 poui
1772 3311 121 38 avoir
1923 3311 214 38 construit

149 3365 37 47 la
208 3374 136 50 harpe
364 3377 22 36 à
407 3375 99 50 cinq
533 3374 153 39 cordes
711 3375 180 51 appelée
922 3376 190 49 kantele,
1150 3379 101 38 vieil
1268 3380 267 37 instrument
1555 3379 199 38 national
1768 3378 76 39 des
1874 3378 198 39 Finnois.
2105 3376 29 39 Il

149 3456 53 31 en
223 3441 203 51 fabriqua
463 3441 40 40 la
539 3441 237 51 charpente
800 3455 103 27 avec
941 3443 61 40 les
1035 3448 141 36 arêtes
1213 3445 57 40 du
1290 3444 182 41 brochet
1490 3460 8 32 ;
1536 3454 40 30 et
1608 3445 61 39 les
1698 3445 127 39 dents
1857 3445 58 40 du
1953 3444 180 40 brochet
