2296 3601
177 150 74 47 358

782 163 143 27 COURS
960 165 58 25 DU
1053 157 198 34 COLLÈGE
1283 166 56 24 DE
1372 166 167 26 FRANCE

172 245 76 39 des
272 246 211 40 amandes
508 247 176 49 douces,
704 256 40 31 et
768 250 384 50 réciproquement
1176 263 37 26 ».
1241 250 66 39 La
1333 250 180 40 couleur
1535 261 117 31 verte
1671 267 20 25 a
1710 257 66 35 été
1800 252 212 44 attribuée
2051 271 18 24 «
2095 274 52 25 au

170 313 184 50 piquant
377 313 57 38 du
452 313 295 52 Champagne,
770 319 21 34 à
826 315 38 39 la
887 329 157 27 saveur
1075 317 56 39 du
1149 316 218 51 fromage,
1389 322 21 35 à
1433 318 106 39 celle
1562 319 55 39 du
1638 322 166 49 poivre,
1825 335 54 24 au
1904 322 171 50 parfum
2096 327 51 38 de

172 379 39 38 la
229 381 221 47 verveine,
472 384 23 34 à
518 381 111 39 celui
647 381 52 39 de
719 381 115 40 l'eau
853 383 53 39 de
930 383 226 50 Cologne,
1181 393 80 31 etc.
1284 397 22 24 »
1328 384 143 49 (ibid.,
1496 400 39 37 p.
1563 388 94 47 uo)
1694 386 121 41 Tous
1836 401 68 26 ces
1925 388 97 41 faits
2045 393 82 40 relè-

170 454 102 31 vent
295 447 52 38 de
372 447 323 50 l'imagination
719 463 106 37 pure
853 462 7 32 ;
883 458 40 31 et
941 451 38 38 la
1006 463 19 24 «
1052 449 181 41 Science
1252 464 17 23 »
1302 452 103 50 perd
1431 467 56 24 un
1506 466 82 38 peu
1610 467 80 27 son
1711 463 140 43 temps
1890 458 145 48 quand
2061 459 79 40 elle

172 513 184 40 cherche
372 514 76 39 des
472 515 98 47 lois,
593 529 72 26 car
685 515 326 50 l'imagination
1032 520 119 37 varie
1177 532 102 26 avec
1307 519 171 51 chaque
1498 521 213 39 individu.

1135 746 53 39 III

230 907 136 51 Après
398 917 108 30 cette
529 914 187 45 enquête
740 910 164 51 rapide,
925 923 111 26 nous
1060 911 166 39 devons
1250 912 219 40 conclure.

228 973 62 40 Le
313 976 214 37 musicien
551 988 53 26 ne
629 976 146 38 donne
807 980 153 47 pâture
993 977 99 51 qu'à
1127 987 127 31 notre
1290 980 165 47 oreille,
1482 988 40 32 et
1557 980 28 39 il
1613 981 92 40 faut
1735 985 186 48 pouvoir
1954 984 37 40 le
2030 999 88 26 com-

173 1041 185 50 prendre
377 1041 60 39 les
459 1054 110 39 yeux
588 1041 176 40 fermés.
787 1042 114 40 Mais
922 1043 254 41 n'oublions
1214 1059 79 38 pas
1326 1060 100 37 que,
1449 1061 79 37 par
1562 1048 38 39 le
1635 1062 157 38 moyen
1813 1051 53 38 de
1900 1051 193 49 l'oreille,
2119 1055 28 39 il

174 1108 157 39 touche
353 1108 311 50 l'intelligence
686 1125 8 32 ;
720 1110 29 38 il
772 1111 122 50 parle
919 1126 59 24 un
1002 1112 191 50 langage
1218 1126 85 38 que
1331 1114 167 51 l'esprit
1531 1115 90 40 doit
1644 1125 40 30 et
1708 1126 101 42 peut
1849 1121 296 49 comprendre,

173 1188 71 25 car
265 1174 28 39 il
322 1176 193 50 exprime
544 1190 86 25 une
652 1181 176 47 pensée.
860 1177 88 40 Par
966 1177 327 53 l'intelligence,
1318 1181 29 39 il
1364 1194 226 36 gouverne
1614 1192 93 31 tout
1729 1183 39 39 le
1791 1194 126 30 reste.

226 1240 63 41 La
313 1244 204 49 musique
540 1256 54 26 ne
616 1245 118 50 peint
758 1258 77 37 pas
874 1259 7 25 :
905 1245 82 39 elle
1023 1247 173 49 touche,
1230 1248 81 39 elle
1334 1247 79 41 fait
1451 1262 172 38 penser,
1657 1260 39 29 et
1737 1251 81 39 elle
1852 1259 201 43 suggère.
2086 1253 61 42 Le

171 1311 298 48 compositeur
489 1312 75 49 qui
586 1311 203 40 voudrait
809 1311 107 40 faire
936 1315 317 39 sérieusement
1275 1315 58 39 du
1367 1329 196 38 paysage
1583 1319 132 38 serait
1754 1321 120 38 aussi
1914 1322 233 39 maladroit

174 1388 83 38 que
271 1376 37 39 le
325 1378 169 49 peintre
515 1379 89 49 qui,
630 1392 112 37 pour
763 1379 170 39 donner
964 1380 212 40 l'illusion
1193 1382 104 39 d'un
1322 1382 141 50 arbre,
1488 1387 190 37 mettrait
1699 1399 74 26 sur
1792 1400 45 25 sa
1864 1387 101 39 toile
1987 1402 59 25 un
2062 1402 83 37 peu

172 1442 53 39 de
246 1442 207 51 feuillage
474 1444 102 40 réel.
603 1444 130 48 Mais,
759 1449 130 46 grâce
913 1451 21 34 à
955 1448 299 40 l'association
1274 1449 76 39 des
1376 1450 119 39 idées
1519 1451 209 52 (laquelle
1750 1453 171 52 dépend
1941 1455 57 39 du
2022 1462 121 43 goût,

174 1510 57 39 du
282 1515 334 46 tempérament,
641 1513 53 38 de
736 1513 10 39 1
764 1514 309 50 imagination,
1112 1516 53 39 de
1202 1516 38 39 la
1279 1519 197 45 vivacité,
1510 1518 75 39 des
1621 1519 236 41 habitudes
1895 1521 52 40 de
1979 1522 167 52 chaque

174 1576 143 52 sujet),
343 1577 38 39 le
404 1581 300 49 compositeur
722 1589 102 41 peut
844 1582 177 39 étendre
1038 1581 307 42 indéfiniment
1368 1597 79 26 son
1470 1585 221 48 domaine,
1710 1596 40 31 et
1771 1587 109 40 faire
1903 1593 20 34 à
1950 1602 80 37 peu
2048 1596 98 45 près

176 1651 93 31 tout
287 1657 45 26 ce
350 1658 56 38 qu
425 1645 28 39 il
472 1655 116 30 veut.
614 1645 146 41 Même
781 1648 147 50 quand
952 1649 28 39 il
1004 1658 101 31 veut
1122 1651 129 38 saisir
1266 1651 61 38 les
1347 1650 163 41 formes
1528 1653 56 40 du
1608 1655 161 38 monde
1786 1656 230 51 physique,
2036 1671 19 25 c
2074 1667 64 30 est

174 1724 54 26 au
250 1719 144 31 centre
416 1712 53 38 de
492 1713 38 38 la
546 1714 68 38 vie
630 1714 235 40 intérieure
888 1714 102 52 qu'il
1013 1716 91 40 doit
1127 1715 236 42 s'installer
1384 1728 41 30 et
1449 1724 157 45 régner
1627 1736 6 24 :
1657 1721 52 39 de
1738 1722 57 46 là,
1834 1723 26 38 il
1884 1724 117 49 règle
2023 1733 123 30 notre

177 1779 173 38 activité
374 1787 92 31 tout
489 1781 177 39 entière.
690 1780 68 41 Un
782 1782 54 38 tel
873 1783 91 39 rôle
986 1792 65 30 est
1074 1797 123 26 assez
1230 1784 112 40 beau
1378 1799 113 38 pour
1529 1787 60 40 lui
1627 1787 144 41 suffire
1795 1792 7 35 !
1844 1789 123 40 Nous
2009 1804 134 27 avons

179 1846 171 43 assisté,
385 1846 28 38 il
438 1861 27 35 y
485 1861 20 24 a
532 1848 213 50 quelques
769 1854 180 41 années,
980 1854 20 34 à
1040 1851 39 38 la
1120 1853 208 38 tentative
1356 1853 52 38 de
1450 1858 118 35 créer
1608 1869 86 25 une
1729 1859 149 48 poésie
1916 1868 230 40 purement

174 1912 230 49 musicale,
440 1919 56 33 où
531 1914 38 38 le
592 1928 101 25 sens
729 1915 180 51 logique
940 1917 76 39 des
1048 1926 114 30 mots
1197 1928 41 30 et
1275 1919 75 39 des
1390 1921 184 50 phrases
1607 1924 103 37 était
1742 1924 189 49 négligé,
1976 1938 170 26 comme

172 1983 193 34 suranné
391 1989 7 38 ;
426 1980 61 38 les
521 1981 205 40 résultats
761 1981 189 41 obtenus
986 1993 98 30 sont
1113 1999 60 24 un
1214 1989 334 38 avertissement
1585 2002 112 37 pour
1737 2003 105 26 ceux
1881 1991 75 39 des
2001 2001 144 30 autres

173 2054 88 30 arts
298 2048 74 49 qui
406 2047 262 40 voudraient
700 2051 212 49 empiéter
943 2063 75 27 sur
1039 2051 116 40 leurs
1182 2055 184 38 voisins.
1401 2053 62 40 La
1489 2057 204 50 musique
1725 2058 211 49 picturale
1961 2072 53 25 ne
2044 2068 102 30 vaut

171 2126 80 37 pas
275 2114 144 38 mieux
442 2128 84 36 que
546 2115 39 38 la
604 2116 202 50 peinture
828 2117 222 40 littéraire.

224 2179 84 40 Les
326 2194 250 27 ressources
597 2185 72 49 qui
694 2183 192 41 s'offrent
910 2199 54 25 au
986 2189 300 48 compositeur
1309 2188 179 41 voulant
1511 2190 211 50 procéder
1743 2205 79 37 par
1844 2191 212 40 imitation
2080 2192 44 39 di-

169 2253 107 33 recte
293 2246 57 52 (et
373 2262 88 26 non
484 2264 78 36 par
578 2257 251 33 association
845 2251 173 49 d'idées)
1040 2267 112 37 pour
1173 2255 165 39 décrire
1354 2255 60 40 les
1435 2255 140 53 objets
1595 2267 98 30 sont
1715 2264 87 34 très
1820 2272 83 38 peu
1925 2260 52 38 de
1995 2260 147 40 chose.

167 2314 49 53 Je
248 2314 97 40 dois
369 2317 243 49 cependant
635 2317 61 40 les
719 2319 205 50 indiquer
955 2321 52 38 ici
1029 2334 102 26 avec
1150 2323 234 49 précision.

226 2381 37 51 a)
286 2381 62 39 Le
372 2385 301 49 compositeur
694 2394 103 42 peut
828 2385 108 40 faire
967 2385 181 42 d'abord
1173 2389 52 39 de
1246 2390 181 51 simples
1466 2391 197 39 citations
1690 2403 7 24 :
1734 2394 113 38 ainsi
1881 2392 168 40 Berlioz
2085 2395 41 37 in-

170 2448 157 39 tercale
347 2464 59 24 un
435 2463 110 39 coup
565 2451 52 39 de
642 2460 204 31 tonnerre
868 2453 110 40 dans
1002 2468 44 26 sa
1071 2455 260 54 Symphonie
1345 2458 273 53 fantastique.
1639 2457 61 40 M.
1721 2457 196 49 Puccini,
1938 2474 51 25 au
2017 2460 130 40 début

169 2514 55 40 du
268 2515 174 40 dernier
473 2526 92 31 acte
600 2518 52 40 de
672 2518 38 40 la
742 2519 131 39 Tosca
882 2552 7 15 ,
927 2519 76 41 fait
1035 2523 210 40 entendre
1283 2527 368 38 successivement
1691 2540 85 25 une
1815 2528 231 38 multitude
2094 2528 52 38 de

170 2582 206 40 carillons
402 2595 9 37 ;
437 2584 252 41 Beethoven
713 2586 232 41 lui-même
977 2589 56 48 (et
1063 2603 56 26 on
1143 2590 38 39 le
1221 2591 59 40 lui
1305 2605 21 25 a
1371 2592 228 52 reproché)
1631 2594 211 40 introduit
1867 2594 38 40 le
1924 2595 129 39 chant
2089 2595 56 39 du

169 2662 165 26 coucou
369 2650 109 40 dans
517 2652 38 38 la
599 2652 244 51 Pastorale;

224 2716 35 50 b)
284 2716 63 40 De
369 2718 38 39 la
442 2719 191 47 couleur,
659 2721 27 38 il
710 2735 53 25 ne
783 2730 103 42 peut
905 2724 144 39 imiter
1065 2737 84 38 que
1174 2725 237 39 Xintensité.
1437 2725 121 40 Dans
1578 2726 40 40 la
1642 2729 213 49 première
1873 2728 122 49 leçon
2015 2728 52 39 de
2099 2741 44 26 ce

170 2796 143 35 cours,
347 2785 38 51 je
405 2799 68 26 me
496 2788 90 38 suis
604 2787 160 40 efforcé
785 2789 53 39 de
870 2799 195 31 montrer
1085 2805 84 37 que
1188 2792 39 39 le
1248 2795 300 49 compositeur
1571 2807 52 26 ne
1664 2796 180 50 pouvait
1886 2796 255 50 reproduire

171 2864 83 37 que
270 2852 38 38 le
327 2853 259 50 dynamisme
605 2855 77 38 des
706 2858 258 39 sentiments
986 2872 7 33 ;
1008 2871 113 38 pour
1143 2859 38 38 la
1196 2860 193 46 couleur,
1402 2860 29 39 il
1454 2874 54 26 en
1531 2870 64 30 est
1618 2861 280 41 absolument
1921 2864 51 38 de
1987 2864 155 38 même.

169 2918 141 50 Ainsi,
336 2933 102 26 avec
471 2921 75 39 des
565 2922 173 40 violons
758 2936 53 27 en
832 2925 222 50 sourdine,
1081 2939 55 26 on
1154 2928 172 38 imitera
1350 2928 40 38 la
1410 2928 181 40 couleur
1616 2931 119 48 grise
1760 2939 8 39 ;
1794 2944 101 26 avec
1919 2930 74 39 des
2013 2939 108 30 trom-

170 2993 154 41 pettes,
366 2987 9 37 l
395 2987 110 40 éclat
543 2989 56 38 du
649 2989 139 40 soleil.
830 2991 115 40 Tout
980 3006 46 25 ce
1058 2992 133 52 qu'on
1233 3003 102 43 peut
1387 2996 221 45 accorder,
1656 2996 101 40 c'est
1792 2998 104 50 qu'il
1936 3012 25 37 y
2004 3012 21 24 a
2065 3010 82 26 une

169 3052 204 49 analogie
411 3063 120 30 entre
560 3055 61 39 les
660 3057 182 40 timbres
875 3058 331 42 d'instruments
1242 3064 74 49 qui
1338 3072 259 42 composent
1622 3064 62 38 les
1718 3064 143 40 divers
1884 3078 190 38 groupes
2096 3064 51 39 de

165 3118 12 38 1
197 3119 221 40 orchestre
442 3130 39 30 et
499 3122 61 38 les
583 3137 193 26 nuances
799 3125 76 40 des
890 3127 215 41 couleurs.
1126 3128 62 39 La
1213 3129 181 40 couleur
1411 3139 120 30 verte
1547 3132 238 50 comprend
1810 3132 38 39 le
1870 3141 91 31 vert
1982 3132 162 46 tendre,

165 3185 38 39 le
224 3195 93 30 vert
333 3186 239 48 Véronèse,
589 3189 38 39 le
645 3200 93 29 vert
757 3194 250 48 émeraude,
1022 3194 38 40 le
1079 3198 271 38 vert-noir...
1371 3197 81 48 ;de
1472 3201 156 40 même,
1650 3199 57 39 du
1719 3199 149 39 violon
1884 3200 77 38 àla
1984 3208 163 31 contre*

164 3252 146 51 basse,
346 3254 29 39 il
398 3269 26 37 y
448 3269 21 25 a
493 3255 11 39 1
525 3256 86 39 alto
640 3266 40 29 et
697 3257 37 39 le
757 3260 274 40 violoncelle.
1056 3262 67 39 En
1144 3264 157 49 regard
1331 3264 57 39 du
1426 3264 102 40 bleu
1564 3265 119 51 (bleu
1707 3265 160 51 cobalt,
1912 3275 230 36 outremer,

164 3320 101 40 bleu
304 3321 52 40 de
380 3321 251 53 Prusse...),
658 3337 54 26 on
730 3334 102 42 peut
854 3327 145 50 placer
1018 3328 38 40 le
1089 3330 225 47 hautbois,
1341 3331 37 39 le
1403 3345 74 26 cor
1512 3332 189 50 anglais,
1736 3333 39 39 le
1804 3332 179 42 basson.
2015 3333 132 40 Entre

165 3388 64 39 les
252 3389 145 40 divers
423 3390 152 51 jaunes
600 3391 146 52 (jaune
767 3393 52 38 de
842 3393 180 52 Naples,
1048 3408 112 37 ocre,
1185 3406 110 30 terre
1327 3397 260 53 d'ltalie...),
1614 3400 28 38 il
1672 3414 28 36 y
1739 3415 21 25 a
1794 3415 84 26 une
1917 3400 230 40 différence
