2296 3601
444 211 45 25 M.
527 210 190 27 GABRIEL
752 203 142 35 FAURÉ
928 212 49 25 ET
1013 213 52 24 LA
1098 211 243 27 DIRECTION
1377 212 58 26 DU
1472 211 369 27 CONSERVATOIRE

2151 250 0 0 351

804 406 72 42 M.
915 407 320 41 GABRIEL
1270 399 244 49 FAURÉ

414 511 85 41 ET
532 511 91 40 LA
658 511 413 41 DIRECTION
1108 512 100 40 DU
1246 511 628 42 CONSERVATOIRE

198 652 65 38 La
284 651 287 39 nomination
597 649 53 40 de
670 649 67 41 M.
764 650 154 40 Fauré
937 663 25 26 a
984 649 69 41 été
1086 650 100 40 bien
1218 651 240 39 accueillie
1478 663 88 40 par
1599 652 39 38 le
1656 651 174 52 public,
1856 653 115 37 mais
1994 666 26 25 a
2048 664 82 40 pro-

148 713 141 54 voqué
312 712 113 41 dans
447 714 41 38 la
524 725 156 40 presse
712 712 78 40 des
827 713 353 39 commentaires
1222 714 228 39 tellement
1474 711 209 56 bigarres
1722 720 42 33 et
1797 718 21 36 à
1858 718 111 45 côté,
1995 712 163 55 qu'une

141 777 165 38 remise
325 789 58 25 au
400 775 131 53 point
554 775 232 48 s'impose.

196 838 63 40 La
297 838 152 41 Revue
483 837 215 41 musicale
727 850 26 26 a
785 837 165 53 publié
981 835 103 55 déjà
1125 837 38 39 le
1193 838 211 51 portrait
1444 836 59 40 du
1539 836 240 54 distingué
1801 837 273 52 professeur
2113 843 44 33 et

143 900 65 40 lui
231 913 24 25 a
289 902 216 37 consacré
541 911 85 27 une
651 900 151 38 notice
825 899 56 39 où
916 900 84 38 elle
1035 912 25 25 a
1094 898 247 54 manifesté
1371 911 50 27 sa
1460 899 182 53 grande
1678 901 176 37 estime.
1902 899 64 40 M.
2008 899 151 39 Fauré

141 969 66 33 est
250 975 56 26 un
352 963 163 39 artiste
555 962 54 38 de
639 961 154 53 grand
828 963 157 46 talent,
1019 962 54 38 de
1114 960 157 55 souffle
1310 975 56 25 un
1403 974 88 40 peu
1526 967 129 34 court
1697 962 113 38 dans
1846 963 42 37 la
1925 960 203 54 composi-

142 1025 114 48 tion,
280 1025 118 38 mais
432 1030 162 33 auteur
632 1023 54 38 de
721 1024 214 51 quelques
967 1035 174 28 œuvres
1177 1024 288 38 charmantes
1488 1029 244 33 contenant
1769 1023 43 38 la
1848 1034 231 43 promesse
2115 1028 45 33 et

142 1085 229 40 l'ebauche
406 1085 130 40 d'une
571 1084 201 40 sérieuse
792 1084 332 53 personnalité.
1162 1086 33 38 A
1225 1084 97 41 côté
1357 1084 54 41 de
1451 1097 81 27 son
1563 1097 122 33 nom,
1715 1085 202 39 certains
1939 1085 117 40 amis
2081 1090 78 35 ont

142 1148 162 40 inscrit
321 1148 123 40 celui
470 1147 51 39 de
546 1146 276 51 Schumann,
868 1160 56 26 un
960 1146 77 40 des
1066 1147 105 52 plus
1205 1147 176 53 grands
1397 1149 161 51 poètes
1582 1150 53 37 de
1658 1148 44 38 la
1729 1146 220 54 musique,
1975 1153 41 34 et
2039 1148 121 39 celui

140 1211 55 38 de
221 1209 329 41 l'intarissable
589 1216 43 33 et
662 1209 232 40 délicieux
933 1209 224 40 Schubert
1182 1225 12 32 ;
1241 1210 67 39 M.
1333 1210 157 40 Fauré
1526 1217 66 32 est
1630 1209 331 40 certainement
1992 1211 38 38 le
2053 1222 80 43 pre-

141 1271 114 40 mier
276 1271 25 39 à
325 1278 235 47 regretter
587 1284 71 27 ces
681 1272 153 53 éloges
870 1271 241 51 excessifs.
1144 1271 69 40 De
1238 1271 64 39 lui
1338 1285 110 26 nous
1470 1284 138 27 avons
1646 1271 54 40 de
1724 1270 148 54 jolies
1900 1274 221 51 esquisses
2147 1287 9 33 ;

141 1347 111 27 nous
278 1334 239 40 attendons
552 1333 200 49 /'œuvre,
879 1334 111 39 celle
1032 1333 79 53 qui
1145 1335 167 50 impose
1337 1347 55 26 un
1417 1346 100 26 nom
1549 1332 26 40 à
1617 1334 41 38 la
1679 1334 216 39 mémoire
1917 1334 59 39 du
2008 1333 152 53 grand

133 1396 176 52 public.
352 1396 43 40 Il
434 1395 70 41 n'a
536 1408 87 40 pas
666 1396 244 39 d'ennemis
938 1407 10 26 :
993 1402 114 32 cette
1140 1395 317 40 consécration
1501 1397 66 38 lui
1604 1395 187 40 viendra
1824 1395 235 54 peut-être
2102 1409 57 26 un

131 1459 132 53 jour.
285 1458 129 40 Mais
436 1470 46 28 ce
505 1458 113 38 n'est
644 1470 86 39 pas
753 1458 53 38 de
837 1458 65 38 lui
926 1464 43 32 et
992 1456 54 40 de
1068 1470 79 26 son
1185 1458 165 39 mérite
1386 1456 331 41 incontestable
1740 1470 83 40 que
1843 1470 110 27 nous
1976 1459 184 37 voulons

132 1522 191 52 parler;
355 1521 101 39 c'est
479 1520 53 38 de
552 1518 132 40 l'idée
708 1519 131 53 qu'on
862 1531 46 27 se
927 1518 110 53 fait,
1070 1520 25 37 à
1123 1532 173 39 propos
1326 1518 54 40 de
1415 1519 80 48 lui,
1521 1518 59 40 du
1604 1519 248 39 Directeur
1882 1520 58 38 du
1966 1520 167 38 Conser-

146 1582 180 41 vatoire
350 1589 42 33 et
416 1582 52 40 de
489 1593 80 27 son
600 1580 113 42 rôle.
759 1581 36 40 A
830 1593 49 27 en
920 1583 152 37 croire
1110 1581 41 38 la
1173 1584 195 49 plupart
1388 1581 53 39 de
1467 1593 78 27 nos
1568 1580 253 52 confrères,
1853 1581 38 39 le
1915 1579 245 40 Directeur

139 1645 59 40 du
226 1644 352 41 Conservatoire
599 1649 66 33 est
686 1642 186 40 d'abord
898 1657 19 24 «
941 1642 26 40 à
994 1644 41 37 la
1058 1642 88 40 tête
1167 1642 53 40 de
1244 1644 42 38 la
1307 1644 209 52 musique
1541 1642 235 47 frarcaise
1799 1656 20 24 »
1847 1654 15 40 ;
1882 1649 44 32 et
1964 1644 40 38 le
2027 1640 133 41 choix

141 1706 52 40 de
228 1708 63 38 tel
308 1719 56 27 ou
389 1708 74 47 tel,
489 1718 122 40 pour
648 1719 47 26 ce
711 1712 132 46 poste
868 1705 209 50 éminent,
1104 1704 156 40 devait
1279 1711 256 44 entraîner,
1558 1706 124 39 selon
1705 1705 38 38 le
1767 1717 91 36 cas,
1893 1717 82 27 une
2010 1705 125 39 orien-

141 1770 146 39 tation
331 1769 55 39 de
423 1774 129 34 notre
596 1774 75 32 art
713 1766 210 40 national
961 1779 102 28 vers
1102 1770 39 35 le
1181 1766 190 52 théâtre,
1419 1779 55 27 ou
1517 1779 101 28 vers
1658 1767 45 38 la
1735 1768 285 51 symphonie,
2056 1779 98 27 vers

140 1844 85 27 une
258 1832 249 52 esthétique
538 1829 211 53 spéciale,
781 1835 120 35 etc...
943 1828 215 48 D'abord,
1190 1829 183 54 malgré
1401 1842 80 26 son
1512 1831 281 51 importance
1826 1835 43 33 et
1898 1842 81 26 son
2016 1828 135 48 éclat,

139 1894 40 39 le
198 1893 357 40 Conservatoire
576 1891 114 40 n'est
713 1892 160 53 qu'une
893 1891 158 40 moitié
1083 1891 54 40 de
1156 1898 130 33 notre
1310 1891 230 54 musique:
1566 1893 32 36 il
1618 1898 65 33 est
1705 1892 42 38 la
1767 1893 130 48 force
1918 1905 208 27 conserva-

140 1957 119 43 trice,
285 1954 365 52 traditionnelle,
675 1955 242 52 classique,
924 1953 190 53 faisant
1132 1955 293 51 contrepoids
1450 1952 25 41 à
1503 1954 42 38 la
1566 1953 133 51 force
1735 1953 415 49 révolutionnaire,

139 2017 78 53 qui
233 2024 67 33 est
322 2018 208 38 ailleurs.
560 2018 63 38 De
639 2017 123 52 plus,
786 2016 310 54 gardez-vous
1125 2016 99 39 bien
1265 2016 53 39 de
1351 2016 160 40 croire
1533 2028 100 41 que,
1652 2016 433 52 personnellement,
2113 2017 40 38 le

138 2080 247 40 Directeur
420 2091 164 28 exerce
617 2091 83 26 une
723 2079 151 39 action
897 2080 283 51 quelconque
1212 2091 84 26 sur
1340 2079 61 38 les
1424 2079 159 38 études
1609 2087 14 32 !
1655 2079 207 39 Prenons
1900 2079 63 38 les
1987 2080 165 37 classes

140 2141 51 40 de
215 2141 302 40 déclamation
546 2157 11 23 :
586 2153 291 40 pensez-vous
908 2141 133 52 qu'un
1067 2140 199 50 Silvain,
1287 2153 56 26 un
1368 2140 239 56 Lebargy,
1630 2153 57 26 un
1707 2139 240 49 Féraudy,
1980 2140 142 39 admet-

140 2206 115 38 trait
296 2203 131 53 qu'on
454 2199 94 42 vint
568 2204 66 38 lui
668 2202 176 39 donner
880 2202 78 38 des
999 2202 193 39 conseils
1216 2209 42 31 et
1282 2201 77 40 des
1392 2201 254 40 directions
1670 2202 117 39 dans
1806 2214 79 27 son
1910 2202 214 52 enseigne-

138 2272 118 33 ment
280 2265 24 40 ?
327 2265 55 39 Si
425 2267 39 36 le
500 2263 213 40 ministre
748 2265 238 38 lui-même
1017 2263 91 40 s'en
1145 2263 176 49 mêlait,
1355 2265 33 38 il
1420 2264 146 39 serait
1601 2265 92 38 mal
1730 2264 227 41 accueilli.
2004 2263 145 54 Tenez

136 2340 117 41 pour
294 2327 174 39 certain
501 2338 99 42 que,
627 2338 52 27 en
723 2339 48 25 ce
799 2327 81 51 qui
925 2338 223 27 concerne
1176 2327 44 38 la
1254 2326 220 53 musique,
1495 2325 106 40 c'est
1637 2326 45 39 la
1716 2326 139 39 même
1877 2327 146 39 chose.
2065 2327 84 38 Les

136 2388 293 56 professeurs
463 2389 52 39 de
571 2390 305 51 composition
917 2387 230 55 (lesquels.
1181 2400 58 27 au
1284 2388 375 48 Conservatoire,
1696 2395 79 32 ont
1797 2400 87 27 une
1923 2388 224 39 situation

141 2451 368 52 exceptionnelle)
541 2463 52 26 ne
634 2451 216 50 relèvent,
875 2462 50 27 en
958 2448 194 41 matière
1188 2449 138 51 d'art,
1352 2463 83 40 que
1468 2449 337 49 d'eux-mêmes,
1831 2450 52 39 de
1909 2450 100 39 leur
2032 2456 87 33 tem-

136 2515 256 51 pérament,
414 2512 53 40 de
493 2515 99 37 leur
615 2513 114 53 goût
748 2521 78 43 ;et
854 2512 31 39 il
924 2517 64 35 est
1024 2511 257 52 impossible
1314 2510 111 55 qu'il
1448 2526 51 26 en
1536 2512 90 40 soit
1650 2519 278 35 autrement.
1959 2512 60 40 Le
2046 2511 103 41 vrai

140 2575 92 40 rôle
250 2575 57 39 du
341 2576 248 39 Directeur
608 2574 111 40 n'est
741 2587 83 40 pas
851 2574 53 39 de
922 2575 126 51 faire
1072 2574 76 39 des
1174 2588 19 25 «
1225 2576 224 41 réformes
1470 2587 38 27 ».
1531 2580 39 35 A
1599 2576 62 38 lui
1682 2576 115 47 seul,
1825 2576 31 37 il
1876 2581 67 33 est
1964 2574 157 53 impuis-

139 2645 101 32 sant
254 2651 123 40 pour
400 2639 92 38 cela
515 2651 15 37 ;
552 2637 107 40 c'est
679 2637 54 40 de
755 2638 128 51 faire
910 2636 214 40 observer
1158 2637 39 38 le
1220 2638 257 52 règlement
1512 2637 110 39 dont
1646 2637 31 38 il
1701 2643 65 33 est
1789 2639 40 37 le
1849 2637 214 53 gardien,
2086 2644 58 44 et,

135 2713 86 39 par
252 2712 79 28 son
367 2703 252 45 caractère,
642 2699 99 40 d'en
781 2698 201 52 inspirer
1018 2700 40 38 le
1091 2705 177 45 respect
1291 2710 12 37 ;
1333 2699 107 39 c'est
1460 2698 54 38 de
1546 2698 269 52 discipliner
1836 2699 38 39 le
1901 2699 244 51 personnel

141 2761 107 40 dont
266 2763 37 39 il
323 2768 65 34 est
427 2765 188 37 entouré
639 2778 12 33 ;
683 2761 105 40 c'est
820 2760 309 40 d'astreindre
1152 2762 64 37 les
1247 2767 191 32 maîtres
1475 2759 25 40 à
1529 2760 136 53 faire
1707 2761 122 38 leurs
1862 2761 168 39 classes
2050 2773 95 26 aux

139 2824 159 40 heures
318 2823 318 54 obligatoires,
662 2824 91 53 etfà
777 2836 54 27 ne
848 2835 85 40 pas
961 2821 199 54 prendre
1181 2821 53 40 de
1257 2834 168 40 congés
1454 2835 104 26 sans
1576 2835 37 37 y
1635 2821 98 41 être
1755 2821 231 41 autorisés
2004 2837 12 33 ;
2039 2821 106 41 c'est

141 2886 53 39 de
225 2886 130 52 faire
385 2886 38 40 le
461 2886 167 54 budget
669 2887 53 38 de
757 2886 43 40 la
826 2884 172 41 maison
1042 2891 40 32 et
1106 2884 53 39 de
1200 2884 250 39 surveiller
1487 2883 56 39 de
1561 2885 107 50 près
1700 2885 38 38 le
1763 2883 81 40 bon
1852 2883 266 53 fonctionne-

141 2955 118 33 ment
277 2948 54 40 de
355 2955 99 33 tous
475 2950 61 38 les
560 2950 198 38 services
772 2959 16 40 ;
811 2960 22 27 c
851 2953 67 34 est
932 2953 187 34 surtout
1137 2945 54 40 de
1206 2945 128 53 faire
1357 2946 171 54 régner
1550 2947 44 38 la
1608 2946 162 39 stricte
1783 2945 173 54 justice
1976 2952 169 33 autour

141 3013 49 36 de
214 3011 64 38 lui
310 3017 42 32 et
393 3010 242 53 d'opposer
659 3023 86 26 une
767 3009 185 40 volonté
971 3008 144 50 ferme
1149 3021 95 27 aux
1264 3009 169 53 petites
1458 3020 172 28 comme
1662 3020 94 28 aux
1786 3008 203 53 grandes
2011 3009 112 39 intri-

140 3084 124 40 gues.
287 3074 35 38 A
365 3085 47 27 ce
445 3072 130 52 point
611 3074 52 38 de
687 3086 94 37 vue,
882 3070 77 54 qui
990 3077 64 34 est
1095 3071 38 39 le
1174 3074 98 36 seul
1305 3070 117 49 vrai,
1521 3070 67 40 M.
1634 3070 81 40 Th.
1746 3070 170 40 Dubois
1938 3070 114 40 était
2089 3084 56 26 un

145 3135 243 39 Directeur
409 3135 185 51 modèle,
621 3148 84 40 que
728 3135 27 38 d
776 3134 235 39 unanimes
1046 3139 43 34 et
1121 3134 203 38 sincères
1363 3138 181 47 regrets
1566 3140 360 47 accompagnent
1964 3135 110 38 dans
2096 3147 48 26 sa

141 3196 190 40 retraite
371 3197 272 40 volontaire.
677 3197 129 41 Nous
834 3208 195 27 sommes
1052 3196 202 38 certains
1277 3208 85 40 que
1386 3196 65 37 M.
1479 3194 190 41 Gabriel
1690 3194 173 50 Fauré,
1889 3194 232 55 n'apparte-

144 3265 107 32 nant
275 3258 25 39 à
325 3271 174 27 aucune
538 3260 188 47 coterie,
752 3257 274 53 s'inspirera
1053 3256 52 40 de
1126 3269 77 27 son
1227 3257 222 53 exemple.
