2295 3779
757 213 146 27 COURS
938 213 59 26 DU
1035 206 202 34 COLLÈGE
1271 214 56 26 DE
1362 215 170 26 FRANCE

2080 214 73 38 357

143 305 205 44 modifier
371 308 272 51 légèrement
667 318 47 27 sa
739 308 136 40 teinte
901 319 7 24 :
928 310 60 40 mi
1015 318 16 37 R
1055 317 66 32 est
1144 308 104 41 bleu
1278 308 144 47 foncé,
1458 317 41 31 et
1533 308 61 40 mi
1618 317 16 35 b
1658 318 66 32 est
1747 309 103 41 bleu
1886 310 110 40 clair
2017 325 8 33 ;
2050 310 47 50 fa
2119 320 16 35 fi

142 385 64 32 est
227 376 137 40 violet
386 376 121 49 clair,
533 384 42 32 et
585 375 59 53 fa
667 379 24 37 tf
711 385 66 31 est
801 378 251 53 améthyste
1084 392 58 27 ou
1165 378 104 40 bleu
1312 376 170 52 saphir.
1509 376 123 41 Pour
1650 376 174 50 l'autre,
1866 392 87 27 une
1996 383 134 47 opéra-

143 447 90 39 tion
253 445 54 39 de
338 459 48 27 ce
409 458 134 38 genre
567 444 174 51 change
764 447 348 52 complètement
1131 447 41 40 la
1196 446 182 41 couleur
1405 460 6 25 :
1447 461 35 25 si
1502 451 24 36 IX
1547 455 66 32 est
1644 455 112 43 vert,
1778 456 42 31 et
1841 447 39 40 si
1900 456 17 34 b
1945 456 66 31 est
2035 447 117 47 lilas,

143 522 79 33 etc.

197 581 63 42 Le
284 583 202 40 meilleur
508 595 162 40 moyen
708 584 58 39 de
789 593 202 32 montrer
1013 585 40 40 la
1088 590 88 35 très
1199 583 136 41 faible
1375 583 159 42 valeur
1569 582 284 55 scientifique
1873 585 58 39 du
1973 585 108 39 livre
2104 584 52 39 de

139 649 61 42 M.
228 651 230 54 Flournoy
491 653 136 39 serait
651 651 101 42 d'en
771 666 188 39 exposer
981 653 63 41 les
1069 653 226 41 résultats.
1322 652 58 41 Ils
1418 666 55 27 ne
1496 653 271 40 concordent
1805 653 249 40 nullement
2079 663 9 35 ;
2114 661 41 31 et

139 720 203 51 l'auteur,
379 723 75 50 qui
473 729 65 32 est
562 721 40 39 la
627 721 184 53 loyauté
835 726 162 45 même,
1024 721 191 41 n'essaie
1253 725 147 37 même
1423 736 80 38 pas
1533 722 54 39 de
1601 721 39 40 le
1660 721 275 41 dissimuler.
1966 720 124 41 Voici
2115 720 39 40 le

141 788 186 42 résultat
350 790 130 40 d'une
501 790 55 40 de
573 804 70 26 ses
663 795 238 49 enquêtes,
919 792 241 52 indiquant
1183 791 39 40 le
1243 804 100 27 sexe
1364 799 40 32 et
1429 788 116 52 l'âge
1576 790 80 40 des
1695 803 247 39 personnes
1966 791 165 39 interro-

141 863 103 46 gées
265 867 41 32 et
327 858 64 41 les
414 859 205 42 couleurs
639 873 87 38 que
749 861 199 40 chacune
970 861 153 40 d'elles
1145 859 193 42 attribue
1359 873 84 27 aux
1466 867 128 33 notes
1616 859 54 39 de
1691 859 40 39 la
1750 872 181 36 gamme
1959 871 7 26 :

190 1610 19 24 «
230 1596 83 55 J'ai
338 1598 216 51 quelques
578 1598 174 47 doutes,
787 1599 63 39 dit
869 1597 64 41 M.
959 1598 245 52 Flournoy,
1231 1611 77 27 sur
1330 1596 207 52 l'origine
1573 1599 223 38 vraiment
1831 1595 216 41 musicale
2089 1596 53 39 de

134 1678 69 27 ces
225 1665 264 52 photismes.
515 1679 19 24 »
580 1665 70 42 En
670 1666 101 41 effet
797 1677 8 26 :
847 1667 56 40 tel
938 1667 206 40 auditeur
1173 1667 141 40 classe
1336 1667 39 39 le
1409 1670 46 35 ré
1492 1666 113 39 dans
1629 1666 39 39 le
1690 1674 111 38 vert,
1846 1666 297 51 uniquement

132 1748 130 38 parce
279 1749 87 38 que
388 1735 39 40 le
449 1741 84 33 mot
550 1748 19 25 «
589 1739 43 35 ré
653 1749 19 24 »
693 1750 21 25 a
740 1735 38 40 le
799 1749 83 27 son
899 1751 34 25 e,
959 1744 42 32 et
1023 1749 101 39 que,
1151 1749 114 38 pour
1275 1735 79 48 lui,
1375 1743 111 33 cette
1507 1733 163 55 voyelle
1691 1742 66 32 est
1768 1733 142 41 verte!
1937 1732 88 41 Les
2046 1735 78 38 tim-

133 1801 101 41 bres
245 1803 77 40 des
333 1805 292 39 instruments
649 1812 77 32 ont
747 1804 148 40 donné
912 1804 87 40 lieu
1015 1808 20 36 à
1058 1804 78 40 des
1159 1805 211 51 opinions
1388 1811 95 33 tout
1503 1805 122 38 aussi
1639 1803 267 52 disparates.
1926 1801 63 41 La
2010 1811 111 31 trom-

129 1880 118 43 pette
265 1881 67 32 est
346 1872 201 40 déclarée
560 1886 157 37 rouge,
740 1887 81 38 par
837 1873 227 51 plusieurs
1088 1872 228 41 individus
1344 1884 8 36 ;
1383 1874 114 38 mais
1512 1872 40 40 le
1574 1872 265 40 violoncelle
1862 1879 66 32 est
1968 1870 176 40 déclaré

132 1949 101 31 tour
249 1944 21 36 à
293 1949 97 32 tour
413 1942 129 51 jaune
565 1942 125 48 doré,
702 1950 95 32 vert
817 1955 197 39 pomme,
1037 1940 105 42 bleu
1159 1942 161 39 céleste
1342 1956 8 33 ;
1377 1941 39 39 le
1438 1940 152 41 violon
1604 1949 65 31 est
1691 1942 112 49 gris,
1822 1941 149 52 jaune,
1993 1940 152 48 violet,

131 2007 114 42 brun
270 2019 9 37 ;
301 2006 172 54 l'orgue
494 2018 66 32 est
574 2023 155 37 rouge,
750 2009 102 42 bleu
879 2025 8 33 ;
910 2011 40 39 le
972 2012 135 50 piano
1131 2023 140 37 rouge
1289 2008 76 48 vif,
1379 2010 149 52 jaune,
1554 2011 99 39 noir
1674 2017 42 32 et
1739 2008 184 41 blanc...
1952 2024 16 19 «
1992 2006 155 53 Quant

132 2091 81 26 aux
235 2078 207 41 couleurs
458 2079 243 50 suggérées
724 2093 82 38 par
828 2079 63 40 les
912 2079 169 51 grands
1102 2083 200 43 maîtres,
1328 2078 63 40 les
1415 2078 148 40 seules
1585 2077 200 41 velléités
1802 2075 224 42 d'entente
2046 2085 100 31 sont

128 2146 206 40 relatives
355 2150 22 35 à
415 2145 210 49 Gounod,
656 2147 108 40 dont
788 2147 39 40 la
870 2149 210 50 musique
1115 2147 157 40 éveille
1311 2147 78 40 des
1421 2147 274 40 colorations
1719 2145 190 41 violettes
1944 2145 104 40 chez
2076 2159 58 26 un

127 2215 221 47 individu,
374 2223 40 32 et
436 2215 138 39 bleues
594 2216 103 39 chez
719 2230 59 25 un
803 2224 124 31 autre
946 2226 8 36 ;
980 2225 41 30 et
1046 2220 22 35 à
1093 2215 273 49 Beethoven,
1405 2217 76 50 qui
1502 2223 65 32 est
1605 2214 99 39 noir
1728 2227 111 39 pour
1862 2229 60 25 un
1942 2214 114 52 sujet
2097 2223 41 30 et

128 2283 109 40 dont
256 2284 191 40 certains
484 2297 219 38 passages
728 2290 210 34 amènent
957 2283 103 41 chez
1103 2298 60 25 un
1185 2292 124 32 autre
1332 2298 60 25 un
1425 2296 197 38 manque
1644 2281 109 42 total
1794 2283 54 39 de
1887 2284 255 39 sensations

126 2352 211 40 visuelles
363 2367 8 32 ;
395 2365 158 27 encore
573 2352 40 40 la
635 2354 145 39 vision
798 2352 121 40 noire
938 2361 40 31 et
1002 2352 41 40 la
1065 2354 148 39 vision
1233 2352 116 40 nulle
1378 2366 54 26 ne
1468 2351 314 41 doivent-elles
1803 2364 80 39 pas
1919 2354 91 37 être
2032 2364 78 27 con-

127 2420 192 42 fondues
346 2424 7 36 !
379 2433 20 24 »

182 2488 330 49 Evidemment,
559 2502 114 28 nous
705 2502 198 27 sommes
927 2491 54 38 ici
1005 2502 55 27 en
1103 2493 212 48 présence
1350 2489 54 39 de
1443 2489 310 51 phénomènes
1796 2488 345 40 d'associations

127 2558 181 47 d'idées,
332 2567 41 32 et
390 2571 88 28 non
511 2558 134 41 d'une
678 2567 119 31 sorte
843 2558 54 40 de
933 2559 386 52 correspondance
1359 2560 280 50 mécanique,
1688 2558 273 40 déterminée
1983 2571 80 39 par
2101 2558 40 38 la

126 2635 157 32 nature
302 2627 78 40 des
401 2640 208 38 organes.
634 2626 63 41 Ce
720 2629 76 50 qui
837 2627 38 40 le
898 2640 185 38 prouve,
1119 2627 104 40 c'est
1244 2639 85 39 que
1354 2631 89 35 très
1477 2634 188 33 souvent
1699 2626 40 40 la
1778 2627 211 51 question
2029 2639 81 37 sug-

126 2700 103 45 gère
247 2696 40 40 la
313 2700 204 47 réponse,
540 2711 80 38 par
641 2709 87 28 une
752 2704 118 32 sorte
890 2695 269 41 d'imitation
1178 2695 315 41 involontaire.
1518 2695 86 54 «Je
1627 2693 88 42 n'ai
1737 2699 143 46 songé
1905 2698 20 35 à
1961 2694 41 39 la
2036 2707 116 30 cou-,

125 2764 94 40 leur
235 2765 77 40 des
331 2765 212 52 voyelles,
568 2766 105 39 écrit
692 2763 62 40 M.
781 2764 50 41 P.
857 2763 82 48 M.,
978 2777 86 39 que
1084 2765 151 51 quand
1258 2762 71 55 j'ai
1365 2777 53 27 eu
1455 2765 323 38 connaissance
1813 2763 77 40 des
1926 2775 99 26 vers
2065 2763 76 39 des

124 2832 236 41 décadents
390 2847 75 27 sur
479 2834 64 40 les
564 2833 198 53 voyelles
785 2832 214 41 colorées.
1023 2844 20 27 ))
1168 2832 273 50 Avez-vous,
1463 2832 113 39 dans
1595 2845 80 26 vos
1703 2835 144 43 rêves,
1872 2831 77 39 des
1989 2843 126 28 sensa-

125 2904 115 38 tions
260 2903 53 40 de
331 2900 219 43 l'odorat?
574 2903 221 40 demande
834 2916 60 26 un
917 2902 98 52 jour
1037 2901 63 40 M.
1128 2900 138 42 Ribot
1298 2907 23 33 à
1352 2899 63 41 M.
1443 2901 50 39 B.
1610 2899 102 41 Non
1737 2900 7 37 !
1788 2900 169 51 répond
1996 2899 62 40 M.
2084 2899 52 40 B.

126 2977 125 45 après
273 2973 124 39 avoir
416 2970 231 54 beaucoup
665 2971 194 40 réfléchi.
959 2969 64 41 La
1048 2971 97 39 nuit
1184 2972 221 45 suivante,
1429 2968 60 40 M.
1523 2969 50 40 B.
1601 2970 118 40 avait
1761 2969 296 51 précisément
2079 2983 60 25 un

124 3043 97 36 rêve
246 3053 104 27 avec
370 3043 252 38 sensations
646 3038 247 43 olfactives.
922 3038 48 41 Si
994 3053 59 26 un
1074 3047 126 32 autre
1223 3046 157 32 savant
1404 3036 150 42 l'avait
1576 3039 227 48 interrogé
1823 3037 39 40 le
1882 3036 256 41 lendemain

122 3121 74 27 sur
209 3109 39 40 le
267 3112 146 36 même
429 3107 92 50 fait,
548 3109 34 40 il
608 3110 144 39 aurait
778 3109 116 40 donc
926 3112 68 36 été
1014 3107 152 51 obligé
1189 3109 54 38 de
1267 3106 109 41 faire
1397 3120 87 27 une
1502 3111 190 48 réponse
1719 3105 263 41 affirmative
2008 3119 76 27 sur
2098 3107 40 39 la

123 3180 142 37 même
289 3179 205 50 question
533 3180 92 51 qui,
652 3178 39 39 la
715 3177 150 49 veille,
889 3178 117 39 avait
1044 3180 232 47 provoqué
1299 3189 88 27 une
1411 3180 190 48 réponse
1624 3177 209 49 négative
1859 3175 7 38 !
1910 3175 124 40 Dans
2074 3175 64 40 les

121 3246 323 40 consultations
467 3247 255 46 musicales,
748 3246 77 39 des
841 3259 73 27 cas
930 3245 248 50 analogues
1195 3253 77 32 ont
1292 3245 58 40 dû
1375 3257 47 28 se
1442 3248 243 49 présenter.
1710 3243 64 41 Ce
1796 3246 74 50 qui
1893 3257 169 38 prouve
2098 3244 39 40 le

122 3313 90 40 rôle
233 3314 163 52 capital
411 3315 99 51 joué
525 3330 79 38 par
625 3314 303 40 l'association
950 3314 78 39 des
1045 3313 136 46 idées,
1202 3326 47 27 ce
1270 3321 101 32 sont
1392 3313 63 40 les
1470 3321 207 44 rapports
1691 3312 161 41 établis
1874 3321 122 32 entre
2013 3311 98 41 d'au-

123 3389 84 33 tres
229 3396 100 26 sens
355 3397 84 38 que
472 3383 106 41 l'œil
601 3392 41 32 et
663 3382 202 41 l'oreille.
888 3395 18 24 «
941 3382 70 41 Un
1035 3382 145 50 grand
1204 3391 205 31 amateur
1431 3383 53 39 de
1508 3384 209 49 musique
1746 3390 41 32 et
1826 3382 53 39 de
1912 3382 220 51 peinture,

119 3454 52 45 46
192 3464 94 38 ans,
312 3466 21 25 a
357 3457 153 36 trouvé
534 3453 53 40 de
611 3460 96 33 tout
724 3460 146 43 temps
888 3464 87 39 que
997 3450 39 40 la
1059 3464 100 27 rose
1182 3456 92 34 sent
1290 3451 39 39 le
1351 3450 41 40 la
1415 3451 172 52 majeur
1610 3463 19 25 »
1667 3449 264 53 (Flournoy,
1957 3450 79 39 loc.
2063 3448 69 40 cit.

121 3532 41 37 p.
193 3518 110 54 101).
323 3520 96 41 Une
433 3521 130 52 jeune
577 3520 91 41 fille
691 3521 107 40 écrit
820 3533 102 39 que,
950 3534 112 38 pour
1081 3520 101 50 elle,
1210 3533 19 24 «
1251 3519 40 41 la
1311 3520 182 40 couleur
1509 3520 53 40 de
1580 3519 282 52 l'héliotrope
1886 3533 21 25 a
1933 3518 39 40 la
1987 3533 151 25 saveur
