2390 4109
872 296 160 31 REVUE
1068 297 66 30 DU
1171 297 114 30 MOIS

2038 337 0 0 295

103 498 136 42 mois.
279 499 65 40 La
384 499 231 54 Lépreuse
650 513 55 29 ne
729 501 209 54 pourrait
979 503 121 41 donc
1123 516 158 41 passer
1320 516 88 41 que
1432 516 102 28 vers
1559 504 41 41 le
1630 498 27 59 i
1684 498 27 59 5
1738 498 217 59 décembre
1990 513 56 28 au

103 558 105 54 plus
242 559 83 41 tôt.

159 620 65 39 Or
257 619 336 55 l'engagement
624 623 55 40 de
720 624 45 39 M
770 625 41 24 lie
837 623 184 42 Garden
1056 624 155 54 expire
1234 625 41 40 le
1299 624 47 41 3i
1378 625 260 48 décembre,
1665 632 43 33 et
1731 625 41 53 je
1798 623 87 40 n'ai
1912 635 108 28 aucu-

106 689 190 33 nement
334 680 262 42 l'intention
620 684 55 40 de
701 684 40 40 le
765 684 265 54 prolonger.
1056 685 73 40 Du
1153 693 137 43 reste,
1317 684 85 41 elle
1444 698 56 27 ne
1524 684 208 55 pourrait
1754 698 27 40 y
1813 682 235 43 consentir

104 741 105 54 (elle
235 755 71 28 me
338 741 57 40 l'a
419 742 84 50 dit)
538 756 90 41 que
660 744 212 53 jusqu'au
903 741 22 58 i
946 741 22 58 5
989 741 172 58 janvier.
1186 745 112 41 Cela
1321 746 104 39 n'en
1451 755 108 31 vaut
1583 746 121 40 donc
1724 758 80 41 pas
1826 744 42 41 la
1891 743 153 54 peine.

157 802 52 41 Je
231 815 56 27 ne
309 802 227 40 donnerai
561 816 83 40 pas
670 804 41 40 la
734 804 226 53 première
998 806 133 40 d'une
1156 805 130 54 pièce
1322 818 109 28 avec
1459 818 90 28 une
1576 806 155 40 artiste
1774 804 180 54 obligée
1990 805 56 40 de

107 862 170 55 quitter
301 875 85 28 son
411 863 96 40 rôle
530 863 167 54 quinze
718 865 127 52 jours
871 867 147 51 après.

161 924 72 39 Du
256 932 136 40 reste,
418 932 116 32 cette
559 924 215 52 question
799 925 115 41 n'est
939 939 88 41 que
1054 926 289 41 subsidiaire.

160 983 64 41 Ce
249 983 79 54 qui
353 997 71 27 me
456 983 80 41 fait
555 998 116 27 vous
704 985 161 50 écrire,
892 987 109 39 c'est
1025 986 40 40 le
1086 995 81 31 ton
1188 986 185 54 général
1397 987 55 40 de
1484 995 127 33 votre
1635 988 146 39 lettre.
1804 987 35 39 Il
1863 1002 28 38 y
1908 986 137 53 règne

103 1057 63 27 un
187 1044 62 40 tel
274 1043 142 54 esprit
439 1044 56 41 de
526 1058 204 28 rancune
755 1054 43 32 et
822 1046 56 40 de
903 1046 224 41 méfiance
1152 1060 88 40 que
1282 1047 40 53 je
1345 1047 179 41 déclare
1555 1056 128 31 toute
1709 1047 337 40 collaboration

104 1103 272 55 impossible
403 1105 112 40 dans
540 1119 74 26 ces
658 1105 281 43 conditions.
967 1108 51 40 Je
1045 1120 54 27 ne
1138 1108 250 40 m'assoirai
1409 1121 81 40 pas
1524 1109 21 39 à
1571 1106 323 42 l'avant-scène
1918 1116 127 32 entre

105 1166 121 40 deux
270 1174 185 32 auteurs
498 1166 292 41 nourrissant
834 1176 159 31 contre
1019 1167 93 40 moi
1151 1168 54 41 de
1247 1169 86 40 tels
1376 1168 363 41 ressentiments.
1769 1169 64 39 La
1861 1168 70 41 vie
1972 1167 73 54 n'y

105 1226 137 41 serait
265 1239 81 40 pas
371 1227 208 52 possible
605 1236 44 32 et
672 1228 41 53 je
753 1228 75 53 n'y
853 1228 313 54 supporterais
1197 1228 329 42 certainement
1548 1242 81 40 pas
1666 1229 64 40 les
1764 1228 135 54 petits
1924 1237 119 32 mots

105 1287 78 53 qui
210 1300 114 28 vous
351 1287 260 54 échappent
642 1301 64 27 un
729 1301 92 40 peu
844 1297 101 45 trop
971 1297 196 34 souvent
1193 1289 113 41 dans
1343 1298 125 33 votre
1494 1289 417 54 correspondance,
1934 1302 109 28 mon

107 1347 109 41 cher
240 1348 235 40 monsieur
504 1348 213 42 Bataille.

157 1408 201 41 J'estime
383 1408 109 53 qu'il
514 1418 69 31 est
605 1418 165 45 temps,
796 1422 117 41 pour
939 1423 72 27 ma
1036 1410 173 53 dignité
1235 1418 42 33 et
1300 1424 118 40 pour
1440 1411 42 40 la
1506 1411 145 52 vôtre,
1677 1410 103 40 d'en
1804 1418 143 32 rester
1981 1410 59 41 là.

158 1468 82 41 J'ai
269 1469 93 50 fait,
386 1470 55 40 de
463 1470 43 40 la
531 1469 238 41 meilleure
789 1469 63 41 foi
878 1471 60 39 du
966 1471 183 49 monde,
1173 1471 110 54 quoi
1308 1484 87 41 que
1420 1485 115 27 vous
1573 1470 201 55 puissiez
1796 1483 167 40 penser
1983 1483 61 27 ou

105 1529 114 49 dire,
243 1538 102 32 tout
370 1543 51 27 ce
445 1530 79 53 qui
546 1530 108 41 était
678 1544 57 27 en
760 1544 110 27 mon
894 1531 198 52 pouvoir
1115 1545 119 40 pour
1256 1545 114 27 vous
1396 1532 179 41 donner
1620 1530 297 41 satisfaction.
1957 1532 86 39 Les

104 1599 261 45 maquettes
391 1591 80 41 des
497 1592 161 40 décors
677 1599 43 33 et
745 1592 79 40 des
851 1600 233 32 costumes
1124 1591 77 54 qui
1232 1605 113 28 vous
1374 1601 80 31 ont
1491 1592 69 40 été
1586 1590 227 42 soumises
1838 1591 208 41 auraient

105 1651 62 41 dû
192 1665 114 26 vous
332 1651 265 42 démontrer
623 1666 87 39 que
730 1653 40 52 je
802 1665 55 27 ne
887 1653 198 40 montais
1109 1666 81 40 pas
1225 1653 43 40 la
1289 1652 129 55 pièce
1446 1653 113 41 dans
1590 1653 41 40 le
1656 1653 83 40 but
1773 1652 54 40 de
1854 1651 42 40 la
1931 1651 111 41 faire

104 1715 190 37 crouler
301 1746 7 8 .
335 1713 49 40 Je
405 1726 56 26 ne
487 1726 72 27 me
583 1712 191 41 connais
798 1726 80 40 pas
899 1726 89 27 une
1011 1714 99 40 âme
1136 1714 123 40 aussi
1279 1713 148 42 noire.

159 1773 52 40 Je
257 1772 239 54 n'agissais
540 1773 133 53 point
716 1786 88 40 par
843 1774 134 40 ordre
983 1804 9 19 ,
1018 1773 113 41 mais
1175 1787 81 40 par
1298 1787 113 40 pure
1454 1774 256 54 sympathie
1750 1787 118 40 pour
1910 1786 131 29 vous.

112 1832 206 54 Puisque
359 1847 116 27 vous
499 1835 155 39 n'avez
675 1833 99 41 rien
806 1834 201 52 compris
1033 1848 56 26 au
1115 1834 93 40 bon
1233 1843 295 32 mouvement
1552 1834 78 54 qui
1672 1834 86 40 m'a
1780 1834 130 53 porté
1943 1847 101 28 vers

112 1907 116 28 vous
250 1894 41 40 le
317 1908 47 26 12
391 1895 109 39 août
523 1894 197 51 dernier,
754 1894 31 40 il
806 1907 72 28 me
904 1903 117 32 reste
1046 1894 40 41 le
1120 1894 120 41 droit
1264 1895 54 40 de
1342 1895 41 40 le
1407 1895 220 43 racheter.
1656 1895 34 40 Il
1715 1895 117 40 m'en
1858 1895 187 40 coûtera

111 1955 137 41 6.000
287 1954 151 41 francs
465 1968 10 37 ;
511 1954 113 41 mais
665 1957 39 49 je
736 1968 57 27 ne
826 1955 117 40 serai
985 1954 103 54 plus
1125 1955 184 53 exposé,
1352 1955 62 40 du
1456 1955 167 49 moins,
1649 1957 23 38 à
1718 1955 204 42 recevoir
1964 1955 78 40 des

106 2014 157 41 lettres
289 2015 61 40 du
372 2027 140 42 genre
538 2016 55 39 de
628 2015 113 41 celle
767 2029 87 40 que
873 2029 115 26 vous
1015 2016 167 39 m'avez
1209 2015 211 40 adressée
1444 2015 113 41 hier.

167 2076 60 40 M.
254 2075 188 41 Lazzari
481 2084 69 32 est
574 2076 24 40 à
642 2076 142 40 Paris.
814 2075 37 41 Il
887 2088 170 40 pourra
1083 2075 111 41 aller
1231 2076 194 40 toucher
1531 2076 78 40 dès
1635 2076 184 41 demain
1841 2076 128 40 lundi

108 2135 283 42 l'indemnité
414 2136 24 40 à
462 2136 198 53 laquelle
681 2145 105 31 tous
823 2136 119 40 deux
964 2149 116 28 vous
1119 2136 154 40 donne
1313 2136 120 41 droit
1473 2136 42 40 la
1548 2135 235 55 réception
1828 2136 54 41 de
1915 2144 129 32 votre

109 2196 147 54 pièce.

165 2258 51 41 Je
263 2258 63 39 lui
369 2258 347 40 abandonnerai
768 2270 55 28 en
866 2267 132 31 outre
1037 2266 128 32 toute
1207 2258 44 40 la
1295 2257 132 53 copie
1471 2258 295 40 commencée
1806 2266 43 31 et
1886 2258 40 52 je
1973 2271 71 27 me

106 2318 167 53 charge
313 2317 331 43 d'indemniser
660 2318 41 41 le
725 2317 181 54 peintre
928 2326 44 33 et
995 2319 40 40 le
1070 2317 289 42 dessinateur
1376 2331 120 40 pour
1519 2317 121 42 leurs
1665 2326 270 45 maquettes.

162 2398 225 53 Veuillez,
414 2407 85 35 etc.

1432 2465 183 40 Albert
1645 2465 183 40 Carré.

160 2584 216 41 Concerts
399 2584 257 50 classiques
680 2583 59 41 du
767 2582 195 41 Théâtre
992 2582 227 41 Moderne.
1322 2580 88 39 Ces
1436 2587 209 32 concerts
1675 2586 166 32 auront
1863 2577 93 41 lieu
1980 2578 65 40 les

106 2643 247 42 mercredis
376 2653 43 31 et
444 2643 201 41 samedis
670 2643 22 40 à
721 2644 18 39 5
767 2642 164 40 heures
954 2650 43 32 et
1022 2649 155 32 seront
1200 2640 246 53 inaugurés
1472 2640 24 39 à
1517 2639 41 40 la
1578 2638 63 41 fin
1667 2639 55 40 de
1741 2651 49 28 ce
1814 2638 134 41 mois.

160 2706 71 39 Au
253 2717 309 41 programme,
590 2703 243 41 exécution
861 2700 227 54 complète
1114 2701 79 40 des
1219 2713 180 27 œuvres
1421 2700 56 40 de
1501 2698 211 54 musique
1741 2699 54 40 de
1829 2698 217 41 chambre

105 2766 55 40 de
189 2765 278 51 Beethoven,
524 2764 283 47 Schumann,
842 2764 197 46 Mozart,
1087 2761 243 50 Schubert,
1377 2760 331 41 Mendelssohn
1754 2768 45 31 et
1832 2760 78 39 des
1940 2759 104 52 plus

107 2826 331 41 intéressantes
480 2824 339 54 compositions
859 2824 54 40 de
955 2823 275 47 Bœllmann,
1276 2820 248 50 Borodine,
1562 2820 208 48 Brahms,
1816 2820 228 52 Debussy,

110 2886 163 49 Fauré,
299 2888 197 49 Franck,
519 2885 154 54 Grieg,
708 2884 127 51 Lalo,
865 2883 314 50 Saint-Saëns,
1206 2890 86 33 etc.

164 2948 63 39 Le
253 2955 189 33 concert
466 2947 59 40 du
558 2960 56 36 24
642 2948 191 39 octobre
859 2958 99 28 sera
986 2944 220 41 consacré
1239 2955 88 27 aux
1349 2954 178 29 œuvres
1561 2942 54 40 de
1642 2942 202 52 Wagner
1869 2953 108 28 avec
2001 2940 40 40 le

106 3020 231 29 concours
362 3009 55 41 de
574 3006 295 42 Kutscherra.

236 3384 521 47 PUBLICATIONS
802 3384 360 47 RÉCENTES

107 3514 164 42 Claude
297 3514 203 51 Debussy
523 3529 9 25 :
556 3512 214 57 Cortège.
872 3513 153 40 Ballet
1030 3544 8 9 .
1068 3509 198 42 Extraits
1289 3511 54 39 de
1377 3510 41 40 la
1436 3510 148 40 Petite
1621 3510 144 43 Suite.
1781 3511 240 53 Transcrip-

162 3574 101 41 tion
285 3587 120 41 pour
428 3574 139 53 piano
595 3575 21 38 à
640 3587 22 26 2
691 3573 164 49 mains,
880 3586 81 41 par
988 3573 48 40 F.
1064 3572 206 39 Durand.
1300 3570 144 52 Paris,
1470 3570 190 40 Durand
1679 3579 42 31 et
1740 3570 88 40 fils.

329 3636 69 39 La
434 3635 246 40 Fontaine.
785 3635 88 39 Les
902 3634 230 41 Cheveux.
1256 3633 66 38 La
1341 3639 119 32 mort
1486 3631 51 40 de
1563 3631 194 42 Pelléas.
1780 3632 240 54 Transcrip-

158 3696 98 40 tion
284 3708 120 41 pour
428 3695 141 54 piano
597 3695 24 40 à
644 3708 27 38 4
703 3694 147 41 mains
872 3707 81 41 par
987 3693 128 40 Léon
1138 3693 203 51 Roques.

108 3770 108 42 Paul
243 3771 145 40 Dukas
414 3782 8 27 :
448 3768 246 42 Villanelle
698 3801 10 16 9
731 3782 119 40 pour
873 3780 79 29 cor
990 3774 44 33 et
1072 3766 251 41 orchestre.
1353 3765 143 49 Paris,
1522 3765 192 43 Durand
1736 3774 47 33 et
1820 3766 88 42 fils.
