2390 4109
898 276 160 30 REVUE
1094 277 64 29 DU
1194 276 111 31 MOIS

1990 264 81 52 287

131 473 140 39 nieux
310 472 55 41 de
410 472 228 50 Haendel,
665 475 153 53 ajouté
859 487 56 28 au
956 487 290 42 programme
1279 484 42 31 et
1357 476 157 41 enlevé
1553 477 112 40 dans
1690 489 64 28 un
1779 484 294 32 mouvement

129 532 287 54 vertigineux
438 540 41 34 et
499 546 93 28 une
617 535 305 41 miraculeuse
948 536 186 40 netteté.

189 593 64 40 La
278 593 147 53 partie
448 595 159 40 vocale
638 609 25 27 a
688 596 69 40 été
785 595 332 42 certainement
1147 597 43 40 la
1213 597 104 54 plus
1357 596 155 42 faible.
1543 599 61 40 Le
1631 607 197 44 quatuor
1858 596 131 43 vocal
2015 596 55 40 de

132 653 155 41 Berlin
313 667 24 27 a
360 668 115 40 paru
497 668 225 41 manquer
747 656 371 55 d'homogénéité
1144 657 23 41 à
1192 657 129 54 l'égal
1344 658 79 40 des
1450 658 191 41 sociétés
1666 659 65 41 les
1752 659 103 53 plus
1871 659 201 39 illustres

129 714 56 41 de
214 714 145 49 Paris,
398 724 44 33 et
465 716 66 41 les
557 717 269 54 madrigaux
851 719 55 39 de
940 717 144 53 Senfl,
1113 718 256 51 Marenzio,
1399 719 262 40 Sweelinck
1686 729 43 31 et
1752 719 180 54 Morley
1963 716 110 56 qu'il

129 788 117 28 nous
285 788 24 27 a
346 776 190 41 chantés
579 790 117 28 nous
734 786 80 32 ont
856 778 80 40 fait
976 786 220 46 regretter
1238 778 444 42 douloureusement
1722 780 232 41 l'absence
1992 779 80 39 des

127 835 233 42 chansons
385 836 252 57 françaises
663 839 59 40 du
758 847 94 32 xvi®
883 838 138 41 siècle
1046 847 43 32 et
1112 840 57 39 de
1194 839 122 40 leurs
1341 851 246 29 nerveuses
1613 849 43 31 et
1680 840 217 40 délicates
1929 838 120 42 archi-

124 905 217 41 tectures,
388 898 165 52 auprès
586 898 265 54 desquelles
896 907 101 33 tout
1040 899 43 41 le
1123 909 120 31 reste
1292 898 173 41 semble
1510 913 90 28 une
1639 901 131 54 copie
1811 900 178 55 épaisse
2030 908 43 32 et

130 958 262 41 décolorée.
414 959 51 41 Je
491 972 56 28 ne
591 959 89 40 sais
705 959 234 54 pourquoi
964 973 61 26 on
1050 960 71 40 n'a
1146 974 80 39 pas
1252 959 80 40 fait
1372 960 135 53 appel
1546 974 118 40 pour
1700 975 49 27 ce
1774 970 187 32 concert
1985 974 87 27 aux

128 1018 196 41 recueils
347 1019 278 41 admirables
651 1021 55 40 de
732 1021 63 39 M.
823 1021 158 53 Henry
1005 1021 186 53 Expert.
1214 1021 97 39 MUe
1336 1020 108 40 Else
1467 1021 300 41 Rosenmund
1788 1035 117 27 nous
1930 1035 24 26 a
1973 1022 75 53 pré-

130 1079 128 41 senté
283 1079 81 41 des
389 1079 227 42 mélodies
641 1079 243 42 italiennes
910 1081 54 40 de
987 1080 191 47 Cavalli,
1207 1080 237 41 Carissimi
1468 1091 44 30 et
1536 1081 183 53 Marini,
1746 1082 105 40 d'un
1878 1091 195 32 contour

128 1140 215 51 agréable
369 1149 44 32 et
437 1140 150 49 facile,
613 1154 109 27 avec
752 1154 91 27 une
882 1142 105 40 voix
1012 1141 211 49 délicate,
1249 1141 204 53 quoique
1485 1155 61 26 un
1571 1155 89 40 peu
1684 1143 186 40 fermée.
1899 1143 171 54 Malgré

127 1214 77 28 ces
221 1200 173 55 légères
419 1202 223 49 réserves,
655 1215 49 27 ce
723 1210 185 32 concert
932 1215 23 26 a
981 1202 85 49 été,
1090 1215 178 27 comme
1291 1203 65 39 les
1373 1202 288 53 précédents,
1687 1203 90 40 fort
1797 1203 276 41 intéressant

125 1275 119 40 pour
275 1262 64 41 les
365 1263 207 51 curieux,
599 1271 43 32 et
665 1276 55 27 en
746 1263 361 54 quelques-unes
1130 1263 54 40 de
1211 1275 71 28 ses
1307 1262 168 53 parties
1496 1261 91 42 fort
1607 1264 131 40 beau.
1761 1264 35 39 Il
1815 1277 24 27 a
1860 1265 69 40 été
1955 1263 117 43 suivi

129 1323 108 41 d'un
259 1323 206 53 banquet
485 1331 103 33 tout
624 1323 218 40 fraternel
869 1324 58 39 où
967 1322 177 41 artistes
1171 1331 43 32 et
1249 1322 172 41 érudits
1448 1331 80 32 ont
1552 1323 181 55 choqué
1757 1324 120 40 leurs
1919 1331 152 34 verrès

129 1397 57 27 en
213 1384 245 41 l'honneur
500 1384 55 40 de
600 1382 329 55 l'hospitalière
966 1383 85 40 cité
1094 1383 264 54 helvétique
1384 1397 10 36 ;
1423 1384 40 39 le
1493 1396 139 28 menu
1667 1384 56 40 de
1760 1398 50 27 ce
1853 1386 217 53 banquet,

127 1443 79 55 qui
230 1444 313 54 reproduisait
579 1457 64 27 un
687 1444 164 41 ancien
877 1443 251 41 manuscrit
1158 1444 55 40 de
1250 1444 43 38 la
1332 1443 319 53 bibliothèque
1674 1444 318 42 universitaire
2016 1446 55 41 de

127 1505 124 49 Bâle,
287 1505 109 41 était
435 1519 63 26 un
529 1504 350 51 chef-d'œuvre,
921 1518 75 27 car
1030 1517 59 27 on
1114 1518 28 39 y
1166 1503 155 54 voyait
1345 1504 200 53 alignées
1582 1516 77 29 sur
1681 1505 79 40 des
1788 1506 197 51 portées,
2013 1519 56 28 en

125 1566 129 54 guise
276 1567 55 40 de
365 1566 212 54 longues,
605 1564 179 50 brèves,
818 1563 304 43 semi-brèves
1148 1573 43 31 et
1213 1564 229 48 minimes,
1470 1564 383 54 d'appétissantes
1878 1568 192 53 rangées

128 1627 55 40 de
223 1627 256 54 barriques,
510 1627 210 49 cruches,
747 1627 189 52 chopes,
962 1625 160 54 poêles
1159 1633 45 32 et
1242 1625 248 54 poulardes
1534 1639 56 26 en
1645 1626 187 41 broche.
1861 1626 114 41 Rien
2014 1641 56 27 ne

126 1688 193 54 pouvait
357 1687 155 41 mieux
552 1686 207 55 présider
805 1688 21 38 à
863 1700 63 26 un
967 1686 140 40 festin
1146 1684 369 56 musicologique
1550 1699 86 41 que
1674 1700 76 27 ces
1792 1685 277 43 facétieuses

127 1748 304 55 équivoques.
456 1749 51 40 Je
529 1761 57 28 ne
609 1747 89 41 sais
725 1748 23 39 à
773 1747 79 54 qui
877 1747 176 41 revient
1074 1746 133 41 l'idée
1234 1747 54 40 de
1314 1746 66 41 les
1399 1747 127 40 avoir
1548 1747 80 40 fait
1653 1748 174 41 revivre
1853 1761 56 27 en
1938 1757 131 32 notre

125 1808 235 43 honneur.
397 1808 69 42 Ne
512 1808 210 41 serait-ce
754 1821 79 39 pas
879 1821 59 27 au
964 1808 57 39 Dr
1047 1807 256 52 Bernoulli,
1329 1807 40 40 le
1396 1816 159 32 savant
1591 1816 44 33 et
1667 1807 197 41 aimable
1905 1808 142 40 biblio-

127 1870 210 41 thécaire
381 1870 114 41 dont
536 1882 120 28 nous
689 1881 143 29 avons
863 1881 64 40 pu
973 1867 255 55 apprécier,
1254 1881 55 28 en
1345 1867 172 42 mainte
1562 1869 238 48 occasion,
1835 1869 43 40 la
1916 1869 154 40 bonne

127 1932 134 53 grâce
280 1940 45 32 et
346 1930 176 54 l'esprit
541 1927 17 42 ?

181 1993 38 39 A
242 1990 304 52 l'unanimité,
569 1990 41 41 le
639 1989 212 55 congrès,
874 1997 135 33 avant
1033 1989 54 41 de
1119 2001 47 28 se
1192 1989 198 54 séparer,
1414 1989 119 41 avait
1559 1989 238 41 maintenu
1822 1991 24 39 à
1866 1990 41 40 la
1932 1989 115 53 prési-

129 2054 145 40 dence
311 2052 42 41 le
379 2053 37 39 D
420 2058 15 18 r
460 2051 339 51 Kretzschmar,
823 2050 107 41 bien
955 2062 155 28 connu
1136 2050 60 40 du
1234 2050 166 40 monde
1446 2059 156 31 savant
1642 2058 44 32 et
1726 2050 139 53 digne
1891 2063 55 27 en
1970 2058 101 32 tout

129 2114 130 54 point
284 2114 54 40 de
363 2126 52 28 ce
451 2112 291 54 témoignage
785 2111 210 41 d'estime
1026 2119 44 31 et
1111 2110 55 40 de
1206 2111 272 53 sympathie.
1503 2111 101 40 Une
1645 2110 93 40 fort
1768 2110 302 42 intéressante

127 2174 296 55 proposition
448 2173 55 41 de
541 2181 131 32 notre
710 2172 341 41 collaborateur
1082 2171 63 40 M.
1174 2160 334 60 Écorcheville,
1531 2170 186 41 relative
1750 2171 24 40 à
1798 2170 272 42 l'extension

129 2236 61 40 du
211 2235 196 41 Bulletin
414 2266 11 20 ,
452 2243 84 40 est,
572 2247 119 27 nous
718 2233 39 40 le
779 2246 199 39 croyons
1001 2241 44 32 et
1069 2231 271 55 l'espérons,
1368 2246 76 26 sur
1482 2232 41 40 le
1561 2231 132 54 point
1733 2232 229 40 d'aboutir
1984 2248 8 24 :
2020 2244 50 28 ce

129 2309 102 28 sera
251 2296 43 41 là
316 2308 91 29 une
430 2307 171 41 preuve
633 2294 224 41 éclatante
884 2294 54 40 de
961 2293 42 40 la
1025 2292 172 41 vitalité
1230 2293 80 40 des
1336 2293 158 41 études
1520 2293 259 40 musicales.

1506 2381 140 40 L
1646 2381 74 40 ouis
1739 2381 111 40 Laloy.

259 2773 133 44 LES
585 2770 208 47 CONCERTS

136 2917 169 30 Concerts
325 2914 214 31 Lamoureux
559 2923 8 22 :
584 2912 46 31 La
651 2911 97 32 Forêt
755 2933 7 14 ,
783 2910 157 31 fantaisie
964 2909 247 40 symphonique
1232 2909 40 30 de
1288 2907 215 34 GlazounofiF.

185 3031 201 41 Chassés
421 3031 61 39 du
518 3026 470 48 Nouveau-Théâtre,
1021 3024 66 40 les
1113 3024 223 39 Concerts
1364 3023 292 39 Lamoureux
1680 3029 80 32 ont
1778 3021 160 41 trouvé
1959 3020 109 41 asile

131 3093 114 40 dans
271 3092 43 40 la
339 3098 218 46 coquette
585 3088 111 41 salle
722 3088 54 40 de
806 3088 98 37 Mme
929 3084 144 41 Sarah
1102 3083 272 48 Bernhardt,
1401 3083 60 39 où
1486 3083 88 39 l'on
1598 3090 194 45 regrette
1814 3081 255 40 seulement

130 3153 230 41 l'absence
385 3152 56 40 de
488 3164 51 27 ce
578 3149 108 41 cher
738 3145 267 56 promenoir
1044 3142 188 56 propice
1257 3157 87 27 aux
1367 3151 271 32 rencontres
1663 3151 43 31 et
1729 3155 88 27 aux
1841 3142 225 53 échanges

131 3212 363 55 d'impressions.
522 3210 120 41 Mais
668 3208 98 42 l'air
802 3216 68 32 est
893 3206 150 40 moins
1069 3203 185 49 étouffé,
1274 3203 65 41 les
1361 3203 214 41 fauteuils
1602 3212 103 31 sont
1729 3203 150 39 moins
1905 3203 162 49 serrés,

129 3275 65 41 les
239 3274 127 54 loges
391 3273 104 54 plus
529 3271 265 55 spacieuses
823 3284 11 37 ;
867 3269 66 39 les
976 3265 313 42 bousculades
1335 3273 44 31 et
1399 3264 64 40 les
1488 3264 187 40 horions
1708 3276 56 26 ne
1790 3270 105 33 sont
1924 3263 104 53 plus
2046 3265 21 37 à

131 3335 210 42 craindre
360 3351 11 33 ;
397 3347 61 27 on
482 3341 110 45 peut
614 3333 189 39 écouter
828 3330 44 40 la
892 3327 211 53 musique
1120 3339 56 27 en
1190 3325 105 54 paix
1313 3333 42 32 et
1377 3337 104 28 sans
1498 3332 103 46 trop
1624 3322 184 42 souffrir
1832 3324 54 40 de
1903 3323 44 40 la
1958 3324 109 49 tête,

131 3397 80 40 des
243 3396 177 54 jambes
463 3407 62 27 ou
574 3392 250 42 d'ailleurs.
854 3391 62 38 Le
943 3387 199 55 premier
1173 3394 202 41 concert,
1401 3385 78 53 qui
1501 3398 97 27 aeu
1623 3384 92 41 lieu
1745 3384 41 40 le
1810 3398 25 39 7
1861 3385 206 49 octobre,

134 3471 117 28 nous
298 3455 153 41 offrait
492 3467 92 28 une
631 3466 157 28 œuvre
821 3448 216 43 nouvelle
1077 3455 43 32 et
1160 3445 321 54 remarquable
1513 3446 24 39 à
1571 3445 103 52 plus
1707 3445 107 40 d'un
1835 3444 104 40 titre
1965 3458 9 26 :
1999 3445 70 40 La

127 3513 157 54 Forêt,
305 3518 55 40 de
379 3516 273 42 Glazounoff.
680 3514 61 40 Le
764 3512 144 41 début
930 3507 182 42 m'avait
1133 3507 198 47 charmé,
1352 3518 108 29 avec
1482 3518 51 28 ce
1558 3506 137 40 chant
1716 3519 85 26 aux
1823 3504 246 42 inflexions

129 3577 346 54 chromatiques
516 3575 77 54 qui
635 3587 141 40 passe
802 3574 23 38 à
869 3580 107 32 tous
997 3569 64 40 les
1086 3567 189 41 timbres
1298 3567 125 40 doux
1445 3567 54 40 de
1519 3566 283 49 l'orchestre,
1820 3564 126 52 flûte,
1973 3579 95 38 cor,

130 3640 239 40 clarinette
383 3645 44 33 et
450 3650 81 27 cor
548 3634 190 54 anglais,
760 3641 44 33 et
821 3633 165 41 chante
1009 3631 42 39 la
1072 3627 278 41 mélancolie
1377 3628 53 39 de
1453 3627 40 40 la
1519 3626 118 41 forêt
1653 3640 144 38 russe,
1823 3626 244 54 profonde,

129 3698 335 55 impénétrable
507 3706 43 31 et
582 3703 272 33 monotone.
900 3690 459 42 Malheureusement
1398 3688 43 40 la
1493 3687 115 41 suite
1642 3701 56 26 ne
1730 3687 177 54 répond
1931 3701 80 40 pas
2045 3688 20 39 à

131 3770 129 32 notre
284 3768 170 32 attente
473 3772 9 26 :
517 3770 61 28 on
601 3772 28 37 y
665 3765 162 31 trouve
851 3764 165 30 encore
1048 3751 80 40 des
1149 3762 221 41 passages
1395 3747 243 54 délicieux,
1665 3761 179 28 comme
1869 3749 41 41 le
1932 3748 137 41 chant
