2390 4109
283 788 228 84 UNE
579 785 376 84 FORME
1019 782 533 82 GALLOISE

589 1004 133 80 DE
798 1004 129 78 LA
993 986 488 96 LÉGENDE
1547 991 135 81 DE
1748 986 522 86 PARSIFAL

1347 1466 321 44 PEREDUR
1699 1465 84 41 AB
1816 1461 312 44 EVRAWC.

1195 1641 40 40 A
1268 1638 256 54 Bayreuth,
1548 1636 108 41 ville
1684 1634 223 53 celtique.
1933 1656 54 7 —
2011 1633 127 39 Pour
2162 1639 110 31 tous

1140 1716 118 27 ceux
1279 1701 80 54 qui
1382 1699 239 42 voudront
1639 1710 172 42 penser
1835 1708 91 42 que
1953 1695 42 39 la
2014 1692 257 42 sensualité

1146 1767 56 39 de
1251 1762 203 43 Richard
1493 1762 208 54 Wagner
1745 1758 69 41 fut
1837 1757 107 56 plus
1992 1755 139 55 digne
2161 1754 110 41 d'un

1149 1826 129 42 Celte
1316 1838 90 42 que
1426 1825 112 41 d'un
1561 1821 238 44 Germain.

351 2014 147 68 Quel
531 2014 125 50 rêve
696 2011 184 64 laïque
908 2007 101 49 dut
1030 2000 252 55 troubler
1307 2000 306 65 davantage
1640 1995 79 51 les
1749 1994 255 51 volontés
2037 1989 234 52 averties

282 2092 66 51 de
376 2087 231 70 l'Eglise
629 2087 20 48 ?
680 2115 67 6 —
783 2084 78 50 La
894 2101 24 26 «
946 2078 174 53 Table
1147 2077 199 50 Ronde
1378 2096 23 25 »
1443 2091 56 33 se
1522 2073 245 67 défigure
1800 2070 140 51 dans
1973 2065 299 55 Chrestien

282 2168 67 50 de
385 2166 217 66 Troyes
634 2173 53 40 et
734 2162 139 49 dans
911 2154 288 53 Wolfram
1246 2147 442 55 d'Eschenbach.
1731 2148 184 48 Toute
1948 2144 51 51 la
2028 2141 243 54 richesse

282 2239 282 70 mystique
620 2249 53 38 et
704 2234 236 52 barbare
986 2232 66 49 de
1096 2230 160 50 l'âme
1289 2227 273 50 bretonne
1595 2224 263 67 dégoutte
1893 2219 132 51 chez
2058 2235 104 33 eux
2204 2233 68 34 en

281 2315 311 54 intentions
638 2310 256 52 morales.
948 2307 77 53 Ce
1094 2317 127 39 sont
1265 2303 79 51 les
1397 2299 412 52 versificateurs
1860 2296 273 69 prudents
2177 2293 97 68 qui

282 2404 98 38 ont
428 2392 183 49 faussé
652 2399 159 40 notre
857 2379 310 55 chevalerie
1195 2393 10 35 i
1265 2394 136 36 ceux
1448 2375 97 69 qui
1578 2375 80 50 les
1705 2387 100 38 ont
1851 2371 174 52 suivis
2065 2370 78 51 les
2176 2383 99 37 ont

282 2483 127 52 trop
454 2468 287 48 écoutés...
791 2460 277 66 Etranges
1109 2453 358 71 perversions
1499 2450 297 52 littéraires
1830 2464 107 52 que
1979 2446 164 51 celles
2177 2446 97 50 des

318 2543 227 52 Amadis
546 2554 38 38 et
617 2541 97 50 des
1241 2536 175 52 Orlan
1604 2534 69 52 do
1682 2535 114 70 fur
1799 2531 114 52 ioso
1263 2545 10 36 :
1310 2528 242 69 quelque
1579 2526 167 51 chose
1780 2525 139 51 dans
1943 2524 49 51 le
2017 2539 168 53 genre
2208 2521 66 51 de

282 2637 103 33 nos
419 2611 400 75 japonaiseries
842 2611 386 66 européennes
1259 2611 9 46 !
1294 2634 66 9 —
1383 2602 219 66 Dois-je
1636 2604 47 49 le
1717 2602 120 50 dire
1862 2602 19 49 ?
1914 2600 45 51 Il
1983 2616 87 33 me
2096 2600 180 67 paraît

283 2713 126 51 que,
446 2694 126 68 plus
606 2708 108 52 que
746 2689 98 52 nul
892 2699 176 50 autre,
1109 2681 210 70 Miguel
1354 2682 66 50 de
1482 2679 311 53 Cervantès
1827 2672 354 73 s'appropria
2227 2674 50 49 la

282 2769 267 52 véritable
590 2773 121 44 âme
757 2762 429 65 chevaleresque
1217 2770 14 53 ;
1283 2774 102 34 son
1429 2757 127 51 Don
1600 2752 308 69 Quichotte
1955 2762 53 40 et
2053 2749 223 53 Sancho

287 2846 205 65 Pança,
527 2842 257 70 pratique
827 2837 277 61 meunier,
1150 2848 147 50 sont,
1334 2832 219 69 jusqu'à
1600 2846 78 36 un
1720 2829 209 52 certain
1964 2827 180 70 point,
2199 2826 76 50 les

285 2920 255 52 héritiers
595 2919 64 49 de
700 2915 231 52 Tristan
986 2925 53 38 et
1085 2912 67 50 de
1189 2909 279 63 Dinadan,
1519 2907 48 50 le
1603 2903 279 54 chevalier
1914 2901 356 70 philosophe.

285 3027 61 9 —
383 2995 135 65 Oui,
548 2995 95 52 nul
678 2994 126 68 plus
836 3006 108 52 que
978 2986 329 62 Cervantès,
1338 2982 215 70 jusqu'à
1588 2981 247 52 Richard
1862 2981 273 67 Wagner.

355 3072 44 51 Il
452 3070 160 51 fallut
652 3085 77 34 un
776 3065 271 68 singulier
1095 3062 160 52 effort
1302 3057 329 55 d'intuition
1672 3075 67 33 au
1796 3057 359 66 dramaturge
2210 3053 65 51 de

327 3146 256 66 Parsifal
584 3161 126 52 pour
734 3142 204 51 bondir
968 3141 97 49 des
1098 3137 306 69 apologues
1433 3135 66 50 de
1531 3133 288 51 Wolfram.
1851 3128 423 56 d'Eschenbach

287 3243 104 34 aux
419 3221 339 69 aspirations
797 3218 77 50 les
901 3216 127 68 plus
1067 3213 194 52 nobles
1288 3213 66 50 de
1385 3212 49 50 la
1475 3210 231 69 légende
1734 3207 260 70 celtique.
2032 3206 79 54 Ce
2136 3207 139 51 n'est

287 3317 99 51 pas
418 3300 52 49 la
502 3297 151 51 seule
680 3293 124 65 fois,
841 3293 74 51 du
954 3303 166 51 reste,
1157 3287 131 70 qu'il
1316 3287 178 69 paraît
1528 3286 161 49 s'être
1724 3283 209 70 permis
1961 3283 95 51 des
2091 3282 151 51 incur-

290 3376 155 52 sions
485 3373 272 51 violentes
807 3387 105 35 aux
955 3367 168 51 fonds
1178 3366 78 49 les
1302 3363 127 69 plus
1489 3362 292 68 étrangers
1843 3362 66 49 de
1965 3377 60 33 sa
2075 3372 199 56 propre

286 3466 220 37 nature.
539 3446 324 70 Loheng~rin
899 3464 30 31 a
957 3442 125 52 subi
1125 3453 141 40 cette
1307 3458 27 31 «
1364 3436 442 53 transmutation
1849 3438 97 50 des
1976 3436 224 50 valeurs
2225 3451 46 43 »,

289 3542 127 35 avec
452 3541 77 36 un
569 3523 189 51 succès
808 3518 278 64 moindre,
1131 3517 34 51 il
1207 3528 82 38 est
1317 3513 136 53 vrai.
1503 3512 130 53 Seul
1692 3512 231 51 Tristan
1932 3551 13 24 ,
1979 3527 189 36 œuvre
2211 3508 63 51 de

291 3599 330 64 souffrance,
649 3611 52 38 et
734 3612 98 53 par
856 3597 351 65 conséquent
1241 3592 123 67 plus
1387 3588 271 53 musicale
1684 3604 108 51 que
1816 3585 376 69 dramatique,
2221 3598 54 36 se

290 3677 118 51 doit
431 3688 124 40 tout
574 3679 28 47 à
624 3676 52 49 la
700 3673 142 51 belle
865 3669 224 52 version
1115 3669 66 51 de
1202 3664 297 55 l'Alsacien
1520 3663 282 55 Gottfried
1825 3677 14 53 ;
1862 3663 140 52 mais
2026 3662 248 52 Thomas

294 3767 82 36 est
421 3753 264 50 demeuré
720 3747 310 70 supérieur.
1068 3745 130 51 Max
1231 3743 207 51 Millier
1479 3742 152 50 n'eut
1663 3758 96 51 pas
1814 3753 110 38 tort
1955 3740 67 50 de
2063 3740 48 49 le
2158 3738 87 68 pré-

294 3828 216 55 tendre,
539 3839 52 36 et
617 3824 215 52 Gaston
857 3822 157 50 Paris
1054 3822 68 49 l'a
1161 3823 188 65 répété
1390 3819 138 51 dans
1562 3818 51 51 la
1644 3817 163 52 suite.
