2390 4109
752 235 57 29 LE
845 232 240 30 MERCURE
1120 229 217 32 MUSICAL
1475 214 191 55 15-X-06

307 283 0 0 290

347 530 376 51 COURRIER
1174 527 103 49 DE
1453 526 248 50 SAINT-PÉTERSBOURG

214 689 67 31 Les
301 685 134 35 Soirées
452 685 39 31 de
506 683 149 41 musique
670 679 266 44 contetnporaiftt
958 689 19 20 a
1002 673 379 40 Saint-Pétersbourg.

270 805 64 40 La
361 801 187 43 Société
576 801 82 42 des
689 799 191 43 Soirées
910 798 55 41 de
994 795 210 54 musique
1228 789 381 57 contemporaine
1615 821 10 19 ,
1653 786 177 56 dirigée
1855 798 84 42 par
1969 784 66 42 M.
2058 782 166 44 Alfred

214 865 219 51 Nourok,
456 878 57 29 en
540 873 71 33 est
656 860 302 57 aujourd'hui
1004 859 25 40 à
1066 871 51 28 sa
1152 854 271 56 cinquième
1458 852 179 49 année;
1665 849 87 43 elle
1787 848 84 43 fait
1895 846 247 44 connaître
2164 859 60 28 au

211 929 165 56 public
399 941 135 29 russe
558 928 83 41 des
664 937 189 31 œuvres
875 920 268 45 nationales
1166 927 45 34 et
1235 915 288 57 étrangères,
1549 914 339 41 intéressantes
1913 919 46 34 et
1976 908 249 45 nouvelles

211 1005 123 45 pour
357 991 45 42 la
425 991 204 56 plupart.

268 1101 139 43 Voici
430 1114 95 29 une
550 1099 108 42 liste
684 1097 83 43 des
789 1109 188 31 œuvres
1004 1108 158 29 russes
1193 1090 248 44 nouvelles
1476 1088 81 56 qui
1591 1096 84 33 ont
1702 1086 72 43 été
1804 1085 164 56 jouées
1994 1084 45 43 la
2063 1083 160 43 saison

220 1165 205 57 1905-06
452 1179 9 27 :

211 1256 172 44 Poème
404 1255 245 55 satanique
655 1287 10 19 ,
694 1265 80 43 op.
803 1251 55 43 36
1450 1249 15 43 )
1500 1277 240 39 Scriabine

220 1318 137 44 Valse
361 1352 11 17 ,
398 1332 77 42 op.
505 1317 55 42 38
1450 1301 15 45 >
1745 1310 10 67 ]

212 1383 259 41 Romances
494 1378 239 57 (inédites)
1500 1369 334 53 Karatyguine.

212 1445 134 43 Suite
371 1444 189 57 lyrique
566 1476 10 19 ,
604 1456 77 41 op.
710 1441 53 43 32
1452 1438 15 44 )

218 1508 117 43 Glas
349 1506 205 60 funèbre
1454 1485 13 96 j
1502 1496 45 42 F.
1568 1493 306 45 Blumenfeld.

218 1570 217 44 Carillon
1409 1593 9 9 •
1454 1581 11 20 '

218 1634 213 51 Quatuor
436 1665 9 19 ,
475 1645 78 42 op.
581 1645 56 40 27
1503 1621 200 44 Withol,

214 1697 264 41 Romances
1453 1687 17 49 )

216 1758 172 46 Poème
412 1758 234 57 mystique
652 1791 9 20 ,
688 1770 123 43 pour
846 1755 113 52 alto,
988 1752 263 54 clarinette,
1277 1751 146 54 harpe
1456 1762 11 28 ?
1503 1746 195 44 Seniloff

273 1832 45 33 et
341 1821 305 42 harmonium
1456 1807 15 45 )

212 1896 33 42 4
252 1897 16 22 e
295 1885 213 53 Quatuor
532 1898 59 28 en
616 1884 62 48 /a,
706 1896 77 42 op.
811 1882 59 53 64
896 1912 158 12 ...
1119 1912 8 8 .
1266 1908 157 11 ...
1506 1871 265 44 Glazounof.

223 1948 269 42 Variations
508 1960 122 42 pour
649 1945 164 56 piano,
840 1957 80 29 sur
939 1956 67 29 un
1028 1942 160 42 thème
1214 1941 58 41 de
1300 1939 92 42 Cho-

271 2010 82 55 pin
361 2044 8 8 #
440 2043 9 9 #
1505 1996 374 45 Rakhmaninoff.

216 2073 261 41 Romances
1504 2061 307 54 Lodyjensky.

221 2136 176 42 Chants
417 2129 253 63 géorgiens
675 2167 12 16 ,
712 2131 297 44 harmonisés
1033 2143 84 43 par
1501 2125 334 52 Karatyguine.

216 2199 92 41 Les
339 2197 253 42 Vendredis
597 2230 10 17 ,
636 2204 206 47 quatuor
866 2195 25 40 à
917 2194 169 43 cordes
1500 2188 205 51 Rimsky,
1733 2184 268 52 Glazounof,
2029 2183 195 43 Liadoff.

219 2261 173 42 Sonate
416 2273 121 42 pour
559 2259 142 54 piano
729 2267 44 33 et
796 2258 164 42 violon
987 2254 229 58 (inédite).
1262 2287 8 8 .
1336 2287 11 9 .
1411 2286 9 9 .
1507 2249 360 55 Kryjanowsky.

219 2324 179 51 Quatre
427 2322 165 42 chants
618 2322 55 41 de
706 2320 44 42 la
776 2320 132 42 Suite
933 2317 365 43 alexandrienne
1301 2348 9 9 .
1340 2350 9 9 .
1413 2348 9 10 .
1507 2312 263 43 Kousmine.

216 2385 156 42 Petite
389 2385 119 42 suite
531 2397 121 43 pour
677 2383 144 56 piano
1506 2376 195 43 Medem.

220 2446 153 44 Scène
395 2457 45 33 et
459 2447 159 43 arioso
645 2447 57 42 de
727 2446 46 42 la
794 2445 245 42 Princesse
1064 2442 229 43 lointaine
1296 2472 9 11 .
1341 2474 9 10 .
1414 2473 10 11 .
1508 2437 270 45 Tchernoff.

218 2512 260 42 Romances
1508 2501 282 53 Pokrovsky.

223 2574 298 54 Quartettino
545 2587 122 42 pour
685 2572 310 42 instruments
1022 2569 25 42 à
1072 2569 188 42 cordes.
1343 2601 9 8 .
1416 2599 9 9 .
1508 2564 221 55 Pogojeff.

274 2697 139 43 Voici
449 2695 296 44 maintenant
776 2707 53 29 ce
865 2692 80 57 qui
978 2706 26 28 a
1042 2692 71 42 été
1150 2690 109 56 joué
1297 2689 152 56 parmi
1482 2688 68 42 les
1591 2700 186 29 œuvres
1816 2685 256 42 modernes
2109 2684 96 42 fran-

219 2761 151 55 çaises
395 2776 9 26 :

224 2860 213 52 Quatuor
460 2870 58 29 en
545 2857 49 41 ré
619 2855 181 57 majeur
1507 2850 45 42 C.
1580 2849 196 42 Franck.

220 2923 245 41 Nocturne
485 2920 177 55 (chant)

220 2982 171 45 Poème
415 2996 123 43 pour
561 2981 182 51 violon,
771 2994 78 41 op.
879 2980 52 41 25
1506 2976 259 41 Chausson.

221 3046 137 43 Pièce
381 3060 59 28 en
465 3046 43 43 si
532 3044 187 42 mineur
738 3056 123 43 pour
887 3056 23 29 2
936 3041 172 57 pianos
1506 3038 97 53 Guy
1624 3038 218 52 Ropartz.

226 3111 212 53 Quatuor
444 3143 10 17 ,
481 3122 78 42 op.
593 3121 53 28 10
1507 3102 229 52 Debussy.

221 3173 223 42 Helvetia
450 3206 11 16 ,
491 3171 21 42 3
536 3171 153 42 valses
711 3182 122 43 pour
853 3168 145 57 piano
1505 3164 51 44 V.
1583 3163 182 53 d'lndy.

223 3234 170 44 Poème
412 3234 79 43 des
515 3242 275 48 montagnes
795 3265 10 19 ,
828 3244 123 44 pour
974 3230 145 56 piano

221 3303 72 39 Au
319 3298 114 42 bord
451 3297 55 42 de
527 3296 132 52 l'eau,
685 3318 16 46 y

222 3362 262 42 Rencontre
489 3394 12 20 ,
684 3376 14 25 /
736 3369 250 31 romances
1507 3354 46 41 G.
1581 3351 169 46 Fauré.

223 3423 254 54 Sérénade,
685 3407 16 56 )

229 3488 116 42 Trio
367 3500 122 43 pour
512 3485 163 57 piano,
700 3483 165 43 violon
891 3490 46 35 et
959 3480 306 51 violoncelle,
1291 3493 75 42 op.
1393 3493 37 28 2.
1514 3479 208 42 Roussel.

280 3647 49 43 Si
361 3660 123 28 nous
521 3643 281 44 examinons
835 3643 68 41 les
935 3651 328 46 programmes
1296 3637 82 42 des
1411 3636 176 42 années
1621 3634 328 54 précédentes,
1981 3630 152 58 parmi
2162 3630 65 41 les

221 3723 138 29 noms
386 3710 82 41 des
490 3706 365 57 compositeurs,
884 3717 123 29 nous
1032 3715 186 44 voyons
1245 3714 90 42 que
1374 3700 67 42 les
1478 3707 159 47 portes
1666 3698 55 41 de
1747 3696 143 42 ladite
1917 3695 176 43 société
2123 3700 105 35 sont

221 3771 263 56 largement
519 3778 220 35 ouvertes
773 3782 91 28 aux
900 3765 273 45 différentes
1211 3763 176 53 écoles,
1427 3775 91 29 aux
1554 3759 243 44 différents
1834 3767 225 34 courants
2096 3757 56 42 de
2186 3755 42 41 la

221 3833 218 54 musique
475 3846 134 28 russe
632 3846 10 39 ;
691 3844 122 29 nous
851 3830 217 43 relevons
1103 3827 67 43 les
1215 3839 137 30 noms
1402 3825 82 42 des
1524 3824 165 56 jeunes
1728 3831 191 35 auteurs
1962 3821 58 43 de
2062 3818 162 51 talent,
