2390 4109
805 222 58 31 LE
900 220 239 32 MERCURE
1176 216 218 32 MUSICAL
1530 202 194 53 15-X-06

272 222 88 54 258

274 442 99 70 qui
392 436 187 54 venait
609 436 68 51 de
701 449 242 52 voyager
975 447 69 35 en
1078 429 230 51 France.
1336 423 267 70 Quoique
1638 437 104 34 nos
1789 416 487 69 renseignements

275 535 98 35 sur
401 517 194 50 Peters
630 511 293 51 s'arrêtent
946 507 71 61 là,
1054 523 146 33 nous
1234 521 68 33 ne
1342 515 386 55 supposerons
1789 513 98 51 pas
1937 511 73 51 qu
2034 490 37 51 il
2107 488 171 72 partit

277 610 144 54 pour
453 591 79 51 les
565 606 136 52 pays
742 588 74 51 du
846 584 162 54 Nord
1045 586 28 48 à
1096 583 51 51 la
1181 581 143 52 suite
1354 579 64 51 de
1439 595 103 34 son
1564 591 261 37 nouveau
1853 582 320 60 protecteur
2198 609 14 26 ,
2240 565 37 51 il

275 685 84 37 est
406 685 69 34 au
522 663 279 55 contraire
836 659 270 73 probable
1170 657 135 70 qu'il
1340 666 232 42 mourut
1610 656 29 47 à
1674 648 180 66 Paris,
1882 663 93 36 car
2000 663 59 33 ce
2092 643 85 53 fut
2210 658 69 36 en

274 758 141 41 cette
448 743 130 52 ville
620 742 190 68 qu'eut
851 737 132 66 lieu,
1018 737 49 51 le
1101 753 30 51 9
1159 751 151 34 mars
1346 748 158 52 1779,
1533 730 51 51 la
1617 739 163 41 vente
1816 727 66 50 de
1911 739 103 36 son
2050 743 22 27 «
2111 718 136 56 Cabi-

275 836 96 38 net
399 841 49 46 )>5
604 830 165 41 vente
810 814 274 71 partielle,
1116 828 108 52 que
1258 809 301 69 compléta,
1610 805 47 51 le
1717 805 25 50 5
1770 800 306 54 novembre
2118 795 158 71 1787,

275 901 135 52 celle
456 898 98 51 des
601 894 261 52 tableaux
904 888 245 74 qu'avait
1205 888 296 51 conservés
1535 901 59 33 sa
1634 898 176 34 veuve
1845 878 90 70 (1).
1967 874 192 53 Parmi
2192 889 89 36 ces

277 974 271 64 derniers,
580 973 48 51 le
655 971 290 69 catalogue
990 972 268 48 énumere
1286 981 132 34 sous
1443 963 48 51 le
1525 977 135 34 nom
1689 959 67 51 de
1780 957 153 52 J.-A.
1971 955 65 51 de
2088 953 193 49 Peters

278 1056 177 50 douze
496 1049 258 52 tableaux
786 1048 66 51 de
886 1061 190 53 genre,
1112 1056 52 38 et
1192 1040 273 70 quelques
1510 1035 335 54 miniatures
1890 1045 53 37 et
1990 1029 292 71 peintures

279 1150 28 31 «
335 1147 69 34 en
437 1123 401 71 mixaquarelle
872 1141 50 31 ».
952 1123 155 48 Dans
1134 1119 51 50 la
1214 1129 165 40 vente
1407 1115 65 51 de
1512 1129 138 54 1779
1688 1109 222 53 avaient
1933 1108 176 68 figuré
2144 1103 138 53 tiois

279 1205 334 54 miniatures
663 1203 67 51 de
759 1222 24 27 «
814 1193 603 59 Guillaume-Antoine
1465 1193 66 51 de
1567 1190 194 51 Peters
1807 1190 131 66 pète
1971 1205 24 28 »
2033 1195 53 38 et
2140 1181 142 51 deux

279 1282 311 71 aquarelles
617 1280 67 51 de
720 1297 27 32 «
773 1278 395 51 Bonaventure
1197 1273 195 49 Peters
1412 1288 47 34 ».
1497 1269 79 51 La
1608 1263 382 72 composition
2013 1261 99 51 des
2139 1259 147 51 deux

277 1360 318 68 catalogues
628 1372 145 34 nous
801 1352 254 71 apprend
1111 1367 108 51 que
1269 1348 49 51 la
1363 1343 273 54 situation
1670 1343 66 50 de
1780 1341 224 50 fortune
2028 1339 67 49 de
2122 1346 161 41 notre

277 1430 528 78 peintre-musicien
852 1428 79 52 lui
978 1424 326 74 permettait
1344 1423 46 50 le
1430 1423 124 49 luxe
1591 1420 167 51 d'une
1794 1412 300 55 collection
2127 1428 119 34 nom-

277 1515 203 52 breuse
508 1513 65 51 de
607 1508 164 53 toiles
801 1529 23 26 «
855 1508 96 51 des
985 1504 209 70 grands
1220 1501 231 52 maîtres
1476 1500 97 51 des
1606 1495 141 53 trois
1775 1494 181 52 écoles
1986 1514 22 24 »
2036 1505 10 37 :
2074 1490 103 51 elle
2206 1487 79 52 lui

281 1586 326 74 permettait
656 1584 153 52 aussi
861 1584 66 51 de
969 1580 225 69 risquer
1227 1579 97 51 des
1371 1575 260 70 capitaux
1664 1574 139 51 dans
1838 1570 14 49 1
1877 1566 216 53 édition
2135 1578 52 38 et
2235 1564 51 50 la

279 1665 248 54 location
554 1664 280 51 d'œuvres
858 1655 324 65 musicales,
1211 1666 54 39 et
1290 1670 146 33 nous
1463 1651 48 50 le
1548 1663 237 36 verrons
1821 1645 269 68 déployer
2131 1656 70 35 en
2226 1656 60 33 ce

279 1759 172 55 genre
479 1738 278 54 d'affaires
778 1736 296 66 beaucoup
1100 1733 66 50 de
1192 1729 287 53 hardiesse
1507 1739 54 38 et
1584 1721 298 55 d'activité.
1911 1720 168 52 Alors
2100 1719 187 49 même

281 1819 135 72 qu'il
449 1816 188 54 faisait
660 1826 120 41 acte
814 1814 66 51 de
909 1819 399 56 commerçant,
1352 1805 37 52 il
1417 1801 247 55 insistait
1708 1811 168 41 avant
1919 1807 124 41 tout
2084 1811 96 35 sur
2226 1810 57 34 sa

279 1895 210 71 qualité
514 1894 68 51 de
608 1891 220 70 peintre
857 1904 10 37 :
907 1887 36 53 il
968 1904 55 33 se
1063 1885 80 51 dit
1196 1886 205 59 même,
1437 1881 140 51 dans
1611 1877 116 52 l'un
1760 1876 66 51 de
1855 1891 87 35 ses
1976 1868 306 55 Mémoires

278 1971 338 70 juridiques,
641 1966 258 55 membre
926 1965 66 51 de
1020 1981 26 33 <(
1074 1959 339 55 l'Académie
1463 1957 66 51 de
1575 1955 279 70 peinture,
1896 1950 293 68 sculptuie
2236 1960 54 38 et

278 2065 235 55 gravure
547 2065 50 46 »,
626 2063 58 33 ce
728 2042 97 70 qui
852 2040 121 53 doit
1003 2035 589 56 vraisemblablement
1627 2050 23 32 s
1675 2028 270 54 entendie
1995 2027 65 50 de
2107 2025 15 49 1
2146 2027 107 48 Aca-

281 2126 182 52 démie
491 2125 66 51 de
595 2120 310 63 Bruxelles,
941 2134 91 34 car
1056 2116 49 50 le
1133 2130 137 34 nom
1289 2114 66 49 de
1392 2112 195 50 Peters
1611 2120 82 39 est
1721 2106 198 52 absent
1944 2103 98 51 des
2069 2117 190 54 proces-

279 2202 249 52 verbaux
554 2200 66 51 de
653 2196 136 52 celle
813 2195 67 51 de
908 2191 161 53 Paris
1103 2190 102 70 (2).

350 2280 52 49 A
425 2277 205 68 l'égard
653 2274 66 50 de
752 2268 287 72 Miroglio,
1065 2267 113 51 l'on
1219 2277 135 57 peut
1397 2261 181 53 croire
1624 2260 66 50 de
1733 2256 181 71 prime
1952 2254 176 53 abord
2154 2252 134 69 qu'il

283 2352 149 55 suffit
472 2354 68 49 de
568 2351 115 50 s'en
717 2359 265 42 remettre
1016 2361 105 34 aux
1144 2337 403 57 dictionnaires
1571 2334 312 65 musicaux,
1912 2348 92 36 car
2038 2328 249 71 Fayolle,

284 2430 172 65 Fétis,
481 2427 216 61 Eitner,
747 2441 146 34 nous
933 2421 202 52 offrent
1178 2420 97 50 des
1317 2415 217 53 notices
1562 2431 95 34 sur
1690 2412 144 51 deux
1868 2406 311 55 musiciens
2224 2407 66 49 de

283 2525 58 34 ce
397 2521 159 36 nom.
617 2501 583 60 Malheureusement,
1260 2511 99 52 pas
1411 2507 110 37 une
1575 2489 148 69 ligne
1802 2488 66 51 de
1934 2502 90 34 ces
2070 2482 217 52 notices

282 2583 143 52 n'est
444 2591 256 58 exempte
734 2577 281 52 d'erreurs
1045 2590 10 37 :
1086 2577 292 65 prénoms,
1412 2569 174 60 dates,
1615 2566 141 52 liens
1784 2564 68 51 de
1873 2564 233 69 parenté
2136 2572 154 39 entre

283 2662 80 50 les
388 2660 147 50 deux
565 2653 290 71 Miroglio,
880 2651 159 53 titres
1064 2651 65 51 de
1167 2648 150 52 leurs
1350 2661 242 48 œuvres,
1623 2653 124 42 tout
1770 2658 37 52 y
1839 2652 82 39 est
1954 2635 332 56 discutable.

284 2737 192 51 Mieux
504 2745 135 40 vaut
667 2732 165 57 donc,
963 2745 58 34 ce
1051 2724 97 72 qui
1203 2726 143 48 n'est
1407 2719 163 71 point
1615 2717 287 54 d'ailleurs
1937 2710 350 73 l'exception,

284 2812 144 53 mais
462 2811 51 51 la
538 2808 169 70 règle,
848 2806 207 50 fermer
1088 2803 79 50 les
1204 2797 409 54 dictionnaires
1647 2807 53 39 et
1742 2792 289 53 consulter
2056 2789 201 69 unique-

286 2902 157 40 ment
475 2888 79 51 les
580 2887 337 51 documents
955 2879 317 70 originaux.

357 2963 235 57 Ceux-ci
628 2978 144 35 nous
815 2968 353 61 apprennent
1217 2971 109 52 que
1383 2950 193 53 Pierre
1629 2947 271 69 Miroglio
1944 2944 164 52 l'aîné
2160 2942 130 52 était

286 3043 214 64 italien,
531 3052 52 39 et
607 3055 178 35 neveu
825 3037 68 51 de
929 3032 188 56 Somis
1142 3048 10 48 ;
1191 3047 69 36 en
1302 3028 157 70 1738,
1496 3044 72 35 on
1606 3027 50 49 le
1683 3024 155 52 citait
1871 3023 139 51 dans
2043 3038 79 34 un
2155 3036 135 50 rang

286 3117 309 54 honorable
618 3112 184 72 parmi
825 3113 79 51 les
932 3108 334 55 violonistes
1293 3122 219 35 connus
1540 3108 28 46 à
1605 3100 160 54 Paris
1791 3099 99 70 (3).
1924 3099 90 51 En
2056 3112 157 54 1741,
2244 3095 13 50 I
2264 3112 24 31 e

340 3268 60 52 (1)
428 3264 261 53 Catalogue
710 3260 82 44 des
813 3258 223 43 tableaux
1051 3257 82 41 des
1154 3254 117 43 trois
1294 3251 175 49 écoles,
1492 3248 198 58 pastels,
1712 3246 258 56 gouaches,
1998 3243 289 49 miniatures,

284 3328 238 44 dessins...
546 3325 80 56 qui
653 3330 283 50 composent
960 3321 43 41 le
1027 3319 191 43 cabinet
1238 3317 57 42 de
1326 3316 62 42 M.
1416 3315 57 41 de
1502 3314 121 40 P***
1648 3312 257 55 [Peters]...
1932 3309 44 41 la
2001 3316 138 33 vente
2161 3307 56 41 de
2241 3316 49 31 ce

283 3391 194 43 cabinet
499 3404 48 27 se
574 3387 100 44 fera
695 3386 41 42 le
763 3400 26 42 9
813 3397 123 30 mars
963 3396 175 42 1779...
1164 3378 152 53 Paris,
1345 3376 366 55 Muzier.Remy
1736 3382 44 33 et
1807 3373 172 51 Basan,
2010 3384 131 41 1779,
2165 3368 69 42 in-
2244 3381 44 28 12

288 3455 56 42 de
376 3469 15 26 1
408 3467 50 28 10
479 3466 47 42 p.
630 3451 82 42 651
763 3447 244 43 numéros.
1156 3442 261 55 Catalogue
1453 3439 56 42 de
1543 3437 223 43 tableaux
1791 3436 83 41 des
1896 3433 173 57 grands
2103 3431 187 41 maîtres

287 3518 82 41 des
415 3516 118 42 trois
573 3513 176 50 écoles,
797 3511 138 55 après
974 3508 42 43 le
1039 3507 138 43 décès
1205 3507 57 40 de
1295 3505 106 41 Mme
1425 3503 57 42 de
1506 3502 220 42 Peters...
1750 3499 119 42 dont
1891 3498 44 42 la
1953 3505 140 35 vente
2121 3508 47 29 se
2198 3493 92 42 fera

284 3578 45 43 le
354 3579 19 42 5
401 3577 261 44 novembre
715 3574 166 56 1787...
926 3571 148 53 Paris,
1106 3571 65 40 Le
1208 3570 147 51 Brun,
1403 3568 165 50 Remy,
1592 3563 135 57 1787»
1750 3561 14 42 i
1770 3575 106 28 n_!2
1905 3561 56 41 de
1986 3574 59 41 74
2065 3573 47 42 p.
2210 3554 80 43 266

284 3640 245 42 numéros.
556 3638 141 54 (Bibl.
726 3639 110 39 Nat.
867 3632 205 45 Cabinet
1093 3632 82 42 des
1205 3631 266 54 Estampes,
1498 3626 74 42 Yd
1605 3625 85 54 134
1716 3638 25 27 a
1766 3632 46 33 et
1849 3622 84 54 184
1957 3622 58 55 c.)

344 3704 58 54 (2)
428 3700 406 44 Procès-verbaux
856 3698 56 42 de
929 3693 288 46 l'Académie
1241 3692 163 56 royale
1431 3691 56 42 de
1514 3688 218 57 peinture
1758 3696 44 34 et
1827 3686 258 54 sculpture,
2107 3679 183 60 publiés

286 3776 82 42 par
401 3766 71 42 M.
504 3765 56 40 de
582 3762 316 56 Montaiglon,
916 3768 152 33 tomes
1095 3758 86 42 VII
1218 3757 24 41 à
1270 3756 76 50 IX,
1380 3752 150 54 Paris,
1570 3751 114 44 1880
1708 3758 46 34 et
1778 3748 137 51 suiv.,
1939 3747 113 43 in-8.

345 3825 61 55 (3)
438 3825 222 44 Mercure
683 3825 55 41 de
761 3825 186 41 France
954 3857 10 19 ,
987 3820 100 58 juin
1114 3819 129 57 1738,
1269 3827 125 34 tome
1418 3817 36 53 I,
1481 3829 44 42 p.
1563 3828 12 28 1
1595 3814 95 43 116.
