3600 4572
982 498 113 58 222

1254 499 273 76 Douglas
1571 499 287 76 Goldring
1916 525 13 20 *
1989 498 123 60 Der
2149 498 235 76 Kampf
2415 522 97 36 um
2554 499 96 60 die
2686 498 250 61 Freiheit

1061 681 161 62 Stils.
1291 683 174 61 Doch
1504 706 118 37 war
1662 685 105 58 das
1795 683 155 60 Veto
1992 683 108 60 des
2129 682 371 61 Erzbischofs
2540 683 445 61 entscheidend.
3045 686 122 62 Viel-

1060 760 177 59 leicht
1277 761 157 58 hatte
1479 784 59 37 er
1579 762 178 69 recht,
1806 760 334 59 vielleicht.
2173 805 14 14 .
2218 805 14 14 .
2313 760 354 61 Schließlich
2709 762 98 59 hat
2848 762 96 59 die
2986 762 211 64 Kirche

1061 837 122 59 ihre
1225 840 246 72 eigenen
1499 838 317 75 Aufgaben
1856 860 70 36 zu
1956 837 264 60 erfüllen:
2265 837 397 76 Ermutigung,
2691 838 295 72 Beistand,
3023 845 147 71 geist-

1060 913 187 60 lichen
1302 913 189 61 Trost.
1573 915 308 61 Trotzdem
1941 939 118 35 war
2119 939 63 37 es
2243 916 127 60 hart
2429 916 88 58 für
2577 917 95 57 die
2722 918 217 74 jungen
3003 916 195 63 Leute,

1068 991 136 58 sehr
1245 991 145 60 hart.

983 1067 275 76 Philipp
1301 1068 294 74 (versucht
1635 1068 411 76 abzulenken);
2090 1070 273 59 Könnten
2404 1068 100 61 Sie
2545 1070 120 58 und
2707 1068 143 61 Frau
2892 1068 311 79 Slaughter

1061 1143 373 78 Donnerstag
1486 1169 129 35 zum
1670 1146 496 59 Gabelfrühstück
2220 1146 314 61 kommen?
2622 1138 407 85 Übermorgen
3071 1194 14 14 .
3128 1194 14 14 .
3186 1195 12 14 .

1060 1222 171 58 Dann
1259 1222 254 60 könnten
1537 1222 99 60 Sie
1664 1223 202 75 länger
1894 1228 102 55 mit
2016 1225 247 58 Michael
2286 1225 284 73 plaudern
2592 1264 86 21 ...
2709 1228 137 70 jetzt
2867 1226 219 72 gerade
3109 1271 90 16 ...

1062 1298 250 60 Michael
1344 1344 11 11 .
1390 1346 12 13 .
1434 1346 14 13 .

982 1376 138 59 Der
1148 1374 341 63 Dechant;
1532 1376 150 61 Sehr
1709 1378 450 76 liebenswürdig
2185 1401 114 37 von
2328 1378 193 71 Ihnen,
2551 1378 252 75 Philipp,
2840 1382 100 55 wir
2966 1379 235 60 werden

1061 1476 178 52 gerne
1281 1454 288 60 kommen.
1637 1454 361 60 Hoffentlich
2037 1456 235 58 werden
2299 1459 103 56 wir
2429 1456 146 58 auch
2604 1456 96 58 die
2728 1456 155 58 liebe
2912 1456 294 76 Margaret

1058 1529 309 60 vorfinden
1565 1531 127 59 dies
1753 1534 250 58 erinnert
2062 1533 151 57 mich
2266 1556 72 36 an
2388 1532 116 58 den
2554 1533 390 74 eigentlichen
2995 1533 208 60 Zweck

1063 1611 219 57 meines
1311 1609 316 70 Besuches,
1670 1609 267 60 Michael.
2008 1609 93 60 Ich
2143 1611 232 58 möchte
2404 1613 103 55 mit
2534 1609 175 61 Ihnen
2738 1611 147 58 über
2912 1611 295 76 Margaret

1061 1687 306 73 sprechen.
1456 1684 100 61 Sie
1616 1689 228 68 wissen,
1905 1687 92 59 ich
2059 1687 156 58 fühle
2277 1687 153 58 mich
2488 1687 132 58 dem
2671 1687 192 59 lieben
2912 1688 291 60 Mädchen

1060 1763 341 74 gegenüber
1455 1767 63 53 in
1573 1763 156 60 loco
1782 1767 325 71 parentis.
2211 1763 94 60 Ich
2363 1767 100 56 bin
2519 1767 56 56 in
2631 1768 279 71 gewisser
2956 1764 113 61 Art
3121 1767 87 58 ihr

1060 1843 278 72 geistiger
1366 1839 304 76 Taufpate.
1740 1840 96 59 Ich
1877 1840 153 60 habe
2072 1843 84 57 sie
2197 1842 227 75 getauft
2464 1842 120 59 und
2625 1840 100 60 auf
2751 1843 97 60 die
2878 1842 288 61 Konfirma-

1060 1918 120 57 tion
1227 1917 372 71 vorbereitet,
1650 1940 69 36 so
1767 1917 115 58 daß
1931 1920 103 56 wir
2082 1918 275 60 einander
2406 1919 134 59 sehr
2589 1919 149 59 nahe
2788 1919 224 71 stehen,
3071 1919 135 60 sehr

1061 1993 147 58 nahe
1239 2039 58 14 ..
1330 2039 11 14 .
1425 1994 93 59 Ich
1561 1993 136 60 muß
1740 1994 172 60 ihnen
1955 1994 301 76 gestehen,
2298 1995 268 72 Michael,
2609 2000 85 55 sie
2736 1997 194 59 macht
2959 1999 107 56 mir
3090 1998 115 58 viel

1060 2068 251 77 Sorgen.

982 2147 180 58 Mich
1174 2148 104 57 ael
1321 2145 234 75 (erhebt
1595 2148 126 58 sich
1764 2150 55 55 in
1862 2148 106 58 der
1994 2148 325 76 Hoffnung,
2361 2149 115 60 den
2507 2149 343 61 Dechanten
2890 2173 127 37 zum
3047 2150 128 61 Fort-

1060 2224 189 76 gehen
1291 2247 68 35 zu
1402 2224 334 76 bewegen):
1778 2224 127 60 Wir
1946 2233 232 52 müssen
2220 2249 107 36 uns
2356 2251 92 35 am
2476 2227 377 77 Donnerstag
2879 2228 326 59 ordentlich

1057 2301 414 73 aussprechen,
1512 2303 151 58 Herr
1703 2300 286 61 Dechant.
2055 2301 94 61 Ich
2191 2303 161 59 freue
2394 2305 150 59 mich
2587 2305 184 60 schon
2813 2307 221 58 darauf.
3109 2307 94 58 Ich

1058 2378 179 71 hoffe,
1297 2383 84 54 sie
1432 2379 193 60 halten
1674 2380 153 59 mich
1876 2380 158 59 nicht
2082 2380 89 59 für
2218 2383 345 73 ungastlich,
2613 2384 156 58 doch
2820 2384 152 58 habe
3017 2383 91 61 ich
3149 2387 56 54 in

1060 2459 91 56 ein
1192 2479 141 52 paar
1372 2456 260 60 Minuten
1675 2460 130 56 eine
1844 2458 272 76 wichtige
2157 2458 443 78 Verabredung.

982 2547 136 59 Der
1178 2548 345 60 Dechant;
1587 2549 156 59 Mein
1805 2548 183 61 lieber
2034 2552 209 75 Junge,
2305 2552 92 58 ich
2453 2553 258 60 bedaure
2761 2553 150 70 sehr,
2965 2553 242 70 fürchte,

1058 2625 211 59 höchst
1317 2625 331 75 ungelegen
1697 2625 351 75 gekommen
2096 2651 68 35 zu
2214 2632 143 57 sein.
2440 2629 248 60 Können
2730 2634 102 57 wir
2873 2653 335 38 zusammen

1058 2702 242 77 gehen?
1380 2703 157 59 Mein
1578 2703 344 61 Automobil
1961 2715 203 50 wartet
2204 2717 197 49 unten.

982 2795 177 60 Mich
1171 2795 139 61 ael;
1361 2795 208 60 Danke
1611 2798 158 69 sehr;
1824 2797 94 59 ich
1961 2798 151 58 habe
2154 2798 123 60 hier
2317 2799 152 60 noch
2511 2803 225 73 einiges
2777 2825 68 35 zu
2888 2802 318 77 erledigen.

982 2888 135 60 Der
1157 2888 339 60 Dechant:
1541 2888 169 60 Dann
1752 2888 189 71 adieu,
1984 2891 92 58 bis
2117 2889 392 78 Donnerstag.
2585 2891 100 75 (Er
2726 2893 203 60 drückt
2957 2893 249 60 Michael

1057 2967 97 58 die
1202 2967 219 75 Hand.)
1501 2967 94 60 Ich
1656 2968 101 59 bin
1804 2967 256 60 wirklich
2110 2968 134 60 sehr
2291 2969 244 77 besorgt
2584 2992 94 37 um
2731 2971 321 76 Margaret;
3113 2969 93 61 ich

1058 3043 242 71 fürchte,
1354 3048 84 55 sie
1486 3047 75 57 ist
1602 3048 230 73 einigen
1872 3046 164 58 recht
2077 3046 376 76 mißliebigen
2496 3047 217 61 Leuten
2755 3052 57 55 in
2855 3049 96 59 die
2992 3048 214 60 Hände

1060 3119 269 77 gefallen,
1390 3121 344 59 Sozialisten
1796 3123 121 59 und
1976 3123 395 75 dergleichen.
2460 3124 173 60 Doch
2694 3126 235 58 werden
2973 3124 101 61 Sie
3122 3130 88 55 ihr

1060 3197 190 76 gewiß
1312 3198 139 60 bald
1499 3199 114 59 den
1665 3222 224 52 ganzen
1932 3201 224 59 Unsinn
2205 3202 306 60 ausreden.
2594 3202 76 60 Es
2719 3207 75 56 ist
2843 3207 92 56 ein
2981 3204 227 59 rechter

1058 3274 217 75 Segen,
1319 3274 116 60 daß
1477 3274 98 60 Sie
1618 3277 381 61 heimkamen.
2069 3277 220 76 Folgen
2331 3278 100 61 Sie
2473 3283 246 56 meinem
2764 3279 128 71 Rat,
2937 3281 269 68 Michael,

1060 3352 339 59 überlassen
1441 3350 99 61 Sie
1583 3353 242 60 diesmal
1869 3354 189 61 nichts
2100 3356 134 59 dem
2276 3356 211 62 Zufall:
2530 3357 201 76 regeln
2773 3358 101 59 Sie
2919 3358 159 60 alles.

981 3446 294 59 Michael
1303 3446 347 76 (grimmig):
1689 3447 122 60 Das
1841 3447 153 61 habe
2023 3450 93 58 ich
2147 3452 105 56 mir
2277 3450 253 59 ohnehin
2557 3474 477 53 vorgenommen.
3084 3451 127 60 Wir

1058 3530 234 53 müssen
1354 3547 89 36 am
1486 3523 375 78 Donnerstag
1921 3526 141 61 alles
2112 3527 385 74 besprechen.
2578 3527 227 72 Adieu;
2869 3528 93 60 ich
3014 3528 193 60 werde

1058 3601 164 59 Ihren
1265 3601 112 59 Rat
1418 3602 158 58 nicht
1615 3624 336 53 vergessen.

980 3692 283 76 Philipp
1331 3693 140 75 (den
1533 3693 344 61 Dechanten
1947 3695 115 61 fast
2128 3720 102 37 aus
2298 3697 105 60 der
2462 3698 321 78 Wohnung
2853 3697 354 78 drängend);

1058 3770 273 61 Könnten
1373 3771 101 61 Sie
1515 3772 153 60 mich
1709 3772 91 60 bis
1842 3772 122 60 Pall
1985 3773 158 60 Wall
2183 3776 401 60 mitnehmen?

981 3861 138 61 Der
1160 3861 341 64 Dechant;
1564 3865 106 60 Mit
1711 3865 380 77 Vergnügen,
2148 3867 260 78 Philipp;
2469 3870 93 58 ich
2624 3869 136 61 muß
2810 3870 254 61 ohnehin
3119 3871 88 55 ins

1057 3938 352 63 Athenäum.
1452 3941 258 76 (Philipp
1753 3944 118 58 und
1913 3944 105 58 der
2059 3944 262 62 Dechant
2361 3946 116 74 ab.)
