3595 4572
1406 459 192 60 Henri
1632 459 294 60 Barbusse
1987 505 12 11 .
2062 456 100 60 An
2208 456 266 60 Gabriele
2515 454 382 61 d’Annunzio

1036 460 117 59 228

1131 646 323 71 Warum?
1520 645 327 81 Deshalb,
1894 645 292 81 Meister,
2229 645 149 70 weil
2422 642 144 71 Ihre
2609 641 302 81 Stimme,
2967 641 108 71 die
3117 642 113 73 ehe-

1040 738 157 71 dem
1264 739 156 71 dem
1494 739 254 70 Pathos
1820 736 418 92 ungeheurer
2300 738 325 69 Visionen
2700 734 348 91 angepaßt
3114 764 150 56 war,

1040 830 172 70 allen
1245 830 268 71 tiefsten
1548 830 364 83 Schauern,
1950 829 155 70 dem
2139 857 256 62 ganzen
2426 830 251 70 Drama
2713 828 119 71 der
2864 828 403 90 lebendigen

1038 923 460 72 Wirklichkeit
1652 923 147 71 weil
1847 924 185 70 diese
2069 922 279 72 Stimme
2383 922 180 72 nicht
2605 922 185 70 mehr
2822 927 89 63 im
2948 922 320 90 Einklang

1040 1017 182 70 steht
1279 1022 118 65 mit
1445 1017 121 70 der
1598 1016 245 71 Wucht
1891 1016 121 71 des
2063 1017 306 83 Dramas,
2425 1016 245 71 dessen
2705 1013 405 90 Schauplatz
3161 1014 106 72 die

1039 1110 272 89 heutige
1368 1110 180 70 Welt
1604 1115 112 77 ist;
1783 1110 148 70 weil
1997 1115 96 65 sie
2160 1110 120 70 der
2338 1108 236 73 Größe
2643 1107 122 71 des
2832 1107 435 89 allgemeinen

1040 1201 412 83 Schmerzes,
1508 1202 120 70 des
1665 1202 436 92 allgemeinen
2136 1201 272 83 Elends,
2446 1202 120 70 der
2599 1200 439 90 allgemeinen
3077 1200 153 70 Hoff-

1038 1322 185 62 nung
1271 1294 181 71 nicht
1501 1294 188 71 mehr
1739 1294 387 90 entspricht.
2210 1295 296 81 Damals,
2559 1294 97 70 als
2709 1298 65 66 in
2827 1293 212 69 Ihrem
3077 1291 192 73 Geist

1039 1388 138 71 und
1237 1388 266 70 Herzen
1564 1387 374 72 Schönheit
1995 1388 140 70 und
2185 1387 350 71 Wahrheit
2592 1384 174 72 noch
2827 1390 142 65 eins
3025 1413 239 55 waren,

1040 1481 414 91 gehorchten
1490 1481 202 71 Ihnen
1726 1482 236 70 Worte
2012 1481 138 69 und
2183 1479 379 90 Rhythmen
2596 1479 375 71 unfehlbar.
3049 1479 219 70 Heute

1040 1573 192 71 klafft
1288 1573 325 71 zwischen
1668 1573 186 70 Ihren
1905 1573 285 70 Liedern
2248 1572 137 70 und
2445 1573 122 70 der
2621 1571 387 71 zuckenden
3057 1571 169 70 Wirk-

1043 1666 265 72 lichkeit
1358 1671 105 66 ein
1515 1666 376 90 Zwiespalt,
1947 1666 121 70 der
2117 1666 115 71 Sie
2281 1666 175 70 klein
2508 1665 240 72 macht.

1138 1759 114 71 Sie
1301 1760 226 70 bieten
1564 1759 144 71 Ihre
1757 1787 209 62 ganze
2000 1757 414 73 Stimmkraft
2449 1759 131 81 auf,
2633 1787 109 42 um
2778 1757 156 72 dem
2971 1757 297 91 blutigen

1045 1853 355 90 Gemenge
1434 1858 196 66 einen
1666 1851 216 73 Glanz
1914 1881 79 41 zu
2026 1851 357 84 verleihen,
2422 1851 119 71 der
2574 1851 136 70 ihm
2745 1849 183 72 nicht
2958 1850 307 90 gebührt,

1045 1973 110 42 um
1230 1950 106 65 ein
1419 1944 457 71 militärisches
1952 1944 179 71 Ideal
2214 1944 536 71 aufzuerwecken
2823 1943 138 70 und
3044 1969 188 44 auszu-

1045 2038 422 81 schmücken,
1520 2037 122 71 das
1694 2037 122 70 der
1849 2037 206 90 Krieg
2088 2038 219 90 längst
2337 2037 325 90 gerichtet
2710 2036 139 71 und
2884 2034 385 92 erschlagen

1047 2131 142 85 hat;
1241 2131 110 71 die
1401 2130 427 91 ungeheuren
1863 2130 253 91 Folgen
2153 2131 121 70 des
2308 2128 289 93 größten
2632 2127 636 74 Zusammenstoßes

1047 2222 426 92 schrumpfen
1532 2223 103 69 für
1691 2222 114 73 Sie
1862 2250 80 43 zu
2003 2229 183 64 einer
2251 2221 213 93 Frage
2524 2222 122 70 der
2694 2221 578 90 Beuteverteilung

1047 2316 137 71 und
1244 2317 120 70 der
1421 2315 712 90 Grenzverschiebung
2196 2320 136 79 ein;
2404 2315 113 72 Sie
2574 2315 230 71 finden
2863 2320 65 64 in
2989 2314 120 71 der
3156 2314 76 71 be-

1045 2411 314 70 flissenen
1393 2410 484 90 Verteidigung
1927 2409 176 71 Ihrer
2152 2408 616 91 imperialistischen
2802 2408 222 71 These
3072 2414 164 85 tragi-

1047 2503 345 71 komische
1443 2502 213 83 Töne,
1725 2508 63 63 in
1851 2502 219 71 denen
2088 2526 23 18 *
2130 2502 145 72 Ihre
2333 2502 151 71 edle
2543 2500 400 93 Eingebung
2999 2500 139 71 sich
3204 2507 63 64 in

1050 2594 778 92 Ungeschicklichkeiten
1909 2594 249 71 windet
2402 2596 316 69 indessen
2799 2593 282 90 beginnt
3163 2593 106 70 die

1052 2687 421 72 Menschheit
1529 2687 102 71 ihr
1693 2715 246 62 ganzes
1989 2688 249 69 Wesen
2304 2688 136 69 und
2498 2687 266 71 Wollen
2837 2714 132 43 von
3029 2686 240 71 Grund

1048 2781 112 71 auf
1224 2781 544 90 umzugestalten.
1882 2781 240 70 Dieses
2192 2780 445 90 Ungeheuere
2703 2780 279 91 entgeht
3046 2778 221 72 Ihnen.

1049 2875 162 72 Und
1261 2875 124 71 das
1435 2880 85 65 ist
1569 2875 122 71 der
1741 2874 262 81 Grund,
2059 2872 137 72 daß
2247 2874 142 71 Ihre
2439 2874 191 70 Leier
2679 2872 161 72 hohl
2891 2874 231 90 klingt.

1142 2968 69 71 O
1271 2966 356 84 Zauberer,
1688 2996 42 43 o
1791 2966 319 92 Prophet,
2172 2966 208 72 siehst
2439 2966 108 72 Du
2614 2966 179 72 denn
2853 2965 208 84 nicht,
3137 2964 132 72 daß

1048 3060 163 72 alles
1245 3060 179 70 Volk
1473 3060 122 70 der
1630 3060 174 70 Erde
1854 3060 300 91 beginnt,
2206 3087 121 43 ans
2362 3058 188 72 Licht
2599 3087 80 43 zu
2713 3064 259 85 steigen
3006 3063 127 66 wie
3166 3063 103 66 ein

1047 3154 179 70 Volk
1279 3181 133 43 von
1463 3153 484 83 Ertrunkenen,
2020 3152 134 72 daß
2214 3153 109 71 die
2371 3153 186 71 Aera
2614 3153 121 70 der
2793 3151 480 72 Knechtschaft

1049 3246 205 71 dahin
1312 3251 112 76 ist,
1494 3246 136 70 und
1682 3251 147 66 eine
1879 3274 171 43 neue
2100 3245 144 71 Zeit
2293 3246 308 90 beginnt,
2663 3245 138 71 daß
2863 3246 112 70 die
3032 3243 238 93 größte

1048 3340 160 70 aller
1256 3339 233 71 Kräfte
1539 3366 117 44 aus
1708 3339 132 71 den
1891 3340 233 70 Tiefen
2173 3340 228 90 grollt,
2461 3337 139 71 sich
2651 3351 172 79 regt,
2886 3351 203 57 tastet
3137 3336 133 71 und

1048 3433 170 71 nach
1278 3459 206 43 neuer
1548 3433 405 91 Gestaltung
2008 3439 201 85 ringt,
2286 3433 137 69 und
2498 3431 137 73 daß
2694 3460 72 44 es
2831 3433 127 69 viel
3023 3431 249 70 höhere

1048 3528 221 89 Dinge
1301 3525 167 92 gibt,
1504 3525 128 71 viel
1664 3527 232 69 tiefere
1929 3527 140 69 und
2209 3530 123 66 wie
2365 3553 72 43 es
2473 3525 168 71 auch
2667 3524 313 72 scheinen
3008 3553 153 62 mag

1047 3619 125 71 viel
1224 3619 448 90 dringendere
1721 3618 95 71 als
1870 3619 129 81 die,
2060 3647 108 42 um
2219 3618 250 72 welche
2511 3618 174 71 Dein
2737 3615 536 74 militaristischer

1049 3712 296 72 Schneid
1420 3712 140 72 sich
1635 3712 265 70 ereifert
1971 3713 139 70 und
2185 3713 303 70 erbittert
2559 3711 300 72 abmüht.
2968 3711 300 90 Morgen,

1048 3805 163 71 bald
1410 3805 174 71 noch
1644 3805 160 69 eher
1858 3805 348 82 vielleicht,
2267 3806 98 70 als
2414 3805 214 71 selbst
2676 3810 116 64 wir
2840 3833 74 43 es
2962 3803 307 92 glauben,

1047 3904 115 66 wir
1212 3899 383 91 Gläubigen
1778 3899 269 71 werden
2098 3899 139 71 sich
2289 3899 110 71 die
2447 3899 430 91 ungeheuren
2917 3895 353 94 gerechten
