3354 4572
1312 495 281 58 Lesebuch

2439 498 115 56 239

430 684 129 59 Man
599 684 98 56 hat
736 680 515 74 Untersuchungen
1294 679 323 75 angestelit.
1685 679 135 57 Man
1862 678 99 57 hat
2001 678 116 58 sich
2159 679 255 70 bemüht,
2459 679 95 60 die

358 784 140 37 neue
519 758 343 59 literarische
884 758 299 73 Richtung,
1208 757 95 57 die
1326 779 185 35 neuen
1534 758 286 73 geistigen
1843 754 406 76 Strömungen,
2273 755 95 59 die
2392 767 166 48 unter

358 842 126 57 dem
524 834 228 58 Einfluß
794 835 105 57 des
942 833 220 76 großen
1204 833 438 75 Kriegsdramas
1684 831 382 70 aufkommen,
2107 854 71 36 zu
2215 831 335 60 definieren.

428 929 161 59 Aber
637 950 63 35 es
749 928 126 74 gibt
924 929 55 55 in
1030 927 218 57 diesem
1290 924 368 76 Augenblick
1707 947 103 36 nur
1859 928 127 55 eine
2029 924 202 75 Frage,
2281 925 92 58 die
2415 936 143 48 wert

358 1013 84 62 ist,
485 1003 231 76 gestellt
755 1026 69 34 zu
865 1002 259 58 werden:

428 1079 416 70 Schriftsteller,
895 1102 117 36 was
1062 1082 72 56 ist
1176 1078 187 58 Deine
1404 1078 234 58 Partei?

429 1158 132 58 Und
609 1178 166 37 wenn
835 1155 93 59 Du
992 1155 138 57 auch
1191 1158 75 53 im
1318 1153 333 75 Gegensatz
1699 1177 69 34 zu
1818 1155 131 57 dem
1999 1154 272 58 Politiker
2320 1158 90 53 nie
2462 1157 92 54 ein

355 1238 172 56 festes
555 1233 236 58 Mandat
833 1237 129 54 inne
1006 1233 233 57 hattest.
1397 1233 93 57 Du
1531 1233 117 57 bist
1689 1232 146 58 doch
1878 1232 150 57 nicht
2056 1232 160 58 mehr
2244 1232 122 58 frei.
2436 1232 120 58 Der

357 1312 219 57 Einsatz
625 1312 73 55 ist
747 1332 68 34 zu
865 1308 162 76 groß.
1112 1308 93 58 Du
1252 1312 156 54 wirst
1457 1308 142 57 Dich
1648 1310 54 55 in
1754 1306 247 59 Zukunft
2051 1309 148 57 nicht
2249 1308 159 58 mehr
2456 1310 102 56 mit

357 1393 179 53 einem
578 1386 384 59 ästhetischen
990 1384 308 71 Aufwand,
1336 1388 100 54 mit
1477 1385 104 57 der
1619 1383 216 59 bloßen
1864 1384 241 68 Freude,
2135 1384 311 60 Schönheit
2485 1407 70 35 zu

355 1463 266 68 schaffen,
677 1463 315 75 begnügen
1053 1463 218 57 dürfen.
1361 1461 111 58 Die
1530 1461 249 59 sozialen
1838 1459 154 60 Ziele
2053 1460 304 60 herrschen
2412 1461 146 59 über

355 1541 155 58 Dich.
579 1540 57 57 In
678 1543 185 56 einem
907 1540 229 59 solchen
1166 1539 369 75 Augenblick
1576 1541 72 55 ist
1689 1539 131 57 kein
1849 1538 156 58 Platz
2036 1538 86 58 für
2150 1538 401 75 Spielerische.

429 1630 108 59 Zur
564 1630 147 59 Ehre
754 1632 103 58 der
893 1630 169 60 Zunft
1102 1633 83 57 sei
1228 1630 470 74 gerechterweise
1741 1630 330 71 anerkannt,
2114 1629 116 58 daß
2273 1633 100 56 mit
2400 1629 116 60 Aus-

354 1710 200 57 nahme
597 1712 218 72 einiger
855 1708 553 59 unverbesserlicher
1436 1706 435 60 Hurraschreier
1910 1708 118 57 und
2071 1710 220 71 einiger
2324 1706 198 75 Stipen-

354 1787 188 57 diaten
584 1785 104 59 der
728 1787 398 57 reaktionären
1156 1785 204 59 Presse
1404 1785 107 57 alle
1540 1784 421 72 Schriftsteller,
2004 1785 96 57 die
2142 1785 202 57 diesen
2375 1784 180 76 Krieg

354 1863 273 70 erlebten,
678 1863 113 57 den
846 1863 537 73 fortgeschrittenen
1431 1860 370 75 Standpunkt
1849 1864 441 71 eingenommen
2344 1861 210 70 haben,

354 1939 100 57 der
482 1960 113 37 von
637 1939 168 57 ihnen
848 1960 67 36 zu
959 1949 274 48 erwarten
1276 1960 131 35 war.
1476 1936 128 59 Aus
1646 1938 104 57 der
1778 1936 364 60 Gesamtheit
2183 1938 150 57 ihrer
2361 1935 163 78 Tätig-

354 2016 114 58 keit
517 2015 189 75 ergibt
753 2016 115 59 sich
921 2019 146 55 eins:
1125 2014 98 60 Sie
1262 2014 314 58 verwerfen
1628 2015 163 57 diese
1840 2014 579 71 Gesellschaftsform,
2462 2016 96 58 die

355 2091 146 59 nicht
529 2093 210 58 anders
781 2094 82 57 als
893 2095 54 55 in
992 2095 183 56 einem
1205 2091 230 60 solchen
1467 2091 247 59 Blutbad
1744 2091 189 59 enden
1971 2093 240 69 konnte;
2241 2095 84 56 sie
2352 2091 204 59 wollen

355 2169 177 58 nichts
560 2192 113 35 von
702 2169 192 59 dieser
922 2179 397 65 sogenannten
1352 2168 223 71 „Partei
1605 2169 106 57 des
1741 2168 317 59 Gesetzes“
2084 2171 226 68 wissen,
2338 2169 218 58 welche

354 2245 178 58 nichts
587 2268 115 35 war
761 2246 82 59 als
893 2246 105 59 das
1049 2245 235 71 Gesetz,
1345 2245 145 58 zehn
1540 2244 295 59 Millionen
1883 2245 309 58 Menschen
2253 2268 67 35 zu
2373 2250 183 53 töten.

428 2336 140 59 Eine
617 2336 193 59 solche
862 2336 429 75 Entwickelung
1341 2336 193 59 mußte
1585 2336 87 58 für
1719 2336 327 75 diejenigen
2093 2336 465 74 verhängnisvoll

352 2413 249 66 werden,
642 2413 177 58 deren
862 2413 173 58 Beruf
1076 2416 82 56 sie
1209 2413 95 58 auf
1351 2413 113 58 den
1507 2413 414 58 menschlichen
1962 2411 265 60 Schmerz
2277 2414 279 58 hinweist.

427 2504 97 58 Sie
590 2504 254 60 konnten
894 2505 178 59 nichts
1120 2515 118 59 tun,
1302 2505 82 59 als
1446 2505 94 59 die
1587 2528 115 37 von
1751 2507 158 58 ihren
1962 2504 221 76 großen
2231 2505 325 60 Vorfahren

353 2580 347 76 aufgebaute
748 2580 297 60 Tradition
1098 2582 383 58 fortzusetzen
1665 2583 104 57 der
1821 2582 387 68 Romantiker,
2264 2583 291 76 Mystiker,

352 2658 383 59 Naturalisten
796 2659 144 60 oder
999 2659 296 58 Klassiker
1451 2664 213 69 mögen
1727 2663 83 54 sie
1859 2660 203 59 Victor
2103 2660 178 73 Hugo
2343 2660 211 60 heißen

352 2735 143 59 oder
541 2735 408 74 Dostojewski,
999 2734 240 71 Tolstoi,
1290 2734 155 67 Zola,
1498 2736 259 59 Mirbeau
1820 2736 143 59 oder
2010 2735 255 60 Anatole
2320 2736 238 61 France.

350 2811 165 60 Aber
556 2813 104 57 der
700 2811 165 72 Stoß,
908 2813 113 58 den
1063 2815 84 56 sie
1189 2813 241 58 diesmal
1473 2813 296 70 erhielten,
1812 2837 116 34 war
1968 2836 165 35 umso
2175 2815 381 73 ungeheurer,

350 2888 82 59 als
475 2889 94 58 die
611 2888 519 75 Empfindsamkeit
1262 2889 94 57 die
1388 2889 485 75 gewissermaßen
1905 2890 86 57 ihr
2019 2889 332 60 Berufssinn
2382 2895 74 55 ist

350 2966 141 59 noch
534 2969 92 54 nie
670 2969 158 56 einer
870 2966 230 59 solchen
1143 2966 532 75 Belastungsprobe
1717 2976 330 65 ausgesetzt
2086 2989 133 37 war.

427 3058 182 58 Unter
656 3058 220 57 diesem
928 3057 470 58 erschütternden
1453 3058 209 75 Schlag
1723 3058 297 58 entfaltete
2081 3058 116 58 sich
2259 3062 55 54 in
2377 3059 179 58 Henri

349 3134 291 62 Barbusse
682 3135 106 59 das
828 3134 348 75 prachtvolle
1227 3134 421 60 revolutionäre
1690 3134 462 76 Temperament,
2197 3135 103 60 das
2343 3139 55 55 in
2441 3138 115 58 ihm

352 3211 205 74 geruht
597 3211 172 59 hatte.
839 3211 122 58 Der
1001 3210 132 59 Haß
1176 3233 190 52 gegen
1411 3211 113 59 den
1554 3211 181 75 Krieg
1775 3213 113 75 gab
1931 3213 116 57 ihm
2089 3213 94 57 die
2213 3213 341 75 Inspiration

352 3291 185 56 seiner
597 3288 514 75 unvergänglichen
1171 3288 204 58 Worte
1437 3293 108 54 ein.
1644 3288 127 59 Aus
1832 3289 115 58 ihm
2009 3289 262 76 schöpfte
2332 3314 63 35 er
2456 3293 97 57 die

349 3364 330 77 Satzungen
730 3366 104 58 der
882 3388 188 36 neuen
1122 3364 456 71 Gemeinschaft,
1629 3366 93 58 die
1764 3370 100 55 wir
1912 3388 69 36 zu
2031 3368 261 73 gründen
2347 3368 209 58 haben.

352 3440 265 78 Georges
659 3443 306 69 Duhamel,
1016 3445 159 56 einer
1223 3443 107 57 der
1376 3443 247 58 feinsten
1672 3444 119 57 und
1841 3443 433 76 gepflegtesten
2325 3443 236 61 Geister

352 3519 189 59 dieser
581 3519 141 72 Zeit,
775 3519 196 59 mußte
1021 3542 103 35 aus
1166 3521 188 56 seiner
1403 3520 441 58 akademischen
1887 3520 171 58 Höhe
2108 3521 450 75 niedersteigen,

350 3618 91 35 um
503 3599 189 56 seiner
752 3596 310 59 bebenden
1114 3594 301 77 Erregung
1467 3598 144 58 über
1665 3596 181 60 soviel
1896 3595 340 61 offenbaren
2290 3596 269 60 Schmerz

350 3672 176 59 freien
576 3672 144 59 Lauf
777 3697 69 35 zu
895 3674 208 59 lassen.
1191 3674 189 75 Junge
1430 3674 250 70 Dichter,
1740 3676 106 56 wie
1895 3672 216 61 Drieux
2158 3674 54 59 la
2263 3674 297 73 Rochelle,

349 3749 299 77 Raymond
688 3750 300 71 Lefebvre,
1030 3749 150 59 Noel
1210 3750 260 71 Garnier,
1512 3751 192 59 Pierre
1738 3750 224 60 Chaine
2004 3751 117 59 und
2149 3751 150 60 viele
2328 3752 232 70 andere,

349 3825 94 60 die
484 3827 259 75 gesehen
785 3826 189 60 haben
1017 3826 116 59 und
1175 3826 199 74 gelebt
1401 3827 119 58 und
1550 3827 239 75 gelitten
1831 3826 118 59 und
1991 3827 226 72 wollen,
2260 3826 116 60 daß
2422 3830 104 57 end-

348 3902 112 60 lich
522 3905 105 58 das
663 3904 222 59 Mitleid
924 3905 97 57 die
1048 3902 158 61 Welt
1247 3907 241 74 regiere,
1530 3905 191 60 haben
1761 3904 125 61 sich
1928 3909 99 54 mit
2066 3905 139 58 aller
2232 3905 141 60 Glut
2413 3906 151 59 ihrer
