3543 4572
1224 505 266 61 Douglas
1534 496 286 70 Goldring
1880 524 13 14 •
1957 489 121 59 Der
2115 477 231 78 Kampf
2379 498 98 36 um
2519 472 95 60 die
2652 467 248 61 Freiheit

952 513 116 60 218

958 695 320 66 Michael:
1319 690 89 61 Ich
1446 685 198 63 werde
1682 680 292 73 Margaret
2000 670 152 61 nicht
2190 665 290 76 kampflos
2513 654 312 79 aufgeben,
2866 649 117 61 und
3011 672 157 38 wenn

1042 776 87 59 ich
1172 774 132 58 dem
1345 764 353 63 verfluchten
1738 753 155 61 Dieb
1936 753 130 56 eine
2107 743 195 76 Kugel
2343 766 56 36 in
2439 738 117 61 den
2597 733 160 76 Kopf
2800 751 170 56 jagen
2970 827 23 8 _
3021 728 150 58 muß.

964 850 304 63 Philipp:
1309 845 114 61 Um
1474 832 422 71 Gotteswillen,
1946 827 173 61 schau
2167 819 148 64 doch
2358 817 152 61 nicht
2548 835 69 40 so
2658 812 137 56 wild
2835 812 191 53 drein!
3105 812 71 51 hr

1042 934 76 56 ist
1164 946 104 54 gar
1317 924 134 58 kein
1497 913 340 64 verfluchter
1888 906 175 68 Dieb,
2132 903 76 56 ist
2256 901 94 56 ein
2404 916 147 56 ganz
2607 886 320 63 harmloser
2973 880 203 79 Junge,

1045 1007 99 59 die
1182 1000 452 71 Verkörperung
1675 992 160 59 eines
1860 974 765 69 Dissidenten-Gewissens.
2693 962 137 63 Und
2858 957 318 63 schließlich

1047 1086 74 56 ist
1179 1079 293 73 Margaret
1532 1068 145 61 doch
1736 1061 150 61 nicht
1941 1061 94 58 ein
2094 1051 178 63 Stück
2333 1046 419 63 Grundbesitz;
2813 1058 86 38 sie
2960 1043 74 51 ist
3092 1056 89 35 em

1047 1155 257 68 Mensch,
1347 1152 104 59 der
1492 1152 91 54 ein
1626 1142 181 61 Recht
1845 1140 119 68 hat,
2013 1134 144 59 über
2203 1129 117 59 sich
2361 1124 104 61 frei
2508 1145 68 38 zu
2617 1117 297 73 verfugen.
2998 1114 183 56 Wenn

1050 1239 84 58 sie
1174 1234 117 58 den
1332 1226 322 63 schlechten
1698 1213 358 66 Geschmack
2096 1211 229 63 besitzt,
2368 1206 102 55 Dir
2518 1200 203 59 diesen
2757 1213 218 59 jungen
3013 1188 170 58 Mann

1050 1307 399 71 vorzuziehen,
1489 1325 69 38 so
1601 1300 185 61 bleibt
1827 1294 180 82 pichts
2048 1287 246 63 anderes
2333 1282 188 73 übrig,
2561 1277 87 61 als
2675 1297 67 38 es
2769 1267 277 81 grinsend
3074 1267 112 58 und

1055 1394 102 55 mit
1192 1383 224 64 Würde
1459 1404 68 35 zu
1568 1388 221 64 tragen.
1868 1368 122 61 Laß
2030 1368 104 59 das
2175 1361 198 76 billige
2404 1353 358 63 Melodrama
2800 1345 190 69 fallen,
3029 1363 66 38 es
3120 1353 69 48 ist

981 1490 224 117 Micfha
1218 1488 86 114 J:
1347 1472 213 125 Meinst
1601 1528 140 64 Du?
1819 1526 191 61 Wenn
2053 1513 495 74 Gewalttätigkeit
2589 1503 244 63 veraltet
2874 1503 91 66 ist,
3006 1500 190 56 womit

1060 1620 236 76 glaubst
1311 1615 94 60 Du
1426 1609 155 64 wohl
1601 1602 399 73 beschäftigen
2023 1594 114 61 sich
2162 1584 453 81 augenblicklich
2637 1599 252 54 zwanzig
2907 1574 289 61 Millionen

1061 1694 313 63 Menschen
1433 1689 96 59 auf
1579 1686 132 57 dem
1763 1674 413 78 europäischen
2227 1661 361 66 Kontinent?
2668 1658 88 59 Ihr
2804 1662 132 52 sitzt
2982 1652 123 58 hier

1067 1773 334 66 Sicherheit,
1443 1789 119 37 von
1604 1764 104 58 der
1749 1754 309 64 britischen
2100 1750 219 58 Manne
2361 1742 120 60 und
2522 1740 133 58 dem
2698 1732 308 62 britischen
3043 1731 156 56 Heer

1067 1850 316 67 beschützt,
1442 1842 119 61 und
1617 1840 86 58 ihr
1759 1835 220 76 glaubt,
2037 1830 94 58 die
2181 1823 161 61 Welt
2392 1820 149 77 gehe
2591 1826 198 49 weiter
2856 1831 108 37 wie
3013 1826 174 38 zuvor

1066 1931 124 58 Das
1231 1930 75 56 ist
1348 1924 139 58 aber
1527 1917 151 61 nicht
1719 1914 104 58 der
1862 1909 135 60 Fall.
2082 1903 96 75 (Er
2218 1900 156 61 steht
2413 1896 97 60 auf
2545 1893 118 60 und
2693 1889 141 77 geht
2862 1910 73 35 im
2966 1883 240 60 Zimmer

1072 2002 245 68 umher.)
1393 1997 192 61 Wenn
1628 1994 87 57 ihr
1755 2013 94 35 um
1893 2005 204 41 eueres
2136 1976 256 63 Vorteils
2427 1971 214 62 Willen
2681 1964 314 61 Menschen
3036 1959 171 66 hetzt,

1072 2080 276 63 einander
1397 2100 68 35 zu
1515 2070 258 68 morden,
1824 2089 67 35 so
1941 2060 161 61 müßt
2149 2058 85 58 ihr
2276 2055 178 58 damit
2494 2048 266 66 rechnen,
2802 2066 82 36 sie
2926 2041 97 58 bei
3063 2037 148 57 ihrer

1075 2155 316 65 Heimkehr
1438 2147 307 64 verändert
1793 2165 69 36 zu
1910 2138 215 60 finden.
2206 2132 192 60 Wenn
2440 2127 96 58 Du
2587 2122 249 77 glaubst,
2886 2118 86 57 ich
3019 2112 192 61 werde

1075 2239 152 59 ohne
1270 2235 94 57 die
1412 2227 174 61 Hand
1628 2248 68 35 zu
1745 2221 226 67 rühren,
2022 2218 310 74 gestatten,
2383 2204 118 60 daß
2549 2225 103 37 mir
2693 2199 114 59 Mai
2820 2204 165 69 garet
3029 2194 158 56 hmte

1082 2316 134 59 dem
1258 2309 229 62 Rücken
1531 2298 304 83 gestohlen
1877 2293 158 71 wird,
2079 2314 66 36 so
2186 2290 117 57 bist
2343 2284 96 59 Du
2483 2278 217 62 einfach
2742 2272 280 62 verrückt.

1000 2392 305 74 Philipp:
1348 2386 123 58 Das
1519 2386 76 56 ist
1642 2378 140 59 alles
1830 2395 148 55 ganz
2022 2378 121 68 gut,
2191 2361 258 63 Michael.
2530 2357 98 60 Sie
2670 2356 218 57 kommt
2924 2357 137 68 jetzt
3100 2348 116 63 her,

1080 2466 293 69 versuche,
1432 2464 83 57 sie
1569 2452 584 72 zurückzugewinnen
2234 2439 196 61 mache
2484 2436 87 58 ihr
2624 2433 114 58 den
2789 2428 121 60 Hof
2966 2428 120 56 und
3154 2442 64 38 so

1081 2550 216 56 weiter.
1377 2535 222 77 Vergiß
1650 2533 141 58 aber
1839 2527 169 67 nicht,
2059 2521 115 61 daß
2224 2541 84 37 sie
2356 2516 105 57 das
2503 2510 181 60 Recht
2724 2508 117 67 hat,
2884 2504 120 59 ihre
3044 2498 177 59 Liebe

1086 2646 70 36 zu
1199 2617 306 67 schenken,
1553 2632 145 39 wem
1749 2611 84 56 sie
1873 2603 133 60 will.
2087 2599 100 60 Sie
2230 2606 73 48 ist
2345 2591 255 73 mündig,
2651 2587 85 58 ihr
2779 2602 235 56 eigener

1085 2701 96 58 Du
1223 2695 163 62 mußt
1414 2691 183 62 selbst
1622 2692 227 61 wissen,
1880 2679 117 60 daß
2027 2673 342 80 preußische
2399 2668 316 58 Freiersart
2746 2684 69 36 zu
2846 2662 181 57 nichts
3057 2662 165 50 fuhrt.

1011 2775 320 64 Michael:
1373 2764 320 67 Wirklich?
1759 2759 220 61 Woher
2018 2753 174 61 weißt
2234 2751 94 57 Du
2370 2745 151 60 das?

1011 2855 306 72 Philipp:
1367 2843 317 80 Jedenfalls
1734 2843 72 56 ist
1856 2858 64 37 es
1969 2834 131 57 kein
2148 2824 391 67 Verbrechen,
2596 2841 127 37 eine
2764 2813 344 71 Verlobung
3164 2829 65 35 zu

1094 2933 191 65 lösen;
1329 2928 191 70 einige
1562 2922 179 58 Leute
1782 2912 238 62 würden
2072 2931 62 37 es
2183 2927 174 53 sogar
2397 2902 89 58 für
2524 2893 458 63 verbrecherisch
3024 2893 208 58 halten,

1094 3031 166 38 wenn
1312 3008 92 56 ein
1444 2998 285 62 Mädchen
1779 2992 140 60 alles
1966 2989 156 59 beim
2173 2984 154 59 alten
2376 2977 169 69 ließe,
2592 2973 285 61 trotzdem
2919 2966 313 61 sich:seine

1096 3083 252 62 Gefühle
1388 3077 308 62 verändert
1735 3071 211 59 haben.
2022 3065 293 73 Margaret
2355 3068 73 48 ist
2468 3048 352 66 wundervoll
2863 3048 209 57 ehrlich
3116 3048 118 51 und

1101 3161 318 68 aufrichtig,
1461 3156 105 58 das
1608 3149 160 61 mußt
1809 3145 185 61 selbst
2036 3142 95 58 Du
2174 3138 285 75 zugeben.

1020 3237 321 63 Michael:
1410 3233 88 59 Ihr
1564 3229 127 61 seid
1757 3222 290 62 komische
2113 3218 201 66 Leute,
2383 3212 86 59 ihr
2535 3194 699 72 Hinterlandsmenschen,

1101 3316 211 71 gleicht
1338 3311 278 66 Kindern,
1645 3306 95 58 die
1772 3298 320 80 glückselig
2119 3298 75 56 im
2216 3284 411 67 Märchenland
2656 3280 244 78 spielen.
2956 3276 284 57 Fernand

1100 3393 170 69 weiß,
1317 3411 120 37 was
1489 3384 198 60 Leben
1741 3378 303 67 bedeutet,
2098 3370 261 75 Philipp;
2423 3359 287 71 niemand,
2766 3358 104 58 der
2921 3359 150 52 mdit
3118 3353 123 67 Tag

1105 3474 88 58 für
1240 3469 145 65 Tag.
1425 3463 224 61 Woche
1705 3459 90 57 für
1833 3454 239 69 Woche,
2131 3450 203 59 Monat
2388 3444 89 58 für
2524 3440 202 59 Monat
2783 3435 133 58 dem
2971 3433 132 55 Tod
3157 3444 87 39 ms

1105 3548 220 60 Antlitz
1367 3549 250 69 gestarrt
1656 3537 116 58 hat.
1854 3532 136 61 Alle
2044 3528 152 59 alten
2238 3520 422 73 Täuschungen
2708 3507 377 64 zerscherben
3152 3502 93 58 die

1108 3628 228 59 kleinen
1379 3617 323 64 Schrecken
1752 3613 107 58 des
1906 3607 282 76 täglichen
2235 3601 229 60 Lebens
2510 3589 451 66 verschwinden.
3041 3582 208 59 Meinst

1109 3706 98 58 Du
1246 3698 269 70 wirklich,
1557 3694 87 61 ich
1684 3688 195 62 werde
1915 3685 144 60 mich
2088 3683 166 72 ruhig
2280 3675 296 64 verhalten
2604 3669 119 61 und
2751 3665 144 61 midi
2921 3684 116 38 von
3066 3678 182 40 einem

1111 3777 450 66 sozialistischen
1617 3768 140 61 Kerl
1813 3788 95 37 um
1962 3763 110 58 alle
2122 3753 582 72 Glückshoffnungen
2759 3763 221 40 meines
3025 3736 225 60 Lebens

1111 3861 289 71 betrügen
1439 3847 239 64 lassen?
1757 3843 87 59 Ich
1886 3840 250 67 fordere,
2176 3857 120 38 was
2337 3833 174 57 heute
2540 3825 145 61 noch
2715 3843 153 38 mein
2893 3838 173 47 wäre,
3095 3820 121 51 hatt

1117 3958 129 38 man
1289 3932 144 59 midi
1476 3928 154 61 nicht
1669 3923 141 59 nach
1854 3914 340 65 Frankreich
2238 3907 309 82 geschieht.
