3563 4384
1802 190 67 48 72

347 331 212 35 Ariadne
600 332 85 34 auf
719 331 168 34 Naxos.
933 328 95 46 (Aus
1057 327 84 35 dem
1169 326 284 35 Deutschen
1482 325 196 35 Merkur
1717 337 76 24 von

268 389 178 49 1775.)*)
475 419 9 9 .
513 421 9 9 .
552 421 7 9 .
590 420 7 8 .
629 392 79 34 Seit
738 391 82 35 dem
848 390 166 34 Februar
1047 388 85 34 sind
1172 388 62 35 bei
1274 386 64 35 der
1367 385 250 36 Seiler'schen
1648 386 124 35 Gesell-

267 452 122 35 schaft
418 453 81 33 eine
526 464 97 23 neue
650 451 195 35 komische
874 450 100 45 Oper
1001 459 74 23 von
1105 449 122 33 Herrn
1260 447 115 35 Gott
1388 458 45 22 er
1474 446 78 34 und
1580 448 94 33 zwei
1702 447 71 46 lyri-

267 512 89 36 sche
385 513 165 34 Dramen
578 513 68 33 mit
673 512 373 44 Accompagnement
1075 508 197 34 einstudirt
1301 507 163 34 worden.
1496 507 77 34 Der
1605 508 189 46 „Ariadne

532 572 96 35 habe
655 571 62 35 ich
746 571 118 33 schon
891 568 174 46 gedacht,
1095 578 39 24 es
1163 567 55 35 sei
1247 567 70 34 mir
1345 566 89 35 aber
1461 570 199 43 vergönnt,
1689 568 101 34 noch

268 632 61 35 ein
357 644 92 34 paar
477 633 127 33 Worte
632 642 73 24 von
736 630 63 35 der
828 630 169 44 Gattung
1023 628 214 45 überhaupt
1265 639 46 22 zu
1340 638 128 35 sagen.
1503 628 197 35 Rousseau
1728 630 66 33 hat

268 693 54 34 sie
352 692 114 34 durch
495 692 129 34 seinen
651 689 226 48 Pygmalion
905 687 222 45 veranlasst,
1171 689 117 33 durch
1327 687 70 35 den
1428 699 39 23 er
1493 700 70 23 uns
1593 700 39 24 es
1662 690 132 46 zeigen

268 752 141 46 wollte,
451 752 70 34 wie
551 751 59 34 die
639 750 264 35 Declamation
945 749 64 35 der
1026 748 124 35 -Alten
1178 748 216 35 beschaffen
1421 760 187 35 gewesen.
1665 750 127 34 Allein

267 812 137 46 gewiss
445 811 153 34 wurden
640 811 59 34 die
730 811 129 34 Worte
900 811 37 32 in
980 809 71 35 den
1077 808 264 47 griechischen
1372 808 288 46 Trauerspielen
1690 809 106 35 mehr

267 882 194 36 gesungen
503 870 56 36 als
596 871 248 47 gesprochen,
892 869 78 35 und
1012 869 58 34 die
1099 868 128 34 Musik
1256 867 125 35 diente
1409 868 143 35 damals
1581 868 107 45 dazu,
1735 869 59 35 die

269 931 157 35 Stimme
456 931 63 35 der
547 929 265 47 Schauspieler
839 941 47 23 zu
913 931 270 40 unterstützen,
1213 928 105 34 nicht
1345 927 90 36 aber
1461 928 59 34 die
1548 929 223 45 Empfindun-

269 1002 86 35 gen,
383 991 71 34 wie
482 992 91 42 hier,
602 992 39 33 in
668 990 71 35 den
767 990 148 34 Pausen
943 990 130 33 weiter
1101 987 242 36 auszumalen
1378 988 78 35 und
1485 1000 48 22 zu
1559 988 235 36 verstärken.

270 1052 118 34 Diese
415 1061 97 24 neue
543 1051 168 45 Gattung
749 1049 94 34 lässt
871 1049 112 34 daher
1022 1060 72 22 nur
1133 1059 167 34 sparsam
1330 1047 71 35 den
1430 1047 141 47 Dialog
1608 1060 59 33 zu,
1695 1049 101 44 weil,

272 1111 133 36 sobald
433 1112 93 34 zwei
553 1112 192 34 Personen
774 1110 80 35 sich
882 1111 68 32 mit
978 1109 177 34 einander
1182 1108 246 47 besprechen,
1475 1109 60 34 die
1563 1110 116 34 Ideen
1705 1110 73 34 fort-

273 1174 166 33 strömen
467 1171 78 34 und
573 1170 57 34 die
658 1168 207 46 Handlung
894 1180 46 22 zu
969 1169 109 34 rasch
1115 1168 197 38 fortrückt.
1365 1169 78 35 Der
1480 1170 126 44 Sujets
1648 1169 148 35 werden

272 1230 80 35 also
382 1230 97 34 auch
507 1229 85 35 sehr
619 1229 145 44 wenige
793 1228 93 46 sein,
917 1228 57 33 die
1004 1228 82 35 sich
1115 1228 68 34 auf
1208 1228 100 35 diese
1331 1228 69 35 Art
1423 1228 212 35 behandeln
1658 1228 139 37 lassen.

271 1289 167 35 Ariadne
466 1289 48 33 ist
540 1287 193 35 vielleicht
762 1288 103 34 eines
896 1287 63 34 der
987 1286 292 47 glücklichsten,
1328 1288 59 34 die
1416 1300 88 22 man
1535 1289 95 35 dazu
1671 1290 128 35 finden

272 1349 116 37 kann.
416 1349 72 34 Die
516 1348 268 34 Leidenschaft
811 1349 49 33 ist
887 1347 105 34 nicht
1019 1359 86 23 vom
1127 1348 176 47 Anfange
1331 1350 39 33 in
1398 1348 141 36 vollem
1559 1350 239 42 Ausbruche,

271 1409 54 35 sie
354 1409 111 46 steigt
492 1409 98 34 nach
618 1409 78 34 und
726 1409 109 44 nach,
864 1409 77 34 und
971 1409 57 34 die
1052 1409 209 47 Handlung
1290 1410 175 36 schliesst
1492 1410 202 36 malerisch
1721 1412 79 35 und

270 1468 165 36 rührend
463 1470 68 33 mit
559 1469 84 34 dem
670 1469 282 34 Herabstürzen
981 1468 64 36 der
1072 1469 165 36 Ariadne
1263 1471 60 34 ins
1350 1471 117 36 Meer.
1507 1472 98 35 Herr
1633 1472 168 35 Brandes

270 1527 93 36 fand
390 1527 58 35 die
468 1527 227 37 Geschichte
722 1540 87 23 vom
828 1530 123 33 Herrn
978 1541 36 23 v.
1036 1529 252 47 Gerstenberg
1316 1531 118 34 schon
1462 1531 220 47 bearbeitet,
1712 1533 90 34 aber

274 1588 158 35 Cantate
459 1588 79 34 und
566 1588 142 35 Drama
735 1589 84 34 sind
860 1589 85 34 sehr
970 1588 259 36 verschieden.
1285 1590 99 35 Herr
1423 1591 168 35 Brandes
1632 1592 64 35 hat
1738 1594 68 33 auf

273 1648 129 34 diesen
430 1647 248 35 Unterschied
706 1647 209 35 Rücksicht
942 1658 238 35 genommen,
1224 1648 90 36 aber
1346 1649 196 36 vielleicht
1570 1651 97 35 doch
1694 1653 108 35 nicht

271 1719 138 35 genug.
438 1708 89 33 Man
556 1707 139 34 erfahrt
721 1718 47 23 zu
796 1708 125 46 wenig
947 1719 76 23 von
1053 1708 69 34 den
1142 1708 209 45 Ursachen,
1380 1722 230 35 wesswegen
1629 1712 172 36 Theseus

272 1768 84 34 dem
385 1766 213 47 Verlangen
627 1767 64 35 der
720 1768 188 34 Griechen
936 1768 104 34 seine
1068 1769 176 46 Neigung
1274 1770 135 46 opfert.
1453 1772 74 34 Die
1555 1772 150 46 Klagen
1735 1775 65 34 der

270 1828 167 35 Ariadne
466 1827 83 35 sind
577 1828 60 33 ein
666 1828 125 46 wenig
819 1840 48 22 zu
893 1827 90 48 lang
1025 1829 78 34 und
1141 1829 185 35 verfallen
1355 1842 47 23 zu
1432 1832 85 34 sehr
1545 1833 38 34 in
1613 1834 71 34 den
1714 1835 83 33 Ton

271 1889 67 33 der
364 1887 144 48 Elegie.
564 1889 61 35 Sie
654 1889 152 34 würden
842 1888 195 36 vielleicht
1079 1889 189 45 ermüden,
1314 1902 110 24 wenn
1470 1891 65 36 der
1563 1893 235 47 Componist,

271 1950 101 34 Herr
399 1948 328 47 Capell-Director
759 1950 93 34 Ben
865 1950 74 44 da,
983 1949 106 36 nicht
1117 1949 71 35 den
1216 1950 247 46 glücklichen
1490 1952 142 35 Einfall
1660 1954 141 46 gehabt

271 2008 117 43 hätte,
418 2009 61 34 ein
507 2008 237 36 Violin-Solo
774 2009 98 35 dazu
901 2022 48 22 zu
978 2013 138 43 setzen,
1159 2010 76 35 und
1265 2022 110 24 wenn
1404 2012 123 36 dieses
1553 2025 76 23 von
1657 2015 142 35 seinem

270 2069 129 35 Sohne
425 2069 107 35 nicht
559 2081 41 23 so
627 2069 232 35 meisterlich
885 2070 161 46 gespielt
1073 2071 138 35 würde.
1301 2072 169 35 Medea
1496 2074 49 34 ist
1574 2074 65 35 das
1669 2077 132 34 zweite

270 2130 41 34 in
339 2129 123 37 dieser
491 2130 177 47 Gattung.
724 2131 73 34 Die
825 2136 95 29 erste
949 2131 246 47 Vorstellung
1222 2133 166 46 geschah
1415 2145 48 23 zu
1490 2135 158 47 Leipzig
1677 2148 60 23 am
1766 2134 33 41 2.

270 2189 90 34 Mai.
390 2189 173 35 Madame
592 2189 160 36 Seiler
781 2190 226 47 erschöpfte,
1037 2192 89 34 oder
1148 2193 71 34 wie
1244 2192 58 35 die
1325 2193 217 36 Franzosen
1571 2206 137 35 sagen:
1740 2196 41 35 de-

269 2249 163 47 ployirte
474 2252 39 32 in
559 2249 142 36 diesem
744 2250 141 36 Stücke
928 2251 81 35 ihre
1048 2263 121 35 ganze
1196 2253 127 35 Kunst
1362 2255 40 33 in
1430 2254 266 37 Declamation
1724 2256 78 36 und

269 2310 252 36 Pantomime.
576 2311 99 34 Herr
702 2311 131 34 Benda
873 2312 67 34 hat
980 2313 97 34 auch
1118 2324 47 23 zu
1204 2314 141 35 diesem
1375 2314 141 35 Stücke
1552 2316 59 35 die
1639 2317 136 36 Accom-

270 2375 250 41 pagnements
560 2374 155 42 gesetzt,
759 2371 58 34 die
856 2383 77 23 von
962 2373 180 35 Kennern
1186 2374 78 34 und
1291 2373 240 37 Liebhabern
1573 2377 65 36 der
1671 2380 131 35 Musik

272 2441 97 36 ganz
397 2429 231 35 vortrefflich
656 2430 191 47 gefunden
875 2432 161 36 werden.

348 2524 221 37 Bei*liil.
617 2527 79 34 Der
736 2525 223 48 königliche
1001 2529 386 39 Hof-Musikhändler
1417 2534 43 34 G.
1488 2535 131 34 Bock
1662 2536 141 47 beging

272 2597 61 23 am
362 2583 60 39 27.
452 2586 148 35 Januar
629 2587 79 34 sein
737 2587 506 50 fünfundzwanzigjähriges
1274 2592 421 40 Geschäfts-Jubiläum
1724 2598 78 34 und

271 2646 104 34 hatte
404 2646 80 35 sich
513 2658 46 22 an
589 2646 140 36 diesem
759 2648 104 46 Tage
907 2648 234 49 vielseitiger
1182 2652 397 39 Aufmerksamkeiten
1608 2669 68 23 aus
1705 2658 80 35 mili-

271 2707 193 34 tärischen
491 2707 78 35 und
593 2707 303 36 künstlerischen
924 2709 160 36 Kreisen
1114 2723 48 23 zu
1192 2713 183 37 erfreuen.
1418 2716 79 34 Der
1526 2716 278 38 Commandant

273 2766 66 35 des
366 2766 349 45 Invalidenhauses,
745 2767 410 38 General-Lieutenant
1181 2784 35 23 v.
1246 2772 281 49 Maliszewsky,
1565 2777 239 36 überreichte

273 2828 84 35 dem
387 2827 151 37 Jubilar
566 2829 69 33 mit
661 2828 145 35 seinem
835 2827 308 38 Glückwunsche
1174 2832 58 35 ein
1262 2832 208 38 Schreiben
1499 2836 56 38 Sr.
1583 2839 50 37 K.
1659 2839 145 35 Hoheit

272 2888 66 35 des
365 2888 276 47 Kronprinzen.
695 2887 58 34 Im
782 2888 144 35 Namen
954 2889 64 35 der
1058 2890 164 36 berliner
1249 2893 183 35 Künstler
1470 2897 239 36 überreichte
1739 2900 65 35 der

270 2947 221 47 königliche
522 2947 287 47 Capellmeister
837 2949 105 35 Dorn
973 2950 83 35 dem
1084 2951 153 36 Jubilar
1266 2954 83 35 eine
1378 2956 312 45 geschmackvoll
1717 2971 63 24 aus-

269 3008 174 47 geführte
473 3008 454 38 Gratulations-Adresse.
983 3011 80 35 Das
1091 3011 181 37 Personal
1308 3014 63 36 der
1399 3016 210 48 Handlung
1644 3018 158 36 brachte

271 3067 56 35 als
354 3069 187 47 Festgabe
581 3069 110 35 einen
732 3081 76 23 von
849 3072 103 33 einer
979 3071 164 37 Adresse
1187 3074 228 47 begleiteten
1453 3078 191 36 silbernen
1675 3082 126 34 Tafel-

272 3128 158 35 Aufsatz
459 3129 69 34 mit
556 3128 63 35 der
645 3129 178 36 Inschrift
851 3130 64 35 der
934 3130 392 50 Geschäftsgenossen
1353 3147 88 23 vom
1465 3138 118 35 Jahre
1609 3136 98 41 18-38
1736 3152 61 26 an.

351 3189 79 34 Der
456 3189 322 36 Musik-Director
805 3192 60 35 W.
894 3192 283 46 Wieprecht
1220 3196 38 33 in
1288 3196 128 35 Berlin
1443 3198 135 36 feierte
1609 3210 60 24 am
1698 3198 34 39 2.
1763 3202 33 37 d.

269 3248 90 35 Mts.
388 3248 70 35 den
499 3250 418 46 fünfundzwanzigsten
945 3252 205 48 Jahrestag
1192 3256 125 34 seiner
1342 3257 236 48 Ernennung
1616 3272 86 23 zum
1731 3262 46 34 Di-

269 3312 125 32 rector
434 3309 65 36 der
537 3315 234 42 gesammten
798 3311 244 36 Musikchöre
1086 3314 65 35 des
1181 3316 237 49 Gardecorps
1456 3319 79 35 und
1573 3321 104 35 hatte
1716 3323 83 34 sich

270 3380 149 35 grosser
446 3371 346 46 Auszeichnungen
833 3384 47 22 zu
919 3373 182 39 erfreuen.
1156 3376 74 35 Die
1256 3378 284 37 Musikmeister
1568 3381 65 35 der
1660 3383 139 36 Armee

270 3429 262 36 überreichten
560 3431 76 34 ihm
666 3431 109 35 einen
802 3431 214 37 herrlichen
1046 3434 189 37 silbernen
1262 3439 139 44 Pocal;
1438 3441 60 35 ein
1526 3441 169 48 gleiches
1725 3445 48 35 Ge-

272 3490 144 36 schenk
440 3491 102 35 hatte
568 3493 112 33 Prinz
708 3492 184 35 Albrecht
920 3506 74 22 von
1022 3495 186 37 Preussen
1237 3500 186 38 entsandt.

351 3553 152 46 Freitag
544 3553 70 34 den
644 3549 59 41 13.
733 3553 167 35 Februar
941 3565 94 36 sang
1075 3556 100 35 Herr
1218 3558 224 37 Theodor
1482 3563 219 36 Wachtel
1743 3566 53 35 im

273 3612 246 47 Opernhause
548 3614 70 34 den
645 3613 143 35 Arnold
814 3615 39 33 in
882 3615 185 37 Rossini's
1286 3620 78 35 Der
1390 3622 196 37 berühmte
1613 3626 185 36 Künstler

270 3673 66 34 hat
364 3674 103 34 seine
494 3673 375 37 Verbindlichkeiten
898 3677 38 32 in
965 3676 135 36 Kassel
1130 3678 152 36 endlich
1316 3681 196 46 glücklich
1554 3685 123 46 gelöst
1717 3688 79 35 und

270 3734 82 35 sich
380 3734 112 35 somit
520 3735 58 33 die
606 3735 153 35 Pforten
802 3736 92 36 aller
921 3739 161 34 Bühnen
1126 3740 141 35 wieder
1307 3742 168 38 eröffnet.
1531 3745 90 35 Sein
1649 3747 147 36 Arnold

268 3794 105 35 hatte
415 3794 71 35 den
526 3794 251 47 mächtigsten
804 3797 143 47 Erfolg.
1000 3799 100 35 Herr
1126 3801 176 35 Wachtel
1331 3803 93 35 wird
1452 3806 183 35 zunächst
1661 3808 40 33 in
1731 3808 65 36 der

540 3855 98 34 dann
666 3857 39 32 in
736 3857 69 34 den
1148 3861 79 34 und
1254 3863 53 34 im
1568 3867 145 47 singen.
1743 3870 51 34 Es

268 3915 50 34 ist
346 3915 59 35 die
432 3914 102 35 Rede
565 3916 134 44 davon,
727 3917 66 34 ihn
821 3917 80 35 hier
930 3930 46 23 zu
1004 3921 218 46 engagiren.

345 3976 42 33 In
416 3975 141 36 Kroll's
588 3976 163 36 Theater
778 3977 64 35 hat
870 3979 58 35 die
955 3991 96 24 neue
1072 3981 101 46 Oper
1196 3983 96 45 „Die
1319 3984 157 36 Fischer
1503 3998 75 24 von

266 4045 75 24 von
371 4035 83 35 dem
484 4036 269 47 Componisten
797 4038 62 35 der
894 4039 188 37 beliebten
1113 4042 101 47 Oper
1243 4045 103 44 „Das
1376 4046 204 37 Glöcklein
1611 4050 63 37 des
1701 4053 91 35 Ere-

343 4133 36 46 *)
410 4134 82 46 Vgl.
523 4136 96 43 „Die
647 4136 417 38 Instrumental-Musik
1093 4152 85 25 zum
1401 4145 38 34 in
1468 4145 63 37 Nr.
1564 4145 32 40 6.

2039 326 110 34 einen
2177 324 220 38 schlechten
2426 325 132 47 Erfolg
2587 324 151 48 gehabt.
2776 327 112 35 Doch
2915 330 93 34 trifft
3036 330 59 34 die
3126 329 141 35 Schuld
3295 331 108 34 nicht

1867 386 59 33 die
1954 387 181 34 mitunter
2162 386 85 35 sehr
2274 386 180 45 hübsche,
2486 386 281 47 ansprechende
2796 386 140 46 Musik,
2977 390 163 35 sondern
3172 391 65 34 das
3266 391 137 35 höchst

1865 445 245 48 langweilige
2139 447 182 37 Libretto.

1945 557 241 47 Haiizig*
2236 560 99 34 Herr
2369 560 252 45 Niemann,
2667 560 320 37 hannoverscher
3021 563 379 48 Hof-Opernsänger,

1866 618 65 35 der
1958 630 48 22 zu
2035 619 152 47 einigen
2217 619 407 47 Gast-Vorstellungen
2671 621 68 33 auf
2772 620 64 35 der
2862 621 174 47 hiesigen
3065 623 134 35 Bühne
3228 625 177 47 engagirt

1865 679 61 46 ist,
1954 678 149 47 begann
2133 678 122 36 dieses
2286 678 190 47 Gastspiel
2506 680 69 33 mit
2604 680 63 35 der
2704 679 247 47 Darstellung
2982 681 64 34 des
3075 682 148 47 Joseph
3263 684 39 33 in
3338 684 65 34 der

1867 739 100 46 Oper
1998 739 170 46 „Joseph
2196 740 38 34 in
2533 751 75 23 von
2854 741 72 34 Die
2969 742 192 35 Romanze
3192 744 91 43 „Ich
3325 756 78 23 war

1866 798 189 46 Jüngling
2082 799 100 34 noch
2211 811 47 22 an
2488 800 129 35 wurde
2657 812 87 23 vom
2773 800 202 35 Publicum
3017 802 69 34 mit
3126 803 275 46 ungetheiltem

1865 858 162 34 Beifalle
2056 859 305 46 aufgenommen,
2401 859 66 35 der
2493 861 82 33 sich
2603 861 52 34 im
2685 861 177 34 weiteren
2890 861 191 44 Verlaufe,
3126 862 58 35 bis
3212 875 87 23 zum
3326 865 52 33 En-

1867 917 143 35 semble
2036 919 54 34 im
2117 919 138 34 dritten
2282 919 109 45 Acte,
2434 932 59 23 wo
2523 921 99 34 Herr
2648 922 187 34 Niemann
2881 932 40 24 so
2965 922 106 34 recht
3113 923 105 34 seine
3248 924 128 35 Stimm-

1868 977 123 35 mittel
2020 978 258 43 entwickelte,
2313 979 258 35 fortwährend
2599 982 188 44 steigerte.
2843 980 113 36 Auch
2986 981 64 35 das
3081 981 103 47 Spiel
3211 982 89 36 liess
3330 984 72 34 den

1869 1037 135 35 echten
2032 1037 182 36 Künstler
2241 1037 203 36 erkennen.

1947 1154 99 34 Herr
2074 1153 120 35 Karl
2223 1153 235 44 Caffieri,
2488 1165 89 23 vom
2605 1155 227 35 Hoftheater
2860 1168 47 22 zu
2936 1156 244 47 Wiesbaden,
3209 1158 102 34 einer
3341 1157 65 35 der

1869 1213 133 36 besten
2028 1214 161 45 Tenöre,
2233 1214 145 35 welche
2421 1215 58 34 die
2521 1214 265 36 musicalische
2817 1216 104 34 Welt
2944 1218 95 43 jetzt
3079 1218 147 43 besitzt,
3268 1219 49 34 ist
3344 1219 63 33 für

1870 1274 60 34 die
1978 1274 134 35 Saison
2154 1275 64 34 der
2270 1274 270 38 italiänischen
2583 1276 100 46 Oper
2728 1287 61 24 am
2835 1277 479 47 Coventgarden-Theater
3356 1291 49 23 zu

1870 1334 197 35 London
2104 1336 184 45 engagirt.

1950 1448 479 47 Brauiisclrweig.
2458 1451 96 35 Hier
2574 1453 92 45 ging
2688 1452 169 35 Julius
2885 1452 276 36 Benedict's
3184 1453 101 47 Oper
3307 1456 97 44 „Die

1873 1510 98 35 Rose
1999 1522 76 23 von
2251 1510 107 47 (Lily
2386 1511 46 46 of
2455 1510 209 49 Kilarney)
2693 1524 85 23 zum
2809 1517 123 31 ersten
2961 1514 101 35 Male
3090 1514 94 36 über
3212 1515 59 35 die
3300 1516 86 35 deut-

1870 1570 90 35 sche
1997 1571 147 45 Bühne,
2187 1573 82 34 eine
2299 1572 112 46 Oper,
2456 1572 59 35 die
2543 1573 81 34 sich
2651 1573 250 35 bekanntlich
2928 1575 38 33 in
2991 1575 162 35 London
3182 1575 198 48 durchgrei-

1869 1631 132 34 fender
2027 1632 79 34 und
2135 1632 262 35 andauernder
2424 1633 153 46 Erfolge
2606 1646 46 22 zu
2683 1635 173 33 erfreuen
2883 1635 141 45 gehabt
3050 1636 77 36 hat.
3171 1637 238 35 Demnächst

1872 1691 73 36 soll
1974 1691 166 36 dieselbe
2166 1693 39 33 in
2234 1693 200 47 Hamburg
2460 1693 78 35 und
2568 1693 185 48 Stuttgart
2780 1705 67 23 zur
2874 1695 245 47 Aufführung
3145 1696 191 37 kommen.

2237 3624 72 50 pie
2337 3623 329 50 Ipeberrfjeinifcfje

1869 3685 187 35 erscheint
2088 3684 115 46 jeden
2242 3685 173 46 Samstag
2457 3686 38 33 in
2539 3686 123 34 einem
2705 3696 147 35 ganzen
2888 3685 130 45 Bogen
3062 3685 70 33 mit
3166 3681 243 47 zwanglosen

1869 3736 196 46 Beilagen.
2173 3737 77 33 Der
2272 3736 388 46 Abonnementspreis
2681 3737 149 45 beträgt
2864 3737 60 33 für
2953 3737 64 33 das
3039 3734 188 45 Halbjahr
3255 3731 23 37 2
3294 3733 118 44 Thlr.,

1869 3787 60 35 bei
1958 3788 71 33 den
2051 3788 47 33 K.
2128 3798 142 35 preuss.
2293 3787 311 35 Post-Anstalten
2634 3787 23 37 2
2673 3786 103 36 Thlr.
2803 3787 21 37 5
2845 3787 80 46 Sgr.
2981 3787 96 34 Eine
3107 3784 169 36 einzelne
3296 3785 86 35 Num-

1869 3850 78 24 mer
1975 3837 25 37 4
2029 3838 81 47 Sgr.

1973 3891 126 34 Briefe
2127 3890 78 35 nnd
2225 3890 277 47 Zusendungen
2538 3890 92 35 aller
2649 3890 70 35 Art
2747 3888 152 37 werden
2927 3893 111 31 unter
3067 3888 64 35 der
3156 3887 165 36 Adresse
3351 3886 64 36 der

1869 3943 52 35 M.
1953 3942 543 47 DuMont-Schauberg'schen
2525 3942 306 45 Buchhandlung
2859 3942 38 33 in
2927 3941 102 34 Köln
3060 3941 163 35 erbeten.

1983 4043 361 35 Verantwortlicher
2372 4043 287 45 Herausgeber:
2691 4041 100 35 Prof,
2824 4040 35 34 L
2863 4066 11 11 ♦
2904 4039 175 46 Bischoff
3102 4041 40 33 in
3171 4039 114 37 Köln.

1942 4096 197 47 Verleger:
2171 4095 53 35 M.
2255 4093 395 37 DuMont-Schauber
2651 4092 129 48 j'sche
2809 4092 304 46 Buchhandlung
3144 4093 38 32 in
3212 4091 116 36 Köln.

1900 4148 190 36 Drucker:
2126 4146 51 38 M.
2208 4145 418 48 DuMont-Schauberg
2655 4146 38 34 in
2723 4144 113 45 Köln,
2876 4144 243 35 Breitstrasse
3149 4142 48 39 76
3224 4155 35 23 u.
3292 4142 62 39 78.

2409 1906 459 75 3tnkitnbi()Utt(jett.

1941 2076 449 97 Allgemeine
2444 2076 514 83 Musikalische
3014 2079 330 100 Zeitung,

2188 2196 110 32 Nene
2327 2197 145 39 Folge,
2509 2192 156 46 redigirt
2692 2204 76 23 von
2806 2192 50 37 $•

1976 2251 207 37 Erscheint
2209 2252 69 35 seit
2307 2251 191 47 Neujahr.
2604 2251 259 37 Wöchentlich
2893 2254 261 46 (Mittwochs)
3181 2255 82 35 eine
3293 2257 122 35 Num-

1874 2316 81 23 mer
1999 2316 73 22 von
2111 2302 230 37 mindestens
2378 2307 20 31 1
2442 2304 132 46 Bogen
2619 2302 273 45 Gross-Quart.
2999 2305 416 39 Abonnements-Preis

1875 2358 24 33 5
1903 2356 9 19 1
1914 2361 36 42 /3
1980 2355 143 36 Thaler
2141 2355 79 46 für
2247 2355 73 36 den
2341 2354 218 47 Jahrgang,
2587 2354 302 46 vierteljährlich
2915 2357 68 35 mit
3004 2361 19 31 11/3l
3032 2357 10 21 1
3044 2357 33 48 /3
3104 2357 139 37 Thaler
3271 2371 140 23 voraus

1874 2420 47 23 zu
1948 2407 188 36 bezahlen.
2246 2406 59 37 Zu
2333 2406 172 37 beziehen
2534 2406 122 35 durch
2686 2408 73 35 alle
2788 2407 224 46 Postämter,
3056 2410 127 36 Buch-
3214 2411 82 35 und
3323 2413 90 35 Mu-

1874 2459 427 47 sicalienhandlungen.
2406 2457 328 37 Probenummern
2762 2459 129 36 stehen
2919 2472 46 23 zu
2992 2461 148 37 Dienst.

1980 2519 202 48 Leipzig
2193 2546 8 18 ,
2233 2523 35 31 7.
2298 2519 180 36 Februar
2507 2521 113 34 1863.

2625 2570 350 48 MMreitHopf
3072 2571 239 42 MMiirtei.

1980 2660 61 36 Im
2079 2660 161 48 Verlage
2269 2659 64 37 des
2373 2658 336 38 Unterzeichneten
2737 2660 48 36 ist
2814 2660 243 38 erschienen:

2268 2721 752 88 Osiwmorgen*

1881 2818 161 37 Gedicht
2069 2830 76 25 von
2177 2819 133 36 Geibel
2337 2821 61 34 für
2426 2820 308 45 achtstimmigen
2761 2820 257 35 Männerchor
3045 2821 69 34 mit
3142 2820 279 36 willkürlicher

2266 2872 231 47 Begleitung
2525 2883 75 24 von
2629 2872 392 35 Blas-Instrumenten

2613 2943 74 23 von

2360 2992 68 36 11.
2458 2992 74 36 M.
2564 2990 373 38 Schletterer.

2580 3053 70 45 Op.
2682 3051 34 37 2.

1954 3103 181 37 Partitur
2164 3103 82 37 and
2276 3103 182 37 Stimmen
2486 3109 21 31 1
2518 3103 8 18 1
2527 3105 19 45 /
2547 3129 15 23 2
2596 3103 103 37 Thlr.
2751 3103 184 37 Stimmen
2966 3103 144 37 einzeln
3138 3107 22 32 2
3168 3102 8 20 x
3179 3116 36 32 /i
3243 3103 98 49 Ngr.

2589 3166 58 35 •f.
2678 3164 635 37 Rieter-Bfiedermanii

2648 3229 39 33 in
2715 3227 160 45 Leipzig
2902 3227 79 33 und
3008 3225 252 37 Winterthur.

1978 3314 84 36 Alle
2090 3315 41 34 in
2159 3314 127 36 dieser
2313 3314 316 47 Musik-Zeitung
2658 3314 284 45 besprochenen
2983 3314 83 35 und
3102 3315 314 46 angekündigten

1872 3365 233 38 Musicalien
2136 3372 64 29 etc.
2238 3367 91 35 sind
2361 3379 48 22 zu
2448 3366 177 35 erhalten
2652 3366 41 35 in
2721 3367 70 34 der
2819 3372 87 29 stets
2932 3366 233 47 vollständig
3191 3367 226 34 assortirten

1871 3417 473 48 Musicalien-Handlung
2372 3419 84 34 und
2472 3419 251 34 Leihanstalt
2749 3430 75 23 von
2844 3417 317 36 BERNHARD
3181 3417 238 36 BREUER

1869 3469 43 37 in
1940 3469 117 44 Köln,
2092 3482 132 34 grosse
2250 3470 252 47 Budengasse
2533 3470 73 36 Nr.
2638 3474 19 31 1
2663 3499 10 17 y
2718 3483 40 23 so
2801 3470 69 35 wie
2913 3469 57 36 bei
3010 3469 36 35 J.
3081 3469 84 35 FR.
3207 3469 208 44 WEBER,

1872 3521 335 47 Appellhofsplatz
2237 3522 75 36 Nr.
2341 3524 63 34 22.
