3563 4384
1705 143 67 49 69

174 277 311 54 Deutschland
512 277 224 60 bekannt;
769 281 265 48 ausserhalb
1061 281 141 50 Wien
1227 282 109 49 aber
1361 299 82 48 gar
1467 282 122 49 nicht
1621 284 51 48 be-

176 360 138 47 kannt
342 355 98 47 sind
472 356 240 48 Michael
742 358 178 64 Vogel
952 358 219 65 (Pizarro)
1199 360 90 48 und
1314 360 166 49 Wein
1495 364 84 44 mü
1594 361 10 48 1
1621 362 44 47 le
1681 379 20 30 r

174 431 205 67 (Rocco),
421 432 108 47 zwei
572 433 317 50 vollendete
921 436 230 47 Künstler.
1206 436 149 48 Selbst
1382 436 81 48 der
1493 437 209 48 Italiäner

174 507 115 53 Rad
304 508 80 47 ich
400 510 9 47 i
449 508 275 64 (Florestan)
770 529 95 30 war
910 512 75 47 für
1026 512 70 48 die
1129 513 149 47 Partie
1321 513 141 49 durch
1494 515 207 57 Stimme,

173 586 216 51 Methode
421 586 91 48 und
541 587 174 50 Gestalt
745 590 85 47 wie
859 590 277 63 geschaffen,
1176 590 185 49 obwohl
1391 591 77 48 das
1499 593 201 47 Deutsch

173 673 140 40 etwas
343 662 357 52 radebrechend.
712 694 64 5 —
795 666 165 48 Leider
988 668 127 46 sollte
1152 667 79 48 der
1261 668 221 65 Schöpfer
1512 668 76 49 des
1618 686 55 32 un-

172 739 273 51 sterblichen
479 741 198 49 Werkes
706 742 72 48 die
807 743 181 49 Freude
1026 743 140 49 daran
1204 745 123 48 nicht
1366 746 132 63 lange
1526 762 146 49 gemes-

171 835 102 31 sen:
305 816 117 48 denn
447 817 71 48 die
541 819 164 49 Milder
728 819 90 64 (die
842 819 141 50 1809
1007 822 70 47 ein
1101 822 268 63 glänzendes
1383 823 322 65 Engagement

174 897 74 47 für
273 896 143 54 Paris,
440 894 78 49 das
541 896 69 48 ihr
634 898 236 64 Napoleon
902 899 42 47 in
968 898 307 48 Schönbrunn
1300 901 275 63 angeboten,
1599 919 77 30 aus-

171 971 175 64 schlug)
388 973 138 47 nahm
571 974 129 47 einen
743 974 413 66 lebenslänglichen
1202 977 216 48 Contract
1465 978 42 47 in
1552 979 148 47 Berlin

172 1067 82 38 an;
299 1051 96 47 ihre
426 1052 131 47 Rolle
586 1052 58 47 im
677 1052 176 49 Fidelio
883 1054 328 65 entsprechend
1242 1072 51 31 zu
1326 1054 224 58 besetzen,
1581 1056 120 48 blieb

172 1129 146 46 fortan
343 1128 98 47 eine
472 1129 387 64 Unmöglichkeit,
891 1131 91 48 und
1011 1131 118 48 blieb
1161 1131 70 49 die
1261 1132 129 65 Oper
1420 1133 169 48 wieder
1616 1150 86 31 von

177 1203 142 51 1815
355 1203 64 52 bjs
455 1203 142 50 1822

291 1282 65 48 W
361 1298 47 32 as
447 1284 122 47 Herr
609 1300 82 33 von
726 1286 257 64 Wolzogen
1029 1302 80 32 aus
1153 1286 86 48 den

169 1374 85 32 von
286 1358 149 49 Ciaire
459 1360 190 49 Glümer
681 1362 113 47 über
823 1362 71 48 die
925 1371 117 39 erste
1066 1363 303 65 Aufführung
1397 1364 80 47 mit
1505 1363 80 50 der
1609 1366 61 47 De-

169 1437 144 47 vrient
341 1437 59 48 im
431 1439 263 48 November
729 1439 143 50 1822
917 1440 42 49 in
991 1442 152 65 Bezug
1185 1442 80 48 auf
1298 1442 258 48 Beethoven
1601 1443 75 48 mit-

168 1514 143 56 theilt,
356 1514 91 48 hält
477 1515 114 49 auch
625 1515 131 50 keine
788 1517 264 49 historische
1084 1518 207 66 Prüfung
1322 1534 97 41 aus,
1462 1536 88 30 nur
1580 1519 120 48 kann

168 1607 107 32 man
304 1592 43 47 in
379 1592 152 48 diesen
1020 1595 189 49 niemals
1240 1612 150 49 genau
1423 1597 252 48 unterschei-

167 1668 104 57 den,
314 1686 94 31 wer
451 1672 254 63 phantasirt
736 1673 89 48 und
856 1674 337 56 ausschmückt,
1236 1674 298 51 Wilhelmine
1564 1675 138 49 selbst

165 1745 113 49 oder
308 1747 162 49 Ciaire.
525 1749 258 48 Beethoven
814 1750 78 49 hat
934 1752 42 47 in
1015 1750 80 49 der
1124 1750 151 50 Probe
1305 1768 86 32 nur
1420 1752 71 47 die
1521 1752 148 49 Ouver-

167 1832 100 40 türe
298 1824 59 66 (in
614 1823 61 70 E-dur)
676 1827 92 48 und
769 1828 37 49 die
836 1830 81 47 Nr.
953 1829 46 56 1,
1037 1828 78 49 das
1146 1830 141 49 Duett
1321 1830 222 49 zwischen
1575 1832 93 47 Mar-

164 1901 159 49 celline
355 1901 90 49 und
477 1904 241 66 Jacquino,
753 1923 54 31 zu
836 1905 216 66 dirigiren
1082 1907 232 57 versucht;
1352 1907 69 48 bei
1453 1907 81 48 der
1561 1908 137 47 Stelle

165 1978 78 48 des
273 1980 206 48 Pochens
510 1998 72 32 am
614 1982 127 49 Thor
780 1983 164 49 kamen
976 1984 250 48 Orchester
1264 1984 90 48 und
1385 1985 176 64 Sänger
1589 1985 108 49 zwei

164 2056 92 50 Mal
286 2056 25 49 h
320 2074 149 41 eraus,
501 2060 185 49 worauf
710 2062 80 48 der
821 2062 317 64 unglückliche
1162 2062 259 49 Beethoven
1451 2062 249 66 aufsprang

163 2134 94 49 und
289 2136 114 47 nach
428 2138 159 48 Hause
618 2148 175 39 rannte.
826 2142 84 47 Die
940 2140 346 50 erschütternde
1308 2143 145 47 Scene
1484 2140 90 50 und
1599 2140 98 50 ihre

165 2213 176 63 Folgen
379 2213 98 48 sind
517 2214 70 48 bei
620 2216 53 47 A.
705 2215 255 57 Schindler,
991 2218 72 56 IL,
1100 2216 83 59 10,
1213 2218 324 56 nachzulesen;
1580 2218 116 48 nach

164 2288 154 48 diesen
361 2290 55 47 ist
456 2307 46 30 es
544 2291 124 49 nicht
710 2293 395 58 wahrscheinlich,
1153 2293 102 48 dass
1284 2310 49 32 er
1362 2294 172 49 damals
1575 2295 125 48 einer

167 2365 292 66 Vorstellung
489 2368 149 48 seiner
667 2369 130 66 Oper
827 2369 295 66 beigewohnt
1150 2370 92 50 hat.

284 2444 130 48 Doch
447 2445 225 65 begleiten
705 2448 83 47 wir
811 2448 109 64 jetzt
948 2448 71 49 die
1043 2448 163 49 Milder
1228 2449 116 48 nach
1369 2449 165 49 Berlin.
1568 2450 59 48 Es
1650 2449 55 48 ist

165 2520 125 50 nicht
320 2521 121 49 wohl
473 2524 216 65 möglich,
733 2524 102 49 dass
864 2526 123 49 Herr
1024 2543 85 32 von
1143 2526 256 65 Wolzogen
1439 2526 121 50 diese
1589 2529 85 47 Sän-

164 2600 130 63 gerin
318 2599 165 66 jemals
512 2603 64 47 als
600 2604 209 48 Leonore
840 2605 197 65 gesehen
1068 2605 94 57 hat,
1192 2613 123 40 sonst
1338 2605 158 50 würde
1526 2605 76 48 ihn
1632 2605 73 50 die

167 2677 296 67 Erinnerung
507 2695 57 33 an
607 2681 130 49 ihren
781 2683 174 48 Fidelio
992 2683 385 64 zurückgehalten
1421 2683 169 58 haben,
1632 2683 71 48 die

169 2755 121 48 eines
334 2757 346 50 musicalischen
710 2760 225 48 Kritikers
967 2760 270 66 unwürdige
1269 2761 170 49 Phrase
1467 2760 208 51 niederzu-

167 2831 263 51 schreiben:
472 2835 110 56 „Mit
610 2835 102 49 dem
746 2836 178 50 blossen
946 2837 281 49 Erscheinen
1253 2837 80 49 der
1354 2837 230 50 Schröder
1607 2854 96 33 war

171 2909 69 49 die
272 2911 273 66 bequeme
578 2912 62 66 (S.
661 2914 108 62 53),
799 2915 337 66 angebetete
1167 2917 256 49 Matrone
1453 2917 139 49 schon
1622 2933 81 31 aus

171 2986 100 50 dem
306 2989 139 49 Felde
474 2991 274 66 geschlagen
781 2991 63 66 (S.
1053 2992 128 50 Doch
1213 3010 46 32 es
1289 2994 176 48 kommt
1495 3010 80 32 uns
1606 2994 97 48 hier

168 3065 123 49 nicht
314 3065 169 51 darauf
508 3085 73 41 an,
628 3070 268 65 Vergleiche
933 3070 82 49 der
1042 3071 232 50 Schröder
1316 3072 79 49 mit
1433 3071 80 48 der
1542 3071 163 48 Milder

172 3141 95 65 (für
295 3144 71 48 die
393 3145 247 53 Cherubini
672 3149 121 48 seine
821 3149 197 48 Faniska
1047 3149 91 49 und
1165 3150 256 48 Beethoven
1451 3150 153 48 seinen
1631 3150 48 47 Fi-

171 3221 116 50 delio
338 3224 299 64 geschrieben
689 3225 158 66 hatte),
898 3227 117 49 noch
1062 3227 79 49 mit
1184 3229 197 48 Nanette
1425 3229 278 54 Schechner,

169 3298 169 51 Louise
364 3302 182 57 Köster,
577 3304 166 48 Louise
767 3305 173 66 Meyer,
967 3305 214 48 Johanna
1207 3305 212 65 Wagner
1449 3305 91 48 und
1565 3305 111 48 ande-

172 3392 79 33 ren
277 3379 241 49 Leonoren
544 3382 292 49 anzustellen.
869 3382 107 49 Wir
993 3384 162 47 wollen
1179 3400 88 32 nur
1288 3384 292 57 constatiren,
1603 3382 102 49 dass

173 3470 84 33 von
296 3456 140 50 1816
470 3475 56 31 an
559 3459 173 49 Fidelio
772 3460 42 48 in
861 3461 152 47 Berlin
1056 3479 51 30 zu
1152 3460 87 48 den
1277 3462 285 64 Zug-Opern
1613 3460 93 49 und

174 3532 261 52 Beethoven
478 3554 51 30 zu
574 3536 87 50 den
1131 3539 323 66 Componisten
1498 3540 208 65 gehörte,

172 3611 153 49 sieben
355 3615 143 48 Jahre
529 3615 122 64 lang,
680 3615 85 48 ehe
795 3616 70 48 die
889 3616 231 50 Schröder
1150 3617 101 49 dort
1279 3634 102 30 zum
1413 3625 149 41 ersten
1587 3617 119 49 Male

174 3688 183 51 auftrat.
418 3692 155 48 Wenn
605 3693 258 65 Wolzogen
902 3695 99 47 eine
1040 3693 160 50 höchst
1239 3693 151 50 schale
1433 3695 147 47 Kritik
1626 3693 80 49 der

174 3766 270 52 Vossischen
474 3771 194 66 Zeitung
699 3787 85 33 von
813 3771 142 51 1823
990 3771 89 66 (die
1107 3790 34 30 z.
1165 3773 51 47 B.
1247 3772 87 48 den
1364 3781 149 41 ersten
1540 3773 166 49 Choral

173 3843 43 47 in
237 3845 195 49 Graun's
450 3847 98 48 Tod
564 3850 109 47 Jesu
701 3848 91 49 und
816 3851 100 47 Em.
936 3850 159 48 Bach's
1119 3850 255 64 geistliches
1396 3850 135 49 Lied:
1561 3851 84 56 „W
1646 3850 10 15 r
1661 3866 45 32 as

173 3922 81 47 soll
285 3923 68 50 ich
384 3927 220 64 ängstlich
887 3930 62 47 als
981 3928 251 49 Maassstab
1264 3930 76 47 für
1369 3928 72 50 die
1468 3928 212 50 Beurthei-

176 4000 109 66 lung
331 4019 81 31 von
445 4003 265 50 Leonorens
741 4006 158 48 Tönen
944 4006 103 48 auf:
1099 4006 103 57 „Ich
1234 4006 105 49 hab'
1372 4007 81 48 auf
1480 4007 107 50 Gott
1618 4006 88 48 und

176 4078 146 51 Hecht
700 4085 297 65 empfiehlt!!)
1042 4102 52 31 zu
1127 4085 203 49 Gunsten
1364 4086 151 48 seiner
1554 4086 152 64 Hypo-

1775 286 123 50 These
1926 290 191 48 anführt
2145 292 63 61 (S.
2239 291 107 65 53),
2375 310 47 32 so
2454 294 180 49 können
2665 295 81 48 wir
2777 295 205 65 dagegen
3013 299 62 47 als
3105 299 156 63 Augen-

1773 380 168 48 zeugen
1966 366 76 48 des
2068 366 197 50 berliner
2280 370 345 49 Enthusiasmus
2651 372 213 47 während
2890 372 78 49 der
2987 375 140 47 Jahre
3150 375 141 48 1816

1776 438 63 50 bis
1876 441 141 50 1822
2050 444 236 49 auftreten.

1890 520 145 47 Allein
2064 521 80 47 mit
2172 522 131 47 allem
2333 521 165 48 diesem
2531 524 54 47 ist
2613 524 100 49 dem
2747 525 181 47 Ruhme
2958 525 81 48 der
3062 525 229 49 Schröder

1773 595 116 47 noch
1919 596 121 48 nicht
2068 614 154 48 genug
2251 598 279 64 geschehen:
2570 601 114 47 auch
2721 601 71 48 die
2821 601 149 48 Musik
3010 601 76 50 des
3117 602 173 50 Fidelio

1775 687 95 32 war
1895 672 64 48 bis
1980 691 78 31 zur
2073 675 229 49 Schröder
2324 676 323 49 tadelnswerth
2671 678 90 47 und
2785 680 53 47 ist
2862 696 44 31 es
2929 680 116 47 auch
3062 684 205 61 grössten-

1773 747 130 50 theils
1932 751 114 47 noch
2181 752 113 48 nach
2326 753 100 47 dem
2458 753 289 65 Biographen
2778 755 77 48 der
2885 757 241 48 Schröder.
3178 758 114 55 „Die

1775 827 316 65 unläugbaren
2121 830 281 47 Schwächen
2451 828 80 49 der
2559 831 165 54 Musik,
2774 831 97 47 ihre
2905 833 386 64 Unsangbarkeit,

1775 902 80 50 der
1871 905 238 57 Umstand,
2139 906 99 47 dass
2269 906 69 48 die
2368 906 320 65 vielgestaltige
2704 907 203 65 Sprache
2930 908 76 47 des
3023 910 269 50 Orchesters

1775 978 69 48 die
1876 981 234 48 Cantilene
2139 981 76 49 des
2244 983 196 64 Sängers
2472 983 105 47 fast
2606 982 449 66 durchgehends
3095 985 198 58 lahmt,

1777 1054 165 51 deckt
1973 1058 89 47 und
2092 1062 264 61 erwürgt
2394 1058 63 66 (!),
2506 1061 84 47 alle
2632 1059 105 65 jene
2778 1061 253 48 Merkmale
3076 1061 76 48 des
3192 1061 101 49 dem

1776 1133 133 48 Reize
1938 1134 82 49 der
2034 1136 426 48 Menschenstimme
2482 1137 278 65 eigensinnig
2784 1137 85 48 den
2891 1137 185 48 Rücken
3102 1138 164 48 kehren-

1776 1209 85 49 den
1890 1209 80 66 (??)
2003 1212 243 65 Giganten,
2272 1212 80 48 der
2383 1230 84 31 nur
2497 1214 302 49 Instrumente
2843 1216 157 63 singen
3048 1232 52 31 zu
3150 1216 145 48 lassen

1775 1288 234 48 verstehen
2041 1289 186 49 wollte
2257 1288 98 66 (??),
2385 1289 206 58 wurden,
2628 1292 84 47 ehe
2754 1292 297 48 Wilhelmine
3088 1293 44 47 S.
3174 1292 121 58 kam,

1775 1364 43 47 in
1848 1366 310 48 Deutschland
2189 1367 115 48 noch
2337 1367 174 48 überall
2543 1367 68 48 bei
2647 1368 147 47 ihrem
2840 1369 236 49 rechten
3116 1371 177 47 Namen

1775 1451 199 54 genannt
2003 1443 90 48 und
2133 1443 114 50 eben
2285 1460 48 33 so
2373 1444 307 49 unverhohlen
2721 1444 213 64 getadelt,
2970 1447 83 47 wie
3092 1446 92 49 dies
3222 1446 73 49 die

1773 1518 282 66 gediegenen
2086 1520 90 49 und
2200 1520 362 67 unparteiischen
2587 1522 325 53 Kunstrichter,
2928 1523 76 47 des
3020 1523 272 58 Auslandes,

1775 1597 69 47 ein
1895 1597 150 49 Scudo
2095 1598 91 48 und
2238 1599 210 68 Chorley,
2505 1599 137 48 heute
2691 1601 94 46 mit
2831 1601 203 48 vollem
3085 1602 211 48 Rechte

1773 1674 145 48 noch
2168 1674 59 66 (!!)

1888 1753 123 56 Nun,
2040 1752 55 49 da
2125 1753 104 49 hört
2258 1754 202 48 wirklich
2493 1754 120 47 Alles
2643 1754 99 56 auf;
2773 1754 82 48 wir
2885 1753 118 51 denn
3033 1754 130 50 auch.

2158 1988 97 55 Aus
2309 1990 272 54 Frankfurt
2632 2008 78 36 am
2762 1990 142 54 Main.

2082 2115 103 47 (Ein
2220 2119 365 36 verwünschtes
2626 2118 89 45 Qui
2745 2131 93 37 pro
2877 2120 114 49 quo.)

1889 2220 71 50 An
2001 2219 71 51 die
2112 2223 129 48 letzte
2281 2224 428 69 Quartett-Sitzung
2750 2244 84 32 von
2873 2229 159 48 Straus
3076 2227 89 49 und
3208 2228 60 48 Ge-

1773 2314 162 33 nossen
1965 2316 71 31 am
2070 2299 47 48 0.
2148 2300 209 49 Februar
2388 2304 161 64 knüpft
2576 2305 90 47 sich
2699 2305 98 49 eine
2826 2305 114 50 eben
2970 2323 48 31 so
3048 2305 222 49 absonder-

1776 2376 113 49 liche
1919 2378 63 47 als
2013 2378 116 47 auch
2159 2378 441 51 charakterisirende
2629 2382 275 58 Thalsache,
2940 2383 88 56 die,
3066 2383 97 47 weil
3205 2383 94 47 sich

1776 2454 128 48 darin
1933 2454 203 65 zugleich
2177 2454 71 49 die
2290 2456 229 49 strafende
2554 2459 206 48 Nemesis
2811 2462 75 45 für
2934 2459 235 64 unzählige
3219 2476 80 30 aus

1777 2531 258 49 Leichtsinn
2062 2531 90 49 und
2171 2533 448 66 Schwatzhaftigkeit
2641 2536 186 49 verübte
2845 2536 186 50 Sünden
3055 2536 40 49 in
3119 2536 180 49 Sachen

1776 2610 80 48 der
1885 2609 287 49 Kunstkritik
2204 2611 228 49 erkennen
2464 2614 117 55 lässt,
2624 2615 214 47 weiteren
2868 2615 189 47 Kreisen
3099 2614 202 48 bekannt

1775 2705 52 30 zu
1860 2688 185 48 werden
2074 2688 215 49 verdient.
2332 2690 94 48 Der
2450 2690 118 48 Held
2597 2691 77 49 des
2697 2693 190 47 Stückes
2915 2693 55 47 ist
2992 2693 121 47 Herr
3142 2691 158 49 Alex.

1776 2764 311 57 Malibran,
2138 2765 80 48 der
2267 2768 351 63 phrasenreiche
2666 2769 203 48 Kritiker
2910 2769 60 47 im
3009 2769 190 48 Journal
3243 2768 56 48 de

1778 2843 242 48 Francfort
2056 2843 100 64 (seit
2183 2844 199 48 Kurzem
2423 2846 345 65 „L'Europe"
2816 2846 207 65 betitelt),
3066 2846 95 56 der,
3197 2863 100 30 zum

1778 2921 146 47 Glück
1956 2921 75 47 für
2056 2923 327 55 Deutschland,
2413 2924 122 48 seine
2561 2924 447 49 kunslrichterlichen
3027 2924 243 63 Ergiessun-

1777 3015 86 49 gen
1914 2999 42 47 in
2008 2999 322 48 französischer
2368 3001 202 64 Sprache
2610 3001 212 57 schreibt,
2883 3001 117 49 denn
3043 3004 153 44 wären
3234 3000 63 47 sie

1777 3076 187 49 deutsch
1994 3094 51 31 zu
2070 3078 136 54 lesen,
2228 3079 325 47 nimmermehr
2576 3083 121 44 wäre
2719 3079 70 48 die
2813 3079 232 65 politische
3071 3079 228 63 Einigung

1777 3154 221 48 zwischen
2016 3154 153 47 Süden
2190 3154 86 48 und
2295 3154 186 48 Norden
2504 3173 52 30 zu
2573 3155 253 58 erstreben,
2849 3156 114 47 auch
2982 3154 80 48 der
3078 3152 196 50 Handeis-

1780 3240 180 56 vertrag
1992 3232 78 46 mit
2102 3232 277 49 Frankreich
2412 3232 130 49 käme
2572 3234 188 48 niemals
2788 3252 51 29 zu
2871 3232 185 50 Stande.

1894 3310 95 47 Der
2021 3310 95 47 Fall
2147 3310 52 47 ist
2228 3311 42 47 in
2302 3311 148 47 Kürze
2482 3310 248 66 folgender.
2792 3312 94 47 Das
2915 3311 272 62 Programm
3219 3307 81 49 der

1780 3386 218 48 fünften
2031 3387 429 66 Quartett-Sitzung
2488 3390 186 47 enthielt
2703 3405 56 32 an
2788 3389 180 48 zweiter
2998 3387 138 49 Stelle
3166 3387 107 46 Beet-

1778 3464 182 48 hoven's
1992 3465 217 57 Quartett
2236 3465 43 48 in
2313 3464 221 62 Cis-moll,
2566 3466 87 65 Op.
2691 3465 120 51 131.
2862 3466 86 47 Die
2977 3462 324 52 Anwesenheit

1777 3542 78 49 des
1907 3542 287 65 geschickten
2247 3544 448 59 Flöten-Virtuosen,
2745 3545 84 48 Mr.
2877 3544 54 48 de
2982 3544 167 64 Vroye,
3198 3556 73 32 ver-

1778 3621 195 48 anlasste
1996 3620 166 65 jedoch
2196 3622 151 47 Herrn
2377 3622 175 57 Straus,
2590 3630 168 41 anstatt
2784 3621 142 48 dieses
2956 3621 237 58 Quartetts
3230 3617 70 47 die

1778 3697 96 49 hier
1904 3699 114 47 noch
2050 3699 295 48 unbekannte
2377 3700 379 48 Beethoven'sche
2785 3699 232 49 Serenade
3050 3700 73 46 für
3152 3696 147 53 Flöte,

1782 3775 174 48 Violine
1987 3775 90 48 und
2109 3776 147 58 Viola,
2285 3777 89 64 Op.
2399 3776 88 57 25,
2516 3795 51 29 zu
2600 3777 155 49 Gehör
2783 3794 52 30 zu
2868 3776 206 65 bringen,
3103 3772 89 48 und
3221 3771 79 47 das

1799 3850 216 52 Cis-moll-
2016 3852 216 59 Quartett
2260 3861 90 41 erst
2378 3855 42 47 in
2450 3855 80 47 der
2558 3855 205 48 sechsten
2803 3853 89 49 und
2931 3855 155 47 letzten
3117 3851 187 61 Sitzung

1781 3947 54 32 an
1877 3931 139 48 Stelle
2059 3931 76 49 des
2177 3932 156 47 früher
2378 3933 75 46 für
2496 3932 121 47 diese
2660 3939 285 58 angesetzten
2985 3931 237 57 Quartetts
3262 3927 43 46 in

1782 4007 168 50 B-dur
1976 4026 86 31 von
2101 4011 80 47 Fr.
2211 4010 280 48 Schubert
2528 4010 151 64 folgen
2716 4027 52 30 zu
2798 4010 156 47 lassen.
2998 4003 308 51 Oeffentliche

1782 4087 230 63 Anzeigen
2045 4087 89 48 und
2172 4088 114 49 auch
2321 4087 76 48 das
2427 4105 71 32 am
2539 4090 158 47 letzten
2728 4085 163 52 Abend
2928 4085 237 48 vertheilte
3198 4085 84 45 Pro-
