2938 3048
1518 2945 67 60 18

815 396 57 28 und
885 397 105 27 kleiner
997 397 123 28 Meisten
1133 398 85 28 Noch
1231 410 97 17 immer
1341 402 95 27 stehen
1449 403 43 27 die
1501 404 131 28 Künstler
1642 407 56 27 und

815 434 48 27 das
883 434 155 31 Publicum,
1058 436 113 26 Kenner
1189 436 57 26 und
1264 437 85 27 Laien
1370 449 73 17 einer
1460 441 60 26 sehr
1541 443 157 33 originellen

815 471 57 27 und
885 471 60 27 sehr
958 471 190 28 bedeutenden
1156 473 189 35 Erscheinung
1353 477 125 27 ziemlich
1490 478 103 28 rathlos
1601 490 81 24 gegen-

802 2246 75 27 über*
897 2246 75 28 Aber
991 2257 28 17 es
1037 2253 33 22 ist
1087 2248 71 28 doch
1175 2249 89 27 besser
1277 2251 155 33 geworden*
1453 2252 30 27 In
1504 2253 45 27 der
1569 2260 116 22 zweiten

800 2283 95 27 Hälfte
908 2284 46 26 des
962 2284 202 33 Jahrhunderts
1176 2286 49 28 hat
1237 2287 46 27 der
1290 2287 195 34 Widerspruch
1498 2290 57 27 und
1565 2290 42 28 die
1616 2291 52 28 Auf-

800 2320 124 34 lehnung
932 2332 86 22 gegen
1029 2322 42 26 die
1081 2324 238 27 conventionellen
1325 2324 265 37 Schönheitsregein,
1599 2339 85 23 gegen

1745 408 52 28 den
1810 411 166 30 seelenlosen
1989 415 197 29 Formalismus
2202 418 57 27 und
2277 419 42 27 die
2336 420 152 29 nüchterne
2501 423 113 28 Abstrac-

1744 449 58 24 tion
1814 450 97 26 immer
1924 451 87 28 lauter
2023 453 58 27 und
2095 454 175 34 allgemeiner
2282 459 73 25 seine
2369 457 117 29 Stimme
2498 461 131 28 erhoben*

1744 485 96 33 Einige
1857 486 141 34 Künstler,
2019 490 42 27 die
2081 492 136 33 ungefähr
2238 493 98 33 gerade
2357 505 48 16 um
2426 496 42 27 die
2485 498 82 28 Mitte
2583 499 46 27 des

1740 521 198 31 Jahrhunderts
1951 529 50 25 mit
2013 527 77 28 ihren
2100 529 123 27 Werken
2236 529 144 29 Aufsehen
2393 538 131 29 erregten,
2537 535 92 28 haben

1743 565 89 22 zuerst
1844 561 42 27 die
1900 562 80 28 Bahn
1993 565 154 33 gebrochen
2161 566 57 27 und
2227 569 72 30 jetzt,
2309 567 36 28 da
2353 568 86 28 schon
2449 570 162 36 dieMorgen-

1743 596 77 27 röthe
1839 600 74 26 eines
1929 611 90 17 neuen
2037 602 193 28 aufdämmern
2247 605 64 31 will,
2328 607 34 25 ist
2378 605 42 28 die
2439 617 91 23 grosse
2543 609 86 27 Schar

1744 632 45 27 der
1797 634 138 35 Jüngeren
1948 639 58 26 und
2014 639 136 34 Jüngsten
2167 641 117 27 beinahe
2297 642 167 35 vollständig
2479 647 38 25 im
2531 646 97 28 Banne

1744 669 45 27 der
1806 682 90 18 neuen
1909 674 291 37 Kunstanschauung:
2221 688 67 17 man
2308 679 78 26 kann
2407 681 58 27 und
2485 682 60 27 darf
2564 693 63 18 zum

1744 708 152 28 mindesten
1908 721 57 18 von
1983 715 73 25 einer
2075 716 38 25 im
2127 715 152 27 Entstehen
2294 715 178 35 begriffenen,
2485 729 57 17 von
2555 723 73 25 einer

1744 746 198 29 erwachenden
1960 750 57 27 und
2037 751 206 28 aufblühenden
2258 752 236 31 MODERNEN
2512 757 116 28 Malerei

1743 781 90 32 reden;
1843 794 56 16 von
1912 788 73 25 einer
1993 787 126 32 Malerei,
2130 788 43 28 die
2185 789 77 27 nicht
2270 800 53 16 nur
2332 801 54 16 neu
2396 791 65 27 oder
2470 794 116 27 modern
2595 798 33 24 ist

1743 817 45 27 der
1797 819 61 27 Zeit
1870 822 71 27 nach
2002 824 39 27 als
2054 824 48 28 das
2111 826 93 31 Neue,
2217 826 49 27 das
2278 829 54 31 just
2344 830 28 25 in
2385 828 47 27 der
2439 829 86 28 Mode
2538 833 34 25 ist
2588 848 37 15 —,

1742 855 116 28 sondern
1866 857 42 28 die
1913 860 124 28 wirklich
2044 865 79 25 einen
2131 874 90 16 neuen
2228 863 100 33 Inhalt,
2335 868 61 24 eine
2403 876 71 17 neue
2480 867 82 27 Form
2570 869 57 27 und

1742 893 80 26 einen
1834 904 90 18 neuen
1934 896 49 28 Stil
1991 898 61 31 hat;
2065 899 42 28 die
2120 901 57 27 also
2187 900 149 36 berechtigt
2345 904 41 30 ist,
2396 903 136 28 vielleicht
2541 905 85 27 schon

1742 929 92 32 dieser,
1842 931 138 32 jedenfalls
1987 935 64 27 aber
2059 936 45 28 der
2111 937 189 29 kommenden
2307 940 113 33 Epoche
2427 940 77 28 ihren
2511 942 115 28 Namen

1742 974 32 18 zu
1787 967 85 32 geben
1885 970 57 27 und
1950 971 77 28 ihren
2037 973 121 35 Stempel
2171 976 217 29 aufzudrücken*
2401 978 47 27 Ich
2461 979 78 27 kann
2552 980 73 27 mich

1741 1004 58 25 hier
1810 1005 75 27 nicht
1898 1006 98 29 darauf
2007 1011 143 33 einlassen,
2161 1012 42 28 die
2205 1014 162 28 Verdienste
2381 1015 46 27 der
2432 1016 194 28 Bahnbrecher

1741 1041 144 28 besonders
1897 1053 34 18 zu
1938 1047 142 34 würdigen
2093 1050 57 26 und
2164 1050 42 27 die
2213 1051 214 36 Entwickelung
2436 1053 189 33 darzustellen,

1741 1086 28 16 in
1786 1079 45 25 der
1847 1080 57 27 sich
1921 1081 45 28 der
1978 1083 126 35 langsam
2125 1087 58 27 und
2200 1091 79 31 stetig
2297 1090 212 33 anwachsende,
2527 1094 98 26 immer

1743 1117 93 25 breiter
1867 1118 57 26 und
1954 1120 76 27 tiefer
2053 1123 145 29 werdende
2223 1125 91 28 Strom
2343 1128 152 27 modernen
2519 1129 89 28 Kunst-

1741 1154 170 29 empfindens
1935 1157 57 26 und
2012 1159 150 29 modernen
2183 1162 218 29 künstlerischen
2422 1165 187 36 Darstellungs-

1740 1194 161 29 vermögens
1914 1202 56 17 von
1986 1197 80 30 jenen
2075 1197 147 36 Wenigen,
2239 1200 43 27 die
2298 1212 59 16 nun
2374 1202 41 26 ihr
2428 1202 87 28 Werk
2528 1203 96 27 bereits

1740 1229 137 25 vollendet
1899 1229 99 34 haben,
2025 1234 199 36 weiterbewegt
2251 1237 49 27 hat
2327 1238 39 27 bis
2390 1249 34 18 zu
2451 1239 52 27 den
2524 1241 99 26 Vielen

1740 1271 55 17 von
1813 1263 91 33 heute,
1925 1266 81 29 deren
2020 1269 130 30 Schaffen
2170 1273 57 27 und
2240 1274 118 28 Wirken
2375 1276 46 27 der
2434 1277 129 27 Zukunft
2575 1288 48 16 an*

1973 1316 18 16 n
1993 1316 8 16 *
2004 1316 13 16 c
2018 1306 30 27 kt
2061 1310 285 34 auseinandersetzen,
2360 1316 52 24 wie
2424 1314 57 26 sich
2490 1314 133 27 Künstler

1739 1340 57 22 und
1806 1340 145 27 rublicum
1963 1352 56 17 von
2033 1344 62 27 dem
2107 1346 123 29 falschen
2239 1348 161 29 Idealismus
2412 1351 47 27 der
2466 1351 156 34 Epigonen-

1796 1382 13 18 Z
1812 1384 17 34 Y
1832 1385 39 16 ers
1879 1402 18 24 f
1909 1378 1 48 l
1910 1387 42 17 em
1958 1378 165 36 Realismus,
2130 1383 74 28 dann
2213 1385 52 35 dem
2265 1385 230 35 Naturalismus,
2501 1389 108 28 schliess-

1739 1415 52 20 lich
1805 1415 61 23 dem
1879 1415 249 32 Impressionismus
2146 1422 57 26 und
2221 1433 56 16 von
2297 1423 35 28 da
2356 1424 62 28 dem
2432 1426 174 28 Neu-Idealis-

1739 1451 261 49 mu\’wahren
2009 1454 160 30 Idealismus
2175 1460 177 28 zuwandten*
2361 1462 65 28 Nur
2432 1465 72 25 eines
2511 1464 110 27 möchte

1739 1488 43 21 ich
1799 1488 58 23 hier
1875 1488 131 29 betonen:
2026 1492 42 27 die
2088 1494 185 37 Auflehnung
2291 1508 87 24 gegen
2397 1499 43 27 die
2458 1500 164 28 Pedanterie

1738 1556 6 8 <
1750 1530 3 40 ,
1758 1530 13 15 e
1773 1530 11 37 f
1814 1531 37 33 fL
1853 1533 17 15 u
1874 1537 5 13 *
1882 1534 44 18 me
1927 1531 62 23 *ster
2008 1530 56 26 und
2084 1541 86 24 gegen
2187 1533 49 27 das
2249 1537 138 33 eintönige
2405 1536 58 28 und
2482 1537 123 28 schwäch-

1738 1592 45 18 w-
1799 1594 8 14 t
1819 1595 16 15 v
1853 1570 13 37 f
1869 1570 10 16 S
1874 1597 8 13 f
1882 1571 32 17 en
1915 1570 2 40 ,
2036 1573 64 21 unst
2111 1579 19 16 n
2132 1570 66 27 ahm
2211 1576 191 30 naturgemäss
2410 1584 57 17 von
2476 1574 47 28 der
2530 1575 90 27 realen

1743 1599 27 20 W
1777 1599 153 27 irklichkeit
1943 1600 76 29 ihren
2025 1604 144 36 Ausgang*
2182 1607 82 29 Diese
2276 1609 109 29 letztere
2398 1611 80 27 stand
2490 1612 44 27 für
2542 1612 78 32 jeden

1758 1640 16 16 a
1803 1642 72 24 wegs
1885 1636 137 30 sehenden
2031 1642 57 26 und
2095 1643 151 29 fühlenden
2252 1646 155 28 Menschen
2417 1648 71 27 doch
2495 1651 28 24 in
2531 1652 90 24 einem

1738 1677 47 22 gar
1797 1678 33 18 zu
1844 1674 174 28 schreienden
2026 1677 212 37 Widerspruche
2249 1693 34 18 zu
2297 1684 46 27 der
2356 1695 56 16 von
2426 1685 53 27 den
2489 1685 132 28 Schatten

1756 1715 27 15 er
1825 1712 194 32 ergangenheit
2031 1717 207 29 umschwebten
2256 1721 57 27 und
2326 1721 85 28 selber
2424 1723 182 32 gespenstisch-

1764 1752 119 19 ueeren
1891 1746 101 31 Kunst*
2005 1750 52 29 Die
2059 1752 195 32 Wirklichkeit
2262 1758 77 27 sollte
2352 1758 73 27 auch
2437 1761 28 24 in
2475 1759 46 26 der
2528 1760 93 27 Kunst

1736 1787 33 17 ZU
1788 1789 17 44 1
2017 1788 144 36 kommen,
2182 1793 49 28 das
2251 1805 103 17 warme
2373 1795 65 27 Blut
2456 1796 47 26 des
2515 1796 106 27 Lebens

1737 1824 50 18 auc
1820 1828 28 16 m
1861 1822 46 24 der
1919 1822 93 29 Kunst
2025 1827 144 34 pulsieren,
2186 1830 44 28 die
2243 1831 117 28 Stimme
2374 1832 46 27 der
2433 1833 61 26 Zeit
2506 1833 58 27 und
2577 1833 42 27 die

1757 1863 62 21 prac
1843 1866 13 16 e
1873 1868 109 19 unseres
1990 1862 106 29 Volkes
2112 1867 73 27 auch
2202 1878 50 17 aus
2265 1868 135 28 Gebilden
2418 1869 46 27 der
2476 1870 94 27 Kunst
2586 1880 34 18 zu

1736 1899 51 17 uns
1799 1896 91 24 reden*
1911 1896 36 27 So
1964 1901 127 27 entstand
2105 1903 45 27 der
2163 1904 158 29 Realismus
2335 1906 57 27 und
2405 1906 46 27 der
2464 1906 141 29 Naturalis-

1734 1936 22 43 f
1778 1936 22 43 1
1822 1936 44 43 r?
1869 1941 13 16 c
1899 1968 9 11 ,
2131 1951 57 17 war
2206 1942 43 28 die
2262 1943 94 27 Kunst
2368 1943 101 28 wieder
2486 1955 37 16 an
2539 1947 80 26 einen

1747 1973 14 16 o
1795 1975 32 16 en
1860 1969 71 27 unkt
1937 1972 119 35 gelangt*
2064 1975 52 28 Die
2125 1977 87 29 blosse
2217 1979 215 36 Nachahmung
2438 1981 46 28 der
2492 1986 127 24 äusseren

1768 2011 15 16 a
1796 2013 39 20 ur,
1857 2007 45 24 der
1924 2017 190 25 sogenannten
2134 2014 196 30 Wirklichkeit
2350 2028 57 17 war
2433 2021 28 24 in
2487 2020 132 27 mancher

1764 2048 64 18 msic
1851 2045 9 22 t
1877 2053 47 16 um
1941 2047 87 28 nichts
2041 2048 88 29 besser
2147 2052 39 27 als
2198 2053 43 27 die
2254 2054 213 36 Nachahmung
2480 2057 57 27 und
2550 2058 52 27 Ver-

1733 2083 54 17 wer
1801 2086 56 24 ung
1866 2089 16 15 a
1892 2084 48 28 ter,
1949 2083 231 33 überkommener
2189 2090 119 29 Formen
2321 2092 58 27 und
2388 2093 138 28 Formeln*
2535 2094 84 27 Auch

1733 2117 71 51 %Ta
1816 2124 97 40 T
1950 2129 27 18 4“
1998 2127 129 28 getreuen
2140 2126 271 36 photographischen
2424 2130 193 32 Aufnahmen,

1807 2160 27 16 er
1846 2155 206 31 Naturalismus
2065 2161 180 35 producierte,
2262 2166 127 28 konnten
2407 2170 81 25 einen
2506 2179 97 23 gespen-

1732 2191 81 21 stisch
1825 2191 162 30 anmuthen*
2008 2194 58 28 Das
2085 2196 160 33 historische
2259 2202 74 28 Ideal
2352 2204 47 27 der
2415 2205 129 27 früheren
2558 2205 61 28 Zeit

1732 2231 57 17 war
1801 2234 56 17 von
1874 2236 89 20 einem
1976 2234 280 31 wissenschaftlichen
2277 2240 124 34 abgelöst
2412 2242 123 32 worden,
2554 2243 64 27 aber

1732 2268 51 17 noc
1821 2271 98 20 immer
1935 2267 75 28 nicht
2022 2279 56 17 von
2098 2274 90 26 einem
2208 2278 58 24 rein
2286 2277 228 30 künstlerischen*
2534 2280 83 27 Denn

1732 2300 153 30 abgeseben
1899 2301 101 34 dayoti,
2018 2305 61 28 dass
2095 2309 28 25 in
2136 2309 47 28 der
2196 2310 94 31 Kunst
2302 2315 47 27 der
2362 2315 72 28 Stoff
2451 2317 81 27 allein
2545 2318 72 26 noch

1808 2345 11 15 s
1838 2343 60 27 sagt
1914 2340 56 26 und
1984 2341 42 28 die
2040 2343 145 34 allgemein
2198 2348 109 30 übliche
2317 2352 51 27 Art
2382 2353 47 27 der
2440 2354 178 34 Darstellung

582 1992 82 18 Studie

583 2015 56 18 Vict.
655 2015 103 19 Krämer.

2544 267 89 34 VER
2655 268 197 34 SACRUM.
