<?xml version="1.0" encoding="UTF-8"?>
<alto xmlns:xsi="http://www.w3.org/2001/XMLSchema-instance" xmlns="http://www.loc.gov/standards/alto/ns-v2#" xsi:schemaLocation="http://www.loc.gov/standards/alto/ns-v2# http://www.loc.gov/standards/alto/v2/alto-2-0.xsd" xmlns:xlink="http://www.w3.org/1999/xlink">
	<Description>
		<MeasurementUnit>mm10</MeasurementUnit>
		<sourceImageInformation>
			<fileName>//lib-docworks1/IN/PUL-BlueMountain-RQA/periodicals/bmtnabf/issues/1898/10_01/00000022.jp2</fileName>
		</sourceImageInformation>
		<OCRProcessing ID="OCRPROCESSING_1">
			<preProcessingStep>
				<processingSoftware>
					<softwareCreator>CCS Content Conversion Specialists GmbH, Germany</softwareCreator>
					<softwareName>CCS docWorks</softwareName>
					<softwareVersion>6.8-1.27</softwareVersion>
				</processingSoftware>
			</preProcessingStep>
			<ocrProcessingStep>
				<processingSoftware>
					<softwareCreator>ABBYY (BIT Software), Russia</softwareCreator>
					<softwareName>FineReader</softwareName>
					<softwareVersion>11.0</softwareVersion>
				</processingSoftware>
			</ocrProcessingStep>
			<postProcessingStep>
				<processingSoftware>
					<softwareCreator>CCS Content Conversion Specialists GmbH, Germany</softwareCreator>
					<softwareName>CCS docWorks</softwareName>
					<softwareVersion>6.8-1.27</softwareVersion>
					<applicationDescription>docWorks: Text modified manually, or automatically replaced</applicationDescription>
				</processingSoftware>
			</postProcessingStep>
		</OCRProcessing>
	</Description>
	<Styles>
		<TextStyle ID="TXT_0" FONTSIZE="26" FONTFAMILY="Times New Roman"/>
		<TextStyle ID="TXT_1" FONTSIZE="10" FONTFAMILY="Times New Roman" FONTSTYLE="bold"/>
		<TextStyle ID="TXT_2" FONTSIZE="10" FONTFAMILY="Times New Roman" FONTSTYLE="italics"/>
		<TextStyle ID="TXT_3" FONTSIZE="8" FONTFAMILY="Times New Roman"/>
		<TextStyle ID="TXT_4" FONTSIZE="10" FONTFAMILY="Special#Default Metrics Font" FONTSTYLE="italics"/>
		<TextStyle ID="TXT_5" FONTSIZE="9" FONTFAMILY="Times New Roman" FONTSTYLE="bold"/>
		<TextStyle ID="TXT_6" FONTSIZE="12" FONTFAMILY="Times New Roman" FONTSTYLE="bold"/>
		<TextStyle ID="TXT_7" FONTSIZE="23" FONTFAMILY="Times New Roman"/>
		<ParagraphStyle ID="PAR_RIGHT" ALIGN="Right"/>
		<ParagraphStyle ID="PAR_BLOCK" ALIGN="Block"/>
		<ParagraphStyle ID="PAR_LEFT" ALIGN="Left"/>
	</Styles>
	<Layout>
		<Page ID="P22" PHYSICAL_IMG_NR="22" HEIGHT="3048" WIDTH="2927" PRINTED_IMG_NR="20" PC="0.904">
			<TopMargin ID="P22_TM00001" HPOS="0" VPOS="0" WIDTH="2927" HEIGHT="240"/>
			<LeftMargin ID="P22_LM00001" HPOS="0" VPOS="240" WIDTH="101" HEIGHT="2674"/>
			<RightMargin ID="P22_RM00001" HPOS="2927" VPOS="240" WIDTH="0" HEIGHT="2674"/>
			<BottomMargin ID="P22_BM00001" HPOS="0" VPOS="2914" WIDTH="2927" HEIGHT="134">
				<TextBlock ID="P22_TB00001" HPOS="1513" VPOS="2916" WIDTH="34" HEIGHT="26" STYLEREFS="TXT_0 PAR_RIGHT">
					<TextLine ID="P22_TL00001" HPOS="1513" VPOS="2916" WIDTH="34" HEIGHT="26">
						<String ID="P22_ST00001" HPOS="1513" VPOS="2916" WIDTH="34" HEIGHT="26" CONTENT="20" WC="1.00" CC="00"/>
					</TextLine>
				</TextBlock>
			</BottomMargin>
			<PrintSpace ID="P22_PS00001" HPOS="101" VPOS="240" WIDTH="2826" HEIGHT="2674">
				<TextBlock ID="P22_TB00002" HPOS="770" VPOS="360" WIDTH="910" HEIGHT="1716" STYLEREFS="TXT_1 PAR_BLOCK">
					<TextLine ID="P22_TL00002" HPOS="791" VPOS="361" WIDTH="889" HEIGHT="43">
						<String ID="P22_ST00002" HPOS="791" VPOS="361" WIDTH="162" HEIGHT="27" CONTENT="classischen" WC="0.69" CC="27521503060"/>
						<SP ID="P22_SP00001" HPOS="953" VPOS="388" WIDTH="15"/>
						<String ID="P22_ST00003" HPOS="968" VPOS="361" WIDTH="107" HEIGHT="28" CONTENT="Muster" WC="1.00" CC="040000"/>
						<SP ID="P22_SP00002" HPOS="1075" VPOS="389" WIDTH="13"/>
						<String ID="P22_ST00004" HPOS="1088" VPOS="365" WIDTH="265" HEIGHT="33" CONTENT="entgegenleuchtet," WC="1.00" CC="64005030667000603"/>
						<SP ID="P22_SP00003" HPOS="1353" VPOS="398" WIDTH="14"/>
						<String ID="P22_ST00005" HPOS="1367" VPOS="378" WIDTH="68" HEIGHT="22" CONTENT="nun," WC="0.96" CC="5704"/>
						<SP ID="P22_SP00004" HPOS="1435" VPOS="400" WIDTH="14"/>
						<String ID="P22_ST00006" HPOS="1449" VPOS="378" WIDTH="29" HEIGHT="18" CONTENT="so" WC="0.96" CC="00"/>
						<SP ID="P22_SP00005" HPOS="1478" VPOS="400" WIDTH="13"/>
						<String ID="P22_ST00007" HPOS="1491" VPOS="369" WIDTH="73" HEIGHT="35" CONTENT="folge" WC="0.98" CC="01604"/>
						<SP ID="P22_SP00006" HPOS="1564" VPOS="404" WIDTH="13"/>
						<String ID="P22_ST00008" HPOS="1577" VPOS="382" WIDTH="28" HEIGHT="16" CONTENT="er" WC="0.34" CC="66"/>
						<SP ID="P22_SP00007" HPOS="1605" VPOS="404" WIDTH="12"/>
						<String ID="P22_ST00009" HPOS="1617" VPOS="372" WIDTH="63" HEIGHT="28" CONTENT="dem" WC="0.98" CC="005"/>
					</TextLine>
					<TextLine ID="P22_TL00003" HPOS="790" VPOS="397" WIDTH="890" HEIGHT="41">
						<String ID="P22_ST00010" HPOS="790" VPOS="397" WIDTH="113" HEIGHT="35" CONTENT="Drange" WC="0.99" CC="300205"/>
						<SP ID="P22_SP00008" HPOS="903" VPOS="432" WIDTH="13"/>
						<String ID="P22_ST00011" HPOS="916" VPOS="401" WIDTH="87" HEIGHT="25" CONTENT="seines" WC="0.98" CC="006530"/>
						<SP ID="P22_SP00009" HPOS="1003" VPOS="432" WIDTH="13"/>
						<String ID="P22_ST00012" HPOS="1016" VPOS="400" WIDTH="124" HEIGHT="28" CONTENT="Herzens" WC="0.98" CC="1607633"/>
						<SP ID="P22_SP00010" HPOS="1140" VPOS="432" WIDTH="17"/>
						<String ID="P22_ST00013" HPOS="1157" VPOS="402" WIDTH="57" HEIGHT="27" CONTENT="und" WC="0.98" CC="600"/>
						<SP ID="P22_SP00011" HPOS="1214" VPOS="432" WIDTH="16"/>
						<String ID="P22_ST00014" HPOS="1230" VPOS="405" WIDTH="39" HEIGHT="25" CONTENT="sei" WC="0.94" CC="367"/>
						<SP ID="P22_SP00012" HPOS="1269" VPOS="432" WIDTH="12"/>
						<String ID="P22_ST00015" HPOS="1281" VPOS="404" WIDTH="175" HEIGHT="31" CONTENT="„classisch“." WC="0.83" CC="225003001003"/>
						<SP ID="P22_SP00013" HPOS="1456" VPOS="435" WIDTH="21"/>
						<String ID="P22_ST00016" HPOS="1477" VPOS="407" WIDTH="75" HEIGHT="27" CONTENT="Aber" WC="0.97" CC="0707"/>
						<SP ID="P22_SP00014" HPOS="1552" VPOS="435" WIDTH="13"/>
						<String ID="P22_ST00017" HPOS="1565" VPOS="411" WIDTH="115" HEIGHT="27" CONTENT="niemals" WC="0.99" CC="0730050"/>
					</TextLine>
					<TextLine ID="P22_TL00004" HPOS="790" VPOS="433" WIDTH="890" HEIGHT="49">
						<String ID="P22_ST00018" HPOS="790" VPOS="433" WIDTH="61" HEIGHT="27" CONTENT="darf" WC="0.98" CC="0470"/>
						<SP ID="P22_SP00015" HPOS="851" VPOS="460" WIDTH="7"/>
						<String ID="P22_ST00019" HPOS="858" VPOS="434" WIDTH="45" HEIGHT="28" CONTENT="der" WC="0.96" CC="009"/>
						<SP ID="P22_SP00016" HPOS="903" VPOS="462" WIDTH="6"/>
						<String ID="P22_ST00020" HPOS="909" VPOS="438" WIDTH="94" HEIGHT="25" CONTENT="innere" WC="0.98" CC="700604"/>
						<SP ID="P22_SP00017" HPOS="1003" VPOS="463" WIDTH="5"/>
						<String ID="P22_ST00021" HPOS="1008" VPOS="436" WIDTH="97" HEIGHT="35" CONTENT="Drang" WC="0.99" CC="50000"/>
						<SP ID="P22_SP00018" HPOS="1105" VPOS="471" WIDTH="8"/>
						<String ID="P22_ST00022" HPOS="1113" VPOS="438" WIDTH="141" HEIGHT="33" CONTENT="gehemmt" WC="0.99" CC="0170100"/>
						<SP ID="P22_SP00019" HPOS="1254" VPOS="471" WIDTH="7"/>
						<String ID="P22_ST00023" HPOS="1261" VPOS="441" WIDTH="57" HEIGHT="27" CONTENT="und" WC="0.97" CC="700"/>
						<SP ID="P22_SP00020" HPOS="1318" VPOS="471" WIDTH="9"/>
						<String ID="P22_ST00024" HPOS="1327" VPOS="441" WIDTH="43" HEIGHT="28" CONTENT="die" WC="0.96" CC="073"/>
						<SP ID="P22_SP00021" HPOS="1370" VPOS="471" WIDTH="6"/>
						<String ID="P22_ST00025" HPOS="1376" VPOS="444" WIDTH="96" HEIGHT="33" CONTENT="eigene" WC="0.98" CC="360645"/>
						<SP ID="P22_SP00022" HPOS="1472" VPOS="477" WIDTH="5"/>
						<String ID="P22_ST00026" HPOS="1477" VPOS="438" WIDTH="203" HEIGHT="44" CONTENT="Überzeugung" WC="0.99" CC="07670560700"/>
					</TextLine>
					<TextLine ID="P22_TL00005" HPOS="790" VPOS="471" WIDTH="889" HEIGHT="40">
						<String ID="P22_ST00027" HPOS="790" VPOS="471" WIDTH="154" HEIGHT="34" CONTENT="gebrochen" WC="0.99" CC="060704710"/>
						<SP ID="P22_SP00023" HPOS="944" VPOS="505" WIDTH="14"/>
						<String ID="P22_ST00028" HPOS="958" VPOS="473" WIDTH="118" HEIGHT="28" CONTENT="werden." WC="0.99" CC="0500404"/>
						<SP ID="P22_SP00024" HPOS="1076" VPOS="505" WIDTH="14"/>
						<String ID="P22_ST00029" HPOS="1090" VPOS="475" WIDTH="70" HEIGHT="28" CONTENT="Eine" WC="0.98" CC="0700"/>
						<SP ID="P22_SP00025" HPOS="1160" VPOS="505" WIDTH="13"/>
						<String ID="P22_ST00030" HPOS="1173" VPOS="476" WIDTH="59" HEIGHT="33" CONTENT="jede" WC="0.98" CC="0405"/>
						<SP ID="P22_SP00026" HPOS="1232" VPOS="509" WIDTH="12"/>
						<String ID="P22_ST00031" HPOS="1244" VPOS="477" WIDTH="53" HEIGHT="28" CONTENT="Art" WC="1.00" CC="000"/>
						<SP ID="P22_SP00027" HPOS="1297" VPOS="509" WIDTH="12"/>
						<String ID="P22_ST00032" HPOS="1309" VPOS="480" WIDTH="34" HEIGHT="25" CONTENT="ist" WC="1.00" CC="000"/>
						<SP ID="P22_SP00028" HPOS="1343" VPOS="509" WIDTH="12"/>
						<String ID="P22_ST00033" HPOS="1355" VPOS="479" WIDTH="114" HEIGHT="32" CONTENT="erlaubt," WC="0.99" CC="50007704"/>
						<SP ID="P22_SP00029" HPOS="1469" VPOS="511" WIDTH="14"/>
						<String ID="P22_ST00034" HPOS="1483" VPOS="481" WIDTH="43" HEIGHT="28" CONTENT="die" WC="0.98" CC="005"/>
						<SP ID="P22_SP00030" HPOS="1526" VPOS="511" WIDTH="12"/>
						<String ID="P22_ST00035" HPOS="1538" VPOS="482" WIDTH="141" HEIGHT="29" CONTENT="technisch" WC="0.99" CC="001707307"/>
					</TextLine>
					<TextLine ID="P22_TL00006" HPOS="790" VPOS="509" WIDTH="888" HEIGHT="40">
						<String ID="P22_ST00036" HPOS="790" VPOS="509" WIDTH="120" HEIGHT="34" CONTENT="möglich" WC="0.99" CC="0002710"/>
						<SP ID="P22_SP00031" HPOS="910" VPOS="543" WIDTH="13"/>
						<String ID="P22_ST00037" HPOS="923" VPOS="510" WIDTH="58" HEIGHT="28" CONTENT="und" WC="0.97" CC="700"/>
						<SP ID="P22_SP00032" HPOS="981" VPOS="543" WIDTH="13"/>
						<String ID="P22_ST00038" HPOS="994" VPOS="510" WIDTH="86" HEIGHT="28" CONTENT="durch" WC="0.98" CC="07900"/>
						<SP ID="P22_SP00033" HPOS="1080" VPOS="543" WIDTH="14"/>
						<String ID="P22_ST00039" HPOS="1094" VPOS="511" WIDTH="43" HEIGHT="28" CONTENT="die" WC="0.95" CC="074"/>
						<SP ID="P22_SP00034" HPOS="1137" VPOS="543" WIDTH="13"/>
						<String ID="P22_ST00040" HPOS="1150" VPOS="512" WIDTH="207" HEIGHT="31" CONTENT="Individualität" WC="1.00" CC="20060606630000"/>
						<SP ID="P22_SP00035" HPOS="1357" VPOS="543" WIDTH="13"/>
						<String ID="P22_ST00041" HPOS="1370" VPOS="516" WIDTH="47" HEIGHT="28" CONTENT="des" WC="1.00" CC="000"/>
						<SP ID="P22_SP00036" HPOS="1417" VPOS="544" WIDTH="12"/>
						<String ID="P22_ST00042" HPOS="1429" VPOS="517" WIDTH="146" HEIGHT="30" CONTENT="Künstlers" WC="1.00" CC="000001502"/>
						<SP ID="P22_SP00037" HPOS="1575" VPOS="547" WIDTH="13"/>
						<String ID="P22_ST00043" HPOS="1588" VPOS="532" WIDTH="72" HEIGHT="17" CONTENT="mora" SUBS_TYPE="HypPart1" SUBS_CONTENT="moralisch" WC="1.00" CC="0000"/>
						<HYP HPOS="1660" VPOS="532" WIDTH="18" CONTENT="-"/>
					</TextLine>
					<TextLine ID="P22_TL00007" HPOS="789" VPOS="545" WIDTH="889" HEIGHT="48">
						<String ID="P22_ST00044" HPOS="789" VPOS="545" WIDTH="67" HEIGHT="27" CONTENT="lisch" SUBS_TYPE="HypPart2" SUBS_CONTENT="moralisch" WC="0.98" CC="60630"/>
						<SP ID="P22_SP00038" HPOS="856" VPOS="572" WIDTH="12"/>
						<String ID="P22_ST00045" HPOS="868" VPOS="547" WIDTH="117" HEIGHT="34" CONTENT="geboten" WC="0.99" CC="0370040"/>
						<SP ID="P22_SP00039" HPOS="985" VPOS="581" WIDTH="12"/>
						<String ID="P22_ST00046" HPOS="997" VPOS="550" WIDTH="46" HEIGHT="29" CONTENT="ist;" WC="0.96" CC="6507"/>
						<SP ID="P22_SP00040" HPOS="1043" VPOS="581" WIDTH="14"/>
						<String ID="P22_ST00047" HPOS="1057" VPOS="549" WIDTH="56" HEIGHT="27" CONTENT="und" WC="0.97" CC="600"/>
						<SP ID="P22_SP00041" HPOS="1113" VPOS="581" WIDTH="14"/>
						<String ID="P22_ST00048" HPOS="1127" VPOS="549" WIDTH="59" HEIGHT="33" CONTENT="jede" WC="0.99" CC="0400"/>
						<SP ID="P22_SP00042" HPOS="1186" VPOS="582" WIDTH="13"/>
						<String ID="P22_ST00049" HPOS="1199" VPOS="552" WIDTH="154" HEIGHT="33" CONTENT="unerlaubt," WC="0.99" CC="6030506004"/>
						<SP ID="P22_SP00043" HPOS="1353" VPOS="585" WIDTH="14"/>
						<String ID="P22_ST00050" HPOS="1367" VPOS="554" WIDTH="44" HEIGHT="28" CONTENT="die" WC="0.96" CC="074"/>
						<SP ID="P22_SP00044" HPOS="1411" VPOS="585" WIDTH="11"/>
						<String ID="P22_ST00051" HPOS="1422" VPOS="554" WIDTH="72" HEIGHT="28" CONTENT="bloss" WC="1.00" CC="04000"/>
						<SP ID="P22_SP00045" HPOS="1494" VPOS="585" WIDTH="14"/>
						<String ID="P22_ST00052" HPOS="1508" VPOS="556" WIDTH="112" HEIGHT="34" CONTENT="gelehrt," WC="0.98" CC="03567704"/>
						<SP ID="P22_SP00046" HPOS="1620" VPOS="590" WIDTH="13"/>
						<String ID="P22_ST00053" HPOS="1633" VPOS="569" WIDTH="30" HEIGHT="24" CONTENT="ge" SUBS_TYPE="HypPart1" SUBS_CONTENT="gelernt," WC="0.97" CC="05"/>
						<HYP HPOS="1663" VPOS="569" WIDTH="15" CONTENT="-"/>
					</TextLine>
					<TextLine ID="P22_TL00008" HPOS="788" VPOS="582" WIDTH="891" HEIGHT="41">
						<String ID="P22_ST00054" HPOS="788" VPOS="582" WIDTH="80" HEIGHT="33" CONTENT="lernt," SUBS_TYPE="HypPart2" SUBS_CONTENT="gelernt," WC="0.98" CC="450504"/>
						<SP ID="P22_SP00047" HPOS="868" VPOS="615" WIDTH="21"/>
						<String ID="P22_ST00055" HPOS="889" VPOS="585" WIDTH="219" HEIGHT="34" CONTENT="anempfunden," WC="1.00" CC="230000600303"/>
						<SP ID="P22_SP00048" HPOS="1108" VPOS="619" WIDTH="20"/>
						<String ID="P22_ST00056" HPOS="1128" VPOS="587" WIDTH="196" HEIGHT="35" CONTENT="nachgeahmt," WC="1.00" CC="00000500204"/>
						<SP ID="P22_SP00049" HPOS="1324" VPOS="622" WIDTH="26"/>
						<String ID="P22_ST00057" HPOS="1350" VPOS="591" WIDTH="179" HEIGHT="29" CONTENT="akademisch" WC="1.00" CC="0000500000"/>
						<SP ID="P22_SP00050" HPOS="1529" VPOS="622" WIDTH="24"/>
						<String ID="P22_ST00058" HPOS="1553" VPOS="596" WIDTH="41" HEIGHT="25" CONTENT="ist." WC="0.99" CC="0003"/>
						<SP ID="P22_SP00051" HPOS="1594" VPOS="622" WIDTH="25"/>
						<String ID="P22_ST00059" HPOS="1619" VPOS="596" WIDTH="60" HEIGHT="27" CONTENT="Auf" WC="0.97" CC="070"/>
					</TextLine>
					<TextLine ID="P22_TL00009" HPOS="789" VPOS="620" WIDTH="887" HEIGHT="40">
						<String ID="P22_ST00060" HPOS="789" VPOS="620" WIDTH="102" HEIGHT="28" CONTENT="diesem" WC="0.98" CC="072070"/>
						<SP ID="P22_SP00052" HPOS="891" VPOS="648" WIDTH="12"/>
						<String ID="P22_ST00061" HPOS="903" VPOS="621" WIDTH="89" HEIGHT="35" CONTENT="Wege" WC="0.99" CC="0600"/>
						<SP ID="P22_SP00053" HPOS="992" VPOS="656" WIDTH="21"/>
						<String ID="P22_ST00062" HPOS="1013" VPOS="623" WIDTH="135" HEIGHT="34" CONTENT="gelangen" WC="0.99" CC="00402950"/>
						<SP ID="P22_SP00054" HPOS="1148" VPOS="657" WIDTH="19"/>
						<String ID="P22_ST00063" HPOS="1167" VPOS="627" WIDTH="49" HEIGHT="25" CONTENT="wir" WC="0.95" CC="057"/>
						<SP ID="P22_SP00055" HPOS="1216" VPOS="657" WIDTH="16"/>
						<String ID="P22_ST00064" HPOS="1232" VPOS="637" WIDTH="57" HEIGHT="17" CONTENT="von" WC="1.00" CC="000"/>
						<SP ID="P22_SP00056" HPOS="1289" VPOS="657" WIDTH="20"/>
						<String ID="P22_ST00065" HPOS="1309" VPOS="627" WIDTH="46" HEIGHT="27" CONTENT="der" WC="0.96" CC="036"/>
						<SP ID="P22_SP00057" HPOS="1355" VPOS="657" WIDTH="12"/>
						<String ID="P22_ST00066" HPOS="1367" VPOS="628" WIDTH="147" HEIGHT="29" CONTENT="Wahrheit" WC="0.99" CC="00000560"/>
						<SP ID="P22_SP00058" HPOS="1514" VPOS="657" WIDTH="20"/>
						<String ID="P22_ST00067" HPOS="1534" VPOS="632" WIDTH="73" HEIGHT="27" CONTENT="auch" WC="0.98" CC="0710"/>
						<SP ID="P22_SP00059" HPOS="1607" VPOS="659" WIDTH="20"/>
						<String ID="P22_ST00068" HPOS="1627" VPOS="643" WIDTH="33" HEIGHT="17" CONTENT="un" SUBS_TYPE="HypPart1" SUBS_CONTENT="unmittelbar" WC="0.97" CC="70"/>
						<HYP HPOS="1660" VPOS="643" WIDTH="16" CONTENT="-"/>
					</TextLine>
					<TextLine ID="P22_TL00010" HPOS="788" VPOS="655" WIDTH="888" HEIGHT="49">
						<String ID="P22_ST00069" HPOS="788" VPOS="658" WIDTH="137" HEIGHT="27" CONTENT="mittelbar" SUBS_TYPE="HypPart2" SUBS_CONTENT="unmittelbar" WC="0.99" CC="000046700"/>
						<SP ID="P22_SP00060" HPOS="925" VPOS="685" WIDTH="12"/>
						<String ID="P22_ST00070" HPOS="937" VPOS="668" WIDTH="49" HEIGHT="19" CONTENT="zur" WC="0.97" CC="070"/>
						<SP ID="P22_SP00061" HPOS="986" VPOS="687" WIDTH="12"/>
						<String ID="P22_ST00071" HPOS="998" VPOS="655" WIDTH="246" HEIGHT="36" CONTENT="SCHÖNHEIT." WC="0.99" CC="0300000373"/>
						<SP ID="P22_SP00062" HPOS="1244" VPOS="691" WIDTH="21"/>
						<String ID="P22_ST00072" HPOS="1265" VPOS="664" WIDTH="83" HEIGHT="28" CONTENT="Denn" WC="0.98" CC="0460"/>
						<SP ID="P22_SP00063" HPOS="1348" VPOS="692" WIDTH="21"/>
						<String ID="P22_ST00073" HPOS="1369" VPOS="676" WIDTH="28" HEIGHT="16" CONTENT="es" WC="0.76" CC="40"/>
						<SP ID="P22_SP00064" HPOS="1397" VPOS="692" WIDTH="20"/>
						<String ID="P22_ST00074" HPOS="1417" VPOS="668" WIDTH="33" HEIGHT="25" CONTENT="ist" WC="0.99" CC="030"/>
						<SP ID="P22_SP00065" HPOS="1450" VPOS="693" WIDTH="16"/>
						<String ID="P22_ST00075" HPOS="1466" VPOS="669" WIDTH="27" HEIGHT="30" CONTENT="ja" WC="0.68" CC="32"/>
						<SP ID="P22_SP00066" HPOS="1493" VPOS="699" WIDTH="16"/>
						<String ID="P22_ST00076" HPOS="1509" VPOS="667" WIDTH="46" HEIGHT="28" CONTENT="der" WC="0.98" CC="050"/>
						<SP ID="P22_SP00067" HPOS="1555" VPOS="699" WIDTH="17"/>
						<String ID="P22_ST00077" HPOS="1572" VPOS="671" WIDTH="104" HEIGHT="33" CONTENT="einzige" WC="0.99" CC="6700600"/>
					</TextLine>
					<TextLine ID="P22_TL00011" HPOS="887" VPOS="696" WIDTH="789" HEIGHT="38">
						<String ID="P22_ST00078" HPOS="887" VPOS="696" WIDTH="49" HEIGHT="26" CONTENT="auf" WC="0.96" CC="055"/>
						<SP ID="P22_SP00068" HPOS="936" VPOS="722" WIDTH="17"/>
						<String ID="P22_ST00079" HPOS="953" VPOS="696" WIDTH="63" HEIGHT="28" CONTENT="dem" WC="0.97" CC="060"/>
						<SP ID="P22_SP00069" HPOS="1016" VPOS="724" WIDTH="14"/>
						<String ID="P22_ST00080" HPOS="1030" VPOS="697" WIDTH="42" HEIGHT="28" CONTENT="die" WC="0.97" CC="007"/>
						<SP ID="P22_SP00070" HPOS="1072" VPOS="725" WIDTH="14"/>
						<String ID="P22_ST00081" HPOS="1086" VPOS="698" WIDTH="152" HEIGHT="29" CONTENT="Schönheit" WC="0.99" CC="007057670"/>
						<SP ID="P22_SP00071" HPOS="1238" VPOS="727" WIDTH="18"/>
						<String ID="P22_ST00082" HPOS="1256" VPOS="702" WIDTH="95" HEIGHT="31" CONTENT="jemals" WC="0.99" CC="100060"/>
						<SP ID="P22_SP00072" HPOS="1351" VPOS="733" WIDTH="13"/>
						<String ID="P22_ST00083" HPOS="1364" VPOS="703" WIDTH="114" HEIGHT="28" CONTENT="erreicht" WC="0.99" CC="70077400"/>
						<SP ID="P22_SP00073" HPOS="1478" VPOS="733" WIDTH="11"/>
						<String ID="P22_ST00084" HPOS="1489" VPOS="705" WIDTH="105" HEIGHT="28" CONTENT="wurde." WC="0.98" CC="070064"/>
						<SP ID="P22_SP00074" HPOS="1594" VPOS="733" WIDTH="21"/>
						<String ID="P22_ST00085" HPOS="1615" VPOS="706" WIDTH="61" HEIGHT="28" CONTENT="Aus" WC="0.95" CC="074"/>
					</TextLine>
					<TextLine ID="P22_TL00012" HPOS="787" VPOS="731" WIDTH="887" HEIGHT="42">
						<String ID="P22_ST00086" HPOS="787" VPOS="731" WIDTH="111" HEIGHT="28" CONTENT="keinem" WC="0.99" CC="060030"/>
						<SP ID="P22_SP00075" HPOS="898" VPOS="759" WIDTH="14"/>
						<String ID="P22_ST00087" HPOS="912" VPOS="733" WIDTH="121" HEIGHT="28" CONTENT="anderen" WC="0.99" CC="0606040"/>
						<SP ID="P22_SP00076" HPOS="1033" VPOS="761" WIDTH="10"/>
						<String ID="P22_ST00088" HPOS="1043" VPOS="734" WIDTH="115" HEIGHT="30" CONTENT="Grunde" WC="0.98" CC="377003"/>
						<SP ID="P22_SP00077" HPOS="1158" VPOS="764" WIDTH="13"/>
						<String ID="P22_ST00089" HPOS="1171" VPOS="737" WIDTH="61" HEIGHT="27" CONTENT="sind" WC="0.99" CC="5000"/>
						<SP ID="P22_SP00078" HPOS="1232" VPOS="764" WIDTH="13"/>
						<String ID="P22_ST00090" HPOS="1245" VPOS="737" WIDTH="43" HEIGHT="28" CONTENT="die" WC="0.95" CC="076"/>
						<SP ID="P22_SP00079" HPOS="1288" VPOS="765" WIDTH="13"/>
						<String ID="P22_ST00091" HPOS="1301" VPOS="749" WIDTH="110" HEIGHT="24" CONTENT="grossen" WC="0.99" CC="0600650"/>
						<SP ID="P22_SP00080" HPOS="1411" VPOS="773" WIDTH="13"/>
						<String ID="P22_ST00092" HPOS="1424" VPOS="741" WIDTH="114" HEIGHT="28" CONTENT="Meister" WC="0.99" CC="0202060"/>
						<SP ID="P22_SP00081" HPOS="1538" VPOS="773" WIDTH="13"/>
						<String ID="P22_ST00093" HPOS="1551" VPOS="742" WIDTH="46" HEIGHT="28" CONTENT="der" WC="0.97" CC="017"/>
						<SP ID="P22_SP00082" HPOS="1597" VPOS="773" WIDTH="8"/>
						<String ID="P22_ST00094" HPOS="1605" VPOS="744" WIDTH="52" HEIGHT="27" CONTENT="Ver" SUBS_TYPE="HypPart1" SUBS_CONTENT="Vergangenheit" WC="0.74" CC="460"/>
						<HYP HPOS="1657" VPOS="744" WIDTH="17" CONTENT="-"/>
					</TextLine>
					<TextLine ID="P22_TL00013" HPOS="787" VPOS="770" WIDTH="887" HEIGHT="41">
						<String ID="P22_ST00095" HPOS="787" VPOS="770" WIDTH="168" HEIGHT="33" CONTENT="gangenheit" SUBS_TYPE="HypPart2" SUBS_CONTENT="Vergangenheit" WC="0.68" CC="0060560760"/>
						<SP ID="P22_SP00083" HPOS="955" VPOS="803" WIDTH="18"/>
						<String ID="P22_ST00096" HPOS="973" VPOS="772" WIDTH="166" HEIGHT="28" CONTENT="unsterblich" WC="0.99" CC="61006073720"/>
						<SP ID="P22_SP00084" HPOS="1139" VPOS="803" WIDTH="21"/>
						<String ID="P22_ST00097" HPOS="1160" VPOS="774" WIDTH="58" HEIGHT="28" CONTENT="und" WC="0.97" CC="700"/>
						<SP ID="P22_SP00085" HPOS="1218" VPOS="803" WIDTH="17"/>
						<String ID="P22_ST00098" HPOS="1235" VPOS="775" WIDTH="130" HEIGHT="29" CONTENT="berühmt" WC="0.99" CC="7600000"/>
						<SP ID="P22_SP00086" HPOS="1365" VPOS="804" WIDTH="13"/>
						<String ID="P22_ST00099" HPOS="1378" VPOS="778" WIDTH="155" HEIGHT="33" CONTENT="geworden," WC="0.99" CC="050000604"/>
						<SP ID="P22_SP00087" HPOS="1533" VPOS="811" WIDTH="22"/>
						<String ID="P22_ST00100" HPOS="1555" VPOS="781" WIDTH="39" HEIGHT="26" CONTENT="als" WC="0.98" CC="060"/>
						<SP ID="P22_SP00088" HPOS="1594" VPOS="811" WIDTH="19"/>
						<String ID="P22_ST00101" HPOS="1613" VPOS="782" WIDTH="61" HEIGHT="26" CONTENT="weil" WC="0.97" CC="0606"/>
					</TextLine>
					<TextLine ID="P22_TL00014" HPOS="787" VPOS="803" WIDTH="887" HEIGHT="47">
						<String ID="P22_ST00102" HPOS="787" VPOS="808" WIDTH="28" HEIGHT="25" CONTENT="in" WC="0.45" CC="73"/>
						<SP ID="P22_SP00089" HPOS="815" VPOS="833" WIDTH="18"/>
						<String ID="P22_ST00103" HPOS="833" VPOS="803" WIDTH="77" HEIGHT="32" CONTENT="ihren" WC="0.98" CC="70630"/>
						<SP ID="P22_SP00090" HPOS="910" VPOS="835" WIDTH="13"/>
						<String ID="P22_ST00104" HPOS="923" VPOS="808" WIDTH="124" HEIGHT="28" CONTENT="Werken" WC="0.99" CC="060007"/>
						<SP ID="P22_SP00091" HPOS="1047" VPOS="836" WIDTH="21"/>
						<String ID="P22_ST00105" HPOS="1068" VPOS="810" WIDTH="58" HEIGHT="28" CONTENT="ihre" WC="0.95" CC="5096"/>
						<SP ID="P22_SP00092" HPOS="1126" VPOS="838" WIDTH="21"/>
						<String ID="P22_ST00106" HPOS="1147" VPOS="810" WIDTH="77" HEIGHT="29" CONTENT="Seele" WC="0.98" CC="05524"/>
						<SP ID="P22_SP00093" HPOS="1224" VPOS="839" WIDTH="17"/>
						<String ID="P22_ST00107" HPOS="1241" VPOS="821" WIDTH="49" HEIGHT="20" CONTENT="zur" WC="0.97" CC="070"/>
						<SP ID="P22_SP00094" HPOS="1290" VPOS="841" WIDTH="15"/>
						<String ID="P22_ST00108" HPOS="1305" VPOS="813" WIDTH="191" HEIGHT="37" CONTENT="Erscheinung" WC="0.99" CC="00400550700"/>
						<SP ID="P22_SP00095" HPOS="1496" VPOS="850" WIDTH="20"/>
						<String ID="P22_ST00109" HPOS="1516" VPOS="816" WIDTH="78" HEIGHT="29" CONTENT="kam." WC="1.00" CC="0002"/>
						<SP ID="P22_SP00096" HPOS="1594" VPOS="850" WIDTH="23"/>
						<String ID="P22_ST00110" HPOS="1617" VPOS="818" WIDTH="57" HEIGHT="29" CONTENT="Der" WC="0.96" CC="540"/>
					</TextLine>
					<TextLine ID="P22_TL00015" HPOS="787" VPOS="843" WIDTH="886" HEIGHT="40">
						<String ID="P22_ST00111" HPOS="787" VPOS="843" WIDTH="149" HEIGHT="29" CONTENT="Gebrauch" WC="0.99" CC="35700700"/>
						<SP ID="P22_SP00097" HPOS="936" VPOS="872" WIDTH="7"/>
						<String ID="P22_ST00112" HPOS="943" VPOS="845" WIDTH="47" HEIGHT="28" CONTENT="des" WC="0.98" CC="040"/>
						<SP ID="P22_SP00098" HPOS="990" VPOS="873" WIDTH="7"/>
						<String ID="P22_ST00113" HPOS="997" VPOS="846" WIDTH="110" HEIGHT="29" CONTENT="Wortes" WC="0.78" CC="000074"/>
						<SP ID="P22_SP00099" HPOS="1107" VPOS="875" WIDTH="6"/>
						<String ID="P22_ST00114" HPOS="1113" VPOS="848" WIDTH="126" HEIGHT="32" CONTENT="„schön“" WC="1.00" CC="2120000"/>
						<SP ID="P22_SP00100" HPOS="1239" VPOS="880" WIDTH="6"/>
						<String ID="P22_ST00115" HPOS="1245" VPOS="852" WIDTH="34" HEIGHT="25" CONTENT="ist" WC="0.97" CC="700"/>
						<SP ID="P22_SP00101" HPOS="1279" VPOS="880" WIDTH="6"/>
						<String ID="P22_ST00116" HPOS="1285" VPOS="851" WIDTH="143" HEIGHT="28" CONTENT="scheinbar" WC="0.99" CC="000670700"/>
						<SP ID="P22_SP00102" HPOS="1428" VPOS="880" WIDTH="13"/>
						<String ID="P22_ST00117" HPOS="1441" VPOS="854" WIDTH="44" HEIGHT="26" CONTENT="ein" WC="0.96" CC="470"/>
						<SP ID="P22_SP00103" HPOS="1485" VPOS="880" WIDTH="7"/>
						<String ID="P22_ST00118" HPOS="1492" VPOS="853" WIDTH="163" HEIGHT="30" CONTENT="schwanken" SUBS_TYPE="HypPart1" SUBS_CONTENT="schwankender" WC="0.99" CC="307000535"/>
						<HYP HPOS="1655" VPOS="853" WIDTH="18" CONTENT="-"/>
					</TextLine>
					<TextLine ID="P22_TL00016" HPOS="786" VPOS="880" WIDTH="886" HEIGHT="40">
						<String ID="P22_ST00119" HPOS="786" VPOS="880" WIDTH="46" HEIGHT="28" CONTENT="der" SUBS_TYPE="HypPart2" SUBS_CONTENT="schwankender" WC="0.98" CC="050"/>
						<SP ID="P22_SP00104" HPOS="832" VPOS="908" WIDTH="20"/>
						<String ID="P22_ST00120" HPOS="852" VPOS="882" WIDTH="57" HEIGHT="27" CONTENT="und" WC="0.97" CC="700"/>
						<SP ID="P22_SP00105" HPOS="909" VPOS="909" WIDTH="19"/>
						<String ID="P22_ST00121" HPOS="928" VPOS="893" WIDTH="195" HEIGHT="20" CONTENT="verworrener." WC="1.00" CC="037000040503"/>
						<SP ID="P22_SP00106" HPOS="1123" VPOS="913" WIDTH="25"/>
						<String ID="P22_ST00122" HPOS="1148" VPOS="885" WIDTH="94" HEIGHT="28" CONTENT="Schon" WC="0.99" CC="02700"/>
						<SP ID="P22_SP00107" HPOS="1242" VPOS="913" WIDTH="19"/>
						<String ID="P22_ST00123" HPOS="1261" VPOS="886" WIDTH="112" HEIGHT="29" CONTENT="deshalb" WC="0.99" CC="0200067"/>
						<SP ID="P22_SP00108" HPOS="1373" VPOS="915" WIDTH="20"/>
						<String ID="P22_ST00124" HPOS="1393" VPOS="889" WIDTH="76" HEIGHT="28" CONTENT="hätte" WC="0.98" CC="70005"/>
						<SP ID="P22_SP00109" HPOS="1469" VPOS="917" WIDTH="19"/>
						<String ID="P22_ST00125" HPOS="1488" VPOS="901" WIDTH="67" HEIGHT="17" CONTENT="man" WC="0.97" CC="205"/>
						<SP ID="P22_SP00110" HPOS="1555" VPOS="918" WIDTH="19"/>
						<String ID="P22_ST00126" HPOS="1574" VPOS="902" WIDTH="27" HEIGHT="17" CONTENT="es" WC="0.67" CC="60"/>
						<SP ID="P22_SP00111" HPOS="1601" VPOS="919" WIDTH="13"/>
						<String ID="P22_ST00127" HPOS="1614" VPOS="902" WIDTH="44" HEIGHT="18" CONTENT="ver" SUBS_TYPE="HypPart1" SUBS_CONTENT="vermeiden" WC="0.99" CC="030"/>
						<HYP HPOS="1658" VPOS="902" WIDTH="14" CONTENT="-"/>
					</TextLine>
					<TextLine ID="P22_TL00017" HPOS="785" VPOS="919" WIDTH="887" HEIGHT="38">
						<String ID="P22_ST00128" HPOS="785" VPOS="919" WIDTH="109" HEIGHT="27" CONTENT="meiden" SUBS_TYPE="HypPart2" SUBS_CONTENT="vermeiden" WC="1.00" CC="000050"/>
						<SP ID="P22_SP00112" HPOS="894" VPOS="946" WIDTH="13"/>
						<String ID="P22_ST00129" HPOS="907" VPOS="920" WIDTH="95" HEIGHT="32" CONTENT="sollen," WC="0.99" CC="0052024"/>
						<SP ID="P22_SP00113" HPOS="1002" VPOS="952" WIDTH="13"/>
						<String ID="P22_ST00130" HPOS="1015" VPOS="920" WIDTH="176" HEIGHT="30" CONTENT="bestimmten" WC="0.99" CC="7300704003"/>
						<SP ID="P22_SP00114" HPOS="1191" VPOS="952" WIDTH="12"/>
						<String ID="P22_ST00131" HPOS="1203" VPOS="924" WIDTH="120" HEIGHT="28" CONTENT="Formen" WC="0.99" CC="006062"/>
						<SP ID="P22_SP00115" HPOS="1323" VPOS="952" WIDTH="13"/>
						<String ID="P22_ST00132" HPOS="1336" VPOS="925" WIDTH="59" HEIGHT="28" CONTENT="und" WC="0.97" CC="700"/>
						<SP ID="P22_SP00116" HPOS="1395" VPOS="953" WIDTH="11"/>
						<String ID="P22_ST00133" HPOS="1406" VPOS="926" WIDTH="130" HEIGHT="29" CONTENT="Normen" WC="0.98" CC="057150"/>
						<SP ID="P22_SP00117" HPOS="1536" VPOS="955" WIDTH="13"/>
						<String ID="P22_ST00134" HPOS="1549" VPOS="929" WIDTH="48" HEIGHT="27" CONTENT="das" WC="1.00" CC="000"/>
						<SP ID="P22_SP00118" HPOS="1597" VPOS="956" WIDTH="9"/>
						<String ID="P22_ST00135" HPOS="1606" VPOS="930" WIDTH="50" HEIGHT="27" CONTENT="Prä" SUBS_TYPE="HypPart1" SUBS_CONTENT="Prädicat" WC="0.91" CC="300"/>
						<HYP HPOS="1656" VPOS="930" WIDTH="16" CONTENT="-"/>
					</TextLine>
					<TextLine ID="P22_TL00018" HPOS="785" VPOS="956" WIDTH="885" HEIGHT="39">
						<String ID="P22_ST00136" HPOS="785" VPOS="956" WIDTH="73" HEIGHT="28" CONTENT="dicat" SUBS_TYPE="HypPart2" SUBS_CONTENT="Prädicat" WC="0.94" CC="00200"/>
						<SP ID="P22_SP00119" HPOS="858" VPOS="984" WIDTH="12"/>
						<String ID="P22_ST00137" HPOS="870" VPOS="957" WIDTH="47" HEIGHT="28" CONTENT="der" WC="0.98" CC="050"/>
						<SP ID="P22_SP00120" HPOS="917" VPOS="985" WIDTH="12"/>
						<String ID="P22_ST00138" HPOS="929" VPOS="957" WIDTH="192" HEIGHT="32" CONTENT="„Schönheit“" WC="0.99" CC="50070670600"/>
						<SP ID="P22_SP00121" HPOS="1121" VPOS="989" WIDTH="13"/>
						<String ID="P22_ST00139" HPOS="1134" VPOS="961" WIDTH="217" HEIGHT="29" CONTENT="ausschliesslich" WC="1.00" CC="061600470004700"/>
						<SP ID="P22_SP00122" HPOS="1351" VPOS="990" WIDTH="21"/>
						<String ID="P22_ST00140" HPOS="1372" VPOS="963" WIDTH="65" HEIGHT="27" CONTENT="oder" WC="0.99" CC="0060"/>
						<SP ID="P22_SP00123" HPOS="1437" VPOS="990" WIDTH="17"/>
						<String ID="P22_ST00141" HPOS="1454" VPOS="963" WIDTH="145" HEIGHT="30" CONTENT="besonders" WC="0.99" CC="764000370"/>
						<SP ID="P22_SP00124" HPOS="1599" VPOS="993" WIDTH="18"/>
						<String ID="P22_ST00142" HPOS="1617" VPOS="966" WIDTH="40" HEIGHT="29" CONTENT="bei" SUBS_TYPE="HypPart1" SUBS_CONTENT="beizulcgen." WC="0.59" CC="047"/>
						<HYP HPOS="1657" VPOS="966" WIDTH="13" CONTENT="-"/>
					</TextLine>
					<TextLine ID="P22_TL00019" HPOS="783" VPOS="993" WIDTH="888" HEIGHT="42">
						<String ID="P22_ST00143" HPOS="783" VPOS="993" WIDTH="126" HEIGHT="36" CONTENT="zulcgen." SUBS_TYPE="HypPart2" SUBS_CONTENT="beizulcgen." WC="0.77" CC="05170004"/>
						<SP ID="P22_SP00125" HPOS="909" VPOS="1029" WIDTH="23"/>
						<String ID="P22_ST00144" HPOS="932" VPOS="995" WIDTH="57" HEIGHT="28" CONTENT="Der" WC="0.95" CC="317"/>
						<SP ID="P22_SP00126" HPOS="989" VPOS="1029" WIDTH="14"/>
						<String ID="P22_ST00145" HPOS="1003" VPOS="995" WIDTH="244" HEIGHT="36" CONTENT="Sprachgebrauch" WC="0.99" CC="00701706070747"/>
						<SP ID="P22_SP00127" HPOS="1247" VPOS="1031" WIDTH="19"/>
						<String ID="P22_ST00146" HPOS="1266" VPOS="999" WIDTH="70" HEIGHT="28" CONTENT="lehrt" WC="0.97" CC="56070"/>
						<SP ID="P22_SP00128" HPOS="1336" VPOS="1031" WIDTH="19"/>
						<String ID="P22_ST00147" HPOS="1355" VPOS="1011" WIDTH="52" HEIGHT="17" CONTENT="uns" WC="0.97" CC="700"/>
						<SP ID="P22_SP00129" HPOS="1407" VPOS="1031" WIDTH="19"/>
						<String ID="P22_ST00148" HPOS="1426" VPOS="1001" WIDTH="64" HEIGHT="28" CONTENT="aber" WC="0.98" CC="2700"/>
						<SP ID="P22_SP00130" HPOS="1490" VPOS="1031" WIDTH="20"/>
						<String ID="P22_ST00149" HPOS="1510" VPOS="1003" WIDTH="81" HEIGHT="32" CONTENT="auch," WC="0.97" CC="07074"/>
						<SP ID="P22_SP00131" HPOS="1591" VPOS="1035" WIDTH="19"/>
						<String ID="P22_ST00150" HPOS="1610" VPOS="1004" WIDTH="61" HEIGHT="28" CONTENT="dass" WC="0.96" CC="9042"/>
					</TextLine>
					<TextLine ID="P22_TL00020" HPOS="783" VPOS="1029" WIDTH="888" HEIGHT="44">
						<String ID="P22_ST00151" HPOS="783" VPOS="1029" WIDTH="66" HEIGHT="29" CONTENT="über" WC="0.97" CC="0750"/>
						<SP ID="P22_SP00132" HPOS="849" VPOS="1058" WIDTH="13"/>
						<String ID="P22_ST00152" HPOS="862" VPOS="1031" WIDTH="42" HEIGHT="28" CONTENT="die" WC="0.95" CC="075"/>
						<SP ID="P22_SP00133" HPOS="904" VPOS="1059" WIDTH="9"/>
						<String ID="P22_ST00153" HPOS="913" VPOS="1032" WIDTH="166" HEIGHT="36" CONTENT="Bedeutung" WC="0.99" CC="050260600"/>
						<SP ID="P22_SP00134" HPOS="1079" VPOS="1068" WIDTH="12"/>
						<String ID="P22_ST00154" HPOS="1091" VPOS="1034" WIDTH="46" HEIGHT="28" CONTENT="des" WC="0.96" CC="036"/>
						<SP ID="P22_SP00135" HPOS="1137" VPOS="1068" WIDTH="7"/>
						<String ID="P22_ST00155" HPOS="1144" VPOS="1035" WIDTH="110" HEIGHT="28" CONTENT="Wortes" WC="0.99" CC="000072"/>
						<SP ID="P22_SP00136" HPOS="1254" VPOS="1068" WIDTH="13"/>
						<String ID="P22_ST00156" HPOS="1267" VPOS="1038" WIDTH="145" HEIGHT="33" CONTENT="eigentlich" WC="0.99" CC="6705005647"/>
						<SP ID="P22_SP00137" HPOS="1412" VPOS="1071" WIDTH="13"/>
						<String ID="P22_ST00157" HPOS="1425" VPOS="1048" WIDTH="47" HEIGHT="25" CONTENT="gar" WC="0.98" CC="050"/>
						<SP ID="P22_SP00138" HPOS="1472" VPOS="1073" WIDTH="13"/>
						<String ID="P22_ST00158" HPOS="1485" VPOS="1039" WIDTH="65" HEIGHT="28" CONTENT="kein" WC="0.97" CC="0445"/>
						<SP ID="P22_SP00139" HPOS="1550" VPOS="1073" WIDTH="8"/>
						<String ID="P22_ST00159" HPOS="1558" VPOS="1040" WIDTH="113" HEIGHT="28" CONTENT="Zweifel" WC="0.98" CC="0036056"/>
					</TextLine>
					<TextLine ID="P22_TL00021" HPOS="782" VPOS="1068" WIDTH="888" HEIGHT="39">
						<String ID="P22_ST00160" HPOS="782" VPOS="1068" WIDTH="131" HEIGHT="28" CONTENT="bestehen" WC="0.99" CC="76003036"/>
						<SP ID="P22_SP00140" HPOS="913" VPOS="1096" WIDTH="13"/>
						<String ID="P22_ST00161" HPOS="926" VPOS="1069" WIDTH="87" HEIGHT="29" CONTENT="kann." WC="0.99" CC="00004"/>
						<SP ID="P22_SP00141" HPOS="1013" VPOS="1098" WIDTH="13"/>
						<String ID="P22_ST00162" HPOS="1026" VPOS="1071" WIDTH="60" HEIGHT="27" CONTENT="Wir" WC="0.97" CC="007"/>
						<SP ID="P22_SP00142" HPOS="1086" VPOS="1098" WIDTH="13"/>
						<String ID="P22_ST00163" HPOS="1099" VPOS="1082" WIDTH="93" HEIGHT="24" CONTENT="sagen," WC="0.99" CC="020503"/>
						<SP ID="P22_SP00143" HPOS="1192" VPOS="1106" WIDTH="15"/>
						<String ID="P22_ST00164" HPOS="1207" VPOS="1073" WIDTH="61" HEIGHT="28" CONTENT="dass" WC="0.98" CC="0034"/>
						<SP ID="P22_SP00144" HPOS="1268" VPOS="1106" WIDTH="12"/>
						<String ID="P22_ST00165" HPOS="1280" VPOS="1079" WIDTH="86" HEIGHT="22" CONTENT="etwas" WC="0.99" CC="70000"/>
						<SP ID="P22_SP00145" HPOS="1366" VPOS="1106" WIDTH="12"/>
						<String ID="P22_ST00166" HPOS="1378" VPOS="1075" WIDTH="86" HEIGHT="27" CONTENT="schön" WC="1.00" CC="00000"/>
						<SP ID="P22_SP00146" HPOS="1464" VPOS="1106" WIDTH="9"/>
						<String ID="P22_ST00167" HPOS="1473" VPOS="1079" WIDTH="46" HEIGHT="28" CONTENT="sei," WC="0.98" CC="0504"/>
						<SP ID="P22_SP00147" HPOS="1519" VPOS="1107" WIDTH="8"/>
						<String ID="P22_ST00168" HPOS="1527" VPOS="1087" WIDTH="82" HEIGHT="18" CONTENT="wenn" WC="0.98" CC="0602"/>
						<SP ID="P22_SP00148" HPOS="1609" VPOS="1107" WIDTH="13"/>
						<String ID="P22_ST00169" HPOS="1622" VPOS="1081" WIDTH="48" HEIGHT="25" CONTENT="wir" WC="0.97" CC="007"/>
					</TextLine>
					<TextLine ID="P22_TL00022" HPOS="782" VPOS="1105" WIDTH="888" HEIGHT="40">
						<String ID="P22_ST00170" HPOS="782" VPOS="1105" WIDTH="94" HEIGHT="28" CONTENT="davon" WC="1.00" CC="00004"/>
						<SP ID="P22_SP00149" HPOS="876" VPOS="1133" WIDTH="21"/>
						<String ID="P22_ST00171" HPOS="897" VPOS="1107" WIDTH="127" HEIGHT="34" CONTENT="ergriffen" WC="0.99" CC="600760000"/>
						<SP ID="P22_SP00150" HPOS="1024" VPOS="1141" WIDTH="12"/>
						<String ID="P22_ST00172" HPOS="1036" VPOS="1108" WIDTH="76" HEIGHT="32" CONTENT="sind;" WC="0.99" CC="00009"/>
						<SP ID="P22_SP00151" HPOS="1112" VPOS="1141" WIDTH="19"/>
						<String ID="P22_ST00173" HPOS="1131" VPOS="1120" WIDTH="82" HEIGHT="17" CONTENT="wenn" WC="0.99" CC="0600"/>
						<SP ID="P22_SP00152" HPOS="1213" VPOS="1141" WIDTH="19"/>
						<String ID="P22_ST00174" HPOS="1232" VPOS="1110" WIDTH="47" HEIGHT="28" CONTENT="der" WC="0.94" CC="907"/>
						<SP ID="P22_SP00153" HPOS="1279" VPOS="1141" WIDTH="13"/>
						<String ID="P22_ST00175" HPOS="1292" VPOS="1111" WIDTH="187" HEIGHT="34" CONTENT="Gegenstand," WC="1.00" CC="06043000004"/>
						<SP ID="P22_SP00154" HPOS="1479" VPOS="1145" WIDTH="20"/>
						<String ID="P22_ST00176" HPOS="1499" VPOS="1113" WIDTH="53" HEIGHT="28" CONTENT="den" WC="0.99" CC="020"/>
						<SP ID="P22_SP00155" HPOS="1552" VPOS="1145" WIDTH="12"/>
						<String ID="P22_ST00177" HPOS="1564" VPOS="1117" WIDTH="49" HEIGHT="25" CONTENT="wir" WC="0.98" CC="050"/>
						<SP ID="P22_SP00156" HPOS="1613" VPOS="1145" WIDTH="12"/>
						<String ID="P22_ST00178" HPOS="1625" VPOS="1115" WIDTH="30" HEIGHT="28" CONTENT="be" SUBS_TYPE="HypPart1" SUBS_CONTENT="betrachten," WC="0.96" CC="74"/>
						<HYP HPOS="1655" VPOS="1115" WIDTH="15" CONTENT="-"/>
					</TextLine>
					<TextLine ID="P22_TL00023" HPOS="781" VPOS="1143" WIDTH="887" HEIGHT="37">
						<String ID="P22_ST00179" HPOS="781" VPOS="1143" WIDTH="133" HEIGHT="33" CONTENT="trachten," SUBS_TYPE="HypPart2" SUBS_CONTENT="betrachten," WC="0.99" CC="070100534"/>
						<SP ID="P22_SP00157" HPOS="914" VPOS="1176" WIDTH="14"/>
						<String ID="P22_ST00180" HPOS="928" VPOS="1155" WIDTH="52" HEIGHT="17" CONTENT="uns" WC="0.97" CC="600"/>
						<SP ID="P22_SP00158" HPOS="980" VPOS="1176" WIDTH="12"/>
						<String ID="P22_ST00181" HPOS="992" VPOS="1155" WIDTH="30" HEIGHT="18" CONTENT="so" WC="0.92" CC="10"/>
						<SP ID="P22_SP00159" HPOS="1022" VPOS="1176" WIDTH="14"/>
						<String ID="P22_ST00182" HPOS="1036" VPOS="1145" WIDTH="99" HEIGHT="33" CONTENT="erfüllt," WC="0.99" CC="50006604"/>
						<SP ID="P22_SP00160" HPOS="1135" VPOS="1178" WIDTH="13"/>
						<String ID="P22_ST00183" HPOS="1148" VPOS="1146" WIDTH="62" HEIGHT="28" CONTENT="dass" WC="1.00" CC="0002"/>
						<SP ID="P22_SP00161" HPOS="1210" VPOS="1178" WIDTH="8"/>
						<String ID="P22_ST00184" HPOS="1218" VPOS="1150" WIDTH="50" HEIGHT="25" CONTENT="wir" WC="0.95" CC="077"/>
						<SP ID="P22_SP00162" HPOS="1268" VPOS="1178" WIDTH="12"/>
						<String ID="P22_ST00185" HPOS="1280" VPOS="1149" WIDTH="90" HEIGHT="27" CONTENT="nichts" WC="0.99" CC="070002"/>
						<SP ID="P22_SP00163" HPOS="1370" VPOS="1178" WIDTH="13"/>
						<String ID="P22_ST00186" HPOS="1383" VPOS="1150" WIDTH="113" HEIGHT="28" CONTENT="anderes" WC="0.99" CC="0005061"/>
						<SP ID="P22_SP00164" HPOS="1496" VPOS="1178" WIDTH="13"/>
						<String ID="P22_ST00187" HPOS="1509" VPOS="1151" WIDTH="89" HEIGHT="27" CONTENT="neben" WC="0.96" CC="66760"/>
						<SP ID="P22_SP00165" HPOS="1598" VPOS="1178" WIDTH="12"/>
						<String ID="P22_ST00188" HPOS="1610" VPOS="1152" WIDTH="58" HEIGHT="28" CONTENT="ihm" WC="0.97" CC="070"/>
					</TextLine>
					<TextLine ID="P22_TL00024" HPOS="780" VPOS="1180" WIDTH="890" HEIGHT="44">
						<String ID="P22_ST00189" HPOS="780" VPOS="1180" WIDTH="201" HEIGHT="29" CONTENT="wahrnehmen" WC="1.00" CC="0000000550"/>
						<SP ID="P22_SP00166" HPOS="981" VPOS="1209" WIDTH="13"/>
						<String ID="P22_ST00190" HPOS="994" VPOS="1182" WIDTH="65" HEIGHT="28" CONTENT="oder" WC="0.99" CC="0030"/>
						<SP ID="P22_SP00167" HPOS="1059" VPOS="1210" WIDTH="12"/>
						<String ID="P22_ST00191" HPOS="1071" VPOS="1183" WIDTH="159" HEIGHT="28" CONTENT="betrachten" WC="0.99" CC="7506000070"/>
						<SP ID="P22_SP00168" HPOS="1230" VPOS="1211" WIDTH="7"/>
						<String ID="P22_ST00192" HPOS="1237" VPOS="1184" WIDTH="125" HEIGHT="29" CONTENT="können." WC="0.99" CC="0000503"/>
						<SP ID="P22_SP00169" HPOS="1362" VPOS="1213" WIDTH="7"/>
						<String ID="P22_ST00193" HPOS="1369" VPOS="1186" WIDTH="93" HEIGHT="28" CONTENT="Wenn" WC="0.97" CC="0506"/>
						<SP ID="P22_SP00170" HPOS="1462" VPOS="1214" WIDTH="7"/>
						<String ID="P22_ST00194" HPOS="1469" VPOS="1189" WIDTH="74" HEIGHT="27" CONTENT="einer" WC="0.99" CC="00550"/>
						<SP ID="P22_SP00171" HPOS="1543" VPOS="1216" WIDTH="12"/>
						<String ID="P22_ST00195" HPOS="1555" VPOS="1189" WIDTH="115" HEIGHT="35" CONTENT="flüchtig" WC="0.99" CC="06017000"/>
					</TextLine>
					<TextLine ID="P22_TL00025" HPOS="780" VPOS="1218" WIDTH="889" HEIGHT="38">
						<String ID="P22_ST00196" HPOS="780" VPOS="1227" WIDTH="36" HEIGHT="17" CONTENT="an" WC="1.00" CC="00"/>
						<SP ID="P22_SP00172" HPOS="816" VPOS="1244" WIDTH="13"/>
						<String ID="P22_ST00197" HPOS="829" VPOS="1220" WIDTH="74" HEIGHT="25" CONTENT="einer" WC="0.97" CC="56540"/>
						<SP ID="P22_SP00173" HPOS="903" VPOS="1245" WIDTH="11"/>
						<String ID="P22_ST00198" HPOS="914" VPOS="1218" WIDTH="89" HEIGHT="29" CONTENT="Sache" WC="0.99" CC="00004"/>
						<SP ID="P22_SP00174" HPOS="1003" VPOS="1247" WIDTH="8"/>
						<String ID="P22_ST00199" HPOS="1011" VPOS="1219" WIDTH="240" HEIGHT="37" CONTENT="vorbeigegangen" WC="1.00" CC="00674700000000"/>
						<SP ID="P22_SP00175" HPOS="1251" VPOS="1256" WIDTH="12"/>
						<String ID="P22_ST00200" HPOS="1263" VPOS="1224" WIDTH="43" HEIGHT="30" CONTENT="ist," WC="0.97" CC="7204"/>
						<SP ID="P22_SP00176" HPOS="1306" VPOS="1256" WIDTH="12"/>
						<String ID="P22_ST00201" HPOS="1318" VPOS="1233" WIDTH="31" HEIGHT="17" CONTENT="so" WC="1.00" CC="00"/>
						<SP ID="P22_SP00177" HPOS="1349" VPOS="1256" WIDTH="13"/>
						<String ID="P22_ST00202" HPOS="1362" VPOS="1223" WIDTH="68" HEIGHT="28" CONTENT="wird" WC="0.98" CC="0700"/>
						<SP ID="P22_SP00178" HPOS="1430" VPOS="1256" WIDTH="13"/>
						<String ID="P22_ST00203" HPOS="1443" VPOS="1234" WIDTH="28" HEIGHT="17" CONTENT="er" WC="0.84" CC="30"/>
						<SP ID="P22_SP00179" HPOS="1471" VPOS="1256" WIDTH="12"/>
						<String ID="P22_ST00204" HPOS="1483" VPOS="1227" WIDTH="38" HEIGHT="25" CONTENT="sie" WC="0.95" CC="076"/>
						<SP ID="P22_SP00180" HPOS="1521" VPOS="1256" WIDTH="12"/>
						<String ID="P22_ST00205" HPOS="1533" VPOS="1226" WIDTH="136" HEIGHT="29" CONTENT="vielleicht" WC="0.99" CC="0756555070"/>
					</TextLine>
					<TextLine ID="P22_TL00026" HPOS="780" VPOS="1255" WIDTH="887" HEIGHT="38">
						<String ID="P22_ST00206" HPOS="780" VPOS="1255" WIDTH="39" HEIGHT="26" CONTENT="als" WC="0.95" CC="850"/>
						<SP ID="P22_SP00181" HPOS="819" VPOS="1281" WIDTH="8"/>
						<String ID="P22_ST00207" HPOS="827" VPOS="1255" WIDTH="155" HEIGHT="33" CONTENT="„hübsch“," WC="0.99" CC="300720004"/>
						<SP ID="P22_SP00182" HPOS="982" VPOS="1288" WIDTH="14"/>
						<String ID="P22_ST00208" HPOS="996" VPOS="1257" WIDTH="39" HEIGHT="26" CONTENT="als" WC="0.98" CC="060"/>
						<SP ID="P22_SP00183" HPOS="1035" VPOS="1288" WIDTH="8"/>
						<String ID="P22_ST00209" HPOS="1043" VPOS="1261" WIDTH="106" HEIGHT="28" CONTENT="„nett“," WC="0.99" CC="2060004"/>
						<SP ID="P22_SP00184" HPOS="1149" VPOS="1289" WIDTH="14"/>
						<String ID="P22_ST00210" HPOS="1163" VPOS="1258" WIDTH="65" HEIGHT="28" CONTENT="aber" WC="0.97" CC="3730"/>
						<SP ID="P22_SP00185" HPOS="1228" VPOS="1289" WIDTH="12"/>
						<String ID="P22_ST00211" HPOS="1240" VPOS="1261" WIDTH="97" HEIGHT="32" CONTENT="gewiss" WC="0.99" CC="060710"/>
						<SP ID="P22_SP00186" HPOS="1337" VPOS="1293" WIDTH="12"/>
						<String ID="P22_ST00212" HPOS="1349" VPOS="1261" WIDTH="76" HEIGHT="27" CONTENT="nicht" WC="0.98" CC="07070"/>
						<SP ID="P22_SP00187" HPOS="1425" VPOS="1293" WIDTH="13"/>
						<String ID="P22_ST00213" HPOS="1438" VPOS="1261" WIDTH="40" HEIGHT="28" CONTENT="als" WC="0.98" CC="031"/>
						<SP ID="P22_SP00188" HPOS="1478" VPOS="1293" WIDTH="8"/>
						<String ID="P22_ST00214" HPOS="1486" VPOS="1262" WIDTH="124" HEIGHT="31" CONTENT="„schön“" WC="0.99" CC="5540300"/>
						<SP ID="P22_SP00189" HPOS="1610" VPOS="1293" WIDTH="13"/>
						<String ID="P22_ST00215" HPOS="1623" VPOS="1263" WIDTH="30" HEIGHT="28" CONTENT="be" SUBS_TYPE="HypPart1" SUBS_CONTENT="bezeichnen." WC="0.95" CC="76"/>
						<HYP HPOS="1653" VPOS="1263" WIDTH="14" CONTENT="-"/>
					</TextLine>
					<TextLine ID="P22_TL00027" HPOS="778" VPOS="1292" WIDTH="889" HEIGHT="36">
						<String ID="P22_ST00216" HPOS="778" VPOS="1292" WIDTH="142" HEIGHT="28" CONTENT="zeichnen." SUBS_TYPE="HypPart2" SUBS_CONTENT="bezeichnen." WC="0.99" CC="615100604"/>
						<SP ID="P22_SP00190" HPOS="920" VPOS="1320" WIDTH="13"/>
						<String ID="P22_ST00217" HPOS="933" VPOS="1293" WIDTH="94" HEIGHT="28" CONTENT="Wenn" WC="0.99" CC="0510"/>
						<SP ID="P22_SP00191" HPOS="1027" VPOS="1321" WIDTH="13"/>
						<String ID="P22_ST00218" HPOS="1040" VPOS="1296" WIDTH="73" HEIGHT="26" CONTENT="einer" WC="0.99" CC="10440"/>
						<SP ID="P22_SP00192" HPOS="1113" VPOS="1322" WIDTH="9"/>
						<String ID="P22_ST00219" HPOS="1122" VPOS="1296" WIDTH="158" HEIGHT="27" CONTENT="versunken" WC="0.99" CC="050070040"/>
						<SP ID="P22_SP00193" HPOS="1280" VPOS="1323" WIDTH="9"/>
						<String ID="P22_ST00220" HPOS="1289" VPOS="1307" WIDTH="57" HEIGHT="17" CONTENT="war" WC="1.00" CC="000"/>
						<SP ID="P22_SP00194" HPOS="1346" VPOS="1324" WIDTH="12"/>
						<String ID="P22_ST00221" HPOS="1358" VPOS="1300" WIDTH="29" HEIGHT="24" CONTENT="in" WC="0.66" CC="60"/>
						<SP ID="P22_SP00195" HPOS="1387" VPOS="1324" WIDTH="13"/>
						<String ID="P22_ST00222" HPOS="1400" VPOS="1298" WIDTH="53" HEIGHT="28" CONTENT="den" WC="1.00" CC="000"/>
						<SP ID="P22_SP00196" HPOS="1453" VPOS="1326" WIDTH="7"/>
						<String ID="P22_ST00223" HPOS="1460" VPOS="1299" WIDTH="122" HEIGHT="28" CONTENT="Anblick" WC="0.99" CC="0075006"/>
						<SP ID="P22_SP00197" HPOS="1582" VPOS="1327" WIDTH="12"/>
						<String ID="P22_ST00224" HPOS="1594" VPOS="1303" WIDTH="73" HEIGHT="25" CONTENT="eines" WC="0.99" CC="40030"/>
					</TextLine>
					<TextLine ID="P22_TL00028" HPOS="779" VPOS="1328" WIDTH="886" HEIGHT="42">
						<String ID="P22_ST00225" HPOS="779" VPOS="1328" WIDTH="218" HEIGHT="35" CONTENT="Gegenstandes," WC="1.00" CC="0205430010204"/>
						<SP ID="P22_SP00198" HPOS="997" VPOS="1363" WIDTH="14"/>
						<String ID="P22_ST00226" HPOS="1011" VPOS="1341" WIDTH="30" HEIGHT="17" CONTENT="so" WC="1.00" CC="00"/>
						<SP ID="P22_SP00199" HPOS="1041" VPOS="1363" WIDTH="10"/>
						<String ID="P22_ST00227" HPOS="1051" VPOS="1332" WIDTH="68" HEIGHT="27" CONTENT="wird" WC="0.98" CC="0700"/>
						<SP ID="P22_SP00200" HPOS="1119" VPOS="1363" WIDTH="12"/>
						<String ID="P22_ST00228" HPOS="1131" VPOS="1343" WIDTH="28" HEIGHT="16" CONTENT="er" WC="1.00" CC="00"/>
						<SP ID="P22_SP00201" HPOS="1159" VPOS="1363" WIDTH="13"/>
						<String ID="P22_ST00229" HPOS="1172" VPOS="1343" WIDTH="97" HEIGHT="24" CONTENT="sagen:" WC="0.98" CC="300555"/>
						<SP ID="P22_SP00202" HPOS="1269" VPOS="1367" WIDTH="14"/>
						<String ID="P22_ST00230" HPOS="1283" VPOS="1344" WIDTH="28" HEIGHT="16" CONTENT="er" WC="0.75" CC="40"/>
						<SP ID="P22_SP00203" HPOS="1311" VPOS="1367" WIDTH="8"/>
						<String ID="P22_ST00231" HPOS="1319" VPOS="1344" WIDTH="58" HEIGHT="17" CONTENT="war" WC="1.00" CC="000"/>
						<SP ID="P22_SP00204" HPOS="1377" VPOS="1367" WIDTH="12"/>
						<String ID="P22_ST00232" HPOS="1389" VPOS="1335" WIDTH="95" HEIGHT="28" CONTENT="schön." WC="0.98" CC="607054"/>
						<SP ID="P22_SP00205" HPOS="1484" VPOS="1367" WIDTH="14"/>
						<String ID="P22_ST00233" HPOS="1498" VPOS="1336" WIDTH="114" HEIGHT="31" CONTENT="„Schön" WC="1.00" CC="400000"/>
						<SP ID="P22_SP00206" HPOS="1612" VPOS="1367" WIDTH="12"/>
						<String ID="P22_ST00234" HPOS="1624" VPOS="1340" WIDTH="41" HEIGHT="30" CONTENT="ist," WC="0.97" CC="7004"/>
					</TextLine>
					<TextLine ID="P22_TL00029" HPOS="777" VPOS="1366" WIDTH="888" HEIGHT="41">
						<String ID="P22_ST00235" HPOS="777" VPOS="1376" WIDTH="58" HEIGHT="17" CONTENT="was" WC="1.00" CC="000"/>
						<SP ID="P22_SP00207" HPOS="835" VPOS="1393" WIDTH="13"/>
						<String ID="P22_ST00236" HPOS="848" VPOS="1366" WIDTH="122" HEIGHT="34" CONTENT="gefällt“;" WC="1.00" CC="030045000"/>
						<SP ID="P22_SP00208" HPOS="970" VPOS="1400" WIDTH="13"/>
						<String ID="P22_ST00237" HPOS="983" VPOS="1368" WIDTH="58" HEIGHT="27" CONTENT="und" WC="0.96" CC="650"/>
						<SP ID="P22_SP00209" HPOS="1041" VPOS="1400" WIDTH="6"/>
						<String ID="P22_ST00238" HPOS="1047" VPOS="1379" WIDTH="58" HEIGHT="17" CONTENT="was" WC="1.00" CC="000"/>
						<SP ID="P22_SP00210" HPOS="1105" VPOS="1400" WIDTH="13"/>
						<String ID="P22_ST00239" HPOS="1118" VPOS="1370" WIDTH="101" HEIGHT="34" CONTENT="gefällt," WC="0.99" CC="06094303"/>
						<SP ID="P22_SP00211" HPOS="1219" VPOS="1404" WIDTH="9"/>
						<String ID="P22_ST00240" HPOS="1228" VPOS="1370" WIDTH="49" HEIGHT="28" CONTENT="das" WC="1.00" CC="000"/>
						<SP ID="P22_SP00212" HPOS="1277" VPOS="1404" WIDTH="12"/>
						<String ID="P22_ST00241" HPOS="1289" VPOS="1371" WIDTH="73" HEIGHT="28" CONTENT="zieht" WC="0.98" CC="07600"/>
						<SP ID="P22_SP00213" HPOS="1362" VPOS="1404" WIDTH="9"/>
						<String ID="P22_ST00242" HPOS="1371" VPOS="1372" WIDTH="72" HEIGHT="27" CONTENT="auch" WC="0.98" CC="0700"/>
						<SP ID="P22_SP00214" HPOS="1443" VPOS="1404" WIDTH="13"/>
						<String ID="P22_ST00243" HPOS="1456" VPOS="1383" WIDTH="45" HEIGHT="22" CONTENT="an," WC="0.98" CC="004"/>
						<SP ID="P22_SP00215" HPOS="1501" VPOS="1405" WIDTH="10"/>
						<String ID="P22_ST00244" HPOS="1511" VPOS="1373" WIDTH="49" HEIGHT="28" CONTENT="das" WC="1.00" CC="000"/>
						<SP ID="P22_SP00216" HPOS="1560" VPOS="1405" WIDTH="7"/>
						<String ID="P22_ST00245" HPOS="1567" VPOS="1374" WIDTH="98" HEIGHT="33" CONTENT="fesselt," WC="0.99" CC="04006604"/>
					</TextLine>
					<TextLine ID="P22_TL00030" HPOS="777" VPOS="1403" WIDTH="888" HEIGHT="42">
						<String ID="P22_ST00246" HPOS="777" VPOS="1403" WIDTH="49" HEIGHT="27" CONTENT="das" WC="1.00" CC="000"/>
						<SP ID="P22_SP00217" HPOS="826" VPOS="1430" WIDTH="12"/>
						<String ID="P22_ST00247" HPOS="838" VPOS="1404" WIDTH="65" HEIGHT="27" CONTENT="lässt" WC="0.99" CC="30310"/>
						<SP ID="P22_SP00218" HPOS="903" VPOS="1431" WIDTH="12"/>
						<String ID="P22_ST00248" HPOS="915" VPOS="1405" WIDTH="77" HEIGHT="27" CONTENT="nicht" WC="0.99" CC="06000"/>
						<SP ID="P22_SP00219" HPOS="992" VPOS="1432" WIDTH="11"/>
						<String ID="P22_ST00249" HPOS="1003" VPOS="1405" WIDTH="96" HEIGHT="28" CONTENT="sobald" WC="0.99" CC="007040"/>
						<SP ID="P22_SP00220" HPOS="1099" VPOS="1433" WIDTH="13"/>
						<String ID="P22_ST00250" HPOS="1112" VPOS="1406" WIDTH="101" HEIGHT="28" CONTENT="wieder" WC="0.98" CC="005037"/>
						<SP ID="P22_SP00221" HPOS="1213" VPOS="1434" WIDTH="11"/>
						<String ID="P22_ST00251" HPOS="1224" VPOS="1407" WIDTH="50" HEIGHT="28" CONTENT="los." WC="0.98" CC="3003"/>
						<SP ID="P22_SP00222" HPOS="1274" VPOS="1435" WIDTH="14"/>
						<String ID="P22_ST00252" HPOS="1288" VPOS="1408" WIDTH="113" HEIGHT="31" CONTENT="„Schön" WC="0.99" CC="400600"/>
						<SP ID="P22_SP00223" HPOS="1401" VPOS="1439" WIDTH="13"/>
						<String ID="P22_ST00253" HPOS="1414" VPOS="1412" WIDTH="42" HEIGHT="29" CONTENT="ist," WC="0.98" CC="7004"/>
						<SP ID="P22_SP00224" HPOS="1456" VPOS="1441" WIDTH="14"/>
						<String ID="P22_ST00254" HPOS="1470" VPOS="1421" WIDTH="57" HEIGHT="17" CONTENT="was" WC="0.98" CC="005"/>
						<SP ID="P22_SP00225" HPOS="1527" VPOS="1441" WIDTH="13"/>
						<String ID="P22_ST00255" HPOS="1540" VPOS="1411" WIDTH="125" HEIGHT="34" CONTENT="gefällt“;" WC="0.99" CC="050056007"/>
					</TextLine>
					<TextLine ID="P22_TL00031" HPOS="777" VPOS="1439" WIDTH="888" HEIGHT="38">
						<String ID="P22_ST00256" HPOS="777" VPOS="1439" WIDTH="65" HEIGHT="28" CONTENT="aber" WC="0.95" CC="0769"/>
						<SP ID="P22_SP00226" HPOS="842" VPOS="1467" WIDTH="12"/>
						<String ID="P22_ST00257" HPOS="854" VPOS="1440" WIDTH="118" HEIGHT="35" CONTENT="gefallen" WC="0.99" CC="05066500"/>
						<SP ID="P22_SP00227" HPOS="972" VPOS="1475" WIDTH="9"/>
						<String ID="P22_ST00258" HPOS="981" VPOS="1453" WIDTH="66" HEIGHT="23" CONTENT="mag" WC="1.00" CC="000"/>
						<SP ID="P22_SP00228" HPOS="1047" VPOS="1476" WIDTH="9"/>
						<String ID="P22_ST00259" HPOS="1056" VPOS="1443" WIDTH="63" HEIGHT="28" CONTENT="dem" WC="1.00" CC="000"/>
						<SP ID="P22_SP00229" HPOS="1119" VPOS="1476" WIDTH="9"/>
						<String ID="P22_ST00260" HPOS="1128" VPOS="1443" WIDTH="183" HEIGHT="29" CONTENT="forschenden" WC="0.99" CC="04761750040"/>
						<SP ID="P22_SP00230" HPOS="1311" VPOS="1476" WIDTH="9"/>
						<String ID="P22_ST00261" HPOS="1320" VPOS="1445" WIDTH="93" HEIGHT="29" CONTENT="Geiste" WC="0.98" CC="067006"/>
						<SP ID="P22_SP00231" HPOS="1413" VPOS="1476" WIDTH="14"/>
						<String ID="P22_ST00262" HPOS="1427" VPOS="1447" WIDTH="57" HEIGHT="28" CONTENT="und" WC="0.97" CC="700"/>
						<SP ID="P22_SP00232" HPOS="1484" VPOS="1476" WIDTH="13"/>
						<String ID="P22_ST00263" HPOS="1497" VPOS="1448" WIDTH="47" HEIGHT="27" CONTENT="der" WC="1.00" CC="000"/>
						<SP ID="P22_SP00233" HPOS="1544" VPOS="1476" WIDTH="11"/>
						<String ID="P22_ST00264" HPOS="1555" VPOS="1451" WIDTH="97" HEIGHT="26" CONTENT="instinc" SUBS_TYPE="HypPart1" SUBS_CONTENT="instinctiven" WC="0.74" CC="7050600"/>
						<HYP HPOS="1652" VPOS="1451" WIDTH="13" CONTENT="-"/>
					</TextLine>
					<TextLine ID="P22_TL00032" HPOS="776" VPOS="1478" WIDTH="889" HEIGHT="38">
						<String ID="P22_ST00265" HPOS="776" VPOS="1480" WIDTH="76" HEIGHT="24" CONTENT="tiven" SUBS_TYPE="HypPart2" SUBS_CONTENT="instinctiven" WC="0.65" CC="06045"/>
						<SP ID="P22_SP00234" HPOS="852" VPOS="1504" WIDTH="13"/>
						<String ID="P22_ST00266" HPOS="865" VPOS="1478" WIDTH="193" HEIGHT="36" CONTENT="Empfindung" WC="1.00" CC="0000700700"/>
						<SP ID="P22_SP00235" HPOS="1058" VPOS="1514" WIDTH="11"/>
						<String ID="P22_ST00267" HPOS="1069" VPOS="1480" WIDTH="77" HEIGHT="28" CONTENT="nicht" WC="0.99" CC="06000"/>
						<SP ID="P22_SP00236" HPOS="1146" VPOS="1514" WIDTH="11"/>
						<String ID="P22_ST00268" HPOS="1157" VPOS="1492" WIDTH="53" HEIGHT="16" CONTENT="nur" WC="0.97" CC="070"/>
						<SP ID="P22_SP00237" HPOS="1210" VPOS="1514" WIDTH="13"/>
						<String ID="P22_ST00269" HPOS="1223" VPOS="1482" WIDTH="49" HEIGHT="27" CONTENT="das" WC="1.00" CC="000"/>
						<SP ID="P22_SP00238" HPOS="1272" VPOS="1514" WIDTH="12"/>
						<String ID="P22_ST00270" HPOS="1284" VPOS="1482" WIDTH="92" HEIGHT="33" CONTENT="Zarte," WC="0.98" CC="049014"/>
						<SP ID="P22_SP00239" HPOS="1376" VPOS="1515" WIDTH="13"/>
						<String ID="P22_ST00271" HPOS="1389" VPOS="1483" WIDTH="146" HEIGHT="33" CONTENT="Liebliche," WC="0.99" CC="0707580044"/>
						<SP ID="P22_SP00240" HPOS="1535" VPOS="1516" WIDTH="14"/>
						<String ID="P22_ST00272" HPOS="1549" VPOS="1486" WIDTH="48" HEIGHT="27" CONTENT="das" WC="0.94" CC="904"/>
						<SP ID="P22_SP00241" HPOS="1597" VPOS="1516" WIDTH="8"/>
						<String ID="P22_ST00273" HPOS="1605" VPOS="1487" WIDTH="40" HEIGHT="27" CONTENT="An" SUBS_TYPE="HypPart1" SUBS_CONTENT="Anmuthige," WC="1.00" CC="00"/>
						<HYP HPOS="1645" VPOS="1487" WIDTH="20" CONTENT="-"/>
					</TextLine>
					<TextLine ID="P22_TL00033" HPOS="776" VPOS="1515" WIDTH="888" HEIGHT="41">
						<String ID="P22_ST00274" HPOS="776" VPOS="1515" WIDTH="135" HEIGHT="34" CONTENT="muthige," SUBS_TYPE="HypPart2" SUBS_CONTENT="Anmuthige," WC="0.78" CC="06100044"/>
						<SP ID="P22_SP00242" HPOS="911" VPOS="1549" WIDTH="20"/>
						<String ID="P22_ST00275" HPOS="931" VPOS="1515" WIDTH="50" HEIGHT="28" CONTENT="das" WC="1.00" CC="000"/>
						<SP ID="P22_SP00243" HPOS="981" VPOS="1549" WIDTH="16"/>
						<String ID="P22_ST00276" HPOS="997" VPOS="1516" WIDTH="183" HEIGHT="36" CONTENT="„Gefällige“," WC="0.99" CC="404006370604"/>
						<SP ID="P22_SP00244" HPOS="1180" VPOS="1552" WIDTH="19"/>
						<String ID="P22_ST00277" HPOS="1199" VPOS="1519" WIDTH="119" HEIGHT="28" CONTENT="sondern" WC="1.00" CC="0000600"/>
						<SP ID="P22_SP00245" HPOS="1318" VPOS="1552" WIDTH="19"/>
						<String ID="P22_ST00278" HPOS="1337" VPOS="1520" WIDTH="73" HEIGHT="28" CONTENT="auch" WC="0.97" CC="4700"/>
						<SP ID="P22_SP00246" HPOS="1410" VPOS="1552" WIDTH="20"/>
						<String ID="P22_ST00279" HPOS="1430" VPOS="1521" WIDTH="48" HEIGHT="27" CONTENT="das" WC="1.00" CC="001"/>
						<SP ID="P22_SP00247" HPOS="1478" VPOS="1552" WIDTH="19"/>
						<String ID="P22_ST00280" HPOS="1497" VPOS="1521" WIDTH="167" HEIGHT="35" CONTENT="Imposante," WC="1.00" CC="1000000064"/>
					</TextLine>
					<TextLine ID="P22_TL00034" HPOS="776" VPOS="1551" WIDTH="888" HEIGHT="37">
						<String ID="P22_ST00281" HPOS="776" VPOS="1551" WIDTH="50" HEIGHT="33" CONTENT="das" WC="0.71" CC="902"/>
						<SP ID="P22_SP00248" HPOS="826" VPOS="1584" WIDTH="0"/>
						<String ID="P22_ST00282" HPOS="826" VPOS="1551" WIDTH="100" HEIGHT="33" CONTENT="Wilde," WC="0.71" CC="040440"/>
						<SP ID="P22_SP00249" HPOS="926" VPOS="1584" WIDTH="15"/>
						<String ID="P22_ST00283" HPOS="941" VPOS="1553" WIDTH="48" HEIGHT="28" CONTENT="das" WC="1.00" CC="000"/>
						<SP ID="P22_SP00250" HPOS="989" VPOS="1584" WIDTH="9"/>
						<String ID="P22_ST00284" HPOS="998" VPOS="1554" WIDTH="125" HEIGHT="34" CONTENT="Strenge," WC="1.00" CC="00050004"/>
						<SP ID="P22_SP00251" HPOS="1123" VPOS="1588" WIDTH="13"/>
						<String ID="P22_ST00285" HPOS="1136" VPOS="1554" WIDTH="49" HEIGHT="28" CONTENT="das" WC="0.99" CC="003"/>
						<SP ID="P22_SP00252" HPOS="1185" VPOS="1588" WIDTH="8"/>
						<String ID="P22_ST00286" HPOS="1193" VPOS="1555" WIDTH="102" HEIGHT="29" CONTENT="Herbe." WC="0.98" CC="040764"/>
						<SP ID="P22_SP00253" HPOS="1295" VPOS="1588" WIDTH="14"/>
						<String ID="P22_ST00287" HPOS="1309" VPOS="1557" WIDTH="94" HEIGHT="27" CONTENT="Wenn" WC="0.97" CC="0506"/>
						<SP ID="P22_SP00254" HPOS="1403" VPOS="1588" WIDTH="8"/>
						<String ID="P22_ST00288" HPOS="1411" VPOS="1558" WIDTH="77" HEIGHT="28" CONTENT="Geist" WC="0.99" CC="02020"/>
						<SP ID="P22_SP00255" HPOS="1488" VPOS="1588" WIDTH="11"/>
						<String ID="P22_ST00289" HPOS="1499" VPOS="1568" WIDTH="64" HEIGHT="19" CONTENT="zum" WC="0.98" CC="004"/>
						<SP ID="P22_SP00256" HPOS="1563" VPOS="1588" WIDTH="9"/>
						<String ID="P22_ST00290" HPOS="1572" VPOS="1559" WIDTH="92" HEIGHT="29" CONTENT="Geiste" WC="0.99" CC="040003"/>
					</TextLine>
					<TextLine ID="P22_TL00035" HPOS="776" VPOS="1589" WIDTH="888" HEIGHT="39">
						<String ID="P22_ST00291" HPOS="776" VPOS="1589" WIDTH="57" HEIGHT="27" CONTENT="und" WC="0.96" CC="560"/>
						<SP ID="P22_SP00257" HPOS="833" VPOS="1616" WIDTH="8"/>
						<String ID="P22_ST00292" HPOS="841" VPOS="1589" WIDTH="77" HEIGHT="28" CONTENT="Seele" WC="0.98" CC="05414"/>
						<SP ID="P22_SP00258" HPOS="918" VPOS="1617" WIDTH="12"/>
						<String ID="P22_ST00293" HPOS="930" VPOS="1599" WIDTH="48" HEIGHT="20" CONTENT="zur" WC="0.97" CC="070"/>
						<SP ID="P22_SP00259" HPOS="978" VPOS="1619" WIDTH="8"/>
						<String ID="P22_ST00294" HPOS="986" VPOS="1590" WIDTH="77" HEIGHT="29" CONTENT="Seele" WC="0.97" CC="04376"/>
						<SP ID="P22_SP00260" HPOS="1063" VPOS="1619" WIDTH="12"/>
						<String ID="P22_ST00295" HPOS="1075" VPOS="1592" WIDTH="110" HEIGHT="33" CONTENT="spricht," WC="0.99" CC="40000704"/>
						<SP ID="P22_SP00261" HPOS="1185" VPOS="1625" WIDTH="13"/>
						<String ID="P22_ST00296" HPOS="1198" VPOS="1603" WIDTH="30" HEIGHT="17" CONTENT="so" WC="1.00" CC="00"/>
						<SP ID="P22_SP00262" HPOS="1228" VPOS="1625" WIDTH="12"/>
						<String ID="P22_ST00297" HPOS="1240" VPOS="1593" WIDTH="122" HEIGHT="28" CONTENT="nehmen" WC="0.98" CC="630260"/>
						<SP ID="P22_SP00263" HPOS="1362" VPOS="1625" WIDTH="7"/>
						<String ID="P22_ST00298" HPOS="1369" VPOS="1598" WIDTH="48" HEIGHT="23" CONTENT="wir" WC="0.98" CC="060"/>
						<SP ID="P22_SP00264" HPOS="1417" VPOS="1625" WIDTH="13"/>
						<String ID="P22_ST00299" HPOS="1430" VPOS="1595" WIDTH="59" HEIGHT="33" CONTENT="jede" WC="0.97" CC="4403"/>
						<SP ID="P22_SP00265" HPOS="1489" VPOS="1628" WIDTH="10"/>
						<String ID="P22_ST00300" HPOS="1499" VPOS="1596" WIDTH="165" HEIGHT="29" CONTENT="Schroffheit" WC="1.00" CC="03000000470"/>
					</TextLine>
					<TextLine ID="P22_TL00036" HPOS="775" VPOS="1626" WIDTH="888" HEIGHT="37">
						<String ID="P22_ST00301" HPOS="775" VPOS="1626" WIDTH="57" HEIGHT="27" CONTENT="und" WC="0.97" CC="700"/>
						<SP ID="P22_SP00266" HPOS="832" VPOS="1653" WIDTH="19"/>
						<String ID="P22_ST00302" HPOS="851" VPOS="1626" WIDTH="60" HEIGHT="33" CONTENT="jede" WC="0.98" CC="5300"/>
						<SP ID="P22_SP00267" HPOS="911" VPOS="1659" WIDTH="12"/>
						<String ID="P22_ST00303" HPOS="923" VPOS="1627" WIDTH="89" HEIGHT="28" CONTENT="Härte" WC="0.98" CC="00705"/>
						<SP ID="P22_SP00268" HPOS="1012" VPOS="1659" WIDTH="18"/>
						<String ID="P22_ST00304" HPOS="1030" VPOS="1631" WIDTH="28" HEIGHT="24" CONTENT="in" WC="1.00" CC="00"/>
						<SP ID="P22_SP00269" HPOS="1058" VPOS="1659" WIDTH="13"/>
						<String ID="P22_ST00305" HPOS="1071" VPOS="1628" WIDTH="87" HEIGHT="29" CONTENT="Kauf." WC="0.98" CC="04704"/>
						<SP ID="P22_SP00270" HPOS="1158" VPOS="1659" WIDTH="21"/>
						<String ID="P22_ST00306" HPOS="1179" VPOS="1630" WIDTH="94" HEIGHT="28" CONTENT="Wenn" WC="0.99" CC="0230"/>
						<SP ID="P22_SP00271" HPOS="1273" VPOS="1659" WIDTH="18"/>
						<String ID="P22_ST00307" HPOS="1291" VPOS="1633" WIDTH="44" HEIGHT="25" CONTENT="ein" WC="0.96" CC="506"/>
						<SP ID="P22_SP00272" HPOS="1335" VPOS="1659" WIDTH="13"/>
						<String ID="P22_ST00308" HPOS="1348" VPOS="1631" WIDTH="123" HEIGHT="28" CONTENT="Anblick" WC="0.98" CC="0375705"/>
						<SP ID="P22_SP00273" HPOS="1471" VPOS="1659" WIDTH="16"/>
						<String ID="P22_ST00309" HPOS="1487" VPOS="1633" WIDTH="86" HEIGHT="27" CONTENT="durch" WC="0.97" CC="07707"/>
						<SP ID="P22_SP00274" HPOS="1573" VPOS="1660" WIDTH="16"/>
						<String ID="P22_ST00310" HPOS="1589" VPOS="1637" WIDTH="74" HEIGHT="26" CONTENT="seine" WC="0.98" CC="03704"/>
					</TextLine>
					<TextLine ID="P22_TL00037" HPOS="774" VPOS="1663" WIDTH="889" HEIGHT="37">
						<String ID="P22_ST00311" HPOS="774" VPOS="1663" WIDTH="188" HEIGHT="29" CONTENT="Erhabenheit" WC="0.99" CC="00007420360"/>
						<SP ID="P22_SP00275" HPOS="962" VPOS="1692" WIDTH="16"/>
						<String ID="P22_ST00312" HPOS="978" VPOS="1675" WIDTH="81" HEIGHT="17" CONTENT="unser" WC="0.98" CC="70540"/>
						<SP ID="P22_SP00276" HPOS="1059" VPOS="1692" WIDTH="12"/>
						<String ID="P22_ST00313" HPOS="1071" VPOS="1666" WIDTH="185" HEIGHT="29" CONTENT="Bewusstsein" WC="0.99" CC="16060300670"/>
						<SP ID="P22_SP00277" HPOS="1256" VPOS="1695" WIDTH="17"/>
						<String ID="P22_ST00314" HPOS="1273" VPOS="1668" WIDTH="121" HEIGHT="32" CONTENT="ausfüllt," WC="0.99" CC="061004404"/>
						<SP ID="P22_SP00278" HPOS="1394" VPOS="1700" WIDTH="17"/>
						<String ID="P22_ST00315" HPOS="1411" VPOS="1679" WIDTH="29" HEIGHT="18" CONTENT="so" WC="1.00" CC="00"/>
						<SP ID="P22_SP00279" HPOS="1440" VPOS="1700" WIDTH="17"/>
						<String ID="P22_ST00316" HPOS="1457" VPOS="1670" WIDTH="146" HEIGHT="28" CONTENT="bedenken" WC="0.99" CC="70050000"/>
						<SP ID="P22_SP00280" HPOS="1603" VPOS="1700" WIDTH="12"/>
						<String ID="P22_ST00317" HPOS="1615" VPOS="1675" WIDTH="48" HEIGHT="24" CONTENT="wir" WC="0.95" CC="076"/>
					</TextLine>
					<TextLine ID="P22_TL00038" HPOS="774" VPOS="1701" WIDTH="888" HEIGHT="35">
						<String ID="P22_ST00318" HPOS="774" VPOS="1701" WIDTH="85" HEIGHT="31" CONTENT="nicht," WC="0.98" CC="370704"/>
						<SP ID="P22_SP00281" HPOS="859" VPOS="1732" WIDTH="8"/>
						<String ID="P22_ST00319" HPOS="867" VPOS="1702" WIDTH="62" HEIGHT="27" CONTENT="dass" WC="0.99" CC="0004"/>
						<SP ID="P22_SP00282" HPOS="929" VPOS="1732" WIDTH="13"/>
						<String ID="P22_ST00320" HPOS="942" VPOS="1712" WIDTH="28" HEIGHT="17" CONTENT="es" WC="0.78" CC="31"/>
						<SP ID="P22_SP00283" HPOS="970" VPOS="1732" WIDTH="5"/>
						<String ID="P22_ST00321" HPOS="975" VPOS="1703" WIDTH="138" HEIGHT="27" CONTENT="vielleicht" WC="0.99" CC="0734437000"/>
						<SP ID="P22_SP00284" HPOS="1113" VPOS="1732" WIDTH="6"/>
						<String ID="P22_ST00322" HPOS="1119" VPOS="1706" WIDTH="45" HEIGHT="24" CONTENT="ein" WC="0.95" CC="570"/>
						<SP ID="P22_SP00285" HPOS="1164" VPOS="1732" WIDTH="7"/>
						<String ID="P22_ST00323" HPOS="1171" VPOS="1704" WIDTH="210" HEIGHT="29" CONTENT="vernichtender" WC="1.00" CC="0000700050076"/>
						<SP ID="P22_SP00286" HPOS="1381" VPOS="1733" WIDTH="2"/>
						<String ID="P22_ST00324" HPOS="1383" VPOS="1706" WIDTH="122" HEIGHT="28" CONTENT="Anblick" WC="0.98" CC="0073605"/>
						<SP ID="P22_SP00287" HPOS="1505" VPOS="1734" WIDTH="12"/>
						<String ID="P22_ST00325" HPOS="1517" VPOS="1710" WIDTH="42" HEIGHT="25" CONTENT="ist." WC="0.99" CC="0004"/>
						<SP ID="P22_SP00288" HPOS="1559" VPOS="1735" WIDTH="10"/>
						<String ID="P22_ST00326" HPOS="1569" VPOS="1708" WIDTH="93" HEIGHT="28" CONTENT="Schön" WC="0.99" CC="00700"/>
					</TextLine>
					<TextLine ID="P22_TL00039" HPOS="773" VPOS="1738" WIDTH="887" HEIGHT="41">
						<String ID="P22_ST00327" HPOS="773" VPOS="1740" WIDTH="34" HEIGHT="24" CONTENT="ist" WC="0.97" CC="700"/>
						<SP ID="P22_SP00289" HPOS="807" VPOS="1764" WIDTH="13"/>
						<String ID="P22_ST00328" HPOS="820" VPOS="1738" WIDTH="45" HEIGHT="27" CONTENT="der" WC="0.99" CC="030"/>
						<SP ID="P22_SP00290" HPOS="865" VPOS="1765" WIDTH="13"/>
						<String ID="P22_ST00329" HPOS="878" VPOS="1738" WIDTH="141" HEIGHT="36" CONTENT="Frühling," WC="0.99" CC="000067004"/>
						<SP ID="P22_SP00291" HPOS="1019" VPOS="1774" WIDTH="21"/>
						<String ID="P22_ST00330" HPOS="1040" VPOS="1739" WIDTH="63" HEIGHT="28" CONTENT="aber" WC="0.96" CC="0756"/>
						<SP ID="P22_SP00292" HPOS="1103" VPOS="1774" WIDTH="19"/>
						<String ID="P22_ST00331" HPOS="1122" VPOS="1741" WIDTH="85" HEIGHT="27" CONTENT="schön" WC="0.99" CC="02700"/>
						<SP ID="P22_SP00293" HPOS="1207" VPOS="1774" WIDTH="19"/>
						<String ID="P22_ST00332" HPOS="1226" VPOS="1741" WIDTH="78" HEIGHT="28" CONTENT="kann" WC="0.98" CC="0055"/>
						<SP ID="P22_SP00294" HPOS="1304" VPOS="1774" WIDTH="19"/>
						<String ID="P22_ST00333" HPOS="1323" VPOS="1742" WIDTH="72" HEIGHT="28" CONTENT="auch" WC="0.97" CC="0617"/>
						<SP ID="P22_SP00295" HPOS="1395" VPOS="1774" WIDTH="18"/>
						<String ID="P22_ST00334" HPOS="1413" VPOS="1743" WIDTH="47" HEIGHT="28" CONTENT="der" WC="0.96" CC="047"/>
						<SP ID="P22_SP00296" HPOS="1460" VPOS="1774" WIDTH="15"/>
						<String ID="P22_ST00335" HPOS="1475" VPOS="1744" WIDTH="102" HEIGHT="29" CONTENT="Herbst" WC="0.97" CC="057760"/>
						<SP ID="P22_SP00297" HPOS="1577" VPOS="1774" WIDTH="18"/>
						<String ID="P22_ST00336" HPOS="1595" VPOS="1749" WIDTH="65" HEIGHT="30" CONTENT="sein," WC="0.99" CC="06003"/>
					</TextLine>
					<TextLine ID="P22_TL00040" HPOS="773" VPOS="1777" WIDTH="887" HEIGHT="34">
						<String ID="P22_ST00337" HPOS="773" VPOS="1785" WIDTH="82" HEIGHT="17" CONTENT="wenn" WC="0.96" CC="0665"/>
						<SP ID="P22_SP00298" HPOS="855" VPOS="1802" WIDTH="19"/>
						<String ID="P22_ST00338" HPOS="874" VPOS="1786" WIDTH="28" HEIGHT="16" CONTENT="er" WC="0.93" CC="10"/>
						<SP ID="P22_SP00299" HPOS="902" VPOS="1802" WIDTH="20"/>
						<String ID="P22_ST00339" HPOS="922" VPOS="1786" WIDTH="52" HEIGHT="17" CONTENT="uns" WC="0.97" CC="600"/>
						<SP ID="P22_SP00300" HPOS="974" VPOS="1803" WIDTH="20"/>
						<String ID="P22_ST00340" HPOS="994" VPOS="1779" WIDTH="51" HEIGHT="25" CONTENT="mit" WC="0.95" CC="570"/>
						<SP ID="P22_SP00301" HPOS="1045" VPOS="1804" WIDTH="18"/>
						<String ID="P22_ST00341" HPOS="1063" VPOS="1780" WIDTH="94" HEIGHT="25" CONTENT="seinen" WC="0.98" CC="156040"/>
						<SP ID="P22_SP00302" HPOS="1157" VPOS="1805" WIDTH="13"/>
						<String ID="P22_ST00342" HPOS="1170" VPOS="1777" WIDTH="144" HEIGHT="29" CONTENT="Schauern" WC="0.99" CC="01707403"/>
						<SP ID="P22_SP00303" HPOS="1314" VPOS="1806" WIDTH="20"/>
						<String ID="P22_ST00343" HPOS="1334" VPOS="1780" WIDTH="103" HEIGHT="31" CONTENT="erfüllt;" WC="0.99" CC="50004600"/>
						<SP ID="P22_SP00304" HPOS="1437" VPOS="1811" WIDTH="21"/>
						<String ID="P22_ST00344" HPOS="1458" VPOS="1781" WIDTH="86" HEIGHT="27" CONTENT="schön" WC="0.99" CC="50000"/>
						<SP ID="P22_SP00305" HPOS="1544" VPOS="1811" WIDTH="20"/>
						<String ID="P22_ST00345" HPOS="1564" VPOS="1785" WIDTH="34" HEIGHT="24" CONTENT="ist" WC="0.99" CC="020"/>
						<SP ID="P22_SP00306" HPOS="1598" VPOS="1811" WIDTH="18"/>
						<String ID="P22_ST00346" HPOS="1616" VPOS="1786" WIDTH="44" HEIGHT="25" CONTENT="ein" WC="0.95" CC="670"/>
					</TextLine>
					<TextLine ID="P22_TL00041" HPOS="773" VPOS="1811" WIDTH="887" HEIGHT="37">
						<String ID="P22_ST00347" HPOS="773" VPOS="1811" WIDTH="109" HEIGHT="35" CONTENT="ruhiger" WC="0.99" CC="5607000"/>
						<SP ID="P22_SP00307" HPOS="882" VPOS="1846" WIDTH="14"/>
						<String ID="P22_ST00348" HPOS="896" VPOS="1813" WIDTH="51" HEIGHT="27" CONTENT="See" WC="0.98" CC="060"/>
						<SP ID="P22_SP00308" HPOS="947" VPOS="1846" WIDTH="17"/>
						<String ID="P22_ST00349" HPOS="964" VPOS="1813" WIDTH="58" HEIGHT="28" CONTENT="und" WC="0.91" CC="769"/>
						<SP ID="P22_SP00309" HPOS="1022" VPOS="1846" WIDTH="19"/>
						<String ID="P22_ST00350" HPOS="1041" VPOS="1817" WIDTH="45" HEIGHT="24" CONTENT="ein" WC="0.93" CC="575"/>
						<SP ID="P22_SP00310" HPOS="1086" VPOS="1846" WIDTH="13"/>
						<String ID="P22_ST00351" HPOS="1099" VPOS="1814" WIDTH="91" HEIGHT="28" CONTENT="klarer" WC="0.98" CC="670027"/>
						<SP ID="P22_SP00311" HPOS="1190" VPOS="1846" WIDTH="12"/>
						<String ID="P22_ST00352" HPOS="1202" VPOS="1816" WIDTH="85" HEIGHT="31" CONTENT="Bach," WC="1.00" CC="00004"/>
						<SP ID="P22_SP00312" HPOS="1287" VPOS="1847" WIDTH="20"/>
						<String ID="P22_ST00353" HPOS="1307" VPOS="1816" WIDTH="64" HEIGHT="28" CONTENT="aber" WC="0.97" CC="0760"/>
						<SP ID="P22_SP00313" HPOS="1371" VPOS="1847" WIDTH="18"/>
						<String ID="P22_ST00354" HPOS="1389" VPOS="1818" WIDTH="72" HEIGHT="27" CONTENT="noch" WC="0.98" CC="0307"/>
						<SP ID="P22_SP00314" HPOS="1461" VPOS="1847" WIDTH="13"/>
						<String ID="P22_ST00355" HPOS="1474" VPOS="1819" WIDTH="54" HEIGHT="27" CONTENT="viel" WC="0.96" CC="0756"/>
						<SP ID="P22_SP00315" HPOS="1528" VPOS="1847" WIDTH="16"/>
						<String ID="P22_ST00356" HPOS="1544" VPOS="1819" WIDTH="116" HEIGHT="29" CONTENT="schöner" WC="0.99" CC="0004430"/>
					</TextLine>
					<TextLine ID="P22_TL00042" HPOS="772" VPOS="1848" WIDTH="888" HEIGHT="37">
						<String ID="P22_ST00357" HPOS="772" VPOS="1851" WIDTH="34" HEIGHT="23" CONTENT="ist" WC="0.97" CC="710"/>
						<SP ID="P22_SP00316" HPOS="806" VPOS="1874" WIDTH="12"/>
						<String ID="P22_ST00358" HPOS="818" VPOS="1848" WIDTH="43" HEIGHT="28" CONTENT="die" WC="0.95" CC="066"/>
						<SP ID="P22_SP00317" HPOS="861" VPOS="1876" WIDTH="12"/>
						<String ID="P22_ST00359" HPOS="873" VPOS="1849" WIDTH="154" HEIGHT="36" CONTENT="Brandung" WC="0.99" CC="30040740"/>
						<SP ID="P22_SP00318" HPOS="1027" VPOS="1885" WIDTH="13"/>
						<String ID="P22_ST00360" HPOS="1040" VPOS="1851" WIDTH="46" HEIGHT="27" CONTENT="des" WC="0.98" CC="050"/>
						<SP ID="P22_SP00319" HPOS="1086" VPOS="1885" WIDTH="13"/>
						<String ID="P22_ST00361" HPOS="1099" VPOS="1852" WIDTH="109" HEIGHT="27" CONTENT="Meeres" WC="0.98" CC="040605"/>
						<SP ID="P22_SP00320" HPOS="1208" VPOS="1885" WIDTH="18"/>
						<String ID="P22_ST00362" HPOS="1226" VPOS="1853" WIDTH="58" HEIGHT="27" CONTENT="und" WC="0.97" CC="700"/>
						<SP ID="P22_SP00321" HPOS="1284" VPOS="1885" WIDTH="18"/>
						<String ID="P22_ST00363" HPOS="1302" VPOS="1853" WIDTH="49" HEIGHT="27" CONTENT="das" WC="0.99" CC="030"/>
						<SP ID="P22_SP00322" HPOS="1351" VPOS="1885" WIDTH="12"/>
						<String ID="P22_ST00364" HPOS="1363" VPOS="1854" WIDTH="232" HEIGHT="30" CONTENT="Herniedertosen" WC="0.99" CC="00727607701526"/>
						<SP ID="P22_SP00323" HPOS="1595" VPOS="1885" WIDTH="19"/>
						<String ID="P22_ST00365" HPOS="1614" VPOS="1857" WIDTH="46" HEIGHT="28" CONTENT="des" WC="0.98" CC="040"/>
					</TextLine>
					<TextLine ID="P22_TL00043" HPOS="771" VPOS="1885" WIDTH="889" HEIGHT="39">
						<String ID="P22_ST00366" HPOS="771" VPOS="1885" WIDTH="202" HEIGHT="34" CONTENT="Bergstromes;" WC="1.00" CC="370000000006"/>
						<SP ID="P22_SP00324" HPOS="973" VPOS="1919" WIDTH="13"/>
						<String ID="P22_ST00367" HPOS="986" VPOS="1888" WIDTH="86" HEIGHT="27" CONTENT="schön" WC="1.00" CC="00000"/>
						<SP ID="P22_SP00325" HPOS="1072" VPOS="1919" WIDTH="14"/>
						<String ID="P22_ST00368" HPOS="1086" VPOS="1888" WIDTH="60" HEIGHT="27" CONTENT="sind" WC="0.98" CC="0700"/>
						<SP ID="P22_SP00326" HPOS="1146" VPOS="1919" WIDTH="7"/>
						<String ID="P22_ST00369" HPOS="1153" VPOS="1889" WIDTH="43" HEIGHT="28" CONTENT="die" WC="0.98" CC="006"/>
						<SP ID="P22_SP00327" HPOS="1196" VPOS="1919" WIDTH="7"/>
						<String ID="P22_ST00370" HPOS="1203" VPOS="1890" WIDTH="120" HEIGHT="28" CONTENT="steilsten" WC="1.00" CC="003040050"/>
						<SP ID="P22_SP00328" HPOS="1323" VPOS="1919" WIDTH="7"/>
						<String ID="P22_ST00371" HPOS="1330" VPOS="1891" WIDTH="92" HEIGHT="33" CONTENT="Gipfel" WC="0.99" CC="000055"/>
						<SP ID="P22_SP00329" HPOS="1422" VPOS="1924" WIDTH="6"/>
						<String ID="P22_ST00372" HPOS="1428" VPOS="1892" WIDTH="58" HEIGHT="27" CONTENT="und" WC="1.00" CC="000"/>
						<SP ID="P22_SP00330" HPOS="1486" VPOS="1924" WIDTH="9"/>
						<String ID="P22_ST00373" HPOS="1495" VPOS="1892" WIDTH="43" HEIGHT="28" CONTENT="die" WC="1.00" CC="000"/>
						<SP ID="P22_SP00331" HPOS="1538" VPOS="1924" WIDTH="10"/>
						<String ID="P22_ST00374" HPOS="1548" VPOS="1894" WIDTH="98" HEIGHT="28" CONTENT="schroff" SUBS_TYPE="HypPart1" SUBS_CONTENT="schroffsten" WC="1.00" CC="0100032"/>
						<HYP HPOS="1646" VPOS="1894" WIDTH="14" CONTENT="-"/>
					</TextLine>
					<TextLine ID="P22_TL00044" HPOS="771" VPOS="1923" WIDTH="888" HEIGHT="41">
						<String ID="P22_ST00375" HPOS="771" VPOS="1927" WIDTH="58" HEIGHT="22" CONTENT="sten" SUBS_TYPE="HypPart2" SUBS_CONTENT="schroffsten" WC="1.00" CC="0000"/>
						<SP ID="P22_SP00332" HPOS="829" VPOS="1949" WIDTH="7"/>
						<String ID="P22_ST00376" HPOS="836" VPOS="1923" WIDTH="162" HEIGHT="34" CONTENT="Abgründe." WC="0.99" CC="079000044"/>
						<SP ID="P22_SP00333" HPOS="998" VPOS="1957" WIDTH="14"/>
						<String ID="P22_ST00377" HPOS="1012" VPOS="1924" WIDTH="93" HEIGHT="28" CONTENT="Schön" WC="0.98" CC="00716"/>
						<SP ID="P22_SP00334" HPOS="1105" VPOS="1957" WIDTH="14"/>
						<String ID="P22_ST00378" HPOS="1119" VPOS="1926" WIDTH="60" HEIGHT="27" CONTENT="sind" WC="0.97" CC="1760"/>
						<SP ID="P22_SP00335" HPOS="1179" VPOS="1957" WIDTH="12"/>
						<String ID="P22_ST00379" HPOS="1191" VPOS="1929" WIDTH="48" HEIGHT="29" CONTENT="sic," WC="0.96" CC="0774"/>
						<SP ID="P22_SP00336" HPOS="1239" VPOS="1958" WIDTH="8"/>
						<String ID="P22_ST00380" HPOS="1247" VPOS="1928" WIDTH="63" HEIGHT="27" CONTENT="weil" WC="0.96" CC="0476"/>
						<SP ID="P22_SP00337" HPOS="1310" VPOS="1958" WIDTH="8"/>
						<String ID="P22_ST00381" HPOS="1318" VPOS="1930" WIDTH="49" HEIGHT="25" CONTENT="wir" WC="0.95" CC="077"/>
						<SP ID="P22_SP00338" HPOS="1367" VPOS="1958" WIDTH="12"/>
						<String ID="P22_ST00382" HPOS="1379" VPOS="1928" WIDTH="73" HEIGHT="28" CONTENT="beim" WC="0.97" CC="7070"/>
						<SP ID="P22_SP00339" HPOS="1452" VPOS="1958" WIDTH="9"/>
						<String ID="P22_ST00383" HPOS="1461" VPOS="1929" WIDTH="130" HEIGHT="29" CONTENT="Schauen" WC="0.98" CC="0470750"/>
						<SP ID="P22_SP00340" HPOS="1591" VPOS="1958" WIDTH="9"/>
						<String ID="P22_ST00384" HPOS="1600" VPOS="1932" WIDTH="59" HEIGHT="32" CONTENT="jede" WC="0.99" CC="0303"/>
					</TextLine>
					<TextLine ID="P22_TL00045" HPOS="771" VPOS="1959" WIDTH="887" HEIGHT="42">
						<String ID="P22_ST00385" HPOS="771" VPOS="1959" WIDTH="103" HEIGHT="28" CONTENT="Furcht" WC="0.99" CC="060000"/>
						<SP ID="P22_SP00341" HPOS="874" VPOS="1987" WIDTH="6"/>
						<String ID="P22_ST00386" HPOS="880" VPOS="1961" WIDTH="132" HEIGHT="27" CONTENT="verlieren" WC="0.99" CC="030605060"/>
						<SP ID="P22_SP00342" HPOS="1012" VPOS="1988" WIDTH="13"/>
						<String ID="P22_ST00387" HPOS="1025" VPOS="1962" WIDTH="58" HEIGHT="27" CONTENT="und" WC="0.96" CC="740"/>
						<SP ID="P22_SP00343" HPOS="1083" VPOS="1989" WIDTH="8"/>
						<String ID="P22_ST00388" HPOS="1091" VPOS="1973" WIDTH="154" HEIGHT="24" CONTENT="sozusagen" WC="0.99" CC="007600066"/>
						<SP ID="P22_SP00344" HPOS="1245" VPOS="1997" WIDTH="7"/>
						<String ID="P22_ST00389" HPOS="1252" VPOS="1964" WIDTH="47" HEIGHT="28" CONTENT="der" WC="0.98" CC="050"/>
						<SP ID="P22_SP00345" HPOS="1299" VPOS="1997" WIDTH="8"/>
						<String ID="P22_ST00390" HPOS="1307" VPOS="1965" WIDTH="104" HEIGHT="27" CONTENT="Gefahr" WC="1.00" CC="030000"/>
						<SP ID="P22_SP00346" HPOS="1411" VPOS="1997" WIDTH="9"/>
						<String ID="P22_ST00391" HPOS="1420" VPOS="1968" WIDTH="238" HEIGHT="33" CONTENT="entgcgenjubeln." WC="0.62" CC="520070642672604"/>
					</TextLine>
					<TextLine ID="P22_TL00046" HPOS="771" VPOS="1995" WIDTH="885" HEIGHT="44">
						<String ID="P22_ST00392" HPOS="771" VPOS="1995" WIDTH="72" HEIGHT="28" CONTENT="Weil" WC="0.97" CC="0276"/>
						<SP ID="P22_SP00347" HPOS="843" VPOS="2023" WIDTH="7"/>
						<String ID="P22_ST00393" HPOS="850" VPOS="1999" WIDTH="49" HEIGHT="24" CONTENT="wir" WC="0.94" CC="970"/>
						<SP ID="P22_SP00348" HPOS="899" VPOS="2023" WIDTH="7"/>
						<String ID="P22_ST00394" HPOS="906" VPOS="1997" WIDTH="88" HEIGHT="28" CONTENT="NUR" WC="1.00" CC="000"/>
						<SP ID="P22_SP00349" HPOS="994" VPOS="2025" WIDTH="8"/>
						<String ID="P22_ST00395" HPOS="1002" VPOS="1998" WIDTH="122" HEIGHT="28" CONTENT="schauen" WC="0.99" CC="0400526"/>
						<SP ID="P22_SP00350" HPOS="1124" VPOS="2026" WIDTH="12"/>
						<String ID="P22_ST00396" HPOS="1136" VPOS="2001" WIDTH="58" HEIGHT="26" CONTENT="und" WC="0.97" CC="700"/>
						<SP ID="P22_SP00351" HPOS="1194" VPOS="2027" WIDTH="13"/>
						<String ID="P22_ST00397" HPOS="1207" VPOS="2006" WIDTH="75" HEIGHT="23" CONTENT="sonst" WC="0.98" CC="50510"/>
						<SP ID="P22_SP00352" HPOS="1282" VPOS="2029" WIDTH="6"/>
						<String ID="P22_ST00398" HPOS="1288" VPOS="2002" WIDTH="97" HEIGHT="27" CONTENT="nichts." WC="0.99" CC="7700003"/>
						<SP ID="P22_SP00353" HPOS="1385" VPOS="2029" WIDTH="8"/>
						<String ID="P22_ST00399" HPOS="1393" VPOS="2003" WIDTH="61" HEIGHT="27" CONTENT="Aus" WC="0.95" CC="075"/>
						<SP ID="P22_SP00354" HPOS="1454" VPOS="2030" WIDTH="7"/>
						<String ID="P22_ST00400" HPOS="1461" VPOS="2003" WIDTH="63" HEIGHT="28" CONTENT="dem" WC="0.94" CC="960"/>
						<SP ID="P22_SP00355" HPOS="1524" VPOS="2031" WIDTH="8"/>
						<String ID="P22_ST00401" HPOS="1532" VPOS="2004" WIDTH="124" HEIGHT="35" CONTENT="Scheine," WC="0.99" CC="03030764"/>
					</TextLine>
					<TextLine ID="P22_TL00047" HPOS="771" VPOS="2033" WIDTH="884" HEIGHT="43">
						<String ID="P22_ST00402" HPOS="771" VPOS="2033" WIDTH="52" HEIGHT="27" CONTENT="den" WC="0.95" CC="066"/>
						<SP ID="P22_SP00356" HPOS="823" VPOS="2060" WIDTH="13"/>
						<String ID="P22_ST00403" HPOS="836" VPOS="2036" WIDTH="49" HEIGHT="24" CONTENT="wir" WC="0.94" CC="970"/>
						<SP ID="P22_SP00357" HPOS="885" VPOS="2060" WIDTH="13"/>
						<String ID="P22_ST00404" HPOS="898" VPOS="2035" WIDTH="160" HEIGHT="31" CONTENT="erschauen," WC="0.98" CC="4770790734"/>
						<SP ID="P22_SP00358" HPOS="1058" VPOS="2066" WIDTH="19"/>
						<String ID="P22_ST00405" HPOS="1077" VPOS="2037" WIDTH="102" HEIGHT="32" CONTENT="spricht" WC="0.99" CC="0077400"/>
						<SP ID="P22_SP00359" HPOS="1179" VPOS="2069" WIDTH="16"/>
						<String ID="P22_ST00406" HPOS="1195" VPOS="2038" WIDTH="73" HEIGHT="27" CONTENT="auch" WC="0.97" CC="0760"/>
						<SP ID="P22_SP00360" HPOS="1268" VPOS="2069" WIDTH="12"/>
						<String ID="P22_ST00407" HPOS="1280" VPOS="2039" WIDTH="49" HEIGHT="27" CONTENT="das" WC="0.97" CC="070"/>
						<SP ID="P22_SP00361" HPOS="1329" VPOS="2069" WIDTH="12"/>
						<String ID="P22_ST00408" HPOS="1341" VPOS="2040" WIDTH="102" HEIGHT="27" CONTENT="Wesen" WC="0.98" CC="03660"/>
						<SP ID="P22_SP00362" HPOS="1443" VPOS="2069" WIDTH="13"/>
						<String ID="P22_ST00409" HPOS="1456" VPOS="2040" WIDTH="46" HEIGHT="27" CONTENT="der" WC="0.95" CC="057"/>
						<SP ID="P22_SP00363" HPOS="1502" VPOS="2069" WIDTH="13"/>
						<String ID="P22_ST00410" HPOS="1515" VPOS="2041" WIDTH="91" HEIGHT="35" CONTENT="Dinge" WC="0.97" CC="34493"/>
						<SP ID="P22_SP00364" HPOS="1606" VPOS="2076" WIDTH="16"/>
						<String ID="P22_ST00411" HPOS="1622" VPOS="2054" WIDTH="33" HEIGHT="19" CONTENT="zu" WC="0.30" CC="67"/>
					</TextLine>
				</TextBlock>
				<TextBlock ID="P22_TB00003" HPOS="1703" VPOS="377" WIDTH="912" HEIGHT="1674" STYLEREFS="TXT_1 PAR_BLOCK">
					<TextLine ID="P22_TL00048" HPOS="1726" VPOS="378" WIDTH="888" HEIGHT="47">
						<String ID="P22_ST00412" HPOS="1726" VPOS="385" WIDTH="53" HEIGHT="17" CONTENT="«ns" WC="0.96" CC="262"/>
						<SP ID="P22_SP00365" HPOS="1779" VPOS="402" WIDTH="16"/>
						<String ID="P22_ST00413" HPOS="1795" VPOS="378" WIDTH="57" HEIGHT="27" CONTENT="und" WC="0.92" CC="777"/>
						<SP ID="P22_SP00366" HPOS="1852" VPOS="405" WIDTH="18"/>
						<String ID="P22_ST00414" HPOS="1870" VPOS="382" WIDTH="100" HEIGHT="27" CONTENT="nimmt" WC="0.98" CC="16430"/>
						<SP ID="P22_SP00367" HPOS="1970" VPOS="409" WIDTH="12"/>
						<String ID="P22_ST00415" HPOS="1982" VPOS="393" WIDTH="56" HEIGHT="17" CONTENT="von" WC="0.98" CC="400"/>
						<SP ID="P22_SP00368" HPOS="2038" VPOS="410" WIDTH="14"/>
						<String ID="P22_ST00416" HPOS="2052" VPOS="395" WIDTH="126" HEIGHT="19" CONTENT="unserem" WC="0.98" CC="7034731"/>
						<SP ID="P22_SP00369" HPOS="2178" VPOS="414" WIDTH="13"/>
						<String ID="P22_ST00417" HPOS="2191" VPOS="390" WIDTH="115" HEIGHT="32" CONTENT="eigenen" WC="0.98" CC="4075054"/>
						<SP ID="P22_SP00370" HPOS="2306" VPOS="422" WIDTH="13"/>
						<String ID="P22_ST00418" HPOS="2319" VPOS="391" WIDTH="103" HEIGHT="29" CONTENT="Wesen" WC="0.97" CC="65340"/>
						<SP ID="P22_SP00371" HPOS="2422" VPOS="422" WIDTH="12"/>
						<String ID="P22_ST00419" HPOS="2434" VPOS="394" WIDTH="98" HEIGHT="29" CONTENT="Besitz." WC="0.98" CC="5207063"/>
						<SP ID="P22_SP00372" HPOS="2532" VPOS="423" WIDTH="22"/>
						<String ID="P22_ST00420" HPOS="2554" VPOS="397" WIDTH="60" HEIGHT="28" CONTENT="Wir" WC="0.90" CC="979"/>
					</TextLine>
					<TextLine ID="P22_TL00049" HPOS="1726" VPOS="416" WIDTH="888" HEIGHT="50">
						<String ID="P22_ST00421" HPOS="1726" VPOS="416" WIDTH="60" HEIGHT="24" CONTENT="sind" WC="0.98" CC="1700"/>
						<SP ID="P22_SP00373" HPOS="1786" VPOS="440" WIDTH="21"/>
						<String ID="P22_ST00422" HPOS="1807" VPOS="418" WIDTH="148" HEIGHT="31" CONTENT="gleichsam" WC="0.99" CC="700722050"/>
						<SP ID="P22_SP00374" HPOS="1955" VPOS="449" WIDTH="22"/>
						<String ID="P22_ST00423" HPOS="1977" VPOS="419" WIDTH="48" HEIGHT="29" CONTENT="das" WC="0.98" CC="032"/>
						<SP ID="P22_SP00375" HPOS="2025" VPOS="449" WIDTH="20"/>
						<String ID="P22_ST00424" HPOS="2045" VPOS="422" WIDTH="84" HEIGHT="35" CONTENT="Ding," WC="0.99" CC="40004"/>
						<SP ID="P22_SP00376" HPOS="2129" VPOS="457" WIDTH="22"/>
						<String ID="P22_ST00425" HPOS="2151" VPOS="425" WIDTH="49" HEIGHT="27" CONTENT="das" WC="1.00" CC="000"/>
						<SP ID="P22_SP00377" HPOS="2200" VPOS="457" WIDTH="19"/>
						<String ID="P22_ST00426" HPOS="2219" VPOS="429" WIDTH="50" HEIGHT="25" CONTENT="wir" WC="0.97" CC="070"/>
						<SP ID="P22_SP00378" HPOS="2269" VPOS="457" WIDTH="20"/>
						<String ID="P22_ST00427" HPOS="2289" VPOS="428" WIDTH="133" HEIGHT="29" CONTENT="schauen." WC="0.98" CC="50706444"/>
						<SP ID="P22_SP00379" HPOS="2422" VPOS="457" WIDTH="23"/>
						<String ID="P22_ST00428" HPOS="2445" VPOS="432" WIDTH="59" HEIGHT="28" CONTENT="Das" WC="0.99" CC="100"/>
						<SP ID="P22_SP00380" HPOS="2504" VPOS="460" WIDTH="20"/>
						<String ID="P22_ST00429" HPOS="2524" VPOS="434" WIDTH="90" HEIGHT="32" CONTENT="klingt" WC="0.98" CC="657070"/>
					</TextLine>
					<TextLine ID="P22_TL00050" HPOS="1726" VPOS="453" WIDTH="886" HEIGHT="49">
						<String ID="P22_ST00430" HPOS="1726" VPOS="453" WIDTH="133" HEIGHT="29" CONTENT="mystisch" WC="0.99" CC="66007300"/>
						<SP ID="P22_SP00381" HPOS="1859" VPOS="482" WIDTH="16"/>
						<String ID="P22_ST00431" HPOS="1875" VPOS="455" WIDTH="58" HEIGHT="27" CONTENT="und" WC="0.97" CC="700"/>
						<SP ID="P22_SP00382" HPOS="1933" VPOS="482" WIDTH="17"/>
						<String ID="P22_ST00432" HPOS="1950" VPOS="459" WIDTH="33" HEIGHT="25" CONTENT="ist" WC="0.97" CC="610"/>
						<SP ID="P22_SP00383" HPOS="1983" VPOS="484" WIDTH="14"/>
						<String ID="P22_ST00433" HPOS="1997" VPOS="458" WIDTH="70" HEIGHT="28" CONTENT="doch" WC="1.00" CC="0000"/>
						<SP ID="P22_SP00384" HPOS="2067" VPOS="486" WIDTH="13"/>
						<String ID="P22_ST00434" HPOS="2080" VPOS="463" WIDTH="61" HEIGHT="25" CONTENT="eine" WC="0.96" CC="6706"/>
						<SP ID="P22_SP00385" HPOS="2141" VPOS="488" WIDTH="12"/>
						<String ID="P22_ST00435" HPOS="2153" VPOS="463" WIDTH="120" HEIGHT="33" CONTENT="tägliche" WC="0.99" CC="07045004"/>
						<SP ID="P22_SP00386" HPOS="2273" VPOS="496" WIDTH="13"/>
						<String ID="P22_ST00436" HPOS="2286" VPOS="465" WIDTH="167" HEIGHT="37" CONTENT="Erfahrung." WC="0.99" CC="1600096403"/>
						<SP ID="P22_SP00387" HPOS="2453" VPOS="502" WIDTH="19"/>
						<String ID="P22_ST00437" HPOS="2472" VPOS="469" WIDTH="93" HEIGHT="30" CONTENT="Schön" WC="0.99" CC="00055"/>
						<SP ID="P22_SP00388" HPOS="2565" VPOS="502" WIDTH="13"/>
						<String ID="P22_ST00438" HPOS="2578" VPOS="475" WIDTH="34" HEIGHT="24" CONTENT="ist" WC="0.97" CC="710"/>
					</TextLine>
					<TextLine ID="P22_TL00051" HPOS="1725" VPOS="492" WIDTH="885" HEIGHT="46">
						<String ID="P22_ST00439" HPOS="1725" VPOS="492" WIDTH="72" HEIGHT="23" CONTENT="auch" WC="0.97" CC="0706"/>
						<SP ID="P22_SP00389" HPOS="1797" VPOS="515" WIDTH="13"/>
						<String ID="P22_ST00440" HPOS="1810" VPOS="492" WIDTH="48" HEIGHT="25" CONTENT="das" WC="0.99" CC="002"/>
						<SP ID="P22_SP00390" HPOS="1858" VPOS="517" WIDTH="14"/>
						<String ID="P22_ST00441" HPOS="1872" VPOS="492" WIDTH="112" HEIGHT="29" CONTENT="Gesicht" WC="1.00" CC="0400000"/>
						<SP ID="P22_SP00391" HPOS="1984" VPOS="521" WIDTH="16"/>
						<String ID="P22_ST00442" HPOS="2000" VPOS="495" WIDTH="46" HEIGHT="28" CONTENT="des" WC="0.97" CC="051"/>
						<SP ID="P22_SP00392" HPOS="2046" VPOS="523" WIDTH="17"/>
						<String ID="P22_ST00443" HPOS="2063" VPOS="497" WIDTH="178" HEIGHT="30" CONTENT="hässlichsten" WC="1.00" CC="045050302000"/>
						<SP ID="P22_SP00393" HPOS="2241" VPOS="527" WIDTH="15"/>
						<String ID="P22_ST00444" HPOS="2256" VPOS="501" WIDTH="165" HEIGHT="35" CONTENT="Menschen," WC="0.99" CC="070030404"/>
						<SP ID="P22_SP00394" HPOS="2421" VPOS="536" WIDTH="17"/>
						<String ID="P22_ST00445" HPOS="2438" VPOS="516" WIDTH="81" HEIGHT="19" CONTENT="wenn" WC="0.96" CC="9601"/>
						<SP ID="P22_SP00395" HPOS="2519" VPOS="536" WIDTH="17"/>
						<String ID="P22_ST00446" HPOS="2536" VPOS="511" WIDTH="74" HEIGHT="27" CONTENT="seine" WC="0.97" CC="04735"/>
					</TextLine>
					<TextLine ID="P22_TL00052" HPOS="1754" VPOS="529" WIDTH="856" HEIGHT="47">
						<String ID="P22_ST00447" HPOS="1754" VPOS="529" WIDTH="47" HEIGHT="42" CONTENT=",ele" WC="0.75" CC="0134"/>
						<SP ID="P22_SP00396" HPOS="1801" VPOS="571" WIDTH="19"/>
						<String ID="P22_ST00448" HPOS="1820" VPOS="537" WIDTH="50" HEIGHT="18" CONTENT="aus" WC="0.95" CC="571"/>
						<SP ID="P22_SP00397" HPOS="1870" VPOS="571" WIDTH="18"/>
						<String ID="P22_ST00449" HPOS="1888" VPOS="529" WIDTH="54" HEIGHT="28" CONTENT="den" WC="0.98" CC="040"/>
						<SP ID="P22_SP00398" HPOS="1942" VPOS="571" WIDTH="18"/>
						<String ID="P22_ST00450" HPOS="1960" VPOS="532" WIDTH="98" HEIGHT="35" CONTENT="Zügen" WC="0.99" CC="30060"/>
						<SP ID="P22_SP00399" HPOS="2058" VPOS="571" WIDTH="18"/>
						<String ID="P22_ST00451" HPOS="2076" VPOS="535" WIDTH="121" HEIGHT="29" CONTENT="leuchtet" WC="0.99" CC="64700050"/>
						<SP ID="P22_SP00400" HPOS="2197" VPOS="571" WIDTH="17"/>
						<String ID="P22_ST00452" HPOS="2214" VPOS="538" WIDTH="58" HEIGHT="27" CONTENT="und" WC="0.97" CC="700"/>
						<SP ID="P22_SP00401" HPOS="2272" VPOS="571" WIDTH="18"/>
						<String ID="P22_ST00453" HPOS="2290" VPOS="539" WIDTH="47" HEIGHT="27" CONTENT="der" WC="0.97" CC="006"/>
						<SP ID="P22_SP00402" HPOS="2337" VPOS="571" WIDTH="13"/>
						<String ID="P22_ST00454" HPOS="2350" VPOS="540" WIDTH="93" HEIGHT="29" CONTENT="Strahl" WC="0.99" CC="005004"/>
						<SP ID="P22_SP00403" HPOS="2443" VPOS="571" WIDTH="12"/>
						<String ID="P22_ST00455" HPOS="2455" VPOS="543" WIDTH="47" HEIGHT="28" CONTENT="des" WC="1.00" CC="000"/>
						<SP ID="P22_SP00404" HPOS="2502" VPOS="571" WIDTH="12"/>
						<String ID="P22_ST00456" HPOS="2514" VPOS="545" WIDTH="96" HEIGHT="31" CONTENT="Auges" WC="0.98" CC="07163"/>
					</TextLine>
					<TextLine ID="P22_TL00053" HPOS="1723" VPOS="565" WIDTH="887" HEIGHT="50">
						<String ID="P22_ST00457" HPOS="1723" VPOS="571" WIDTH="73" HEIGHT="19" CONTENT="seine" WC="0.97" CC="65704"/>
						<SP ID="P22_SP00405" HPOS="1796" VPOS="590" WIDTH="13"/>
						<String ID="P22_ST00458" HPOS="1809" VPOS="565" WIDTH="196" HEIGHT="39" CONTENT="Begeisterung" WC="0.99" CC="760670060700"/>
						<SP ID="P22_SP00406" HPOS="2005" VPOS="604" WIDTH="13"/>
						<String ID="P22_ST00459" HPOS="2018" VPOS="571" WIDTH="64" HEIGHT="27" CONTENT="oder" WC="0.98" CC="3007"/>
						<SP ID="P22_SP00407" HPOS="2082" VPOS="604" WIDTH="13"/>
						<String ID="P22_ST00460" HPOS="2095" VPOS="576" WIDTH="73" HEIGHT="25" CONTENT="seine" WC="0.98" CC="45600"/>
						<SP ID="P22_SP00408" HPOS="2168" VPOS="604" WIDTH="14"/>
						<String ID="P22_ST00461" HPOS="2182" VPOS="573" WIDTH="157" HEIGHT="31" CONTENT="Sehnsucht" WC="0.99" CC="020036200"/>
						<SP ID="P22_SP00409" HPOS="2339" VPOS="604" WIDTH="11"/>
						<String ID="P22_ST00462" HPOS="2350" VPOS="576" WIDTH="135" HEIGHT="39" CONTENT="blitzartig" WC="0.99" CC="7370000070"/>
						<SP ID="P22_SP00410" HPOS="2485" VPOS="615" WIDTH="13"/>
						<String ID="P22_ST00463" HPOS="2498" VPOS="583" WIDTH="48" HEIGHT="26" CONTENT="auf" WC="0.92" CC="973"/>
						<SP ID="P22_SP00411" HPOS="2546" VPOS="615" WIDTH="12"/>
						<String ID="P22_ST00464" HPOS="2558" VPOS="595" WIDTH="52" HEIGHT="16" CONTENT="uns" WC="0.97" CC="700"/>
					</TextLine>
					<TextLine ID="P22_TL00054" HPOS="1722" VPOS="604" WIDTH="887" HEIGHT="44">
						<String ID="P22_ST00465" HPOS="1722" VPOS="604" WIDTH="147" HEIGHT="32" CONTENT="überträgt," WC="0.99" CC="7050000404"/>
						<SP ID="P22_SP00412" HPOS="1869" VPOS="636" WIDTH="14"/>
						<String ID="P22_ST00466" HPOS="1883" VPOS="604" WIDTH="61" HEIGHT="28" CONTENT="dass" WC="1.00" CC="0000"/>
						<SP ID="P22_SP00413" HPOS="1944" VPOS="636" WIDTH="13"/>
						<String ID="P22_ST00467" HPOS="1957" VPOS="609" WIDTH="49" HEIGHT="25" CONTENT="wir" WC="0.97" CC="070"/>
						<SP ID="P22_SP00414" HPOS="2006" VPOS="636" WIDTH="12"/>
						<String ID="P22_ST00468" HPOS="2018" VPOS="611" WIDTH="51" HEIGHT="25" CONTENT="mit" WC="0.97" CC="170"/>
						<SP ID="P22_SP00415" HPOS="2069" VPOS="636" WIDTH="11"/>
						<String ID="P22_ST00469" HPOS="2080" VPOS="609" WIDTH="59" HEIGHT="28" CONTENT="ihm" WC="0.97" CC="700"/>
						<SP ID="P22_SP00416" HPOS="2139" VPOS="637" WIDTH="13"/>
						<String ID="P22_ST00470" HPOS="2152" VPOS="614" WIDTH="95" HEIGHT="31" CONTENT="singen" WC="0.99" CC="060050"/>
						<SP ID="P22_SP00417" HPOS="2247" VPOS="645" WIDTH="15"/>
						<String ID="P22_ST00471" HPOS="2262" VPOS="613" WIDTH="66" HEIGHT="28" CONTENT="oder" WC="0.98" CC="0070"/>
						<SP ID="P22_SP00418" HPOS="2328" VPOS="645" WIDTH="12"/>
						<String ID="P22_ST00472" HPOS="2340" VPOS="615" WIDTH="111" HEIGHT="29" CONTENT="seufzen" WC="0.98" CC="0670055"/>
						<SP ID="P22_SP00419" HPOS="2451" VPOS="645" WIDTH="17"/>
						<String ID="P22_ST00473" HPOS="2468" VPOS="620" WIDTH="141" HEIGHT="28" CONTENT="möchten," WC="1.00" CC="00000603"/>
					</TextLine>
					<TextLine ID="P22_TL00055" HPOS="1743" VPOS="639" WIDTH="866" HEIGHT="46">
						<String ID="P22_ST00474" HPOS="1743" VPOS="639" WIDTH="72" HEIGHT="26" CONTENT="chön" WC="0.74" CC="2034"/>
						<SP ID="P22_SP00420" HPOS="1815" VPOS="665" WIDTH="13"/>
						<String ID="P22_ST00475" HPOS="1828" VPOS="644" WIDTH="34" HEIGHT="23" CONTENT="ist" WC="0.97" CC="700"/>
						<SP ID="P22_SP00421" HPOS="1862" VPOS="667" WIDTH="12"/>
						<String ID="P22_ST00476" HPOS="1874" VPOS="651" WIDTH="49" HEIGHT="18" CONTENT="vor" WC="0.99" CC="200"/>
						<SP ID="P22_SP00422" HPOS="1923" VPOS="669" WIDTH="13"/>
						<String ID="P22_ST00477" HPOS="1936" VPOS="643" WIDTH="81" HEIGHT="28" CONTENT="allem" WC="0.97" CC="56053"/>
						<SP ID="P22_SP00423" HPOS="2017" VPOS="671" WIDTH="13"/>
						<String ID="P22_ST00478" HPOS="2030" VPOS="645" WIDTH="47" HEIGHT="28" CONTENT="der" WC="0.96" CC="055"/>
						<SP ID="P22_SP00424" HPOS="2077" VPOS="673" WIDTH="13"/>
						<String ID="P22_ST00479" HPOS="2090" VPOS="646" WIDTH="140" HEIGHT="35" CONTENT="Schmerz," WC="1.00" CC="00004004"/>
						<SP ID="P22_SP00425" HPOS="2230" VPOS="681" WIDTH="18"/>
						<String ID="P22_ST00480" HPOS="2248" VPOS="650" WIDTH="58" HEIGHT="27" CONTENT="und" WC="0.97" CC="700"/>
						<SP ID="P22_SP00426" HPOS="2306" VPOS="681" WIDTH="17"/>
						<String ID="P22_ST00481" HPOS="2323" VPOS="652" WIDTH="86" HEIGHT="28" CONTENT="schön" WC="0.99" CC="04004"/>
						<SP ID="P22_SP00427" HPOS="2409" VPOS="681" WIDTH="18"/>
						<String ID="P22_ST00482" HPOS="2427" VPOS="656" WIDTH="34" HEIGHT="25" CONTENT="ist" WC="0.97" CC="700"/>
						<SP ID="P22_SP00428" HPOS="2461" VPOS="681" WIDTH="16"/>
						<String ID="P22_ST00483" HPOS="2477" VPOS="657" WIDTH="72" HEIGHT="27" CONTENT="auch" WC="0.97" CC="0740"/>
						<SP ID="P22_SP00429" HPOS="2549" VPOS="684" WIDTH="13"/>
						<String ID="P22_ST00484" HPOS="2562" VPOS="658" WIDTH="47" HEIGHT="27" CONTENT="der" WC="0.99" CC="030"/>
					</TextLine>
					<TextLine ID="P22_TL00056" HPOS="1730" VPOS="678" WIDTH="877" HEIGHT="46">
						<String ID="P22_ST00485" HPOS="1730" VPOS="678" WIDTH="65" HEIGHT="24" CONTENT="iod." WC="0.73" CC="6004"/>
						<SP ID="P22_SP00430" HPOS="1795" VPOS="702" WIDTH="14"/>
						<String ID="P22_ST00486" HPOS="1809" VPOS="678" WIDTH="36" HEIGHT="25" CONTENT="So" WC="0.61" CC="70"/>
						<SP ID="P22_SP00431" HPOS="1845" VPOS="703" WIDTH="14"/>
						<String ID="P22_ST00487" HPOS="1859" VPOS="687" WIDTH="75" HEIGHT="24" CONTENT="gross" WC="1.00" CC="00010"/>
						<SP ID="P22_SP00432" HPOS="1934" VPOS="711" WIDTH="8"/>
						<String ID="P22_ST00488" HPOS="1942" VPOS="680" WIDTH="42" HEIGHT="28" CONTENT="die" WC="0.95" CC="066"/>
						<SP ID="P22_SP00433" HPOS="1984" VPOS="711" WIDTH="7"/>
						<String ID="P22_ST00489" HPOS="1991" VPOS="681" WIDTH="75" HEIGHT="29" CONTENT="Welt" WC="0.99" CC="0040"/>
						<SP ID="P22_SP00434" HPOS="2066" VPOS="711" WIDTH="12"/>
						<String ID="P22_ST00490" HPOS="2078" VPOS="686" WIDTH="42" HEIGHT="29" CONTENT="ist," WC="0.98" CC="7004"/>
						<SP ID="P22_SP00435" HPOS="2120" VPOS="715" WIDTH="15"/>
						<String ID="P22_ST00491" HPOS="2135" VPOS="687" WIDTH="85" HEIGHT="26" CONTENT="soviel" WC="0.99" CC="110005"/>
						<SP ID="P22_SP00436" HPOS="2220" VPOS="715" WIDTH="7"/>
						<String ID="P22_ST00492" HPOS="2227" VPOS="686" WIDTH="152" HEIGHT="30" CONTENT="Schönheit" WC="1.00" CC="000000600"/>
						<SP ID="P22_SP00437" HPOS="2379" VPOS="716" WIDTH="7"/>
						<String ID="P22_ST00493" HPOS="2386" VPOS="690" WIDTH="57" HEIGHT="34" CONTENT="gibt" WC="0.98" CC="0070"/>
						<SP ID="P22_SP00438" HPOS="2443" VPOS="724" WIDTH="12"/>
						<String ID="P22_ST00494" HPOS="2455" VPOS="703" WIDTH="36" HEIGHT="17" CONTENT="cs." WC="0.95" CC="723"/>
						<SP ID="P22_SP00439" HPOS="2491" VPOS="724" WIDTH="8"/>
						<String ID="P22_ST00495" HPOS="2499" VPOS="693" WIDTH="108" HEIGHT="29" CONTENT="Darum" WC="0.99" CC="00062"/>
					</TextLine>
					<TextLine ID="P22_TL00057" HPOS="1721" VPOS="716" WIDTH="887" HEIGHT="44">
						<String ID="P22_ST00496" HPOS="1721" VPOS="716" WIDTH="33" HEIGHT="21" CONTENT="ist" WC="0.96" CC="730"/>
						<SP ID="P22_SP00440" HPOS="1754" VPOS="737" WIDTH="16"/>
						<String ID="P22_ST00497" HPOS="1770" VPOS="716" WIDTH="72" HEIGHT="24" CONTENT="auch" WC="0.97" CC="3704"/>
						<SP ID="P22_SP00441" HPOS="1842" VPOS="740" WIDTH="17"/>
						<String ID="P22_ST00498" HPOS="1859" VPOS="716" WIDTH="49" HEIGHT="26" CONTENT="das" WC="0.99" CC="001"/>
						<SP ID="P22_SP00442" HPOS="1908" VPOS="742" WIDTH="11"/>
						<String ID="P22_ST00499" HPOS="1919" VPOS="716" WIDTH="89" HEIGHT="30" CONTENT="Reich" WC="0.97" CC="03527"/>
						<SP ID="P22_SP00443" HPOS="2008" VPOS="746" WIDTH="17"/>
						<String ID="P22_ST00500" HPOS="2025" VPOS="720" WIDTH="46" HEIGHT="28" CONTENT="der" WC="0.99" CC="020"/>
						<SP ID="P22_SP00444" HPOS="2071" VPOS="748" WIDTH="16"/>
						<String ID="P22_ST00501" HPOS="2087" VPOS="721" WIDTH="95" HEIGHT="29" CONTENT="Kunst" WC="0.99" CC="07000"/>
						<SP ID="P22_SP00445" HPOS="2182" VPOS="750" WIDTH="12"/>
						<String ID="P22_ST00502" HPOS="2194" VPOS="725" WIDTH="206" HEIGHT="29" CONTENT="unermesslich." WC="0.99" CC="7069031060003"/>
						<SP ID="P22_SP00446" HPOS="2400" VPOS="754" WIDTH="13"/>
						<String ID="P22_ST00503" HPOS="2413" VPOS="728" WIDTH="108" HEIGHT="30" CONTENT="Darum" WC="0.99" CC="00073"/>
						<SP ID="P22_SP00447" HPOS="2521" VPOS="758" WIDTH="13"/>
						<String ID="P22_ST00504" HPOS="2534" VPOS="734" WIDTH="33" HEIGHT="25" CONTENT="ist" WC="0.97" CC="610"/>
						<SP ID="P22_SP00448" HPOS="2567" VPOS="759" WIDTH="13"/>
						<String ID="P22_ST00505" HPOS="2580" VPOS="743" WIDTH="28" HEIGHT="17" CONTENT="es" WC="0.72" CC="50"/>
					</TextLine>
					<TextLine ID="P22_TL00058" HPOS="1728" VPOS="753" WIDTH="878" HEIGHT="47">
						<String ID="P22_ST00506" HPOS="1728" VPOS="753" WIDTH="11" HEIGHT="21" CONTENT="1" WC="0.25" CC="7"/>
						<SP ID="P22_SP00449" HPOS="1739" VPOS="774" WIDTH="10"/>
						<String ID="P22_ST00507" HPOS="1749" VPOS="753" WIDTH="116" HEIGHT="30" CONTENT="horheit," WC="0.66" CC="50035704"/>
						<SP ID="P22_SP00450" HPOS="1865" VPOS="783" WIDTH="26"/>
						<String ID="P22_ST00508" HPOS="1891" VPOS="755" WIDTH="156" HEIGHT="32" CONTENT="irgendeine" WC="0.99" CC="6007200701"/>
						<SP ID="P22_SP00451" HPOS="2047" VPOS="787" WIDTH="19"/>
						<String ID="P22_ST00509" HPOS="2066" VPOS="758" WIDTH="53" HEIGHT="28" CONTENT="Art" WC="1.00" CC="000"/>
						<SP ID="P22_SP00452" HPOS="2119" VPOS="787" WIDTH="21"/>
						<String ID="P22_ST00510" HPOS="2140" VPOS="759" WIDTH="212" HEIGHT="31" CONTENT="künstlerischer" WC="0.99" CC="40000637702740"/>
						<SP ID="P22_SP00453" HPOS="2352" VPOS="790" WIDTH="18"/>
						<String ID="P22_ST00511" HPOS="2370" VPOS="764" WIDTH="179" HEIGHT="36" CONTENT="Darstellung" WC="0.99" CC="00000556600"/>
						<SP ID="P22_SP00454" HPOS="2549" VPOS="800" WIDTH="19"/>
						<String ID="P22_ST00512" HPOS="2568" VPOS="770" WIDTH="38" HEIGHT="27" CONTENT="als" WC="0.98" CC="130"/>
					</TextLine>
					<TextLine ID="P22_TL00059" HPOS="1720" VPOS="788" WIDTH="886" HEIGHT="46">
						<String ID="P22_ST00513" HPOS="1720" VPOS="788" WIDTH="42" HEIGHT="24" CONTENT="die" WC="0.94" CC="772"/>
						<SP ID="P22_SP00455" HPOS="1762" VPOS="812" WIDTH="13"/>
						<String ID="P22_ST00514" HPOS="1775" VPOS="788" WIDTH="73" HEIGHT="27" CONTENT="beste" WC="0.98" CC="65006"/>
						<SP ID="P22_SP00456" HPOS="1848" VPOS="815" WIDTH="16"/>
						<String ID="P22_ST00515" HPOS="1864" VPOS="790" WIDTH="65" HEIGHT="27" CONTENT="oder" WC="0.98" CC="0007"/>
						<SP ID="P22_SP00457" HPOS="1929" VPOS="817" WIDTH="18"/>
						<String ID="P22_ST00516" HPOS="1947" VPOS="792" WIDTH="42" HEIGHT="28" CONTENT="die" WC="0.96" CC="073"/>
						<SP ID="P22_SP00458" HPOS="1989" VPOS="820" WIDTH="13"/>
						<String ID="P22_ST00517" HPOS="2002" VPOS="794" WIDTH="127" HEIGHT="30" CONTENT="schönste" WC="1.00" CC="00000002"/>
						<SP ID="P22_SP00459" HPOS="2129" VPOS="824" WIDTH="12"/>
						<String ID="P22_ST00518" HPOS="2141" VPOS="806" WIDTH="35" HEIGHT="19" CONTENT="zu" WC="0.67" CC="06"/>
						<SP ID="P22_SP00460" HPOS="2176" VPOS="825" WIDTH="13"/>
						<String ID="P22_ST00519" HPOS="2189" VPOS="797" WIDTH="177" HEIGHT="31" CONTENT="bezeichnen." WC="0.99" CC="76067000603"/>
						<SP ID="P22_SP00461" HPOS="2366" VPOS="828" WIDTH="20"/>
						<String ID="P22_ST00520" HPOS="2386" VPOS="802" WIDTH="108" HEIGHT="29" CONTENT="Darum" WC="0.98" CC="00076"/>
						<SP ID="P22_SP00462" HPOS="2494" VPOS="831" WIDTH="13"/>
						<String ID="P22_ST00521" HPOS="2507" VPOS="808" WIDTH="99" HEIGHT="26" CONTENT="wissen" WC="0.98" CC="064050"/>
					</TextLine>
					<TextLine ID="P22_TL00060" HPOS="1719" VPOS="826" WIDTH="885" HEIGHT="49">
						<String ID="P22_ST00522" HPOS="1719" VPOS="831" WIDTH="57" HEIGHT="23" CONTENT="W‘r," WC="0.55" CC="5804"/>
						<SP ID="P22_SP00463" HPOS="1776" VPOS="854" WIDTH="14"/>
						<String ID="P22_ST00523" HPOS="1790" VPOS="826" WIDTH="61" HEIGHT="26" CONTENT="dass" WC="0.99" CC="0006"/>
						<SP ID="P22_SP00464" HPOS="1851" VPOS="854" WIDTH="12"/>
						<String ID="P22_ST00524" HPOS="1863" VPOS="827" WIDTH="76" HEIGHT="29" CONTENT="nicht" WC="0.98" CC="57000"/>
						<SP ID="P22_SP00465" HPOS="1939" VPOS="856" WIDTH="12"/>
						<String ID="P22_ST00525" HPOS="1951" VPOS="840" WIDTH="52" HEIGHT="18" CONTENT="nur" WC="0.93" CC="477"/>
						<SP ID="P22_SP00466" HPOS="2003" VPOS="858" WIDTH="13"/>
						<String ID="P22_ST00526" HPOS="2016" VPOS="831" WIDTH="138" HEIGHT="35" CONTENT="Raphael," WC="0.99" CC="10000454"/>
						<SP ID="P22_SP00467" HPOS="2154" VPOS="866" WIDTH="17"/>
						<String ID="P22_ST00527" HPOS="2171" VPOS="836" WIDTH="119" HEIGHT="27" CONTENT="sondern" WC="1.00" CC="0000200"/>
						<SP ID="P22_SP00468" HPOS="2290" VPOS="866" WIDTH="14"/>
						<String ID="P22_ST00528" HPOS="2304" VPOS="838" WIDTH="73" HEIGHT="27" CONTENT="auch" WC="0.98" CC="0700"/>
						<SP ID="P22_SP00469" HPOS="2377" VPOS="866" WIDTH="12"/>
						<String ID="P22_ST00529" HPOS="2389" VPOS="839" WIDTH="215" HEIGHT="36" CONTENT="Michelangelo," WC="0.99" CC="2500620606604"/>
					</TextLine>
					<TextLine ID="P22_TL00061" HPOS="1718" VPOS="864" WIDTH="886" HEIGHT="44">
						<String ID="P22_ST00530" HPOS="1718" VPOS="864" WIDTH="76" HEIGHT="23" CONTENT="nicht" WC="0.98" CC="07060"/>
						<SP ID="P22_SP00470" HPOS="1794" VPOS="887" WIDTH="12"/>
						<String ID="P22_ST00531" HPOS="1806" VPOS="872" WIDTH="52" HEIGHT="18" CONTENT="nur" WC="0.97" CC="070"/>
						<SP ID="P22_SP00471" HPOS="1858" VPOS="890" WIDTH="5"/>
						<String ID="P22_ST00532" HPOS="1863" VPOS="864" WIDTH="123" HEIGHT="34" CONTENT="Rubens," WC="0.98" CC="0670044"/>
						<SP ID="P22_SP00472" HPOS="1986" VPOS="898" WIDTH="14"/>
						<String ID="P22_ST00533" HPOS="2000" VPOS="869" WIDTH="119" HEIGHT="28" CONTENT="sondern" WC="1.00" CC="3000000"/>
						<SP ID="P22_SP00473" HPOS="2119" VPOS="898" WIDTH="14"/>
						<String ID="P22_ST00534" HPOS="2133" VPOS="872" WIDTH="73" HEIGHT="28" CONTENT="auch" WC="0.97" CC="0707"/>
						<SP ID="P22_SP00474" HPOS="2206" VPOS="900" WIDTH="9"/>
						<String ID="P22_ST00535" HPOS="2215" VPOS="873" WIDTH="183" HEIGHT="35" CONTENT="Rembrandt," WC="0.86" CC="0027000004"/>
						<SP ID="P22_SP00475" HPOS="2398" VPOS="908" WIDTH="10"/>
						<String ID="P22_ST00536" HPOS="2408" VPOS="877" WIDTH="77" HEIGHT="29" CONTENT="nicht" WC="0.98" CC="27070"/>
						<SP ID="P22_SP00476" HPOS="2485" VPOS="908" WIDTH="11"/>
						<String ID="P22_ST00537" HPOS="2496" VPOS="890" WIDTH="53" HEIGHT="17" CONTENT="nur" WC="0.96" CC="470"/>
						<SP ID="P22_SP00477" HPOS="2549" VPOS="908" WIDTH="13"/>
						<String ID="P22_ST00538" HPOS="2562" VPOS="880" WIDTH="42" HEIGHT="28" CONTENT="die" WC="0.96" CC="064"/>
					</TextLine>
					<TextLine ID="P22_TL00062" HPOS="1845" VPOS="902" WIDTH="759" HEIGHT="44">
						<String ID="P22_ST00539" HPOS="1845" VPOS="910" WIDTH="12" HEIGHT="17" CONTENT="s" STYLE="superscript" WC="1.00" CC="0"/>
						<String ID="P22_ST00540" HPOS="1859" VPOS="902" WIDTH="105" HEIGHT="28" CONTENT="°ndern" WC="0.73" CC="270500"/>
						<SP ID="P22_SP00478" HPOS="1964" VPOS="930" WIDTH="12"/>
						<String ID="P22_ST00541" HPOS="1976" VPOS="906" WIDTH="74" HEIGHT="27" CONTENT="auch" WC="0.99" CC="0600"/>
						<SP ID="P22_SP00479" HPOS="2050" VPOS="933" WIDTH="12"/>
						<String ID="P22_ST00542" HPOS="2062" VPOS="907" WIDTH="43" HEIGHT="28" CONTENT="die" WC="0.98" CC="005"/>
						<SP ID="P22_SP00480" HPOS="2105" VPOS="935" WIDTH="8"/>
						<String ID="P22_ST00543" HPOS="2113" VPOS="908" WIDTH="94" HEIGHT="29" CONTENT="Kunst" WC="0.98" CC="07500"/>
						<SP ID="P22_SP00481" HPOS="2207" VPOS="937" WIDTH="7"/>
						<String ID="P22_ST00544" HPOS="2214" VPOS="910" WIDTH="103" HEIGHT="29" CONTENT="Dürers" WC="0.99" CC="300005"/>
						<SP ID="P22_SP00482" HPOS="2317" VPOS="939" WIDTH="13"/>
						<String ID="P22_ST00545" HPOS="2330" VPOS="913" WIDTH="86" HEIGHT="28" CONTENT="schön" WC="1.00" CC="00000"/>
						<SP ID="P22_SP00483" HPOS="2416" VPOS="941" WIDTH="14"/>
						<String ID="P22_ST00546" HPOS="2430" VPOS="918" WIDTH="34" HEIGHT="24" CONTENT="ist" WC="0.97" CC="700"/>
						<SP ID="P22_SP00484" HPOS="2464" VPOS="942" WIDTH="12"/>
						<String ID="P22_ST00547" HPOS="2476" VPOS="916" WIDTH="58" HEIGHT="28" CONTENT="und" WC="0.97" CC="600"/>
						<SP ID="P22_SP00485" HPOS="2534" VPOS="944" WIDTH="9"/>
						<String ID="P22_ST00548" HPOS="2543" VPOS="917" WIDTH="61" HEIGHT="29" CONTENT="dass" WC="1.00" CC="0000"/>
					</TextLine>
					<TextLine ID="P22_TL00063" HPOS="1718" VPOS="939" WIDTH="886" HEIGHT="47">
						<String ID="P22_ST00549" HPOS="1718" VPOS="939" WIDTH="42" HEIGHT="22" CONTENT="die" WC="0.93" CC="774"/>
						<SP ID="P22_SP00486" HPOS="1760" VPOS="961" WIDTH="9"/>
						<String ID="P22_ST00550" HPOS="1769" VPOS="939" WIDTH="100" HEIGHT="25" CONTENT="Werke" WC="0.99" CC="05001"/>
						<SP ID="P22_SP00487" HPOS="1869" VPOS="964" WIDTH="12"/>
						<String ID="P22_ST00551" HPOS="1881" VPOS="949" WIDTH="56" HEIGHT="18" CONTENT="von" WC="1.00" CC="000"/>
						<SP ID="P22_SP00488" HPOS="1937" VPOS="967" WIDTH="8"/>
						<String ID="P22_ST00552" HPOS="1945" VPOS="941" WIDTH="200" HEIGHT="37" CONTENT="Shakespeare," WC="0.99" CC="074031040034"/>
						<SP ID="P22_SP00489" HPOS="2145" VPOS="978" WIDTH="6"/>
						<String ID="P22_ST00553" HPOS="2151" VPOS="946" WIDTH="161" HEIGHT="31" CONTENT="Beethoven" WC="1.00" CC="053000040"/>
						<SP ID="P22_SP00490" HPOS="2312" VPOS="978" WIDTH="13"/>
						<String ID="P22_ST00554" HPOS="2325" VPOS="951" WIDTH="58" HEIGHT="28" CONTENT="und" WC="0.97" CC="700"/>
						<SP ID="P22_SP00491" HPOS="2383" VPOS="979" WIDTH="6"/>
						<String ID="P22_ST00555" HPOS="2389" VPOS="952" WIDTH="124" HEIGHT="29" CONTENT="Richard" WC="0.99" CC="0550000"/>
						<SP ID="P22_SP00492" HPOS="2513" VPOS="981" WIDTH="5"/>
						<String ID="P22_ST00556" HPOS="2518" VPOS="954" WIDTH="65" HEIGHT="32" CONTENT="Wag" SUBS_TYPE="HypPart1" SUBS_CONTENT="Wagner" WC="1.00" CC="000"/>
						<HYP HPOS="2583" VPOS="954" WIDTH="21" CONTENT="-"/>
					</TextLine>
					<TextLine ID="P22_TL00064" HPOS="1716" VPOS="979" WIDTH="887" HEIGHT="41">
						<String ID="P22_ST00557" HPOS="1716" VPOS="980" WIDTH="49" HEIGHT="17" CONTENT="ner" SUBS_TYPE="HypPart2" SUBS_CONTENT="Wagner" WC="0.96" CC="640"/>
						<SP ID="P22_SP00493" HPOS="1765" VPOS="997" WIDTH="12"/>
						<String ID="P22_ST00558" HPOS="1777" VPOS="981" WIDTH="72" HEIGHT="20" CONTENT="zwar" WC="0.97" CC="7006"/>
						<SP ID="P22_SP00494" HPOS="1849" VPOS="1001" WIDTH="12"/>
						<String ID="P22_ST00559" HPOS="1861" VPOS="979" WIDTH="169" HEIGHT="35" CONTENT="urgewaltig," WC="0.70" CC="70050250604"/>
						<SP ID="P22_SP00495" HPOS="2030" VPOS="1014" WIDTH="11"/>
						<String ID="P22_ST00560" HPOS="2041" VPOS="981" WIDTH="63" HEIGHT="28" CONTENT="aber" WC="0.97" CC="0760"/>
						<SP ID="P22_SP00496" HPOS="2104" VPOS="1014" WIDTH="13"/>
						<String ID="P22_ST00561" HPOS="2117" VPOS="984" WIDTH="73" HEIGHT="27" CONTENT="auch" WC="0.96" CC="0637"/>
						<SP ID="P22_SP00497" HPOS="2190" VPOS="1014" WIDTH="6"/>
						<String ID="P22_ST00562" HPOS="2196" VPOS="986" WIDTH="203" HEIGHT="31" CONTENT="wunderschön" WC="0.99" CC="07005000705"/>
						<SP ID="P22_SP00498" HPOS="2399" VPOS="1017" WIDTH="12"/>
						<String ID="P22_ST00563" HPOS="2411" VPOS="990" WIDTH="71" HEIGHT="28" CONTENT="sind." WC="0.99" CC="20004"/>
						<SP ID="P22_SP00499" HPOS="2482" VPOS="1018" WIDTH="12"/>
						<String ID="P22_ST00564" HPOS="2494" VPOS="991" WIDTH="109" HEIGHT="29" CONTENT="Darum" WC="0.99" CC="00070"/>
					</TextLine>
					<TextLine ID="P22_TL00065" HPOS="1716" VPOS="1012" WIDTH="887" HEIGHT="45">
						<String ID="P22_ST00565" HPOS="1716" VPOS="1012" WIDTH="120" HEIGHT="28" CONTENT="glauben" WC="0.99" CC="0006042"/>
						<SP ID="P22_SP00500" HPOS="1836" VPOS="1040" WIDTH="19"/>
						<String ID="P22_ST00566" HPOS="1855" VPOS="1022" WIDTH="58" HEIGHT="23" CONTENT="wir," WC="0.96" CC="0764"/>
						<SP ID="P22_SP00501" HPOS="1913" VPOS="1045" WIDTH="21"/>
						<String ID="P22_ST00567" HPOS="1934" VPOS="1014" WIDTH="61" HEIGHT="29" CONTENT="dass" WC="0.99" CC="0050"/>
						<SP ID="P22_SP00502" HPOS="1995" VPOS="1045" WIDTH="20"/>
						<String ID="P22_ST00568" HPOS="2015" VPOS="1017" WIDTH="43" HEIGHT="29" CONTENT="die" WC="0.97" CC="071"/>
						<SP ID="P22_SP00503" HPOS="2058" VPOS="1046" WIDTH="22"/>
						<String ID="P22_ST00569" HPOS="2080" VPOS="1020" WIDTH="132" HEIGHT="30" CONTENT="moderne" WC="0.99" CC="1004004"/>
						<SP ID="P22_SP00504" HPOS="2212" VPOS="1050" WIDTH="20"/>
						<String ID="P22_ST00570" HPOS="2232" VPOS="1024" WIDTH="118" HEIGHT="29" CONTENT="Malerei" WC="0.98" CC="0013667"/>
						<SP ID="P22_SP00505" HPOS="2350" VPOS="1053" WIDTH="18"/>
						<String ID="P22_ST00571" HPOS="2368" VPOS="1029" WIDTH="29" HEIGHT="25" CONTENT="in" WC="0.62" CC="60"/>
						<SP ID="P22_SP00506" HPOS="2397" VPOS="1054" WIDTH="20"/>
						<String ID="P22_ST00572" HPOS="2417" VPOS="1028" WIDTH="72" HEIGHT="28" CONTENT="ihrer" WC="0.98" CC="70050"/>
						<SP ID="P22_SP00507" HPOS="2489" VPOS="1056" WIDTH="13"/>
						<String ID="P22_ST00573" HPOS="2502" VPOS="1029" WIDTH="101" HEIGHT="28" CONTENT="Wahr-" WC="1.00" CC="00000"/>
					</TextLine>
					<TextLine ID="P22_TL00066" HPOS="1715" VPOS="1047" WIDTH="888" HEIGHT="58">
						<String ID="P22_ST00574" HPOS="1715" VPOS="1047" WIDTH="109" HEIGHT="58" CONTENT="J3" WC="0.14" CC="79"/>
						<String ID="P22_ST00575" HPOS="1826" VPOS="1057" WIDTH="24" HEIGHT="18" CONTENT="C1" STYLE="superscript" WC="0.26" CC="77"/>
						<String ID="P22_ST00576" HPOS="1850" VPOS="1053" WIDTH="12" HEIGHT="23" CONTENT="‘" WC="0.20" CC="8"/>
						<SP ID="P22_SP00508" HPOS="1862" VPOS="1105" WIDTH="121"/>
						<String ID="P22_ST00577" HPOS="1983" VPOS="1055" WIDTH="78" HEIGHT="27" CONTENT="mehr" WC="0.99" CC="0600"/>
						<SP ID="P22_SP00509" HPOS="2061" VPOS="1105" WIDTH="13"/>
						<String ID="P22_ST00578" HPOS="2074" VPOS="1056" WIDTH="152" HEIGHT="31" CONTENT="Schönheit" WC="0.99" CC="430160400"/>
						<SP ID="P22_SP00510" HPOS="2226" VPOS="1105" WIDTH="11"/>
						<String ID="P22_ST00579" HPOS="2237" VPOS="1067" WIDTH="100" HEIGHT="29" CONTENT="zutage" WC="0.99" CC="060005"/>
						<SP ID="P22_SP00511" HPOS="2337" VPOS="1105" WIDTH="12"/>
						<String ID="P22_ST00580" HPOS="2349" VPOS="1063" WIDTH="111" HEIGHT="30" CONTENT="fördern" WC="1.00" CC="0000400"/>
						<SP ID="P22_SP00512" HPOS="2460" VPOS="1105" WIDTH="12"/>
						<String ID="P22_ST00581" HPOS="2472" VPOS="1067" WIDTH="77" HEIGHT="32" CONTENT="wird," WC="0.98" CC="07004"/>
						<SP ID="P22_SP00513" HPOS="2549" VPOS="1105" WIDTH="14"/>
						<String ID="P22_ST00582" HPOS="2563" VPOS="1068" WIDTH="40" HEIGHT="27" CONTENT="als" WC="0.98" CC="030"/>
					</TextLine>
					<TextLine ID="P22_TL00067" HPOS="1716" VPOS="1083" WIDTH="886" HEIGHT="50">
						<String ID="P22_ST00583" HPOS="1716" VPOS="1083" WIDTH="43" HEIGHT="26" CONTENT="die" WC="0.96" CC="072"/>
						<SP ID="P22_SP00514" HPOS="1759" VPOS="1109" WIDTH="4"/>
						<String ID="P22_ST00584" HPOS="1763" VPOS="1084" WIDTH="154" HEIGHT="31" CONTENT="rechnende" WC="0.99" CC="060064004"/>
						<SP ID="P22_SP00515" HPOS="1917" VPOS="1115" WIDTH="13"/>
						<String ID="P22_ST00585" HPOS="1930" VPOS="1090" WIDTH="56" HEIGHT="27" CONTENT="und" WC="0.97" CC="700"/>
						<SP ID="P22_SP00516" HPOS="1986" VPOS="1117" WIDTH="7"/>
						<String ID="P22_ST00586" HPOS="1993" VPOS="1090" WIDTH="149" HEIGHT="36" CONTENT="klügelnde" WC="0.99" CC="040045004"/>
						<SP ID="P22_SP00517" HPOS="2142" VPOS="1126" WIDTH="5"/>
						<String ID="P22_ST00587" HPOS="2147" VPOS="1095" WIDTH="54" HEIGHT="28" CONTENT="Art" WC="1.00" CC="000"/>
						<SP ID="P22_SP00518" HPOS="2201" VPOS="1126" WIDTH="6"/>
						<String ID="P22_ST00588" HPOS="2207" VPOS="1097" WIDTH="46" HEIGHT="28" CONTENT="der" WC="0.98" CC="050"/>
						<SP ID="P22_SP00519" HPOS="2253" VPOS="1126" WIDTH="7"/>
						<String ID="P22_ST00589" HPOS="2260" VPOS="1099" WIDTH="167" HEIGHT="30" CONTENT="Nachtreter" WC="0.99" CC="6050006169"/>
						<SP ID="P22_SP00520" HPOS="2427" VPOS="1129" WIDTH="12"/>
						<String ID="P22_ST00590" HPOS="2439" VPOS="1103" WIDTH="61" HEIGHT="30" CONTENT="und" WC="0.85" CC="700"/>
						<SP ID="P22_SP00521" HPOS="2500" VPOS="1133" WIDTH="0"/>
						<String ID="P22_ST00591" HPOS="2500" VPOS="1103" WIDTH="77" HEIGHT="30" CONTENT="Nac" SUBS_TYPE="HypPart1" SUBS_CONTENT="Nach" WC="0.85" CC="040"/>
						<HYP HPOS="2577" VPOS="1103" WIDTH="25" CONTENT="-"/>
					</TextLine>
					<TextLine ID="P22_TL00068" HPOS="1715" VPOS="1129" WIDTH="886" HEIGHT="52">
						<String ID="P22_ST00592" HPOS="1715" VPOS="1132" WIDTH="122" HEIGHT="49" CONTENT="h?" SUBS_TYPE="HypPart2" SUBS_CONTENT="Nach" WC="0.32" CC="09"/>
						<String ID="P22_ST00593" HPOS="1839" VPOS="1133" WIDTH="18" HEIGHT="16" CONTENT="n" STYLE="superscript" WC="0.52" CC="4"/>
						<SP ID="P22_SP00522" HPOS="1857" VPOS="1181" WIDTH="17"/>
						<String ID="P22_ST00594" HPOS="1874" VPOS="1129" WIDTH="106" HEIGHT="28" CONTENT="gestcfn" STYLE="superscript" WC="0.35" CC="7770777"/>
						<String ID="P22_ST00595" HPOS="1982" VPOS="1145" WIDTH="7" HEIGHT="9" CONTENT="‘" WC="0.20" CC="8"/>
						<SP ID="P22_SP00523" HPOS="1989" VPOS="1181" WIDTH="24"/>
						<String ID="P22_ST00596" HPOS="2013" VPOS="1129" WIDTH="109" HEIGHT="29" CONTENT="Darum" WC="0.97" CC="44474"/>
						<SP ID="P22_SP00524" HPOS="2122" VPOS="1181" WIDTH="18"/>
						<String ID="P22_ST00597" HPOS="2140" VPOS="1132" WIDTH="95" HEIGHT="30" CONTENT="hoffen" WC="0.99" CC="040044"/>
						<SP ID="P22_SP00525" HPOS="2235" VPOS="1181" WIDTH="18"/>
						<String ID="P22_ST00598" HPOS="2253" VPOS="1139" WIDTH="58" HEIGHT="29" CONTENT="wir," WC="0.96" CC="4744"/>
						<SP ID="P22_SP00526" HPOS="2311" VPOS="1181" WIDTH="20"/>
						<String ID="P22_ST00599" HPOS="2331" VPOS="1138" WIDTH="61" HEIGHT="28" CONTENT="dass" WC="0.97" CC="0444"/>
						<SP ID="P22_SP00527" HPOS="2392" VPOS="1181" WIDTH="17"/>
						<String ID="P22_ST00600" HPOS="2409" VPOS="1140" WIDTH="42" HEIGHT="27" CONTENT="die" WC="0.95" CC="066"/>
						<SP ID="P22_SP00528" HPOS="2451" VPOS="1181" WIDTH="17"/>
						<String ID="P22_ST00601" HPOS="2468" VPOS="1142" WIDTH="133" HEIGHT="28" CONTENT="moderne" WC="0.98" CC="4603445"/>
					</TextLine>
					<TextLine ID="P22_TL00069" HPOS="1715" VPOS="1158" WIDTH="885" HEIGHT="49">
						<String ID="P22_ST00602" HPOS="1715" VPOS="1158" WIDTH="116" HEIGHT="27" CONTENT="Malerei" WC="0.99" CC="1046007"/>
						<SP ID="P22_SP00529" HPOS="1831" VPOS="1185" WIDTH="12"/>
						<String ID="P22_ST00603" HPOS="1843" VPOS="1171" WIDTH="52" HEIGHT="17" CONTENT="uns" WC="1.00" CC="000"/>
						<SP ID="P22_SP00530" HPOS="1895" VPOS="1188" WIDTH="13"/>
						<String ID="P22_ST00604" HPOS="1908" VPOS="1173" WIDTH="71" HEIGHT="17" CONTENT="neue" WC="0.99" CC="0600"/>
						<SP ID="P22_SP00531" HPOS="1979" VPOS="1190" WIDTH="12"/>
						<String ID="P22_ST00605" HPOS="1991" VPOS="1164" WIDTH="116" HEIGHT="31" CONTENT="Schätze" WC="0.99" CC="0604000"/>
						<SP ID="P22_SP00532" HPOS="2107" VPOS="1195" WIDTH="13"/>
						<String ID="P22_ST00606" HPOS="2120" VPOS="1168" WIDTH="47" HEIGHT="29" CONTENT="der" WC="0.98" CC="060"/>
						<SP ID="P22_SP00533" HPOS="2167" VPOS="1197" WIDTH="12"/>
						<String ID="P22_ST00607" HPOS="2179" VPOS="1171" WIDTH="76" HEIGHT="29" CONTENT="Welt" WC="0.98" CC="0450"/>
						<SP ID="P22_SP00534" HPOS="2255" VPOS="1200" WIDTH="12"/>
						<String ID="P22_ST00608" HPOS="2267" VPOS="1175" WIDTH="175" HEIGHT="30" CONTENT="erschliessen" WC="0.86" CC="000302000540"/>
						<SP ID="P22_SP00535" HPOS="2442" VPOS="1205" WIDTH="12"/>
						<String ID="P22_ST00609" HPOS="2454" VPOS="1178" WIDTH="68" HEIGHT="28" CONTENT="wird" WC="0.98" CC="4700"/>
						<SP ID="P22_SP00536" HPOS="2522" VPOS="1206" WIDTH="21"/>
						<String ID="P22_ST00610" HPOS="2543" VPOS="1180" WIDTH="57" HEIGHT="27" CONTENT="und" WC="0.97" CC="700"/>
					</TextLine>
					<TextLine ID="P22_TL00070" HPOS="1714" VPOS="1195" WIDTH="885" HEIGHT="62">
						<String ID="P22_ST00611" HPOS="1714" VPOS="1195" WIDTH="135" HEIGHT="62" CONTENT="k/lieien" WC="0.27" CC="79777476"/>
						<SP ID="P22_SP00537" HPOS="1849" VPOS="1257" WIDTH="21"/>
						<String ID="P22_ST00612" HPOS="1870" VPOS="1197" WIDTH="44" HEIGHT="60" CONTENT="ff" WC="0.12" CC="79"/>
						<SP ID="P22_SP00538" HPOS="1914" VPOS="1257" WIDTH="9"/>
						<String ID="P22_ST00613" HPOS="1923" VPOS="1211" WIDTH="46" HEIGHT="46" CONTENT="Ta" WC="0.16" CC="96" STYLEREFS="TXT_2"/>
						<SP ID="P22_SP00539" HPOS="1969" VPOS="1257" WIDTH="33"/>
						<String ID="P22_ST00614" HPOS="2002" VPOS="1212" WIDTH="33" HEIGHT="17" CONTENT="™" WC="1.00" CC="9" STYLEREFS="TXT_2"/>
						<SP ID="P22_SP00540" HPOS="2035" VPOS="1257" WIDTH="198"/>
						<String ID="P22_ST00615" HPOS="2233" VPOS="1219" WIDTH="29" HEIGHT="18" CONTENT="“" WC="0.20" CC="8"/>
						<SP ID="P22_SP00541" HPOS="2262" VPOS="1257" WIDTH="7"/>
						<String ID="P22_ST00616" HPOS="2269" VPOS="1210" WIDTH="53" HEIGHT="29" CONTENT="den" STYLE="superscript" WC="0.26" CC="777"/>
						<SP ID="P22_SP00542" HPOS="2322" VPOS="1257" WIDTH="8"/>
						<String ID="P22_ST00617" HPOS="2330" VPOS="1211" WIDTH="98" HEIGHT="30" CONTENT="Seelen" STYLE="superscript" WC="0.33" CC="466677"/>
						<SP ID="P22_SP00543" HPOS="2428" VPOS="1257" WIDTH="66"/>
						<String ID="P22_ST00618" HPOS="2494" VPOS="1216" WIDTH="88" HEIGHT="28" CONTENT="Künst" SUBS_TYPE="HypPart1" SUBS_CONTENT="KünsthJ™" WC="0.72" CC="70050"/>
						<HYP HPOS="2582" VPOS="1216" WIDTH="17" CONTENT="-"/>
					</TextLine>
					<TextLine ID="P22_TL00071" HPOS="1726" VPOS="1233" WIDTH="873" HEIGHT="57">
						<String ID="P22_ST00619" HPOS="1726" VPOS="1233" WIDTH="89" HEIGHT="57" CONTENT="hJ™" SUBS_TYPE="HypPart2" SUBS_CONTENT="KünsthJ™" WC="0.05" CC="899" STYLEREFS="TXT_2"/>
						<SP ID="P22_SP00544" HPOS="1815" VPOS="1290" WIDTH="44"/>
						<String ID="P22_ST00620" HPOS="1859" VPOS="1271" WIDTH="16" HEIGHT="19" CONTENT="U" WC="0.26" CC="7" STYLEREFS="TXT_2"/>
						<SP ID="P22_SP00545" HPOS="1875" VPOS="1290" WIDTH="0"/>
						<String ID="P22_ST00621" HPOS="1875" VPOS="1234" WIDTH="65" HEIGHT="29" CONTENT="Und" WC="0.94" CC="374"/>
						<SP ID="P22_SP00546" HPOS="1940" VPOS="1290" WIDTH="13"/>
						<String ID="P22_ST00622" HPOS="1953" VPOS="1237" WIDTH="99" HEIGHT="30" CONTENT="darum" WC="0.96" CC="77760"/>
						<SP ID="P22_SP00547" HPOS="2052" VPOS="1290" WIDTH="11"/>
						<String ID="P22_ST00623" HPOS="2063" VPOS="1241" WIDTH="88" HEIGHT="35" CONTENT="hegen" WC="1.00" CC="00002"/>
						<SP ID="P22_SP00548" HPOS="2151" VPOS="1290" WIDTH="11"/>
						<String ID="P22_ST00624" HPOS="2162" VPOS="1248" WIDTH="49" HEIGHT="24" CONTENT="wir" WC="0.97" CC="070"/>
						<SP ID="P22_SP00549" HPOS="2211" VPOS="1290" WIDTH="12"/>
						<String ID="P22_ST00625" HPOS="2223" VPOS="1248" WIDTH="73" HEIGHT="27" CONTENT="auch" WC="0.98" CC="0620"/>
						<SP ID="P22_SP00550" HPOS="2296" VPOS="1290" WIDTH="13"/>
						<String ID="P22_ST00626" HPOS="2309" VPOS="1249" WIDTH="43" HEIGHT="28" CONTENT="die" WC="0.98" CC="006"/>
						<SP ID="P22_SP00551" HPOS="2352" VPOS="1290" WIDTH="13"/>
						<String ID="P22_ST00627" HPOS="2365" VPOS="1250" WIDTH="165" HEIGHT="30" CONTENT="Zuversicht" WC="0.99" CC="1607037400"/>
						<SP ID="P22_SP00552" HPOS="2530" VPOS="1290" WIDTH="12"/>
						<String ID="P22_ST00628" HPOS="2542" VPOS="1254" WIDTH="57" HEIGHT="27" CONTENT="und" WC="0.97" CC="600"/>
					</TextLine>
					<TextLine ID="P22_TL00072" HPOS="1724" VPOS="1271" WIDTH="875" HEIGHT="57">
						<String ID="P22_ST00629" HPOS="1724" VPOS="1277" WIDTH="100" HEIGHT="51" CONTENT="nTZ" WC="0.09" CC="799" STYLEREFS="TXT_2"/>
						<String ID="P22_ST00630" HPOS="1830" VPOS="1280" WIDTH="11" HEIGHT="16" CONTENT="S" STYLE="superscript" WC="1.00" CC="0" STYLEREFS="TXT_2"/>
						<String ID="P22_ST00631" HPOS="1842" VPOS="1271" WIDTH="93" HEIGHT="57" CONTENT="f°V" WC="0.16" CC="789" STYLEREFS="TXT_2"/>
						<String ID="P22_ST00632" HPOS="1938" VPOS="1278" WIDTH="26" HEIGHT="22" CONTENT="et" STYLE="superscript" WC="0.35" CC="75" STYLEREFS="TXT_2"/>
						<String ID="P22_ST00633" HPOS="1965" VPOS="1279" WIDTH="33" HEIGHT="49" CONTENT="t" WC="1.00" CC="9" STYLEREFS="TXT_2"/>
						<String ID="P22_ST00634" HPOS="1999" VPOS="1275" WIDTH="81" HEIGHT="30" CONTENT="BeWe" STYLE="superscript" WC="0.28" CC="7767" STYLEREFS="TXT_2"/>
						<SP ID="P22_SP00553" HPOS="2080" VPOS="1328" WIDTH="13"/>
						<String ID="P22_ST00635" HPOS="2093" VPOS="1280" WIDTH="108" HEIGHT="29" CONTENT="Sedafür" STYLE="superscript" WC="0.40" CC="5775617"/>
						<String ID="P22_ST00636" HPOS="2202" VPOS="1302" WIDTH="7" HEIGHT="12" CONTENT="&gt;" WC="0.26" CC="7"/>
						<SP ID="P22_SP00554" HPOS="2209" VPOS="1328" WIDTH="9"/>
						<String ID="P22_ST00637" HPOS="2218" VPOS="1283" WIDTH="60" HEIGHT="28" CONTENT="dass" WC="0.95" CC="9650"/>
						<SP ID="P22_SP00555" HPOS="2278" VPOS="1328" WIDTH="14"/>
						<String ID="P22_ST00638" HPOS="2292" VPOS="1288" WIDTH="28" HEIGHT="24" CONTENT="in" WC="0.65" CC="70"/>
						<SP ID="P22_SP00556" HPOS="2320" VPOS="1328" WIDTH="14"/>
						<String ID="P22_ST00639" HPOS="2334" VPOS="1287" WIDTH="86" HEIGHT="29" CONTENT="dieser" WC="0.98" CC="074430"/>
						<SP ID="P22_SP00557" HPOS="2420" VPOS="1328" WIDTH="7"/>
						<String ID="P22_ST00640" HPOS="2427" VPOS="1289" WIDTH="94" HEIGHT="28" CONTENT="Kunst" WC="0.99" CC="07000"/>
						<SP ID="P22_SP00558" HPOS="2521" VPOS="1328" WIDTH="12"/>
						<String ID="P22_ST00641" HPOS="2533" VPOS="1290" WIDTH="50" HEIGHT="28" CONTENT="end" SUBS_TYPE="HypPart1" SUBS_CONTENT="endlich" WC="1.00" CC="000"/>
						<HYP HPOS="2583" VPOS="1290" WIDTH="16" CONTENT="-"/>
					</TextLine>
					<TextLine ID="P22_TL00073" HPOS="1712" VPOS="1305" WIDTH="886" HEIGHT="50">
						<String ID="P22_ST00642" HPOS="1712" VPOS="1305" WIDTH="54" HEIGHT="27" CONTENT="lich" SUBS_TYPE="HypPart2" SUBS_CONTENT="endlich" WC="0.96" CC="5750"/>
						<SP ID="P22_SP00559" HPOS="1766" VPOS="1332" WIDTH="20"/>
						<String ID="P22_ST00643" HPOS="1786" VPOS="1307" WIDTH="100" HEIGHT="28" CONTENT="wieder" WC="0.98" CC="074050"/>
						<SP ID="P22_SP00560" HPOS="1886" VPOS="1335" WIDTH="17"/>
						<String ID="P22_ST00644" HPOS="1903" VPOS="1309" WIDTH="44" HEIGHT="29" CONTENT="die" WC="0.95" CC="075"/>
						<SP ID="P22_SP00561" HPOS="1947" VPOS="1338" WIDTH="16"/>
						<String ID="P22_ST00645" HPOS="1963" VPOS="1311" WIDTH="83" HEIGHT="30" CONTENT="Ideen" WC="0.98" CC="00650"/>
						<SP ID="P22_SP00562" HPOS="2046" VPOS="1341" WIDTH="17"/>
						<String ID="P22_ST00646" HPOS="2063" VPOS="1315" WIDTH="47" HEIGHT="28" CONTENT="der" WC="0.96" CC="037"/>
						<SP ID="P22_SP00563" HPOS="2110" VPOS="1343" WIDTH="13"/>
						<String ID="P22_ST00647" HPOS="2123" VPOS="1317" WIDTH="61" HEIGHT="28" CONTENT="Zeit" WC="0.98" CC="0070"/>
						<SP ID="P22_SP00564" HPOS="2184" VPOS="1345" WIDTH="19"/>
						<String ID="P22_ST00648" HPOS="2203" VPOS="1321" WIDTH="58" HEIGHT="27" CONTENT="und" WC="0.97" CC="700"/>
						<SP ID="P22_SP00565" HPOS="2261" VPOS="1348" WIDTH="20"/>
						<String ID="P22_ST00649" HPOS="2281" VPOS="1322" WIDTH="42" HEIGHT="28" CONTENT="die" WC="0.95" CC="075"/>
						<SP ID="P22_SP00566" HPOS="2323" VPOS="1350" WIDTH="14"/>
						<String ID="P22_ST00650" HPOS="2337" VPOS="1324" WIDTH="119" HEIGHT="30" CONTENT="Gefühle" WC="0.99" CC="0500051"/>
						<SP ID="P22_SP00567" HPOS="2456" VPOS="1354" WIDTH="21"/>
						<String ID="P22_ST00651" HPOS="2477" VPOS="1327" WIDTH="57" HEIGHT="28" CONTENT="und" WC="0.98" CC="600"/>
						<SP ID="P22_SP00568" HPOS="2534" VPOS="1355" WIDTH="13"/>
						<String ID="P22_ST00652" HPOS="2547" VPOS="1328" WIDTH="34" HEIGHT="27" CONTENT="Be" SUBS_TYPE="HypPart1" SUBS_CONTENT="Bestrebungen" WC="0.96" CC="36"/>
						<HYP HPOS="2581" VPOS="1328" WIDTH="17" CONTENT="-"/>
					</TextLine>
					<TextLine ID="P22_TL00074" HPOS="1712" VPOS="1342" WIDTH="886" HEIGHT="52">
						<String ID="P22_ST00653" HPOS="1712" VPOS="1342" WIDTH="165" HEIGHT="36" CONTENT="strebungen" SUBS_TYPE="HypPart2" SUBS_CONTENT="Bestrebungen" WC="0.99" CC="2004770026"/>
						<SP ID="P22_SP00569" HPOS="1877" VPOS="1378" WIDTH="25"/>
						<String ID="P22_ST00654" HPOS="1902" VPOS="1346" WIDTH="45" HEIGHT="29" CONTENT="der" WC="0.98" CC="040"/>
						<SP ID="P22_SP00570" HPOS="1947" VPOS="1378" WIDTH="26"/>
						<String ID="P22_ST00655" HPOS="1973" VPOS="1351" WIDTH="141" HEIGHT="29" CONTENT="einzelnen" WC="0.99" CC="270044050"/>
						<SP ID="P22_SP00571" HPOS="2114" VPOS="1380" WIDTH="21"/>
						<String ID="P22_ST00656" HPOS="2135" VPOS="1355" WIDTH="114" HEIGHT="30" CONTENT="Classen" WC="0.55" CC="3667240"/>
						<SP ID="P22_SP00572" HPOS="2249" VPOS="1385" WIDTH="24"/>
						<String ID="P22_ST00657" HPOS="2273" VPOS="1360" WIDTH="57" HEIGHT="28" CONTENT="und" WC="0.97" CC="700"/>
						<SP ID="P22_SP00573" HPOS="2330" VPOS="1388" WIDTH="20"/>
						<String ID="P22_ST00658" HPOS="2350" VPOS="1361" WIDTH="145" HEIGHT="31" CONTENT="Nationen" WC="0.99" CC="60070050"/>
						<SP ID="P22_SP00574" HPOS="2495" VPOS="1392" WIDTH="25"/>
						<String ID="P22_ST00659" HPOS="2520" VPOS="1365" WIDTH="63" HEIGHT="29" CONTENT="über" SUBS_TYPE="HypPart1" SUBS_CONTENT="überzeugenden" WC="1.00" CC="0000"/>
						<HYP HPOS="2583" VPOS="1365" WIDTH="15" CONTENT="-"/>
					</TextLine>
					<TextLine ID="P22_TL00075" HPOS="1711" VPOS="1381" WIDTH="886" HEIGHT="55">
						<String ID="P22_ST00660" HPOS="1711" VPOS="1381" WIDTH="159" HEIGHT="33" CONTENT="zeugenden" SUBS_TYPE="HypPart2" SUBS_CONTENT="überzeugenden" WC="0.99" CC="757027000"/>
						<SP ID="P22_SP00575" HPOS="1870" VPOS="1414" WIDTH="13"/>
						<String ID="P22_ST00661" HPOS="1883" VPOS="1383" WIDTH="150" HEIGHT="32" CONTENT="Ausdruck" WC="0.99" CC="07300616"/>
						<SP ID="P22_SP00576" HPOS="2033" VPOS="1415" WIDTH="12"/>
						<String ID="P22_ST00662" HPOS="2045" VPOS="1388" WIDTH="95" HEIGHT="30" CONTENT="finden" WC="0.99" CC="070010"/>
						<SP ID="P22_SP00577" HPOS="2140" VPOS="1418" WIDTH="12"/>
						<String ID="P22_ST00663" HPOS="2152" VPOS="1394" WIDTH="119" HEIGHT="29" CONTENT="werden." WC="0.99" CC="0400503"/>
						<SP ID="P22_SP00578" HPOS="2271" VPOS="1423" WIDTH="18"/>
						<String ID="P22_ST00664" HPOS="2289" VPOS="1397" WIDTH="68" HEIGHT="29" CONTENT="Was" WC="0.98" CC="021"/>
						<SP ID="P22_SP00579" HPOS="2357" VPOS="1426" WIDTH="12"/>
						<String ID="P22_ST00665" HPOS="2369" VPOS="1399" WIDTH="42" HEIGHT="28" CONTENT="ihr" WC="0.95" CC="670"/>
						<SP ID="P22_SP00580" HPOS="2411" VPOS="1427" WIDTH="12"/>
						<String ID="P22_ST00666" HPOS="2423" VPOS="1402" WIDTH="73" HEIGHT="27" CONTENT="auch" WC="0.98" CC="0700"/>
						<SP ID="P22_SP00581" HPOS="2496" VPOS="1429" WIDTH="14"/>
						<String ID="P22_ST00667" HPOS="2510" VPOS="1403" WIDTH="87" HEIGHT="33" CONTENT="geben" WC="0.98" CC="04730"/>
					</TextLine>
					<TextLine ID="P22_TL00076" HPOS="1712" VPOS="1421" WIDTH="885" HEIGHT="51">
						<String ID="P22_ST00668" HPOS="1712" VPOS="1427" WIDTH="27" HEIGHT="16" CONTENT="m" STYLE="superscript" WC="0.67" CC="3"/>
						<String ID="P22_ST00669" HPOS="1743" VPOS="1427" WIDTH="35" HEIGHT="45" CONTENT="°f" WC="0.50" CC="09"/>
						<String ID="P22_ST00670" HPOS="1779" VPOS="1422" WIDTH="10" HEIGHT="21" CONTENT="t" STYLE="superscript" WC="1.00" CC="0"/>
						<String ID="P22_ST00671" HPOS="1791" VPOS="1437" WIDTH="7" HEIGHT="11" CONTENT="’" WC="0.20" CC="8"/>
						<SP ID="P22_SP00582" HPOS="1798" VPOS="1472" WIDTH="18"/>
						<String ID="P22_ST00672" HPOS="1816" VPOS="1428" WIDTH="15" HEIGHT="18" CONTENT="e" STYLE="superscript" WC="0.24" CC="7"/>
						<String ID="P22_ST00673" HPOS="1832" VPOS="1429" WIDTH="12" HEIGHT="17" CONTENT="®" WC="0.55" CC="4"/>
						<SP ID="P22_SP00583" HPOS="1844" VPOS="1472" WIDTH="13"/>
						<String ID="P22_ST00674" HPOS="1857" VPOS="1430" WIDTH="25" HEIGHT="17" CONTENT="w" STYLE="superscript" WC="1.00" CC="9"/>
						<String ID="P22_ST00675" HPOS="1876" VPOS="1457" WIDTH="7" HEIGHT="4" CONTENT="." WC="0.55" CC="4"/>
						<String ID="P22_ST00676" HPOS="1884" VPOS="1421" WIDTH="40" HEIGHT="27" CONTENT="lrd" STYLE="superscript" WC="0.28" CC="767"/>
						<SP ID="P22_SP00584" HPOS="1924" VPOS="1472" WIDTH="17"/>
						<String ID="P22_ST00677" HPOS="1941" VPOS="1432" WIDTH="13" HEIGHT="17" CONTENT="«" WC="0.54" CC="4"/>
						<String ID="P22_ST00678" HPOS="1957" VPOS="1433" WIDTH="28" HEIGHT="17" CONTENT="ln" STYLE="superscript" WC="0.26" CC="77"/>
						<SP ID="P22_SP00585" HPOS="1985" VPOS="1472" WIDTH="12"/>
						<String ID="P22_ST00679" HPOS="1997" VPOS="1423" WIDTH="88" HEIGHT="31" CONTENT="Stück" WC="0.99" CC="60020"/>
						<SP ID="P22_SP00586" HPOS="2085" VPOS="1472" WIDTH="12"/>
						<String ID="P22_ST00680" HPOS="2097" VPOS="1438" WIDTH="56" HEIGHT="17" CONTENT="von" WC="0.99" CC="003"/>
						<SP ID="P22_SP00587" HPOS="2153" VPOS="1472" WIDTH="18"/>
						<String ID="P22_ST00681" HPOS="2171" VPOS="1440" WIDTH="93" HEIGHT="20" CONTENT="eurem" WC="0.96" CC="37763"/>
						<SP ID="P22_SP00588" HPOS="2264" VPOS="1472" WIDTH="14"/>
						<String ID="P22_ST00682" HPOS="2278" VPOS="1433" WIDTH="97" HEIGHT="35" CONTENT="Selbst," WC="0.99" CC="0330504"/>
						<SP ID="P22_SP00589" HPOS="2375" VPOS="1472" WIDTH="19"/>
						<String ID="P22_ST00683" HPOS="2394" VPOS="1448" WIDTH="65" HEIGHT="17" CONTENT="euer" WC="0.97" CC="5730"/>
						<SP ID="P22_SP00590" HPOS="2459" VPOS="1472" WIDTH="13"/>
						<String ID="P22_ST00684" HPOS="2472" VPOS="1442" WIDTH="125" HEIGHT="30" CONTENT="geistiges" WC="0.99" CC="006206950"/>
					</TextLine>
					<TextLine ID="P22_TL00077" HPOS="1710" VPOS="1457" WIDTH="888" HEIGHT="58">
						<String ID="P22_ST00685" HPOS="1710" VPOS="1464" WIDTH="115" HEIGHT="51" CONTENT="nochT" WC="0.30" CC="47777"/>
						<SP ID="P22_SP00591" HPOS="1825" VPOS="1515" WIDTH="11"/>
						<String ID="P22_ST00686" HPOS="1836" VPOS="1466" WIDTH="16" HEIGHT="49" CONTENT="l" WC="0.72" CC="2"/>
						<String ID="P22_ST00687" HPOS="1853" VPOS="1466" WIDTH="5" HEIGHT="17" CONTENT="S" STYLE="superscript" WC="1.00" CC="0"/>
						<String ID="P22_ST00688" HPOS="1859" VPOS="1493" WIDTH="8" HEIGHT="22" CONTENT="t" WC="0.24" CC="7"/>
						<String ID="P22_ST00689" HPOS="1874" VPOS="1457" WIDTH="49" HEIGHT="29" CONTENT="hCS" STYLE="superscript" WC="0.39" CC="773"/>
						<SP ID="P22_SP00592" HPOS="1923" VPOS="1515" WIDTH="12"/>
						<String ID="P22_ST00690" HPOS="1935" VPOS="1459" WIDTH="87" HEIGHT="35" CONTENT="EiBen" STYLE="superscript" WC="0.41" CC="07777"/>
						<String ID="P22_ST00691" HPOS="2020" VPOS="1499" WIDTH="15" HEIGHT="16" CONTENT="j" WC="0.73" CC="2"/>
						<String ID="P22_ST00692" HPOS="2035" VPOS="1463" WIDTH="69" HEIGHT="28" CONTENT="hum" STYLE="superscript" WC="0.29" CC="776"/>
						<SP ID="P22_SP00593" HPOS="2104" VPOS="1515" WIDTH="16"/>
						<String ID="P22_ST00693" HPOS="2120" VPOS="1470" WIDTH="68" HEIGHT="24" CONTENT="Sein&gt;" STYLE="superscript" WC="0.30" CC="67775"/>
						<SP ID="P22_SP00594" HPOS="2188" VPOS="1515" WIDTH="22"/>
						<String ID="P22_ST00694" HPOS="2210" VPOS="1469" WIDTH="72" HEIGHT="28" CONTENT="Euer" STYLE="superscript" WC="0.42" CC="3665" STYLEREFS="TXT_2"/>
						<SP ID="P22_SP00595" HPOS="2282" VPOS="1515" WIDTH="13"/>
						<String ID="P22_ST00695" HPOS="2295" VPOS="1471" WIDTH="88" HEIGHT="29" CONTENT="WerE" STYLE="superscript" WC="0.40" CC="5764" STYLEREFS="TXT_2"/>
						<SP ID="P22_SP00596" HPOS="2383" VPOS="1515" WIDTH="61"/>
						<String ID="P22_ST00696" HPOS="2444" VPOS="1476" WIDTH="57" HEIGHT="28" CONTENT="«nd" WC="0.94" CC="100"/>
						<SP ID="P22_SP00597" HPOS="2501" VPOS="1515" WIDTH="15"/>
						<String ID="P22_ST00697" HPOS="2516" VPOS="1480" WIDTH="37" HEIGHT="24" CONTENT="sei" WC="0.94" CC="267"/>
						<SP ID="P22_SP00598" HPOS="2553" VPOS="1515" WIDTH="17"/>
						<String ID="P22_ST00698" HPOS="2570" VPOS="1488" WIDTH="28" HEIGHT="16" CONTENT="es" WC="0.69" CC="41"/>
					</TextLine>
					<TextLine ID="P22_TL00078" HPOS="1710" VPOS="1493" WIDTH="888" HEIGHT="61">
						<String ID="P22_ST00699" HPOS="1710" VPOS="1537" WIDTH="52" HEIGHT="17" CONTENT="nur" WC="0.94" CC="474"/>
						<SP ID="P22_SP00599" HPOS="1762" VPOS="1554" WIDTH="12"/>
						<String ID="P22_ST00700" HPOS="1774" VPOS="1538" WIDTH="47" HEIGHT="16" CONTENT="znr" WC="0.49" CC="077" STYLEREFS="TXT_3"/>
						<SP ID="P22_SP00600" HPOS="1821" VPOS="1554" WIDTH="13"/>
						<String ID="P22_ST00701" HPOS="1834" VPOS="1493" WIDTH="79" HEIGHT="61" CONTENT="ÄS" WC="0.55" CC="44"/>
						<SP ID="P22_SP00601" HPOS="1913" VPOS="1554" WIDTH="243"/>
						<String ID="P22_ST00702" HPOS="2156" VPOS="1512" WIDTH="60" HEIGHT="42" CONTENT="~ru" WC="0.41" CC="079" STYLEREFS="TXT_4"/>
						<SP ID="P22_SP00602" HPOS="2216" VPOS="1554" WIDTH="-168"/>
						<String ID="P22_ST00703" HPOS="2048" VPOS="1511" WIDTH="98" HEIGHT="43" CONTENT="‘T" WC="0.10" CC="89"/>
						<SP ID="P22_SP00603" HPOS="2216" VPOS="1554" WIDTH="-56"/>
						<String ID="P22_ST00704" HPOS="2160" VPOS="1504" WIDTH="26" HEIGHT="28" CONTENT="G" STYLE="superscript" WC="0.55" CC="4" STYLEREFS="TXT_3"/>
						<String ID="P22_ST00705" HPOS="2181" VPOS="1543" WIDTH="8" HEIGHT="11" CONTENT="," WC="0.32" CC="6" STYLEREFS="TXT_3"/>
						<String ID="P22_ST00706" HPOS="2188" VPOS="1505" WIDTH="84" HEIGHT="29" CONTENT="ANZ" STYLE="superscript" WC="0.42" CC="573" STYLEREFS="TXT_3"/>
						<SP ID="P22_SP00604" HPOS="2272" VPOS="1554" WIDTH="13"/>
						<String ID="P22_ST00707" HPOS="2285" VPOS="1508" WIDTH="148" HEIGHT="31" CONTENT="NATUR" WC="0.98" CC="70400"/>
						<SP ID="P22_SP00605" HPOS="2433" VPOS="1554" WIDTH="12"/>
						<String ID="P22_ST00708" HPOS="2445" VPOS="1515" WIDTH="66" HEIGHT="30" CONTENT="sein," WC="0.96" CC="45674"/>
						<SP ID="P22_SP00606" HPOS="2511" VPOS="1554" WIDTH="10"/>
						<String ID="P22_ST00709" HPOS="2521" VPOS="1515" WIDTH="77" HEIGHT="27" CONTENT="nicht" WC="0.97" CC="47370"/>
					</TextLine>
					<TextLine ID="P22_TL00079" HPOS="1730" VPOS="1530" WIDTH="867" HEIGHT="59">
						<String ID="P22_ST00710" HPOS="1730" VPOS="1537" WIDTH="92" HEIGHT="52" CONTENT='"J“' WC="0.20" CC="848"/>
						<SP ID="P22_SP00607" HPOS="1822" VPOS="1589" WIDTH="12"/>
						<String ID="P22_ST00711" HPOS="1834" VPOS="1530" WIDTH="95" HEIGHT="30" CONTENT="Halfte" STYLE="superscript" WC="0.57" CC="615407"/>
						<String ID="P22_ST00712" HPOS="1931" VPOS="1553" WIDTH="7" HEIGHT="7" CONTENT="‘" WC="0.20" CC="8"/>
						<SP ID="P22_SP00608" HPOS="1938" VPOS="1589" WIDTH="21"/>
						<String ID="P22_ST00713" HPOS="1959" VPOS="1535" WIDTH="44" HEIGHT="27" CONTENT="Ihr" STYLE="superscript" WC="0.29" CC="776"/>
						<SP ID="P22_SP00609" HPOS="2003" VPOS="1589" WIDTH="13"/>
						<String ID="P22_ST00714" HPOS="2016" VPOS="1548" WIDTH="40" HEIGHT="17" CONTENT="we" STYLE="superscript" WC="0.14" CC="97"/>
						<String ID="P22_ST00715" HPOS="2057" VPOS="1538" WIDTH="61" HEIGHT="44" CONTENT="£,det" WC="0.54" CC="60950"/>
						<SP ID="P22_SP00610" HPOS="2118" VPOS="1589" WIDTH="17"/>
						<String ID="P22_ST00716" HPOS="2135" VPOS="1542" WIDTH="89" HEIGHT="28" CONTENT="nichts" WC="0.99" CC="070000"/>
						<SP ID="P22_SP00611" HPOS="2224" VPOS="1589" WIDTH="18"/>
						<String ID="P22_ST00717" HPOS="2242" VPOS="1543" WIDTH="124" HEIGHT="37" CONTENT="bringen," WC="0.99" CC="77700104"/>
						<SP ID="P22_SP00612" HPOS="2366" VPOS="1589" WIDTH="18"/>
						<String ID="P22_ST00718" HPOS="2384" VPOS="1559" WIDTH="58" HEIGHT="18" CONTENT="was" WC="0.98" CC="005"/>
						<SP ID="P22_SP00613" HPOS="2442" VPOS="1589" WIDTH="19"/>
						<String ID="P22_ST00719" HPOS="2461" VPOS="1550" WIDTH="42" HEIGHT="28" CONTENT="ihr" WC="0.95" CC="770"/>
						<SP ID="P22_SP00614" HPOS="2503" VPOS="1589" WIDTH="17"/>
						<String ID="P22_ST00720" HPOS="2520" VPOS="1552" WIDTH="77" HEIGHT="27" CONTENT="nicht" WC="0.98" CC="67000"/>
					</TextLine>
					<TextLine ID="P22_TL00080" HPOS="1711" VPOS="1570" WIDTH="884" HEIGHT="58">
						<String ID="P22_ST00721" HPOS="1711" VPOS="1601" WIDTH="46" HEIGHT="27" CONTENT="der" WC="0.62" CC="074"/>
						<SP ID="P22_SP00615" HPOS="1757" VPOS="1628" WIDTH="86"/>
						<String ID="P22_ST00722" HPOS="1843" VPOS="1587" WIDTH="6" HEIGHT="12" CONTENT="," STYLE="superscript" WC="0.55" CC="4"/>
						<String ID="P22_ST00723" HPOS="1850" VPOS="1579" WIDTH="28" HEIGHT="49" CONTENT="/" WC="1.00" CC="9"/>
						<String ID="P22_ST00724" HPOS="1880" VPOS="1570" WIDTH="97" HEIGHT="33" CONTENT="mpfUn" STYLE="superscript" WC="0.49" CC="04677"/>
						<String ID="P22_ST00725" HPOS="1980" VPOS="1572" WIDTH="17" HEIGHT="55" CONTENT="f" WC="0.23" CC="7"/>
						<String ID="P22_ST00726" HPOS="1998" VPOS="1584" WIDTH="34" HEIGHT="17" CONTENT="en" STYLE="superscript" WC="0.25" CC="77"/>
						<String ID="P22_ST00727" HPOS="2035" VPOS="1593" WIDTH="6" HEIGHT="13" CONTENT="'" WC="0.20" CC="8"/>
						<SP ID="P22_SP00616" HPOS="2041" VPOS="1628" WIDTH="14"/>
						<String ID="P22_ST00728" HPOS="2055" VPOS="1575" WIDTH="154" HEIGHT="32" CONTENT="ERLEBT" STYLE="superscript" WC="0.69" CC="003067"/>
						<SP ID="P22_SP00617" HPOS="2209" VPOS="1628" WIDTH="9"/>
						<String ID="P22_ST00729" HPOS="2218" VPOS="1581" WIDTH="69" HEIGHT="28" CONTENT="habt" STYLE="superscript" WC="0.29" CC="7676"/>
						<String ID="P22_ST00730" HPOS="2288" VPOS="1602" WIDTH="7" HEIGHT="7" CONTENT="*" WC="0.83" CC="1"/>
						<SP ID="P22_SP00618" HPOS="2295" VPOS="1628" WIDTH="18"/>
						<String ID="P22_ST00731" HPOS="2313" VPOS="1584" WIDTH="65" HEIGHT="28" CONTENT="Und" WC="0.95" CC="940"/>
						<SP ID="P22_SP00619" HPOS="2378" VPOS="1628" WIDTH="14"/>
						<String ID="P22_ST00732" HPOS="2392" VPOS="1597" WIDTH="30" HEIGHT="17" CONTENT="so" WC="0.41" CC="47"/>
						<SP ID="P22_SP00620" HPOS="2422" VPOS="1628" WIDTH="13"/>
						<String ID="P22_ST00733" HPOS="2435" VPOS="1598" WIDTH="75" HEIGHT="17" CONTENT="muss" WC="0.95" CC="4765"/>
						<SP ID="P22_SP00621" HPOS="2510" VPOS="1628" WIDTH="13"/>
						<String ID="P22_ST00734" HPOS="2523" VPOS="1590" WIDTH="72" HEIGHT="26" CONTENT="auch" WC="0.99" CC="0600"/>
					</TextLine>
					<TextLine ID="P22_TL00081" HPOS="1711" VPOS="1609" WIDTH="283" HEIGHT="29">
						<String ID="P22_ST00735" HPOS="1711" VPOS="1609" WIDTH="46" HEIGHT="19" CONTENT="der" WC="0.92" CC="876" STYLEREFS="TXT_2"/>
						<SP ID="P22_SP00622" HPOS="1757" VPOS="1628" WIDTH="13"/>
						<String ID="P22_ST00736" HPOS="1770" VPOS="1612" WIDTH="63" HEIGHT="26" CONTENT="öieg" WC="0.36" CC="7475" STYLEREFS="TXT_2"/>
						<SP ID="P22_SP00623" HPOS="1833" VPOS="1638" WIDTH="14"/>
						<String ID="P22_ST00737" HPOS="1847" VPOS="1615" WIDTH="64" HEIGHT="18" CONTENT="euer" WC="0.97" CC="0906" STYLEREFS="TXT_2"/>
						<SP ID="P22_SP00624" HPOS="1911" VPOS="1638" WIDTH="13"/>
						<String ID="P22_ST00738" HPOS="1924" VPOS="1609" WIDTH="70" HEIGHT="28" CONTENT="sein!" WC="0.96" CC="05766"/>
					</TextLine>
					<TextLine ID="P22_TL00082" HPOS="1709" VPOS="1648" WIDTH="885" HEIGHT="52">
						<String ID="P22_ST00739" HPOS="1709" VPOS="1675" WIDTH="35" HEIGHT="25" CONTENT="da" WC="0.27" CC="94"/>
						<SP ID="P22_SP00625" HPOS="1744" VPOS="1700" WIDTH="266"/>
						<String ID="P22_ST00740" HPOS="2010" VPOS="1648" WIDTH="17" HEIGHT="27" CONTENT="d" STYLE="superscript" WC="0.24" CC="7"/>
						<String ID="P22_ST00741" HPOS="2024" VPOS="1686" WIDTH="21" HEIGHT="14" CONTENT="c" WC="0.24" CC="7"/>
						<SP ID="P22_SP00626" HPOS="2045" VPOS="1700" WIDTH="12"/>
						<String ID="P22_ST00742" HPOS="2057" VPOS="1650" WIDTH="64" HEIGHT="29" CONTENT="SeEe" STYLE="superscript" WC="0.44" CC="5627"/>
						<SP ID="P22_SP00627" HPOS="2121" VPOS="1700" WIDTH="13"/>
						<String ID="P22_ST00743" HPOS="2134" VPOS="1653" WIDTH="44" HEIGHT="27" CONTENT="ich" STYLE="superscript" WC="0.28" CC="767"/>
						<SP ID="P22_SP00628" HPOS="2178" VPOS="1700" WIDTH="121"/>
						<String ID="P22_ST00744" HPOS="2299" VPOS="1658" WIDTH="43" HEIGHT="28" CONTENT="die" WC="0.95" CC="074"/>
						<SP ID="P22_SP00629" HPOS="2342" VPOS="1700" WIDTH="7"/>
						<String ID="P22_ST00745" HPOS="2349" VPOS="1659" WIDTH="94" HEIGHT="34" CONTENT="Köpfe" WC="0.99" CC="00004"/>
						<SP ID="P22_SP00630" HPOS="2443" VPOS="1700" WIDTH="7"/>
						<String ID="P22_ST00746" HPOS="2450" VPOS="1662" WIDTH="144" HEIGHT="33" CONTENT="schütteln," WC="1.00" CC="0000005404"/>
					</TextLine>
					<TextLine ID="P22_TL00083" HPOS="1709" VPOS="1675" WIDTH="875" HEIGHT="59">
						<String ID="P22_ST00747" HPOS="1709" VPOS="1675" WIDTH="35" HEIGHT="28" CONTENT="da" WC="0.77" CC="04"/>
						<SP ID="P22_SP00631" HPOS="1744" VPOS="1703" WIDTH="12"/>
						<String ID="P22_ST00748" HPOS="1756" VPOS="1676" WIDTH="67" HEIGHT="29" CONTENT="höre" WC="0.97" CC="0444"/>
						<SP ID="P22_SP00632" HPOS="1823" VPOS="1705" WIDTH="13"/>
						<String ID="P22_ST00749" HPOS="1836" VPOS="1680" WIDTH="44" HEIGHT="27" CONTENT="ich" WC="0.95" CC="740"/>
						<SP ID="P22_SP00633" HPOS="1880" VPOS="1707" WIDTH="12"/>
						<String ID="P22_ST00750" HPOS="1892" VPOS="1681" WIDTH="119" HEIGHT="31" CONTENT="hundert" WC="0.99" CC="0040540"/>
						<SP ID="P22_SP00634" HPOS="2011" VPOS="1712" WIDTH="13"/>
						<String ID="P22_ST00751" HPOS="2024" VPOS="1686" WIDTH="107" HEIGHT="36" CONTENT="Fragen" WC="0.98" CC="044444"/>
						<SP ID="P22_SP00635" HPOS="2131" VPOS="1722" WIDTH="17"/>
						<String ID="P22_ST00752" HPOS="2148" VPOS="1692" WIDTH="58" HEIGHT="27" CONTENT="und" WC="0.96" CC="740"/>
						<SP ID="P22_SP00636" HPOS="2206" VPOS="1722" WIDTH="16"/>
						<String ID="P22_ST00753" HPOS="2222" VPOS="1696" WIDTH="117" HEIGHT="26" CONTENT="tausend" WC="0.98" CC="0474440"/>
						<SP ID="P22_SP00637" HPOS="2339" VPOS="1722" WIDTH="14"/>
						<String ID="P22_ST00754" HPOS="2353" VPOS="1697" WIDTH="231" HEIGHT="37" CONTENT="Einwendungen" WC="0.99" CC="004444004444"/>
					</TextLine>
					<TextLine ID="P22_TL00084" HPOS="1708" VPOS="1716" WIDTH="886" HEIGHT="51">
						<String ID="P22_ST00755" HPOS="1708" VPOS="1716" WIDTH="57" HEIGHT="25" CONTENT="und" WC="0.97" CC="700"/>
						<SP ID="P22_SP00638" HPOS="1765" VPOS="1741" WIDTH="20"/>
						<String ID="P22_ST00756" HPOS="1785" VPOS="1725" WIDTH="98" HEIGHT="20" CONTENT="immer" WC="0.99" CC="70000"/>
						<SP ID="P22_SP00639" HPOS="1883" VPOS="1745" WIDTH="20"/>
						<String ID="P22_ST00757" HPOS="1903" VPOS="1720" WIDTH="72" HEIGHT="27" CONTENT="noch" WC="0.99" CC="0600"/>
						<SP ID="P22_SP00640" HPOS="1975" VPOS="1747" WIDTH="18"/>
						<String ID="P22_ST00758" HPOS="1993" VPOS="1721" WIDTH="158" HEIGHT="37" CONTENT="behaupten" WC="0.99" CC="740060010"/>
						<SP ID="P22_SP00641" HPOS="2151" VPOS="1758" WIDTH="17"/>
						<String ID="P22_ST00759" HPOS="2168" VPOS="1730" WIDTH="77" HEIGHT="28" CONTENT="nicht" WC="0.98" CC="07700"/>
						<SP ID="P22_SP00642" HPOS="2245" VPOS="1758" WIDTH="12"/>
						<String ID="P22_ST00760" HPOS="2257" VPOS="1731" WIDTH="127" HEIGHT="36" CONTENT="Wenige," WC="0.99" CC="0600054"/>
						<SP ID="P22_SP00643" HPOS="2384" VPOS="1767" WIDTH="21"/>
						<String ID="P22_ST00761" HPOS="2405" VPOS="1735" WIDTH="44" HEIGHT="27" CONTENT="die" WC="0.97" CC="070"/>
						<SP ID="P22_SP00644" HPOS="2449" VPOS="1767" WIDTH="12"/>
						<String ID="P22_ST00762" HPOS="2461" VPOS="1736" WIDTH="133" HEIGHT="31" CONTENT="„wahre“" WC="0.98" CC="5090008"/>
					</TextLine>
					<TextLine ID="P22_TL00085" HPOS="1708" VPOS="1750" WIDTH="886" HEIGHT="53">
						<String ID="P22_ST00763" HPOS="1708" VPOS="1750" WIDTH="93" HEIGHT="30" CONTENT="Kunst" WC="0.99" CC="07000"/>
						<SP ID="P22_SP00645" HPOS="1801" VPOS="1780" WIDTH="12"/>
						<String ID="P22_ST00764" HPOS="1813" VPOS="1764" WIDTH="91" HEIGHT="19" CONTENT="müsse" WC="0.98" CC="05253"/>
						<SP ID="P22_SP00646" HPOS="1904" VPOS="1783" WIDTH="12"/>
						<String ID="P22_ST00765" HPOS="1916" VPOS="1763" WIDTH="64" HEIGHT="26" CONTENT="jetzt" WC="0.99" CC="54000"/>
						<SP ID="P22_SP00647" HPOS="1980" VPOS="1789" WIDTH="11"/>
						<String ID="P22_ST00766" HPOS="1991" VPOS="1763" WIDTH="243" HEIGHT="36" CONTENT="zugrundegehen." WC="1.00" CC="06006003000004"/>
						<SP ID="P22_SP00648" HPOS="2234" VPOS="1799" WIDTH="17"/>
						<String ID="P22_ST00767" HPOS="2251" VPOS="1768" WIDTH="83" HEIGHT="29" CONTENT="Denn" WC="0.99" CC="0500"/>
						<SP ID="P22_SP00649" HPOS="2334" VPOS="1799" WIDTH="13"/>
						<String ID="P22_ST00768" HPOS="2347" VPOS="1770" WIDTH="130" HEIGHT="33" CONTENT="Willkür," WC="0.99" CC="04640004"/>
						<SP ID="P22_SP00650" HPOS="2477" VPOS="1803" WIDTH="14"/>
						<String ID="P22_ST00769" HPOS="2491" VPOS="1774" WIDTH="86" HEIGHT="28" CONTENT="Zucht" SUBS_TYPE="HypPart1" SUBS_CONTENT="Zuchtlosigkeit" WC="0.98" CC="17070"/>
						<HYP HPOS="2577" VPOS="1774" WIDTH="17" CONTENT="-"/>
					</TextLine>
					<TextLine ID="P22_TL00086" HPOS="1707" VPOS="1791" WIDTH="886" HEIGHT="47">
						<String ID="P22_ST00770" HPOS="1707" VPOS="1791" WIDTH="126" HEIGHT="32" CONTENT="losigkeit" SUBS_TYPE="HypPart2" SUBS_CONTENT="Zuchtlosigkeit" WC="0.99" CC="500700670"/>
						<SP ID="P22_SP00651" HPOS="1833" VPOS="1823" WIDTH="27"/>
						<String ID="P22_ST00771" HPOS="1860" VPOS="1792" WIDTH="94" HEIGHT="30" CONTENT="könne" WC="0.98" CC="00705"/>
						<SP ID="P22_SP00652" HPOS="1954" VPOS="1823" WIDTH="28"/>
						<String ID="P22_ST00772" HPOS="1982" VPOS="1796" WIDTH="71" HEIGHT="29" CONTENT="doch" WC="0.99" CC="0030"/>
						<SP ID="P22_SP00653" HPOS="2053" VPOS="1825" WIDTH="31"/>
						<String ID="P22_ST00773" HPOS="2084" VPOS="1800" WIDTH="82" HEIGHT="30" CONTENT="keine" WC="0.99" CC="06003"/>
						<SP ID="P22_SP00654" HPOS="2166" VPOS="1830" WIDTH="27"/>
						<String ID="P22_ST00774" HPOS="2193" VPOS="1804" WIDTH="80" HEIGHT="29" CONTENT="Blüte" WC="0.98" CC="44007"/>
						<SP ID="P22_SP00655" HPOS="2273" VPOS="1833" WIDTH="27"/>
						<String ID="P22_ST00775" HPOS="2300" VPOS="1807" WIDTH="162" HEIGHT="28" CONTENT="verbreiten." WC="0.99" CC="00079070004"/>
						<SP ID="P22_SP00656" HPOS="2462" VPOS="1835" WIDTH="32"/>
						<String ID="P22_ST00776" HPOS="2494" VPOS="1810" WIDTH="99" HEIGHT="28" CONTENT="Blüten" WC="0.99" CC="041040"/>
					</TextLine>
					<TextLine ID="P22_TL00087" HPOS="1706" VPOS="1828" WIDTH="888" HEIGHT="53">
						<String ID="P22_ST00777" HPOS="1706" VPOS="1828" WIDTH="100" HEIGHT="26" CONTENT="wollen" WC="0.98" CC="960000"/>
						<SP ID="P22_SP00657" HPOS="1806" VPOS="1854" WIDTH="19"/>
						<String ID="P22_ST00778" HPOS="1825" VPOS="1830" WIDTH="99" HEIGHT="34" CONTENT="gehegt" WC="0.99" CC="007000"/>
						<SP ID="P22_SP00658" HPOS="1924" VPOS="1864" WIDTH="16"/>
						<String ID="P22_ST00779" HPOS="1940" VPOS="1833" WIDTH="57" HEIGHT="28" CONTENT="und" WC="0.97" CC="700"/>
						<SP ID="P22_SP00659" HPOS="1997" VPOS="1864" WIDTH="18"/>
						<String ID="P22_ST00780" HPOS="2015" VPOS="1836" WIDTH="120" HEIGHT="36" CONTENT="gepflegt" WC="1.00" CC="00024000"/>
						<SP ID="P22_SP00660" HPOS="2135" VPOS="1872" WIDTH="17"/>
						<String ID="P22_ST00781" HPOS="2152" VPOS="1843" WIDTH="67" HEIGHT="25" CONTENT="sein." WC="0.98" CC="30704"/>
						<SP ID="P22_SP00661" HPOS="2219" VPOS="1872" WIDTH="25"/>
						<String ID="P22_ST00782" HPOS="2244" VPOS="1842" WIDTH="65" HEIGHT="29" CONTENT="Nur" WC="0.97" CC="070"/>
						<SP ID="P22_SP00662" HPOS="2309" VPOS="1872" WIDTH="19"/>
						<String ID="P22_ST00783" HPOS="2328" VPOS="1849" WIDTH="108" HEIGHT="30" CONTENT="strenge" WC="1.00" CC="0000000"/>
						<SP ID="P22_SP00663" HPOS="2436" VPOS="1879" WIDTH="13"/>
						<String ID="P22_ST00784" HPOS="2449" VPOS="1846" WIDTH="145" HEIGHT="35" CONTENT="Schulung" WC="0.98" CC="01066709"/>
					</TextLine>
					<TextLine ID="P22_TL00088" HPOS="1716" VPOS="1862" WIDTH="865" HEIGHT="51">
						<String ID="P22_ST00785" HPOS="1716" VPOS="1862" WIDTH="69" HEIGHT="29" CONTENT="uhre" WC="0.55" CC="7045"/>
						<SP ID="P22_SP00664" HPOS="1785" VPOS="1891" WIDTH="19"/>
						<String ID="P22_ST00786" HPOS="1804" VPOS="1874" WIDTH="49" HEIGHT="19" CONTENT="zur" WC="0.96" CC="054"/>
						<SP ID="P22_SP00665" HPOS="1853" VPOS="1893" WIDTH="17"/>
						<String ID="P22_ST00787" HPOS="1870" VPOS="1867" WIDTH="211" HEIGHT="34" CONTENT="Meisterschaft." WC="0.99" CC="04640444404004"/>
						<SP ID="P22_SP00666" HPOS="2081" VPOS="1901" WIDTH="26"/>
						<String ID="P22_ST00788" HPOS="2107" VPOS="1875" WIDTH="66" HEIGHT="29" CONTENT="Und" WC="0.98" CC="040"/>
						<SP ID="P22_SP00667" HPOS="2173" VPOS="1904" WIDTH="20"/>
						<String ID="P22_ST00789" HPOS="2193" VPOS="1880" WIDTH="37" HEIGHT="26" CONTENT="sei" WC="0.94" CC="447"/>
						<SP ID="P22_SP00668" HPOS="2230" VPOS="1906" WIDTH="21"/>
						<String ID="P22_ST00790" HPOS="2251" VPOS="1879" WIDTH="49" HEIGHT="28" CONTENT="das" WC="0.97" CC="044"/>
						<SP ID="P22_SP00669" HPOS="2300" VPOS="1907" WIDTH="20"/>
						<String ID="P22_ST00791" HPOS="2320" VPOS="1882" WIDTH="77" HEIGHT="27" CONTENT="nicht" WC="0.98" CC="47400"/>
						<SP ID="P22_SP00670" HPOS="2397" VPOS="1909" WIDTH="19"/>
						<String ID="P22_ST00792" HPOS="2416" VPOS="1885" WIDTH="45" HEIGHT="25" CONTENT="ein" WC="0.95" CC="407"/>
						<SP ID="P22_SP00671" HPOS="2461" VPOS="1910" WIDTH="17"/>
						<String ID="P22_ST00793" HPOS="2478" VPOS="1884" WIDTH="103" HEIGHT="29" CONTENT="Hexen" WC="0.97" CC="44644"/>
					</TextLine>
					<TextLine ID="P22_TL00089" HPOS="1774" VPOS="1906" WIDTH="818" HEIGHT="47">
						<String ID="P22_ST00794" HPOS="1774" VPOS="1911" WIDTH="16" HEIGHT="16" CONTENT="a" WC="0.53" CC="4"/>
						<SP ID="P22_SP00672" HPOS="1790" VPOS="1927" WIDTH="49"/>
						<String ID="P22_ST00795" HPOS="1839" VPOS="1914" WIDTH="56" HEIGHT="17" CONTENT="von" WC="0.94" CC="436"/>
						<SP ID="P22_SP00673" HPOS="1895" VPOS="1931" WIDTH="17"/>
						<String ID="P22_ST00796" HPOS="1912" VPOS="1906" WIDTH="147" HEIGHT="30" CONTENT="Bizarrerie" WC="0.98" CC="0793886876"/>
						<SP ID="P22_SP00674" HPOS="2059" VPOS="1936" WIDTH="19"/>
						<String ID="P22_ST00797" HPOS="2078" VPOS="1913" WIDTH="57" HEIGHT="26" CONTENT="und" WC="0.91" CC="967"/>
						<SP ID="P22_SP00675" HPOS="2135" VPOS="1939" WIDTH="14"/>
						<String ID="P22_ST00798" HPOS="2149" VPOS="1914" WIDTH="208" HEIGHT="37" CONTENT="Unvermögen," WC="0.99" CC="02068708537"/>
						<SP ID="P22_SP00676" HPOS="2357" VPOS="1951" WIDTH="13"/>
						<String ID="P22_ST00799" HPOS="2370" VPOS="1929" WIDTH="58" HEIGHT="17" CONTENT="was" WC="0.98" CC="230"/>
						<SP ID="P22_SP00677" HPOS="2428" VPOS="1951" WIDTH="13"/>
						<String ID="P22_ST00800" HPOS="2441" VPOS="1922" WIDTH="64" HEIGHT="31" CONTENT="jetzt" WC="0.98" CC="70090"/>
						<SP ID="P22_SP00678" HPOS="2505" VPOS="1953" WIDTH="8"/>
						<String ID="P22_ST00801" HPOS="2513" VPOS="1927" WIDTH="79" HEIGHT="23" CONTENT="unter" WC="0.98" CC="70007"/>
					</TextLine>
					<TextLine ID="P22_TL00090" HPOS="1704" VPOS="1939" WIDTH="884" HEIGHT="60">
						<String ID="P22_ST00802" HPOS="1704" VPOS="1984" WIDTH="62" HEIGHT="15" CONTENT="men" WC="0.93" CC="477"/>
						<SP ID="P22_SP00679" HPOS="1766" VPOS="1999" WIDTH="15"/>
						<String ID="P22_ST00803" HPOS="1781" VPOS="1939" WIDTH="115" HEIGHT="60" CONTENT="S™?" WC="0.28" CC="496"/>
						<SP ID="P22_SP00680" HPOS="1896" VPOS="1999" WIDTH="222"/>
						<String ID="P22_ST00804" HPOS="2118" VPOS="1946" WIDTH="153" HEIGHT="28" CONTENT='»™dcrn"' WC="0.26" CC="7697677" STYLEREFS="TXT_2"/>
						<SP ID="P22_SP00681" HPOS="2271" VPOS="1999" WIDTH="-195"/>
						<String ID="P22_ST00805" HPOS="2076" VPOS="1951" WIDTH="29" HEIGHT="25" CONTENT="in" STYLE="superscript" WC="0.27" CC="77"/>
						<SP ID="P22_SP00682" HPOS="2271" VPOS="1999" WIDTH="-153"/>
						<String ID="P22_ST00806" HPOS="2118" VPOS="1950" WIDTH="53" HEIGHT="28" CONTENT="den" STYLE="superscript" WC="0.50" CC="077"/>
						<SP ID="P22_SP00683" HPOS="2271" VPOS="1999" WIDTH="-87"/>
						<String ID="P22_ST00807" HPOS="2184" VPOS="1951" WIDTH="46" HEIGHT="28" CONTENT="der" WC="0.98" CC="004"/>
						<SP ID="P22_SP00684" HPOS="2271" VPOS="1999" WIDTH="-27"/>
						<String ID="P22_ST00808" HPOS="2244" VPOS="1953" WIDTH="94" HEIGHT="30" CONTENT="Kunst" WC="0.98" CC="07440"/>
						<SP ID="P22_SP00685" HPOS="2338" VPOS="1999" WIDTH="12"/>
						<String ID="P22_ST00809" HPOS="2350" VPOS="1957" WIDTH="155" HEIGHT="33" CONTENT="geweihten" WC="0.99" CC="444470043"/>
						<SP ID="P22_SP00686" HPOS="2505" VPOS="1999" WIDTH="10"/>
						<String ID="P22_ST00810" HPOS="2515" VPOS="1959" WIDTH="55" HEIGHT="29" CONTENT="Räu" SUBS_TYPE="HypPart1" SUBS_CONTENT="Räumen" WC="1.00" CC="000"/>
						<HYP HPOS="2570" VPOS="1959" WIDTH="18" CONTENT="-"/>
					</TextLine>
					<TextLine ID="P22_TL00091" HPOS="1704" VPOS="1977" WIDTH="887" HEIGHT="48">
						<String ID="P22_ST00811" HPOS="1704" VPOS="1984" WIDTH="64" HEIGHT="18" CONTENT="men" SUBS_TYPE="HypPart2" SUBS_CONTENT="Räumen" WC="0.94" CC="457"/>
						<SP ID="P22_SP00687" HPOS="1768" VPOS="2002" WIDTH="19"/>
						<String ID="P22_ST00812" HPOS="1787" VPOS="1977" WIDTH="120" HEIGHT="30" CONTENT="schnöde" WC="0.99" CC="2300205"/>
						<SP ID="P22_SP00688" HPOS="1907" VPOS="2007" WIDTH="13"/>
						<String ID="P22_ST00813" HPOS="1920" VPOS="1981" WIDTH="107" HEIGHT="35" CONTENT="Orgien" WC="0.99" CC="000700"/>
						<SP ID="P22_SP00689" HPOS="2027" VPOS="2016" WIDTH="12"/>
						<String ID="P22_ST00814" HPOS="2039" VPOS="1984" WIDTH="100" HEIGHT="29" CONTENT="feiert?" WC="1.00" CC="0060000"/>
						<SP ID="P22_SP00690" HPOS="2139" VPOS="2016" WIDTH="62"/>
						<String ID="P22_ST00815" HPOS="2201" VPOS="1989" WIDTH="46" HEIGHT="27" CONTENT="Ich" WC="1.00" CC="000"/>
						<SP ID="P22_SP00691" HPOS="2247" VPOS="2016" WIDTH="13"/>
						<String ID="P22_ST00816" HPOS="2260" VPOS="1991" WIDTH="94" HEIGHT="29" CONTENT="kenne" WC="0.99" CC="04005"/>
						<SP ID="P22_SP00692" HPOS="2354" VPOS="2020" WIDTH="13"/>
						<String ID="P22_ST00817" HPOS="2367" VPOS="1994" WIDTH="57" HEIGHT="28" CONTENT="das." WC="0.98" CC="0054"/>
						<SP ID="P22_SP00693" HPOS="2424" VPOS="2022" WIDTH="17"/>
						<String ID="P22_ST00818" HPOS="2441" VPOS="1995" WIDTH="47" HEIGHT="28" CONTENT="Ich" WC="0.99" CC="020"/>
						<SP ID="P22_SP00694" HPOS="2488" VPOS="2023" WIDTH="13"/>
						<String ID="P22_ST00819" HPOS="2501" VPOS="1998" WIDTH="90" HEIGHT="27" CONTENT="werde" WC="0.99" CC="06003"/>
					</TextLine>
					<TextLine ID="P22_TL00092" HPOS="1704" VPOS="2018" WIDTH="517" HEIGHT="33">
						<String ID="P22_ST00820" HPOS="1704" VPOS="2021" WIDTH="43" HEIGHT="18" CONTENT="ein" WC="0.95" CC="570"/>
						<SP ID="P22_SP00695" HPOS="1747" VPOS="2039" WIDTH="13"/>
						<String ID="P22_ST00821" HPOS="1760" VPOS="2018" WIDTH="172" HEIGHT="27" CONTENT="anderesmal" WC="0.43" CC="9385766503"/>
						<SP ID="P22_SP00696" HPOS="1932" VPOS="2045" WIDTH="14"/>
						<String ID="P22_ST00822" HPOS="1946" VPOS="2018" WIDTH="99" HEIGHT="30" CONTENT="darauf" WC="0.98" CC="006463"/>
						<SP ID="P22_SP00697" HPOS="2045" VPOS="2048" WIDTH="12"/>
						<String ID="P22_ST00823" HPOS="2057" VPOS="2028" WIDTH="164" HEIGHT="23" CONTENT="antworten." WC="1.00" CC="0550000002"/>
					</TextLine>
				</TextBlock>
				<TextBlock ID="P22_TB00004" HPOS="547" VPOS="2138" WIDTH="109" HEIGHT="24" STYLEREFS="TXT_5 PAR_LEFT">
					<TextLine ID="P22_TL00093" HPOS="547" VPOS="2138" WIDTH="108" HEIGHT="22">
						<String ID="P22_ST00824" HPOS="547" VPOS="2138" WIDTH="108" HEIGHT="22" CONTENT="Vignette" WC="0.99" CC="60420050"/>
					</TextLine>
				</TextBlock>
				<TextBlock ID="P22_TB00005" HPOS="547" VPOS="2143" WIDTH="176" HEIGHT="38" STYLEREFS="TXT_3 PAR_LEFT">
					<Shape>
						<Polygon POINTS="723,2181 547,2181 547,2170 664,2170 664,2143 723,2143"/>
					</Shape>
					<TextLine ID="P22_TL00094" HPOS="676" VPOS="2145" WIDTH="47" HEIGHT="14">
						<String ID="P22_ST00825" HPOS="676" VPOS="2145" WIDTH="47" HEIGHT="14" CONTENT="von" WC="0.95" CC="166"/>
					</TextLine>
					<TextLine ID="P22_TL00095" HPOS="547" VPOS="2163" WIDTH="176" HEIGHT="18">
						<String ID="P22_ST00826" HPOS="547" VPOS="2163" WIDTH="42" HEIGHT="18" CONTENT="Leo" WC="0.98" CC="000"/>
						<SP ID="P22_SP00698" HPOS="589" VPOS="2181" WIDTH="14"/>
						<String ID="P22_ST00827" HPOS="603" VPOS="2163" WIDTH="120" HEIGHT="18" CONTENT="Kainradl." WC="0.96" CC="000050610"/>
					</TextLine>
				</TextBlock>
				<TextBlock ID="P22_TB00006" HPOS="2521" VPOS="240" WIDTH="306" HEIGHT="37" STYLEREFS="TXT_6 PAR_RIGHT">
					<TextLine ID="P22_TL00096" HPOS="2521" VPOS="240" WIDTH="306" HEIGHT="37">
						<String ID="P22_ST00828" HPOS="2521" VPOS="240" WIDTH="89" HEIGHT="33" CONTENT="VER" WC="0.75" CC="402"/>
						<SP ID="P22_SP00699" HPOS="2610" VPOS="273" WIDTH="26"/>
						<String ID="P22_ST00829" HPOS="2636" VPOS="243" WIDTH="191" HEIGHT="34" CONTENT="SACRUM" WC="0.80" CC="404002"/>
					</TextLine>
				</TextBlock>
				<ComposedBlock ID="P22_CB00001" HPOS="1232" VPOS="2134" WIDTH="883" HEIGHT="253" STYLEREFS="TXT_7 PAR_LEFT" TYPE="Illustration">
					<GraphicalElement ID="P22_CB00001_SUB" HPOS="1232" VPOS="2134" WIDTH="883" HEIGHT="253"/>
				</ComposedBlock>
			</PrintSpace>
		</Page>
	</Layout>
</alto>
