2930 3048
1298 2923 18 27 5

1037 449 281 39 MODERNE

945 509 452 41 HOLZSCHNITTE.

265 1065 137 103 Wir
414 1071 11 17 S
426 1063 10 24 i
437 1071 17 16 n
457 1058 17 29 d
489 1059 82 31 lange
586 1047 173 34 farbenblind
772 1054 124 27 gewesen
911 1040 65 29 oder
989 1042 164 29 wenigstens

379 1095 196 31 farbenscheu;
583 1091 36 28 da
624 1087 92 29 haben
723 1094 51 19 uns
783 1082 42 29 die
834 1080 90 29 Maler
933 1077 42 28 die
983 1076 103 33 Augen
1094 1073 45 28 auf-

381 1133 129 38 gemacht
522 1129 58 30 und
593 1128 53 28 den
658 1123 87 30 Muth
757 1131 48 19 zur
817 1118 86 29 Farbe
919 1111 233 37 wiedergegeben.

265 1178 63 28 Wie
337 1179 38 25 sie
384 1184 53 19 uns
449 1167 124 33 dadurch
580 1163 149 31 bereichert
737 1159 100 29 haben,
847 1155 48 29 das
904 1162 99 25 spuren
1011 1160 50 18 wir
1069 1149 67 26 heut

265 1217 76 27 „ich,
353 1213 73 29 bloss
438 1222 37 17 an
487 1200 215 37 «»-»LyÄ

263 1262 131 58 rhX
395 1249 13 30 F
765 1245 10 24 P
776 1271 44 29 ich
837 1267 110 38 glaube.
964 1264 73 29 auch
1049 1264 29 25 in
1091 1271 61 18 „ns.

265 1328 27 27 G
294 1338 13 17 '
309 1337 31 25 Pr

265 1410 122 27 „'cgong
399 1403 29 24 in
439 1398 43 27 ihr

544 1467 116 31 umfass,
671 1467 38 26 sie
722 1460 51 29 all.

265 1515 212 30 drocksformcn
492 1493 503 71 »«»«Äj;
1005 1487 149 73 t^hTel

265 1631 50 26 wir
330 1628 43 27 für
390 1625 54 28 den
461 1623 122 27 Gewinn
599 1627 36 18 an
650 1619 86 23 harbe
752 1619 27 18 et
1038 1634 116 29 Damals

266 1818 40 27 als
326 1815 92 28 solche
442 1810 155 31 überhaupt
620 1795 180 36 verschwand
834 1795 75 25 Aber

266 1854 73 28 auch
360 1853 87 28 dieser
466 1844 208 33 Überschwang
691 1838 38 27 ha
1166 1844 13 50 J
863 1865 46 28 der

266 1894 93 26 action
384 1886 150 38 gefunden,
558 1879 58 30 und
640 1877 71 28 diese
732 1883 16 25 g

265 1926 183 37 Hauptsache
464 1933 56 18 von
537 1921 54 27 den
610 1912 152 32 Künstlern
782 1911 49 24 mit
851 1915 17 24 g

266 1965 172 29 manischem
451 1962 80 27 Blute
544 1966 59 20 aus.
794 1981 28 20 T
823 1980 9 10 <
895 1987 11 5 .

332 2004 58 26 Der
407 2001 78 28 Geist
499 1998 112 28 Dürers,
630 1990 53 28 den
698 1986 81 29 Hans
795 1982 114 27 Thoma

266 2041 53 29 den
340 2048 112 27 grossen
471 2033 87 31 Feind
582 2031 64 28 aller
665 2015 245 67 Unbestimmt

267 2082 123 32 genannt
407 2077 60 29 hat,
484 2072 108 28 wachte
607 2065 58 30 auf.
680 2063 32 27 In
729 2060 53 29 <fc»
798 2055 111 30 statkcn

265 2118 127 27 braunen
403 2113 171 28 Contouren,
582 2106 43 28 die
630 2112 49 19 wir
684 2098 47 30 auf
737 2096 172 29 zahlreichen

265 2129 635 53 BilderndesFrankfurterMeistersbemerken

266 2193 68 27 kam
348 2200 64 19 zum
423 2183 163 32 erstenmale
594 2177 100 31 wieder
704 2175 43 27 die
756 2169 79 30 derbe
843 2166 67 27 Lort

266 2230 48 28 des
329 2225 162 31 Deutschen
510 2231 46 18 am
575 2224 127 26 strengen
720 2210 191 56 Umri^e^

266 2265 161 31 Ausdruck,
440 2262 64 28 aber
519 2262 55 25 erst
586 2259 51 24 mit
648 2252 47 28 der
884 2249 26 36 ,S

266 2306 48 28 der
329 2298 205 40 angewandten
547 2294 102 29 Kunst,
668 2289 43 28 die
723 2296 17 24 g

267 2343 47 28 der
326 2336 181 37 Hauptsache
524 2326 208 42 germanischen
746 2321 76 28 Geist

1199 1034 108 34 begann
1326 1032 72 28 diese
1416 1032 155 27 Linienlust
1588 1031 58 27 sich
1665 1030 48 27 auf
1728 1030 42 27 ihr
1787 1032 134 32 eigenstes
1941 1030 98 27 Gebiet
2057 1039 35 18 zu

1199 1071 140 30 besinnen,
1354 1070 49 27 auf
1415 1070 43 28 die
1471 1068 302 29 Holzschneidekunst*

1287 1108 63 27 Wie
1370 1107 80 31 diese,
1471 1106 42 28 die
1532 1106 117 27 ehedem
1668 1108 28 24 in
1715 1104 193 28 Deutschland
1927 1114 30 17 so
1975 1103 118 28 herrlich

1199 1145 113 35 geblüht
1324 1145 58 31 hat,
1395 1150 54 22 erst
1461 1144 105 27 schritt-
1580 1143 58 27 und
1651 1142 75 28 dann
1745 1144 157 26 sturzweise
1915 1142 161 33 herunterge-

1199 1184 143 30 kommen,
1351 1185 53 25 wie
1417 1192 50 17 aus
1481 1181 46 27 der
1539 1180 292 28 Holzschneidekunst
1844 1179 43 27 die
1899 1179 194 34 Xylographie

1199 1220 148 35 geworden
1360 1222 41 29 ist,
1411 1222 98 25 wissen
1516 1221 58 29 wir,
1584 1218 75 27 denn
1667 1220 50 25 wir
1723 1217 92 27 haben
1825 1227 28 17 es
1866 1219 50 25 mit
1925 1217 167 33 angesehen,

1199 1261 51 25 wie
1268 1260 38 25 sie
1324 1257 66 31 sich,
1409 1260 29 24 in
1457 1256 46 28 der
1520 1255 157 28 thörichten
1696 1254 142 35 Begierde,
1857 1256 51 25 mit
1927 1253 53 28 den
1994 1254 82 33 photo-

1199 1295 145 34 typischen
1350 1294 168 28 Techniken
1530 1303 35 19 zu
1574 1293 161 31 wetteifern,
1746 1292 88 27 ihrem
1842 1294 140 31 eigensten
1989 1291 103 28 Wesen

1199 1332 300 28 entfremdethat**Der
1504 1330 210 28 Umrissschnitt
1718 1340 58 17 war
1781 1329 76 27 nicht
1862 1328 72 28 bloss
1938 1339 153 24 vergessen,

1199 1382 27 16 er
1240 1370 55 34 galt
1304 1380 80 24 sogar
1392 1369 43 27 für
1444 1368 176 34 unmöglich;
1633 1368 49 27 ihn
1689 1366 262 32 wiederzubeleben,
1960 1366 132 27 brauchte

1199 1419 28 16 es
1246 1407 42 28 die
1306 1406 200 28 künstlerische
1519 1405 235 28 Selbstsicherheit
1772 1415 57 17 von
1845 1404 176 27 vornehmen
2033 1404 40 27 Un-

1200 1448 207 31 zeitgemässen,
1427 1446 54 25 wie
1501 1454 27 17 es
1548 1453 23 18 z*
1592 1443 32 27 B*
1645 1443 43 27 die
1708 1443 135 26 Künstler
1862 1452 104 21 waren,
1987 1441 43 28 die
2049 1441 44 27 für

1200 1483 43 28 die
1256 1481 197 28 Morris'schen
1466 1481 109 27 Bücher
1587 1480 161 28 zeichneten
1761 1479 59 28 und
1832 1479 147 28 schnitten*

1289 1520 56 26 Der
1363 1518 133 28 moderne
1508 1518 210 27 Umrissschnitt
1735 1517 110 34 begann
1859 1517 57 27 also
1935 1519 51 24 mit
2001 1516 72 26 Buch-

1200 1557 144 31 schmuck,
1357 1556 58 27 und
1428 1556 57 27 dies
1497 1558 34 24 ist
1544 1565 71 24 ganz
1627 1555 146 31 natürlich,
1786 1565 83 16 wenn
1882 1564 67 17 man
1962 1553 129 31 bedenkt,

1201 1595 61 27 dass
1285 1594 46 28 der
1351 1593 177 29 Holzschnitt
1553 1592 65 28 oder
1642 1595 165 31 wenigstens
1828 1592 43 27 die
1890 1590 201 30 zeichnerische

1199 1631 285 28 Holzschnittmanier
1494 1630 43 27 die
1544 1632 105 32 einzige
1656 1628 132 28 Technik
1796 1631 42 29 ist,
1846 1628 43 28 die
1895 1628 126 28 wirklich
2029 1628 62 27 dem

1200 1669 96 28 Buche
1306 1673 108 30 gemäss
1426 1670 42 25 ist*
1481 1667 152 28 Trotzdem
1643 1666 116 28 braucht
1766 1676 67 17 man
1842 1665 76 27 nicht
1927 1665 122 34 Prophet
2057 1675 34 19 zu

1443 1707 67 29 sein,
1527 1715 50 17 um
1593 1714 35 19 zu
1645 1714 94 24 sagen,
1757 1703 64 27 dass
1839 1705 29 25 in
1890 1703 130 27 Zukunft
2039 1714 52 15 nur

1442 1742 63 27 sehr
1532 1744 92 31 wenig
1651 1740 218 29 Buchschmuck
1896 1742 29 25 in
1949 1740 74 28 Holz
2048 1750 29 24 ge-

1443 1780 137 27 schnitten
1589 1778 112 29 werden
1710 1778 77 28 wird*
1798 1777 217 28 Unzweifelhaft
2024 1777 67 28 wird

1442 1817 44 27 die
1504 1817 293 29 Holzschnittmanier,
1816 1815 43 27 die
1877 1815 93 27 starke
1990 1814 87 28 Strich-

1441 1854 166 34 zeichnung,
1625 1854 61 27 sehr
1704 1853 64 27 bald
1781 1852 43 28 die
1841 1854 106 33 einzige
1964 1854 67 30 sein,
2049 1852 42 27 die

1442 1894 44 25 ein
1506 1891 134 28 Künstler
1659 1902 57 16 von
1737 1890 177 28 Geschmack
1934 1889 156 32 anwendet,

1442 1940 83 16 wenn
1545 1940 28 17 er
1593 1932 44 24 ein
1655 1928 79 28 Buch
1754 1931 51 24 mit
1825 1927 180 28 Zierstücken
2026 1926 65 28 oder

1442 1966 205 28 Illustrationen
1663 1970 190 24 auszustatten
1866 1965 61 31 hat;
1945 1965 74 27 denn
2031 1965 60 33 jede

1443 2004 98 27 andere
1559 2004 111 27 Manier
1688 2004 82 27 wirkt
1788 2005 128 25 inmitten
1937 2001 47 28 der
1999 2001 73 28 Buch-

1442 2041 205 34 druckertypen
1659 2040 89 28 fremd
1761 2040 58 27 und
1832 2039 120 32 störend,
1969 2039 73 31 aber,
2056 2039 34 27 da

1442 2078 43 28 die
1504 2079 180 34 Zinkätzung
1701 2078 136 27 imstande
1855 2080 42 29 ist,
1916 2077 48 27 das
1983 2086 107 25 genaue

1442 2116 144 28 Facsimile
1599 2119 74 25 einer
1687 2114 247 35 Strichzeichnung
1942 2114 132 28 wiederzu-

1442 2153 96 35 geben,
1556 2164 29 17 so
1606 2157 34 24 ist
1657 2164 28 16 es
1701 2163 72 24 ganz
1789 2153 155 30 erklärlich,
1966 2152 61 27 dass
2047 2151 43 27 die

1442 2191 134 27 Künstler
1592 2191 43 27 die
1648 2191 166 33 bequemere
1830 2189 97 28 Arbeit
1943 2192 49 24 mit
2004 2189 86 27 Feder

1443 2228 48 27 auf
1507 2229 99 33 Papier
1623 2228 45 28 der
1681 2227 131 35 ungleich
1828 2227 197 27 mühsameren
2041 2229 49 23 mit

1442 2266 63 27 dem
1522 2266 105 27 Messer
1643 2266 49 27 auf
1706 2266 75 27 Holz
1797 2265 158 28 vorziehen*
1973 2264 37 26 Es
2025 2263 65 34 liegt

1442 2306 144 32 unstreitig
1598 2306 60 25 eine
1672 2302 105 28 Gefahr
1790 2302 86 32 darin,
1895 2301 58 28 und
1970 2301 46 27 der
2028 2311 46 16 vor-

1000 711 66 27 Von
1086 709 117 29 OTTO
1219 710 129 34 JULIUS

1071 755 214 27 BIERBAUM.

2138 782 178 18 Buchschmuck

2138 804 38 18 für
2182 804 26 19 V.
2216 804 21 22 S.
2248 804 42 22 gez.

2137 827 46 18 Jos.
2188 827 128 18 Hoffmann

2137 2035 120 23 Schutzstangenhälter
2263 2035 19 23 aus
2288 2035 20 23 Mes
2308 2035 25 23 sing

2222 2080 111 19 C.Adalb.

2192 2103 86 18 Fischl.

1516 2377 14 13 *
1553 2376 29 19 In
1610 2376 75 22 Georg
1716 2375 83 19 Hirths
1830 2375 100 18 schöner
1953 2373 136 22 Sammlung

1442 2398 289 26 „Meister-Holzschnitte
1752 2402 42 14 aus
1813 2398 50 18 vier
1882 2396 205 20 Jahrhunderten“

1442 2422 31 18 ist
1483 2422 110 22 übrigens
1606 2420 154 23 Gelegenheit
1771 2420 109 23 geboten,
1899 2424 29 13 zu
1946 2419 80 21 sehen,
2044 2418 45 18 wie

1442 2444 92 18 schnell
1552 2444 37 18 die
1605 2442 248 20 Holzschnitttechnik
1872 2443 75 17 ihrem
1966 2440 122 19 innersten

1443 2467 93 21 Wesen,
1550 2467 102 18 nämlich
1662 2466 41 18 der
1711 2470 95 18 grossen
1817 2465 51 19 und
1877 2465 97 19 starken
1982 2462 94 19 Einfach-

1443 2489 49 18 heit
1503 2489 127 22 abtrünnig
1642 2488 127 21 geworden
1780 2488 37 18 ist.

45 227 89 37 VER
158 230 199 34 SACRUM.
