2951 3048
798 433 464 33 HANDZEICHNUNGEN
1274 432 152 34 ALTER
1440 433 199 34 MEISTER

845 489 59 20 aus
929 477 55 32 der
1008 476 209 38 „Albertina“
1247 476 68 32 und
1346 477 140 33 anderen
1511 479 103 32 Samm-

844 522 131 40 lungen*
999 521 198 32 Erscheinen
1217 525 34 27 in
1271 521 242 34 Monatsheften
1533 527 58 28 mit
1611 536 28 27 je

843 568 32 30 12
877 565 271 33 —ISFacsimiles
1162 565 56 32 auf
1229 567 32 30 10
1271 564 129 40 Tafeln,
1413 570 34 29 in
1461 567 178 33 einfachem

843 609 67 33 und
924 609 156 41 farbigem
1088 609 105 32 Licht-
1207 608 68 33 und
1284 610 209 38 Buchdruck,
1506 612 133 32 Format

842 654 141 33 29:36V2
1009 666 61 20 cm*
1102 654 91 32 Preis
1223 653 31 32 fl*
1279 656 64 30 LBO
1374 669 47 12 ===
1450 655 71 32 Mk*
1554 657 84 31 3*—.

845 698 285 40 Sammelmappen
1147 702 18 28 ä
1181 698 31 31 fl*
1226 699 71 31 3*60
1310 714 44 11 =
1365 699 72 32 Mk*
1452 701 28 30 6*
1483 718 52 13 —*
1548 701 90 31 Preis

844 743 49 31 für
910 744 31 31 12
954 743 93 32 Hefte
1059 746 34 28 in
1106 742 121 39 Mappe
1239 742 31 31 fl*
1283 744 95 31 25*20
1390 759 45 10 =
1446 743 72 33 Mk*
1531 745 107 31 42*—*

845 786 356 34 Inhaltsverzeichnisse
1219 789 34 29 in
1270 785 168 35 deutscher
1462 787 68 33 und
1554 788 68 33 fran-

842 831 163 33 zösischer
1035 830 153 40 Sprache*
1221 830 139 39 Jährlich
1390 831 188 33 erscheinen
1606 835 32 30 12

842 875 103 32 Hefte*
985 876 57 31 Bis
1071 874 91 33 Ende
1195 876 71 30 1898
1301 887 111 21 waren
1448 877 17 31 3
1493 877 145 40 Mappen

843 919 147 40 complet*

798 1006 297 34 ORNAMENTE
1107 1005 152 34 ALTER
1268 1007 369 35 SCHMIEDEEISEN*

842 1053 40 31 50
903 1051 84 32 Blatt
1006 1051 225 37 Lichtdrucke,
1254 1052 134 32 Format
1407 1054 102 31 29:36
1514 1056 8 13 l
1522 1053 23 34 A
1563 1066 73 25 cm*,

841 1096 36 31 In
901 1096 121 39 Mappe
1046 1096 31 31 fl*
1102 1098 42 30 15*
1147 1114 42 4 —
1212 1110 45 11 =
1280 1096 72 32 Mk*
1377 1098 51 31 25*
1431 1115 53 13 —*

1263 1227 123 34 MINT
1387 1229 58 32 AL
1445 1229 138 33 APOK*
1616 1237 204 28 Musterblätter
1828 1239 43 27 für
1877 1240 271 30 Gewerbetreibende

1301 1272 52 33 und
1353 1272 263 33 Gewerbeschulen,
1630 1274 223 35 herausgegeben
1861 1287 66 16 vom
1936 1277 106 34 fcönigl*
2051 1289 98 24 ungar*

1301 1309 307 28 Handelsministerium
1629 1316 79 22 unter
1730 1311 62 28 dem
1812 1313 337 30 Redactions-Präsidium

1302 1356 56 16 von
1377 1346 130 33 JOSEF
1534 1347 262 33 SZTERENYI,
1822 1350 105 34 königl*
1953 1351 196 29 Sectionsrath*

1302 1382 92 28 Texte
1409 1386 29 24 in
1454 1384 184 33 ungarischer,
1655 1386 170 31 croatischer,
1842 1388 158 33 englischer,
2018 1389 117 28 französi-

1302 1420 76 27 scher
1401 1420 58 27 und
1486 1420 142 28 deutscher
1652 1421 130 34 Sprache*
1811 1424 143 28 Erscheint
1981 1425 116 32 jährlich
2121 1430 28 23 in

1302 1458 27 25 12
1342 1457 103 27 Heften
1458 1460 50 24 mit
1520 1460 24 30 je
1557 1459 83 26 B—lo
1649 1459 170 28 Vollbildern
1832 1461 57 27 und
1901 1461 198 35 Detailpausen
2111 1466 38 24 im

1304 1493 128 28 Formate
1452 1505 57 16 von
1531 1496 33 25 36
1569 1498 8 14 1
1578 1495 12 34 /
1590 1513 9 15 2
1610 1497 48 25 :45
1663 1499 8 14 1
1672 1496 11 33 /
1684 1514 9 14 2
1716 1506 62 22 cm*,
1805 1499 28 25 in
1857 1498 99 32 Buch-,
1980 1499 89 28 Licht-
2093 1501 56 27 und

1305 1530 204 28 Farbendruck*
1530 1532 74 27 Preis
1620 1543 47 22 per
1679 1533 146 35 Lieferung
1836 1534 29 28 fl*
1878 1537 62 25 3*60
1953 1548 36 11 =
2001 1537 64 27 Mk*
2078 1539 25 26 6*
2105 1554 45 11 —.

800 1663 63 26 DIE
897 1663 431 29 BRONZE-EPITAPHIEN*

837 1700 45 27 der
891 1700 145 28 Friedhöfe
1045 1701 59 31 „St*
1108 1701 154 33 Johannis“
1269 1701 58 27 und

836 1736 60 32 „St*
908 1737 134 27 Rochus“
1053 1747 35 19 zu
1100 1738 160 34 Nürnberg*
1273 1739 55 26 Mit

836 1774 201 27 erläuterndem
1061 1774 77 28 Text
1164 1786 57 16 von
1246 1775 81 27 Hans

836 1811 115 31 Boesch,
971 1811 124 28 Director
1115 1822 46 17 am
1183 1812 126 27 Germani-

835 1848 82 26 schen
949 1848 132 27 Museum
1113 1852 28 23 in
1166 1849 160 34 Nürnberg*

835 1884 113 27 Format
956 1886 81 26 32:40
1046 1896 53 16 cm*
1107 1887 34 25 82
1147 1886 179 26 Kunsttafeln

835 1923 28 24 in
876 1921 99 31 Buch-,
988 1921 90 28 Licht-
1098 1922 57 27 und
1172 1921 154 28 Tondruck

836 1968 36 16 m*
877 1958 73 27 reich
957 1958 182 28 illustriertem
1144 1958 182 28 Text*Gross-

836 1994 225 33 Quart-Format*

799 2030 109 34 Compl*
916 2031 60 34 geb*
983 2032 28 26 fl*
1018 2033 44 26 60*
1065 2048 35 3 —
1108 2045 37 9 =
1153 2032 63 27 Mk*
1222 2034 58 25 100*
1282 2048 44 12 —♦

798 2098 307 40 NÜRNBERGS
1147 2106 179 39 ERKER,

836 2148 172 33 GIEBEL
1038 2150 104 33 UND
1182 2145 144 39 HÖFE*

834 2192 232 34 Herausgegeben
1078 2204 56 16 von
1145 2194 42 27 M*
1199 2194 127 28 Gerlach*

835 2229 117 31 Zweite,
984 2229 164 29 verbesserte
1179 2231 58 27 und
1267 2243 45 16 ver-

835 2265 104 28 mehrte
954 2266 129 34 Auflage*
1103 2269 35 25 55
1150 2268 74 27 Blatt
1236 2269 75 28 Licht-

835 2302 111 32 drucke,
970 2303 129 28 Formate
1123 2306 126 34 29:36V*
1271 2316 53 18 cm*

834 2339 31 27 In
874 2340 105 34 Mappe
990 2340 29 27 fl*
1029 2342 42 26 27*
1075 2357 32 3 —
1119 2353 38 11 =
1164 2342 64 27 Mk*
1235 2344 90 27 45*—*

1774 437 227 34 *FESTONS
2025 439 41 32 U.
2083 439 296 34 DECORATIVE
2403 441 212 33 GRUPPEN

1818 493 60 21 aus
1883 483 154 35 Pflanzen
2050 483 68 32 und
2127 483 156 33 Thieren.
2297 485 112 37 Dritte,
2418 485 198 34 verbesserte

1818 526 149 42 Auflage.
1990 530 55 30 140
2062 528 85 32 Blatt
2163 528 85 32 nach
2265 532 105 29 einem
2387 541 105 21 neuen
2510 530 89 33 Licht-

1818 569 273 35 druckverfahren
2100 572 188 41 hergestellt.
2298 573 134 33 Format
2444 575 53 31 32;
2504 575 41 32 46
2553 586 61 21 cm.

1818 615 89 32 Preis
1935 616 32 32 fl.
1991 618 109 31 108.—
2127 632 45 10 =
2198 617 72 32 Mk.
2295 618 64 32 180.
2362 635 53 15 —.
2445 618 171 33 Erscheint

1819 658 39 33 ab
1883 660 93 34 März
1998 662 72 31 1898
2094 665 34 28 in
2152 662 20 31 4
2197 662 113 32 Serien
2334 666 58 28 mit
2415 664 27 37 je
2468 664 38 31 35
2530 662 86 34 Blatt

1820 708 18 27 ä
1861 703 32 33 fl.
1917 707 94 29 27.
2033 720 46 11 =
2101 705 72 32 Mk.
2190 707 108 31 45.—.

1774 769 210 35 *KARTEN
2006 771 97 34 UND
2130 770 281 36 VIGNETTEN.
2454 767 88 39 Über
2574 777 40 30 60

1819 813 233 35 künstlerische
2075 816 167 33 Entwürfe
2265 828 67 21 von
2352 817 263 33 Glückwunsch-

1818 857 67 33 und
1920 859 317 42 Einladungskarten
2272 867 57 27 etc.
2359 861 255 34 Folio-Format.

1818 902 95 32 Nach
1940 903 329 42 Federzeichnungen
2298 917 67 21 von
2394 906 87 32 Prof.
2507 907 108 33 Franz

1819 945 165 35 STUCK.
2008 948 36 33 In
2061 950 121 39 Mappe
2204 950 30 32 fl.
2252 951 41 32 12.
2296 968 43 4 —
2354 966 44 10 =
2414 950 72 33 Mk.
2503 953 53 30 20.
2561 970 53 13 —.

1774 1010 420 39 TODTENSCHILDER
2205 1016 98 33 UND
2315 1016 298 34 GRABSTEINE.

1819 1058 38 30 70
1882 1057 85 33 Blatt
1992 1059 223 39 Lichtdrucke,
2243 1061 134 32 Format
2396 1062 134 33 29:36V*
2552 1074 61 20 cm.

1818 1101 36 31 In
1878 1101 121 41 Mappe
2022 1103 31 32 fl.
2077 1105 94 31 27.
2194 1121 44 10 =
2261 1105 71 32 Mk.
2358 1108 51 30 45.
2412 1125 41 3 —

2079 1671 80 27 DER
2186 1672 310 29 KUNSTSCHATZ*

2116 1708 64 27 Alte
2200 1709 57 27 und
2277 1720 71 17 neue
2368 1711 109 26 Motive
2499 1711 42 26 für
2563 1711 49 27 das

2116 1745 226 35 Kunstgewerbe,
2360 1747 43 27 die
2420 1748 116 26 Malerei
2554 1748 58 27 und

2116 1781 136 35 Sculptur*
2265 1784 144 27 Erscheint
2421 1783 34 27 ab
2465 1786 62 25 1898
2539 1785 58 31 jähr-

2115 1819 54 27 lich
2181 1822 28 24 in
2218 1821 15 25 6
2243 1820 101 27 Heften
2359 1824 16 23 ä
2388 1822 16 25 8
2417 1821 193 31 Kunsttafeln,

2116 1859 37 24 im
2166 1857 129 27 Formate
2307 1868 57 15 von
2376 1858 116 34 34:46V
2492 1876 9 14 2
2514 1868 54 17 cm*
2582 1861 29 24 in

2115 1894 89 26 Buch-
2218 1894 57 26 und
2288 1894 176 30 Lichtdruck,
2478 1895 48 26 auf
2541 1895 56 26 fein-

2115 1935 68 22 stem
2215 1930 285 34 Kunstdruckpapier*
2533 1932 78 27 Preis

2115 1977 46 23 per
2180 1967 68 27 Heft
2268 1967 28 26 fl*
2316 1969 57 24 I*Bo
2393 1979 37 11 =
2449 1968 64 27 Mk*
2535 1971 75 25 3*—*

2215 2047 31 26 In
2258 2048 217 34 Vorbereitung:

2078 2084 533 36 MONUMENTALSCHRIFT

2115 2138 186 24 vergangener
2323 2129 203 33 Jahrhunderte
2553 2142 57 17 von

2116 2165 97 31 Stein-,
2222 2165 117 28 Bronze-
2352 2167 57 27 und
2421 2168 188 34 Holzplatten,

2115 2202 72 26 nach
2202 2202 182 28 Aufnahmen
2401 2205 57 26 und
2473 2209 50 24 mit
2539 2211 57 22 text-

2114 2239 90 26 lichen
2217 2239 218 36 Erläuterungen
2455 2253 56 16 von
2524 2243 64 27 WIL-

2115 2276 110 26 HELM
2249 2276 176 29 WEIMAR*
2450 2281 32 24 72
2503 2279 107 28 Tafeln

2115 2315 28 24 in
2164 2312 182 29 Gross-Folio*
2373 2315 30 26 In
2423 2316 116 33 Mappe*
2561 2317 32 27 Er-

2115 2349 104 27 scheint
2235 2350 116 35 anfangs
2370 2352 152 28 December
2535 2355 73 26 1898*

578 720 97 19 Gerlach
679 719 119 18 &Schenk.

576 742 84 21 Verlag
672 742 36 17 für
721 741 77 19 Kunst

599 764 50 19 und
661 764 119 18 Gewerbe.
