3231 4259
260 402 305 45 PROJET
636 402 220 42 D'UNE
924 403 211 42 GARE
1204 403 438 42 CENTRALE.
1711 405 519 42 ARCHITECTE
2297 407 384 42 BOUROFF

2653 3725 60 54 21

265 2191 221 57 entend
517 2216 109 49 par
656 2191 52 56 là
743 2191 388 74 l'expression
1163 2190 310 57 collective
1505 2190 72 56 de
1608 2190 14 54 1
1652 2190 418 56 Architecture
2102 2187 72 56 de
2204 2187 307 56 différents
2536 2210 168 50 pays.

269 2279 105 57 S'il
411 2304 71 30 ne
520 2280 92 56 fut
647 2303 108 49 pas
795 2277 263 75 possible
1094 2277 101 74 d'y
1232 2291 208 42 mettre
1478 2301 113 31 une
1629 2291 235 41 entente
1910 2275 319 73 préalable,
2273 2299 72 30 au
2391 2296 188 33 moins
2624 2272 82 55 les

266 2381 254 41 travaux
562 2365 74 56 de
679 2365 233 56 chacun
956 2380 104 41 ont
1101 2364 105 56 des
1256 2366 334 54 caractères
1643 2387 323 40 communs,
2013 2360 316 57 similitude
2372 2359 71 57 de
2489 2364 217 50 formes

266 2469 58 41 et
352 2453 73 57 de
458 2453 168 75 style.
661 2453 171 57 C'est
860 2477 137 31 vers
1027 2478 65 30 ce
1122 2465 384 43 mouvement
1534 2449 419 57 international
1987 2474 115 48 que
2141 2448 218 55 semble
2401 2472 24 30 s
2451 2461 259 41 orienter

265 2539 59 57 la
363 2564 174 45 jeune
580 2539 399 57 architecture
1022 2538 72 56 de
1143 2540 235 54 Russie.
1417 2536 188 58 Aussi
1647 2561 75 31 on
1766 2550 182 41 invite
1992 2535 83 55 les
2121 2534 132 74 plus
2296 2533 264 57 célèbres
2605 2531 104 56 des

266 2628 357 57 architectes
666 2630 307 70 étrangers
1003 2630 34 52 à
1069 2629 146 52 faire
1260 2624 105 57 des
1408 2628 388 53 conférences
1826 2638 56 41 et
1910 2627 32 52 à
1973 2623 230 56 donner
2245 2620 104 56 des
2392 2643 176 33 cours
2601 2646 9 28 :

269 2713 466 66 IVLendelssohn,
771 2714 85 55 Le
889 2713 352 65 Corbusier,
1280 2713 202 55 Bruno
1515 2712 175 63 Taut,
1728 2709 245 56 Walter
2006 2709 290 71 Gropius,
2333 2708 237 66 Lurçat,
2602 2719 107 41 etc.

270 2802 126 58 Ces
437 2801 356 57 architectes
838 2816 136 40 sont
1014 2825 163 31 aussi
1220 2803 229 70 parfois
1492 2798 249 72 chargés
1784 2797 72 56 de
1901 2812 253 39 travaux
2192 2820 73 30 ou
2304 2794 72 55 de
2418 2816 293 33 missions.

272 2978 81 55 Et
381 2990 369 43 maintenant
780 2976 195 75 quelle
1008 3000 132 30 sera
1169 2989 169 41 notre
1370 2971 347 58 conclusion
1737 2971 18 54 /
1790 2969 44 56 Il
1862 2994 148 31 nous
2037 2973 128 51 taut
2188 2991 213 32 encore
2425 2964 287 58 attendre.

273 3065 316 56 Toutefois
613 3062 106 57 dès
749 3066 34 52 à
814 3065 242 71 présent
1081 3061 82 56 les
1192 3060 177 56 bases
1399 3072 271 42 existent.
1699 3057 84 55 Le
1815 3071 191 59 temps
2038 3055 122 55 seul
2193 3077 151 32 nous
2373 3051 343 75 apprendra

272 3154 48 53 si
349 3151 52 56 le
434 3154 302 53 caractère
768 3149 72 57 de
872 3164 169 42 notre
1072 3173 94 31 vie
1196 3146 285 57 moderne
1524 3143 108 58 dût
1667 3151 121 48 être
1832 3157 151 42 cette
2030 3147 160 51 force
2221 3141 363 74 dynamique
2616 3164 99 48 qui

272 3240 124 65 fait,
428 3237 106 56 des
566 3262 240 31 œuvres
837 3236 477 64 d'architecture,
1340 3232 106 58 des
1478 3255 240 33 œuvres
1750 3230 335 75 originales,
2117 3254 75 30 au
2224 3235 184 49 même
2439 3229 132 53 titre
2602 3250 114 50 que

273 3325 51 56 le
354 3324 326 76 paquebot,
712 3323 222 57 l'avion
966 3338 56 40 et
1051 3321 200 66 l'auto,
1284 3321 359 73 appropriés
1674 3323 31 50 à
1738 3317 127 56 leur
1901 3320 268 53 fonction
2207 3330 57 41 et
2298 3315 195 55 beaux
2526 3337 105 49 par
2669 3311 49 55 le

272 3411 308 77 problème
612 3410 176 76 qu'ils
818 3410 322 56 résolvent.

274 3502 93 55 La
392 3502 222 54 Russie
639 3513 90 43 est
750 3513 272 57 toujours
1047 3522 65 32 ce
1138 3521 152 50 pays
1319 3519 282 32 immense
1625 3519 77 31 au
1726 3517 169 33 races
1926 3491 389 58 nombreuses
2334 3516 10 39 ;
2377 3489 107 55 elle
2508 3512 34 32 a
2565 3486 154 56 donc

272 3613 74 31 en
377 3587 109 57 elle
518 3587 105 57 des
654 3585 368 76 possibilités
1053 3585 499 73 insoupçonnées.
1582 3580 45 56 Il
1646 3607 45 50 y
1714 3606 35 30 a
1773 3579 105 57 des
1907 3580 229 55 Russes
2166 3577 218 58 calmes
2414 3592 55 39 et
2499 3574 184 56 métho-
