3231 4259
1954 342 310 52 TEK
2343 344 58 53 H
2484 346 57 51 N
2624 338 44 61 É

2577 3738 112 57 29

175 511 1470 114 BIBLIOGRAPHIE
1772 559 66 40 -
1970 518 699 114 REVUES

174 657 69 11 wew.
265 657 18 11 >-
289 657 243 12 fcvet.-.A
743 657 6 4 ■
749 657 3 12 !
752 657 151 11 *«£S3>H«îs5*

242 671 43 42 A
353 671 244 44 PROPOS
666 671 84 44 DE
821 671 529 45 CONSTRUCTION

174 733 452 55 METALLIQUE»
661 734 131 41 Nous
826 748 115 28 nous
973 733 165 43 hâtons
1173 733 152 55 d'ajou-

174 806 63 31 ter
273 811 89 26 aux
399 795 213 55 quelques
648 806 126 31 notes
811 795 420 56 bibliographiques
1265 811 85 40 que

174 873 115 27 nous
327 873 141 26 avons
508 857 195 43 données
740 857 111 42 dans
889 868 129 32 notre
1055 857 172 43 dernier
1267 872 55 28 nu-

174 919 136 46 méro,
354 930 126 31 notes
521 919 201 43 relatives
762 934 88 28 aux
891 918 332 45 constructions
1264 918 57 46 mé-

174 981 223 55 talliques»

242 1044 134 42 Deux
412 1058 215 40 ouvrages
665 1043 247 43 allemands
948 1044 214 43 viennent
1199 1058 152 28 encore

174 1106 51 42 de
259 1105 192 54 paraître
482 1120 73 28 sur
588 1117 107 31 cette
726 1106 286 43 intéressante
1043 1105 209 57 question
1284 1128 69 9 •—

183 1183 12 26 i
222 1168 15 54 )
270 1183 61 27 un
365 1168 112 53 petit
508 1167 108 44 livre
647 1168 60 42 du
739 1168 81 42 Dr»
854 1169 56 42 G»
945 1167 185 56 Spiegel,
1164 1178 187 45 portant

172 1246 42 27 ce
242 1230 101 42 titre
380 1246 22 26 «
433 1230 129 44 Stahl
590 1230 95 42 und
712 1229 273 44 Eisenbeton
1014 1230 62 43 im
1105 1231 218 43 Geschosz-

174 1293 87 42 bau
294 1308 40 28 »♦

246 1355 59 53 2)
338 1356 78 41 Un
451 1371 194 39 ouvrage
675 1356 102 53 plus
807 1357 254 52 important
1094 1356 51 43 de
1177 1355 152 47 l'archi-

174 1429 106 31 tecte
312 1418 127 42 Hans
472 1418 184 54 Spiegel,
691 1419 52 41 B»
776 1418 59 42 D»
871 1419 74 46 A»,
981 1418 181 43 intitulé
1204 1435 22 26 «
1261 1419 91 43 Der

178 1480 220 43 Stahlbau
444 1496 41 26 »♦
531 1480 61 42 Ce
637 1480 170 42 dernier
851 1480 161 44 travail
1056 1479 203 45 examine
1302 1495 50 27 en

175 1543 134 42 détail
355 1543 57 42 les
457 1543 143 42 divers
643 1543 251 53 problèmes
939 1543 50 42 de
1033 1541 40 44 la
1116 1543 236 56 technique

173 1606 300 41 constructive
501 1605 226 44 moderne,
760 1605 101 53 puis
891 1604 146 43 étudie
1067 1620 102 27 sous
1199 1620 61 27 ses
1290 1604 42 42 di-

172 1683 95 27 vers
296 1679 165 42 aspects
490 1668 39 41 la
558 1668 309 42 construction
898 1667 258 55 métallique
1194 1683 8 27 :
1234 1679 95 31 stan-

179 1730 296 43 dardisation,
522 1729 229 44 isolation,
799 1729 255 54 protection
1101 1739 153 33 contre
1299 1728 58 41 les

173 1793 144 41 divers
344 1804 152 42 agents
525 1792 50 42 de
602 1792 290 42 destruction»
924 1792 143 42 Vient
1093 1791 170 43 ensuite
1290 1805 62 29 un

173 1855 162 54 exposé
357 1854 210 57 jcompîet
604 1855 71 43 des
711 1854 209 55 systèmes
955 1855 51 42 de
1043 1854 309 44 construction

1504 674 269 55 métallique.
1820 676 61 42 Ce
1924 677 107 43 livre
2072 678 195 53 présenté
2311 694 97 28 avec
2451 681 112 47 soin,
2609 693 60 31 est

1502 735 357 45 abondamment
1891 739 183 42 illustré.

1570 921 559 45 L'ORGANISATION
2161 924 356 46 MENAGERE
2551 927 80 42 MO-

1503 983 228 44 DERNE.
1776 985 73 41 On
1891 986 212 51 reparlera
2143 1001 100 27 sans
2281 987 136 42 doute
2456 1002 152 29 encore
2648 989 23 41 à

1501 1046 101 52 plus
1634 1046 26 40 d
1684 1061 85 27 une
1800 1046 201 42 occasion
2034 1048 50 41 de
2114 1063 42 27 ce
2189 1048 105 43 livre
2323 1081 8 15 ,
2365 1049 78 55 qui
2474 1065 52 27 en
2556 1062 62 31 est
2648 1050 23 41 à

1501 1122 42 27 sa
1569 1107 230 43 deuxième
1821 1108 184 43 édition,
2030 1109 82 53 (La
2139 1109 209 54 première
2372 1110 170 44 édition
2568 1110 103 45 était

1501 1169 203 42 intitulée
1746 1185 8 26 :
1802 1185 22 26 «
1862 1170 289 53 Taylorisme
2185 1172 106 42 chez
2324 1173 65 42 soi
2429 1187 39 27 »♦
2488 1173 17 54 )

1571 1232 289 42 L'architecte
1896 1232 210 43 soucieux
2145 1234 50 42 de
2234 1233 210 44 recueillir
2483 1250 60 27 un
2582 1236 92 43 avis

1503 1294 83 42 très
1614 1293 205 44 autorisé,
1851 1306 38 30 et
1921 1294 200 42 intéressé
2149 1310 53 27 au
2229 1296 100 53 plus
2356 1296 110 43 haut
2492 1298 132 52 point
2651 1298 22 42 à

1503 1356 40 41 la
1573 1357 207 53 question
1811 1357 51 41 de
1892 1357 316 53 l'agencement
2237 1359 49 40 de
2317 1358 37 41 la
2384 1358 175 43 cuisine,
2594 1359 79 43 lira

1503 1434 99 27 avec
1634 1419 158 43 intérêt
1825 1421 35 41 le
1893 1420 106 43 livre
2031 1422 50 41 de
2112 1420 125 43 Mme
2266 1422 229 44 Christine
2524 1423 125 42 Frede-

1505 1481 102 42 rick.
1637 1482 35 41 Il
1701 1497 27 38 y
1759 1494 60 30 est
1846 1483 121 52 parlé
1994 1484 304 52 longuement,
2329 1496 39 30 et
2396 1500 98 27 avec
2523 1486 131 42 discer-

1496 1556 178 29 nement
1695 1545 59 40 du
1777 1554 296 44 groupement
2095 1546 71 41 des
2190 1546 226 42 ustensiles
2439 1546 235 53 ménagers,

1505 1606 58 41 du
1593 1606 251 54 chauffage,
1879 1607 50 41 de
1961 1606 254 56 l'éclairage,
2250 1608 59 42 du
2342 1619 250 43 nettoyage,
2627 1610 50 41 de

1506 1669 38 40 la
1580 1668 174 42 cuisson
1793 1669 71 41 des
1901 1669 220 42 aliments.
2160 1670 59 41 Le
2255 1670 132 54 point
2425 1672 50 41 de
2509 1686 82 28 vue
2627 1673 50 40 de

1506 1731 189 41 l'auteur
1719 1742 60 30 est
1806 1731 249 42 réellement
2079 1731 292 56 scientifique,
2400 1745 39 30 et
2464 1733 77 43 elle
2567 1745 88 30 atta-

1504 1793 76 41 che
1609 1794 38 41 la
1675 1794 100 52 plus
1803 1794 165 53 grande
1995 1794 277 53 importance
2298 1810 53 26 au
2378 1795 106 53 plan
2514 1796 49 41 de
2595 1807 62 30 tra-

1505 1855 87 42 vail
1622 1855 252 43 favorisant
1905 1855 261 43 l'économie
2196 1856 71 42 des
2298 1870 324 31 mouvements.

459 3349 40 45 4,
558 3347 136 35 RUE
753 3347 80 35 DU
893 3347 407 42 PEUPLIER,
1354 3348 28 34 4

445 3462 56 5 -
581 3436 668 46 BRUXELLES
1340 3463 40 5 -

450 3534 274 43 Téléphones
792 3545 8 24 :
872 3534 172 42 280,13
1116 3538 39 32 et
1226 3535 151 41 248,11

1794 2454 770 94 Revêtements

1858 2653 640 116 Carrelages

1855 2853 645 117 Mosaïques

1860 3051 343 94 Gran
2244 3051 246 94 itos

1934 3250 31 29 ■
1971 3251 30 27 ■
2310 3249 67 30 ■■

1813 3360 297 74 GRES
2223 3360 317 74 D'ART

1836 3511 287 59 ROGER
2204 3511 313 59 GUERIN
