3231 4259
2658 3744 68 54 25

1694 2197 260 42 PROJET
2006 2197 183 44 POUR
2244 2199 82 42 UN
2382 2199 338 42 BATIMENT

1692 2271 116 41 DE
1918 2261 804 55 BIBLIOTHÈQUE

1692 2345 524 43 ARCHITECTE
2267 2345 457 43 POSLIKOFF

282 2646 214 73 diques
540 2670 226 32 comme
802 2646 107 56 des
942 2644 445 65 Occidentaux,
1418 2644 36 55 il
1479 2670 46 48 y
1557 2669 70 30 en
1657 2669 34 30 a
1722 2643 38 56 d
1784 2660 201 39 autres
2027 2667 101 50 qui
2170 2658 103 40 ont
2316 2643 407 73 l'impétueuse

280 2736 260 53 vivacité
564 2732 105 56 des
696 2732 313 74 Mongols,
1036 2732 263 56 d'autres
1323 2755 215 33 encore
1563 2746 103 41 ont
1689 2745 151 42 cette
1864 2730 240 73 apathie
2131 2730 216 55 latente
2372 2728 104 57 des
2503 2730 184 57 Orien-

282 2835 158 41 taux.
470 2821 230 55 Divers
730 2822 202 71 génies
965 2818 386 58 sortiront-ils
1375 2817 74 57 de
1473 2818 57 56 la
1553 2817 433 57 collaboration
2018 2816 73 56 de
2122 2841 98 31 ces
2251 2816 474 74 particularités?

288 2907 52 56 u
354 2921 288 42 sera-t-on
675 2907 73 56 de
779 2907 32 54 1'
820 2905 455 75 indépendance
1318 2907 287 73 conquise
1648 2929 154 49 pour
1843 2902 293 57 atteindre
2166 2907 33 52 à
2231 2928 113 31 une
2387 2905 160 54 unité
2593 2904 132 72 plus

280 2995 181 56 haute
499 3010 57 40 et
584 2999 34 52 à
649 3019 115 32 une
807 2994 232 57 culture
1084 2992 327 58 semblable
1441 2997 35 51 à
1505 2992 146 56 celle
1693 2991 105 56 des
1845 2990 426 58 Occidentaux
2288 2989 23 57 ?
2343 2990 47 54 11
2434 3005 178 41 serait
2654 3015 70 31 en

282 3097 129 41 tout
440 3107 101 31 cas
571 3080 377 58 inconsidéré
979 3080 135 56 d'en
1144 3083 171 53 venir
1343 3079 106 57 dès
1479 3084 33 51 à
1543 3081 241 71 présent
1813 3083 33 50 à
1878 3102 112 31 une
2022 3076 345 57 conclusion
2404 3076 320 56 définitive.

286 3169 327 74 Beaucoup
659 3169 416 74 s'effrayeront
1117 3166 261 75 quelque
1411 3191 113 49 peu
1554 3170 33 52 à
1617 3166 56 54 la
1695 3189 115 32 vue
1840 3164 107 56 des
1989 3164 391 56 illustrations
2423 3166 301 54 ci-contre.

284 3255 154 57 Cela
480 3281 35 30 n
542 3271 89 40 est
672 3269 288 60 pourtant
1001 3278 109 50 pas
1154 3257 352 53 nécessaire.
1543 3251 44 56 Il
1610 3278 47 48 y
1693 3277 50 41 a,
1775 3249 471 66 naturellement,
2281 3274 111 31 une
2436 3249 289 56 tendance

284 3343 173 57 facile
491 3347 35 53 à
561 3343 321 56 découvrir
924 3342 151 56 dans
1119 3366 97 32 ces
1260 3357 254 39 travaux
1556 3338 360 75 reproduits.
1958 3339 170 53 Mais
2171 3352 152 42 cette
2359 3335 291 57 tendance
2693 3361 33 31 a

280 3429 249 57 conduit
556 3433 34 53 à
621 3455 79 30 un
730 3428 302 57 ensemble
1063 3427 72 57 de
1167 3431 335 53 caractères
1531 3427 139 56 bien
1700 3424 230 57 définis.

283 3519 51 55 L
362 3504 185 71 École
578 3516 73 57 de
682 3516 465 57 l'Architecture
1176 3512 458 58 internationale
1666 3511 257 75 possède
1953 3509 133 71 déjà
2112 3533 92 32 ses
2235 3509 281 56 éléments
2542 3512 154 70 spéci-

283 3607 324 73 fiquement
635 3629 219 31 russes.
889 3603 153 57 Cela
1073 3617 145 59 peut
1260 3601 256 57 sembler
1557 3598 348 76 paradoxal,
1935 3601 148 53 mais
2126 3597 125 57 cela
2281 3599 124 54 vise
2437 3599 33 54 à
2500 3596 229 56 révéler
