3231 4259
399 319 310 60 TEK
788 317 61 56 H
930 317 59 53 N
1070 304 46 64 É

389 3736 113 58 20

399 501 107 53 çaise
549 498 109 42 d'un
703 509 108 39 rang
853 491 133 44 social
1029 487 270 57 équivalent.
1347 485 75 42 On
1466 492 107 45 peut

397 560 198 44 craindre
637 572 97 40 que,
780 569 100 28 sans
925 567 86 28 une
1054 549 235 44 éducation
1334 545 235 57 préalable,

400 621 200 56 Temploi
637 617 228 55 identique
900 616 60 42 du
995 614 189 43 Celotex
1220 611 111 41 dans
1366 607 58 44 les
1460 605 91 46 inté-

399 686 133 42 rieurs
566 680 191 54 français
795 677 178 44 n'attire
1007 673 213 58 quelques
1257 668 213 46 déboires.

463 746 110 42 Prix
592 745 53 41 de
666 741 169 44 revient
839 773 8 9 .
955 739 63 42 La
1045 732 309 58 municipalité
1374 732 52 43 de
1446 731 101 43 Glas-

398 824 103 39 gow
530 823 21 26 a
578 804 128 45 traité
733 818 73 28 sur
832 803 40 41 la
898 802 101 42 base
1025 800 60 42 du
1112 797 103 55 prix
1241 792 253 47 forfaitaire
1521 792 52 43 de

402 870 92 56 346
534 869 129 43 livres
701 881 80 39 par
818 865 240 53 logement.
1098 859 64 44 La
1202 857 167 44 Société
1406 853 164 47 Atholl

399 933 111 43 Steel
546 931 174 42 Houses
757 943 21 27 a
815 924 264 45 l'intention
1115 922 51 42 de
1201 919 368 45 soumissionner,

396 1009 116 39 pour
538 993 37 42 le
600 990 218 56 prochain
845 1000 230 32 concours,
1103 999 74 28 sur
1203 985 40 42 la
1270 982 101 42 base
1395 980 53 43 de
1477 993 94 40 332

399 1058 142 42 livres.
584 1054 62 43 Ce
680 1053 103 54 prix
820 1047 245 56 comprend
1101 1047 41 42 la
1180 1044 175 45 maison
1392 1040 160 44 entière-

399 1129 123 32 ment
552 1114 210 45 terminée
792 1124 40 32 et
860 1126 203 41 pourvue
1094 1108 51 43 de
1175 1119 103 32 tous
1310 1106 58 42 les
1398 1103 146 44 aména-

397 1190 198 45 gements
618 1176 231 44 intérieurs
871 1174 53 43 .11
948 1184 62 31 est
1034 1169 189 45 difficile
1245 1169 50 42 de
1319 1166 179 44 déduire
1522 1164 51 44 de

398 1259 41 26 ce
480 1241 102 55 prix
623 1241 40 41 la
701 1238 152 43 valeur
891 1235 136 43 d'une
1067 1232 175 44 maison
1281 1228 200 45 exécutée
1521 1242 51 28 en

397 1306 163 41 France
595 1317 78 40 par
708 1300 111 44 suite
854 1299 72 42 des
960 1295 260 45 différences
1256 1291 209 43 sensibles
1501 1291 72 42 des

395 1367 102 54 prix
527 1366 50 42 de
605 1362 356 45 main-d'œuvre.
991 1359 105 42 Une
1122 1354 211 59 première
1361 1350 186 58 approxi-

398 1428 171 44 mation
618 1426 123 42 laisse
785 1421 222 46 entrevoir
1051 1435 61 28 un
1160 1418 103 56 prix
1308 1417 52 43 de
1405 1414 170 44 revient

397 1491 207 42 oscillant
626 1499 121 32 entre
774 1501 59 41 30
856 1496 42 32 et
924 1498 179 42 35,000
1129 1481 162 44 francs.

466 1566 272 50 Remarques
772 1557 300 57 particulières
1076 1590 8 9 .
1290 1554 112 43 Bien
1439 1552 135 57 qu'en

397 1628 160 42 dehors
589 1626 51 42 de
670 1626 40 42 la
741 1621 223 58 question,
999 1621 37 42 le
1067 1618 184 44 confort
1283 1615 149 45 réalisé
1463 1615 112 43 dans

397 1705 63 28 ces
498 1688 197 43 maisons
732 1703 21 26 a
790 1684 158 55 frappé
986 1684 41 42 la
1067 1679 312 46 Commission
1418 1679 79 54 qui
1536 1691 40 28 se

397 1753 83 42 fait
507 1767 60 27 un
598 1749 152 43 devoir
778 1748 51 42 de
858 1747 36 43 le
920 1745 205 56 signaler.

465 1827 188 54 Chaque
679 1832 310 45 appartement
1013 1818 196 56 possède,
1242 1834 51 26 en
1320 1815 122 45 effet,
1471 1825 84 31 atte-

397 1900 111 32 nant
534 1904 53 26 au
616 1886 311 54 living-room,
957 1899 85 27 une
1067 1881 165 43 cuisine
1258 1878 319 57 parfaitement

396 1952 100 42 bien
526 1950 180 54 équipée
734 1948 110 42 d'un
872 1947 224 42 fourneau
1122 1945 23 41 à
1173 1959 81 38 gaz
1282 1942 101 41 bien
1414 1938 159 46 étudié,

398 2015 109 41 d'un
543 2013 113 42 évier
688 2027 99 27 avec
819 2009 166 55 plonge
1016 2023 51 26 en
1098 2004 263 58 porcelaine,
1396 2015 180 43 pourvu

397 2077 125 42 d'eau
552 2074 168 43 chaude
749 2084 40 32 et
819 2072 126 42 d'eau
974 2069 160 46 froide,
1166 2067 136 43 d'une
1331 2065 242 45 lessiveuse,

398 2137 241 56 possédant
682 2152 52 26 en
780 2146 127 31 outre
950 2149 61 26 un
1056 2130 141 56 grand
1240 2129 337 54 garde-manger

396 2200 164 44 ventilé
590 2211 40 31 et
661 2199 72 42 des
764 2196 202 56 placards
999 2194 220 55 spacieux.

460 2274 158 45 Enfin,
647 2273 58 41 les
731 2273 247 53 logements
1003 2280 105 31 sont
1132 2279 103 31 tous
1261 2264 151 45 munis
1437 2263 136 44 d'une

394 2338 103 42 salle
527 2337 50 41 de
604 2336 129 42 bains
760 2343 247 33 contenant
1034 2331 37 42 le
1098 2330 111 54 siège
1241 2330 72 41 des
1342 2343 135 30 w.-c.,
1510 2340 60 28 un

394 2399 163 44 lavabo
582 2415 50 26 en
658 2396 249 55 porcelaine
933 2406 39 31 et
997 2410 86 26 une
1107 2390 233 57 baignoire
1366 2406 50 27 en
1445 2389 129 42 fonte

396 2478 99 27 avec
528 2477 76 27 eau
638 2459 169 44 chaude
841 2470 41 31 et
914 2456 161 44 froide.
1109 2456 128 42 Dans
1270 2453 186 43 certains
1490 2465 82 30 cas,

395 2541 61 27 un
492 2522 231 55 dispositif
755 2519 240 57 ingénieux
1027 2530 170 43 permet
1229 2517 52 42 de
1314 2514 169 45 réduire
1516 2513 59 41 les

397 2586 278 43 dimensions
709 2585 51 42 de
793 2585 40 41 la
868 2582 105 44 salle
1006 2582 52 42 de
1088 2579 130 45 bains
1253 2591 40 31 et
1328 2578 190 43 consiste
1554 2575 22 42 à

397 2651 198 53 disposer
630 2650 36 41 le
701 2646 162 45 lavabo
898 2645 226 43 au-dessus
1159 2643 50 42 de
1244 2643 39 42 la
1319 2639 252 56 baignoire;

395 2729 60 26 un
499 2711 178 43 robinet
716 2710 257 54 mélangeur
1013 2708 21 42 à
1075 2707 117 42 deux
1230 2704 134 47 voies,
1406 2713 170 45 permet

395 2776 27 41 d
446 2775 232 42 alimenter
714 2773 22 43 à
772 2770 190 45 volonté
997 2769 87 44 soit
1120 2769 38 44 le
1195 2767 176 47 lavabo,
1411 2765 87 43 soit
1535 2765 40 41 la

393 2837 245 55 baignoire.

757 2944 456 47 CONCLUSIONS

463 3045 64 42 La
561 3041 313 46 Commission
910 3039 231 44 reconnaît
1174 3038 112 42 dans
1321 3037 37 42 le
1390 3033 188 58 procédé

394 3109 51 41 de
472 3105 309 44 construction
812 3104 72 43 des
913 3102 199 43 maisons
1139 3099 180 46 Atholl,
1351 3114 62 28 un
1443 3097 133 43 mode

393 3172 51 41 de
473 3169 254 43 réalisation
757 3168 50 42 de
835 3169 248 51 logements
1109 3163 79 57 qui
1215 3161 206 56 pourrait
1449 3161 101 42 éven-

395 3233 260 43 tuellement
706 3241 53 35 et,
815 3229 111 42 dans
978 3227 210 44 certaines
1238 3226 333 43 circonstances,

393 3304 423 45 avantageusement
847 3292 86 42 être
965 3289 204 55 envisagé
1202 3289 112 42 dans
1345 3288 59 42 les
1434 3284 118 56 appli-

393 3358 172 43 cations
594 3358 52 41 de
675 3356 40 43 la
748 3355 62 43 loi
839 3354 61 43 du
938 3369 51 40 13
1023 3352 150 55 juillet
1211 3351 139 55 1928.

461 3431 120 43 Mais
619 3429 214 57 quelques
873 3427 246 44 recherches
1157 3425 245 56 préalables
1440 3438 109 39 appa-

393 3495 183 44 raissent
604 3509 154 27 encore
786 3492 253 43 nécessaires
1066 3489 116 44 aussi
1209 3488 103 44 bien
1341 3502 117 41 pour
1488 3485 66 45 élu-

393 3558 115 43 cider
539 3556 37 44 le
606 3556 92 43 rôle
731 3556 51 42 de
813 3554 40 44 la
884 3556 114 42 lame
1030 3551 113 45 d'air
1173 3551 111 43 dans
1313 3566 42 27 ce
1386 3561 106 44 type
1524 3549 52 43 de

1723 493 100 28 mur
1848 474 221 55 composé,
2098 488 85 40 que
2205 486 117 40 pour
2347 468 243 44 substituer
2613 482 55 27 au
2694 466 205 44 Celotex,

1722 538 214 45 matériau
1965 538 199 52 étranger
2190 532 213 55 importé;
2429 546 62 27 un
2520 528 215 44 matériau
2763 524 116 46 fabri-

1721 602 85 56 qué
1839 616 99 28 avec
1975 600 71 41 des
2080 596 200 44 matières
2313 592 232 57 premières
2580 588 251 55 françaises,

1792 675 63 42 La
1890 671 311 45 Commission
2239 684 52 28 ne
2325 684 41 27 se
2399 666 230 43 dissimule
2662 679 79 40 pas
2777 659 105 46 d'ail-

1724 739 127 43 leurs,
1898 735 135 55 qu'en
2079 732 122 54 dépit
2246 731 51 42 de
2338 728 188 44 certains
2568 736 239 42 avantages
2851 721 52 43 de

1721 799 199 54 principe
1957 795 228 44 inhérents
2222 793 22 42 à
2281 808 42 27 ce
2362 790 190 56 système
2589 789 53 43 de
2676 796 203 34 construc-

1721 861 98 43 tion
1849 871 39 31 et
1916 859 72 42 des
2015 855 339 45 améliorations
2381 853 255 43 ultérieures
2662 849 80 56 qui
2769 861 108 44 pour-

1724 923 141 43 raient
1900 937 27 38 y
1961 921 85 42 être
2080 917 244 56 apportées,
2361 916 36 42 le
2429 913 182 56 préjugé
2645 924 147 31 tenace
2824 907 80 58 qui

1723 986 177 53 régnera
1928 998 153 27 encore
2107 981 259 53 longtemps
2392 978 21 42 à
2441 992 83 27 son
2552 974 180 44 endroit
2757 984 41 32 et
2824 972 79 55 qui

1723 1047 85 42 fait
1842 1062 40 26 se
1914 1045 148 42 cabrer
2098 1054 103 32 tout
2235 1040 321 44 interlocuteur
2589 1053 55 27 au
2679 1035 92 42 seul
2806 1043 99 34 mot

1725 1110 51 42 de
1819 1125 22 25 «
1876 1108 175 42 maison
2083 1105 158 42 d'acier
2276 1119 40 30 »,
2349 1117 53 27 ne
2431 1115 167 40 pourra
2627 1099 87 42 être
2744 1096 161 44 vaincu

1722 1187 84 40 que
1830 1171 134 54 grâce,
1994 1185 54 26 au
2073 1167 138 43 début
2235 1166 60 42 du
2322 1164 163 44 moins,
2512 1164 23 41 à
2559 1177 87 27 une
2671 1157 234 46 réduction

1726 1234 186 43 sensible
1945 1232 52 42 de
2030 1247 81 27 son
2145 1229 116 55 prix,
2297 1242 80 40 par
2411 1235 188 44 rapport
2631 1224 23 42 à
2690 1222 110 42 celui
2833 1220 74 43 des

1725 1307 128 43 types
1884 1294 159 44 usuels.

1791 1369 85 42 Par
1902 1378 164 33 contre,
2095 1381 42 27 ce
2166 1363 190 55 système
2380 1372 107 44 peut
2511 1360 112 42 créer
2649 1374 62 28 un
2738 1357 142 44 débou-

1723 1432 77 42 ché
1848 1444 207 28 nouveau
2103 1442 117 40 pour
2268 1427 41 41 la
2357 1421 294 55 métallurgie,
2702 1432 103 31 tout
2855 1433 52 27 en

1724 1494 286 42 combattant
2039 1491 40 42 la
2107 1488 278 55 spéculation
2413 1486 80 55 qui
2521 1482 145 46 aurait
2693 1481 216 45 tendance

1726 1557 23 42 à
1786 1572 41 26 se
1865 1554 212 55 produire
2112 1568 74 27 sur
2222 1552 59 42 les
2319 1548 251 44 matériaux
2605 1555 226 36 courants,
2870 1554 40 32 et

1726 1634 99 27 sans
1854 1617 140 43 enfler
2022 1616 57 42 les
2106 1614 178 43 besoins
2312 1628 52 27 en
2394 1609 327 46 main-dœuvre
2749 1605 139 58 spécia-

1726 1681 98 43 lisée
1858 1680 78 55 qui
1970 1695 40 26 se
2043 1677 236 44 manifeste
2313 1673 312 46 actuellement
2661 1670 112 43 dans
2808 1667 83 45 l'in-

1729 1743 167 43 dustrie
1936 1742 61 42 du
2039 1740 245 46 bâtiment;
2329 1735 141 45 enfin,
2514 1735 30 43 il
2584 1732 223 44 constitue
2849 1743 61 29 un

1728 1821 165 39 moyen
1931 1804 51 42 de
2018 1801 256 45 réalisation
2312 1798 152 55 rapide
2498 1795 191 58 puisque
2728 1795 40 43 la
2805 1792 80 46 mai-

1729 1884 80 26 son
1840 1867 272 54 métallique,
2144 1877 106 41 type
2277 1861 181 47 Atholl,
2488 1871 108 44 peut
2623 1859 86 42 être
2737 1855 176 46 habitée

1732 1947 24 26 2
1788 1930 114 43 mois
1935 1941 39 31 et
2002 1928 118 43 demi
2150 1926 122 54 après
2302 1926 41 42 la
2371 1921 283 45 commande.

1797 2005 69 41 En
1901 2002 249 46 définitive,
2185 2016 42 27 ce
2260 1998 185 56 procédé
2478 1996 206 55 apparaît
2716 2004 194 33 surtout,

1733 2067 111 42 dans
1888 2066 57 43 les
1987 2065 320 42 circonstances
2351 2060 234 56 présentes,
2634 2072 174 27 comme
2853 2070 62 28 un

1728 2129 225 53 adjuvant
1990 2126 202 44 éventuel
2229 2140 89 28 aux
2355 2136 127 41 types
2521 2121 158 46 usuels,
2719 2121 23 41 à
2778 2119 137 43 liants

1728 2190 327 56 hydrauliques
2080 2204 117 39 pour
2222 2201 126 41 parer
2374 2187 22 42 à
2423 2201 85 26 une
2533 2184 104 43 crise
2664 2183 52 42 de
2740 2180 175 45 salaires

1729 2266 40 31 et
1801 2255 50 41 de
1883 2253 101 54 prix
2018 2253 51 42 de
2103 2250 264 44 matériaux,
2406 2248 111 42 dans
2549 2244 271 45 l'exécution
2855 2243 60 42 du

1729 2331 287 40 programme
2051 2315 72 42 des
2156 2312 282 44 habitations
2471 2311 22 41 à
2525 2310 94 42 bon
2653 2306 190 44 marché.

1799 2379 183 43 Janvier
2017 2392 139 39 1929.

1991 2450 133 56 Signé
2162 2467 9 26 :
2209 2448 338 45 D'WELLES,
2584 2448 261 58 CASSAN.

1733 2752 443 59 BUREAU
2284 2747 558 59 D'ETUDES

1925 2839 100 58 ET
2110 2834 544 61 ENTREPRISE

1736 2928 110 56 DE
1868 2909 834 74 TRAVAUXSPÉCIAUX
2729 2919 108 58 EN

1737 3026 482 155 Béton
2362 3013 477 160 Armé

1887 3236 241 73 M.-E.
2217 3231 475 76 Rossbach

2197 3331 226 45 Ingénieur

1733 3412 62 55 3,
1823 3410 319 48 Boulevard
2170 3408 213 55 Jamar,
2413 3402 435 51 BRUXELLES

2066 3483 253 43 Téléphone
2348 3480 160 43 161,99
