3561 4427
1754 186 60 53 11

174 328 74 51 die
290 328 227 69 Leistung
553 346 87 34 von
684 331 153 49 einem
880 329 97 51 und
1021 329 268 54 demselben
1333 333 199 52 Hauche
1573 333 160 52 belebt

169 408 136 60 wird,
347 408 105 51 dass
492 409 65 50 sie
595 408 82 52 das
714 409 287 50 Kunstwerk
1040 427 50 34 so
1131 412 310 69 reproducirt,
1482 414 65 50 als
1590 414 141 68 spiele

168 488 90 50 Ein
289 489 158 51 Mann.
485 491 120 49 Dass
635 506 49 33 es
713 488 178 51 hierbei
922 492 262 66 vorzüglich
1217 492 84 51 auf
1325 492 72 51 die
1428 493 180 68 gleiche
1639 494 60 50 Bo-

169 569 309 68 genführung
516 568 262 61 ankommt,
816 569 204 51 leuchtet
1058 571 88 50 ein.
1203 572 132 51 Aber
1364 574 117 50 auch
1514 573 71 51 ein
1618 574 90 68 glei-

169 649 112 51 cher
303 651 158 66 Bezug
484 649 83 50 der
590 651 313 48 Instrumente
927 649 169 68 gehört
1119 652 134 60 dazu,
1282 652 96 52 und
1401 670 47 33 es
1470 658 127 47 wäre
1623 654 110 51 sehr

168 748 56 32 zu
252 731 272 58 wünschen,
553 728 105 52 dass
686 729 74 51 die
790 731 410 68 Quartettspieler,
1239 733 86 51 wie
1355 751 47 33 es
1430 751 87 34 von
1547 735 184 68 einigen

171 811 171 49 bereits
391 809 256 68 geschieht,
696 811 174 49 wieder
917 830 56 32 zu
1021 812 89 51 den
1160 812 239 52 stärkeren
1442 816 157 49 Saiten
1650 816 83 51 der

169 891 313 67 Spohr'schen
513 891 172 49 Schule
723 891 394 62 zurückkehrten,
1159 892 59 52 da
1254 893 66 51 sie
1349 893 72 51 die
1451 895 189 50 dünnen
1669 896 61 51 im

172 972 251 60 Quartette
446 969 291 69 keineswegs
765 971 165 68 nöthig
959 972 174 58 haben,
1164 991 77 32 uro
1274 973 225 52 moderne
1528 976 177 51 Schnör-

169 1051 179 51 keleien
379 1051 192 49 leichter
600 1051 95 49 und
727 1052 169 66 glatter
925 1053 335 51 auszuführen.

291 1131 121 49 Was
460 1149 97 31 nun
609 1129 90 51 den
743 1132 308 66 eigentlichen
1090 1133 284 66 Vortrag,
1421 1133 221 50 zunächst
1670 1133 61 51 im

172 1211 206 59 Ganzen,
411 1211 191 58 betrifft,
632 1229 50 33 so
713 1212 204 66 glauben
941 1213 85 50 wir
1049 1213 74 51 die
1153 1213 223 51 deutsche
1399 1215 171 49 Schule
1601 1213 132 52 darin

169 1291 346 49 unbedenklich
544 1289 185 53 obenan
759 1292 161 50 stellen
950 1311 55 32 zu
1037 1292 181 52 dürfen.

285 1372 52 48 In
361 1371 194 67 Spohr's
581 1371 316 52 Violinschule
926 1373 125 50 lesen
1073 1373 87 50 wir
1189 1373 61 50 im
1277 1372 180 69 Capitel
1481 1390 104 34 vom
1609 1373 91 51 Vor-

167 1457 136 61 trage
325 1450 289 68 Folgendes:
654 1453 103 56 „Da
788 1451 73 52 die
892 1453 89 50 Art
1009 1452 78 51 des
1112 1453 255 66 Vortrages
1397 1460 110 43 stets
1537 1471 83 32 aus
1649 1453 84 51 der

169 1531 109 51 Idee
317 1531 94 51 und
449 1531 105 51 dem
588 1532 155 51 Geiste
786 1532 84 51 der
902 1533 318 68 Composition
1260 1535 324 66 hervorgehen
1632 1535 102 59 soll,

168 1629 51 31 so
257 1629 126 31 muss
422 1611 84 51 der
545 1612 283 67 Solospieler
870 1612 63 50 im
974 1613 254 60 Quartette
1268 1613 127 50 seine
1434 1613 95 50 ihm
1576 1613 132 68 eigen-

169 1691 257 51 tümliche
446 1691 375 67 Vortragsweise
844 1691 80 52 des
945 1693 149 50 Solo's
1122 1711 54 32 zu
1202 1693 282 68 verläugnen
1510 1693 94 50 und
1628 1693 106 51 dem

164 1771 338 67 jedesmaligen
535 1772 264 51 Charakter
827 1771 80 52 des
938 1773 344 66 Vorliegenden
1314 1791 284 50 anzupassen
1630 1775 78 48 wis-

168 1869 96 33 sen.
295 1852 103 50 Nur
422 1869 133 33 wenn
587 1870 52 32 er
661 1852 98 51 dies
780 1870 210 51 vermag,
1019 1853 118 50 wird
1167 1871 47 33 es
1244 1853 94 50 ihm
1371 1855 216 66 gelingen
1618 1855 87 49 kön-

167 1950 110 42 nen,
325 1932 180 51 sowohl
555 1932 89 51 den
690 1933 265 51 Charakter
1006 1933 84 51 der
1140 1935 236 49 einzelnen
1427 1936 132 49 Sätze
1609 1936 125 49 eines

169 2013 292 60 Quartettes,
503 2012 89 51 wie
621 2013 121 51 auch
774 2013 72 51 die
878 2013 416 52 Verschiedenheit
1321 2013 79 51 des
1430 2016 107 48 Stils
1566 2016 45 49 in
1642 2015 89 50 den

167 2092 219 52 Werken
436 2109 197 34 unserer
673 2093 275 51 classischen
993 2095 586 67 Quartett-Componisten
1631 2095 102 50 klar

282 2252 203 51 Hiermit
530 2252 176 69 spricht
747 2251 85 52 der
869 2253 191 50 Meister
1104 2253 110 51 sehr
1256 2253 298 51 entschieden
1606 2253 125 51 seine

167 2331 227 68 Meinung
432 2350 151 48 gegen
620 2332 74 51 die
724 2333 349 68 Berechtigung
1113 2333 82 51 der
1225 2333 320 66 Subjectivität
1574 2332 43 51 in
1650 2333 83 50 der

168 2412 330 67 Wiedergabe
539 2412 84 51 der
666 2413 310 65 Erzeugnisse
1011 2415 125 48 eines
1176 2413 210 51 fremden
1419 2413 174 51 Genius
1623 2430 108 33 aus:

168 2510 98 33 was
295 2493 165 50 würde
499 2510 51 33 er
592 2500 94 43 erst
728 2510 161 51 sagen,
922 2511 136 32 wenn
1090 2511 51 32 er
1170 2493 72 50 die
1274 2493 220 68 heutigen
1527 2492 175 51 Redens-

168 2582 131 42 arten
329 2573 120 51 über
488 2573 324 59 „individuelle
1200 2575 92 49 und
1334 2575 212 49 ähnliche
1589 2575 114 49 hoch-

168 2655 250 67 klingende
459 2655 189 57 Worte,
687 2655 135 49 Töne
864 2655 123 49 ohne
1030 2655 276 51 Grundbass
1355 2655 83 49 der
1488 2655 221 49 künstleri-

165 2736 141 50 schen
339 2735 249 58 Vernunft,
620 2736 147 48 hören
799 2735 198 51 raüsste!
1053 2736 62 48 Es
1146 2735 100 66 gibt
1275 2753 89 31 nur
1405 2735 170 51 einen
1608 2731 91 55 Cha-

165 2816 162 48 rakter
356 2816 126 50 eines
503 2815 142 67 jeden
677 2815 357 58 Musikstückes,
1080 2816 94 48 und
1207 2815 80 51 das
1316 2815 56 49 ist
1401 2813 100 60 der,
1532 2813 89 51 den
1651 2815 83 49 der

168 2895 229 67 Schöpfer
427 2895 243 49 desselben
703 2895 94 49 ihm
831 2895 315 67 eingehaucht
1175 2895 98 58 hat,
1303 2895 88 49 wie
1423 2895 310 49 Prometheus

165 2975 173 51 seinem
374 2976 197 51 Gebilde
601 2976 74 50 die
704 2976 156 50 Seele:
892 2976 155 50 diesen
1079 2975 297 51 erkennen
1407 2975 96 49 und
1533 2975 169 49 wieder-

165 3055 172 68 geben,
380 3056 56 50 ist
479 3056 74 50 die
596 3056 221 65 Aufgabe
860 3055 80 51 des
982 3055 305 51 ausübenden
1329 3056 261 57 Künstlers,
1635 3055 94 51 und

167 3136 117 51 dazu
313 3136 171 67 gehört
513 3136 135 52 mehr
679 3136 144 57 Geist,
856 3137 190 50 Wissen
1079 3136 95 50 und
1202 3136 235 58 Studium,
1468 3136 65 50 als
1562 3154 55 32 zu
1648 3135 83 49 der

167 3215 369 52 anmaassenden
577 3215 371 68 Ueberhebung,
1000 3216 176 50 welche
1223 3215 82 51 das
1347 3216 76 50 Ich
1475 3216 126 48 nicht
1650 3216 83 48 mit

168 3296 107 52 dem
308 3297 144 50 Genie
484 3296 80 51 des
596 3296 333 67 Componisten
968 3314 53 32 zu
1067 3296 307 50 identificiren
1418 3295 163 58 strebt,
1623 3313 80 33 son-

167 3377 115 50 dern
325 3377 174 50 diesem
544 3376 159 50 seinen
742 3376 196 67 eigenen
980 3375 264 51 Charakter
1289 3375 292 66 aufzwingen
1625 3376 105 50 will.

168 3456 107 52 Und
304 3457 57 50 ist
390 3474 47 33 es
468 3456 122 50 denn
620 3456 127 50 nicht
775 3456 264 50 lohnenden
1070 3456 210 50 Ruhmes
1322 3473 158 49 genug
1521 3456 80 48 für
1641 3455 89 51 den

165 3539 243 57 Künstler,
450 3537 103 51 eine
600 3536 178 51 fremde
809 3537 319 68 Composition
1175 3554 51 33 so
1269 3555 53 31 zu
1364 3536 366 67 durchdringen,

168 3619 104 49 dass
303 3619 82 49 der
417 3617 263 51 Charakter
710 3616 245 52 derselben
995 3617 95 50 ihm
1131 3616 101 51 klar
1275 3616 116 50 wird
1433 3616 95 50 und
1557 3617 149 65 gleich-

165 3715 101 33 sam
310 3697 45 50 in
399 3697 79 50 ihn
522 3697 250 68 übergeht,
817 3696 105 52 dass
958 3697 102 50 eine
1098 3696 194 66 gewisse
1320 3695 411 51 Verwandtschaft

168 3779 83 49 mit
280 3777 105 51 dem
412 3777 153 51 Geiste
596 3779 124 49 eines
751 3794 190 51 grossen
966 3776 308 52 Tondichters
1305 3793 82 33 aus
1410 3776 174 50 seinem
1608 3776 91 51 Vor-

168 3866 136 60 trage
345 3859 393 58 hervorleuchtet,
788 3857 104 51 dass
930 3857 84 53 der
1058 3857 168 49 Hauch
1270 3856 79 50 des
1380 3856 175 51 Genius
1604 3856 125 51 eines

169 3939 188 67 Haydn,
388 3940 195 52 Mozart,
614 3939 268 52 Beethoven
922 3955 84 35 aus
1046 3937 157 51 seinen
1241 3937 164 51 Tönen
1443 3954 86 34 uns
1571 3936 133 69 begei-

169 4020 158 50 sternd
360 4020 225 50 anweht?

287 4101 64 49 So
390 4100 88 50 wie
512 4099 132 68 jedes
684 4099 289 49 Musikstück
1015 4115 90 33 nur
1145 4097 163 51 einen
1339 4096 263 52 Charakter
1631 4097 99 60 hat,

169 4198 51 33 so
249 4180 83 50 bat
360 4198 47 33 es
437 4181 118 50 auch
587 4197 90 33 nur
705 4180 90 51 ein
819 4180 199 67 Tempo,
1042 4179 199 51 welches
1265 4179 176 52 diesem
1467 4177 263 54 Charakter

172 4260 268 66 entspricht.

1952 329 201 52 Hiermit
2201 327 240 52 berühren
2490 326 87 50 wir
2624 326 102 50 eine
2761 326 170 59 Sache,
2981 324 81 51 für
3102 323 176 51 welche
3315 320 75 53 die

1830 426 176 34 neuere
2034 409 100 50 Zeit
2173 408 90 51 den
2305 407 228 67 richtigen
2562 406 300 67 Standpunkt
2897 422 87 48 arg
3013 403 235 58 verrückt,
3290 399 97 52 und

1830 489 84 51 auf
1940 489 175 51 welche
2153 489 71 50 ein
2255 494 128 44 sonst
2412 486 264 67 unläugbar
2703 502 187 51 grosser
2918 483 280 52 Fortschritt
3225 482 47 51 in
3301 479 85 52 der

1830 571 153 50 Musik
2021 571 102 48 eine
2158 569 127 51 nicht
2319 567 345 60 vortheilhafte,
2704 564 203 52 sondern
2949 564 263 52 schädliche
3255 561 105 53 Wir-

1834 651 128 67 kung
1990 649 148 69 geübt
2166 649 95 51 hat.

1952 809 89 51 Die
2065 808 483 65 Vervollkommnung
2571 806 81 50 des
2674 806 344 50 Mechanismus
3045 804 58 54 ist
3131 822 65 43 es,
3220 803 177 53 welche

1833 889 86 51 wir
1949 891 78 49 für
2056 889 74 53 die
2159 888 245 51 verkehrte
2430 887 287 67 Auffassung
2746 886 84 50 der
2859 886 183 67 Tempi,
3071 886 74 52 die
3174 902 76 36 am
3281 884 87 51 häu-

1833 971 170 67 figsten
2053 971 44 49 in
2142 968 83 51 der
2266 967 385 67 Uebertreibung
2693 966 84 50 der
2813 966 334 68 Schnelligkeit
3196 964 201 59 besteht,

1834 1051 338 67 vorzugsweise
2201 1048 375 52 verantwortlich
2609 1048 197 51 machen
2836 1049 201 49 müssen.
3086 1047 91 51 Die
3205 1046 69 50 ins
3304 1046 62 50 Fa-

1835 1131 206 51 belhafte
2089 1128 406 69 fortgeschrittene
2529 1127 277 51 Virtuosität
2848 1127 45 49 in
2938 1124 84 52 der
3064 1124 210 54 Technik
3316 1123 81 52 des

1837 1211 266 51 Pianoforte
2134 1209 94 51 und
2260 1208 82 51 der
2371 1208 500 51 Saiten-Instrumente
2912 1207 83 49 hat
3031 1207 179 51 sowohl
3249 1204 148 51 durch

1835 1291 74 51 die
1932 1289 392 51 ausschliessliche
2349 1288 167 51 Cultur
2538 1288 127 50 ihrer
2686 1287 159 58 selbst,
2874 1287 66 49 als
2970 1286 148 52 durch
3147 1286 83 50 das
3254 1284 115 51 über-

1834 1371 182 52 trieben
2039 1372 202 50 schnelle
2263 1370 256 50 Zeitmaass
2549 1368 73 50 die
2647 1367 257 52 Wahrheit
2931 1366 83 52 der
3045 1366 351 52 musicalischen

1838 1451 368 52 Charakteristik
2251 1448 94 51 und
2394 1450 80 49 des
2506 1447 273 52 Ausdrucks
2817 1453 155 44 zuerst
3009 1447 44 50 in
3090 1446 107 52 dem
3229 1446 167 51 Salon-

1837 1532 92 50 und
1957 1531 346 67 Concertspiele
2332 1546 86 34 von
2443 1528 284 52 Solosachen
2759 1528 79 50 für
2868 1527 182 51 Ciavier
3078 1527 115 51 oder
3215 1526 182 51 Violine

1835 1612 275 51 verdunkelt
2153 1610 94 50 und
2284 1611 66 49 oft
2387 1608 268 68 unmöglich
2698 1608 236 68 gemacht,
2976 1607 95 51 und
3109 1607 125 51 dann
3273 1606 121 51 auch

1838 1693 83 50 auf
1946 1692 81 50 das
2058 1691 336 66 Quart'ettspiel
2434 1691 133 48 ihren
2605 1688 349 51 verderblichen
2984 1687 205 51 Einfluss
3229 1686 162 68 geübt.

1839 1773 159 50 Wenn
2029 1790 95 32 nun
2156 1771 119 51 auch
2305 1772 44 47 in
2380 1786 200 34 unseren
2609 1770 162 66 Tagen
2802 1768 85 50 der
2924 1767 188 52 bessere
3140 1767 113 51 Sinn
3285 1766 84 51 wie-

1835 1852 84 51 der
1962 1852 258 66 mächtiger
2263 1851 73 49 bei
2382 1848 410 66 hervorragenden
2831 1848 254 50 Künstlern
3130 1847 95 51 und
3269 1846 126 51 beim

1834 1932 247 51 Publicum
2115 1931 135 57 wird,
2288 1949 50 31 so
2368 1930 207 50 verleitet
2603 1928 119 51 doch
2754 1927 72 51 die
2857 1927 309 67 Leichtigkeit
3194 1926 84 51 der
3306 1927 60 50 Be-

1835 2013 256 66 wältigung
2116 2012 113 50 aller
2250 2010 414 67 Schwierigkeiten
2686 2008 178 51 sowohl
2896 2008 198 50 manche
3117 2007 279 53 Orchester-

1834 2092 276 67 Dirigenten
2156 2092 64 50 als
2251 2090 393 66 Quartettspieler
2779 2105 86 33 von
2910 2087 89 51 den
3037 2087 234 51 Pianisten
3310 2102 87 51 gar

1834 2172 127 50 nicht
1998 2190 55 32 zu
2092 2171 144 51 reden
2269 2199 85 29 —,
2393 2170 119 50 noch
2550 2170 84 49 viel
2674 2186 53 32 zu
2768 2168 67 50 oft
2874 2185 55 32 zu
2968 2184 116 50 ganz
3128 2165 242 68 unbegreif-

1834 2253 165 50 lichem
2031 2251 276 68 Vergreifen
2338 2250 82 50 der
2449 2250 179 67 Tempi.
2672 2248 359 52 Unausstehlich
3061 2248 57 50 ist
3146 2246 139 52 dabei
3316 2245 75 52 die

1833 2349 86 33 von
1964 2332 228 50 manchen
2229 2328 348 69 Tonangebern
2623 2327 289 67 gebrauchte
2954 2326 436 66 Entschuldigung:

1844 2413 141 58 „Wir
2013 2412 135 51 leben
2181 2411 268 51 rascher—
2476 2427 139 32 unser
2646 2410 108 49 Blut
2783 2408 128 50 wallt
2938 2408 246 56 schneller,
3213 2407 66 50 als
3310 2405 83 50 das

1835 2510 191 32 unserer
2056 2493 381 64 Kunstgenossen
2468 2507 81 32 vor
2580 2488 175 66 fünfzig
3069 2485 325 66 Wahrhaftig,

1833 2573 72 49 ihr
1938 2572 205 51 Herren!
2183 2571 158 51 besser
2378 2575 126 44 wäre
2540 2587 65 40 es,
2646 2587 136 32 wenn
2818 2586 116 33 euer
2962 2567 287 66 Herzschlag
3288 2565 107 52 dem

1834 2670 85 33 von
1938 2655 179 48 Mozart
2142 2652 91 50 und
2252 2651 264 51 Beethoven
2535 2650 173 66 gliche!
2731 2650 79 48 Ihr
2827 2647 183 51 würdet
3027 2647 123 51 dann
3166 2646 228 51 Künstler

1835 2732 183 50 bleiben
2050 2732 94 50 und
2176 2731 124 51 nicht
2330 2730 274 50 fieberhafte
2627 2728 280 66 Aufregung
2934 2726 116 51 oder
3071 2725 326 52 Trunkenheit

1834 2812 80 50 für
1965 2812 338 68 Begeisterung
2351 2810 239 67 ausgeben
2634 2808 190 50 wollen!
2882 2807 298 51 Glücklicher
3226 2806 165 52 Weise

1834 2894 79 48 für
1952 2892 74 51 die
2065 2894 150 48 Kunst
2257 2890 334 50 verschwindet
2624 2890 108 67 jene
2770 2888 158 50 frivole
2956 2887 315 66 Behandlung
3307 2885 84 50 der

1833 2975 164 66 Tempi
2029 2974 167 49 immer
2227 2972 151 57 mehr,
2407 2971 94 50 und
2531 2970 282 51 namentlich
2840 2970 185 49 können
3050 2968 86 50 wir
3155 2967 90 51 den
3276 2966 86 51 mei-

1830 3062 99 42 sten
1955 3054 500 60 Quartett-Vereinen,
2483 3051 178 50 sowohl
2693 3050 89 51 den
2806 3048 254 51 deutschen
3090 3050 66 49 als
3185 3047 88 51 den
3305 3064 55 50 pa-

1830 3135 164 58 risern,
2022 3135 168 48 immer
2219 3134 207 64 weniger
2449 3131 251 51 Vorwürfe
2730 3130 270 66 desswegen
3031 3128 210 51 machen.
3272 3127 119 51 Eine

1830 3214 122 49 hohe
1976 3214 356 64 Anerkennung
2355 3211 207 67 gebührt
2584 3211 44 50 in
2655 3211 171 50 diesem
2851 3208 326 51 wesentlichen
3199 3207 186 50 Punkte

1832 3294 358 50 künstlerischer
2220 3294 315 66 Ausführung
2576 3291 105 50 dem
2727 3290 265 52 kölnischen
3023 3290 251 59 Quartette
3305 3287 84 51 der

1830 3376 185 48 Herren
2040 3374 292 67 Königslöw,
2361 3372 170 68 Japha,
2564 3371 238 51 Derckum
2834 3370 94 51 und
2953 3370 196 57 Schmit,
3179 3367 95 51 und
3306 3367 87 51 der

1832 3455 236 49 Direction
2100 3454 82 49 der
2211 3454 230 49 Sinfonie-
2481 3451 94 51 und
2613 3448 410 55 Oratorienmusik
3064 3450 45 49 in
3140 3448 90 51 den
3262 3448 94 51 Gür-

1828 3535 448 51 zenich-Concerten
2319 3534 146 49 durch
2505 3530 268 52 Ferdinand
2803 3531 165 51 Hiller.
3023 3531 53 48 In
3119 3529 84 52 der
3234 3527 153 51 Kritik

1829 3615 139 67 spukt
1998 3615 114 49 aber
2142 3614 143 50 leider
2313 3614 119 49 noch
2464 3614 99 49 hier
2592 3612 94 50 und
2718 3611 59 51 da
2799 3611 82 51 das
2916 3611 217 58 „rascher
3158 3606 229 53 wallende

2039 3695 87 49 wie
2169 3695 87 48 wir
2295 3711 85 32 uns
2422 3713 36 30 z.
2490 3694 52 49 B.
2572 3709 83 34 aus
2685 3691 84 51 der
2798 3692 141 50 Stelle
2976 3691 46 50 in
3064 3690 151 51 einem
3257 3695 129 44 sonst

1830 3776 134 50 recht
1994 3774 320 68 verständigen
2345 3774 217 66 leipziger
2590 3772 217 50 Berichte
2845 3771 120 51 über
2992 3770 74 52 die
3098 3771 292 67 jüngeren

1833 3854 249 52 Gebrüder
2111 3855 169 48 Müller
2322 3854 236 57 erinnern,
2605 3852 150 50 worin
2797 3850 156 52 diesen
2982 3851 256 50 Künstlern
3281 3865 106 33 zum

1830 3935 277 49 Verdienste
2138 3934 315 67 angerechnet
2479 3932 97 51 und
2605 3934 66 49 als
2703 3931 292 67 Erreichung
3025 3931 129 51 einer
3177 3929 212 52 höheren

1832 4016 132 51 Stufe
1993 4016 61 50 im
2086 4015 277 66 Vergleiche
2410 4033 54 31 zu
2505 4014 105 50 dem
2660 4014 226 49 älteren
2925 4011 465 61 Brüder-Quartette

1833 4096 270 51 bezeichnet
2125 4095 180 58 wurde,
2340 4094 132 61 „dass
2501 4095 124 49 ihre
2655 4094 360 64 Auffassung
3045 4109 120 34 vom
3188 4090 202 52 Geiste

1833 4176 100 51 der
1961 4176 245 51 Neuzeit
2234 4175 353 51 durchweht
2624 4175 83 58 sei,
2745 4172 280 52 wesshalb
3055 4172 64 51 sie
3149 4171 91 52 den
3271 4171 89 51 heu-

1832 4257 127 65 tigen
1989 4256 310 66 Ansprüchen
2333 4255 137 67 völlig
2509 4254 194 68 gerecht
2742 4252 97 52 und
2868 4252 105 52 dem
3005 4254 158 49 Hörer
3199 4266 188 54 sympa-

3077 4330 76 71 [*]
