3561 4427
1725 87 68 50 10

148 233 203 53 sondern
395 235 83 50 für
517 235 234 51 Klement.
807 235 51 50 In
902 233 290 52 Frankreich
1235 233 286 66 vereinigten
1562 231 154 61 Rode,

146 315 234 51 Kreutzer
426 315 94 51 und
566 315 281 51 namentlich
883 315 168 50 Baillot
1081 315 73 48 die
1188 313 358 64 Eigenschaften
1590 314 125 49 eines

152 395 222 52 Concert-
402 398 91 49 und
521 396 415 68 Quarteltspielers
967 395 43 50 in
1042 395 114 56 sich,
1188 394 218 49 während
1439 395 43 47 in
1517 412 197 31 unseren

148 475 164 69 Tagen
347 494 107 33 man
496 494 85 33 von
626 476 89 50 den
756 475 338 50 französischen
1137 474 422 67 Quartettspielern
1590 474 126 49 nicht

146 556 172 51 immer
346 556 212 51 dasselbe
600 573 143 49 sagen
784 558 137 48 kann.
981 556 85 49 Die
1113 554 232 66 belgische
1388 555 188 57 Schule,
1622 554 90 49 und

149 638 60 50 de
426 655 57 33 an
513 638 127 49 ihrer
671 638 169 67 Spitze,
882 638 80 48 hat
990 636 81 50 das
1103 635 339 66 Quartettspiel
1474 636 111 49 eher
1616 652 74 33 ver-

150 718 281 59 weichlicht,
475 719 65 50 als
572 718 222 67 gestärkt,
839 716 91 50 und
971 716 54 50 ist
1054 716 178 49 sowohl
1278 715 84 50 auf
1394 715 72 50 die
1498 715 191 50 französi-

148 798 110 52 sche
287 799 68 50 als
385 798 84 52 auf
493 798 74 49 die
590 799 223 50 deutsche
836 798 189 57 Schule,
1058 796 280 65 wenigstens
1362 796 100 49 eine
1485 796 229 65 Zeitlang,

148 879 136 51 mehr
319 896 90 34 von
446 879 362 66 nachteiligem
847 879 67 50 als
953 876 376 50 vorteilhaftem
1363 875 230 50 Einflüsse
1634 893 52 48 ge-

149 976 170 34 wesen.
383 960 52 50 In
479 959 319 51 Deutschland
844 976 99 31 war
983 958 155 67 Spobr
1181 956 60 50 im
1289 956 233 67 Vortrage
1564 956 151 50 seiner

148 1040 197 68 eigenen
376 1039 94 51 und
501 1040 333 50 Mozart'scher
864 1039 251 60 Quartette
1145 1036 119 50 eben
1293 1054 51 32 so
1376 1053 148 48 gross,
1556 1038 64 48 als
1650 1036 60 50 im

150 1120 343 69 Concertspiel;
522 1122 118 49 eben
672 1138 51 33 so
745 1120 207 68 Lipinski
983 1119 44 50 in
1053 1118 231 56 Dresden,
1315 1118 94 49 und
1433 1119 281 65 heutzutage

145 1202 60 50 ist
245 1202 86 50 der
372 1202 230 67 gedachte
644 1199 305 53 Unterschied
996 1199 85 50 fast
1122 1198 386 57 verschwunden,
1556 1198 156 49 indem

145 1282 236 59 Joachim,
422 1282 168 58 David,
629 1298 86 33 von
745 1280 274 65 Königslöw
1051 1278 94 51 und
1176 1278 190 51 Andere
1396 1278 189 49 vortreff
1598 1278 117 49 liche

150 1363 245 61 Quartett-
428 1362 96 50 und
555 1360 372 68 Concertspieler
955 1359 126 58 sind;
1119 1359 68 67 ja,
1216 1359 142 50 selbst
1386 1358 83 49 der
1499 1359 217 48 Italiener

148 1443 174 51 Sivori-
346 1443 226 67 vereinigt
620 1442 74 49 die
733 1442 217 66 Vorzüge
999 1439 163 51 beider
1211 1439 84 50 auf
1339 1438 377 67 hervorragende

149 1523 168 52 Weise
346 1523 46 51 in
421 1523 110 51 sich.
578 1524 61 48 Es
670 1523 81 49 bat
779 1522 105 49 dem
917 1520 366 68 Quartettspiele
1314 1519 269 67 überhaupt
1609 1537 103 32 zum

148 1604 139 51 Heile
317 1604 226 67 gereicht,
572 1603 103 51 dass
707 1603 72 49 die
804 1600 371 52 Glanz-Periode
1199 1599 83 51 der
1307 1599 273 51 Virtuosität
1609 1617 78 32 vor-

146 1684 124 52 über
306 1685 73 59 ist,
428 1684 106 51 dass
571 1684 64 51 sie
666 1684 281 66 wenigstens
976 1682 81 50 das
1088 1699 116 50 ganz
1235 1680 94 50 und
1368 1698 85 48 gar
1484 1679 200 51 Verblen-

149 1765 152 51 dende
329 1764 146 51 selbst
505 1765 81 50 für
615 1764 74 51 die
712 1765 171 65 Menge
907 1762 329 68 grossentheils
1267 1762 210 49 verloren
1509 1760 80 51 hat
1620 1759 94 51 und

146 1845 131 53 nicht
305 1845 136 51 mehr
470 1845 74 51 die
576 1844 357 52 Concertmusik
963 1843 290 51 beherrscht.
1293 1843 98 48 Der
1423 1842 291 49 Geschmack

149 1927 58 49 ist
248 1925 47 51 in
323 1925 270 68 Beziehung
634 1924 84 51 auf
741 1923 385 51 Kammermusik
1169 1923 123 48 ohne
1320 1920 190 51 Zweifel
1540 1920 175 51 wieder

149 2005 286 69 gediegener
465 2005 253 69 geworden
762 2004 96 51 und
898 2004 82 51 hat
1019 2003 94 49 sich
1143 2002 91 50 den
1264 2002 274 49 classischen
1570 2002 108 50 Wer-

148 2085 92 53 ken
270 2085 176 53 wieder
473 2085 298 68 zugewandt,
811 2083 94 51 und
934 2101 138 33 wenn
1103 2083 72 49 die
1201 2083 165 49 Kräfte
1404 2099 53 32 zu
1489 2080 196 51 vollkom-

148 2183 166 35 mener
342 2167 316 66 Ausführung
687 2164 246 51 derselben
964 2164 120 51 auch
1124 2163 108 49 sehr
1261 2162 216 67 ungleich
1507 2160 119 60 sind,
1664 2178 50 33 so

146 2248 61 51 ist
248 2263 50 36 es
339 2247 120 51 doch
503 2248 73 50 ein
630 2246 303 52 erfreuliches
977 2244 202 51 Zeichen
1228 2243 83 50 der
1354 2243 118 58 Zeit,
1522 2242 105 49 dass
1668 2242 47 51 in

148 2327 329 51 Deutschland
506 2328 87 50 alle
624 2342 192 51 grossen
847 2324 94 51 und
972 2324 232 50 mittleren
1235 2322 162 51 Städte
1425 2322 102 51 ihre
1557 2322 124 61 Quar-

149 2407 319 52 tett-Vereine
510 2406 175 60 haben,
728 2406 95 49 und
870 2404 140 51 somit
1051 2403 73 51 die
1173 2402 311 51 Theilnahme
1533 2418 59 35 an
1632 2403 83 48 der

149 2488 208 51 edelsten
388 2488 209 66 Gattung
628 2487 84 49 der
738 2483 488 53 Instrumentalmusik
1264 2483 102 50 eine
1397 2482 317 67 Verbreitung

149 2568 239 69 gefunden
418 2568 98 60 hat,
554 2568 89 51 wie
682 2583 110 33 man
820 2567 64 49 sie
914 2566 59 49 im
1006 2564 217 68 Anfange
1254 2581 189 33 unseres
1471 2563 210 51 Jahrhun-

152 2649 128 51 derts
319 2649 123 51 noch
487 2649 141 50 kaum
670 2648 155 50 ahnen
865 2647 187 49 konnte.
1109 2643 324 67 Merkwürdig
1476 2643 114 51 aber
1620 2642 92 51 und

148 2728 251 53 scheinbar
426 2729 63 51 im
515 2727 373 68 Widerspruche
908 2724 195 52 stehend
1133 2728 83 47 mit
1239 2724 82 50 der
1349 2724 121 50 eben
1499 2723 185 51 erwähn-

148 2816 81 44 ten
270 2808 327 67 unläugbaren
640 2806 266 52 Thatsache
949 2806 56 49 ist
1042 2821 65 42 es,
1150 2803 105 51 dass
1292 2803 74 50 die
1401 2803 310 50 Dilettanten-

152 2888 158 53 Cirkel
339 2889 83 50 für
445 2888 378 61 Quartettmusik
860 2887 46 49 in
941 2886 84 50 der
1056 2884 195 51 Familie
1288 2901 151 49 gegen
1470 2883 109 67 jene
1617 2883 72 50 frü-

148 2969 117 51 here
294 2968 200 51 Periode
531 2967 347 68 abgenommen
916 2966 173 58 haben,
1132 2981 98 34 was
1268 2963 249 50 immerhin
1545 2981 54 32 zu
1631 2963 53 50 be-

150 3049 182 52 dauern
361 3049 70 51 ist.
487 3048 90 51 Die
607 3047 195 52 Gründe
831 3047 149 51 davon
1009 3047 150 66 liegen
1202 3046 44 49 in
1277 3044 81 51 der
1387 3044 324 69 tyrannischen

148 3129 282 53 Herrschaft
458 3128 80 51 des
568 3128 220 59 Claviers,
831 3127 81 51 das
941 3126 94 50 sich
1067 3126 45 49 in
1142 3124 83 51 der
1254 3124 288 50 Hausmusik
1574 3124 135 50 allein

149 3209 190 70 geltend
384 3209 176 59 macht,
605 3207 93 52 und
740 3207 217 51 zweitens
1004 3206 119 50 auch
1155 3204 123 51 wohl
1308 3204 152 59 darin,
1505 3203 103 51 dass
1637 3203 75 51 die

150 3291 320 67 Ausführung
499 3289 86 51 der
609 3286 378 63 Quartettmusik
1018 3303 83 33 von
1127 3286 103 67 Tag
1258 3303 56 32 zu
1336 3286 133 66 Tage
1498 3288 214 64 grössere

150 3371 269 51 technische
461 3368 261 69 Fertigkeit
762 3368 212 66 verlangt
1018 3364 92 52 und
1155 3366 153 49 Scheu
1353 3363 222 61 einflösst,
1616 3364 95 50 sich

153 3451 148 52 daran
328 3469 56 33 zu
414 3449 172 69 geben,
629 3465 97 34 was
752 3448 154 51 indess
938 3447 243 66 wegfallen
1213 3444 181 61 würde,
1435 3461 138 34 wenn
1603 3461 109 34 man

152 3532 77 52 bei
253 3532 92 51 den
367 3531 285 61 Quartetten
673 3546 88 34 von
787 3528 189 69 Haydn,
1005 3527 90 51 den
1119 3526 275 61 Quintetten
1423 3542 87 33 von
1535 3526 179 50 Mozart

153 3612 98 52 und
281 3612 90 51 den
402 3620 153 42 ersten
587 3611 286 59 Quartetten
911 3626 86 33 von
1030 3607 267 51 Beethoven
1328 3606 170 59 bliebe,
1536 3606 178 49 welche

153 3691 122 53 doch
304 3691 90 53 alle
423 3691 82 51 für
526 3690 128 50 Geist
685 3688 93 51 und
803 3687 204 52 Gemüth
1034 3686 224 52 köstliche
1279 3684 234 68 Nahrung
1545 3684 167 51 bieten.

273 3773 124 51 Dass
418 3771 75 51 die
516 3770 394 67 Quartettspieler
930 3768 88 51 alle
1048 3767 93 51 vier
1162 3766 284 67 Solospieler
1467 3764 97 51 sein
1588 3768 93 47 müs-

154 3870 100 43 sen,
295 3852 60 51 ist
381 3852 63 51 im
474 3851 187 66 Princip
696 3850 186 67 richtig,
925 3848 103 50 weil
1068 3847 209 51 dadurch
1321 3846 74 49 die
1425 3846 291 51 Correctheit

154 3932 99 52 und
284 3931 75 52 die
380 3932 206 66 Egalität
615 3930 85 50 der
729 3928 295 51 technischen
1048 3927 316 66 Ausführung
1395 3926 230 66 gesichert
1645 3924 70 51 ist.

157 4013 155 52 Aliein
356 4012 124 51 diese
519 4010 279 66 Forderung
840 4008 207 51 schliesst
1086 4007 112 50 zwei
1242 4006 155 67 Dinge
1439 4006 127 49 nicht
1607 4022 109 33 aus:

158 4093 190 61 einmal,
376 4092 107 52 dass
512 4107 47 36 es
587 4091 128 51 nicht
742 4107 90 35 nur
854 4088 148 52 nichts
1024 4087 208 61 schadet,
1261 4087 202 51 sondern
1494 4086 223 49 vielmehr

159 4171 433 53 wünschenswert
634 4171 74 58 ist,
751 4186 136 33 wenn
930 4167 84 51 der
1041 4167 181 67 Spieler
1263 4166 84 51 der
1388 4172 153 45 ersten
1571 4164 147 68 Geige

1815 234 71 48 ein
1927 234 405 67 hervorragender
2360 235 225 51 Künstler
2623 236 70 59 ist,
2741 236 91 51 und
2878 239 235 60 zweitens,
3155 240 105 51 dass
3304 241 81 51 das

1815 314 337 49 Hervortreten
2185 315 127 48 einer
2342 315 197 50 Stimme
2577 333 83 33 aus
2690 316 104 50 dem
2826 319 400 69 Zusammenspiel
3258 321 127 51 nicht

1814 394 305 51 stellenweise
2148 403 234 58 gestattet,
2420 395 68 67 ja,
2531 396 204 66 geboten
2774 399 80 49 sei.
2911 400 97 48 Das
3041 401 138 50 Erste
3210 401 175 51 erklärt

1813 475 94 48 sich
1940 475 227 57 dadurch,
2199 476 103 50 dass
2332 476 72 50 die
2444 485 121 42 erste
2600 478 178 49 Violine
2822 479 85 49 fast
2949 480 169 50 immer
3161 483 73 49 die
3267 481 87 51 Ver-

1814 556 190 49 treterin
2037 556 83 49 der
2152 558 364 64 Hauptstimme,
2559 558 60 49 im
2665 559 325 66 Allgemeinen
3029 561 74 49 die
3147 563 235 49 Führerin

1814 634 84 49 der
1921 635 200 50 Melodie
2145 636 83 50 der
2255 638 359 66 Haupt-Motive
2645 638 69 57 ist,
2747 639 93 49 und
2863 642 288 60 ausserdem,
3186 659 72 33 wo
3282 643 73 51 die-

1813 733 71 32 ses
1914 716 125 50 nicht
2068 716 82 50 der
2184 718 115 59 Fall,
2340 718 158 67 häufig
2543 718 149 51 durch
2722 719 284 52 sinnreiches
3038 722 343 69 Figurenspiel,

1815 795 162 51 dessen
2029 798 402 66 geschmackvolle
2478 800 318 68 Ausführung
2845 803 248 66 schwierig
3145 804 71 56 ist,
3274 805 107 50 dem

1816 876 187 50 Ganzen
2035 878 305 66 anmuthigen
2366 878 108 49 Reiz
2498 879 115 50 oder
2634 880 286 65 glänzenden
2944 882 234 49 Schmuck
3202 901 55 31 zu
3280 901 76 33 ver-

1814 956 151 50 leihen
1998 958 93 49 hat.
2134 959 121 48 Dass
2283 958 64 49 sie
2377 958 76 59 da,
2495 977 72 32 wo
2599 959 72 50 die
2703 960 151 51 Sache
2886 962 283 67 umgekehrt
3197 963 71 61 ist,
3299 964 83 50 der

1814 1038 193 49 zweiten
2040 1038 198 59 Violine,
2281 1040 113 49 oder
2439 1039 82 50 der
2551 1042 223 49 Bratsche
2819 1043 93 48 und
2956 1044 105 48 dem
3107 1044 273 61 Violoncell,

1807 1116 49 68 je
1886 1118 228 51 nachdem
2140 1119 148 50 dieses
2317 1120 114 49 oder
2454 1119 133 67 jenes
2609 1122 287 50 Instrument
2918 1139 102 33 vom
3048 1124 332 67 Componisten

1815 1198 257 67 bevorzugt
2114 1199 71 57 ist,
2228 1200 94 49 sich
2369 1200 319 51 unterordnen
2730 1219 141 40 muss,
2915 1204 202 50 versteht
3158 1205 94 49 sich
3293 1223 88 33 von

1815 1278 159 62 selbst,
2007 1279 114 48 wird
2153 1279 116 50 aber
2298 1279 124 50 nicht
2450 1280 169 50 immer
2650 1282 294 52 beobachtet.
2989 1284 111 50 Dies
3133 1285 133 49 führt
3295 1302 85 33 uns

1815 1358 84 49 auf
1938 1359 74 48 die
2051 1360 162 50 zweite
2242 1360 273 50 Ausnahme
2556 1378 86 33 von
2674 1362 82 49 der
2785 1364 147 65 Regel
2973 1363 80 51 des
3093 1365 164 66 egalen
3286 1367 62 48 Zu-

1815 1440 366 68 sammenspiels.
2237 1442 76 48 Sie
2346 1440 182 51 besteht
2557 1442 150 58 darin,
2737 1443 104 49 dass
2873 1443 81 51 das
2984 1444 396 52 stimmführende

1815 1519 287 50 Instrument
2131 1537 86 33 von
2247 1519 89 51 den
2368 1522 205 49 anderen
2617 1523 127 49 nicht
2784 1523 201 66 gedeckt
3027 1524 189 51 werden
3259 1524 121 64 darf,

1814 1599 202 51 sondern
2049 1602 319 49 hervortreten
2398 1619 141 35 muss.
2594 1604 64 48 Es
2702 1603 101 66 gibt
2848 1604 44 50 in
2938 1605 118 50 allen
3097 1605 284 60 Quartetten

1815 1697 87 33 von
1935 1680 167 69 Haydn
2144 1680 94 51 und
2269 1683 180 49 Mozart
2490 1682 92 50 und
2623 1684 119 50 auch
2783 1702 85 32 von
2907 1685 286 59 Beethoven,
3235 1687 66 49 bis
3330 1688 46 50 in

1814 1759 124 51 seine
1969 1762 281 49 allerletzten
2283 1762 171 59 hinein,
2492 1763 192 60 Stellen,
2721 1763 45 49 in
2812 1764 206 51 welchen
3050 1765 95 50 sich
3175 1765 97 51 drei
3302 1768 52 48 In-

1814 1848 260 43 strumente
2098 1858 150 51 gegen
2280 1842 72 50 ein
2383 1842 182 61 viertes,
2594 1843 115 49 oder
2737 1844 111 50 zwei
2879 1862 152 50 gegen
3060 1845 113 51 zwei
3205 1845 175 53 andere

1815 1922 135 49 mehr
1982 1922 262 66 begleitend
2289 1924 65 48 als
2392 1924 322 50 concertirend
2751 1924 257 61 verhalten,
3055 1927 94 49 und
3180 1927 44 49 in
3255 1928 121 50 allen

1815 2000 156 51 diesen
2003 2003 159 48 Fällen
2192 2002 164 50 würde
2387 2003 101 51 eine
2528 2004 177 66 gleiche
2737 2004 277 61 Tonstärke,
3059 2023 73 33 wo
3161 2005 65 51 sie
3255 2007 127 51 nicht

1813 2098 104 32 zum
1949 2082 199 49 Zwecke
2177 2082 128 50 einer
2335 2082 292 52 besonderen
2661 2084 243 68 Wirkung
2940 2084 234 69 geradezu
3216 2103 136 51 vorge-

1814 2162 245 49 schrieben
2104 2163 71 58 ist,
2227 2163 247 51 fehlerhaft
2516 2164 111 51 sein.
2685 2164 200 51 Freilich
2929 2167 210 66 gehören
3182 2185 54 30 zu
3281 2168 72 50 ein-

1815 2240 316 53 drucksvoller
2157 2243 316 67 Ausführung
2511 2243 151 51 dieser
2699 2244 358 51 verschiedenen
3089 2247 187 49 Farben
3316 2248 61 50 im

1816 2322 206 51 Vorder-
2054 2323 93 50 und
2178 2324 357 66 Hintergrunde
2575 2326 78 49 des
2684 2326 343 66 Tongemäldes
3065 2327 121 49 auch
3230 2328 149 66 gleich

1815 2411 128 57 gute,
1974 2402 262 68 klangvolle
2264 2404 339 60 Instrumente;
2651 2404 122 51 denn
2816 2422 96 34 was
2958 2407 92 48 will
3093 2407 85 49 der
3217 2408 163 50 zweite

1815 2482 229 61 Violinist,
2088 2501 136 33 wenn
2267 2484 97 50 ihm
2408 2503 37 31 z.
2476 2486 69 58 8.,
2589 2486 87 49 wie
2705 2484 60 50 im
2799 2493 153 43 ersten
2982 2487 195 66 Allegro
3208 2487 80 49 des
3320 2486 28 53 C-

1814 2562 410 61 moll-Quartettes
2262 2564 92 68 Op.
2392 2564 66 51 18
2504 2582 85 33 von
2625 2566 285 61 Beethoven,
2953 2566 74 50 die
3056 2566 203 52 Melodie
3299 2568 80 50 des

1813 2643 194 50 zweiten
2036 2644 206 50 schönen
2271 2644 165 50 Motivs
2474 2653 271 42 anvertraut
2783 2646 72 59 ist,
2900 2647 216 60 machen,
3159 2665 137 33 wenn
3327 2666 50 32 er

1815 2722 83 51 mit
1938 2723 129 51 einer
2106 2723 358 67 gewöhnlichen
2496 2726 147 66 Geige
2681 2724 127 51 nicht
2838 2743 152 50 gegen
3020 2726 89 52 den
3139 2727 211 52 Stradiva-

1815 2803 93 48 rius
1931 2802 115 51 oder
2070 2804 232 50 Guarneri
2327 2804 80 50 des
2430 2812 151 43 ersten
2605 2804 274 51 Violinisten
2904 2806 307 52 aufkommen
3238 2807 141 60 kann,

1814 2882 163 51 dessen
2020 2884 103 50 Ton
2166 2891 118 43 trotz
2326 2886 113 49 aller
2478 2886 272 66 Mässigung
2798 2886 89 49 den
2944 2887 207 67 seinigen
3205 2888 174 50 farblos

1813 2962 190 51 macht?
2138 2964 176 50 Ausser
2342 2964 45 50 in
2418 2963 88 51 den
2539 2972 267 60 genannten
2832 2966 159 49 Fällen
3022 2967 57 48 ist
3108 2966 114 50 aber
3244 2967 133 68 jedes

1813 3044 337 50 Hervortreten
2181 3044 128 50 einer
2331 3044 235 51 einzelnen
2591 3047 197 48 Stimme
2817 3063 80 33 vor
2920 3046 89 50 den
3039 3047 206 51 anderen
3269 3048 106 50 dem

1815 3123 179 51 Wesen
2040 3123 80 51 des
2150 3123 275 61 Quartettes
2465 3124 223 61 zuwider,
2732 3126 117 49 wird
2879 3126 192 50 störend
3103 3127 94 51 und
3227 3145 119 33 unan-

1813 3203 216 66 genehm.
2086 3206 91 48 Am
2208 3204 246 51 schönsten
2485 3204 118 51 wird
2645 3206 73 49 die
2749 3206 379 67 Klangwirkung
3174 3208 93 50 und
3297 3226 52 32 zu-

1814 3283 149 66 gleich
2008 3300 74 33 am
2125 3283 269 52 leichtesten
2438 3284 81 51 das
2561 3284 325 51 Verständniss
2928 3286 84 50 der
3056 3287 318 68 Composition

1814 3362 208 60 werden,
2067 3380 137 34 wenn
2246 3363 73 51 die
2364 3364 165 51 beiden
2559 3366 385 58 Mittelstimmen,
2987 3368 163 48 zweite
3196 3367 181 51 Violine

1815 3443 93 51 und
1935 3444 238 59 Bratsche,
2203 3444 127 51 nicht
2351 3444 123 52 bloss
2497 3446 43 50 in
2565 3446 82 50 der
2671 3447 328 66 Behandlung,
3029 3448 202 51 sondern
3255 3449 120 50 auch

1813 3523 62 51 im
1907 3524 132 50 Tone
2081 3524 127 51 ihrer
2238 3526 315 50 Instrumente
2596 3527 83 49 der
2722 3533 152 45 ersten
2907 3527 182 51 Violine
3131 3528 94 51 und
3268 3528 108 51 dem

1814 3604 255 50 Violoncell
2101 3604 283 69 ebenbürtig
2413 3607 116 49 sind.

1931 3684 100 50 Aus
2060 3684 136 51 allem
2228 3686 105 49 dem
2365 3687 112 66 geht
2511 3687 184 60 hervor,
2741 3686 105 50 dass
2891 3687 46 51 in
2975 3687 158 67 Bezug
3178 3688 85 50 auf
3295 3687 81 52 das

1813 3764 398 68 Zusammenspiel
2258 3766 313 51 vollkommen
2620 3766 179 66 gleiche
2838 3767 265 50 technische
3150 3768 190 51 Behand-

1815 3843 112 66 lung
1970 3843 84 50 der
2091 3844 333 60 Instrumente,
2465 3846 83 49 mit
2590 3846 165 49 Einem
2789 3846 197 51 Worte:
3028 3846 260 52 Gleichheit
3329 3848 47 51 in

1815 3923 155 59 allem,
2001 3940 96 34 was
2126 3941 110 33 man
2267 3931 136 44 unter
2432 3924 106 51 dem
2571 3926 174 51 Worte
3046 3927 217 66 begreift,
3292 3927 84 52 das

1816 4003 470 68 Haupterforderniss
2330 4007 78 48 für
2450 4006 74 49 die
2551 4007 287 66 Erzeugung
2866 4006 82 51 der
2977 4007 188 51 Einheit
3205 4008 47 50 in
3292 4008 85 51 der

1819 4083 325 69 Wiedergabe
2173 4084 129 51 einer
2332 4086 569 68 Quartett-Composition
2930 4086 70 52 ist.
3031 4087 89 51 Die
3149 4087 226 67 gleiche

1816 4162 213 52 Schule
2070 4164 58 50 ist
2168 4163 75 52 die
2288 4172 120 43 erste
2438 4164 297 68 Bedingung,
2774 4184 80 33 um
2882 4184 57 33 zu
2968 4167 259 62 erreichen,
3271 4167 104 52 dass
