2598 3599
870 821 331 64 CHEMIN
1245 818 119 62 DE
1408 814 166 63 FER
1618 817 118 60 DE
1781 814 234 61 L'EST

804 1251 465 103 VOYAGES
1347 1247 715 99 D'EXCURSION

524 1574 209 54 Avec
800 1566 420 61 itinéraires
1291 1566 240 59 tracés
1606 1566 376 75 d'avance,
2057 1584 90 42 au
2205 1569 136 72 gré

1119 1689 127 60 des
1289 1705 446 62 voyageurs.

440 1981 93 59 La
563 1981 397 78 Compagnie
994 1983 116 58 des
1143 1981 315 60 Chemins
1499 1980 80 59 de
1627 1978 98 59 fer
1757 1979 79 58 de
1866 1979 168 60 LEst
2067 1981 249 61 délivre
2346 2003 155 58 pen-

361 2061 156 59 dant
541 2061 183 59 toute
750 2061 279 73 Tannée,
1072 2061 117 60 des
1226 2048 232 73 billets
1503 2060 37 59 à
1576 2059 152 76 prix
1771 2059 258 60 réduits
2070 2061 79 60 de
2185 2064 28 57 l
2223 2073 46 30 re
2276 2111 14 24 ,
2323 2064 40 60 2
2366 2075 22 30 e
2415 2084 85 41 ou

356 2140 38 60 3
398 2152 21 29 e
468 2142 208 59 classe
724 2159 168 60 pour
941 2143 117 58 des
1099 2158 288 61 voyages
1434 2139 419 60 d'excursion
1904 2157 118 42 sur
2069 2142 98 59 les
2217 2144 284 62 réseaux

359 2220 78 59 de
463 2220 189 74 l'Est,
681 2222 79 59 de
785 2222 222 72 l'Etat,
1038 2223 88 57 du
1152 2222 191 71 Midi,
1377 2222 91 57 du
1495 2220 210 71 Nord,
1738 2219 369 75 d'Orléans,
2139 2224 80 58 de
2244 2224 257 62 l'Ouest

356 2300 63 57 et
446 2299 79 60 de
554 2300 191 59 Paris
789 2302 37 57 à
868 2300 189 80 Lyon
1103 2303 63 57 et
1211 2302 35 57 à
1293 2302 65 57 la
1404 2299 473 60 Méditerranée
1927 2317 155 43 avec
2123 2302 377 64 itinéraires

352 2379 214 60 tracés
581 2380 306 60 d'avance
906 2398 84 41 au
1013 2382 108 76 gré
1147 2382 116 58 des
1291 2396 371 60 voyageurs
1684 2380 814 80 etpouvantcomprendre

352 2458 98 59 les
466 2459 214 76 lignes
695 2460 158 59 d'un
867 2462 144 58 seul
1034 2479 84 41 ou
1143 2460 79 60 de
1242 2460 340 76 plusieurs
1607 2459 117 58 des
1743 2459 279 60 réseaux
2035 2463 460 79 participants.

431 2538 128 61 Les
581 2539 372 60 itinéraires
977 2542 149 58 sont
1157 2540 235 59 établis
1418 2557 117 59 par
1565 2539 98 57 les
1683 2556 374 59 voyageurs
2081 2547 416 59 eux-mêmes

355 2618 169 58 mais
557 2619 78 58 de
671 2619 292 60 manière
997 2619 319 60 toutefois
1361 2620 36 57 à
1444 2620 93 59 les
1580 2634 305 43 ramener
1933 2622 37 57 à
2012 2620 149 73 leur
2197 2625 185 75 point
2417 2628 79 63 de

355 2696 247 77 départ.

436 2803 123 59 Les
590 2803 224 61 billets
840 2808 289 74 peuvent
1157 2806 135 59 être
1321 2806 412 59 individuels
1761 2823 85 41 ou
1879 2807 320 62 collectif;:
2220 2864 5 6 .

428 2907 92 59 Le
544 2909 354 59 minimum
927 2911 88 57 du
1044 2929 311 58 parcours
1388 2915 101 57 est
1515 2914 80 58 de
1621 2914 118 61 300
1763 2915 407 61 kilomètres.
