2598 3599
665 457 481 137 NOTES
1202 457 193 137 ET
1451 453 711 141 NOTULES

430 984 109 60 Au
567 983 291 78 pavillon
903 983 78 56 do
1009 983 64 55 la
1115 983 161 54 Ville
1314 983 80 55 de
1426 983 192 54 Paris
1663 983 658 71 (Champs-Elysées)
2397 983 160 78 ľexposition

349 983 133 61 des
526 983 934 61 Néo-Impressionnistes.
1504 983 45 61 A
1593 983 178 61 voir
1816 983 133 61 :la
1994 983 534 61 chorégraphie

349 983 77 61 de
464 983 77 61 M.
579 983 345 61 Seurat;le
962 983 307 61 lumineux
1307 983 307 61 portrait
1652 983 77 61 de
1767 983 77 61 M.
1882 983 115 61 Van
2035 983 499 61 Rysselberghe,

349 983 189 61 très
585 983 379 61 remarqué
1011 983 48 61 ;
1106 983 710 61 l'éléphantiasis
1863 983 95 61 de
2005 983 47 61 M
2099 983 284 61 Lemmen
2430 983 142 61 ;la

357 1301 169 59 forêt
557 1299 299 61 aurorale
905 1299 89 58 du
1036 1297 591 77 paradoxalement
1666 1296 207 77 jeune
1921 1298 64 57 et
2029 1297 465 77 exagérément

354 1382 394 60 talentueux
786 1379 87 60 M.
904 1377 249 61 Robert
1182 1377 272 72 Picard;
1491 1377 100 58 les
1630 1377 384 76 populaires
2046 1377 445 63 bousculades

355 1461 82 59 de
487 1461 87 58 M.
631 1457 416 62 Maximilien
1100 1457 210 72 Luce;
1371 1456 101 59 les
1539 1456 437 76 vespéralités
2042 1457 319 60 estivales
2411 1459 74 61 de

354 1539 89 60 M.
477 1539 348 72 Gausson;
856 1538 578 60 lesconcurrences
1463 1536 340 76 déloyales
1822 1534 200 61 faites
2042 1555 84 40 au
2161 1537 191 61 soleil
2378 1556 113 60 par

352 1619 100 59 les
476 1619 309 59 couleurs
811 1618 172 60 deM.
1008 1616 257 77 Signac.
1288 1616 58 59 A
1369 1616 293 59 admirer
1689 1633 118 41 sur
1837 1618 146 57 tout
2006 1616 65 59 la
2096 1617 392 63 locomotive

353 1698 360 78 sémitique
752 1698 78 59 de
863 1696 303 61 Willette
1201 1696 116 76 qui
1356 1696 184 59 broie
1581 1694 65 60 la
1682 1694 117 74 foi,
1831 1696 380 75 l'honneur,
2246 1698 151 60 l'art
2431 1703 55 57 et

353 1778 63 59 la
447 1783 190 55 vertu
669 1778 118 60 des
815 1777 108 60 fils
957 1778 79 59 de
1072 1777 269 58 France.

429 1964 58 57 A
519 1980 240 61 propos
793 1964 80 59 de
900 1961 335 79 ľespiègle
1267 1961 419 78 villégiature
1717 1962 80 60 de
1840 1964 88 58 M.
1964 1962 281 63 Camille
2284 1961 288 80 Saint-

345 1961 230 62 Saens,
613 1961 116 62 les
767 1961 231 62 meutes
1036 1961 346 62 jappantes
1420 1961 77 62 du
1535 1961 346 62 reportage
1919 1961 116 62 ont
2073 1961 231 62 flairé
2342 1961 230 62 toutes

345 2121 212 76 pistes
589 2124 117 59 des
739 2125 179 58 deux
947 2124 399 59 continents.
1387 2122 189 60 Nous
1605 2140 295 60 pensons
1948 2141 154 60 que,
2154 2126 138 60 celé
2328 2129 161 58 dans

346 2201 64 60 le
456 2202 221 60 désert
729 2204 424 75 odéonesque
1202 2219 87 43 ou
1319 2202 167 59 dans
1543 2204 118 58 des
1718 2204 392 61 chevelures
2178 2207 80 60 de
2310 2201 240 84 javanaises,

345 2201 95 60 le
487 2201 522 60 compositeur
1056 2201 237 60 garde
1340 2201 142 60 son
1529 2201 237 60 droit
1813 2201 95 60 au
1955 2201 332 60 mystère
2335 2201 95 60 et
2477 2201 95 60 au

346 2376 219 60 repos,
599 2361 248 78 malgré
876 2362 65 59 la
966 2360 136 62 soif
1125 2360 336 79 papotière
1491 2362 160 59 d'un
1670 2362 230 78 public
1930 2380 80 45 ou
2044 2365 65 60 la
2130 2366 154 61 hâte
2307 2360 241 86 ingénieuse

345 2360 2227 60 d'héritiers.

426 2638 182 60 Avec
637 2637 61 59 le
733 2635 231 78 départ
995 2637 82 59 de
1106 2635 66 61 la
1200 2635 165 61 Bète
1896 2635 18 84 Hu
1915 2635 40 84 maine,
1940 2635 28 84 le
1969 2639 182 80 tirage
2185 2642 82 61 de
2314 2635 207 84 ľœuvre

345 2635 90 63 de
480 2635 90 63 M.
615 2635 181 63 Zola
841 2635 316 63 dépasse
1202 2635 90 63 le
1337 2635 316 63 premier
1698 2635 361 63 million.
2104 2635 45 63 -
2194 2635 226 63 Qu'on
2465 2635 90 63 se

345 2794 62 61 le
434 2795 126 60 lise
580 2799 12 56 !

424 2963 94 61 Le
585 2963 342 62 troisième
974 2964 185 61 mille
1228 2966 80 59 de
1413 2968 399 61 ľEducation
1856 2972 510 62 Sentimentale
2414 2977 72 60 de

347 3043 298 62 Gustave
672 3044 318 60 Flaubert
1017 3048 102 57 est
1144 3063 290 60 presque
1465 3046 254 77 épuisé.
