2598 3599
1164 306 81 63 3

144 448 250 62 cabane
458 448 117 79 qui
627 465 84 43 ne
766 447 131 60 soit
949 446 463 61 l'incarnation
1462 444 243 61 visible
1751 443 197 61 d'une
2006 444 147 61 idée
2177 465 13 54 ;
2251 446 50 61 il

144 529 338 79 témoigne
506 529 443 60 visiblement
976 532 80 55 de
1090 531 231 57 choses
1339 529 383 68 invisibles,
1757 524 172 59 mais
1958 524 340 75 demeure,

145 628 88 44 au
265 627 159 43 sens
452 607 566 72 transcendental,
1053 607 428 77 symbolique
1527 604 247 61 entant
1804 620 130 63 que
1964 604 156 61 réel.

231 799 157 73 Oui,
417 814 145 43 mes
595 795 197 72 amis,
827 811 70 44 ce
926 811 82 44 ne
1037 794 151 59 sont
1217 810 121 60 pas
1360 808 121 43 nos
1514 790 282 61 facultés
1826 791 78 60 de
1931 791 268 78 logique
2232 794 65 59 et

151 880 81 61 de
264 876 464 64 mensuration
758 875 116 77 qui
905 891 173 42 nous
1132 872 330 78 régissent
1498 889 10 39 :
1546 872 187 59 notre
1775 870 244 61 faculté
2061 871 198 79 imagi-

148 960 253 61 natrice
430 960 102 60 est
562 957 65 59 la
652 956 214 61 Reine
900 956 80 59 de
1009 955 188 60 notre
1235 954 136 58 être
1399 971 15 55 ;
1446 951 67 78 je
1540 952 306 78 pourrais
1875 952 139 59 dire
2042 952 63 60 la
2134 952 117 61 Prê-

147 1042 214 59 tresse
391 1041 63 60 et
478 1039 65 58 la
582 1035 447 79 Prophétesse
1062 1035 115 76 qui
1217 1050 170 42 nous
1432 1031 190 60 mène
1669 1049 133 42 aux
1838 1031 324 60 hauteurs
2199 1032 67 61 cé-

147 1123 208 59 lestes
382 1138 86 43 ou
495 1119 157 59 bien
678 1117 66 60 la
772 1116 415 78 Magicienne
1216 1131 85 42 ou
1330 1114 63 58 la
1424 1111 129 61 Fée
1579 1112 116 77 qui
1722 1129 170 42 nous
1921 1112 217 60 leurre
2163 1130 130 43 aux

149 1204 262 59 abîmes
446 1199 385 61 infernaux.
885 1196 205 70 Quoi!
1153 1195 217 58 même
1423 1210 169 60 pour
1628 1192 60 60 le
1720 1192 154 77 plus
1916 1191 216 79 abject
2177 1194 121 59 des

149 1281 446 64 sensualistes
629 1296 130 61 que
792 1279 152 58 sont
971 1277 98 59 les
1106 1293 156 42 sens
1292 1275 57 58 si
1379 1290 68 42 ce
1484 1272 170 60 n'est
1706 1272 455 60 l'instrument
2217 1274 81 59 de

147 1361 512 80 l'imagination,
686 1359 66 61 la
778 1375 207 60 coupe
1018 1357 86 59 où
1133 1356 125 60 elle
1281 1354 140 59 boit
1443 1354 30 58 ?

231 1443 361 78 Toujours,
623 1439 207 59 fut-ce
855 1439 168 58 dans
1053 1436 65 60 la
1146 1435 155 77 plus
1332 1436 184 57 terne
1537 1432 117 60 des
1687 1432 396 74 existences,
2118 1434 47 58 il
2195 1451 43 59 y
2271 1451 39 42 a

149 1543 132 44 une
308 1525 199 60 lueur
539 1519 466 78 d'inspiration
1033 1535 87 41 ou
1149 1516 81 60 de
1282 1514 182 73 folie,
1494 1531 207 59 rayon
1743 1514 183 59 entré
1956 1515 80 58 de
2075 1515 198 60 l'Eter-

151 1605 137 61 nité
316 1603 340 62 ambiante
688 1604 64 57 et
782 1599 115 77 qui
925 1599 183 58 vient
1139 1595 282 61 irradier
1448 1595 79 58 de
1558 1610 108 43 ses
1692 1610 272 60 propres
1996 1594 310 59 couleurs

149 1689 189 58 notre
364 1684 168 79 petit
558 1683 120 59 ilôt
706 1681 81 60 de
815 1680 246 75 Temps
1081 1679 11 57 !
1127 1675 501 76 L'intelligence
1653 1675 102 58 est
1779 1674 155 59 bien
1960 1675 68 58 ta
2058 1674 250 59 croisée

257 1769 146 75 trop
427 1763 281 78 limpide
740 1764 75 57 tu
848 1778 81 42 ne
953 1760 64 58 la
1040 1758 261 60 saurais
1332 1756 237 60 rendre
1704 1774 12 53 ;
1751 1755 170 58 mais
1942 1754 333 78 l'imagina-

149 1849 145 60 tion
319 1848 101 59 est
445 1848 117 57 ton
610 1843 113 59 œil
756 1858 157 43 avec
960 1857 72 41 sa
1084 1838 213 59 rétine
1353 1835 358 71 colorante,
1767 1834 186 59 saine
2009 1851 85 44 ou
2138 1851 129 42 mor-

153 1930 235 58 bide...

235 2119 176 62 C'est
443 2116 169 60 dans
640 2115 63 58 et
733 2129 120 61 par
884 2111 98 58 les
1017 2107 354 76 Symboles
1429 2122 128 61 que
1605 2105 315 58 l'homme
1975 2105 336 61 conscient

152 2216 87 42 ou
270 2195 416 62 inconscient
715 2192 119 71 vit,
863 2187 327 62 travaille,
1215 2187 245 70 existe;
1498 2187 64 56 et
1584 2201 107 42 ces
1721 2183 292 77 époques
2041 2185 225 58 demeu-

154 2281 147 60 rent
339 2279 100 59 les
488 2276 157 78 plus
684 2272 237 60 nobles
961 2270 112 77 qui
1123 2271 233 55 surent
1396 2267 58 59 le
1505 2265 231 58 mieux
1779 2265 410 58 reconnaître
2240 2265 65 58 la

150 2360 233 60 valeur
414 2357 118 59 des
565 2352 357 79 Symboles
951 2352 64 58 et
1048 2347 115 78 qui
1196 2347 98 59 les
1322 2345 329 77 prisèrent
1679 2343 58 59 le
1770 2342 154 76 plus
1952 2345 179 58 haut.
2170 2343 125 60 Car

151 2458 93 43 un
270 2435 318 80 Symbole
645 2450 170 61 pour
841 2430 171 61 celui
1046 2427 115 78 qui
1196 2444 80 42 en
1304 2444 33 40 a
1366 2426 63 58 la
1451 2425 243 68 vision,
1733 2423 243 59 n'est-il
2009 2441 119 59 pas
2160 2425 110 58 tou-

147 2523 194 77 jours
390 2534 132 43 une
565 2512 368 63 révélation
978 2509 153 78 plus
1172 2524 85 42 ou
1295 2506 219 58 moins
1549 2503 282 61 obscure
1874 2521 83 42 ou
1990 2503 196 60 claire
2219 2503 91 59 du

148 2600 251 63 Divin?

233 2789 244 73 Quand
508 2804 93 42 un
629 2782 316 80 Symbole
978 2797 37 42 a
1044 2794 131 45 une
1225 2775 447 78 signification
1721 2775 440 73 intrinsèque,
2210 2775 103 55 est

151 2889 83 45 en
281 2874 104 57 soi
413 2869 198 76 digne
648 2881 128 62 que
817 2863 99 59 les
967 2860 308 60 hommes
1324 2873 69 42 se
1442 2851 446 61 rassemblent
1935 2854 241 56 autour
2223 2850 81 59 de

150 2953 100 61 lui
280 2971 15 54 ;
332 2967 129 61 que
501 2948 59 60 le
615 2945 189 61 divin
840 2959 68 42 se
967 2936 358 64 manifeste
1382 2952 131 42 aux
1546 2950 155 42 sens
1733 2950 14 55 ;
1794 2949 129 59 que
1964 2929 348 61 l'Eternité

153 3047 296 62 rayonne
483 3044 156 45 avec
670 3027 153 76 plus
856 3041 87 42 ou
995 3019 221 61 moins
1264 3013 389 63 d'intensité
1698 3029 159 42 sous
1912 3011 19 59 1
1957 3011 219 77 image
2218 3010 87 59 du

154 3113 281 76 Temps:
466 3109 84 60 oh
576 3108 11 58 !
623 3107 200 69 alors,
859 3103 47 58 il
939 3102 101 59 est
1068 3099 132 60 bon
1228 3113 129 61 que
1401 3095 102 66 les
1547 3094 308 58 hommes
1900 3108 70 42 se
2030 3107 243 43 rassem-

154 3193 188 62 blent
357 3190 66 61 là
451 3190 64 60 et
530 3187 202 79 qu'ils
748 3183 301 71 adorent,
1067 3179 381 70 unanimes,
1481 3174 243 60 devant
1752 3188 91 43 un
1861 3171 81 60 tel
1970 3169 339 77 Symbole,
