2598 3599
1364 324 76 61 16

331 465 175 61 mais
524 465 68 79 je
619 464 129 59 n'ai
765 463 246 78 jamais
1038 460 335 62 confondu
1405 459 199 61 l'ldée
1635 461 63 59 et
1728 459 100 61 les
1858 459 333 71 hommes,
2218 456 65 60 et
2305 471 171 61 pour

333 544 382 62 défaillants
761 559 128 61 que
935 541 216 60 soient
1194 539 431 78 aujourd'hui
1672 555 109 43 ces
1824 539 295 58 lutteurs
2153 535 318 60 vaillants

334 625 82 61 de
465 624 65 59 la
574 623 326 78 première
945 623 230 69 heure,
1226 620 149 60 leur
1422 619 175 59 idéal
1645 619 316 77 poétique
2008 616 151 60 n'en
2214 614 105 61 fut
2366 631 114 60 pas

333 704 225 61 moins
583 704 172 60 beau
800 703 65 58 et
908 700 149 60 n'en
1103 701 174 60 reste
1321 717 120 59 pas
1488 699 221 59 moins
1752 699 62 59 le
2262 694 182 62 esthé-

329 785 190 76 tique
548 784 117 60 des
693 781 421 79 générations
1147 780 403 60 montantes.
1601 799 29 36 »

416 885 30 35 «
494 864 154 71 Oui,
694 863 98 59 dit
828 861 153 78 plus
1016 861 139 60 loin
1189 860 61 60 le
1289 859 215 78 poète,
1550 859 47 59 il
1637 859 171 59 n'est
1850 877 128 59 que
2018 859 65 58 la
2115 855 212 62 forme
2360 856 116 78 qui

328 943 231 78 puisse
597 941 347 79 régénérer
981 939 61 61 Ja
1079 940 224 78 poésie
1347 940 160 60 dont
1550 939 124 61 elle
1716 940 102 58 est
1858 940 342 70 l'essence,
2236 954 111 42 car
2377 936 101 61 les

329 1023 211 72 idées,
568 1021 89 61 M.
690 1023 157 59 Zola
875 1021 61 60 le
971 1020 311 61 déclarait
1315 1037 234 43 encore
1580 1020 410 60 récemment
2022 1018 195 78 après
2243 1016 236 60 l'avoir

328 1101 250 79 prouvé
629 1103 166 59 dans
844 1101 186 77 vingt
1075 1099 307 61 volumes
1432 1100 499 72 retentissants,
1982 1099 151 59 sont
2166 1096 311 79 toujours

326 1181 262 61 vieilles
619 1198 256 44 comme
911 1180 254 78 l'esprit
1207 1179 315 72 humain;
1560 1179 65 59 la
1665 1178 211 62 forme
1921 1179 210 72 seule,
2166 1178 312 77 toujours

329 1261 271 73 mobile,
633 1263 159 58 tend
830 1260 565 61 nécessairement
1434 1277 151 43 vers
1629 1259 285 61 l'absolu
1957 1259 201 59 d'une
2187 1258 250 76 adéqua-

334 1341 143 60 tion
507 1341 37 59 à
573 1341 193 61 l'idée
798 1341 217 60 même
1051 1360 54 39 ».

411 1421 104 60 On
540 1438 81 43 ne
644 1421 252 60 saurait
919 1419 332 61 vraiment
1282 1419 234 60 mieux
1538 1419 141 60 dire
1709 1420 86 72 et,
1819 1419 168 60 dans
2013 1435 110 45 ces
2148 1418 329 78 quelques

326 1500 241 78 lignes,
611 1501 88 60 M.
750 1501 115 59 des
917 1501 266 59 Mornes
1232 1498 261 61 résume
1540 1515 81 44 en
1676 1500 364 60 excellents
2087 1500 250 59 termes
2382 1498 95 61 les

326 1580 363 61 tendances
705 1580 446 60 rénovatrices
1183 1579 80 60 de
1296 1595 108 44 ces
1435 1580 242 76 temps.
1701 1580 129 60 Les
1860 1579 439 77 symbolistes
2319 1597 119 42 eux-

329 1659 259 61 mêmes
618 1678 45 60 y
690 1659 503 77 pourraient-ils
1223 1660 275 59 trouver
1529 1659 36 58 à
1593 1659 263 60 redire?

411 1740 213 69 Mais,
667 1740 349 60 s'écartant
1081 1739 489 76 brusquement
1635 1740 187 60 aussi
1863 1740 157 61 bien
2112 1743 120 58 des
2283 1739 194 60 idées

329 1819 295 61 admises
647 1837 127 59 que
804 1820 291 60 decelles
1123 1835 128 61 que
1268 1820 131 59 l'on
1414 1820 320 73 conteste,
1750 1820 60 60 le
1823 1820 326 78 préfacier
2164 1819 313 80 poursuit

332 1914 82 45 en
442 1898 286 77 logicien
757 1917 127 59 que
912 1900 144 60 rien
1086 1899 280 58 n'arrête
1400 1917 10 39 :

414 1998 31 34 «
494 1979 59 58 A
602 1980 325 59 certaines
987 1979 292 77 époques
1338 1978 80 59 de
1472 1978 393 62 l'évolution
1919 1981 121 61 des
2088 1980 306 80 peuples,
2439 1980 35 59 à

328 2056 199 61 telles
557 2058 188 61 dates
776 2059 367 77 glorieuses
1176 2059 37 58 à
1242 2058 249 78 jamais
1537 2059 168 60 dans
1730 2059 330 63 l'histoire
2095 2063 80 59 de
2218 2059 258 79 l'esprit

327 2136 311 75 humain,
680 2139 65 60 la
781 2139 211 61 forme
1027 2138 259 61 sembla
1308 2139 281 60 toucher
1630 2140 37 59 à
1703 2143 103 57 cet
1847 2141 178 63 idéal
2059 2140 415 62 marmoréen

331 2216 198 60 d'une
546 2216 366 78 perfection
940 2218 183 77 égale
1143 2219 35 58 à
1204 2218 66 58 la
1301 2218 241 59 beauté
1578 2218 386 78 fulgurante
1996 2223 80 59 de
2116 2221 197 61 l'idée
2336 2241 13 39 :

323 2295 273 78 jamais,
635 2299 338 76 pourtant,
1010 2315 119 60 par
1178 2298 291 77 quelque
1504 2296 279 77 fatalité,
1833 2301 124 63 elle
2013 2303 331 59 n'aboutit
2391 2318 82 43 en

329 2392 124 43 son
505 2393 224 44 œuvie
789 2378 81 61 de
919 2378 271 78 progrès
1232 2395 13 41 :
1303 2378 120 59 des
1474 2379 407 62 décadences
1931 2383 415 72 survinrent;
2410 2381 61 60 le

327 2455 203 61 verbe
558 2456 281 61 humain
865 2458 299 62 retombe
1197 2475 85 44 au
1312 2458 424 78 bégaiement
1770 2463 118 61 des
1907 2464 316 61 instincts
2257 2465 65 59 et
2354 2463 118 59 des

328 2534 323 77 appétits;
701 2555 171 59 pour
905 2539 335 58 remonter
1284 2554 233 45 encore
1564 2542 63 57 et
1668 2543 359 75 retomber,
2081 2545 188 59 aussi
2323 2543 144 59 bas.

324 2614 112 74 Et,
472 2615 55 60 si
572 2616 118 60 des
723 2618 300 61 marbres
1054 2616 415 63 millénaires
1505 2619 280 79 régnent
1827 2641 81 43 en
1954 2623 517 79 l'impérissable

327 2694 65 58 et
428 2693 276 63 absolue
760 2696 204 78 gloire
1010 2698 197 59 d'une
1258 2696 213 61 forme
1518 2703 385 77 accomplie,
1964 2705 155 78 quel
2177 2721 295 62 penseur

328 2789 192 43 osera
552 2774 297 63 affirmer
879 2778 366 76 qu'Eshyle
1279 2794 101 45 ou.
1415 2778 254 78 Virgile
1726 2799 87 43 ou
1858 2784 252 62 Racine
2151 2802 86 43 ou
2266 2784 164 60 Fran-

327 2851 138 73 çois
519 2853 255 80 Goppée
820 2856 179 61 aient
1046 2856 243 79 parfait
1338 2856 200 63 fut-ce
1598 2877 137 46 une
1791 2882 226 44 œuvre
2064 2865 313 61 radieuse
2432 2865 36 59 à

318 2931 253 78 jamais
623 2936 78 60 de
746 2936 320 78 jeunesse
1107 2938 368 61 immuable
1498 2939 29 60 ?
1559 2942 386 80 Pourquoi?
1987 2964 194 61 parce
2233 2963 130 60 que
2407 2945 61 61 le

326 3011 203 63 verbe
560 3015 275 79 change,
883 3018 62 61 le
982 3018 363 61 sentiment
1392 3019 80 60 de
1505 3037 70 44 ce
1609 3038 130 61 que
1786 3024 227 64 furent
2050 3044 108 44 ses
2186 3025 281 61 beautés

319 3089 398 77 éphémères
746 3096 330 63 s'oblitère
1107 3098 78 61 de
1211 3098 382 77 génération
1639 3118 80 45 en
1753 3105 409 77 génération,
2199 3108 65 60 et
2295 3108 169 58 cette

320 3168 219 66 forme
572 3177 178 59 enfin
779 3194 70 43 se
881 3178 321 73 momifie,
1236 3178 280 62 curieux
1546 3180 437 85 hiéroglyphe
2010 3204 170 61 pour
2200 3188 99 60 les
2321 3187 144 77 phi-
