2598 3599
1266 324 38 61 9

230 458 135 61 ière
405 459 220 64 armée
655 461 239 78 qu'elle
927 477 84 45 ne
1035 480 186 43 cesse
1256 463 80 60 de
1367 461 167 62 faire
1562 462 289 77 paraître
1884 478 108 45 ses
2032 462 322 62 instincts

204 539 80 61 de
337 543 329 59 revanche
722 542 606 77 perpétuellement
1381 542 303 77 rappelés
1745 545 353 58 menacent
2147 543 201 61 d'une

202 621 356 61 exécution
604 622 360 61 sommaire
990 623 61 61 le
1084 623 216 79 projet
1343 604 433 98 pacificateur
1825 622 115 77 qui
1987 623 137 59 doit
2152 622 204 61 livrer

203 717 86 42 au
343 702 458 77 panégyrique
859 703 119 60 des
1033 703 322 61 histoires
1412 702 265 61 futures
1704 702 62 61 le
1812 720 159 42 nom
2025 702 80 60 de
2165 701 151 62 Guil-

200 781 228 62 laume
489 783 63 59 II
609 782 487 79 d'Allemagne.
1129 785 131 59 Les
1293 800 284 43 avances
1630 783 419 60 incessantes
2091 782 262 61 tentées

198 879 122 60 par
344 862 100 60 les
486 862 390 62 ministères
910 865 79 58 de
1036 863 231 61 Berlin
1301 863 243 78 auprès
1590 863 80 59 de
1700 863 65 59 la
1790 880 162 43 cour
1980 862 80 60 de
2099 862 250 61 Russie

199 943 184 60 n'ont
404 943 255 61 d'autre
671 943 127 63 but
829 962 130 60 que
993 945 79 59 de
1102 962 173 44 nous
1312 945 203 59 isoler
1541 943 540 78 complètement,
2118 960 130 60 que
2269 943 79 61 de

200 1023 369 78 compléter
597 1025 64 59 la
687 1025 197 77 triple
915 1026 277 60 alliance
1224 1026 80 60 de
1336 1025 325 59 certaines
1684 1023 226 60 unités
1954 1040 132 42 non
2126 1022 221 61 moins

199 1103 471 78 importantes,
708 1120 131 62 que
875 1106 80 60 de
986 1105 314 77 parvenir
1331 1105 36 59 à
1398 1103 183 61 créer
1607 1103 181 60 enfin
1817 1102 65 60 la
1926 1102 211 76 Ligue
2171 1102 80 60 de
2282 1102 65 60 la

200 1186 182 76 paix,
421 1186 116 75 qui
584 1204 159 42 avec
797 1204 93 42 un
950 1185 401 62 formidable
1392 1183 290 80 appareil
1742 1185 80 58 de
1882 1200 261 61 guerre,
2193 1183 63 59 et
2282 1182 63 60 la

198 1263 245 79 gueule
490 1265 118 61 des
641 1284 248 42 canons
939 1266 293 77 braqués
1277 1282 172 44 nous
1488 1263 382 79 prescrirait
1903 1263 80 59 de
2033 1262 314 60 licencier

200 1362 122 44 nos
350 1347 277 76 troupes
670 1348 64 59 et
772 1347 80 60 de
905 1347 295 60 détruire
1229 1347 187 60 notre
1449 1343 326 74 matériel,
1808 1361 84 42 au
1940 1360 158 43 nom
2131 1342 90 60 du
2251 1360 65 43 re-

195 1442 122 61 pos
341 1426 80 60 de
458 1426 313 79 l'Europe
792 1428 10 58 !

279 1506 274 70 Quelles
585 1507 252 79 figures
866 1507 99 61 les
993 1508 236 77 piteux
1260 1506 421 76 mollusques
1714 1503 116 78 qui
1873 1520 171 43 nous
2076 1519 237 61 gouver-

199 1588 301 73 vernent,
543 1605 120 60 par
689 1588 65 59 la
781 1587 264 62 volonté
1098 1588 160 60 d'un
1314 1585 290 77 suffrage
1638 1582 338 62 universel
2023 1581 133 60 mal
2189 1581 120 60 édu-

198 1666 155 79 qué,
379 1668 259 77 quelles
671 1668 251 78 figures
937 1668 343 60 martiales
1313 1684 85 43 ou
1432 1665 290 72 sévères,
1752 1662 478 61 conciliatrices
2263 1679 85 42 ou

195 1765 371 60 peureuses
638 1748 422 61 offriront-ils
1119 1750 36 58 à
1215 1748 170 60 cette
1453 1743 360 63 inévitable
1875 1745 64 58 et
1991 1742 356 78 prochaine

195 1827 402 62 ambassade
614 1828 31 60 ?

277 1909 54 59 Il
363 1909 295 60 faudrait
689 1911 240 60 mettre
964 1926 81 45 en
1077 1909 179 77 ligne
1282 1907 224 60 toutes
1536 1905 101 61 les
1670 1919 381 45 ressources
2085 1901 118 60 des
2255 1901 63 58 di-

195 1990 358 76 plomaties
604 1991 286 72 habiles,
952 1989 375 78 multiplier
1400 2004 119 59 par
1576 1985 341 71 l'entente,
1982 1982 118 60 des
2159 1980 185 61 chefs

199 2071 354 60 militaires
583 2071 475 61 d'admirables
1088 2066 403 81 préparatifs
1543 2066 80 60 de
1656 2065 287 71 combat,
1977 2061 164 61 faire
2175 2077 130 44 com-

195 2151 286 76 prendre
515 2169 87 40 au
635 2152 244 59 monde
913 2152 246 77 qu'une
1192 2149 187 60 seule
1413 2146 182 60 main
1629 2143 208 61 ferme
1872 2143 63 59 et
1962 2140 383 61 inexorable

202 2230 256 61 détient
482 2231 61 60 le
578 2230 174 62 frein
786 2232 80 59 de
910 2231 197 60 l'élan
1139 2227 297 63 national
1484 2226 146 76 prêt
1662 2225 37 58 à
1743 2221 390 62 s'ensevelir
2179 2221 166 58 dans

194 2311 102 60 les
321 2311 301 60 derniers
656 2311 339 61 désastres
1037 2311 198 60 d'une
1268 2324 146 43 race
1467 2303 298 63 destinée
1799 2303 36 59 à
1867 2301 177 72 finir,
2091 2317 85 44 ou
2203 2298 145 78 prêt

195 2392 38 59 à
263 2391 372 78 triompher
664 2409 258 43 comme
955 2410 94 41 un
1096 2390 199 61 siècle
1329 2385 411 80 auparavant
1781 2401 119 60 par
1930 2382 243 60 dessus
2203 2380 117 61 l'or-

195 2472 182 78 gueil
412 2474 119 58 des
564 2472 283 60 sociétés
880 2471 367 61 ennemies.

274 2554 140 59 Nos
475 2552 445 61 malheureux
974 2551 339 79 généraux
1365 2546 230 61 imbus
1670 2544 160 59 d'un
1888 2541 193 60 triste
2140 2540 207 77 esprit

194 2632 587 78 bureaucratique,
839 2632 219 60 minés
1088 2649 119 60 par
1235 2631 99 59 les
1361 2625 326 81 jalousies
1743 2624 80 59 de
1864 2620 484 61 l'avancement

194 2714 66 58 et
288 2712 99 60 les
420 2712 301 61 rivalités
755 2714 80 59 de
867 2711 414 80 promotions
1315 2702 395 66 sauront-ils
1747 2701 181 61 enfin
1957 2700 249 61 confier
2242 2698 72 78 gé-

191 2794 474 59 néreusement
696 2811 134 42 aux
859 2795 155 76 plus
1046 2787 407 66 entendusle
1483 2786 147 61 soin
1663 2784 80 59 de
1766 2784 99 59 les
1910 2781 321 61 conduire
2263 2795 86 44 ou

191 2874 623 78 persévèreront-ils
859 2875 37 58 à
925 2874 276 77 profiter
1244 2886 170 61 pour
1439 2867 184 60 leurs
1651 2862 228 61 envies
1924 2860 419 71 vaniteuses,

190 2954 83 59 de
313 2954 157 59 telle
506 2955 286 60 autorité
839 2971 81 44 en
961 2968 361 45 morceaux
1365 2945 211 65 confié
1627 2945 36 58 à
1694 2944 256 59 chacun
1996 2941 198 58 d'eux
2234 2955 119 61 par

190 3052 95 41 un
317 3036 526 75 gouvernement
875 3036 80 59 de
986 3031 403 62 marchands
1436 3026 116 80 qui
1583 3024 353 61 redoutent
1967 3021 60 58 le
2058 3018 291 79 prestige

193 3115 160 60 d'un
386 3114 363 62 défenseur
772 3115 294 79 unique?

275 3195 146 71 Que
463 3213 149 43 sera
655 3196 235 60 l'amas
932 3198 80 58 de
1063 3192 289 80 Spuller,
1407 3189 81 61 de
1520 3186 193 62 Jules
1748 3184 256 73 Simon,
2038 3180 83 63 de
2154 3179 202 63 Gons-
