<?xml version="1.0" encoding="UTF-8"?>
<alto xmlns:xsi="http://www.w3.org/2001/XMLSchema-instance" xmlns="http://www.loc.gov/standards/alto/ns-v2#" xsi:schemaLocation="http://www.loc.gov/standards/alto/ns-v2# http://www.loc.gov/standards/alto/alto-v2.0.xsd" xmlns:xlink="http://www.w3.org/1999/xlink">
	<Description>
		<MeasurementUnit>mm10</MeasurementUnit>
		<sourceImageInformation>
			<fileName>//fileserver7/IN2-2/Princeton/bmtnabj/1901/04_01/00000177.tif</fileName>
		</sourceImageInformation>
		<OCRProcessing ID="OCRPROCESSING_1">
			<preProcessingStep>
				<processingSoftware>
					<softwareCreator>CCS Content Conversion Specialists GmbH, Germany</softwareCreator>
					<softwareName>CCS docWorks</softwareName>
					<softwareVersion>6.7-1.20</softwareVersion>
				</processingSoftware>
			</preProcessingStep>
			<ocrProcessingStep>
				<processingSoftware>
					<softwareCreator>ABBYY (BIT Software), Russia</softwareCreator>
					<softwareName>FineReader</softwareName>
					<softwareVersion>10.0</softwareVersion>
				</processingSoftware>
			</ocrProcessingStep>
		</OCRProcessing>
		<OCRProcessing ID="OCRPROCESSING_2">
			<preProcessingStep>
				<processingSoftware>
					<softwareCreator>CCS Content Conversion Specialists GmbH, Germany</softwareCreator>
					<softwareName>CCS docWorks</softwareName>
					<softwareVersion>6.7-1.20</softwareVersion>
				</processingSoftware>
			</preProcessingStep>
			<ocrProcessingStep>
				<processingSoftware>
					<softwareCreator>ABBYY (BIT Software), Russia</softwareCreator>
					<softwareName>NA</softwareName>
				</processingSoftware>
			</ocrProcessingStep>
		</OCRProcessing>
	</Description>
	<Styles>
		<TextStyle ID="TXT_0" FONTSIZE="17" FONTFAMILY="Times New Roman"/>
		<TextStyle ID="TXT_1" FONTSIZE="11" FONTFAMILY="Times New Roman" FONTSTYLE="bold"/>
		<TextStyle ID="TXT_2" FONTSIZE="13" FONTFAMILY="Times New Roman"/>
		<TextStyle ID="TXT_3" FONTSIZE="13" FONTFAMILY="Times New Roman" FONTSTYLE="italics"/>
		<TextStyle ID="TXT_4" FONTSIZE="12" FONTFAMILY="Times New Roman"/>
		<TextStyle ID="TXT_5" FONTSIZE="7" FONTFAMILY="Unknown" FONTSTYLE="italics"/>
		<TextStyle ID="TXT_6" FONTSIZE="14" FONTFAMILY="Times New Roman"/>
		<TextStyle ID="TXT_7" FONTSIZE="14" FONTFAMILY="Times New Roman" FONTSTYLE="italics"/>
		<TextStyle ID="TXT_8" FONTSIZE="15" FONTFAMILY="Arial" FONTSTYLE="bold"/>
		<TextStyle ID="TXT_9" FONTSIZE="11" FONTFAMILY="Times New Roman"/>
		<TextStyle ID="TXT_10" FONTSIZE="11" FONTFAMILY="Times New Roman" FONTSTYLE="italics"/>
		<ParagraphStyle ID="PAR_RIGHT" ALIGN="Right"/>
		<ParagraphStyle ID="PAR_CENTER" ALIGN="Center"/>
		<ParagraphStyle ID="PAR_BLOCK" ALIGN="Block"/>
		<ParagraphStyle ID="PAR_LEFT" ALIGN="Left"/>
	</Styles>
	<Layout>
		<Page ID="P33" PHYSICAL_IMG_NR="33" HEIGHT="3911" WIDTH="2311" PRINTED_IMG_NR="161" PC="0.911">
			<TopMargin ID="P33_TM00001" HPOS="0" VPOS="0" WIDTH="2311" HEIGHT="217">
				<TextBlock ID="P33_TB00001" HPOS="2090" VPOS="163" WIDTH="80" HEIGHT="51" STYLEREFS="TXT_0 PAR_RIGHT">
					<TextLine ID="P33_TL00001" HPOS="2090" VPOS="163" WIDTH="80" HEIGHT="51">
						<String ID="P33_ST00001" HPOS="2090" VPOS="163" WIDTH="80" HEIGHT="51" CONTENT="161" WC="1.00" CC="000"/>
					</TextLine>
				</TextBlock>
				<TextBlock ID="P33_TB00002" HPOS="828" VPOS="166" WIDTH="674" HEIGHT="44" STYLEREFS="TXT_1 PAR_CENTER">
					<TextLine ID="P33_TL00002" HPOS="828" VPOS="168" WIDTH="674" HEIGHT="42">
						<String ID="P33_ST00002" HPOS="828" VPOS="168" WIDTH="220" HEIGHT="42" CONTENT="MUSIQUE" WC="0.99" CC="2401054"/>
						<SP ID="P33_SP00001" HPOS="1048" VPOS="210" WIDTH="38"/>
						<String ID="P33_ST00003" HPOS="1086" VPOS="169" WIDTH="416" HEIGHT="39" CONTENT="CONTEMPORAINE" WC="0.99" CC="2412454100465"/>
					</TextLine>
				</TextBlock>
			</TopMargin>
			<LeftMargin ID="P33_LM00001" HPOS="0" VPOS="217" WIDTH="127" HEIGHT="3534"/>
			<RightMargin ID="P33_RM00001" HPOS="2181" VPOS="217" WIDTH="130" HEIGHT="3534"/>
			<BottomMargin ID="P33_BM00001" HPOS="0" VPOS="3751" WIDTH="2311" HEIGHT="160"/>
			<PrintSpace ID="P33_PS00001" HPOS="127" VPOS="217" WIDTH="2054" HEIGHT="3534">
				<TextBlock ID="P33_TB00003" HPOS="146" VPOS="277" WIDTH="2035" HEIGHT="990" STYLEREFS="TXT_2 PAR_BLOCK">
					<TextLine ID="P33_TL00003" HPOS="150" VPOS="277" WIDTH="2031" HEIGHT="59">
						<String ID="P33_ST00004" HPOS="150" VPOS="281" WIDTH="167" HEIGHT="51" CONTENT="comique" WC="0.99" CC="5004140" STYLEREFS="TXT_3"/>
						<SP ID="P33_SP00002" HPOS="317" VPOS="332" WIDTH="22"/>
						<String ID="P33_ST00005" HPOS="339" VPOS="290" WIDTH="49" HEIGHT="27" CONTENT="DE" WC="0.56" CC="53" STYLEREFS="TXT_4"/>
						<SP ID="P33_SP00003" HPOS="388" VPOS="332" WIDTH="23"/>
						<String ID="P33_ST00006" HPOS="411" VPOS="289" WIDTH="50" HEIGHT="28" CONTENT="LA" WC="0.76" CC="31" STYLEREFS="TXT_4"/>
						<SP ID="P33_SP00004" HPOS="461" VPOS="332" WIDTH="23"/>
						<String ID="P33_ST00007" HPOS="484" VPOS="290" WIDTH="151" HEIGHT="34" CONTENT="ROYNE," WC="0.81" CC="002224" STYLEREFS="TXT_4"/>
						<SP ID="P33_SP00005" HPOS="635" VPOS="332" WIDTH="26"/>
						<String ID="P33_ST00008" HPOS="661" VPOS="278" WIDTH="138" HEIGHT="40" CONTENT="donné" WC="1.00" CC="04000"/>
						<SP ID="P33_SP00006" HPOS="799" VPOS="332" WIDTH="27"/>
						<String ID="P33_ST00009" HPOS="826" VPOS="277" WIDTH="23" HEIGHT="41" CONTENT="à" WC="0.28" CC="7"/>
						<SP ID="P33_SP00007" HPOS="849" VPOS="332" WIDTH="28"/>
						<String ID="P33_ST00010" HPOS="877" VPOS="278" WIDTH="142" HEIGHT="40" CONTENT="l'hôtel" WC="0.99" CC="5203002"/>
						<SP ID="P33_SP00008" HPOS="1019" VPOS="332" WIDTH="23"/>
						<String ID="P33_ST00011" HPOS="1042" VPOS="280" WIDTH="195" HEIGHT="39" CONTENT="BOURBON" WC="0.99" CC="4063103" STYLEREFS="TXT_4"/>
						<SP ID="P33_SP00009" HPOS="1237" VPOS="332" WIDTH="29"/>
						<String ID="P33_ST00012" HPOS="1266" VPOS="282" WIDTH="84" HEIGHT="53" CONTENT="(cet" WC="1.00" CC="0200"/>
						<SP ID="P33_SP00010" HPOS="1350" VPOS="335" WIDTH="28"/>
						<String ID="P33_ST00013" HPOS="1378" VPOS="283" WIDTH="127" HEIGHT="44" CONTENT="hôtel," WC="0.99" CC="020004"/>
						<SP ID="P33_SP00011" HPOS="1505" VPOS="335" WIDTH="32"/>
						<String ID="P33_ST00014" HPOS="1537" VPOS="284" WIDTH="104" HEIGHT="40" CONTENT="situé" WC="1.00" CC="00010"/>
						<SP ID="P33_SP00012" HPOS="1641" VPOS="335" WIDTH="29"/>
						<String ID="P33_ST00015" HPOS="1670" VPOS="284" WIDTH="90" HEIGHT="52" CONTENT="près" WC="0.96" CC="0079"/>
						<SP ID="P33_SP00013" HPOS="1760" VPOS="336" WIDTH="28"/>
						<String ID="P33_ST00016" HPOS="1788" VPOS="287" WIDTH="54" HEIGHT="38" CONTENT="du" WC="1.00" CC="00"/>
						<SP ID="P33_SP00014" HPOS="1842" VPOS="336" WIDTH="28"/>
						<String ID="P33_ST00017" HPOS="1870" VPOS="286" WIDTH="162" HEIGHT="40" CONTENT="Louvre" WC="1.00" CC="300000"/>
						<SP ID="P33_SP00015" HPOS="2032" VPOS="336" WIDTH="28"/>
						<String ID="P33_ST00018" HPOS="2060" VPOS="287" WIDTH="52" HEIGHT="40" CONTENT="où" WC="1.00" CC="00"/>
						<SP ID="P33_SP00016" HPOS="2112" VPOS="336" WIDTH="30"/>
						<String ID="P33_ST00019" HPOS="2142" VPOS="303" WIDTH="39" HEIGHT="25" CONTENT="se" WC="1.00" CC="00"/>
					</TextLine>
					<TextLine ID="P33_TL00004" HPOS="152" VPOS="335" WIDTH="2029" HEIGHT="71">
						<String ID="P33_ST00020" HPOS="152" VPOS="349" WIDTH="206" HEIGHT="39" CONTENT="réunirent" WC="0.99" CC="067050000"/>
						<SP ID="P33_SP00017" HPOS="358" VPOS="388" WIDTH="34"/>
						<String ID="P33_ST00021" HPOS="392" VPOS="346" WIDTH="57" HEIGHT="40" CONTENT="les" WC="1.00" CC="000"/>
						<SP ID="P33_SP00018" HPOS="449" VPOS="388" WIDTH="29"/>
						<String ID="P33_ST00022" HPOS="478" VPOS="335" WIDTH="113" HEIGHT="51" CONTENT="États" WC="1.00" CC="30000"/>
						<SP ID="P33_SP00019" HPOS="591" VPOS="388" WIDTH="28"/>
						<String ID="P33_ST00023" HPOS="619" VPOS="346" WIDTH="209" HEIGHT="54" CONTENT="généraux" WC="1.00" CC="00005000"/>
						<SP ID="P33_SP00020" HPOS="828" VPOS="400" WIDTH="28"/>
						<String ID="P33_ST00024" HPOS="856" VPOS="348" WIDTH="49" HEIGHT="38" CONTENT="de" WC="1.00" CC="00"/>
						<SP ID="P33_SP00021" HPOS="905" VPOS="400" WIDTH="37"/>
						<String ID="P33_ST00025" HPOS="942" VPOS="345" WIDTH="147" HEIGHT="55" CONTENT="1614.)," WC="0.79" CC="4002402"/>
						<SP ID="P33_SP00022" HPOS="1089" VPOS="400" WIDTH="33"/>
						<String ID="P33_ST00026" HPOS="1122" VPOS="346" WIDTH="22" HEIGHT="41" CONTENT="à" WC="0.41" CC="5"/>
						<SP ID="P33_SP00023" HPOS="1144" VPOS="400" WIDTH="28"/>
						<String ID="P33_ST00027" HPOS="1172" VPOS="348" WIDTH="222" HEIGHT="41" CONTENT="l'occasion" WC="1.00" CC="4201400002"/>
						<SP ID="P33_SP00024" HPOS="1394" VPOS="400" WIDTH="29"/>
						<String ID="P33_ST00028" HPOS="1423" VPOS="353" WIDTH="52" HEIGHT="37" CONTENT="du" WC="0.89" CC="02"/>
						<SP ID="P33_SP00025" HPOS="1475" VPOS="400" WIDTH="31"/>
						<String ID="P33_ST00029" HPOS="1506" VPOS="352" WIDTH="183" HEIGHT="53" CONTENT="mariage" WC="1.00" CC="0006000"/>
						<SP ID="P33_SP00026" HPOS="1689" VPOS="405" WIDTH="32"/>
						<String ID="P33_ST00030" HPOS="1721" VPOS="355" WIDTH="48" HEIGHT="37" CONTENT="de" WC="1.00" CC="00"/>
						<SP ID="P33_SP00027" HPOS="1769" VPOS="405" WIDTH="22"/>
						<String ID="P33_ST00031" HPOS="1791" VPOS="354" WIDTH="176" HEIGHT="52" CONTENT="Joyeuse" WC="1.00" CC="0000000"/>
						<SP ID="P33_SP00028" HPOS="1967" VPOS="406" WIDTH="22"/>
						<String ID="P33_ST00032" HPOS="1989" VPOS="355" WIDTH="34" HEIGHT="39" CONTENT="&amp;" WC="1.00" CC="0"/>
						<SP ID="P33_SP00029" HPOS="2023" VPOS="406" WIDTH="28"/>
						<String ID="P33_ST00033" HPOS="2051" VPOS="357" WIDTH="49" HEIGHT="37" CONTENT="de" WC="1.00" CC="00"/>
						<SP ID="P33_SP00030" HPOS="2100" VPOS="406" WIDTH="28"/>
						<String ID="P33_ST00034" HPOS="2128" VPOS="357" WIDTH="53" HEIGHT="38" CONTENT="La" WC="1.00" CC="00"/>
					</TextLine>
					<TextLine ID="P33_TL00005" HPOS="151" VPOS="416" WIDTH="2029" HEIGHT="59">
						<String ID="P33_ST00035" HPOS="151" VPOS="418" WIDTH="172" HEIGHT="45" CONTENT="Valette," WC="1.00" CC="00000003"/>
						<SP ID="P33_SP00031" HPOS="323" VPOS="463" WIDTH="32"/>
						<String ID="P33_ST00036" HPOS="355" VPOS="417" WIDTH="57" HEIGHT="39" CONTENT="les" WC="0.98" CC="400"/>
						<SP ID="P33_SP00032" HPOS="412" VPOS="463" WIDTH="23"/>
						<String ID="P33_ST00037" HPOS="435" VPOS="430" WIDTH="24" HEIGHT="25" CONTENT="«" WC="0.38" CC="6"/>
						<SP ID="P33_SP00033" HPOS="459" VPOS="463" WIDTH="21"/>
						<String ID="P33_ST00038" HPOS="480" VPOS="417" WIDTH="108" HEIGHT="39" CONTENT="deux" WC="1.00" CC="0000"/>
						<SP ID="P33_SP00034" HPOS="588" VPOS="463" WIDTH="28"/>
						<String ID="P33_ST00039" HPOS="616" VPOS="416" WIDTH="162" HEIGHT="40" CONTENT="enfants" WC="0.99" CC="0330200"/>
						<SP ID="P33_SP00035" HPOS="778" VPOS="463" WIDTH="28"/>
						<String ID="P33_ST00040" HPOS="806" VPOS="417" WIDTH="52" HEIGHT="38" CONTENT="du" WC="1.00" CC="00"/>
						<SP ID="P33_SP00036" HPOS="858" VPOS="463" WIDTH="33"/>
						<String ID="P33_ST00041" HPOS="891" VPOS="416" WIDTH="73" HEIGHT="40" CONTENT="Roi" WC="0.99" CC="200"/>
						<SP ID="P33_SP00037" HPOS="964" VPOS="463" WIDTH="29"/>
						<String ID="P33_ST00042" HPOS="993" VPOS="430" WIDTH="25" HEIGHT="25" CONTENT="»" WC="1.00" CC="0"/>
						<SP ID="P33_SP00038" HPOS="1018" VPOS="463" WIDTH="29"/>
						<String ID="P33_ST00043" HPOS="1047" VPOS="430" WIDTH="101" HEIGHT="26" CONTENT="avec" WC="0.99" CC="0003"/>
						<SP ID="P33_SP00039" HPOS="1148" VPOS="463" WIDTH="29"/>
						<String ID="P33_ST00044" HPOS="1177" VPOS="417" WIDTH="57" HEIGHT="40" CONTENT="les" WC="0.99" CC="300"/>
						<SP ID="P33_SP00040" HPOS="1234" VPOS="463" WIDTH="29"/>
						<String ID="P33_ST00045" HPOS="1263" VPOS="419" WIDTH="106" HEIGHT="39" CONTENT="deux" WC="1.00" CC="0000"/>
						<SP ID="P33_SP00041" HPOS="1369" VPOS="463" WIDTH="29"/>
						<String ID="P33_ST00046" HPOS="1398" VPOS="433" WIDTH="131" HEIGHT="26" CONTENT="sœurs" WC="0.99" CC="00500"/>
						<SP ID="P33_SP00042" HPOS="1529" VPOS="463" WIDTH="30"/>
						<String ID="P33_ST00047" HPOS="1559" VPOS="423" WIDTH="47" HEIGHT="36" CONTENT="de" WC="1.00" CC="00"/>
						<SP ID="P33_SP00043" HPOS="1606" VPOS="463" WIDTH="29"/>
						<String ID="P33_ST00048" HPOS="1635" VPOS="421" WIDTH="35" HEIGHT="39" CONTENT="la" WC="0.85" CC="20"/>
						<SP ID="P33_SP00044" HPOS="1670" VPOS="463" WIDTH="30"/>
						<String ID="P33_ST00049" HPOS="1700" VPOS="422" WIDTH="139" HEIGHT="46" CONTENT="Reine," WC="0.99" CC="000501"/>
						<SP ID="P33_SP00045" HPOS="1839" VPOS="468" WIDTH="33"/>
						<String ID="P33_ST00050" HPOS="1872" VPOS="423" WIDTH="245" HEIGHT="52" CONTENT="Marguerite" WC="1.00" CC="3000600000"/>
						<SP ID="P33_SP00046" HPOS="2117" VPOS="475" WIDTH="29"/>
						<String ID="P33_ST00051" HPOS="2146" VPOS="426" WIDTH="34" HEIGHT="38" CONTENT="Se" WC="0.23" CC="68" STYLEREFS="TXT_5"/>
					</TextLine>
					<TextLine ID="P33_TL00006" HPOS="150" VPOS="484" WIDTH="2030" HEIGHT="61">
						<String ID="P33_ST00052" HPOS="150" VPOS="488" WIDTH="217" HEIGHT="39" CONTENT="Christine." WC="1.00" CC="4000000004"/>
						<SP ID="P33_SP00047" HPOS="367" VPOS="527" WIDTH="26"/>
						<String ID="P33_ST00053" HPOS="393" VPOS="485" WIDTH="55" HEIGHT="40" CONTENT="Ce" WC="0.81" CC="30"/>
						<SP ID="P33_SP00048" HPOS="448" VPOS="527" WIDTH="22"/>
						<String ID="P33_ST00054" HPOS="470" VPOS="484" WIDTH="156" HEIGHT="41" CONTENT="célèbre" WC="0.99" CC="0047000"/>
						<SP ID="P33_SP00049" HPOS="626" VPOS="527" WIDTH="23"/>
						<String ID="P33_ST00055" HPOS="649" VPOS="485" WIDTH="122" HEIGHT="40" CONTENT="ballet" WC="0.98" CC="093500"/>
						<SP ID="P33_SP00050" HPOS="771" VPOS="527" WIDTH="21"/>
						<String ID="P33_ST00056" HPOS="792" VPOS="484" WIDTH="63" HEIGHT="54" CONTENT="(1)" WC="0.72" CC="340"/>
						<SP ID="P33_SP00051" HPOS="855" VPOS="538" WIDTH="23"/>
						<String ID="P33_ST00057" HPOS="878" VPOS="486" WIDTH="186" HEIGHT="39" CONTENT="contient" WC="1.00" CC="30000000"/>
						<SP ID="P33_SP00052" HPOS="1064" VPOS="538" WIDTH="21"/>
						<String ID="P33_ST00058" HPOS="1085" VPOS="499" WIDTH="49" HEIGHT="26" CONTENT="en" WC="1.00" CC="00"/>
						<SP ID="P33_SP00053" HPOS="1134" VPOS="538" WIDTH="25"/>
						<String ID="P33_ST00059" HPOS="1159" VPOS="487" WIDTH="94" HEIGHT="39" CONTENT="effet" WC="0.99" CC="08000"/>
						<SP ID="P33_SP00054" HPOS="1253" VPOS="538" WIDTH="22"/>
						<String ID="P33_ST00060" HPOS="1275" VPOS="501" WIDTH="79" HEIGHT="26" CONTENT="une" WC="0.99" CC="300"/>
						<SP ID="P33_SP00055" HPOS="1354" VPOS="538" WIDTH="21"/>
						<String ID="P33_ST00061" HPOS="1375" VPOS="501" WIDTH="177" HEIGHT="40" CONTENT="gravure" WC="1.00" CC="0000600"/>
						<SP ID="P33_SP00056" HPOS="1552" VPOS="541" WIDTH="21"/>
						<String ID="P33_ST00062" HPOS="1573" VPOS="489" WIDTH="42" HEIGHT="54" CONTENT="(à" WC="0.50" CC="36"/>
						<SP ID="P33_SP00057" HPOS="1615" VPOS="543" WIDTH="21"/>
						<String ID="P33_ST00063" HPOS="1636" VPOS="491" WIDTH="37" HEIGHT="38" CONTENT="la" WC="0.90" CC="10"/>
						<SP ID="P33_SP00058" HPOS="1673" VPOS="543" WIDTH="22"/>
						<String ID="P33_ST00064" HPOS="1695" VPOS="504" WIDTH="105" HEIGHT="39" CONTENT="page" WC="1.00" CC="0000"/>
						<SP ID="P33_SP00059" HPOS="1800" VPOS="543" WIDTH="21"/>
						<String ID="P33_ST00065" HPOS="1821" VPOS="491" WIDTH="44" HEIGHT="54" CONTENT="4)" WC="0.77" CC="40"/>
						<SP ID="P33_SP00060" HPOS="1865" VPOS="545" WIDTH="24"/>
						<String ID="P33_ST00066" HPOS="1889" VPOS="493" WIDTH="187" HEIGHT="38" CONTENT="donnant" WC="1.00" CC="0060000"/>
						<SP ID="P33_SP00061" HPOS="2076" VPOS="545" WIDTH="22"/>
						<String ID="P33_ST00067" HPOS="2098" VPOS="507" WIDTH="23" HEIGHT="25" CONTENT="«" WC="0.33" CC="6"/>
						<SP ID="P33_SP00062" HPOS="2121" VPOS="545" WIDTH="22"/>
						<String ID="P33_ST00068" HPOS="2143" VPOS="494" WIDTH="37" HEIGHT="38" CONTENT="la" WC="0.69" CC="60"/>
					</TextLine>
					<TextLine ID="P33_TL00007" HPOS="150" VPOS="554" WIDTH="2030" HEIGHT="57">
						<String ID="P33_ST00069" HPOS="150" VPOS="558" WIDTH="132" HEIGHT="52" CONTENT="figure" WC="0.99" CC="060200"/>
						<SP ID="P33_SP00063" HPOS="282" VPOS="610" WIDTH="21"/>
						<String ID="P33_ST00070" HPOS="303" VPOS="557" WIDTH="49" HEIGHT="38" CONTENT="de" WC="1.00" CC="00"/>
						<SP ID="P33_SP00064" HPOS="352" VPOS="610" WIDTH="21"/>
						<String ID="P33_ST00071" HPOS="373" VPOS="556" WIDTH="38" HEIGHT="38" CONTENT="la" WC="0.95" CC="00"/>
						<SP ID="P33_SP00065" HPOS="411" VPOS="610" WIDTH="22"/>
						<String ID="P33_ST00072" HPOS="433" VPOS="554" WIDTH="97" HEIGHT="40" CONTENT="salle" WC="0.99" CC="10440"/>
						<SP ID="P33_SP00066" HPOS="530" VPOS="610" WIDTH="28"/>
						<String ID="P33_ST00073" HPOS="558" VPOS="568" WIDTH="25" HEIGHT="25" CONTENT="»" WC="1.00" CC="0"/>
						<SP ID="P33_SP00067" HPOS="583" VPOS="610" WIDTH="33"/>
						<String ID="P33_ST00074" HPOS="616" VPOS="567" WIDTH="7" HEIGHT="26" CONTENT=":" WC="0.68" CC="3"/>
						<SP ID="P33_SP00068" HPOS="623" VPOS="610" WIDTH="35"/>
						<String ID="P33_ST00075" HPOS="658" VPOS="568" WIDTH="53" HEIGHT="25" CONTENT="on" WC="0.76" CC="13"/>
						<SP ID="P33_SP00069" HPOS="711" VPOS="610" WIDTH="28"/>
						<String ID="P33_ST00076" HPOS="739" VPOS="569" WIDTH="28" HEIGHT="38" CONTENT="y" WC="1.00" CC="0"/>
						<SP ID="P33_SP00070" HPOS="767" VPOS="610" WIDTH="25"/>
						<String ID="P33_ST00077" HPOS="792" VPOS="555" WIDTH="88" HEIGHT="39" CONTENT="voit" WC="1.00" CC="0010"/>
						<SP ID="P33_SP00071" HPOS="880" VPOS="610" WIDTH="29"/>
						<String ID="P33_ST00078" HPOS="909" VPOS="567" WIDTH="78" HEIGHT="26" CONTENT="une" WC="0.99" CC="100"/>
						<SP ID="P33_SP00072" HPOS="987" VPOS="610" WIDTH="29"/>
						<String ID="P33_ST00079" HPOS="1016" VPOS="555" WIDTH="212" HEIGHT="47" CONTENT="Fontaine," WC="1.00" CC="000006004"/>
						<SP ID="P33_SP00073" HPOS="1228" VPOS="610" WIDTH="29"/>
						<String ID="P33_ST00080" HPOS="1257" VPOS="557" WIDTH="71" HEIGHT="38" CONTENT="des" WC="1.00" CC="000"/>
						<SP ID="P33_SP00074" HPOS="1328" VPOS="610" WIDTH="22"/>
						<String ID="P33_ST00081" HPOS="1350" VPOS="556" WIDTH="184" HEIGHT="48" CONTENT="Tritons," WC="1.00" CC="30000002"/>
						<SP ID="P33_SP00075" HPOS="1534" VPOS="610" WIDTH="26"/>
						<String ID="P33_ST00082" HPOS="1560" VPOS="560" WIDTH="70" HEIGHT="38" CONTENT="des" WC="1.00" CC="000"/>
						<SP ID="P33_SP00076" HPOS="1630" VPOS="610" WIDTH="28"/>
						<String ID="P33_ST00083" HPOS="1658" VPOS="560" WIDTH="181" HEIGHT="51" CONTENT="Satyres," WC="1.00" CC="00000003"/>
						<SP ID="P33_SP00077" HPOS="1839" VPOS="611" WIDTH="31"/>
						<String ID="P33_ST00084" HPOS="1870" VPOS="561" WIDTH="36" HEIGHT="38" CONTENT="le" WC="0.85" CC="20"/>
						<SP ID="P33_SP00078" HPOS="1906" VPOS="611" WIDTH="28"/>
						<String ID="P33_ST00085" HPOS="1934" VPOS="561" WIDTH="169" HEIGHT="40" CONTENT="Chariot" WC="0.99" CC="3560200"/>
						<SP ID="P33_SP00079" HPOS="2103" VPOS="611" WIDTH="28"/>
						<String ID="P33_ST00086" HPOS="2131" VPOS="564" WIDTH="49" HEIGHT="37" CONTENT="de" WC="1.00" CC="00"/>
					</TextLine>
					<TextLine ID="P33_TL00008" HPOS="150" VPOS="624" WIDTH="2029" HEIGHT="59">
						<String ID="P33_ST00087" HPOS="150" VPOS="627" WIDTH="104" HEIGHT="45" CONTENT="bois," WC="0.99" CC="00502"/>
						<SP ID="P33_SP00080" HPOS="254" VPOS="672" WIDTH="26"/>
						<String ID="P33_ST00088" HPOS="280" VPOS="628" WIDTH="152" HEIGHT="44" CONTENT="Quatre" WC="0.98" CC="960000"/>
						<SP ID="P33_SP00081" HPOS="432" VPOS="672" WIDTH="22"/>
						<String ID="P33_ST00089" HPOS="454" VPOS="625" WIDTH="162" HEIGHT="45" CONTENT="Vertus," WC="1.00" CC="0000004"/>
						<SP ID="P33_SP00082" HPOS="616" VPOS="672" WIDTH="26"/>
						<String ID="P33_ST00090" HPOS="642" VPOS="624" WIDTH="35" HEIGHT="39" CONTENT="le" WC="0.78" CC="40"/>
						<SP ID="P33_SP00083" HPOS="677" VPOS="672" WIDTH="22"/>
						<String ID="P33_ST00091" HPOS="699" VPOS="624" WIDTH="171" HEIGHT="39" CONTENT="Chariot" WC="0.99" CC="4450000"/>
						<SP ID="P33_SP00084" HPOS="870" VPOS="672" WIDTH="21"/>
						<String ID="P33_ST00092" HPOS="891" VPOS="625" WIDTH="49" HEIGHT="38" CONTENT="de" WC="1.00" CC="00"/>
						<SP ID="P33_SP00085" HPOS="940" VPOS="672" WIDTH="22"/>
						<String ID="P33_ST00093" HPOS="962" VPOS="625" WIDTH="198" HEIGHT="45" CONTENT="Minerve," WC="0.99" CC="40005004"/>
						<SP ID="P33_SP00086" HPOS="1160" VPOS="672" WIDTH="26"/>
						<String ID="P33_ST00094" HPOS="1186" VPOS="626" WIDTH="35" HEIGHT="39" CONTENT="Se" WC="1.00" CC="00" STYLEREFS="TXT_5"/>
						<SP ID="P33_SP00087" HPOS="1221" VPOS="672" WIDTH="22"/>
						<String ID="P33_ST00095" HPOS="1243" VPOS="626" WIDTH="184" HEIGHT="39" CONTENT="dix-huit" WC="0.99" CC="07040540"/>
						<SP ID="P33_SP00088" HPOS="1427" VPOS="672" WIDTH="21"/>
						<String ID="P33_ST00096" HPOS="1448" VPOS="627" WIDTH="262" HEIGHT="49" CONTENT="Médaillons;" WC="1.00" CC="02000030504"/>
						<SP ID="P33_SP00089" HPOS="1710" VPOS="676" WIDTH="33"/>
						<String ID="P33_ST00097" HPOS="1743" VPOS="630" WIDTH="103" HEIGHT="38" CONTENT="mais" WC="1.00" CC="0000"/>
						<SP ID="P33_SP00090" HPOS="1846" VPOS="676" WIDTH="29"/>
						<String ID="P33_ST00098" HPOS="1875" VPOS="633" WIDTH="104" HEIGHT="36" CONTENT="cette" WC="1.00" CC="10000"/>
						<SP ID="P33_SP00091" HPOS="1979" VPOS="676" WIDTH="24"/>
						<String ID="P33_ST00099" HPOS="2003" VPOS="643" WIDTH="176" HEIGHT="40" CONTENT="gravure" WC="1.00" CC="0000300"/>
					</TextLine>
					<TextLine ID="P33_TL00009" HPOS="150" VPOS="691" WIDTH="2028" HEIGHT="61">
						<String ID="P33_ST00100" HPOS="150" VPOS="710" WIDTH="47" HEIGHT="25" CONTENT="ne" WC="0.73" CC="50"/>
						<SP ID="P33_SP00092" HPOS="197" VPOS="735" WIDTH="23"/>
						<String ID="P33_ST00101" HPOS="220" VPOS="694" WIDTH="220" HEIGHT="41" CONTENT="ressemble" WC="1.00" CC="000000030"/>
						<SP ID="P33_SP00093" HPOS="440" VPOS="735" WIDTH="21"/>
						<String ID="P33_ST00102" HPOS="461" VPOS="692" WIDTH="125" HEIGHT="54" CONTENT="guère" WC="0.98" CC="05700"/>
						<SP ID="P33_SP00094" HPOS="586" VPOS="746" WIDTH="22"/>
						<String ID="P33_ST00103" HPOS="608" VPOS="691" WIDTH="22" HEIGHT="41" CONTENT="à" WC="0.46" CC="5"/>
						<SP ID="P33_SP00095" HPOS="630" VPOS="746" WIDTH="22"/>
						<String ID="P33_ST00104" HPOS="652" VPOS="706" WIDTH="46" HEIGHT="26" CONTENT="ce" WC="0.73" CC="50"/>
						<SP ID="P33_SP00096" HPOS="698" VPOS="746" WIDTH="21"/>
						<String ID="P33_ST00105" HPOS="719" VPOS="706" WIDTH="78" HEIGHT="39" CONTENT="que" WC="0.99" CC="020"/>
						<SP ID="P33_SP00097" HPOS="797" VPOS="746" WIDTH="23"/>
						<String ID="P33_ST00106" HPOS="820" VPOS="706" WIDTH="104" HEIGHT="27" CONTENT="nous" WC="1.00" CC="0000"/>
						<SP ID="P33_SP00098" HPOS="924" VPOS="746" WIDTH="16"/>
						<String ID="P33_ST00107" HPOS="940" VPOS="706" WIDTH="134" HEIGHT="26" CONTENT="avons" WC="1.00" CC="00030"/>
						<SP ID="P33_SP00099" HPOS="1074" VPOS="746" WIDTH="23"/>
						<String ID="P33_ST00108" HPOS="1097" VPOS="708" WIDTH="54" HEIGHT="25" CONTENT="vu" WC="0.78" CC="04"/>
						<SP ID="P33_SP00100" HPOS="1151" VPOS="746" WIDTH="16"/>
						<String ID="P33_ST00109" HPOS="1167" VPOS="692" WIDTH="23" HEIGHT="41" CONTENT="à" WC="0.50" CC="4"/>
						<SP ID="P33_SP00101" HPOS="1190" VPOS="746" WIDTH="16"/>
						<String ID="P33_ST00110" HPOS="1206" VPOS="694" WIDTH="177" HEIGHT="52" CONTENT="l'Opéra," WC="1.00" CC="42001003"/>
						<SP ID="P33_SP00102" HPOS="1383" VPOS="746" WIDTH="28"/>
						<String ID="P33_ST00111" HPOS="1411" VPOS="697" WIDTH="34" HEIGHT="38" CONTENT="Se" WC="1.00" CC="00" STYLEREFS="TXT_5"/>
						<SP ID="P33_SP00103" HPOS="1445" VPOS="746" WIDTH="18"/>
						<String ID="P33_ST00112" HPOS="1463" VPOS="698" WIDTH="40" HEIGHT="50" CONTENT="je" WC="1.00" CC="00"/>
						<SP ID="P33_SP00104" HPOS="1503" VPOS="748" WIDTH="22"/>
						<String ID="P33_ST00113" HPOS="1525" VPOS="698" WIDTH="125" HEIGHT="38" CONTENT="doute" WC="1.00" CC="00000"/>
						<SP ID="P33_SP00105" HPOS="1650" VPOS="748" WIDTH="17"/>
						<String ID="P33_ST00114" HPOS="1667" VPOS="712" WIDTH="78" HEIGHT="38" CONTENT="que" WC="1.00" CC="000"/>
						<SP ID="P33_SP00106" HPOS="1745" VPOS="750" WIDTH="17"/>
						<String ID="P33_ST00115" HPOS="1762" VPOS="699" WIDTH="54" HEIGHT="37" CONTENT="M." WC="0.81" CC="03"/>
						<SP ID="P33_SP00107" HPOS="1816" VPOS="750" WIDTH="25"/>
						<String ID="P33_ST00116" HPOS="1841" VPOS="699" WIDTH="155" HEIGHT="51" CONTENT="Capoul" WC="0.86" CC="200050"/>
						<SP ID="P33_SP00108" HPOS="1996" VPOS="750" WIDTH="16"/>
						<String ID="P33_ST00117" HPOS="2012" VPOS="705" WIDTH="166" HEIGHT="47" CONTENT="accepte" WC="1.00" CC="0440000"/>
					</TextLine>
					<TextLine ID="P33_TL00010" HPOS="148" VPOS="762" WIDTH="2027" HEIGHT="55">
						<String ID="P33_ST00118" HPOS="148" VPOS="765" WIDTH="37" HEIGHT="40" CONTENT="la" WC="0.85" CC="20"/>
						<SP ID="P33_SP00109" HPOS="185" VPOS="805" WIDTH="21"/>
						<String ID="P33_ST00119" HPOS="206" VPOS="762" WIDTH="313" HEIGHT="55" CONTENT="responsabilité" WC="1.00" CC="00000000024000"/>
						<SP ID="P33_SP00110" HPOS="519" VPOS="817" WIDTH="22"/>
						<String ID="P33_ST00120" HPOS="541" VPOS="764" WIDTH="71" HEIGHT="38" CONTENT="des" WC="0.99" CC="010"/>
						<SP ID="P33_SP00111" HPOS="612" VPOS="817" WIDTH="23"/>
						<String ID="P33_ST00121" HPOS="635" VPOS="762" WIDTH="251" HEIGHT="40" CONTENT="indications" WC="1.00" CC="00001003000"/>
						<SP ID="P33_SP00112" HPOS="886" VPOS="817" WIDTH="23"/>
						<String ID="P33_ST00122" HPOS="909" VPOS="764" WIDTH="103" HEIGHT="38" CONTENT="dont" WC="1.00" CC="0000"/>
						<SP ID="P33_SP00113" HPOS="1012" VPOS="817" WIDTH="21"/>
						<String ID="P33_ST00123" HPOS="1033" VPOS="764" WIDTH="38" HEIGHT="38" CONTENT="la" WC="0.75" CC="50"/>
						<SP ID="P33_SP00114" HPOS="1071" VPOS="817" WIDTH="22"/>
						<String ID="P33_ST00124" HPOS="1093" VPOS="764" WIDTH="103" HEIGHT="38" CONTENT="mise" WC="0.98" CC="0601"/>
						<SP ID="P33_SP00115" HPOS="1196" VPOS="817" WIDTH="23"/>
						<String ID="P33_ST00125" HPOS="1219" VPOS="777" WIDTH="48" HEIGHT="25" CONTENT="en" WC="1.00" CC="00"/>
						<SP ID="P33_SP00116" HPOS="1267" VPOS="817" WIDTH="24"/>
						<String ID="P33_ST00126" HPOS="1291" VPOS="763" WIDTH="120" HEIGHT="41" CONTENT="scène" WC="0.98" CC="05700"/>
						<SP ID="P33_SP00117" HPOS="1411" VPOS="817" WIDTH="28"/>
						<String ID="P33_ST00127" HPOS="1439" VPOS="766" WIDTH="52" HEIGHT="38" CONTENT="du" WC="0.65" CC="07"/>
						<SP ID="P33_SP00118" HPOS="1491" VPOS="817" WIDTH="26"/>
						<String ID="P33_ST00128" HPOS="1517" VPOS="766" WIDTH="73" HEIGHT="39" CONTENT="Roi" WC="0.96" CC="207" STYLEREFS="TXT_3"/>
						<SP ID="P33_SP00119" HPOS="1590" VPOS="817" WIDTH="26"/>
						<String ID="P33_ST00129" HPOS="1616" VPOS="767" WIDTH="44" HEIGHT="38" CONTENT="de" WC="0.91" CC="01" STYLEREFS="TXT_3"/>
						<SP ID="P33_SP00120" HPOS="1660" VPOS="817" WIDTH="27"/>
						<String ID="P33_ST00130" HPOS="1687" VPOS="767" WIDTH="111" HEIGHT="39" CONTENT="Paris" WC="0.97" CC="25605" STYLEREFS="TXT_3"/>
						<SP ID="P33_SP00121" HPOS="1798" VPOS="817" WIDTH="27"/>
						<String ID="P33_ST00131" HPOS="1825" VPOS="781" WIDTH="23" HEIGHT="26" CONTENT="a" WC="1.00" CC="0"/>
						<SP ID="P33_SP00122" HPOS="1848" VPOS="817" WIDTH="29"/>
						<String ID="P33_ST00132" HPOS="1877" VPOS="767" WIDTH="61" HEIGHT="40" CONTENT="été" WC="0.97" CC="304"/>
						<SP ID="P33_SP00123" HPOS="1938" VPOS="817" WIDTH="28"/>
						<String ID="P33_ST00133" HPOS="1966" VPOS="769" WIDTH="209" HEIGHT="40" CONTENT="entourée." WC="1.00" CC="370000000"/>
					</TextLine>
					<TextLine ID="P33_TL00011" HPOS="268" VPOS="863" WIDTH="1910" HEIGHT="55">
						<String ID="P33_ST00134" HPOS="268" VPOS="865" WIDTH="158" HEIGHT="41" CONTENT="Théâtre" WC="0.98" CC="3472300" STYLEREFS="TXT_3"/>
						<SP ID="P33_SP00124" HPOS="426" VPOS="906" WIDTH="22"/>
						<String ID="P33_ST00135" HPOS="448" VPOS="865" WIDTH="186" HEIGHT="40" CONTENT="National" WC="0.99" CC="50040701" STYLEREFS="TXT_3"/>
						<SP ID="P33_SP00125" HPOS="634" VPOS="906" WIDTH="20"/>
						<String ID="P33_ST00136" HPOS="654" VPOS="865" WIDTH="44" HEIGHT="38" CONTENT="de" WC="1.00" CC="00" STYLEREFS="TXT_3"/>
						<SP ID="P33_SP00126" HPOS="698" VPOS="906" WIDTH="26"/>
						<String ID="P33_ST00137" HPOS="724" VPOS="863" WIDTH="376" HEIGHT="53" CONTENT="VOpéra-Comique." WC="0.57" CC="740970830047406" STYLEREFS="TXT_3"/>
						<SP ID="P33_SP00127" HPOS="1100" VPOS="916" WIDTH="33"/>
						<String ID="P33_ST00138" HPOS="1133" VPOS="865" WIDTH="113" HEIGHT="39" CONTENT="Avec" WC="1.00" CC="0000"/>
						<SP ID="P33_SP00128" HPOS="1246" VPOS="916" WIDTH="30"/>
						<String ID="P33_ST00139" HPOS="1276" VPOS="865" WIDTH="55" HEIGHT="38" CONTENT="M." WC="0.81" CC="03"/>
						<SP ID="P33_SP00129" HPOS="1331" VPOS="916" WIDTH="33"/>
						<String ID="P33_ST00140" HPOS="1364" VPOS="865" WIDTH="96" HEIGHT="40" CONTENT="Zola" WC="0.99" CC="0040"/>
						<SP ID="P33_SP00130" HPOS="1460" VPOS="916" WIDTH="29"/>
						<String ID="P33_ST00141" HPOS="1489" VPOS="879" WIDTH="103" HEIGHT="39" CONTENT="pour" WC="1.00" CC="0000"/>
						<SP ID="P33_SP00131" HPOS="1592" VPOS="918" WIDTH="29"/>
						<String ID="P33_ST00142" HPOS="1621" VPOS="867" WIDTH="314" HEIGHT="48" CONTENT="collaborateur," WC="1.00" CC="00120000000004"/>
						<SP ID="P33_SP00132" HPOS="1935" VPOS="918" WIDTH="26"/>
						<String ID="P33_ST00143" HPOS="1961" VPOS="870" WIDTH="55" HEIGHT="38" CONTENT="M." WC="0.85" CC="02"/>
						<SP ID="P33_SP00133" HPOS="2016" VPOS="918" WIDTH="26"/>
						<String ID="P33_ST00144" HPOS="2042" VPOS="870" WIDTH="136" HEIGHT="39" CONTENT="Alfred" WC="1.00" CC="023000"/>
					</TextLine>
					<TextLine ID="P33_TL00012" HPOS="148" VPOS="933" WIDTH="2031" HEIGHT="53">
						<String ID="P33_ST00145" HPOS="148" VPOS="938" WIDTH="183" HEIGHT="37" CONTENT="Bruneau" WC="0.92" CC="0050000"/>
						<SP ID="P33_SP00134" HPOS="331" VPOS="975" WIDTH="22"/>
						<String ID="P33_ST00146" HPOS="353" VPOS="936" WIDTH="115" HEIGHT="38" CONTENT="vient" WC="0.98" CC="02314"/>
						<SP ID="P33_SP00135" HPOS="468" VPOS="975" WIDTH="21"/>
						<String ID="P33_ST00147" HPOS="489" VPOS="933" WIDTH="167" HEIGHT="41" CONTENT="d'écrire" WC="1.00" CC="03030000"/>
						<SP ID="P33_SP00136" HPOS="656" VPOS="975" WIDTH="23"/>
						<String ID="P33_ST00148" HPOS="679" VPOS="946" WIDTH="53" HEIGHT="26" CONTENT="un" WC="1.00" CC="00"/>
						<SP ID="P33_SP00137" HPOS="732" VPOS="975" WIDTH="18"/>
						<String ID="P33_ST00149" HPOS="750" VPOS="934" WIDTH="140" HEIGHT="38" CONTENT="drame" WC="1.00" CC="00000"/>
						<SP ID="P33_SP00138" HPOS="890" VPOS="975" WIDTH="16"/>
						<String ID="P33_ST00150" HPOS="906" VPOS="934" WIDTH="188" HEIGHT="51" CONTENT="puissant" WC="1.00" CC="01020000"/>
						<SP ID="P33_SP00139" HPOS="1094" VPOS="985" WIDTH="16"/>
						<String ID="P33_ST00151" HPOS="1110" VPOS="934" WIDTH="34" HEIGHT="38" CONTENT="Se" WC="1.00" CC="00" STYLEREFS="TXT_5"/>
						<SP ID="P33_SP00140" HPOS="1144" VPOS="985" WIDTH="16"/>
						<String ID="P33_ST00152" HPOS="1160" VPOS="947" WIDTH="54" HEIGHT="26" CONTENT="un" WC="0.97" CC="00"/>
						<SP ID="P33_SP00141" HPOS="1214" VPOS="985" WIDTH="18"/>
						<String ID="P33_ST00153" HPOS="1232" VPOS="947" WIDTH="78" HEIGHT="39" CONTENT="peu" WC="1.00" CC="001"/>
						<SP ID="P33_SP00142" HPOS="1310" VPOS="986" WIDTH="18"/>
						<String ID="P33_ST00154" HPOS="1328" VPOS="936" WIDTH="179" HEIGHT="45" CONTENT="sombre," WC="1.00" CC="0000004"/>
						<SP ID="P33_SP00143" HPOS="1507" VPOS="986" WIDTH="19"/>
						<String ID="P33_ST00155" HPOS="1526" VPOS="936" WIDTH="261" HEIGHT="40" CONTENT="d'exécution" WC="1.00" CC="03000050305"/>
						<SP ID="P33_SP00144" HPOS="1787" VPOS="986" WIDTH="17"/>
						<String ID="P33_ST00156" HPOS="1804" VPOS="938" WIDTH="195" HEIGHT="39" CONTENT="musicale" WC="1.00" CC="01000060"/>
						<SP ID="P33_SP00145" HPOS="1999" VPOS="986" WIDTH="16"/>
						<String ID="P33_ST00157" HPOS="2015" VPOS="939" WIDTH="164" HEIGHT="39" CONTENT="difficile" WC="0.99" CC="007700060"/>
					</TextLine>
					<TextLine ID="P33_TL00013" HPOS="147" VPOS="1002" WIDTH="2031" HEIGHT="57">
						<String ID="P33_ST00158" HPOS="147" VPOS="1006" WIDTH="46" HEIGHT="53" CONTENT="(il" WC="0.97" CC="304"/>
						<SP ID="P33_SP00146" HPOS="193" VPOS="1059" WIDTH="21"/>
						<String ID="P33_ST00159" HPOS="214" VPOS="1019" WIDTH="73" HEIGHT="39" CONTENT="ya" WC="1.00" CC="00"/>
						<SP ID="P33_SP00147" HPOS="287" VPOS="1059" WIDTH="28"/>
						<String ID="P33_ST00160" HPOS="315" VPOS="1018" WIDTH="49" HEIGHT="26" CONTENT="eu" WC="1.00" CC="00"/>
						<SP ID="P33_SP00148" HPOS="364" VPOS="1059" WIDTH="29"/>
						<String ID="P33_ST00161" HPOS="393" VPOS="1003" WIDTH="90" HEIGHT="53" CONTENT="près" WC="0.98" CC="0061"/>
						<SP ID="P33_SP00149" HPOS="483" VPOS="1059" WIDTH="29"/>
						<String ID="P33_ST00162" HPOS="512" VPOS="1005" WIDTH="48" HEIGHT="38" CONTENT="de" WC="1.00" CC="00"/>
						<SP ID="P33_SP00150" HPOS="560" VPOS="1059" WIDTH="37"/>
						<String ID="P33_ST00163" HPOS="597" VPOS="1016" WIDTH="41" HEIGHT="40" CONTENT="15" WC="0.69" CC="06"/>
						<SP ID="P33_SP00151" HPOS="638" VPOS="1059" WIDTH="34"/>
						<String ID="P33_ST00164" HPOS="672" VPOS="1002" WIDTH="258" HEIGHT="54" CONTENT="répétitions)" WC="1.00" CC="820600020121"/>
						<SP ID="P33_SP00152" HPOS="930" VPOS="1059" WIDTH="31"/>
						<String ID="P33_ST00165" HPOS="961" VPOS="1004" WIDTH="103" HEIGHT="38" CONTENT="dont" WC="1.00" CC="0000"/>
						<SP ID="P33_SP00153" HPOS="1064" VPOS="1059" WIDTH="29"/>
						<String ID="P33_ST00166" HPOS="1093" VPOS="1003" WIDTH="58" HEIGHT="39" CONTENT="les" WC="0.98" CC="402"/>
						<SP ID="P33_SP00154" HPOS="1151" VPOS="1059" WIDTH="29"/>
						<String ID="P33_ST00167" HPOS="1180" VPOS="1016" WIDTH="281" HEIGHT="41" CONTENT="personnages" WC="1.00" CC="00000000000"/>
						<SP ID="P33_SP00155" HPOS="1461" VPOS="1059" WIDTH="23"/>
						<String ID="P33_ST00168" HPOS="1484" VPOS="1009" WIDTH="97" HEIGHT="35" CONTENT="sont" WC="1.00" CC="0000"/>
						<SP ID="P33_SP00156" HPOS="1581" VPOS="1059" WIDTH="21"/>
						<String ID="P33_ST00169" HPOS="1602" VPOS="1007" WIDTH="70" HEIGHT="37" CONTENT="des" WC="0.99" CC="003"/>
						<SP ID="P33_SP00157" HPOS="1672" VPOS="1059" WIDTH="23"/>
						<String ID="P33_ST00170" HPOS="1695" VPOS="1006" WIDTH="196" HEIGHT="52" CONTENT="pêcheurs" WC="0.99" CC="05450700"/>
						<SP ID="P33_SP00158" HPOS="1891" VPOS="1059" WIDTH="24"/>
						<String ID="P33_ST00171" HPOS="1915" VPOS="1007" WIDTH="192" HEIGHT="39" CONTENT="chaussés" WC="1.00" CC="40001000"/>
						<SP ID="P33_SP00159" HPOS="2107" VPOS="1059" WIDTH="22"/>
						<String ID="P33_ST00172" HPOS="2129" VPOS="1009" WIDTH="49" HEIGHT="38" CONTENT="de" WC="0.93" CC="01"/>
					</TextLine>
					<TextLine ID="P33_TL00014" HPOS="148" VPOS="1072" WIDTH="2029" HEIGHT="57">
						<String ID="P33_ST00173" HPOS="148" VPOS="1088" WIDTH="164" HEIGHT="39" CONTENT="grosses" WC="1.00" CC="0000000"/>
						<SP ID="P33_SP00160" HPOS="312" VPOS="1127" WIDTH="36"/>
						<String ID="P33_ST00174" HPOS="348" VPOS="1075" WIDTH="151" HEIGHT="45" CONTENT="bottes," WC="1.00" CC="0000210"/>
						<SP ID="P33_SP00161" HPOS="499" VPOS="1127" WIDTH="39"/>
						<String ID="P33_ST00175" HPOS="538" VPOS="1072" WIDTH="138" HEIGHT="41" CONTENT="coiffés" WC="0.99" CC="0008700"/>
						<SP ID="P33_SP00162" HPOS="676" VPOS="1127" WIDTH="35"/>
						<String ID="P33_ST00176" HPOS="711" VPOS="1073" WIDTH="34" HEIGHT="38" CONTENT="Se" WC="1.00" CC="00" STYLEREFS="TXT_5"/>
						<SP ID="P33_SP00163" HPOS="745" VPOS="1127" WIDTH="31"/>
						<String ID="P33_ST00177" HPOS="776" VPOS="1073" WIDTH="117" HEIGHT="38" CONTENT="vêtus" WC="1.00" CC="02010"/>
						<SP ID="P33_SP00164" HPOS="893" VPOS="1127" WIDTH="29"/>
						<String ID="P33_ST00178" HPOS="922" VPOS="1085" WIDTH="165" HEIGHT="27" CONTENT="comme" WC="1.00" CC="00000"/>
						<SP ID="P33_SP00165" HPOS="1087" VPOS="1127" WIDTH="29"/>
						<String ID="P33_ST00179" HPOS="1116" VPOS="1073" WIDTH="102" HEIGHT="39" CONTENT="dans" WC="1.00" CC="0000"/>
						<SP ID="P33_SP00166" HPOS="1218" VPOS="1127" WIDTH="29"/>
						<String ID="P33_ST00180" HPOS="1247" VPOS="1073" WIDTH="36" HEIGHT="39" CONTENT="la" WC="0.81" CC="30"/>
						<SP ID="P33_SP00167" HPOS="1283" VPOS="1127" WIDTH="30"/>
						<String ID="P33_ST00181" HPOS="1313" VPOS="1073" WIDTH="67" HEIGHT="39" CONTENT="vie" WC="0.98" CC="050"/>
						<SP ID="P33_SP00168" HPOS="1380" VPOS="1127" WIDTH="29"/>
						<String ID="P33_ST00182" HPOS="1409" VPOS="1073" WIDTH="131" HEIGHT="40" CONTENT="réelle." WC="0.99" CC="1205503"/>
						<SP ID="P33_SP00169" HPOS="1540" VPOS="1127" WIDTH="32"/>
						<String ID="P33_ST00183" HPOS="1572" VPOS="1075" WIDTH="54" HEIGHT="38" CONTENT="La" WC="0.90" CC="20"/>
						<SP ID="P33_SP00170" HPOS="1626" VPOS="1127" WIDTH="29"/>
						<String ID="P33_ST00184" HPOS="1655" VPOS="1075" WIDTH="215" HEIGHT="52" CONTENT="répétition" WC="1.00" CC="0000000000"/>
						<SP ID="P33_SP00171" HPOS="1870" VPOS="1127" WIDTH="37"/>
						<String ID="P33_ST00185" HPOS="1907" VPOS="1076" WIDTH="187" HEIGHT="53" CONTENT="générale" WC="1.00" CC="00000020"/>
						<SP ID="P33_SP00172" HPOS="2094" VPOS="1129" WIDTH="34"/>
						<String ID="P33_ST00186" HPOS="2128" VPOS="1078" WIDTH="49" HEIGHT="38" CONTENT="de" WC="1.00" CC="00"/>
					</TextLine>
					<TextLine ID="P33_TL00015" HPOS="148" VPOS="1141" WIDTH="2028" HEIGHT="57">
						<String ID="P33_ST00187" HPOS="148" VPOS="1145" WIDTH="22" HEIGHT="38" CONTENT="Y" WC="0.27" CC="7" STYLEREFS="TXT_3"/>
						<SP ID="P33_SP00173" HPOS="170" VPOS="1183" WIDTH="9"/>
						<String ID="P33_ST00188" HPOS="179" VPOS="1146" WIDTH="185" HEIGHT="52" CONTENT="Ouragan" WC="0.99" CC="0020703" STYLEREFS="TXT_3"/>
						<SP ID="P33_SP00174" HPOS="364" VPOS="1198" WIDTH="22"/>
						<String ID="P33_ST00189" HPOS="386" VPOS="1144" WIDTH="171" HEIGHT="53" CONTENT="n'ayant" WC="1.00" CC="0400000"/>
						<SP ID="P33_SP00175" HPOS="557" VPOS="1198" WIDTH="21"/>
						<String ID="P33_ST00190" HPOS="578" VPOS="1155" WIDTH="73" HEIGHT="40" CONTENT="pas" WC="1.00" CC="000"/>
						<SP ID="P33_SP00176" HPOS="651" VPOS="1198" WIDTH="21"/>
						<String ID="P33_ST00191" HPOS="672" VPOS="1155" WIDTH="147" HEIGHT="26" CONTENT="encore" WC="1.00" CC="003000"/>
						<SP ID="P33_SP00177" HPOS="819" VPOS="1198" WIDTH="23"/>
						<String ID="P33_ST00192" HPOS="842" VPOS="1155" WIDTH="48" HEIGHT="26" CONTENT="eu" WC="0.58" CC="17"/>
						<SP ID="P33_SP00178" HPOS="890" VPOS="1198" WIDTH="23"/>
						<String ID="P33_ST00193" HPOS="913" VPOS="1141" WIDTH="94" HEIGHT="46" CONTENT="lieu," WC="0.98" CC="35040"/>
						<SP ID="P33_SP00179" HPOS="1007" VPOS="1198" WIDTH="27"/>
						<String ID="P33_ST00194" HPOS="1034" VPOS="1155" WIDTH="104" HEIGHT="26" CONTENT="nous" WC="1.00" CC="0001"/>
						<SP ID="P33_SP00180" HPOS="1138" VPOS="1198" WIDTH="29"/>
						<String ID="P33_ST00195" HPOS="1167" VPOS="1155" WIDTH="49" HEIGHT="26" CONTENT="en" WC="1.00" CC="00"/>
						<SP ID="P33_SP00181" HPOS="1216" VPOS="1198" WIDTH="32"/>
						<String ID="P33_ST00196" HPOS="1248" VPOS="1146" WIDTH="225" HEIGHT="37" CONTENT="remettons" WC="1.00" CC="300002200"/>
						<SP ID="P33_SP00182" HPOS="1473" VPOS="1198" WIDTH="28"/>
						<String ID="P33_ST00197" HPOS="1501" VPOS="1144" WIDTH="197" HEIGHT="52" CONTENT="l'analyse" WC="1.00" CC="400004000"/>
						<SP ID="P33_SP00183" HPOS="1698" VPOS="1198" WIDTH="28"/>
						<String ID="P33_ST00198" HPOS="1726" VPOS="1157" WIDTH="49" HEIGHT="27" CONTENT="au" WC="0.73" CC="05"/>
						<SP ID="P33_SP00184" HPOS="1775" VPOS="1198" WIDTH="31"/>
						<String ID="P33_ST00199" HPOS="1806" VPOS="1145" WIDTH="194" HEIGHT="51" CONTENT="prochain" WC="0.99" CC="00002037"/>
						<SP ID="P33_SP00185" HPOS="2000" VPOS="1198" WIDTH="29"/>
						<String ID="P33_ST00200" HPOS="2029" VPOS="1146" WIDTH="66" HEIGHT="46" CONTENT="N°," WC="0.58" CC="084"/>
						<SP ID="P33_SP00186" HPOS="2095" VPOS="1198" WIDTH="32"/>
						<String ID="P33_ST00201" HPOS="2127" VPOS="1159" WIDTH="49" HEIGHT="26" CONTENT="en" WC="1.00" CC="00"/>
					</TextLine>
					<TextLine ID="P33_TL00016" HPOS="148" VPOS="1210" WIDTH="1798" HEIGHT="56">
						<String ID="P33_ST00202" HPOS="148" VPOS="1227" WIDTH="104" HEIGHT="26" CONTENT="nous" WC="1.00" CC="0000"/>
						<SP ID="P33_SP00187" HPOS="252" VPOS="1253" WIDTH="23"/>
						<String ID="P33_ST00203" HPOS="275" VPOS="1214" WIDTH="178" HEIGHT="39" CONTENT="bornant" WC="0.99" CC="0030050"/>
						<SP ID="P33_SP00188" HPOS="453" VPOS="1253" WIDTH="20"/>
						<String ID="P33_ST00204" HPOS="473" VPOS="1211" WIDTH="22" HEIGHT="41" CONTENT="à" WC="0.21" CC="7"/>
						<SP ID="P33_SP00189" HPOS="495" VPOS="1253" WIDTH="22"/>
						<String ID="P33_ST00205" HPOS="517" VPOS="1212" WIDTH="210" HEIGHT="39" CONTENT="souhaiter" WC="1.00" CC="006200000"/>
						<SP ID="P33_SP00190" HPOS="727" VPOS="1253" WIDTH="20"/>
						<String ID="P33_ST00206" HPOS="747" VPOS="1210" WIDTH="22" HEIGHT="40" CONTENT="à" WC="0.39" CC="6"/>
						<SP ID="P33_SP00191" HPOS="769" VPOS="1253" WIDTH="21"/>
						<String ID="P33_ST00207" HPOS="790" VPOS="1211" WIDTH="215" HEIGHT="40" CONTENT="l'éminent" WC="0.81" CC="430331000"/>
						<SP ID="P33_SP00192" HPOS="1005" VPOS="1253" WIDTH="22"/>
						<String ID="P33_ST00208" HPOS="1027" VPOS="1211" WIDTH="285" HEIGHT="52" CONTENT="compositeur" WC="1.00" CC="30000030000"/>
						<SP ID="P33_SP00193" HPOS="1312" VPOS="1263" WIDTH="22"/>
						<String ID="P33_ST00209" HPOS="1334" VPOS="1211" WIDTH="34" HEIGHT="40" CONTENT="le" WC="0.77" CC="40"/>
						<SP ID="P33_SP00194" HPOS="1368" VPOS="1263" WIDTH="23"/>
						<String ID="P33_ST00210" HPOS="1391" VPOS="1212" WIDTH="142" HEIGHT="40" CONTENT="succès" WC="0.99" CC="000460"/>
						<SP ID="P33_SP00195" HPOS="1533" VPOS="1263" WIDTH="22"/>
						<String ID="P33_ST00211" HPOS="1555" VPOS="1214" WIDTH="102" HEIGHT="38" CONTENT="dont" WC="0.98" CC="0350"/>
						<SP ID="P33_SP00196" HPOS="1657" VPOS="1263" WIDTH="23"/>
						<String ID="P33_ST00212" HPOS="1680" VPOS="1213" WIDTH="25" HEIGHT="39" CONTENT="il" WC="0.86" CC="02"/>
						<SP ID="P33_SP00197" HPOS="1705" VPOS="1263" WIDTH="22"/>
						<String ID="P33_ST00213" HPOS="1727" VPOS="1218" WIDTH="60" HEIGHT="35" CONTENT="est" WC="1.00" CC="000"/>
						<SP ID="P33_SP00198" HPOS="1787" VPOS="1263" WIDTH="22"/>
						<String ID="P33_ST00214" HPOS="1809" VPOS="1214" WIDTH="137" HEIGHT="52" CONTENT="digne." WC="0.99" CC="020004"/>
					</TextLine>
				</TextBlock>
				<TextBlock ID="P33_TB00004" HPOS="1753" VPOS="1300" WIDTH="108" HEIGHT="52" STYLEREFS="TXT_6 PAR_RIGHT">
					<TextLine ID="P33_TL00017" HPOS="1754" VPOS="1302" WIDTH="107" HEIGHT="50">
						<String ID="P33_ST00215" HPOS="1754" VPOS="1302" WIDTH="27" HEIGHT="50" CONTENT="J." WC="0.98" CC="04"/>
						<SP ID="P33_SP00199" HPOS="1781" VPOS="1352" WIDTH="37"/>
						<String ID="P33_ST00216" HPOS="1818" VPOS="1302" WIDTH="43" HEIGHT="38" CONTENT="C." WC="0.98" CC="44"/>
					</TextLine>
				</TextBlock>
				<TextBlock ID="P33_TB00005" HPOS="151" VPOS="1500" WIDTH="2021" HEIGHT="127" STYLEREFS="TXT_6 PAR_LEFT">
					<TextLine ID="P33_TL00018" HPOS="153" VPOS="1501" WIDTH="2019" HEIGHT="55">
						<String ID="P33_ST00217" HPOS="153" VPOS="1503" WIDTH="157" HEIGHT="41" CONTENT="Théâtre" WC="0.98" CC="2482376" STYLEREFS="TXT_7"/>
						<SP ID="P33_SP00200" HPOS="310" VPOS="1544" WIDTH="22"/>
						<String ID="P33_ST00218" HPOS="332" VPOS="1503" WIDTH="186" HEIGHT="41" CONTENT="National" WC="0.98" CC="43562800" STYLEREFS="TXT_7"/>
						<SP ID="P33_SP00201" HPOS="518" VPOS="1544" WIDTH="21"/>
						<String ID="P33_ST00219" HPOS="539" VPOS="1504" WIDTH="43" HEIGHT="38" CONTENT="de" WC="0.72" CC="05" STYLEREFS="TXT_7"/>
						<SP ID="P33_SP00202" HPOS="582" VPOS="1544" WIDTH="20"/>
						<String ID="P33_ST00220" HPOS="602" VPOS="1502" WIDTH="174" HEIGHT="40" CONTENT="l'Odèon." WC="0.96" CC="00005167" STYLEREFS="TXT_7"/>
						<SP ID="P33_SP00203" HPOS="776" VPOS="1544" WIDTH="29"/>
						<String ID="P33_ST00221" HPOS="805" VPOS="1502" WIDTH="224" HEIGHT="52" CONTENT="Ulysse." WC="0.99" CC="0001604" STYLEREFS="TXT_8"/>
						<SP ID="P33_SP00204" HPOS="1029" VPOS="1554" WIDTH="26"/>
						<String ID="P33_ST00222" HPOS="1055" VPOS="1501" WIDTH="201" HEIGHT="55" CONTENT="Tragédie" WC="0.98" CC="56506230"/>
						<SP ID="P33_SP00205" HPOS="1256" VPOS="1556" WIDTH="22"/>
						<String ID="P33_ST00223" HPOS="1278" VPOS="1516" WIDTH="49" HEIGHT="26" CONTENT="en" WC="1.00" CC="00"/>
						<SP ID="P33_SP00206" HPOS="1327" VPOS="1556" WIDTH="28"/>
						<String ID="P33_ST00224" HPOS="1355" VPOS="1516" WIDTH="17" HEIGHT="40" CONTENT="5" WC="0.35" CC="6"/>
						<SP ID="P33_SP00207" HPOS="1372" VPOS="1556" WIDTH="26"/>
						<String ID="P33_ST00225" HPOS="1398" VPOS="1502" WIDTH="108" HEIGHT="41" CONTENT="actes" WC="0.98" CC="00000"/>
						<SP ID="P33_SP00208" HPOS="1506" VPOS="1556" WIDTH="22"/>
						<String ID="P33_ST00226" HPOS="1528" VPOS="1505" WIDTH="50" HEIGHT="38" CONTENT="de" WC="0.89" CC="20"/>
						<SP ID="P33_SP00209" HPOS="1578" VPOS="1556" WIDTH="24"/>
						<String ID="P33_ST00227" HPOS="1602" VPOS="1504" WIDTH="41" HEIGHT="39" CONTENT="F." WC="0.78" CC="04"/>
						<SP ID="P33_SP00210" HPOS="1643" VPOS="1556" WIDTH="34"/>
						<String ID="P33_ST00228" HPOS="1677" VPOS="1504" WIDTH="196" HEIGHT="46" CONTENT="Ponsard," WC="0.74" CC="50210307"/>
						<SP ID="P33_SP00211" HPOS="1873" VPOS="1556" WIDTH="33"/>
						<String ID="P33_ST00229" HPOS="1906" VPOS="1505" WIDTH="190" HEIGHT="51" CONTENT="musique" WC="0.99" CC="0500030"/>
						<SP ID="P33_SP00212" HPOS="2096" VPOS="1556" WIDTH="28"/>
						<String ID="P33_ST00230" HPOS="2124" VPOS="1507" WIDTH="48" HEIGHT="37" CONTENT="de" WC="0.88" CC="02"/>
					</TextLine>
					<TextLine ID="P33_TL00019" HPOS="257" VPOS="1571" WIDTH="943" HEIGHT="54">
						<String ID="P33_ST00231" HPOS="257" VPOS="1573" WIDTH="75" HEIGHT="39" CONTENT="Ch." WC="0.96" CC="442"/>
						<SP ID="P33_SP00213" HPOS="332" VPOS="1612" WIDTH="26"/>
						<String ID="P33_ST00232" HPOS="358" VPOS="1573" WIDTH="193" HEIGHT="38" CONTENT="Gounod." WC="0.86" CC="4000004"/>
						<SP ID="P33_SP00214" HPOS="551" VPOS="1612" WIDTH="25"/>
						<String ID="P33_ST00233" HPOS="576" VPOS="1571" WIDTH="226" HEIGHT="54" CONTENT="(Partition" WC="0.99" CC="0004532003"/>
						<SP ID="P33_SP00215" HPOS="802" VPOS="1625" WIDTH="22"/>
						<String ID="P33_ST00234" HPOS="824" VPOS="1571" WIDTH="97" HEIGHT="40" CONTENT="chez" WC="0.98" CC="6400"/>
						<SP ID="P33_SP00216" HPOS="921" VPOS="1625" WIDTH="22"/>
						<String ID="P33_ST00235" HPOS="943" VPOS="1571" WIDTH="257" HEIGHT="54" CONTENT="Choudens)." WC="0.92" CC="2001000003"/>
					</TextLine>
				</TextBlock>
				<TextBlock ID="P33_TB00006" HPOS="130" VPOS="1671" WIDTH="2040" HEIGHT="1511" STYLEREFS="TXT_2 PAR_BLOCK">
					<TextLine ID="P33_TL00020" HPOS="255" VPOS="1672" WIDTH="1915" HEIGHT="54">
						<String ID="P33_ST00236" HPOS="255" VPOS="1674" WIDTH="33" HEIGHT="39" CONTENT="A" WC="1.00" CC="0"/>
						<SP ID="P33_SP00217" HPOS="288" VPOS="1713" WIDTH="22"/>
						<String ID="P33_ST00237" HPOS="310" VPOS="1673" WIDTH="243" HEIGHT="40" CONTENT="l'extrémité" WC="0.99" CC="50005570004"/>
						<SP ID="P33_SP00218" HPOS="553" VPOS="1713" WIDTH="23"/>
						<String ID="P33_ST00238" HPOS="576" VPOS="1674" WIDTH="47" HEIGHT="38" CONTENT="de" WC="1.00" CC="00"/>
						<SP ID="P33_SP00219" HPOS="623" VPOS="1713" WIDTH="24"/>
						<String ID="P33_ST00239" HPOS="647" VPOS="1677" WIDTH="116" HEIGHT="35" CONTENT="notre" WC="0.99" CC="01050"/>
						<SP ID="P33_SP00220" HPOS="763" VPOS="1713" WIDTH="29"/>
						<String ID="P33_ST00240" HPOS="792" VPOS="1672" WIDTH="169" HEIGHT="40" CONTENT="horizon" WC="1.00" CC="3100000"/>
						<SP ID="P33_SP00221" HPOS="961" VPOS="1713" WIDTH="32"/>
						<String ID="P33_ST00241" HPOS="993" VPOS="1673" WIDTH="216" HEIGHT="52" CONTENT="classique," WC="0.99" CC="2465500104"/>
						<SP ID="P33_SP00222" HPOS="1209" VPOS="1725" WIDTH="34"/>
						<String ID="P33_ST00242" HPOS="1243" VPOS="1675" WIDTH="102" HEIGHT="38" CONTENT="dans" WC="0.98" CC="2400"/>
						<SP ID="P33_SP00223" HPOS="1345" VPOS="1725" WIDTH="28"/>
						<String ID="P33_ST00243" HPOS="1373" VPOS="1674" WIDTH="38" HEIGHT="39" CONTENT="la" WC="0.97" CC="00"/>
						<SP ID="P33_SP00224" HPOS="1411" VPOS="1725" WIDTH="28"/>
						<String ID="P33_ST00244" HPOS="1439" VPOS="1674" WIDTH="144" HEIGHT="52" CONTENT="région" WC="0.98" CC="305510"/>
						<SP ID="P33_SP00225" HPOS="1583" VPOS="1726" WIDTH="32"/>
						<String ID="P33_ST00245" HPOS="1615" VPOS="1674" WIDTH="191" HEIGHT="39" CONTENT="brillante" WC="1.00" CC="004430000"/>
						<SP ID="P33_SP00226" HPOS="1806" VPOS="1726" WIDTH="30"/>
						<String ID="P33_ST00246" HPOS="1836" VPOS="1675" WIDTH="71" HEIGHT="39" CONTENT="des" WC="1.00" CC="000"/>
						<SP ID="P33_SP00227" HPOS="1907" VPOS="1726" WIDTH="28"/>
						<String ID="P33_ST00247" HPOS="1935" VPOS="1674" WIDTH="174" HEIGHT="52" CONTENT="épopées" WC="1.00" CC="0000000"/>
						<SP ID="P33_SP00228" HPOS="2109" VPOS="1726" WIDTH="27"/>
						<String ID="P33_ST00248" HPOS="2136" VPOS="1676" WIDTH="34" HEIGHT="38" CONTENT="&amp;" WC="0.90" CC="0"/>
					</TextLine>
					<TextLine ID="P33_TL00021" HPOS="143" VPOS="1742" WIDTH="2027" HEIGHT="53">
						<String ID="P33_ST00249" HPOS="143" VPOS="1746" WIDTH="69" HEIGHT="37" CONTENT="des" WC="1.00" CC="000"/>
						<SP ID="P33_SP00229" HPOS="212" VPOS="1783" WIDTH="23"/>
						<String ID="P33_ST00250" HPOS="235" VPOS="1747" WIDTH="143" HEIGHT="36" CONTENT="contes" WC="1.00" CC="500000"/>
						<SP ID="P33_SP00230" HPOS="378" VPOS="1783" WIDTH="23"/>
						<String ID="P33_ST00251" HPOS="401" VPOS="1743" WIDTH="280" HEIGHT="45" CONTENT="merveilleux," WC="0.99" CC="900004570504"/>
						<SP ID="P33_SP00231" HPOS="681" VPOS="1788" WIDTH="27"/>
						<String ID="P33_ST00252" HPOS="708" VPOS="1755" WIDTH="68" HEIGHT="26" CONTENT="sur" WC="1.00" CC="000"/>
						<SP ID="P33_SP00232" HPOS="776" VPOS="1788" WIDTH="22"/>
						<String ID="P33_ST00253" HPOS="798" VPOS="1755" WIDTH="78" HEIGHT="26" CONTENT="une" WC="0.99" CC="020"/>
						<SP ID="P33_SP00233" HPOS="876" VPOS="1788" WIDTH="22"/>
						<String ID="P33_ST00254" HPOS="898" VPOS="1743" WIDTH="71" HEIGHT="38" CONTENT="des" WC="1.00" CC="000"/>
						<SP ID="P33_SP00234" HPOS="969" VPOS="1788" WIDTH="23"/>
						<String ID="P33_ST00255" HPOS="992" VPOS="1743" WIDTH="107" HEIGHT="38" CONTENT="deux" WC="0.99" CC="0040"/>
						<SP ID="P33_SP00235" HPOS="1099" VPOS="1788" WIDTH="31"/>
						<String ID="P33_ST00256" HPOS="1130" VPOS="1742" WIDTH="127" HEIGHT="40" CONTENT="cimes" WC="0.99" CC="08000"/>
						<SP ID="P33_SP00236" HPOS="1257" VPOS="1788" WIDTH="28"/>
						<String ID="P33_ST00257" HPOS="1285" VPOS="1745" WIDTH="49" HEIGHT="37" CONTENT="de" WC="1.00" CC="00"/>
						<SP ID="P33_SP00237" HPOS="1334" VPOS="1788" WIDTH="30"/>
						<String ID="P33_ST00258" HPOS="1364" VPOS="1747" WIDTH="106" HEIGHT="36" CONTENT="cette" WC="0.99" CC="40000"/>
						<SP ID="P33_SP00238" HPOS="1470" VPOS="1788" WIDTH="28"/>
						<String ID="P33_ST00259" HPOS="1498" VPOS="1743" WIDTH="137" HEIGHT="52" CONTENT="poésie" WC="1.00" CC="000300"/>
						<SP ID="P33_SP00239" HPOS="1635" VPOS="1795" WIDTH="30"/>
						<String ID="P33_ST00260" HPOS="1665" VPOS="1742" WIDTH="240" HEIGHT="53" CONTENT="homérique" WC="1.00" CC="600000000"/>
						<SP ID="P33_SP00240" HPOS="1905" VPOS="1795" WIDTH="27"/>
						<String ID="P33_ST00261" HPOS="1932" VPOS="1742" WIDTH="95" HEIGHT="41" CONTENT="d'où" WC="0.97" CC="0328"/>
						<SP ID="P33_SP00241" HPOS="2027" VPOS="1795" WIDTH="29"/>
						<String ID="P33_ST00262" HPOS="2056" VPOS="1743" WIDTH="114" HEIGHT="40" CONTENT="l'idée" WC="0.99" CC="540000"/>
					</TextLine>
					<TextLine ID="P33_TL00022" HPOS="140" VPOS="1811" WIDTH="2030" HEIGHT="55">
						<String ID="P33_ST00263" HPOS="140" VPOS="1815" WIDTH="53" HEIGHT="38" CONTENT="du" WC="1.00" CC="00"/>
						<SP ID="P33_SP00242" HPOS="193" VPOS="1853" WIDTH="24"/>
						<String ID="P33_ST00264" HPOS="217" VPOS="1814" WIDTH="105" HEIGHT="39" CONTENT="Beau" WC="1.00" CC="2000"/>
						<SP ID="P33_SP00243" HPOS="322" VPOS="1853" WIDTH="23"/>
						<String ID="P33_ST00265" HPOS="345" VPOS="1826" WIDTH="22" HEIGHT="26" CONTENT="a" WC="1.00" CC="0"/>
						<SP ID="P33_SP00244" HPOS="367" VPOS="1853" WIDTH="21"/>
						<String ID="P33_ST00266" HPOS="388" VPOS="1812" WIDTH="184" HEIGHT="53" CONTENT="rayonné" WC="0.99" CC="0030770"/>
						<SP ID="P33_SP00245" HPOS="572" VPOS="1865" WIDTH="23"/>
						<String ID="P33_ST00267" HPOS="595" VPOS="1825" WIDTH="68" HEIGHT="26" CONTENT="sur" WC="0.98" CC="060"/>
						<SP ID="P33_SP00246" HPOS="663" VPOS="1865" WIDTH="21"/>
						<String ID="P33_ST00268" HPOS="684" VPOS="1816" WIDTH="115" HEIGHT="35" CONTENT="toute" WC="1.00" CC="00000"/>
						<SP ID="P33_SP00247" HPOS="799" VPOS="1865" WIDTH="23"/>
						<String ID="P33_ST00269" HPOS="822" VPOS="1816" WIDTH="117" HEIGHT="35" CONTENT="notre" WC="0.98" CC="44060"/>
						<SP ID="P33_SP00248" HPOS="939" VPOS="1865" WIDTH="23"/>
						<String ID="P33_ST00270" HPOS="962" VPOS="1812" WIDTH="253" HEIGHT="40" CONTENT="civilisation" WC="1.00" CC="010043050000"/>
						<SP ID="P33_SP00249" HPOS="1215" VPOS="1865" WIDTH="22"/>
						<String ID="P33_ST00271" HPOS="1237" VPOS="1813" WIDTH="141" HEIGHT="47" CONTENT="latine," WC="1.00" CC="0000003"/>
						<SP ID="P33_SP00250" HPOS="1378" VPOS="1865" WIDTH="26"/>
						<String ID="P33_ST00272" HPOS="1404" VPOS="1827" WIDTH="42" HEIGHT="26" CONTENT="se" WC="1.00" CC="00"/>
						<SP ID="P33_SP00251" HPOS="1446" VPOS="1865" WIDTH="22"/>
						<String ID="P33_ST00273" HPOS="1468" VPOS="1814" WIDTH="138" HEIGHT="39" CONTENT="dresse" WC="1.00" CC="000000"/>
						<SP ID="P33_SP00252" HPOS="1606" VPOS="1865" WIDTH="24"/>
						<String ID="P33_ST00274" HPOS="1630" VPOS="1813" WIDTH="164" HEIGHT="53" CONTENT="Ulysse," WC="0.99" CC="5140004"/>
						<SP ID="P33_SP00253" HPOS="1794" VPOS="1866" WIDTH="21"/>
						<String ID="P33_ST00275" HPOS="1815" VPOS="1811" WIDTH="355" HEIGHT="54" CONTENT="arrière-petit-fils" WC="0.86" CC="000080040001040310"/>
					</TextLine>
					<TextLine ID="P33_TL00023" HPOS="141" VPOS="1881" WIDTH="1491" HEIGHT="54">
						<String ID="P33_ST00276" HPOS="141" VPOS="1884" WIDTH="49" HEIGHT="38" CONTENT="de" WC="1.00" CC="00"/>
						<SP ID="P33_SP00254" HPOS="190" VPOS="1922" WIDTH="21"/>
						<String ID="P33_ST00277" HPOS="211" VPOS="1883" WIDTH="120" HEIGHT="45" CONTENT="Zeus," WC="0.75" CC="02603"/>
						<SP ID="P33_SP00255" HPOS="331" VPOS="1928" WIDTH="27"/>
						<String ID="P33_ST00278" HPOS="358" VPOS="1884" WIDTH="34" HEIGHT="37" CONTENT="Se" WC="1.00" CC="00" STYLEREFS="TXT_5"/>
						<SP ID="P33_SP00256" HPOS="392" VPOS="1928" WIDTH="23"/>
						<String ID="P33_ST00279" HPOS="415" VPOS="1882" WIDTH="189" HEIGHT="52" CONTENT="symbole" WC="0.99" CC="0006040"/>
						<SP ID="P33_SP00257" HPOS="604" VPOS="1934" WIDTH="22"/>
						<String ID="P33_ST00280" HPOS="626" VPOS="1882" WIDTH="70" HEIGHT="39" CONTENT="des" WC="1.00" CC="000"/>
						<SP ID="P33_SP00258" HPOS="696" VPOS="1934" WIDTH="23"/>
						<String ID="P33_ST00281" HPOS="719" VPOS="1881" WIDTH="174" HEIGHT="52" CONTENT="qualités" WC="1.00" CC="06011000"/>
						<SP ID="P33_SP00259" HPOS="893" VPOS="1934" WIDTH="24"/>
						<String ID="P33_ST00282" HPOS="917" VPOS="1882" WIDTH="56" HEIGHT="39" CONTENT="les" WC="0.99" CC="200"/>
						<SP ID="P33_SP00260" HPOS="973" VPOS="1934" WIDTH="23"/>
						<String ID="P33_ST00283" HPOS="996" VPOS="1881" WIDTH="93" HEIGHT="52" CONTENT="plus" WC="0.99" CC="0200"/>
						<SP ID="P33_SP00261" HPOS="1089" VPOS="1934" WIDTH="22"/>
						<String ID="P33_ST00284" HPOS="1111" VPOS="1882" WIDTH="165" HEIGHT="51" CONTENT="souples" WC="1.00" CC="0000300"/>
						<SP ID="P33_SP00262" HPOS="1276" VPOS="1934" WIDTH="23"/>
						<String ID="P33_ST00285" HPOS="1299" VPOS="1884" WIDTH="53" HEIGHT="37" CONTENT="du" WC="0.73" CC="05"/>
						<SP ID="P33_SP00263" HPOS="1352" VPOS="1934" WIDTH="24"/>
						<String ID="P33_ST00286" HPOS="1376" VPOS="1882" WIDTH="121" HEIGHT="53" CONTENT="génie" WC="0.98" CC="60024"/>
						<SP ID="P33_SP00264" HPOS="1497" VPOS="1935" WIDTH="22"/>
						<String ID="P33_ST00287" HPOS="1519" VPOS="1896" WIDTH="113" HEIGHT="39" CONTENT="grec." WC="0.99" CC="00031"/>
					</TextLine>
					<TextLine ID="P33_TL00024" HPOS="252" VPOS="1950" WIDTH="1918" HEIGHT="54">
						<String ID="P33_ST00288" HPOS="252" VPOS="1953" WIDTH="73" HEIGHT="38" CONTENT="Les" WC="0.96" CC="404"/>
						<SP ID="P33_SP00265" HPOS="325" VPOS="1991" WIDTH="22"/>
						<String ID="P33_ST00289" HPOS="347" VPOS="1950" WIDTH="142" HEIGHT="41" CONTENT="scènes" WC="0.99" CC="067000"/>
						<SP ID="P33_SP00266" HPOS="489" VPOS="1991" WIDTH="21"/>
						<String ID="P33_ST00290" HPOS="510" VPOS="1951" WIDTH="247" HEIGHT="39" CONTENT="admirables" WC="1.00" CC="0004000000"/>
						<SP ID="P33_SP00267" HPOS="757" VPOS="1991" WIDTH="23"/>
						<String ID="P33_ST00291" HPOS="780" VPOS="1952" WIDTH="49" HEIGHT="38" CONTENT="de" WC="1.00" CC="00"/>
						<SP ID="P33_SP00268" HPOS="829" VPOS="1991" WIDTH="22"/>
						<String ID="P33_ST00292" HPOS="851" VPOS="1950" WIDTH="232" HEIGHT="54" CONTENT="l'Odyssée," WC="1.00" CC="4320000004"/>
						<SP ID="P33_SP00269" HPOS="1083" VPOS="2004" WIDTH="26"/>
						<String ID="P33_ST00293" HPOS="1109" VPOS="1950" WIDTH="53" HEIGHT="40" CONTENT="où" WC="0.60" CC="08"/>
						<SP ID="P33_SP00270" HPOS="1162" VPOS="2004" WIDTH="24"/>
						<String ID="P33_ST00294" HPOS="1186" VPOS="1951" WIDTH="57" HEIGHT="39" CONTENT="les" WC="1.00" CC="100"/>
						<SP ID="P33_SP00271" HPOS="1243" VPOS="2004" WIDTH="23"/>
						<String ID="P33_ST00295" HPOS="1266" VPOS="1952" WIDTH="248" HEIGHT="39" CONTENT="sentiments" WC="1.00" CC="0000400000"/>
						<SP ID="P33_SP00272" HPOS="1514" VPOS="2004" WIDTH="22"/>
						<String ID="P33_ST00296" HPOS="1536" VPOS="1952" WIDTH="56" HEIGHT="39" CONTENT="les" WC="1.00" CC="000"/>
						<SP ID="P33_SP00273" HPOS="1592" VPOS="2004" WIDTH="23"/>
						<String ID="P33_ST00297" HPOS="1615" VPOS="1952" WIDTH="90" HEIGHT="52" CONTENT="plus" WC="0.97" CC="0660"/>
						<SP ID="P33_SP00274" HPOS="1705" VPOS="2004" WIDTH="23"/>
						<String ID="P33_ST00298" HPOS="1728" VPOS="1952" WIDTH="199" HEIGHT="51" CONTENT="profonds" WC="1.00" CC="00000700"/>
						<SP ID="P33_SP00275" HPOS="1927" VPOS="2004" WIDTH="23"/>
						<String ID="P33_ST00299" HPOS="1950" VPOS="1952" WIDTH="34" HEIGHT="38" CONTENT="&amp;" WC="0.87" CC="1"/>
						<SP ID="P33_SP00276" HPOS="1984" VPOS="2004" WIDTH="22"/>
						<String ID="P33_ST00300" HPOS="2006" VPOS="1952" WIDTH="56" HEIGHT="38" CONTENT="les" WC="0.99" CC="300"/>
						<SP ID="P33_SP00277" HPOS="2062" VPOS="2004" WIDTH="18"/>
						<String ID="P33_ST00301" HPOS="2080" VPOS="1952" WIDTH="90" HEIGHT="51" CONTENT="plus" WC="0.97" CC="0660"/>
					</TextLine>
					<TextLine ID="P33_TL00025" HPOS="141" VPOS="2019" WIDTH="2029" HEIGHT="55">
						<String ID="P33_ST00302" HPOS="141" VPOS="2023" WIDTH="111" HEIGHT="38" CONTENT="doux" WC="1.00" CC="0000"/>
						<SP ID="P33_SP00278" HPOS="252" VPOS="2061" WIDTH="27"/>
						<String ID="P33_ST00303" HPOS="279" VPOS="2023" WIDTH="48" HEIGHT="37" CONTENT="de" WC="1.00" CC="00"/>
						<SP ID="P33_SP00279" HPOS="327" VPOS="2061" WIDTH="28"/>
						<String ID="P33_ST00304" HPOS="355" VPOS="2021" WIDTH="121" HEIGHT="39" CONTENT="l'âme" WC="0.98" CC="43300"/>
						<SP ID="P33_SP00280" HPOS="476" VPOS="2061" WIDTH="26"/>
						<String ID="P33_ST00305" HPOS="502" VPOS="2021" WIDTH="194" HEIGHT="39" CONTENT="humaine" WC="1.00" CC="4000100"/>
						<SP ID="P33_SP00281" HPOS="696" VPOS="2061" WIDTH="30"/>
						<String ID="P33_ST00306" HPOS="726" VPOS="2020" WIDTH="167" HEIGHT="40" CONTENT="coulent" WC="1.00" CC="2004000"/>
						<SP ID="P33_SP00282" HPOS="893" VPOS="2061" WIDTH="27"/>
						<String ID="P33_ST00307" HPOS="920" VPOS="2022" WIDTH="49" HEIGHT="38" CONTENT="de" WC="1.00" CC="00"/>
						<SP ID="P33_SP00283" HPOS="969" VPOS="2061" WIDTH="30"/>
						<String ID="P33_ST00308" HPOS="999" VPOS="2033" WIDTH="158" HEIGHT="34" CONTENT="source," WC="0.98" CC="0069404"/>
						<SP ID="P33_SP00284" HPOS="1157" VPOS="2067" WIDTH="34"/>
						<String ID="P33_ST00309" HPOS="1191" VPOS="2025" WIDTH="75" HEIGHT="35" CONTENT="ont" WC="0.97" CC="070"/>
						<SP ID="P33_SP00285" HPOS="1266" VPOS="2067" WIDTH="28"/>
						<String ID="P33_ST00310" HPOS="1294" VPOS="2021" WIDTH="152" HEIGHT="52" CONTENT="inspiré" WC="1.00" CC="0000000"/>
						<SP ID="P33_SP00286" HPOS="1446" VPOS="2073" WIDTH="30"/>
						<String ID="P33_ST00311" HPOS="1476" VPOS="2034" WIDTH="79" HEIGHT="26" CONTENT="une" WC="0.99" CC="300"/>
						<SP ID="P33_SP00287" HPOS="1555" VPOS="2073" WIDTH="28"/>
						<String ID="P33_ST00312" HPOS="1583" VPOS="2021" WIDTH="163" HEIGHT="53" CONTENT="trilogie" WC="1.00" CC="00050000"/>
						<SP ID="P33_SP00288" HPOS="1746" VPOS="2074" WIDTH="29"/>
						<String ID="P33_ST00313" HPOS="1775" VPOS="2019" WIDTH="22" HEIGHT="41" CONTENT="à" WC="0.35" CC="6"/>
						<SP ID="P33_SP00289" HPOS="1797" VPOS="2074" WIDTH="30"/>
						<String ID="P33_ST00314" HPOS="1827" VPOS="2021" WIDTH="172" HEIGHT="51" CONTENT="Eschyle" WC="0.99" CC="5040030"/>
						<SP ID="P33_SP00290" HPOS="1999" VPOS="2074" WIDTH="28"/>
						<String ID="P33_ST00315" HPOS="2027" VPOS="2021" WIDTH="35" HEIGHT="39" CONTENT="&amp;" WC="1.00" CC="0"/>
						<SP ID="P33_SP00291" HPOS="2062" VPOS="2074" WIDTH="29"/>
						<String ID="P33_ST00316" HPOS="2091" VPOS="2034" WIDTH="79" HEIGHT="26" CONTENT="une" WC="1.00" CC="000"/>
					</TextLine>
					<TextLine ID="P33_TL00026" HPOS="140" VPOS="2088" WIDTH="2030" HEIGHT="55">
						<String ID="P33_ST00317" HPOS="140" VPOS="2090" WIDTH="183" HEIGHT="53" CONTENT="tragédie" WC="1.00" CC="00000003"/>
						<SP ID="P33_SP00292" HPOS="323" VPOS="2143" WIDTH="36"/>
						<String ID="P33_ST00318" HPOS="359" VPOS="2090" WIDTH="126" HEIGHT="39" CONTENT="mêlée" WC="1.00" CC="00300"/>
						<SP ID="P33_SP00293" HPOS="485" VPOS="2143" WIDTH="34"/>
						<String ID="P33_ST00319" HPOS="519" VPOS="2091" WIDTH="50" HEIGHT="38" CONTENT="de" WC="1.00" CC="00"/>
						<SP ID="P33_SP00294" HPOS="569" VPOS="2143" WIDTH="35"/>
						<String ID="P33_ST00320" HPOS="604" VPOS="2091" WIDTH="188" HEIGHT="51" CONTENT="musique" WC="0.99" CC="0600040"/>
						<SP ID="P33_SP00295" HPOS="792" VPOS="2143" WIDTH="29"/>
						<String ID="P33_ST00321" HPOS="821" VPOS="2088" WIDTH="22" HEIGHT="41" CONTENT="à" WC="0.28" CC="7"/>
						<SP ID="P33_SP00296" HPOS="843" VPOS="2143" WIDTH="28"/>
						<String ID="P33_ST00322" HPOS="871" VPOS="2091" WIDTH="41" HEIGHT="37" CONTENT="F." WC="0.49" CC="63"/>
						<SP ID="P33_SP00297" HPOS="912" VPOS="2143" WIDTH="34"/>
						<String ID="P33_ST00323" HPOS="946" VPOS="2090" WIDTH="181" HEIGHT="39" CONTENT="Ponsard" WC="0.93" CC="3001000"/>
						<SP ID="P33_SP00298" HPOS="1127" VPOS="2143" WIDTH="35"/>
						<String ID="P33_ST00324" HPOS="1162" VPOS="2091" WIDTH="35" HEIGHT="38" CONTENT="Se" WC="1.00" CC="00" STYLEREFS="TXT_5"/>
						<SP ID="P33_SP00299" HPOS="1197" VPOS="2143" WIDTH="36"/>
						<String ID="P33_ST00325" HPOS="1233" VPOS="2090" WIDTH="75" HEIGHT="39" CONTENT="Ch." WC="0.99" CC="101"/>
						<SP ID="P33_SP00300" HPOS="1308" VPOS="2143" WIDTH="33"/>
						<String ID="P33_ST00326" HPOS="1341" VPOS="2091" WIDTH="193" HEIGHT="38" CONTENT="Gounod." WC="0.86" CC="0006003"/>
						<SP ID="P33_SP00301" HPOS="1534" VPOS="2143" WIDTH="35"/>
						<String ID="P33_ST00327" HPOS="1569" VPOS="2091" WIDTH="53" HEIGHT="38" CONTENT="La" WC="0.78" CC="40"/>
						<SP ID="P33_SP00302" HPOS="1622" VPOS="2143" WIDTH="36"/>
						<String ID="P33_ST00328" HPOS="1658" VPOS="2090" WIDTH="164" HEIGHT="53" CONTENT="trilogie" WC="0.99" CC="00050050"/>
						<SP ID="P33_SP00303" HPOS="1822" VPOS="2143" WIDTH="35"/>
						<String ID="P33_ST00329" HPOS="1857" VPOS="2089" WIDTH="216" HEIGHT="53" CONTENT="d'Eschyle" WC="1.00" CC="005000002"/>
						<SP ID="P33_SP00304" HPOS="2073" VPOS="2143" WIDTH="35"/>
						<String ID="P33_ST00330" HPOS="2108" VPOS="2094" WIDTH="62" HEIGHT="35" CONTENT="est" WC="1.00" CC="000"/>
					</TextLine>
					<TextLine ID="P33_TL00027" HPOS="140" VPOS="2158" WIDTH="2028" HEIGHT="54">
						<String ID="P33_ST00331" HPOS="140" VPOS="2161" WIDTH="151" HEIGHT="50" CONTENT="perdue" WC="1.00" CC="000000"/>
						<SP ID="P33_SP00305" HPOS="291" VPOS="2211" WIDTH="17"/>
						<String ID="P33_ST00332" HPOS="308" VPOS="2171" WIDTH="6" HEIGHT="35" CONTENT=";" WC="1.00" CC="0"/>
						<SP ID="P33_SP00306" HPOS="314" VPOS="2211" WIDTH="26"/>
						<String ID="P33_ST00333" HPOS="340" VPOS="2160" WIDTH="38" HEIGHT="39" CONTENT="la" WC="0.80" CC="30"/>
						<SP ID="P33_SP00307" HPOS="378" VPOS="2211" WIDTH="22"/>
						<String ID="P33_ST00334" HPOS="400" VPOS="2159" WIDTH="183" HEIGHT="53" CONTENT="tragédie" WC="1.00" CC="00000000"/>
						<SP ID="P33_SP00308" HPOS="583" VPOS="2212" WIDTH="23"/>
						<String ID="P33_ST00335" HPOS="606" VPOS="2159" WIDTH="212" HEIGHT="50" CONTENT="française," WC="1.00" CC="0002400002"/>
						<SP ID="P33_SP00309" HPOS="818" VPOS="2212" WIDTH="24"/>
						<String ID="P33_ST00336" HPOS="842" VPOS="2158" WIDTH="22" HEIGHT="41" CONTENT="à" WC="0.23" CC="7"/>
						<SP ID="P33_SP00310" HPOS="864" VPOS="2212" WIDTH="23"/>
						<String ID="P33_ST00337" HPOS="887" VPOS="2173" WIDTH="77" HEIGHT="38" CONTENT="peu" WC="0.97" CC="007"/>
						<SP ID="P33_SP00311" HPOS="964" VPOS="2212" WIDTH="24"/>
						<String ID="P33_ST00338" HPOS="988" VPOS="2158" WIDTH="91" HEIGHT="53" CONTENT="près" WC="0.98" CC="0070"/>
						<SP ID="P33_SP00312" HPOS="1079" VPOS="2212" WIDTH="22"/>
						<String ID="P33_ST00339" HPOS="1101" VPOS="2159" WIDTH="160" HEIGHT="40" CONTENT="oubliée" WC="0.99" CC="0005051"/>
						<SP ID="P33_SP00313" HPOS="1261" VPOS="2212" WIDTH="22"/>
						<String ID="P33_ST00340" HPOS="1283" VPOS="2160" WIDTH="145" HEIGHT="52" CONTENT="depuis" WC="1.00" CC="000300"/>
						<SP ID="P33_SP00314" HPOS="1428" VPOS="2212" WIDTH="32"/>
						<String ID="P33_ST00341" HPOS="1460" VPOS="2159" WIDTH="161" HEIGHT="40" CONTENT="bientôt" WC="0.98" CC="0506575"/>
						<SP ID="P33_SP00315" HPOS="1621" VPOS="2212" WIDTH="32"/>
						<String ID="P33_ST00342" HPOS="1653" VPOS="2173" WIDTH="49" HEIGHT="39" CONTENT="50" WC="0.65" CC="60"/>
						<SP ID="P33_SP00316" HPOS="1702" VPOS="2212" WIDTH="29"/>
						<String ID="P33_ST00343" HPOS="1731" VPOS="2173" WIDTH="73" HEIGHT="26" CONTENT="ans" WC="1.00" CC="000"/>
						<SP ID="P33_SP00317" HPOS="1804" VPOS="2212" WIDTH="28"/>
						<String ID="P33_ST00344" HPOS="1832" VPOS="2159" WIDTH="146" HEIGHT="52" CONTENT="qu'elle" WC="0.99" CC="0540250"/>
						<SP ID="P33_SP00318" HPOS="1978" VPOS="2212" WIDTH="28"/>
						<String ID="P33_ST00345" HPOS="2006" VPOS="2173" WIDTH="22" HEIGHT="25" CONTENT="a" WC="1.00" CC="0"/>
						<SP ID="P33_SP00319" HPOS="2028" VPOS="2212" WIDTH="23"/>
						<String ID="P33_ST00346" HPOS="2051" VPOS="2173" WIDTH="53" HEIGHT="25" CONTENT="vu" WC="1.00" CC="00"/>
						<SP ID="P33_SP00320" HPOS="2104" VPOS="2212" WIDTH="29"/>
						<String ID="P33_ST00347" HPOS="2133" VPOS="2159" WIDTH="35" HEIGHT="39" CONTENT="le" WC="0.95" CC="00"/>
					</TextLine>
					<TextLine ID="P33_TL00028" HPOS="134" VPOS="2228" WIDTH="2032" HEIGHT="54">
						<String ID="P33_ST00348" HPOS="134" VPOS="2230" WIDTH="96" HEIGHT="51" CONTENT="jour" WC="1.00" CC="0000"/>
						<SP ID="P33_SP00321" HPOS="230" VPOS="2281" WIDTH="20"/>
						<String ID="P33_ST00349" HPOS="250" VPOS="2229" WIDTH="162" HEIGHT="53" CONTENT="(1852)," WC="0.65" CC="3603604"/>
						<SP ID="P33_SP00322" HPOS="412" VPOS="2282" WIDTH="27"/>
						<String ID="P33_ST00350" HPOS="439" VPOS="2242" WIDTH="106" HEIGHT="27" CONTENT="nous" WC="0.99" CC="2010"/>
						<SP ID="P33_SP00323" HPOS="545" VPOS="2282" WIDTH="22"/>
						<String ID="P33_ST00351" HPOS="567" VPOS="2242" WIDTH="23" HEIGHT="25" CONTENT="a" WC="1.00" CC="0"/>
						<SP ID="P33_SP00324" HPOS="590" VPOS="2282" WIDTH="24"/>
						<String ID="P33_ST00352" HPOS="614" VPOS="2228" WIDTH="232" HEIGHT="40" CONTENT="étérendue" WC="1.00" CC="000000000"/>
						<SP ID="P33_SP00325" HPOS="846" VPOS="2282" WIDTH="22"/>
						<String ID="P33_ST00353" HPOS="868" VPOS="2241" WIDTH="72" HEIGHT="40" CONTENT="par" WC="1.00" CC="000"/>
						<SP ID="P33_SP00326" HPOS="940" VPOS="2282" WIDTH="20"/>
						<String ID="P33_ST00354" HPOS="960" VPOS="2229" WIDTH="230" HEIGHT="39" CONTENT="l'heureuse" WC="1.00" CC="4430000000"/>
						<SP ID="P33_SP00327" HPOS="1190" VPOS="2282" WIDTH="23"/>
						<String ID="P33_ST00355" HPOS="1213" VPOS="2229" WIDTH="204" HEIGHT="39" CONTENT="initiative" WC="1.00" CC="0413000000"/>
						<SP ID="P33_SP00328" HPOS="1417" VPOS="2282" WIDTH="22"/>
						<String ID="P33_ST00356" HPOS="1439" VPOS="2230" WIDTH="49" HEIGHT="39" CONTENT="de" WC="1.00" CC="00"/>
						<SP ID="P33_SP00329" HPOS="1488" VPOS="2282" WIDTH="24"/>
						<String ID="P33_ST00357" HPOS="1512" VPOS="2230" WIDTH="54" HEIGHT="39" CONTENT="M." WC="0.83" CC="02"/>
						<SP ID="P33_SP00330" HPOS="1566" VPOS="2282" WIDTH="28"/>
						<String ID="P33_ST00358" HPOS="1594" VPOS="2229" WIDTH="179" HEIGHT="52" CONTENT="Ginisty." WC="0.94" CC="00000003"/>
						<SP ID="P33_SP00331" HPOS="1773" VPOS="2282" WIDTH="28"/>
						<String ID="P33_ST00359" HPOS="1801" VPOS="2229" WIDTH="179" HEIGHT="38" CONTENT="Ponsard" WC="0.92" CC="5000000"/>
						<SP ID="P33_SP00332" HPOS="1980" VPOS="2282" WIDTH="29"/>
						<String ID="P33_ST00360" HPOS="2009" VPOS="2241" WIDTH="22" HEIGHT="26" CONTENT="a" WC="1.00" CC="0"/>
						<SP ID="P33_SP00333" HPOS="2031" VPOS="2282" WIDTH="29"/>
						<String ID="P33_ST00361" HPOS="2060" VPOS="2229" WIDTH="106" HEIGHT="39" CONTENT="suivi" WC="0.99" CC="05000"/>
					</TextLine>
					<TextLine ID="P33_TL00029" HPOS="136" VPOS="2296" WIDTH="2030" HEIGHT="56">
						<String ID="P33_ST00362" HPOS="136" VPOS="2300" WIDTH="49" HEIGHT="37" CONTENT="de" WC="1.00" CC="00"/>
						<SP ID="P33_SP00334" HPOS="185" VPOS="2337" WIDTH="22"/>
						<String ID="P33_ST00363" HPOS="207" VPOS="2298" WIDTH="79" HEIGHT="39" CONTENT="fort" WC="1.00" CC="0000"/>
						<SP ID="P33_SP00335" HPOS="286" VPOS="2337" WIDTH="22"/>
						<String ID="P33_ST00364" HPOS="308" VPOS="2296" WIDTH="90" HEIGHT="54" CONTENT="près" WC="0.99" CC="0060"/>
						<SP ID="P33_SP00336" HPOS="398" VPOS="2350" WIDTH="23"/>
						<String ID="P33_ST00365" HPOS="421" VPOS="2311" WIDTH="75" HEIGHT="26" CONTENT="son" WC="0.98" CC="005"/>
						<SP ID="P33_SP00337" HPOS="496" VPOS="2350" WIDTH="23"/>
						<String ID="P33_ST00366" HPOS="519" VPOS="2297" WIDTH="160" HEIGHT="40" CONTENT="modèle" WC="0.99" CC="010630"/>
						<SP ID="P33_SP00338" HPOS="679" VPOS="2350" WIDTH="28"/>
						<String ID="P33_ST00367" HPOS="707" VPOS="2310" WIDTH="7" HEIGHT="26" CONTENT=":" WC="0.52" CC="4"/>
						<SP ID="P33_SP00339" HPOS="714" VPOS="2350" WIDTH="27"/>
						<String ID="P33_ST00368" HPOS="741" VPOS="2298" WIDTH="25" HEIGHT="39" CONTENT="il" WC="0.91" CC="01"/>
						<SP ID="P33_SP00340" HPOS="766" VPOS="2350" WIDTH="23"/>
						<String ID="P33_ST00369" HPOS="789" VPOS="2298" WIDTH="65" HEIGHT="39" CONTENT="n'a" WC="0.98" CC="040"/>
						<SP ID="P33_SP00341" HPOS="854" VPOS="2350" WIDTH="22"/>
						<String ID="P33_ST00370" HPOS="876" VPOS="2298" WIDTH="135" HEIGHT="39" CONTENT="oublié" WC="0.99" CC="050305"/>
						<SP ID="P33_SP00342" HPOS="1011" VPOS="2350" WIDTH="23"/>
						<String ID="P33_ST00371" HPOS="1034" VPOS="2298" WIDTH="40" HEIGHT="38" CONTENT="ni" WC="0.69" CC="06"/>
						<SP ID="P33_SP00343" HPOS="1074" VPOS="2350" WIDTH="24"/>
						<String ID="P33_ST00372" HPOS="1098" VPOS="2298" WIDTH="35" HEIGHT="39" CONTENT="le" WC="0.82" CC="30"/>
						<SP ID="P33_SP00344" HPOS="1133" VPOS="2350" WIDTH="23"/>
						<String ID="P33_ST00373" HPOS="1156" VPOS="2299" WIDTH="122" HEIGHT="38" CONTENT="vieux" WC="1.00" CC="00020"/>
						<SP ID="P33_SP00345" HPOS="1278" VPOS="2350" WIDTH="22"/>
						<String ID="P33_ST00374" HPOS="1300" VPOS="2299" WIDTH="118" HEIGHT="39" CONTENT="chien" WC="0.98" CC="05006"/>
						<SP ID="P33_SP00346" HPOS="1418" VPOS="2350" WIDTH="24"/>
						<String ID="P33_ST00375" HPOS="1442" VPOS="2298" WIDTH="149" HEIGHT="54" CONTENT="Argos," WC="1.00" CC="000000"/>
						<SP ID="P33_SP00347" HPOS="1591" VPOS="2352" WIDTH="28"/>
						<String ID="P33_ST00376" HPOS="1619" VPOS="2298" WIDTH="41" HEIGHT="38" CONTENT="ni" WC="0.79" CC="04"/>
						<SP ID="P33_SP00348" HPOS="1660" VPOS="2352" WIDTH="23"/>
						<String ID="P33_ST00377" HPOS="1683" VPOS="2298" WIDTH="37" HEIGHT="39" CONTENT="la" WC="0.98" CC="00"/>
						<SP ID="P33_SP00349" HPOS="1720" VPOS="2352" WIDTH="30"/>
						<String ID="P33_ST00378" HPOS="1750" VPOS="2298" WIDTH="189" HEIGHT="39" CONTENT="nourrice" WC="1.00" CC="00000030"/>
						<SP ID="P33_SP00350" HPOS="1939" VPOS="2352" WIDTH="33"/>
						<String ID="P33_ST00379" HPOS="1972" VPOS="2296" WIDTH="194" HEIGHT="53" CONTENT="Euryclée" WC="0.77" CC="52005300"/>
					</TextLine>
					<TextLine ID="P33_TL00030" HPOS="139" VPOS="2366" WIDTH="2027" HEIGHT="54">
						<String ID="P33_ST00380" HPOS="139" VPOS="2368" WIDTH="68" HEIGHT="51" CONTENT="qui" WC="1.00" CC="000"/>
						<SP ID="P33_SP00351" HPOS="207" VPOS="2419" WIDTH="36"/>
						<String ID="P33_ST00381" HPOS="243" VPOS="2367" WIDTH="211" HEIGHT="40" CONTENT="reconnaît" WC="1.00" CC="200034010"/>
						<SP ID="P33_SP00352" HPOS="454" VPOS="2419" WIDTH="35"/>
						<String ID="P33_ST00382" HPOS="489" VPOS="2367" WIDTH="147" HEIGHT="52" CONTENT="Ulysse" WC="0.99" CC="530000"/>
						<SP ID="P33_SP00353" HPOS="636" VPOS="2419" WIDTH="32"/>
						<String ID="P33_ST00383" HPOS="668" VPOS="2366" WIDTH="22" HEIGHT="41" CONTENT="à" WC="0.19" CC="8"/>
						<SP ID="P33_SP00354" HPOS="690" VPOS="2419" WIDTH="35"/>
						<String ID="P33_ST00384" HPOS="725" VPOS="2381" WIDTH="79" HEIGHT="26" CONTENT="une" WC="1.00" CC="000"/>
						<SP ID="P33_SP00355" HPOS="804" VPOS="2419" WIDTH="35"/>
						<String ID="P33_ST00385" HPOS="839" VPOS="2367" WIDTH="191" HEIGHT="40" CONTENT="cicatrice" WC="0.99" CC="353000520"/>
						<SP ID="P33_SP00356" HPOS="1030" VPOS="2419" WIDTH="35"/>
						<String ID="P33_ST00386" HPOS="1065" VPOS="2369" WIDTH="49" HEIGHT="38" CONTENT="de" WC="1.00" CC="00"/>
						<SP ID="P33_SP00357" HPOS="1114" VPOS="2419" WIDTH="35"/>
						<String ID="P33_ST00387" HPOS="1149" VPOS="2380" WIDTH="76" HEIGHT="26" CONTENT="son" WC="1.00" CC="000"/>
						<SP ID="P33_SP00358" HPOS="1225" VPOS="2419" WIDTH="37"/>
						<String ID="P33_ST00388" HPOS="1262" VPOS="2368" WIDTH="93" HEIGHT="52" CONTENT="pied" WC="1.00" CC="0000"/>
						<SP ID="P33_SP00359" HPOS="1355" VPOS="2420" WIDTH="18"/>
						<String ID="P33_ST00389" HPOS="1373" VPOS="2380" WIDTH="7" HEIGHT="35" CONTENT=";" WC="0.72" CC="2"/>
						<SP ID="P33_SP00360" HPOS="1380" VPOS="2420" WIDTH="34"/>
						<String ID="P33_ST00390" HPOS="1414" VPOS="2368" WIDTH="24" HEIGHT="38" CONTENT="il" WC="0.76" CC="04"/>
						<SP ID="P33_SP00361" HPOS="1438" VPOS="2420" WIDTH="29"/>
						<String ID="P33_ST00391" HPOS="1467" VPOS="2381" WIDTH="22" HEIGHT="26" CONTENT="a" WC="1.00" CC="0"/>
						<SP ID="P33_SP00362" HPOS="1489" VPOS="2420" WIDTH="30"/>
						<String ID="P33_ST00392" HPOS="1519" VPOS="2367" WIDTH="179" HEIGHT="52" CONTENT="compris" WC="0.99" CC="5000105"/>
						<SP ID="P33_SP00363" HPOS="1698" VPOS="2420" WIDTH="36"/>
						<String ID="P33_ST00393" HPOS="1734" VPOS="2368" WIDTH="35" HEIGHT="38" CONTENT="le" WC="0.81" CC="30"/>
						<SP ID="P33_SP00364" HPOS="1769" VPOS="2420" WIDTH="29"/>
						<String ID="P33_ST00394" HPOS="1798" VPOS="2367" WIDTH="187" HEIGHT="51" CONTENT="puissant" WC="1.00" CC="06010000"/>
						<SP ID="P33_SP00365" HPOS="1985" VPOS="2420" WIDTH="35"/>
						<String ID="P33_ST00395" HPOS="2020" VPOS="2366" WIDTH="146" HEIGHT="40" CONTENT="intérêt" WC="1.00" CC="0000050"/>
					</TextLine>
					<TextLine ID="P33_TL00031" HPOS="138" VPOS="2434" WIDTH="2026" HEIGHT="56">
						<String ID="P33_ST00396" HPOS="138" VPOS="2437" WIDTH="255" HEIGHT="51" CONTENT="dramatique" WC="1.00" CC="0100001060"/>
						<SP ID="P33_SP00366" HPOS="393" VPOS="2488" WIDTH="28"/>
						<String ID="P33_ST00397" HPOS="421" VPOS="2437" WIDTH="54" HEIGHT="39" CONTENT="du" WC="1.00" CC="00"/>
						<SP ID="P33_SP00367" HPOS="475" VPOS="2488" WIDTH="30"/>
						<String ID="P33_ST00398" HPOS="505" VPOS="2438" WIDTH="106" HEIGHT="52" CONTENT="sujet" WC="1.00" CC="10000"/>
						<SP ID="P33_SP00368" HPOS="611" VPOS="2490" WIDTH="25"/>
						<String ID="P33_ST00399" HPOS="636" VPOS="2449" WIDTH="7" HEIGHT="26" CONTENT=":" WC="0.91" CC="0"/>
						<SP ID="P33_SP00369" HPOS="643" VPOS="2490" WIDTH="26"/>
						<String ID="P33_ST00400" HPOS="669" VPOS="2437" WIDTH="199" HEIGHT="39" CONTENT="certaines" WC="1.00" CC="600000302"/>
						<SP ID="P33_SP00370" HPOS="868" VPOS="2490" WIDTH="29"/>
						<String ID="P33_ST00401" HPOS="897" VPOS="2435" WIDTH="157" HEIGHT="47" CONTENT="scènes," WC="0.99" CC="0070001"/>
						<SP ID="P33_SP00371" HPOS="1054" VPOS="2490" WIDTH="33"/>
						<String ID="P33_ST00402" HPOS="1087" VPOS="2450" WIDTH="165" HEIGHT="26" CONTENT="comme" WC="1.00" CC="10000"/>
						<SP ID="P33_SP00372" HPOS="1252" VPOS="2490" WIDTH="29"/>
						<String ID="P33_ST00403" HPOS="1281" VPOS="2437" WIDTH="120" HEIGHT="39" CONTENT="celles" WC="0.99" CC="306000"/>
						<SP ID="P33_SP00373" HPOS="1401" VPOS="2490" WIDTH="28"/>
						<String ID="P33_ST00404" HPOS="1429" VPOS="2436" WIDTH="53" HEIGHT="40" CONTENT="où" WC="1.00" CC="00"/>
						<SP ID="P33_SP00374" HPOS="1482" VPOS="2490" WIDTH="30"/>
						<String ID="P33_ST00405" HPOS="1512" VPOS="2437" WIDTH="148" HEIGHT="51" CONTENT="Ulysse" WC="1.00" CC="030000"/>
						<SP ID="P33_SP00375" HPOS="1660" VPOS="2490" WIDTH="30"/>
						<String ID="P33_ST00406" HPOS="1690" VPOS="2449" WIDTH="48" HEIGHT="26" CONTENT="ne" WC="1.00" CC="00"/>
						<SP ID="P33_SP00376" HPOS="1738" VPOS="2490" WIDTH="29"/>
						<String ID="P33_ST00407" HPOS="1767" VPOS="2440" WIDTH="98" HEIGHT="48" CONTENT="peut" WC="0.99" CC="0030"/>
						<SP ID="P33_SP00377" HPOS="1865" VPOS="2490" WIDTH="27"/>
						<String ID="P33_ST00408" HPOS="1892" VPOS="2436" WIDTH="155" HEIGHT="39" CONTENT="arriver" WC="1.00" CC="0000000"/>
						<SP ID="P33_SP00378" HPOS="2047" VPOS="2490" WIDTH="27"/>
						<String ID="P33_ST00409" HPOS="2074" VPOS="2434" WIDTH="22" HEIGHT="40" CONTENT="à" WC="0.19" CC="8"/>
						<SP ID="P33_SP00379" HPOS="2096" VPOS="2490" WIDTH="28"/>
						<String ID="P33_ST00410" HPOS="2124" VPOS="2449" WIDTH="40" HEIGHT="26" CONTENT="se" WC="1.00" CC="00"/>
					</TextLine>
					<TextLine ID="P33_TL00032" HPOS="138" VPOS="2504" WIDTH="2026" HEIGHT="53">
						<String ID="P33_ST00411" HPOS="138" VPOS="2506" WIDTH="95" HEIGHT="39" CONTENT="faire" WC="0.99" CC="00500"/>
						<SP ID="P33_SP00380" HPOS="233" VPOS="2545" WIDTH="23"/>
						<String ID="P33_ST00412" HPOS="256" VPOS="2505" WIDTH="254" HEIGHT="40" CONTENT="reconnaître" WC="1.00" CC="00506000000"/>
						<SP ID="P33_SP00381" HPOS="510" VPOS="2545" WIDTH="31"/>
						<String ID="P33_ST00413" HPOS="541" VPOS="2507" WIDTH="49" HEIGHT="38" CONTENT="de" WC="1.00" CC="00"/>
						<SP ID="P33_SP00382" HPOS="590" VPOS="2545" WIDTH="328"/>
						<String ID="P33_ST00414" HPOS="918" VPOS="2519" WIDTH="53" HEIGHT="26" CONTENT="ou" WC="0.70" CC="31"/>
						<SP ID="P33_SP00383" HPOS="971" VPOS="2545" WIDTH="30"/>
						<String ID="P33_ST00415" HPOS="1001" VPOS="2506" WIDTH="97" HEIGHT="39" CONTENT="celle" WC="0.99" CC="20510"/>
						<SP ID="P33_SP00384" HPOS="1098" VPOS="2545" WIDTH="29"/>
						<String ID="P33_ST00416" HPOS="1127" VPOS="2505" WIDTH="53" HEIGHT="40" CONTENT="où" WC="1.00" CC="00"/>
						<SP ID="P33_SP00385" HPOS="1180" VPOS="2545" WIDTH="30"/>
						<String ID="P33_ST00417" HPOS="1210" VPOS="2507" WIDTH="25" HEIGHT="38" CONTENT="il" WC="0.78" CC="04"/>
						<SP ID="P33_SP00386" HPOS="1235" VPOS="2545" WIDTH="29"/>
						<String ID="P33_ST00418" HPOS="1264" VPOS="2507" WIDTH="132" HEIGHT="38" CONTENT="bande" WC="0.98" CC="50500"/>
						<SP ID="P33_SP00387" HPOS="1396" VPOS="2545" WIDTH="29"/>
						<String ID="P33_ST00419" HPOS="1425" VPOS="2506" WIDTH="96" HEIGHT="39" CONTENT="l'arc" WC="0.99" CC="33003"/>
						<SP ID="P33_SP00388" HPOS="1521" VPOS="2545" WIDTH="29"/>
						<String ID="P33_ST00420" HPOS="1550" VPOS="2519" WIDTH="49" HEIGHT="26" CONTENT="au" WC="0.73" CC="05"/>
						<SP ID="P33_SP00389" HPOS="1599" VPOS="2545" WIDTH="33"/>
						<String ID="P33_ST00421" HPOS="1632" VPOS="2505" WIDTH="138" HEIGHT="39" CONTENT="milieu" WC="1.00" CC="004000"/>
						<SP ID="P33_SP00390" HPOS="1770" VPOS="2545" WIDTH="29"/>
						<String ID="P33_ST00422" HPOS="1799" VPOS="2507" WIDTH="71" HEIGHT="37" CONTENT="des" WC="1.00" CC="000"/>
						<SP ID="P33_SP00391" HPOS="1870" VPOS="2545" WIDTH="28"/>
						<String ID="P33_ST00423" HPOS="1898" VPOS="2504" WIDTH="266" HEIGHT="53" CONTENT="prétendants" WC="1.00" CC="00200600300"/>
					</TextLine>
					<TextLine ID="P33_TL00033" HPOS="138" VPOS="2573" WIDTH="2026" HEIGHT="54">
						<String ID="P33_ST00424" HPOS="138" VPOS="2575" WIDTH="168" HEIGHT="39" CONTENT="d'abord" WC="1.00" CC="0400000"/>
						<SP ID="P33_SP00392" HPOS="306" VPOS="2614" WIDTH="18"/>
						<String ID="P33_ST00425" HPOS="324" VPOS="2575" WIDTH="212" HEIGHT="47" CONTENT="insolents," WC="1.00" CC="1010300004"/>
						<SP ID="P33_SP00393" HPOS="536" VPOS="2622" WIDTH="21"/>
						<String ID="P33_ST00426" HPOS="557" VPOS="2576" WIDTH="90" HEIGHT="51" CONTENT="puis" WC="0.98" CC="0711"/>
						<SP ID="P33_SP00394" HPOS="647" VPOS="2627" WIDTH="17"/>
						<String ID="P33_ST00427" HPOS="664" VPOS="2575" WIDTH="187" HEIGHT="45" CONTENT="terrifiés," WC="1.00" CC="0100400004"/>
						<SP ID="P33_SP00395" HPOS="851" VPOS="2627" WIDTH="19"/>
						<String ID="P33_ST00428" HPOS="870" VPOS="2575" WIDTH="152" HEIGHT="39" CONTENT="étaient" WC="1.00" CC="0000050"/>
						<SP ID="P33_SP00396" HPOS="1022" VPOS="2627" WIDTH="16"/>
						<String ID="P33_ST00429" HPOS="1038" VPOS="2576" WIDTH="94" HEIGHT="39" CONTENT="bien" WC="1.00" CC="0000"/>
						<SP ID="P33_SP00397" HPOS="1132" VPOS="2627" WIDTH="18"/>
						<String ID="P33_ST00430" HPOS="1150" VPOS="2576" WIDTH="70" HEIGHT="38" CONTENT="des" WC="1.00" CC="000"/>
						<SP ID="P33_SP00398" HPOS="1220" VPOS="2627" WIDTH="17"/>
						<String ID="P33_ST00431" HPOS="1237" VPOS="2589" WIDTH="24" HEIGHT="26" CONTENT="«" WC="0.26" CC="7"/>
						<SP ID="P33_SP00399" HPOS="1261" VPOS="2627" WIDTH="17"/>
						<String ID="P33_ST00432" HPOS="1278" VPOS="2573" WIDTH="141" HEIGHT="42" CONTENT="scènes" WC="0.99" CC="067000"/>
						<SP ID="P33_SP00400" HPOS="1419" VPOS="2627" WIDTH="16"/>
						<String ID="P33_ST00433" HPOS="1435" VPOS="2574" WIDTH="21" HEIGHT="40" CONTENT="à" WC="0.22" CC="7"/>
						<SP ID="P33_SP00401" HPOS="1456" VPOS="2627" WIDTH="17"/>
						<String ID="P33_ST00434" HPOS="1473" VPOS="2575" WIDTH="110" HEIGHT="39" CONTENT="faire." WC="0.99" CC="401204"/>
						<SP ID="P33_SP00402" HPOS="1583" VPOS="2627" WIDTH="20"/>
						<String ID="P33_ST00435" HPOS="1603" VPOS="2588" WIDTH="25" HEIGHT="25" CONTENT="»" WC="0.34" CC="6"/>
						<SP ID="P33_SP00403" HPOS="1628" VPOS="2627" WIDTH="17"/>
						<String ID="P33_ST00436" HPOS="1645" VPOS="2574" WIDTH="201" HEIGHT="40" CONTENT="Ont-elles" WC="0.99" CC="005400401"/>
						<SP ID="P33_SP00404" HPOS="1846" VPOS="2627" WIDTH="17"/>
						<String ID="P33_ST00437" HPOS="1863" VPOS="2573" WIDTH="61" HEIGHT="40" CONTENT="été" WC="0.96" CC="306"/>
						<SP ID="P33_SP00405" HPOS="1924" VPOS="2627" WIDTH="17"/>
						<String ID="P33_ST00438" HPOS="1941" VPOS="2588" WIDTH="23" HEIGHT="25" CONTENT="«" WC="0.31" CC="6"/>
						<SP ID="P33_SP00406" HPOS="1964" VPOS="2627" WIDTH="18"/>
						<String ID="P33_ST00439" HPOS="1982" VPOS="2574" WIDTH="115" HEIGHT="39" CONTENT="faites" WC="1.00" CC="003000"/>
						<SP ID="P33_SP00407" HPOS="2097" VPOS="2627" WIDTH="13"/>
						<String ID="P33_ST00440" HPOS="2110" VPOS="2587" WIDTH="23" HEIGHT="25" CONTENT="»" WC="0.36" CC="6"/>
						<SP ID="P33_SP00408" HPOS="2133" VPOS="2627" WIDTH="14"/>
						<String ID="P33_ST00441" HPOS="2147" VPOS="2573" WIDTH="17" HEIGHT="40" CONTENT="?" WC="0.72" CC="2"/>
					</TextLine>
					<TextLine ID="P33_TL00034" HPOS="131" VPOS="2642" WIDTH="2026" HEIGHT="55">
						<String ID="P33_ST00442" HPOS="131" VPOS="2642" WIDTH="169" HEIGHT="55" CONTENT="Jusqu'à" WC="0.99" CC="5020345"/>
						<SP ID="P33_SP00409" HPOS="300" VPOS="2697" WIDTH="29"/>
						<String ID="P33_ST00443" HPOS="329" VPOS="2657" WIDTH="53" HEIGHT="26" CONTENT="un" WC="0.72" CC="05"/>
						<SP ID="P33_SP00410" HPOS="382" VPOS="2697" WIDTH="30"/>
						<String ID="P33_ST00444" HPOS="412" VPOS="2644" WIDTH="154" HEIGHT="40" CONTENT="certain" WC="1.00" CC="4000000"/>
						<SP ID="P33_SP00411" HPOS="566" VPOS="2697" WIDTH="29"/>
						<String ID="P33_ST00445" HPOS="595" VPOS="2644" WIDTH="118" HEIGHT="52" CONTENT="point" WC="1.00" CC="00300"/>
						<SP ID="P33_SP00412" HPOS="713" VPOS="2697" WIDTH="28"/>
						<String ID="P33_ST00446" HPOS="741" VPOS="2645" WIDTH="251" HEIGHT="48" CONTENT="seulement;" WC="1.00" CC="0042000000"/>
						<SP ID="P33_SP00413" HPOS="992" VPOS="2697" WIDTH="33"/>
						<String ID="P33_ST00447" HPOS="1025" VPOS="2658" WIDTH="67" HEIGHT="26" CONTENT="car" WC="0.99" CC="300"/>
						<SP ID="P33_SP00414" HPOS="1092" VPOS="2697" WIDTH="28"/>
						<String ID="P33_ST00448" HPOS="1120" VPOS="2645" WIDTH="197" HEIGHT="46" CONTENT="Ponsard," WC="0.88" CC="00000603"/>
						<SP ID="P33_SP00415" HPOS="1317" VPOS="2697" WIDTH="25"/>
						<String ID="P33_ST00449" HPOS="1342" VPOS="2645" WIDTH="68" HEIGHT="52" CONTENT="qui" WC="0.97" CC="034"/>
						<SP ID="P33_SP00416" HPOS="1410" VPOS="2697" WIDTH="34"/>
						<String ID="P33_ST00450" HPOS="1444" VPOS="2644" WIDTH="78" HEIGHT="39" CONTENT="fuit" WC="0.98" CC="0150"/>
						<SP ID="P33_SP00417" HPOS="1522" VPOS="2697" WIDTH="27"/>
						<String ID="P33_ST00451" HPOS="1549" VPOS="2644" WIDTH="226" HEIGHT="52" CONTENT="l'emphase" WC="1.00" CC="330004000"/>
						<SP ID="P33_SP00418" HPOS="1775" VPOS="2697" WIDTH="15"/>
						<String ID="P33_ST00452" HPOS="1790" VPOS="2643" WIDTH="77" HEIGHT="53" CONTENT="(2)," WC="0.85" CC="0104"/>
						<SP ID="P33_SP00419" HPOS="1867" VPOS="2697" WIDTH="34"/>
						<String ID="P33_ST00453" HPOS="1901" VPOS="2656" WIDTH="49" HEIGHT="26" CONTENT="ne" WC="1.00" CC="00"/>
						<SP ID="P33_SP00420" HPOS="1950" VPOS="2697" WIDTH="29"/>
						<String ID="P33_ST00454" HPOS="1979" VPOS="2643" WIDTH="77" HEIGHT="39" CONTENT="sait" WC="1.00" CC="0000"/>
						<SP ID="P33_SP00421" HPOS="2056" VPOS="2697" WIDTH="29"/>
						<String ID="P33_ST00455" HPOS="2085" VPOS="2656" WIDTH="72" HEIGHT="39" CONTENT="pas" WC="1.00" CC="000"/>
					</TextLine>
					<TextLine ID="P33_TL00035" HPOS="136" VPOS="2712" WIDTH="2025" HEIGHT="55">
						<String ID="P33_ST00456" HPOS="136" VPOS="2713" WIDTH="130" HEIGHT="39" CONTENT="éviter" WC="1.00" CC="000000"/>
						<SP ID="P33_SP00422" HPOS="266" VPOS="2752" WIDTH="21"/>
						<String ID="P33_ST00457" HPOS="287" VPOS="2713" WIDTH="37" HEIGHT="39" CONTENT="la" WC="0.77" CC="40"/>
						<SP ID="P33_SP00423" HPOS="324" VPOS="2752" WIDTH="21"/>
						<String ID="P33_ST00458" HPOS="345" VPOS="2713" WIDTH="201" HEIGHT="52" CONTENT="platitude" WC="1.00" CC="030000600"/>
						<SP ID="P33_SP00424" HPOS="546" VPOS="2765" WIDTH="18"/>
						<String ID="P33_ST00459" HPOS="564" VPOS="2726" WIDTH="7" HEIGHT="35" CONTENT=";" WC="1.00" CC="0"/>
						<SP ID="P33_SP00425" HPOS="571" VPOS="2765" WIDTH="26"/>
						<String ID="P33_ST00460" HPOS="597" VPOS="2727" WIDTH="42" HEIGHT="26" CONTENT="sa" WC="1.00" CC="00"/>
						<SP ID="P33_SP00426" HPOS="639" VPOS="2765" WIDTH="22"/>
						<String ID="P33_ST00461" HPOS="661" VPOS="2712" WIDTH="127" HEIGHT="54" CONTENT="pièce," WC="0.99" CC="008004"/>
						<SP ID="P33_SP00427" HPOS="788" VPOS="2766" WIDTH="101"/>
						<String ID="P33_ST00462" HPOS="889" VPOS="2727" WIDTH="104" HEIGHT="40" CONTENT="pour" WC="1.00" CC="0000"/>
						<SP ID="P33_SP00428" HPOS="993" VPOS="2767" WIDTH="21"/>
						<String ID="P33_ST00463" HPOS="1014" VPOS="2714" WIDTH="216" HEIGHT="53" CONTENT="employer" WC="1.00" CC="00044002"/>
						<SP ID="P33_SP00429" HPOS="1230" VPOS="2767" WIDTH="22"/>
						<String ID="P33_ST00464" HPOS="1252" VPOS="2728" WIDTH="62" HEIGHT="25" CONTENT="ses" WC="1.00" CC="000"/>
						<SP ID="P33_SP00430" HPOS="1314" VPOS="2767" WIDTH="22"/>
						<String ID="P33_ST00465" HPOS="1336" VPOS="2726" WIDTH="169" HEIGHT="40" CONTENT="propres" WC="1.00" CC="0000000"/>
						<SP ID="P33_SP00431" HPOS="1505" VPOS="2767" WIDTH="23"/>
						<String ID="P33_ST00466" HPOS="1528" VPOS="2714" WIDTH="274" HEIGHT="51" CONTENT="expressions," WC="1.00" CC="000000000114"/>
						<SP ID="P33_SP00432" HPOS="1802" VPOS="2767" WIDTH="89"/>
						<String ID="P33_ST00467" HPOS="1891" VPOS="2712" WIDTH="105" HEIGHT="39" CONTENT="n'est" WC="1.00" CC="01000"/>
						<SP ID="P33_SP00433" HPOS="1996" VPOS="2767" WIDTH="16"/>
						<String ID="P33_ST00468" HPOS="2012" VPOS="2712" WIDTH="149" HEIGHT="51" CONTENT="qu'une" WC="0.98" CC="074400"/>
					</TextLine>
					<TextLine ID="P33_TL00036" HPOS="134" VPOS="2782" WIDTH="1244" HEIGHT="55">
						<String ID="P33_ST00469" HPOS="134" VPOS="2796" WIDTH="24" HEIGHT="24" CONTENT="«" WC="0.32" CC="6"/>
						<SP ID="P33_SP00434" HPOS="158" VPOS="2820" WIDTH="22"/>
						<String ID="P33_ST00470" HPOS="180" VPOS="2782" WIDTH="89" HEIGHT="52" CONTENT="pâle" WC="0.98" CC="0720"/>
						<SP ID="P33_SP00435" HPOS="269" VPOS="2834" WIDTH="23"/>
						<String ID="P33_ST00471" HPOS="292" VPOS="2795" WIDTH="175" HEIGHT="40" CONTENT="gravure" WC="1.00" CC="0000000"/>
						<SP ID="P33_SP00436" HPOS="467" VPOS="2835" WIDTH="21"/>
						<String ID="P33_ST00472" HPOS="488" VPOS="2796" WIDTH="24" HEIGHT="25" CONTENT="»" WC="0.36" CC="6"/>
						<SP ID="P33_SP00437" HPOS="512" VPOS="2835" WIDTH="24"/>
						<String ID="P33_ST00473" HPOS="536" VPOS="2782" WIDTH="144" HEIGHT="53" CONTENT="auprès" WC="0.99" CC="000070"/>
						<SP ID="P33_SP00438" HPOS="680" VPOS="2835" WIDTH="23"/>
						<String ID="P33_ST00474" HPOS="703" VPOS="2784" WIDTH="99" HEIGHT="38" CONTENT="d'un" WC="0.98" CC="0450"/>
						<SP ID="P33_SP00439" HPOS="802" VPOS="2835" WIDTH="24"/>
						<String ID="P33_ST00475" HPOS="826" VPOS="2798" WIDTH="24" HEIGHT="25" CONTENT="«" WC="0.33" CC="6"/>
						<SP ID="P33_SP00440" HPOS="850" VPOS="2835" WIDTH="25"/>
						<String ID="P33_ST00476" HPOS="875" VPOS="2784" WIDTH="256" HEIGHT="53" CONTENT="magnifique" WC="0.99" CC="0000382040"/>
						<SP ID="P33_SP00441" HPOS="1131" VPOS="2837" WIDTH="23"/>
						<String ID="P33_ST00477" HPOS="1154" VPOS="2783" WIDTH="161" HEIGHT="40" CONTENT="tableau" WC="1.00" CC="0000005"/>
						<SP ID="P33_SP00442" HPOS="1315" VPOS="2837" WIDTH="24"/>
						<String ID="P33_ST00478" HPOS="1339" VPOS="2796" WIDTH="39" HEIGHT="26" CONTENT="»." WC="0.49" CC="63"/>
					</TextLine>
					<TextLine ID="P33_TL00037" HPOS="245" VPOS="2850" WIDTH="1916" HEIGHT="55">
						<String ID="P33_ST00479" HPOS="245" VPOS="2855" WIDTH="139" HEIGHT="43" CONTENT="Quant" WC="1.00" CC="30000"/>
						<SP ID="P33_SP00443" HPOS="384" VPOS="2898" WIDTH="34"/>
						<String ID="P33_ST00480" HPOS="418" VPOS="2850" WIDTH="22" HEIGHT="41" CONTENT="à" WC="0.43" CC="5"/>
						<SP ID="P33_SP00444" HPOS="440" VPOS="2898" WIDTH="33"/>
						<String ID="P33_ST00481" HPOS="473" VPOS="2852" WIDTH="37" HEIGHT="39" CONTENT="la" WC="0.78" CC="40"/>
						<SP ID="P33_SP00445" HPOS="510" VPOS="2898" WIDTH="35"/>
						<String ID="P33_ST00482" HPOS="545" VPOS="2853" WIDTH="190" HEIGHT="51" CONTENT="musique" WC="0.99" CC="0225070"/>
						<SP ID="P33_SP00446" HPOS="735" VPOS="2904" WIDTH="36"/>
						<String ID="P33_ST00483" HPOS="771" VPOS="2854" WIDTH="103" HEIGHT="38" CONTENT="dont" WC="0.99" CC="0040"/>
						<SP ID="P33_SP00447" HPOS="874" VPOS="2904" WIDTH="35"/>
						<String ID="P33_ST00484" HPOS="909" VPOS="2854" WIDTH="178" HEIGHT="39" CONTENT="Gounod" WC="0.89" CC="006000"/>
						<SP ID="P33_SP00448" HPOS="1087" VPOS="2904" WIDTH="30"/>
						<String ID="P33_ST00485" HPOS="1117" VPOS="2854" WIDTH="125" HEIGHT="51" CONTENT="jeune" WC="0.99" CC="00500"/>
						<SP ID="P33_SP00449" HPOS="1242" VPOS="2905" WIDTH="37"/>
						<String ID="P33_ST00486" HPOS="1279" VPOS="2865" WIDTH="148" HEIGHT="27" CONTENT="encore" WC="1.00" CC="003000"/>
						<SP ID="P33_SP00450" HPOS="1427" VPOS="2905" WIDTH="33"/>
						<String ID="P33_ST00487" HPOS="1460" VPOS="2865" WIDTH="22" HEIGHT="26" CONTENT="a" WC="1.00" CC="0"/>
						<SP ID="P33_SP00451" HPOS="1482" VPOS="2905" WIDTH="34"/>
						<String ID="P33_ST00488" HPOS="1516" VPOS="2853" WIDTH="141" HEIGHT="38" CONTENT="revêtu" WC="0.99" CC="000703"/>
						<SP ID="P33_SP00452" HPOS="1657" VPOS="2905" WIDTH="36"/>
						<String ID="P33_ST00489" HPOS="1693" VPOS="2851" WIDTH="198" HEIGHT="53" CONTENT="quelques" WC="1.00" CC="00030001"/>
						<SP ID="P33_SP00453" HPOS="1891" VPOS="2905" WIDTH="36"/>
						<String ID="P33_ST00490" HPOS="1927" VPOS="2851" WIDTH="164" HEIGHT="39" CONTENT="chœurs" WC="0.99" CC="350000"/>
						<SP ID="P33_SP00454" HPOS="2091" VPOS="2905" WIDTH="35"/>
						<String ID="P33_ST00491" HPOS="2126" VPOS="2852" WIDTH="35" HEIGHT="38" CONTENT="&amp;" WC="0.86" CC="1"/>
					</TextLine>
					<TextLine ID="P33_TL00038" HPOS="135" VPOS="2920" WIDTH="2027" HEIGHT="55">
						<String ID="P33_ST00492" HPOS="135" VPOS="2920" WIDTH="194" HEIGHT="52" CONTENT="quelques" WC="1.00" CC="00040000"/>
						<SP ID="P33_SP00455" HPOS="329" VPOS="2972" WIDTH="21"/>
						<String ID="P33_ST00493" HPOS="350" VPOS="2921" WIDTH="229" HEIGHT="52" CONTENT="fragments" WC="1.00" CC="000000200"/>
						<SP ID="P33_SP00456" HPOS="579" VPOS="2973" WIDTH="21"/>
						<String ID="P33_ST00494" HPOS="600" VPOS="2923" WIDTH="49" HEIGHT="38" CONTENT="de" WC="1.00" CC="00"/>
						<SP ID="P33_SP00457" HPOS="649" VPOS="2973" WIDTH="22"/>
						<String ID="P33_ST00495" HPOS="671" VPOS="2923" WIDTH="207" HEIGHT="52" CONTENT="dialogue," WC="1.00" CC="000000203"/>
						<SP ID="P33_SP00458" HPOS="878" VPOS="2975" WIDTH="21"/>
						<String ID="P33_ST00496" HPOS="899" VPOS="2923" WIDTH="241" HEIGHT="52" CONTENT="j'apprends" WC="1.00" CC="0400000200"/>
						<SP ID="P33_SP00459" HPOS="1140" VPOS="2975" WIDTH="23"/>
						<String ID="P33_ST00497" HPOS="1163" VPOS="2935" WIDTH="72" HEIGHT="39" CONTENT="par" WC="1.00" CC="000"/>
						<SP ID="P33_SP00460" HPOS="1235" VPOS="2975" WIDTH="21"/>
						<String ID="P33_ST00498" HPOS="1256" VPOS="2923" WIDTH="35" HEIGHT="38" CONTENT="le" WC="0.93" CC="10"/>
						<SP ID="P33_SP00461" HPOS="1291" VPOS="2975" WIDTH="23"/>
						<String ID="P33_ST00499" HPOS="1314" VPOS="2921" WIDTH="269" HEIGHT="40" CONTENT="didionnaire" WC="0.86" CC="00950000000"/>
						<SP ID="P33_SP00462" HPOS="1583" VPOS="2975" WIDTH="23"/>
						<String ID="P33_ST00500" HPOS="1606" VPOS="2923" WIDTH="49" HEIGHT="38" CONTENT="de" WC="1.00" CC="00"/>
						<SP ID="P33_SP00463" HPOS="1655" VPOS="2975" WIDTH="22"/>
						<String ID="P33_ST00501" HPOS="1677" VPOS="2921" WIDTH="201" HEIGHT="39" CONTENT="Riemann" WC="0.97" CC="2000000"/>
						<SP ID="P33_SP00464" HPOS="1878" VPOS="2975" WIDTH="24"/>
						<String ID="P33_ST00502" HPOS="1902" VPOS="2920" WIDTH="144" HEIGHT="52" CONTENT="qu'elle" WC="1.00" CC="0030030"/>
						<SP ID="P33_SP00465" HPOS="2046" VPOS="2975" WIDTH="17"/>
						<String ID="P33_ST00503" HPOS="2063" VPOS="2923" WIDTH="99" HEIGHT="36" CONTENT="veut" WC="1.00" CC="0000"/>
					</TextLine>
					<TextLine ID="P33_TL00039" HPOS="134" VPOS="2989" WIDTH="2023" HEIGHT="54">
						<String ID="P33_ST00504" HPOS="134" VPOS="3003" WIDTH="24" HEIGHT="24" CONTENT="«" WC="0.28" CC="7"/>
						<SP ID="P33_SP00466" HPOS="158" VPOS="3027" WIDTH="24"/>
						<String ID="P33_ST00505" HPOS="182" VPOS="2989" WIDTH="133" HEIGHT="39" CONTENT="imiter" WC="1.00" CC="000000"/>
						<SP ID="P33_SP00467" HPOS="315" VPOS="3028" WIDTH="28"/>
						<String ID="P33_ST00506" HPOS="343" VPOS="2991" WIDTH="195" HEIGHT="51" CONTENT="l'antique" WC="1.00" CC="300300000"/>
						<SP ID="P33_SP00468" HPOS="538" VPOS="3042" WIDTH="28"/>
						<String ID="P33_ST00507" HPOS="566" VPOS="3004" WIDTH="40" HEIGHT="26" CONTENT="»." WC="0.79" CC="04"/>
						<SP ID="P33_SP00469" HPOS="606" VPOS="3042" WIDTH="34"/>
						<String ID="P33_ST00508" HPOS="640" VPOS="2992" WIDTH="65" HEIGHT="38" CONTENT="On" WC="0.86" CC="02"/>
						<SP ID="P33_SP00470" HPOS="705" VPOS="3042" WIDTH="29"/>
						<String ID="P33_ST00509" HPOS="734" VPOS="2992" WIDTH="160" HEIGHT="39" CONTENT="affirme" WC="0.99" CC="0770000"/>
						<SP ID="P33_SP00471" HPOS="894" VPOS="3042" WIDTH="29"/>
						<String ID="P33_ST00510" HPOS="923" VPOS="2992" WIDTH="157" HEIGHT="39" CONTENT="d'autre" WC="1.00" CC="0400000"/>
						<SP ID="P33_SP00472" HPOS="1080" VPOS="3042" WIDTH="37"/>
						<String ID="P33_ST00511" HPOS="1117" VPOS="2996" WIDTH="90" HEIGHT="47" CONTENT="part" WC="1.00" CC="0000"/>
						<SP ID="P33_SP00473" HPOS="1207" VPOS="3043" WIDTH="35"/>
						<String ID="P33_ST00512" HPOS="1242" VPOS="3004" WIDTH="78" HEIGHT="39" CONTENT="que" WC="1.00" CC="000"/>
						<SP ID="P33_SP00474" HPOS="1320" VPOS="3043" WIDTH="35"/>
						<String ID="P33_ST00513" HPOS="1355" VPOS="2991" WIDTH="84" HEIGHT="40" CONTENT="l'un" WC="0.97" CC="4460"/>
						<SP ID="P33_SP00475" HPOS="1439" VPOS="3043" WIDTH="36"/>
						<String ID="P33_ST00514" HPOS="1475" VPOS="2993" WIDTH="49" HEIGHT="37" CONTENT="de" WC="1.00" CC="00"/>
						<SP ID="P33_SP00476" HPOS="1524" VPOS="3043" WIDTH="30"/>
						<String ID="P33_ST00515" HPOS="1554" VPOS="3004" WIDTH="74" HEIGHT="26" CONTENT="nos" WC="1.00" CC="000"/>
						<SP ID="P33_SP00477" HPOS="1628" VPOS="3043" WIDTH="30"/>
						<String ID="P33_ST00516" HPOS="1658" VPOS="2992" WIDTH="153" HEIGHT="51" CONTENT="grands" WC="1.00" CC="000000"/>
						<SP ID="P33_SP00478" HPOS="1811" VPOS="3043" WIDTH="30"/>
						<String ID="P33_ST00517" HPOS="1841" VPOS="2989" WIDTH="316" HEIGHT="52" CONTENT="compositeurs," WC="1.00" CC="4000000003504"/>
					</TextLine>
					<TextLine ID="P33_TL00040" HPOS="132" VPOS="3057" WIDTH="2024" HEIGHT="57">
						<String ID="P33_ST00518" HPOS="132" VPOS="3071" WIDTH="136" HEIGHT="27" CONTENT="connu" WC="0.99" CC="50004"/>
						<SP ID="P33_SP00479" HPOS="268" VPOS="3098" WIDTH="24"/>
						<String ID="P33_ST00519" HPOS="292" VPOS="3072" WIDTH="103" HEIGHT="39" CONTENT="pour" WC="0.98" CC="0070"/>
						<SP ID="P33_SP00480" HPOS="395" VPOS="3111" WIDTH="21"/>
						<String ID="P33_ST00520" HPOS="416" VPOS="3073" WIDTH="43" HEIGHT="25" CONTENT="sa" WC="0.93" CC="10"/>
						<SP ID="P33_SP00481" HPOS="459" VPOS="3111" WIDTH="21"/>
						<String ID="P33_ST00521" HPOS="480" VPOS="3060" WIDTH="204" HEIGHT="40" CONTENT="franchise" WC="1.00" CC="000500020"/>
						<SP ID="P33_SP00482" HPOS="684" VPOS="3111" WIDTH="21"/>
						<String ID="P33_ST00522" HPOS="705" VPOS="3062" WIDTH="151" HEIGHT="51" CONTENT="parfois" WC="1.00" CC="0000000"/>
						<SP ID="P33_SP00483" HPOS="856" VPOS="3113" WIDTH="24"/>
						<String ID="P33_ST00523" HPOS="880" VPOS="3074" WIDTH="53" HEIGHT="26" CONTENT="un" WC="0.86" CC="20"/>
						<SP ID="P33_SP00484" HPOS="933" VPOS="3113" WIDTH="17"/>
						<String ID="P33_ST00524" HPOS="950" VPOS="3074" WIDTH="76" HEIGHT="40" CONTENT="peu" WC="0.98" CC="005"/>
						<SP ID="P33_SP00485" HPOS="1026" VPOS="3114" WIDTH="20"/>
						<String ID="P33_ST00525" HPOS="1046" VPOS="3062" WIDTH="191" HEIGHT="50" CONTENT="brusque," WC="0.99" CC="00610504"/>
						<SP ID="P33_SP00486" HPOS="1237" VPOS="3114" WIDTH="21"/>
						<String ID="P33_ST00526" HPOS="1258" VPOS="3061" WIDTH="132" HEIGHT="39" CONTENT="aurait" WC="1.00" CC="000013"/>
						<SP ID="P33_SP00487" HPOS="1390" VPOS="3114" WIDTH="16"/>
						<String ID="P33_ST00527" HPOS="1406" VPOS="3062" WIDTH="59" HEIGHT="37" CONTENT="dit" WC="0.99" CC="010"/>
						<SP ID="P33_SP00488" HPOS="1465" VPOS="3114" WIDTH="17"/>
						<String ID="P33_ST00528" HPOS="1482" VPOS="3074" WIDTH="53" HEIGHT="26" CONTENT="un" WC="0.64" CC="07"/>
						<SP ID="P33_SP00489" HPOS="1535" VPOS="3114" WIDTH="19"/>
						<String ID="P33_ST00529" HPOS="1554" VPOS="3062" WIDTH="90" HEIGHT="49" CONTENT="jour" WC="0.98" CC="0071"/>
						<SP ID="P33_SP00490" HPOS="1644" VPOS="3114" WIDTH="14"/>
						<String ID="P33_ST00530" HPOS="1658" VPOS="3059" WIDTH="47" HEIGHT="53" CONTENT="(il" WC="0.97" CC="206"/>
						<SP ID="P33_SP00491" HPOS="1705" VPOS="3114" WIDTH="16"/>
						<String ID="P33_ST00531" HPOS="1721" VPOS="3074" WIDTH="28" HEIGHT="37" CONTENT="y" WC="1.00" CC="0"/>
						<SP ID="P33_SP00492" HPOS="1749" VPOS="3114" WIDTH="17"/>
						<String ID="P33_ST00532" HPOS="1766" VPOS="3072" WIDTH="21" HEIGHT="26" CONTENT="a" WC="1.00" CC="0"/>
						<SP ID="P33_SP00493" HPOS="1787" VPOS="3114" WIDTH="17"/>
						<String ID="P33_ST00533" HPOS="1804" VPOS="3072" WIDTH="54" HEIGHT="26" CONTENT="un" WC="0.97" CC="00"/>
						<SP ID="P33_SP00494" HPOS="1858" VPOS="3114" WIDTH="18"/>
						<String ID="P33_ST00534" HPOS="1876" VPOS="3072" WIDTH="50" HEIGHT="26" CONTENT="an" WC="1.00" CC="00"/>
						<SP ID="P33_SP00495" HPOS="1926" VPOS="3114" WIDTH="17"/>
						<String ID="P33_ST00535" HPOS="1943" VPOS="3057" WIDTH="192" HEIGHT="53" CONTENT="environ)" WC="1.00" CC="00000100"/>
						<SP ID="P33_SP00496" HPOS="2135" VPOS="3114" WIDTH="14"/>
						<String ID="P33_ST00536" HPOS="2149" VPOS="3070" WIDTH="7" HEIGHT="26" CONTENT=":" WC="0.51" CC="4"/>
					</TextLine>
					<TextLine ID="P33_TL00041" HPOS="132" VPOS="3128" WIDTH="2027" HEIGHT="54">
						<String ID="P33_ST00537" HPOS="132" VPOS="3141" WIDTH="24" HEIGHT="25" CONTENT="«" WC="0.25" CC="7"/>
						<SP ID="P33_SP00497" HPOS="156" VPOS="3166" WIDTH="23"/>
						<String ID="P33_ST00538" HPOS="179" VPOS="3128" WIDTH="52" HEIGHT="38" CONTENT="La" WC="1.00" CC="00"/>
						<SP ID="P33_SP00498" HPOS="231" VPOS="3166" WIDTH="22"/>
						<String ID="P33_ST00539" HPOS="253" VPOS="3128" WIDTH="109" HEIGHT="40" CONTENT="seule" WC="0.99" CC="00060"/>
						<SP ID="P33_SP00499" HPOS="362" VPOS="3168" WIDTH="23"/>
						<String ID="P33_ST00540" HPOS="385" VPOS="3128" WIDTH="123" HEIGHT="40" CONTENT="chose" WC="0.99" CC="00400"/>
						<SP ID="P33_SP00500" HPOS="508" VPOS="3168" WIDTH="23"/>
						<String ID="P33_ST00541" HPOS="531" VPOS="3142" WIDTH="53" HEIGHT="27" CONTENT="un" WC="0.89" CC="02"/>
						<SP ID="P33_SP00501" HPOS="584" VPOS="3169" WIDTH="24"/>
						<String ID="P33_ST00542" HPOS="608" VPOS="3143" WIDTH="76" HEIGHT="38" CONTENT="peu" WC="0.97" CC="007"/>
						<SP ID="P33_SP00502" HPOS="684" VPOS="3181" WIDTH="24"/>
						<String ID="P33_ST00543" HPOS="708" VPOS="3143" WIDTH="146" HEIGHT="39" CONTENT="propre" WC="1.00" CC="000000"/>
						<SP ID="P33_SP00503" HPOS="854" VPOS="3182" WIDTH="23"/>
						<String ID="P33_ST00544" HPOS="877" VPOS="3144" WIDTH="78" HEIGHT="38" CONTENT="que" WC="0.98" CC="050"/>
						<SP ID="P33_SP00504" HPOS="955" VPOS="3182" WIDTH="23"/>
						<String ID="P33_ST00545" HPOS="978" VPOS="3131" WIDTH="177" HEIGHT="39" CONTENT="Gounod" WC="1.00" CC="000000"/>
						<SP ID="P33_SP00505" HPOS="1155" VPOS="3182" WIDTH="23"/>
						<String ID="P33_ST00546" HPOS="1178" VPOS="3130" WIDTH="57" HEIGHT="39" CONTENT="ait" WC="0.98" CC="040"/>
						<SP ID="P33_SP00506" HPOS="1235" VPOS="3182" WIDTH="23"/>
						<String ID="P33_ST00547" HPOS="1258" VPOS="3130" WIDTH="137" HEIGHT="45" CONTENT="écrite," WC="0.99" CC="1203003"/>
						<SP ID="P33_SP00507" HPOS="1395" VPOS="3182" WIDTH="28"/>
						<String ID="P33_ST00548" HPOS="1423" VPOS="3143" WIDTH="43" HEIGHT="26" CONTENT="ce" WC="0.70" CC="50"/>
						<SP ID="P33_SP00508" HPOS="1466" VPOS="3182" WIDTH="30"/>
						<String ID="P33_ST00549" HPOS="1496" VPOS="3133" WIDTH="95" HEIGHT="36" CONTENT="sont" WC="1.00" CC="0000"/>
						<SP ID="P33_SP00509" HPOS="1591" VPOS="3182" WIDTH="30"/>
						<String ID="P33_ST00550" HPOS="1621" VPOS="3129" WIDTH="56" HEIGHT="39" CONTENT="les" WC="0.98" CC="400"/>
						<SP ID="P33_SP00510" HPOS="1677" VPOS="3182" WIDTH="32"/>
						<String ID="P33_ST00551" HPOS="1709" VPOS="3130" WIDTH="164" HEIGHT="38" CONTENT="chœurs" WC="0.99" CC="000600"/>
						<SP ID="P33_SP00511" HPOS="1873" VPOS="3182" WIDTH="29"/>
						<String ID="P33_ST00552" HPOS="1902" VPOS="3128" WIDTH="205" HEIGHT="51" CONTENT="d'Ulysse." WC="1.00" CC="040200003"/>
						<SP ID="P33_SP00512" HPOS="2107" VPOS="3182" WIDTH="28"/>
						<String ID="P33_ST00553" HPOS="2135" VPOS="3140" WIDTH="24" HEIGHT="25" CONTENT="»" WC="1.00" CC="0"/>
					</TextLine>
				</TextBlock>
				<TextBlock ID="P33_TB00007" HPOS="127" VPOS="3294" WIDTH="2030" HEIGHT="390" STYLEREFS="TXT_9 PAR_BLOCK">
					<TextLine ID="P33_TL00042" HPOS="218" VPOS="3295" WIDTH="1939" HEIGHT="45">
						<String ID="P33_ST00554" HPOS="218" VPOS="3295" WIDTH="49" HEIGHT="39" CONTENT="(1)" WC="0.70" CC="340"/>
						<SP ID="P33_SP00513" HPOS="267" VPOS="3334" WIDTH="24"/>
						<String ID="P33_ST00555" HPOS="291" VPOS="3296" WIDTH="46" HEIGHT="29" CONTENT="En" WC="0.95" CC="00"/>
						<SP ID="P33_SP00514" HPOS="337" VPOS="3334" WIDTH="23"/>
						<String ID="P33_ST00556" HPOS="360" VPOS="3296" WIDTH="82" HEIGHT="30" CONTENT="voici" WC="0.99" CC="00005"/>
						<SP ID="P33_SP00515" HPOS="442" VPOS="3334" WIDTH="23"/>
						<String ID="P33_ST00557" HPOS="465" VPOS="3297" WIDTH="29" HEIGHT="29" CONTENT="le" WC="0.78" CC="40"/>
						<SP ID="P33_SP00516" HPOS="494" VPOS="3334" WIDTH="22"/>
						<String ID="P33_ST00558" HPOS="516" VPOS="3296" WIDTH="78" HEIGHT="31" CONTENT="titre" WC="0.97" CC="44440"/>
						<SP ID="P33_SP00517" HPOS="594" VPOS="3334" WIDTH="22"/>
						<String ID="P33_ST00559" HPOS="616" VPOS="3297" WIDTH="90" HEIGHT="31" CONTENT="exaét" WC="0.65" CC="00088"/>
						<SP ID="P33_SP00518" HPOS="706" VPOS="3334" WIDTH="25"/>
						<String ID="P33_ST00560" HPOS="731" VPOS="3310" WIDTH="5" HEIGHT="19" CONTENT=":" WC="0.55" CC="4"/>
						<SP ID="P33_SP00519" HPOS="736" VPOS="3334" WIDTH="24"/>
						<String ID="P33_ST00561" HPOS="760" VPOS="3298" WIDTH="102" HEIGHT="31" CONTENT="Ballet" WC="0.98" CC="440570" STYLEREFS="TXT_10"/>
						<SP ID="P33_SP00520" HPOS="862" VPOS="3334" WIDTH="19"/>
						<String ID="P33_ST00562" HPOS="881" VPOS="3299" WIDTH="133" HEIGHT="40" CONTENT="comique" WC="0.99" CC="0200087" STYLEREFS="TXT_10"/>
						<SP ID="P33_SP00521" HPOS="1014" VPOS="3339" WIDTH="21"/>
						<String ID="P33_ST00563" HPOS="1035" VPOS="3299" WIDTH="36" HEIGHT="30" CONTENT="de" WC="1.00" CC="00" STYLEREFS="TXT_10"/>
						<SP ID="P33_SP00522" HPOS="1071" VPOS="3339" WIDTH="22"/>
						<String ID="P33_ST00564" HPOS="1093" VPOS="3299" WIDTH="30" HEIGHT="30" CONTENT="la" WC="0.50" CC="36" STYLEREFS="TXT_10"/>
						<SP ID="P33_SP00523" HPOS="1123" VPOS="3339" WIDTH="23"/>
						<String ID="P33_ST00565" HPOS="1146" VPOS="3299" WIDTH="114" HEIGHT="40" CONTENT="Royne," WC="0.59" CC="446603" STYLEREFS="TXT_10"/>
						<SP ID="P33_SP00524" HPOS="1260" VPOS="3339" WIDTH="16"/>
						<String ID="P33_ST00566" HPOS="1276" VPOS="3298" WIDTH="88" HEIGHT="42" CONTENT="faict" WC="0.74" CC="06600" STYLEREFS="TXT_10"/>
						<SP ID="P33_SP00525" HPOS="1364" VPOS="3340" WIDTH="18"/>
						<String ID="P33_ST00567" HPOS="1382" VPOS="3308" WIDTH="64" HEIGHT="20" CONTENT="aux" WC="0.93" CC="179" STYLEREFS="TXT_10"/>
						<SP ID="P33_SP00526" HPOS="1446" VPOS="3340" WIDTH="22"/>
						<String ID="P33_ST00568" HPOS="1468" VPOS="3301" WIDTH="107" HEIGHT="37" CONTENT="nopees" WC="0.72" CC="600306" STYLEREFS="TXT_10"/>
						<SP ID="P33_SP00527" HPOS="1575" VPOS="3340" WIDTH="22"/>
						<String ID="P33_ST00569" HPOS="1597" VPOS="3299" WIDTH="36" HEIGHT="30" CONTENT="de" WC="1.00" CC="00" STYLEREFS="TXT_10"/>
						<SP ID="P33_SP00528" HPOS="1633" VPOS="3340" WIDTH="21"/>
						<String ID="P33_ST00570" HPOS="1654" VPOS="3299" WIDTH="160" HEIGHT="30" CONTENT="Monsieur" WC="1.00" CC="00500002" STYLEREFS="TXT_10"/>
						<SP ID="P33_SP00529" HPOS="1814" VPOS="3340" WIDTH="21"/>
						<String ID="P33_ST00571" HPOS="1835" VPOS="3298" WIDTH="26" HEIGHT="30" CONTENT="le" WC="0.66" CC="06" STYLEREFS="TXT_10"/>
						<SP ID="P33_SP00530" HPOS="1861" VPOS="3340" WIDTH="28"/>
						<String ID="P33_ST00572" HPOS="1889" VPOS="3298" WIDTH="59" HEIGHT="29" CONTENT="duc" WC="1.00" CC="000" STYLEREFS="TXT_10"/>
						<SP ID="P33_SP00531" HPOS="1948" VPOS="3340" WIDTH="26"/>
						<String ID="P33_ST00573" HPOS="1974" VPOS="3297" WIDTH="35" HEIGHT="30" CONTENT="de" WC="1.00" CC="00" STYLEREFS="TXT_10"/>
						<SP ID="P33_SP00532" HPOS="2009" VPOS="3340" WIDTH="28"/>
						<String ID="P33_ST00574" HPOS="2037" VPOS="3297" WIDTH="120" HEIGHT="39" CONTENT="loyeuse" WC="0.51" CC="2467604" STYLEREFS="TXT_10"/>
					</TextLine>
					<TextLine ID="P33_TL00043" HPOS="129" VPOS="3345" WIDTH="2028" HEIGHT="44">
						<String ID="P33_ST00575" HPOS="129" VPOS="3347" WIDTH="31" HEIGHT="27" CONTENT="et" WC="0.53" CC="53" STYLEREFS="TXT_10"/>
						<SP ID="P33_SP00533" HPOS="160" VPOS="3374" WIDTH="16"/>
						<String ID="P33_ST00576" HPOS="176" VPOS="3345" WIDTH="226" HEIGHT="31" CONTENT="Mademoiselle" WC="0.99" CC="400070301350" STYLEREFS="TXT_10"/>
						<SP ID="P33_SP00534" HPOS="402" VPOS="3376" WIDTH="20"/>
						<String ID="P33_ST00577" HPOS="422" VPOS="3347" WIDTH="36" HEIGHT="30" CONTENT="de" WC="0.79" CC="04" STYLEREFS="TXT_10"/>
						<SP ID="P33_SP00535" HPOS="458" VPOS="3377" WIDTH="21"/>
						<String ID="P33_ST00578" HPOS="479" VPOS="3348" WIDTH="195" HEIGHT="30" CONTENT="Vaudemont" WC="0.76" CC="830000072" STYLEREFS="TXT_10"/>
						<SP ID="P33_SP00536" HPOS="674" VPOS="3378" WIDTH="18"/>
						<String ID="P33_ST00579" HPOS="692" VPOS="3358" WIDTH="34" HEIGHT="21" CONTENT="sa" WC="1.00" CC="00" STYLEREFS="TXT_10"/>
						<SP ID="P33_SP00537" HPOS="726" VPOS="3379" WIDTH="22"/>
						<String ID="P33_ST00580" HPOS="748" VPOS="3359" WIDTH="92" HEIGHT="27" CONTENT="sœur," WC="0.99" CC="00070" STYLEREFS="TXT_10"/>
						<SP ID="P33_SP00538" HPOS="840" VPOS="3386" WIDTH="21"/>
						<String ID="P33_ST00581" HPOS="861" VPOS="3352" WIDTH="61" HEIGHT="36" CONTENT="par" WC="1.00" CC="010" STYLEREFS="TXT_10"/>
						<SP ID="P33_SP00539" HPOS="922" VPOS="3388" WIDTH="24"/>
						<String ID="P33_ST00582" HPOS="946" VPOS="3350" WIDTH="151" HEIGHT="39" CONTENT="Balta\ar" WC="0.63" CC="60340760" STYLEREFS="TXT_10"/>
						<SP ID="P33_SP00540" HPOS="1097" VPOS="3389" WIDTH="20"/>
						<String ID="P33_ST00583" HPOS="1117" VPOS="3350" WIDTH="36" HEIGHT="29" CONTENT="de" WC="1.00" CC="00" STYLEREFS="TXT_10"/>
						<SP ID="P33_SP00541" HPOS="1153" VPOS="3389" WIDTH="22"/>
						<String ID="P33_ST00584" HPOS="1175" VPOS="3348" WIDTH="217" HEIGHT="41" CONTENT="Beauioyevlx," WC="0.73" CC="059700003140" STYLEREFS="TXT_10"/>
						<SP ID="P33_SP00542" HPOS="1392" VPOS="3389" WIDTH="23"/>
						<String ID="P33_ST00585" HPOS="1415" VPOS="3348" WIDTH="85" HEIGHT="31" CONTENT="valet" WC="0.98" CC="65000" STYLEREFS="TXT_10"/>
						<SP ID="P33_SP00543" HPOS="1500" VPOS="3389" WIDTH="18"/>
						<String ID="P33_ST00586" HPOS="1518" VPOS="3350" WIDTH="36" HEIGHT="29" CONTENT="de" WC="0.64" CC="07" STYLEREFS="TXT_10"/>
						<SP ID="P33_SP00544" HPOS="1554" VPOS="3389" WIDTH="21"/>
						<String ID="P33_ST00587" HPOS="1575" VPOS="3348" WIDTH="141" HEIGHT="31" CONTENT="chambre" WC="0.99" CC="0507500" STYLEREFS="TXT_10"/>
						<SP ID="P33_SP00545" HPOS="1716" VPOS="3389" WIDTH="22"/>
						<String ID="P33_ST00588" HPOS="1738" VPOS="3350" WIDTH="40" HEIGHT="29" CONTENT="du" WC="1.00" CC="00" STYLEREFS="TXT_10"/>
						<SP ID="P33_SP00546" HPOS="1778" VPOS="3389" WIDTH="18"/>
						<String ID="P33_ST00589" HPOS="1796" VPOS="3358" WIDTH="54" HEIGHT="30" CONTENT="roy" WC="1.00" CC="000" STYLEREFS="TXT_10"/>
						<SP ID="P33_SP00547" HPOS="1850" VPOS="3389" WIDTH="15"/>
						<String ID="P33_ST00590" HPOS="1865" VPOS="3351" WIDTH="31" HEIGHT="27" CONTENT="et" WC="0.52" CC="63" STYLEREFS="TXT_10"/>
						<SP ID="P33_SP00548" HPOS="1896" VPOS="3389" WIDTH="11"/>
						<String ID="P33_ST00591" HPOS="1907" VPOS="3348" WIDTH="36" HEIGHT="30" CONTENT="de" WC="1.00" CC="00" STYLEREFS="TXT_10"/>
						<SP ID="P33_SP00549" HPOS="1943" VPOS="3389" WIDTH="22"/>
						<String ID="P33_ST00592" HPOS="1965" VPOS="3347" WIDTH="30" HEIGHT="30" CONTENT="la" WC="0.90" CC="01" STYLEREFS="TXT_10"/>
						<SP ID="P33_SP00550" HPOS="1995" VPOS="3389" WIDTH="21"/>
						<String ID="P33_ST00593" HPOS="2016" VPOS="3357" WIDTH="94" HEIGHT="29" CONTENT="royne" WC="0.79" CC="00055" STYLEREFS="TXT_10"/>
						<SP ID="P33_SP00551" HPOS="2110" VPOS="3389" WIDTH="14"/>
						<String ID="P33_ST00594" HPOS="2124" VPOS="3356" WIDTH="33" HEIGHT="20" CONTENT="sa" WC="1.00" CC="00" STYLEREFS="TXT_10"/>
					</TextLine>
					<TextLine ID="P33_TL00044" HPOS="129" VPOS="3393" WIDTH="2028" HEIGHT="47">
						<String ID="P33_ST00595" HPOS="129" VPOS="3393" WIDTH="93" HEIGHT="32" CONTENT="mère." WC="0.98" CC="47004" STYLEREFS="TXT_10"/>
						<SP ID="P33_SP00552" HPOS="222" VPOS="3425" WIDTH="31"/>
						<String ID="P33_ST00596" HPOS="253" VPOS="3396" WIDTH="103" HEIGHT="37" CONTENT="Paris," WC="1.00" CC="400001" STYLEREFS="TXT_10"/>
						<SP ID="P33_SP00553" HPOS="356" VPOS="3433" WIDTH="33"/>
						<String ID="P33_ST00597" HPOS="389" VPOS="3397" WIDTH="73" HEIGHT="41" CONTENT="ckeç" WC="0.61" CC="4703" STYLEREFS="TXT_10"/>
						<SP ID="P33_SP00554" HPOS="462" VPOS="3438" WIDTH="26"/>
						<String ID="P33_ST00598" HPOS="488" VPOS="3397" WIDTH="132" HEIGHT="31" CONTENT="Ballard" WC="0.87" CC="0026000" STYLEREFS="TXT_10"/>
						<SP ID="P33_SP00555" HPOS="620" VPOS="3438" WIDTH="25"/>
						<String ID="P33_ST00599" HPOS="645" VPOS="3402" WIDTH="31" HEIGHT="27" CONTENT="et" WC="0.81" CC="03" STYLEREFS="TXT_10"/>
						<SP ID="P33_SP00556" HPOS="676" VPOS="3438" WIDTH="25"/>
						<String ID="P33_ST00600" HPOS="701" VPOS="3400" WIDTH="156" HEIGHT="36" CONTENT="Pâtisson," WC="1.00" CC="400400001" STYLEREFS="TXT_10"/>
						<SP ID="P33_SP00557" HPOS="857" VPOS="3438" WIDTH="37"/>
						<String ID="P33_ST00601" HPOS="894" VPOS="3399" WIDTH="95" HEIGHT="41" CONTENT="1552." WC="0.47" CC="48435" STYLEREFS="TXT_10"/>
						<SP ID="P33_SP00558" HPOS="989" VPOS="3440" WIDTH="34"/>
						<String ID="P33_ST00602" HPOS="1023" VPOS="3399" WIDTH="59" HEIGHT="29" CONTENT="Les" WC="0.96" CC="405"/>
						<SP ID="P33_SP00559" HPOS="1082" VPOS="3440" WIDTH="29"/>
						<String ID="P33_ST00603" HPOS="1111" VPOS="3409" WIDTH="73" HEIGHT="21" CONTENT="vers" WC="0.98" CC="2040"/>
						<SP ID="P33_SP00560" HPOS="1184" VPOS="3440" WIDTH="28"/>
						<String ID="P33_ST00604" HPOS="1212" VPOS="3399" WIDTH="126" HEIGHT="30" CONTENT="étaient" WC="0.99" CC="8040000"/>
						<SP ID="P33_SP00561" HPOS="1338" VPOS="3440" WIDTH="29"/>
						<String ID="P33_ST00605" HPOS="1367" VPOS="3399" WIDTH="39" HEIGHT="29" CONTENT="de" WC="1.00" CC="00"/>
						<SP ID="P33_SP00562" HPOS="1406" VPOS="3440" WIDTH="31"/>
						<String ID="P33_ST00606" HPOS="1437" VPOS="3398" WIDTH="191" HEIGHT="31" CONTENT="l'aumônier" WC="0.99" CC="4400700204"/>
						<SP ID="P33_SP00563" HPOS="1628" VPOS="3440" WIDTH="30"/>
						<String ID="P33_ST00607" HPOS="1658" VPOS="3399" WIDTH="41" HEIGHT="29" CONTENT="du" WC="0.70" CC="05"/>
						<SP ID="P33_SP00564" HPOS="1699" VPOS="3440" WIDTH="30"/>
						<String ID="P33_ST00608" HPOS="1729" VPOS="3398" WIDTH="71" HEIGHT="37" CONTENT="Roi," WC="0.99" CC="0004"/>
						<SP ID="P33_SP00565" HPOS="1800" VPOS="3440" WIDTH="30"/>
						<String ID="P33_ST00609" HPOS="1830" VPOS="3398" WIDTH="28" HEIGHT="29" CONTENT="la" WC="0.69" CC="60"/>
						<SP ID="P33_SP00566" HPOS="1858" VPOS="3440" WIDTH="33"/>
						<String ID="P33_ST00610" HPOS="1891" VPOS="3397" WIDTH="168" HEIGHT="41" CONTENT="Chesnaye" WC="0.79" CC="50004060"/>
						<SP ID="P33_SP00567" HPOS="2059" VPOS="3440" WIDTH="15"/>
						<String ID="P33_ST00611" HPOS="2074" VPOS="3407" WIDTH="6" HEIGHT="26" CONTENT=";" WC="0.51" CC="4"/>
						<SP ID="P33_SP00568" HPOS="2080" VPOS="3440" WIDTH="32"/>
						<String ID="P33_ST00612" HPOS="2112" VPOS="3396" WIDTH="45" HEIGHT="30" CONTENT="les" WC="0.98" CC="500"/>
					</TextLine>
					<TextLine ID="P33_TL00045" HPOS="130" VPOS="3444" WIDTH="2027" HEIGHT="45">
						<String ID="P33_ST00613" HPOS="130" VPOS="3444" WIDTH="206" HEIGHT="32" CONTENT="décorations" WC="1.00" CC="08000000030"/>
						<SP ID="P33_SP00569" HPOS="336" VPOS="3476" WIDTH="24"/>
						<String ID="P33_ST00614" HPOS="360" VPOS="3445" WIDTH="29" HEIGHT="32" CONTENT="&amp;" WC="1.00" CC="0"/>
						<SP ID="P33_SP00570" HPOS="389" VPOS="3477" WIDTH="23"/>
						<String ID="P33_ST00615" HPOS="412" VPOS="3452" WIDTH="177" HEIGHT="33" CONTENT="costumes," WC="0.99" CC="002560054"/>
						<SP ID="P33_SP00571" HPOS="589" VPOS="3485" WIDTH="25"/>
						<String ID="P33_ST00616" HPOS="614" VPOS="3448" WIDTH="39" HEIGHT="30" CONTENT="de" WC="1.00" CC="00"/>
						<SP ID="P33_SP00572" HPOS="653" VPOS="3485" WIDTH="16"/>
						<String ID="P33_ST00617" HPOS="669" VPOS="3450" WIDTH="140" HEIGHT="39" CONTENT="Jacques" WC="1.00" CC="2010030"/>
						<SP ID="P33_SP00573" HPOS="809" VPOS="3489" WIDTH="22"/>
						<String ID="P33_ST00618" HPOS="831" VPOS="3449" WIDTH="105" HEIGHT="37" CONTENT="Patin," WC="0.98" CC="600133"/>
						<SP ID="P33_SP00574" HPOS="936" VPOS="3489" WIDTH="24"/>
						<String ID="P33_ST00619" HPOS="960" VPOS="3450" WIDTH="28" HEIGHT="29" CONTENT="la" WC="1.00" CC="00"/>
						<SP ID="P33_SP00575" HPOS="988" VPOS="3489" WIDTH="23"/>
						<String ID="P33_ST00620" HPOS="1011" VPOS="3449" WIDTH="149" HEIGHT="40" CONTENT="musique" WC="0.99" CC="0305050"/>
						<SP ID="P33_SP00576" HPOS="1160" VPOS="3489" WIDTH="23"/>
						<String ID="P33_ST00621" HPOS="1183" VPOS="3449" WIDTH="39" HEIGHT="29" CONTENT="de" WC="1.00" CC="00"/>
						<SP ID="P33_SP00577" HPOS="1222" VPOS="3489" WIDTH="23"/>
						<String ID="P33_ST00622" HPOS="1245" VPOS="3449" WIDTH="144" HEIGHT="36" CONTENT="Salmon," WC="0.78" CC="0050503"/>
						<SP ID="P33_SP00578" HPOS="1389" VPOS="3489" WIDTH="25"/>
						<String ID="P33_ST00623" HPOS="1414" VPOS="3449" WIDTH="40" HEIGHT="29" CONTENT="de" WC="1.00" CC="00"/>
						<SP ID="P33_SP00579" HPOS="1454" VPOS="3489" WIDTH="23"/>
						<String ID="P33_ST00624" HPOS="1477" VPOS="3449" WIDTH="191" HEIGHT="30" CONTENT="Baltazarini" WC="0.80" CC="37200040003"/>
						<SP ID="P33_SP00580" HPOS="1668" VPOS="3489" WIDTH="25"/>
						<String ID="P33_ST00625" HPOS="1693" VPOS="3449" WIDTH="132" HEIGHT="40" CONTENT="(appelé" WC="0.99" CC="1014040"/>
						<SP ID="P33_SP00581" HPOS="1825" VPOS="3489" WIDTH="16"/>
						<String ID="P33_ST00626" HPOS="1841" VPOS="3447" WIDTH="211" HEIGHT="41" CONTENT="Beaujoyeux)" WC="0.81" CC="00580000005" STYLEREFS="TXT_10"/>
						<SP ID="P33_SP00582" HPOS="2052" VPOS="3489" WIDTH="18"/>
						<String ID="P33_ST00627" HPOS="2070" VPOS="3445" WIDTH="30" HEIGHT="31" CONTENT="&amp;" WC="1.00" CC="0"/>
						<SP ID="P33_SP00583" HPOS="2100" VPOS="3489" WIDTH="17"/>
						<String ID="P33_ST00628" HPOS="2117" VPOS="3445" WIDTH="40" HEIGHT="30" CONTENT="de" WC="1.00" CC="00"/>
					</TextLine>
					<TextLine ID="P33_TL00046" HPOS="128" VPOS="3495" WIDTH="2027" HEIGHT="46">
						<String ID="P33_ST00629" HPOS="128" VPOS="3495" WIDTH="162" HEIGHT="30" CONTENT="Beaulieu." WC="0.94" CC="100000003"/>
						<SP ID="P33_SP00584" HPOS="290" VPOS="3525" WIDTH="25"/>
						<String ID="P33_ST00630" HPOS="315" VPOS="3496" WIDTH="43" HEIGHT="31" CONTENT="Ce" WC="0.55" CC="44"/>
						<SP ID="P33_SP00585" HPOS="358" VPOS="3527" WIDTH="23"/>
						<String ID="P33_ST00631" HPOS="381" VPOS="3498" WIDTH="100" HEIGHT="30" CONTENT="ballet" WC="1.00" CC="003000"/>
						<SP ID="P33_SP00586" HPOS="481" VPOS="3528" WIDTH="23"/>
						<String ID="P33_ST00632" HPOS="504" VPOS="3509" WIDTH="16" HEIGHT="19" CONTENT="a" WC="1.00" CC="0"/>
						<SP ID="P33_SP00587" HPOS="520" VPOS="3528" WIDTH="20"/>
						<String ID="P33_ST00633" HPOS="540" VPOS="3499" WIDTH="51" HEIGHT="29" CONTENT="été" WC="1.00" CC="000"/>
						<SP ID="P33_SP00588" HPOS="591" VPOS="3528" WIDTH="23"/>
						<String ID="P33_ST00634" HPOS="614" VPOS="3499" WIDTH="113" HEIGHT="42" CONTENT="l'objet" WC="0.99" CC="0421100"/>
						<SP ID="P33_SP00589" HPOS="727" VPOS="3541" WIDTH="22"/>
						<String ID="P33_ST00635" HPOS="749" VPOS="3499" WIDTH="96" HEIGHT="30" CONTENT="d'une" WC="0.99" CC="04040"/>
						<SP ID="P33_SP00590" HPOS="845" VPOS="3541" WIDTH="24"/>
						<String ID="P33_ST00636" HPOS="869" VPOS="3499" WIDTH="235" HEIGHT="41" CONTENT="monographie" WC="1.00" CC="04006000200"/>
						<SP ID="P33_SP00591" HPOS="1104" VPOS="3541" WIDTH="24"/>
						<String ID="P33_ST00637" HPOS="1128" VPOS="3495" WIDTH="4" HEIGHT="46" CONTENT=":" WC="1.00" CC="0"/>
						<SP ID="P33_SP00592" HPOS="1132" VPOS="3541" WIDTH="27"/>
						<String ID="P33_ST00638" HPOS="1159" VPOS="3499" WIDTH="55" HEIGHT="30" CONTENT="Les" WC="0.97" CC="510" STYLEREFS="TXT_10"/>
						<SP ID="P33_SP00593" HPOS="1214" VPOS="3541" WIDTH="22"/>
						<String ID="P33_ST00639" HPOS="1236" VPOS="3500" WIDTH="133" HEIGHT="39" CONTENT="origines" WC="0.99" CC="00444400" STYLEREFS="TXT_10"/>
						<SP ID="P33_SP00594" HPOS="1369" VPOS="3541" WIDTH="21"/>
						<String ID="P33_ST00640" HPOS="1390" VPOS="3499" WIDTH="36" HEIGHT="30" CONTENT="de" WC="1.00" CC="00" STYLEREFS="TXT_10"/>
						<SP ID="P33_SP00595" HPOS="1426" VPOS="3541" WIDTH="22"/>
						<String ID="P33_ST00641" HPOS="1448" VPOS="3499" WIDTH="114" HEIGHT="40" CONTENT="l'opéra" WC="0.99" CC="0000709" STYLEREFS="TXT_10"/>
						<SP ID="P33_SP00596" HPOS="1562" VPOS="3541" WIDTH="21"/>
						<String ID="P33_ST00642" HPOS="1583" VPOS="3502" WIDTH="31" HEIGHT="27" CONTENT="et" WC="0.75" CC="40" STYLEREFS="TXT_10"/>
						<SP ID="P33_SP00597" HPOS="1614" VPOS="3541" WIDTH="22"/>
						<String ID="P33_ST00643" HPOS="1636" VPOS="3499" WIDTH="26" HEIGHT="30" CONTENT="le" WC="1.00" CC="00" STYLEREFS="TXT_10"/>
						<SP ID="P33_SP00598" HPOS="1662" VPOS="3541" WIDTH="29"/>
						<String ID="P33_ST00644" HPOS="1691" VPOS="3498" WIDTH="94" HEIGHT="31" CONTENT="ballet" WC="1.00" CC="400000" STYLEREFS="TXT_10"/>
						<SP ID="P33_SP00599" HPOS="1785" VPOS="3541" WIDTH="24"/>
						<String ID="P33_ST00645" HPOS="1809" VPOS="3499" WIDTH="36" HEIGHT="30" CONTENT="de" WC="1.00" CC="00" STYLEREFS="TXT_10"/>
						<SP ID="P33_SP00600" HPOS="1845" VPOS="3541" WIDTH="28"/>
						<String ID="P33_ST00646" HPOS="1873" VPOS="3498" WIDTH="30" HEIGHT="30" CONTENT="la" WC="0.56" CC="08" STYLEREFS="TXT_10"/>
						<SP ID="P33_SP00601" HPOS="1903" VPOS="3541" WIDTH="28"/>
						<String ID="P33_ST00647" HPOS="1931" VPOS="3498" WIDTH="95" HEIGHT="35" CONTENT="reine," WC="0.99" CC="000063" STYLEREFS="TXT_10"/>
						<SP ID="P33_SP00602" HPOS="2026" VPOS="3541" WIDTH="37"/>
						<String ID="P33_ST00648" HPOS="2063" VPOS="3495" WIDTH="92" HEIGHT="41" CONTENT="1581," WC="0.57" CC="56332"/>
					</TextLine>
					<TextLine ID="P33_TL00047" HPOS="129" VPOS="3545" WIDTH="502" HEIGHT="43">
						<String ID="P33_ST00649" HPOS="129" VPOS="3554" WIDTH="57" HEIGHT="30" CONTENT="par" WC="0.99" CC="003"/>
						<SP ID="P33_SP00603" HPOS="186" VPOS="3584" WIDTH="23"/>
						<String ID="P33_ST00650" HPOS="209" VPOS="3545" WIDTH="142" HEIGHT="31" CONTENT="Ludovic" WC="1.00" CC="2400000"/>
						<SP ID="P33_SP00604" HPOS="351" VPOS="3584" WIDTH="21"/>
						<String ID="P33_ST00651" HPOS="372" VPOS="3547" WIDTH="104" HEIGHT="30" CONTENT="Celler" WC="0.79" CC="501400"/>
						<SP ID="P33_SP00605" HPOS="476" VPOS="3584" WIDTH="23"/>
						<String ID="P33_ST00652" HPOS="499" VPOS="3547" WIDTH="132" HEIGHT="41" CONTENT="(1868)." WC="0.82" CC="0403004"/>
					</TextLine>
					<TextLine ID="P33_TL00048" HPOS="214" VPOS="3589" WIDTH="1940" HEIGHT="45">
						<String ID="P33_ST00653" HPOS="214" VPOS="3589" WIDTH="51" HEIGHT="41" CONTENT="(2)" WC="0.78" CC="060"/>
						<SP ID="P33_SP00606" HPOS="265" VPOS="3630" WIDTH="23"/>
						<String ID="P33_ST00654" HPOS="288" VPOS="3590" WIDTH="40" HEIGHT="30" CONTENT="La" WC="0.71" CC="41"/>
						<SP ID="P33_SP00607" HPOS="328" VPOS="3630" WIDTH="23"/>
						<String ID="P33_ST00655" HPOS="351" VPOS="3591" WIDTH="129" HEIGHT="30" CONTENT="Préface" WC="0.99" CC="6003000"/>
						<SP ID="P33_SP00608" HPOS="480" VPOS="3630" WIDTH="26"/>
						<String ID="P33_ST00656" HPOS="506" VPOS="3592" WIDTH="57" HEIGHT="30" CONTENT="des" WC="1.00" CC="000"/>
						<SP ID="P33_SP00609" HPOS="563" VPOS="3630" WIDTH="22"/>
						<String ID="P33_ST00657" HPOS="585" VPOS="3593" WIDTH="113" HEIGHT="31" CONTENT="Etudes" WC="0.99" CC="002053" STYLEREFS="TXT_10"/>
						<SP ID="P33_SP00610" HPOS="698" VPOS="3630" WIDTH="20"/>
						<String ID="P33_ST00658" HPOS="718" VPOS="3593" WIDTH="139" HEIGHT="41" CONTENT="antiques" WC="0.99" CC="65000700" STYLEREFS="TXT_10"/>
						<String ID="P33_ST00659" HPOS="864" VPOS="3618" WIDTH="5" HEIGHT="12" CONTENT="," WC="0.93" CC="0"/>
						<SP ID="P33_SP00611" HPOS="869" VPOS="3634" WIDTH="25"/>
						<String ID="P33_ST00660" HPOS="894" VPOS="3593" WIDTH="81" HEIGHT="30" CONTENT="dont" WC="0.97" CC="0253"/>
						<SP ID="P33_SP00612" HPOS="975" VPOS="3634" WIDTH="25"/>
						<String ID="P33_ST00661" HPOS="1000" VPOS="3592" WIDTH="108" HEIGHT="41" CONTENT="Ulysse" WC="1.00" CC="300000" STYLEREFS="TXT_10"/>
						<SP ID="P33_SP00613" HPOS="1108" VPOS="3634" WIDTH="21"/>
						<String ID="P33_ST00662" HPOS="1129" VPOS="3592" WIDTH="58" HEIGHT="31" CONTENT="fait" WC="0.96" CC="5254"/>
						<SP ID="P33_SP00614" HPOS="1187" VPOS="3634" WIDTH="23"/>
						<String ID="P33_ST00663" HPOS="1210" VPOS="3593" WIDTH="103" HEIGHT="40" CONTENT="partie" WC="1.00" CC="000000"/>
						<SP ID="P33_SP00615" HPOS="1313" VPOS="3634" WIDTH="25"/>
						<String ID="P33_ST00664" HPOS="1338" VPOS="3593" WIDTH="50" HEIGHT="39" CONTENT="(C." WC="0.64" CC="261"/>
						<SP ID="P33_SP00616" HPOS="1388" VPOS="3634" WIDTH="27"/>
						<String ID="P33_ST00665" HPOS="1415" VPOS="3593" WIDTH="115" HEIGHT="41" CONTENT="Lévy)," WC="0.77" CC="600700"/>
						<SP ID="P33_SP00617" HPOS="1530" VPOS="3634" WIDTH="24"/>
						<String ID="P33_ST00666" HPOS="1554" VPOS="3597" WIDTH="50" HEIGHT="26" CONTENT="est" WC="0.98" CC="005"/>
						<SP ID="P33_SP00618" HPOS="1604" VPOS="3634" WIDTH="22"/>
						<String ID="P33_ST00667" HPOS="1626" VPOS="3593" WIDTH="66" HEIGHT="30" CONTENT="fort" WC="0.99" CC="0300"/>
						<SP ID="P33_SP00619" HPOS="1692" VPOS="3634" WIDTH="22"/>
						<String ID="P33_ST00668" HPOS="1714" VPOS="3592" WIDTH="220" HEIGHT="31" CONTENT="intéressante" WC="1.00" CC="031020000000"/>
						<SP ID="P33_SP00620" HPOS="1934" VPOS="3634" WIDTH="18"/>
						<String ID="P33_ST00669" HPOS="1952" VPOS="3591" WIDTH="15" HEIGHT="30" CONTENT="à" WC="0.20" CC="7"/>
						<SP ID="P33_SP00621" HPOS="1967" VPOS="3634" WIDTH="13"/>
						<String ID="P33_ST00670" HPOS="1980" VPOS="3590" WIDTH="57" HEIGHT="30" CONTENT="lire" WC="0.99" CC="0030"/>
						<SP ID="P33_SP00622" HPOS="2037" VPOS="3634" WIDTH="16"/>
						<String ID="P33_ST00671" HPOS="2053" VPOS="3601" WIDTH="5" HEIGHT="18" CONTENT=":" WC="0.41" CC="5"/>
						<SP ID="P33_SP00623" HPOS="2058" VPOS="3634" WIDTH="19"/>
						<String ID="P33_ST00672" HPOS="2077" VPOS="3600" WIDTH="41" HEIGHT="19" CONTENT="on" WC="0.76" CC="04"/>
						<SP ID="P33_SP00624" HPOS="2118" VPOS="3634" WIDTH="15"/>
						<String ID="P33_ST00673" HPOS="2133" VPOS="3600" WIDTH="21" HEIGHT="31" CONTENT="y" WC="1.00" CC="0"/>
					</TextLine>
					<TextLine ID="P33_TL00049" HPOS="127" VPOS="3639" WIDTH="1715" HEIGHT="45">
						<String ID="P33_ST00674" HPOS="127" VPOS="3642" WIDTH="114" HEIGHT="28" CONTENT="trouve" WC="0.99" CC="063000"/>
						<SP ID="P33_SP00625" HPOS="241" VPOS="3670" WIDTH="23"/>
						<String ID="P33_ST00675" HPOS="264" VPOS="3639" WIDTH="40" HEIGHT="30" CONTENT="de" WC="1.00" CC="00"/>
						<SP ID="P33_SP00626" HPOS="304" VPOS="3670" WIDTH="21"/>
						<String ID="P33_ST00676" HPOS="325" VPOS="3640" WIDTH="75" HEIGHT="31" CONTENT="bien" WC="0.98" CC="0306"/>
						<SP ID="P33_SP00627" HPOS="400" VPOS="3671" WIDTH="22"/>
						<String ID="P33_ST00677" HPOS="422" VPOS="3642" WIDTH="195" HEIGHT="40" CONTENT="spirituelles" WC="1.00" CC="000263304000"/>
						<SP ID="P33_SP00628" HPOS="617" VPOS="3682" WIDTH="24"/>
						<String ID="P33_ST00678" HPOS="641" VPOS="3653" WIDTH="190" HEIGHT="31" CONTENT="remarques" WC="1.00" CC="000000010"/>
						<SP ID="P33_SP00629" HPOS="831" VPOS="3684" WIDTH="21"/>
						<String ID="P33_ST00679" HPOS="852" VPOS="3654" WIDTH="55" HEIGHT="19" CONTENT="sur" WC="0.98" CC="005"/>
						<SP ID="P33_SP00630" HPOS="907" VPOS="3684" WIDTH="22"/>
						<String ID="P33_ST00680" HPOS="929" VPOS="3654" WIDTH="20" HEIGHT="18" CONTENT="«" WC="0.33" CC="6"/>
						<SP ID="P33_SP00631" HPOS="949" VPOS="3684" WIDTH="21"/>
						<String ID="P33_ST00681" HPOS="970" VPOS="3653" WIDTH="54" HEIGHT="20" CONTENT="ces" WC="1.00" CC="000"/>
						<SP ID="P33_SP00632" HPOS="1024" VPOS="3684" WIDTH="21"/>
						<String ID="P33_ST00682" HPOS="1045" VPOS="3648" WIDTH="110" HEIGHT="36" CONTENT="temps" WC="1.00" CC="00000"/>
						<SP ID="P33_SP00633" HPOS="1155" VPOS="3684" WIDTH="23"/>
						<String ID="P33_ST00683" HPOS="1178" VPOS="3643" WIDTH="125" HEIGHT="30" CONTENT="reculés" WC="0.99" CC="3320201"/>
						<SP ID="P33_SP00634" HPOS="1303" VPOS="3684" WIDTH="19"/>
						<String ID="P33_ST00684" HPOS="1322" VPOS="3643" WIDTH="41" HEIGHT="30" CONTENT="où" WC="0.34" CC="57"/>
						<SP ID="P33_SP00635" HPOS="1363" VPOS="3684" WIDTH="23"/>
						<String ID="P33_ST00685" HPOS="1386" VPOS="3644" WIDTH="63" HEIGHT="29" CONTENT="l'on" WC="0.97" CC="4404"/>
						<SP ID="P33_SP00636" HPOS="1449" VPOS="3684" WIDTH="23"/>
						<String ID="P33_ST00686" HPOS="1472" VPOS="3642" WIDTH="86" HEIGHT="31" CONTENT="avait" WC="0.99" CC="00400"/>
						<SP ID="P33_SP00637" HPOS="1558" VPOS="3684" WIDTH="21"/>
						<String ID="P33_ST00687" HPOS="1579" VPOS="3642" WIDTH="77" HEIGHT="31" CONTENT="faim" WC="1.00" CC="0000"/>
						<SP ID="P33_SP00638" HPOS="1656" VPOS="3684" WIDTH="21"/>
						<String ID="P33_ST00688" HPOS="1677" VPOS="3642" WIDTH="29" HEIGHT="31" CONTENT="&amp;" WC="1.00" CC="0"/>
						<SP ID="P33_SP00639" HPOS="1706" VPOS="3684" WIDTH="23"/>
						<String ID="P33_ST00689" HPOS="1729" VPOS="3642" WIDTH="68" HEIGHT="30" CONTENT="soif" WC="0.99" CC="0600"/>
						<SP ID="P33_SP00640" HPOS="1797" VPOS="3684" WIDTH="14"/>
						<String ID="P33_ST00690" HPOS="1811" VPOS="3654" WIDTH="31" HEIGHT="18" CONTENT="»." WC="0.44" CC="64"/>
					</TextLine>
				</TextBlock>
				<TextBlock ID="P33_TB00008" HPOS="240" VPOS="3707" WIDTH="132" HEIGHT="44" STYLEREFS="TXT_2 PAR_LEFT">
					<TextLine ID="P33_TL00050" HPOS="241" VPOS="3709" WIDTH="128" HEIGHT="40">
						<String ID="P33_ST00691" HPOS="241" VPOS="3709" WIDTH="46" HEIGHT="38" CONTENT="R." WC="0.80" CC="04"/>
						<SP ID="P33_SP00641" HPOS="287" VPOS="3747" WIDTH="27"/>
						<String ID="P33_ST00692" HPOS="314" VPOS="3710" WIDTH="55" HEIGHT="39" CONTENT="M." WC="0.79" CC="04"/>
						<SP ID="P33_SP00642" HPOS="369" VPOS="3749" WIDTH="0"/>
					</TextLine>
				</TextBlock>
				<TextBlock ID="P33_TB00009" HPOS="1990" VPOS="3720" WIDTH="50" HEIGHT="31" STYLEREFS="TXT_2 PAR_RIGHT">
					<TextLine ID="P33_TL00051" HPOS="1993" VPOS="3723" WIDTH="46" HEIGHT="27">
						<String ID="P33_ST00693" HPOS="1993" VPOS="3723" WIDTH="46" HEIGHT="27" CONTENT="11" WC="0.55" CC="35"/>
					</TextLine>
				</TextBlock>
			</PrintSpace>
		</Page>
	</Layout>
</alto>
