2311 3911
161 204 91 65 164

979 222 361 36 BIBLIOGRAPHIE

151 330 137 40 lettres
310 332 48 37 de
381 332 396 45 recommandation,
802 332 35 39 &
860 332 194 40 n'étaient
1077 347 70 38 pas
1170 333 187 40 habitués
1380 331 21 41 à
1418 334 118 50 jouer
1563 330 229 46 ensemble;
1818 342 51 26 au
1891 329 78 40 lieu
1992 330 50 39 de
2063 331 107 38 deux

152 399 238 51 répétitions
417 412 72 40 par
523 401 193 46 semaine,
749 414 162 26 comme
939 402 184 52 stipulait
1151 402 34 39 le
1221 406 162 36 contrat
1416 402 336 51 d'engagement,
1791 410 53 26 on
1878 410 22 26 a
1932 398 158 39 bientôt
2116 400 52 37 dû

151 468 154 52 répéter
326 473 95 35 tous
442 469 57 39 les
515 470 130 51 jours,
671 483 44 27 ce
737 470 69 52 qui
830 483 21 26 a
873 471 166 51 produit
1061 471 193 52 quelques
1270 470 261 40 démissions.
1552 467 154 53 Malgré
1723 480 65 26 ces
1809 466 154 46 efforts,
1988 479 54 26 on
2065 467 105 39 n'est

151 550 71 38 pas
244 537 130 39 arrivé
396 539 22 37 à
440 551 43 26 ce
511 538 71 39 fini
611 539 257 39 d'exécution
897 541 147 50 auquel
1073 541 176 38 certains
1277 543 186 36 concerts
1492 536 268 40 dominicaux
1788 548 104 26 nous
1921 539 74 35 ont
2021 548 125 27 accou-

150 606 149 39 tumés.
326 607 44 52 Je
398 611 189 48 regrette,
619 621 49 26 en
697 610 152 37 second
878 609 92 44 lieu,
1004 623 76 38 que
1107 610 156 51 chaque
1296 608 281 53 Capellmeister
1581 637 11 15 ,
1629 617 163 27 comme
1826 603 181 40 entraîné
2035 616 71 40 par
2135 604 34 39 le

151 680 171 35 courant
344 676 212 51 d'opinion
580 677 67 50 qui
670 677 34 38 le
727 678 169 39 conduit
918 676 22 40 à
962 678 109 39 Paris
1092 679 35 38 Se
1149 678 194 39 soucieux
1364 678 48 38 de
1435 676 199 51 répondre
1656 672 21 41 à
1699 673 186 40 l'attente
1906 674 49 37 de
1977 686 102 27 ceux
2100 674 68 51 qui

149 744 35 38 le
207 748 175 35 mettent
403 757 49 26 en
476 746 176 44 vedette,
678 758 41 26 se
742 746 105 38 croie
870 745 135 53 obligé
1035 746 266 39 d'introduire
1329 758 78 26 une
1435 743 188 40 fantaisie
1651 746 116 35 toute
1790 741 254 52 personnelle
2066 742 83 39 d'in-

149 812 266 52 terprétation
458 814 101 38 dans
600 815 70 37 des
711 814 317 40 chefs-d'œuvre
1068 814 228 40 consacrés.
1340 814 161 51 Songez
1543 824 78 39 que
1661 811 56 39 les
1759 810 269 53 symphonies
2068 810 98 39 d'un

149 881 233 39 Beethoven
406 886 95 34 sont
522 884 69 37 des
613 887 269 35 monuments
904 882 210 45 définitifs,
1141 897 24 25 «
1188 883 90 51 plus
1301 882 150 39 solides
1473 882 35 38 &
1530 881 90 51 plus
1636 880 189 39 durables
1842 892 77 39 que
1941 879 154 39 l'airain
2118 891 46 34 »;

151 950 24 38 il
199 963 48 25 ne
269 950 173 39 faudrait
463 964 72 38 pas
557 964 78 38 que
657 955 116 35 notre
795 951 209 39 snobisme
1026 964 49 26 en
1097 951 55 39 fît
1175 964 77 26 une
1280 954 109 35 sorte
1417 951 48 37 de
1493 948 170 40 matière
1691 948 204 52 plastique
1924 948 35 38 Se
1989 947 178 40 indécise

150 1031 77 38 que
249 1019 156 39 chacun
429 1019 113 39 vient
564 1020 182 38 modeler
765 1019 22 40 à
809 1033 73 25 son
906 1019 85 53 gré.
1005 1021 43 51 Je
1064 1019 115 45 dirai,
1199 1033 48 25 en
1270 1019 215 51 parodiant
1507 1031 54 26 un
1585 1021 89 35 mot
1695 1017 154 39 célèbre
1871 1018 48 38 de
1943 1017 122 45 Kant,
2091 1030 77 38 que

149 1087 56 38 les
228 1087 311 39 chefs-d'œuvre
562 1088 328 53 symphoniques
913 1092 94 35 sont
1030 1101 77 26 une
1117 1088 63 51 fin
1196 1089 34 38 Se
1253 1101 82 25 non
1353 1100 54 26 un
1429 1100 128 38 moyen
1578 1086 74 53 (un
1676 1099 152 38 moyen
1850 1087 49 37 de
1921 1085 95 39 faire
2037 1085 131 40 valoir

150 1156 53 38 tel
231 1169 52 26 ou
313 1155 54 39 tel
395 1156 215 53 virtuose).
643 1157 26 38 Il
698 1157 121 38 serait
847 1157 110 38 enfin
986 1155 22 41 à
1036 1156 149 39 désirer
1213 1170 78 38 que
1318 1156 57 39 les
1405 1155 111 40 chefs
1546 1155 250 38 d'orchestre
1825 1155 48 38 de
1903 1155 181 45 Munich,
2119 1156 48 37 de

150 1225 237 52 Meiningen
410 1238 52 25 ou
485 1226 48 38 de
555 1225 130 39 Berlin
709 1238 49 26 ne
780 1226 143 38 fissent
952 1238 72 39 pas
1053 1226 269 51 uniquement
1349 1226 35 37 le
1414 1237 163 38 voyage
1605 1225 49 37 de
1684 1223 108 39 Paris
1820 1236 104 39 pour
1945 1223 151 52 diriger
2117 1223 49 40 ici

149 1294 69 37 des
248 1306 160 26 œuvres
436 1293 80 39 très
544 1307 197 32 connues,
773 1295 102 37 mais
903 1298 161 35 surtout
1093 1306 103 39 pour
1224 1306 103 26 nous
1360 1292 151 40 révéler
1539 1292 56 39 les
1624 1292 205 39 meilleurs
1863 1291 304 52 compositeurs

149 1362 334 51 contemporains
517 1363 300 38 d'outre-Rhin.
850 1363 53 38 Le
937 1362 199 52 prologue
1216 1363 156 51 Œdipe,
1412 1363 49 37 de
1497 1362 53 38 M.
1588 1361 244 53 Schillings,
1870 1360 35 39 le
1939 1361 140 44 Rubis,
2118 1362 48 38 de

151 1431 53 37 M.
236 1430 197 47 d'Albert,
464 1432 35 38 le
529 1431 200 40 Carnaval
753 1432 44 38 de
824 1432 110 38 Paris
943 1461 5 15 ,
980 1433 49 37 de
1056 1431 199 45 Svedsen,
1282 1443 49 25 ne
1366 1430 294 39 constituaient
1692 1443 88 38 pas,
1815 1430 102 38 dans
1945 1430 34 38 le
2008 1430 159 38 dernier

149 1502 180 42 concert,
350 1511 78 26 une
452 1513 23 24 «
497 1498 216 40 attraction
736 1513 24 25 »
783 1513 110 26 assez
916 1499 203 40 nouvelle.
1152 1499 104 39 Sous
1285 1498 157 40 réserve
1471 1499 49 37 de
1549 1510 65 26 ces
1643 1498 196 52 quelques
1861 1499 301 45 observations,

149 1579 54 26 on
226 1579 49 26 ne
297 1571 97 47 peut
415 1580 78 38 que
515 1568 213 39 remercier
749 1569 54 37 M.
829 1568 168 39 Schiller
1016 1569 70 38 des
1109 1567 197 39 matinées
1334 1567 78 39 fort
1434 1567 210 52 agréables
1673 1567 99 52 qu'il
1795 1580 105 26 nous
1922 1580 22 26 a
1966 1567 195 46 données,

148 1647 48 26 en
219 1640 260 35 souscrivant
499 1649 80 26 aux
600 1637 397 51 applaudissements
1019 1638 103 37 dont
1143 1637 36 38 le
1200 1636 138 51 public
1358 1637 174 50 parisien
1554 1650 22 25 a
1599 1636 161 40 comblé
1783 1649 63 26 ses
1868 1636 133 39 hôtes.

259 1705 53 38 Le
334 1709 165 35 concert
520 1706 52 38 du
590 1706 111 51 jeudi
732 1719 59 38 15,
819 1706 247 51 inaugurant
1090 1718 77 25 une
1190 1705 189 38 nouvelle
1402 1705 113 46 série,
1543 1718 104 27 nous
1669 1719 23 25 a
1720 1705 151 51 permis
1908 1705 257 52 d'applaudir

149 1786 79 25 une
249 1773 77 39 fois
348 1774 48 38 de
417 1774 91 51 plus
529 1774 37 39 la
589 1774 119 39 noble
730 1774 249 52 symphonie
1000 1775 49 38 de
1078 1774 54 38 M.
1158 1773 176 40 Vincent
1362 1774 143 51 d'lndy
1527 1773 50 50 (le
1607 1774 120 52 Camp
1752 1774 44 39 de
1827 1774 271 53 JVallenstein)
2129 1775 35 38 Se

148 1842 35 38 le
207 1841 158 39 Prélude
385 1840 23 40 à
428 1840 247 54 l'après-midi
692 1843 92 38 d'un
805 1843 139 44 Faune,
965 1844 48 37 de
1037 1844 53 36 M.
1111 1843 202 50 Debussy,
1334 1854 140 27 œuvre
1491 1842 441 52 exceptionnellement
1947 1842 213 53 originale,

149 1910 234 51 équivalent
411 1911 170 39 musical
609 1912 70 38 des
708 1924 91 27 vers
827 1912 49 38 de
903 1911 204 51 Stéphane
1136 1910 222 40 Mallarmé.
1472 1912 92 38 Aux
1593 1913 224 40 Concerts
1845 1912 61 40 du
1936 1911 224 46 Châtelet,

147 1978 72 54 (où
248 1980 36 38 la
312 1992 272 28 concurrence
613 1982 48 37 de
690 1980 145 39 rivaux
864 1980 255 39 redoutables
1147 1980 154 39 semble
1329 1981 116 38 avoir
1473 1981 166 51 produit
1667 1993 78 27 une
1773 1981 314 39 recrudescence
2115 1981 48 39 de

149 2048 306 53 wagnérisme),
481 2049 34 38 Se
537 2061 79 26 aux
639 2050 224 40 Concerts
883 2051 315 47 Lamoureux,
1223 2062 157 26 aucune
1402 2062 141 26 œuvre
1566 2049 191 38 nouvelle
1779 2049 65 38 n'a
1872 2049 62 39 été
1955 2049 205 39 exécutée.

147 2117 112 38 Nous
281 2120 147 36 tenons
450 2115 22 41 à
494 2130 104 26 nous
621 2118 176 39 associer
817 2130 80 27 aux
919 2117 137 52 éloges
1080 2117 214 39 unanimes
1322 2131 78 38 que
1430 2118 36 38 la
1494 2131 136 38 presse
1658 2118 195 39 musicale
1880 2131 23 26 a
1930 2118 183 39 adressés
2141 2117 23 40 à

148 2186 55 37 M.
229 2185 230 40 Chevillard
482 2199 102 38 pour
604 2187 38 38 la
662 2186 133 39 sûreté
816 2186 168 51 parfaite
1005 2199 98 27 avec
1126 2186 171 51 laquelle
1320 2187 26 38 il
1368 2200 22 25 a
1411 2187 129 52 dirigé
1563 2186 91 54 (par
1676 2199 126 33 cœur,
1823 2199 103 40 pour
1940 2187 104 39 ainsi
2059 2186 105 54 dire)

146 2253 38 39 la
205 2255 246 50 symphonie
472 2268 99 26 avec
593 2255 162 39 chœurs
777 2256 49 38 de
848 2255 248 46 Beethoven,
1122 2255 36 39 le
1179 2256 201 38 Vendredi
1403 2256 128 38 Saint.
1553 2256 174 51 Presque
1742 2269 49 25 au
1809 2257 134 37 même
1959 2260 201 41 moment,

147 2323 54 38 M.
228 2323 74 39 Gui
327 2324 174 50 Ropartz
523 2324 132 38 faisait
682 2324 189 39 exécuter
898 2324 34 38 le
962 2325 132 37 même
1123 2324 308 46 chef-d'œuvre,
1457 2338 100 26 avec
1581 2338 52 25 un
1656 2324 91 53 égal
1769 2323 155 48 succès,
1950 2323 22 41 à
1987 2324 143 52 Nancy
2152 2337 7 36 ;

147 2404 44 26 ce
213 2392 144 50 simple
379 2392 71 38 fait
471 2392 173 39 suffirait
665 2391 22 41 à
708 2397 183 35 montrer
911 2392 56 39 les
990 2391 169 54 progrès
1181 2394 48 38 de
1251 2393 250 39 l'éducation
1524 2394 209 45 musicale,
1759 2406 48 26 en
1830 2394 164 45 France,
2019 2394 144 52 depuis

146 2460 193 51 quelques
361 2461 162 39 années.
549 2461 27 38 Il
596 2475 28 37 y
645 2474 22 26 a
696 2474 45 26 10
763 2474 88 33 ans,
877 2474 52 26 on
953 2461 121 39 disait
1096 2461 95 39 chez
1215 2475 103 26 nous
1334 2475 77 38 que
1428 2466 105 35 cette
1549 2463 251 51 symphonie
1815 2462 98 40 était
1930 2462 206 53 injouable
2151 2464 6 37 !

1948 2550 40 39 S.

777 2748 751 45 BIBLIOGRAPHIE

148 2899 250 53 Congrès
420 2898 407 42 international
849 2898 67 41 de
942 2898 281 52 Musique.

1250 2897 348 41 Procès-verbaux
1620 2900 70 38 des
1708 2900 165 40 séances
1888 2900 271 54 (Imprimerie

256 2968 231 45 Nationale)
511 2980 71 38 par
604 2968 53 37 M.
684 2968 211 38 Baudouin
920 2967 53 39 La
995 2968 173 38 Londre.

258 3037 53 38 Le
332 3034 184 54 Congrès
539 3035 290 39 international
850 3037 48 37 de
922 3036 187 50 Musique
1130 3040 96 35 tenu
1249 3035 22 40 à
1293 3037 109 39 Paris
1425 3039 53 37 du
1501 3050 46 37 14
1569 3051 51 26 au
1659 3038 46 39 18
1722 3039 108 51 juin,
1856 3040 103 38 dans
1975 3040 34 39 le
2033 3041 127 50 palais

142 3107 70 37 des
235 3103 184 54 Congrès
441 3105 48 38 de
511 3103 272 53 l'Exposition
812 3103 255 47 universelle,
1094 3105 113 38 vient
1233 3106 49 37 de
1304 3106 158 51 publier
1484 3119 62 26 ses
1569 3105 118 40 Aétes
1703 3118 7 35 ;
1736 3107 31 38 si
1786 3107 84 52 j'en
1888 3110 100 51 juge
2011 3122 71 38 par
2103 3110 57 39 les

142 3173 197 52 épreuves
367 3173 292 51 d'imprimerie
688 3173 67 50 qui
784 3173 196 38 viennent
1008 3173 124 38 d'être
1167 3174 206 51 envoyées
1407 3173 22 40 à
1465 3175 294 51 quelques-uns
1794 3176 157 40 d'entre
1981 3190 119 34 nous,
2133 3179 26 38 il

142 3243 185 52 publiera
348 3241 338 53 prochainement
708 3242 54 38 les
786 3241 219 40 mémoires
1028 3243 34 37 &
1083 3241 56 40 les
1169 3246 188 47 rapports
1385 3244 103 38 dont
1516 3243 37 39 la
1580 3242 149 41 le&ure
1757 3246 35 38 &
1819 3245 38 39 la
1885 3246 232 40 discussion
2139 3261 22 25 a

142 3311 214 53 provoqué
379 3324 53 26 un
455 3311 152 39 certain
631 3311 171 39 nombre
823 3312 48 37 de
894 3324 139 25 vœux.

255 3381 54 38 La
330 3380 258 52 préparation
605 3380 48 38 de
675 3392 43 26 ce
741 3377 184 55 Congrès
946 3380 110 38 avait
1077 3379 62 39 été
1161 3380 152 52 longue
1334 3382 35 38 &
1391 3394 110 26 assez
1522 3381 242 48 laborieuse,
1792 3396 163 28 comme
1978 3384 27 39 il
2026 3385 133 40 arrive

141 3450 245 39 d'ordinaire
408 3452 135 36 toutes
565 3448 56 39 les
649 3448 77 39 fois
753 3448 151 51 qu'une
933 3448 182 53 besogne
1142 3449 258 51 quelconque
1426 3454 61 34 est
1515 3450 157 40 confiée
1702 3449 22 41 à
1752 3465 78 26 une
1859 3453 295 41 Commission.

142 3520 75 38 Les
246 3519 203 39 membres
478 3517 68 53 qui
576 3517 36 39 la
641 3521 245 48 composent
914 3521 74 35 ont
1016 3518 70 38 des
1113 3519 222 38 tendances
1369 3518 167 52 d'esprit
1571 3519 245 47 différentes,
1849 3523 34 38 &
1919 3522 24 39 il
1979 3523 86 38 leur
2097 3527 62 35 est

142 3587 168 40 malaisé
337 3589 49 38 de
413 3592 169 35 trouver
609 3599 94 27 sans
735 3587 132 38 retard
897 3599 77 26 une
1005 3587 247 39 orientation
1282 3599 243 35 commune;
1557 3601 102 26 ceux
1688 3590 83 50 qui,
1809 3603 72 38 par
1914 3591 86 39 leur
2033 3592 124 40 haute

142 3657 211 46 situation,
396 3656 236 53 pourraient
666 3668 160 28 exercer
860 3669 79 26 une
975 3655 202 42 influence
1211 3656 179 40 décisive
1424 3657 34 40 &
1494 3657 181 53 imposer
1708 3671 79 27 une
1815 3658 198 43 diredion
2046 3665 111 37 nette
