2311 3911
906 157 217 44 MUSIQUE
1164 160 274 38 RELIGIEUSE

2092 166 85 51 173

158 270 157 41 vaillait
335 282 100 27 avec
459 282 52 26 un
534 268 153 40 certain
716 267 246 40 Alessandro
992 268 226 48 Pettorino,
1253 272 78 38 bon
1361 272 197 40 chanteur
1587 275 34 38 &
1649 274 183 39 membre
1860 275 49 38 de
1936 274 38 40 la
2002 275 179 52 chapelle

155 340 115 54 Julia,
302 337 166 41 habitué
496 336 22 40 à
547 337 225 40 collaborer
799 349 100 27 avec
928 336 71 39 lui.
1031 337 128 47 Zoilo,
1192 340 69 50 qui
1286 340 132 40 s'était
1448 341 150 53 chargé
1625 343 49 38 de
1702 342 37 39 la
1766 344 176 37 seconde
1971 345 129 49 partie
2128 346 52 38 du

155 408 169 55 graduel
351 407 53 53 (le
432 407 143 51 Propre
601 407 61 38 des
690 406 147 45 Saints,
870 406 290 54 Sanftuarium)
1167 439 6 14 ,
1200 409 222 40 travaillait
1444 423 100 26 avec
1579 411 211 39 Ludovico
1822 412 246 40 Luccatello.
2105 411 76 41 Dès

155 478 224 40 novembre
408 475 102 53 1578
534 475 223 39 Palestrina
776 474 115 40 avait
912 475 175 40 terminé
1108 476 37 39 la
1166 477 129 51 partie
1317 479 37 38 la
1376 479 91 51 plus
1495 480 251 51 importante
1774 481 49 38 de
1851 479 37 40 la
1917 480 171 40 réforme
2114 494 7 26 :
2147 482 34 39 le

153 547 184 54 graduel.
364 546 116 46 Mais,
506 544 39 39 ni
569 557 97 26 sous
687 543 35 39 le
745 544 217 51 pontificat
984 545 49 38 de
1054 545 196 52 Grégoire
1272 547 95 46 XIII,
1400 548 39 38 ni
1469 561 97 26 sous
1588 561 63 26 ses
1674 561 271 34 successeurs,
1971 562 44 27 ce
2036 551 145 38 travail

155 630 49 26 ne
225 616 60 40 fut
308 614 150 53 publié.
484 611 127 54 Après
633 613 37 39 la
692 616 110 35 mort
823 614 54 37 du
900 612 144 40 maître
1061 615 199 39 musicien
1282 615 42 53 (2
1348 616 146 39 février
1515 616 136 54 1594),
1671 630 75 26 son
1770 617 64 39 fils
1855 618 161 52 Inginio
2039 619 142 39 vendit

152 685 36 39 le
218 684 225 40 manuscrit
470 695 104 40 pour
602 695 77 26 une
708 682 103 39 forte
840 695 160 26 somme
1028 681 23 40 à
1079 696 54 26 un
1162 683 158 40 éditeur
1347 686 120 38 avide
1495 686 83 51 qui,
1611 698 104 39 pour
1742 688 70 37 des
1841 687 158 39 raisons
2034 687 147 40 restées

153 755 209 44 obscures,
388 752 203 40 demanda
612 751 36 39 la
666 750 223 40 résiliation
905 752 53 38 du
977 755 176 36 contrat.
1180 753 26 38 Il
1227 768 28 38 y
1277 757 70 36 eut
1369 768 54 25 un
1446 753 145 53 procès
1613 754 22 40 à
1657 755 37 39 la
1710 755 106 39 suite
1832 755 150 52 duquel
2004 756 173 52 Inginio,

151 823 145 40 accusé
317 822 160 40 d'avoir
496 820 125 40 abusé
644 822 52 38 du
720 833 101 26 nom
844 822 49 37 de
915 834 75 26 son
1020 821 107 51 père,
1159 822 61 39 fut
1248 823 234 39 condamné
1502 822 22 40 à
1547 823 189 40 restituer
1757 822 23 41 à
1801 824 184 39 l'éditeur
2006 825 175 52 l'argent

151 905 107 38 reçu,
284 893 34 38 Si
339 891 35 39 le
397 890 242 46 manuscrit,
665 902 72 40 par
757 890 118 38 ordre
897 891 49 37 de
968 890 230 40 l'Auditeur
1225 892 49 38 de
1303 892 118 44 Rote,
1454 893 60 38 fut
1542 893 151 51 déposé
1715 906 49 26 au
1789 893 117 39 Mont
1928 895 48 37 de
2005 893 123 40 Piété.
2154 895 26 38 Il

150 961 61 40 fut
238 961 110 39 enfin
377 959 136 53 publié
547 973 50 25 en
638 962 103 46 1614
774 971 100 27 avec
909 959 302 52 l'approbation
1240 962 49 37 de
1319 961 95 39 Paul
1443 962 47 46 V,
1533 974 71 39 par
1631 962 278 52 l'imprimerie
1938 962 183 46 Médicis,
2158 961 23 41 à

153 1030 143 39 Rome.
331 1030 27 38 Il
386 1044 28 38 y
442 1042 22 26 a
492 1029 196 51 quelques
716 1027 166 45 années,
913 1027 35 39 le
978 1029 31 37 D
1015 1036 12 15 r
1055 1029 162 45 Haberl,
1249 1029 144 40 maître
1416 1030 230 40 incontesté
1674 1032 48 38 de
1750 1030 37 40 la
1815 1030 160 40 science
1997 1031 163 52 palestri-

151 1100 162 45 nienne,
339 1098 35 39 le
397 1098 185 39 rééditait
611 1096 21 40 à
661 1097 257 39 Ratisbonne
938 1095 149 56 (1868)
1116 1098 50 46 &,
1197 1098 265 40 s'autorisant
1490 1101 53 37 du
1573 1101 132 51 grand
1735 1112 97 27 nom
1862 1101 49 37 de
1940 1100 236 45 Palestrina,

148 1168 186 40 obtenait
355 1169 49 38 de
427 1168 130 38 Rome
579 1180 53 26 un
656 1165 202 55 privilège
880 1166 267 40 momentané
1170 1180 104 38 pour
1301 1168 227 39 introduire
1555 1170 103 38 dans
1686 1156 164 65 l'Église
1872 1172 105 36 cette
1999 1169 180 39 fameuse

148 1237 155 40 édition
326 1238 48 38 de
404 1235 116 51 1614,
545 1236 83 39 dite
652 1234 251 41 Mêdicèenne.

261 1307 70 45 Or,
364 1307 93 51 Mgr
485 1305 195 52 Respighi
710 1307 35 37 Se
776 1305 106 39 Dom
913 1305 167 39 Molitor
1104 1306 211 46 viennent,
1352 1319 172 39 presque
1554 1310 378 43 concurremment,
1966 1308 49 38 de
2040 1307 139 39 ruiner

148 1389 53 26 ou
223 1379 92 36 tout
336 1388 49 26 au
410 1375 137 39 moins
569 1374 229 39 d'ébranler
825 1374 223 39 fortement
1074 1374 208 40 l'autorité
1311 1376 281 39 considérable
1615 1389 68 26 sur
1710 1377 172 50 laquelle
1903 1377 35 38 le
1961 1376 31 38 D
1997 1384 13 15 r
2032 1376 146 39 Haberl

145 1445 111 39 avait
277 1444 163 53 appuyé
462 1457 43 26 sa
527 1443 217 47 réédition,
769 1457 49 25 en
840 1444 38 39 la
901 1444 233 39 rattachant
1155 1458 49 25 au
1228 1446 131 51 grand
1383 1458 96 26 nom
1503 1446 49 38 de
1577 1445 233 39 Palestrina.

257 1514 65 38 On
345 1513 133 39 s'était
499 1514 188 50 toujours
710 1512 202 40 demandé
934 1513 206 51 pourquoi
1164 1514 237 46 Palestrina,
1428 1514 68 52 qui
1520 1528 48 25 en
1600 1515 102 52 1578
1724 1515 110 38 avait
1856 1513 153 40 achevé
2031 1514 36 38 la
2089 1526 66 39 pre-

145 1582 123 40 mière
290 1583 127 51 partie
439 1583 48 38 de
510 1595 74 26 son
606 1582 184 52 graduel,
817 1582 154 40 n'avait
993 1595 72 39 pas
1087 1582 137 52 publié
1246 1596 75 26 son
1349 1584 146 38 travail
1524 1584 34 38 Se
1585 1584 139 39 l'avait
1747 1584 134 38 même
1904 1584 269 50 interrompu.

145 1651 120 46 Fétis,
292 1653 214 44 Riemann,
532 1651 34 39 le
590 1651 31 39 D
627 1659 12 16 r
661 1651 146 39 Haberl
830 1651 214 40 lui-même
1067 1652 34 38 Se
1124 1651 202 53 plusieurs
1343 1657 137 34 autres
1498 1653 196 51 critiques
1716 1651 63 56 (1)
1801 1652 165 39 avaient
1987 1651 189 53 expliqué

145 1725 106 36 cette
273 1722 177 51 brusque
473 1720 163 40 retraite
657 1722 54 37 du
735 1719 155 41 célèbre
913 1721 202 39 musicien
1145 1733 72 40 par
1244 1723 49 38 de
1322 1721 147 52 petites
1499 1723 174 38 raisons.
1706 1722 65 38 On
1801 1721 123 40 disait
1945 1735 78 37 que
2046 1721 110 39 Pales-

143 1791 120 45 trina,
288 1789 115 54 après
426 1803 79 26 une
527 1789 122 40 brève
671 1791 208 38 incursion
903 1791 103 38 dans
1026 1790 37 39 le
1084 1791 194 38 domaine
1294 1792 55 38 du
1366 1791 274 52 plain-chant,
1659 1791 113 40 avait
1790 1804 47 26 eu
1855 1791 36 39 la
1909 1790 202 52 nostalgie
2126 1791 49 38 de

143 1860 37 38 la
202 1860 98 38 libre
317 1859 280 52 composition
619 1859 313 53 polyphonique
948 1860 34 39 &
999 1859 133 39 s'était
1155 1860 123 39 remis
1299 1860 22 40 à
1338 1874 62 26 ses
1416 1864 176 36 travaux
1607 1860 252 52 personnels.
1879 1861 65 37 On
1962 1860 121 38 disait
2098 1872 78 39 que

136 1929 193 52 jusqu'en
359 1929 117 50 1381,
503 1928 233 46 Palestrina,
763 1929 107 38 faute
893 1930 53 38 du
971 1928 240 46 nécessaire,
1237 1930 111 38 avait
1370 1944 53 38 pu
1448 1928 22 40 à
1492 1930 119 52 peine
1633 1933 169 36 trouver
1818 1942 54 26 un
1894 1928 156 40 éditeur
2072 1941 104 39 pour

140 2011 63 26 ses
226 2011 165 39 propres
414 1998 300 52 compositions
738 1999 34 38 Se
794 1998 151 51 qu'une
967 1998 78 39 fois
1068 1998 171 39 remarié
1260 1998 69 54 (en
1360 1998 121 54 1581)
1503 2012 99 27 avec
1626 2012 78 26 une
1728 1998 109 40 riche
1861 2011 132 27 veuve
2018 1998 24 38 il
2065 1998 110 39 avait

140 2080 48 26 eu
211 2079 103 40 pour
336 2067 198 52 principal
556 2067 114 40 souci
694 2067 170 39 d'éditer
886 2080 43 26 sa
952 2080 146 39 propre
1128 2068 203 51 musique.
1358 2069 65 38 On
1454 2069 124 38 disait
1601 2081 146 27 encore
1777 2081 78 38 que
1877 2068 35 38 le
1935 2066 168 54 graduel
2125 2068 50 37 de

141 2136 114 39 Peter
277 2137 302 39 Liechtenstein
603 2136 137 52 publié
762 2134 23 41 à
807 2137 146 38 Venise
981 2149 49 26 en
1066 2137 103 48 1380
1199 2137 134 40 s'était
1355 2138 86 39 vite
1471 2137 180 52 répandu
1680 2137 197 54 (quoique
1905 2149 94 26 sans
2028 2148 121 39 appro-

141 2206 139 39 bation
304 2205 212 54 régulière,
541 2206 104 39 mais
668 2204 22 41 à
713 2219 120 26 cause
861 2207 49 38 de
940 2219 44 26 sa
1013 2207 284 39 concordance
1325 2220 100 26 avec
1454 2206 35 39 le
1517 2210 110 35 texte
1656 2208 54 37 du
1741 2206 138 39 missel
1907 2207 49 37 de
1990 2204 120 54 1570)
2138 2206 35 38 Se

139 2274 113 40 avait
273 2275 155 51 occupé
458 2288 76 26 une
563 2275 113 52 place
705 2276 67 50 qui
803 2275 158 39 rendait
990 2275 240 52 impossible
1261 2288 77 26 une
1367 2279 114 35 autre
1504 2276 270 52 publication.
1801 2276 64 38 On
1898 2274 146 52 parlait
2065 2274 107 38 aussi

139 2344 70 38 des
231 2344 219 40 difficultés
472 2344 160 40 d'ordre
652 2344 336 52 typographique
1013 2344 260 40 rencontrées
1295 2357 71 39 par
1389 2345 239 46 Palestrina,
1655 2346 112 38 Sec...

251 2413 93 53 Mgr
378 2413 196 53 Respighi
609 2415 35 38 Se
680 2414 106 39 Dom
824 2413 180 46 Molitor,
1125 2427 45 26 ce
1202 2415 159 38 dernier
1389 2427 49 26 en
1468 2414 189 52 publiant
1686 2415 56 38 les
1771 2412 134 54 pièces
1934 2413 155 39 mêmes
2117 2413 54 39 du

141 2481 156 52 procès,
311 2482 63 53 (2)
459 2483 196 40 viennent
672 2484 48 37 de
736 2487 184 35 montrer
936 2496 94 38 que,
1049 2483 31 38 si
1098 2482 223 40 Palestrina
1337 2483 135 40 s'était
1486 2483 129 40 arrêté
1630 2481 116 54 après
1769 2483 37 38 la
1827 2480 198 54 première
2047 2481 128 52 partie

139 2552 54 37 du
215 2551 170 52 graduel
405 2553 35 39 &
463 2552 155 39 n'avait
640 2553 136 38 même
797 2565 73 39 pas
893 2552 137 52 publié
1053 2565 74 26 son
1152 2553 163 45 travail,
1351 2553 100 39 c'est
1480 2553 99 51 qu'il
1606 2553 113 38 avait
1747 2551 96 40 cédé
1871 2565 79 26 aux
1979 2551 192 51 critiques

139 2620 96 39 d'un
260 2625 147 35 savant
433 2621 468 53 théologien-musicien
931 2622 216 52 espagnol,
1181 2621 181 39 résidant
1390 2622 106 39 alors
1524 2619 23 41 à
1576 2621 146 47 Rome,
1754 2621 104 39 Dom
1889 2621 212 38 Fernando
2123 2620 48 39 de

136 2689 58 39 las
216 2690 200 47 Infantas;
441 2689 116 53 après
579 2691 118 39 avoir
724 2690 163 40 montré
917 2704 78 38 que
1023 2690 37 40 la
1087 2704 25 26 «
1145 2690 174 40 réforme
1347 2692 54 38 du
1430 2691 124 39 chant
1583 2690 197 53 religieux
1802 2702 72 40 par
1895 2689 224 39 Palestrina
2146 2702 25 25 »

138 2758 113 47 était,
277 2757 69 41 dès
376 2760 115 52 1580,
518 2773 78 26 une
618 2760 192 52 question
835 2760 197 46 enterrée,
1060 2760 50 39 ils
1133 2764 74 35 ont
1229 2760 159 52 prouvé
1417 2774 78 38 que
1522 2759 183 39 l'édition
1734 2758 232 40 mêdicèenne
1992 2760 49 37 de
2069 2756 102 52 1614

136 2827 188 53 (laquelle
346 2828 204 41 d'ailleurs
572 2829 113 40 n'eut
700 2829 153 52 jamais
875 2830 49 38 de
946 2827 199 42 caradère
1165 2829 152 53 officiel)
1340 2833 61 35 est
1420 2842 88 26 sans
1528 2843 128 25 aucun
1684 2831 159 50 rapport
1862 2841 90 26 avec
1973 2827 33 39 le
2029 2827 144 39 travail

125 2897 84 50 fait
223 2901 76 48 par
320 2897 216 40 Palestrina
555 2913 47 24 en
627 2899 121 53 1578,
775 2899 30 38 si
830 2898 93 39 bien
953 2911 78 38 que
1061 2898 223 39 Palestrina
1307 2911 49 26 ne
1379 2902 96 48 peut
1498 2899 92 51 plus
1619 2899 165 39 couvrir
1814 2899 48 37 de
1890 2896 204 39 l'autorité
2122 2897 49 38 de

136 2979 75 26 son
235 2979 97 26 nom
354 2967 38 39 la
414 2967 197 40 réédition
634 2968 231 39 allemande
881 2967 97 40 faite
1000 2965 23 42 à
1045 2968 269 46 Ratisbonne,
1340 2969 35 38 Se
1399 2981 49 26 ne
1470 2981 41 26 se
1534 2974 147 33 trouve
1703 2967 90 52 plus
1816 2965 263 53 responsable
2100 2967 70 37 des

136 3032 129 40 fautes
287 3034 126 51 qu'on
435 3048 28 39 y
485 3047 21 26 a
530 3034 190 40 relevées.
829 3035 72 41 Tel
930 3041 75 42 est,
1032 3038 102 38 dans
1164 3050 63 26 ses
1256 3038 178 51 grandes
1461 3036 133 53 lignes
1622 3036 113 39 l'état
1756 3037 48 38 de
1826 3036 37 38 la
1885 3034 208 53 question.
2119 3035 50 38 Le

136 3101 31 38 D
174 3109 5 16 l
181 3101 4 56 '
207 3102 146 40 Haberl
375 3103 154 39 semble
550 3105 159 39 donner
731 3105 135 39 raison
888 3104 22 41 à
933 3119 62 26 ses
1012 3106 254 40 adversaires
1289 3120 49 25 en
1361 3106 209 40 déclarant
1585 3119 125 26 —un
1730 3119 76 38 peu
1823 3104 278 41 tardivement

134 3170 99 52 qu'il
257 3172 63 38 n'a
336 3172 149 52 jamais
508 3174 177 39 attribué
706 3173 23 41 à
751 3174 224 40 Palestrina
997 3175 184 40 l'édition
1205 3177 49 37 de
1284 3175 117 50 1614.

1721 3231 41 39 S.

221 3303 50 40 (1)
293 3303 38 30 V.
354 3304 97 37 Fétis,
477 3305 104 39 Biogr.
604 3306 92 31 Univ.
721 3307 52 30 des
794 3316 93 28 mus.,
911 3311 24 26 t.
955 3307 67 37 VII,
1041 3318 31 30 p.
1098 3315 58 31 144
1172 3306 70 31 &t.
1263 3306 52 38 IV,
1333 3317 31 30 p.
1383 3315 81 31 449;
1484 3306 169 37 Riemann,
1671 3306 135 31 Lexicon
1829 3318 8 18 :
1865 3316 12 19 i
1884 3309 23 13 re
1921 3305 87 36 édit.,
2036 3315 31 29 p.
2086 3302 75 42 780,

134 3351 30 31 &
188 3358 59 25 art.
272 3353 140 31 Giudetti
438 3365 30 29 p.
503 3353 83 40 406;
619 3365 16 21 2
639 3360 12 12 0
686 3356 95 37 édit.,
819 3367 31 29 p.
884 3355 75 40 486.
990 3358 140 30 Wetzer
1160 3356 30 32 &
1220 3357 143 37 Weltes,
1399 3356 290 32 Kirchen-Lexicon
1717 3356 177 40 (Fribourg
1925 3365 27 19 a.
1985 3356 33 28 B.
2056 3353 107 40 1895),

132 3406 25 25 t.
183 3402 51 38 IX,
258 3409 61 25 art.
343 3404 189 38 Palestrina,
559 3416 31 29 p.
621 3414 91 32 1305.
800 3407 172 30 Deutscher
1000 3407 195 42 Hausschatç
1216 3408 144 39 (Pustet,
1385 3407 216 37 Ratisbonne,
1631 3406 108 41 1894),
1764 3417 31 30 p.
1825 3414 76 31 342.
1933 3404 80 31 Fink
2035 3403 113 40 (.Allge-

131 3461 97 22 meine
249 3454 236 40 Encyclopaedie
506 3456 56 30 der
589 3456 262 40 Wissenschaften
872 3457 64 30 und
957 3457 129 37 Kïinste,
1112 3457 144 41 Leipzig,
1286 3456 95 41 1838)
1404 3459 71 28 Art.
1500 3457 191 31 Palestrina.
1710 3457 141 29 Ambros
1869 3456 12 40 (
1886 3455 109 31 Gesch.
2013 3454 30 30 d.
2062 3454 100 40 Mus.)

131 3507 25 25 t.
182 3502 51 38 IV,
258 3514 31 29 p.
320 3506 62 38 11).
406 3504 97 40 Nohl,
527 3506 138 40 Allgem.
693 3508 153 38 Musikg.,
870 3518 31 29 p.
926 3506 52 41 78.
1003 3507 90 30 Baini
1115 3508 12 38 (
1131 3508 147 30 Memorie
1302 3508 84 30 Stor.
1411 3508 86 37 crit.,
1521 3512 24 25 t.
1571 3507 37 37 11,
1632 3518 31 29 p.
1695 3506 57 31 116
1774 3506 30 31 &
1827 3506 101 39 suiv.)
1952 3504 77 37 &c.,
2055 3503 61 31 &c.

219 3553 51 40 (2)
292 3554 59 30 Les
372 3555 209 38 documents,
606 3556 109 41 puisés
738 3568 58 18 aux
819 3556 147 32 archives
991 3556 40 30 de
1053 3556 216 31 l'ambassade
1293 3557 184 41 d'Espagne
1500 3556 16 31 à
1540 3558 113 37 Rome,
1681 3562 75 25 sont
1778 3557 45 29 les
1846 3556 147 30 suivants
2020 3566 5 18 :
2060 3558 28 26 i°
2104 3564 61 20 une

132 3601 96 31 lettre
252 3603 39 30 de
313 3605 38 30 D.
377 3605 148 30 Fernand
548 3605 16 31 à
594 3606 147 41 Philippe
771 3606 21 30 II
809 3617 6 26 ;
847 3611 33 25 2°
909 3617 62 19 une
1000 3607 98 30 lettre
1129 3607 42 29 du
1202 3607 218 31 Commissario
1448 3607 81 30 délia
1557 3607 136 30 crociata
1721 3606 15 30 à
1766 3607 37 29 D.
1836 3605 148 30 Fernand
1999 3615 6 26 ;
2036 3612 18 32 3
2059 3609 13 12 0
2100 3614 62 19 une

131 3651 97 31 lettre
258 3653 40 30 de
326 3654 147 41 Philippe
503 3656 22 29 II
556 3656 16 29 à
602 3666 59 20 son
692 3657 234 30 ambassadeur
955 3656 16 30 à
1002 3657 101 31 Rome
1119 3668 7 26 ;
1162 3665 21 31 4
1185 3661 12 12 0
1226 3667 63 20 une
1318 3657 98 30 lettre
1446 3657 40 29 de
1515 3657 148 40 Philippe
1703 3656 29 30 11
1764 3667 39 19 au
1834 3666 83 30 pape
1948 3654 159 41 Grégoire
2127 3649 37 34 Xi

131 3701 97 40 (cités
251 3714 57 30 par
334 3705 73 41 Mgr
430 3705 186 42 Respighi).
705 3707 82 30 Dom
813 3706 133 31 Molitor
970 3706 123 38 donne,
1117 3717 39 20 en
1180 3706 195 41 appendice,
1401 3717 80 20 onze
1507 3711 108 26 autres
1638 3707 195 30 documents
1855 3704 180 42 originaux.
