2738 4150
1199 364 224 32 BULLETIN
1459 362 220 42 FRANÇAIS
1713 359 56 29 DK
1807 358 51 28 LA
1893 356 37 28 S.
1971 355 29 29 I.
2038 355 46 28 M.

741 403 0 0 830

649 499 250 49 consacré
932 498 28 45 à
992 494 91 47 des
1114 490 148 49 nocls
1293 489 374 49 entièrement.
1705 484 37 48 Il
1774 494 79 37 est
1886 477 256 69 probable
2179 492 103 49 que
2328 472 301 54 Chedeville

647 583 126 49 était
799 580 284 51 d'humeur
1117 592 101 50 peu
1246 572 290 51 casanière.
1562 574 79 47 Au
1671 588 14 33 i
1698 578 35 21 cr
1760 564 217 61 recueil,
2014 562 30 50 il
2076 564 116 63 loge
2234 575 91 34 rue
2348 559 93 48 des
2470 559 128 49 Bour-

653 666 228 53 donnais
908 682 96 43 ;au
1027 665 32 50 6
1064 673 15 19 e
1088 701 12 25 ,
1129 661 32 50 il
1190 663 254 48 demeure
1479 675 92 35 rue
1597 659 64 48 de
1688 658 8 47 1
1723 651 304 55 Arbre-Sec
2048 666 101 47 ,au
2179 655 69 58 7%
2283 646 32 47 '1
2347 644 175 49 habite
2550 660 80 36 lue

653 753 424 53 Saint-Honoré.
1115 748 179 63 Enfin,
1317 745 34 51 il
1389 757 177 39 meurt
1605 759 93 34 rue
1732 741 62 49 de
1840 735 298 53 Bellefond.
2166 733 91 52 On
2290 745 186 36 trouve
2509 730 123 53 dans

651 857 97 33 son
774 854 232 49 ouvrage
1032 834 262 67 quelques
1315 828 488 68 transcriptionsde
1823 824 173 67 pièces
2023 818 330 59 declavecin,
2382 830 148 36 entre
2556 834 53 33 au-

650 942 104 36 tres
787 927 70 49 les
887 922 282 68 Bergeries
1202 922 64 48 de
1299 917 296 68 Couperin.
1634 914 219 50 Nicolas
1879 907 333 57 Chedeville,
2239 905 134 50 ficie
2406 904 149 48 cadet
2578 905 54 48 de

654 1013 269 66 Philippe,
945 1008 129 52 écrit
1091 1009 133 49 dans
1243 1007 47 48 la
1312 1007 172 48 même
1508 1014 125 37 note
1655 1002 73 48 les

649 1100 180 50 dédiés
858 1101 27 47 à
918 1097 66 48 M'
988 1102 40 22 ne
1053 1092 233 51 Victoire
1329 1092 64 48 de
1442 1091 224 57 France,
1694 1087 77 48 les
2566 1075 66 51 les

659 1186 160 65 Deffis
932 1178 185 55 ouVétude
1639 1182 289 55 amusante,
1458 1186 120 48 etc.,
1614 1186 99 35 etc.

715 1267 239 60 Corette,
1004 1266 132 47 dont
1181 1260 331 68 j'analyserai
1563 1258 122 66 plus
1724 1256 112 51 loin
1868 1256 48 49 la
1966 1252 277 61 méthode,
2305 1247 264 51 introduit
2597 1249 41 50 la

649 1355 152 49 vielle
833 1354 133 49 dans
1004 1352 97 50 des
1140 1347 161 69 petits
1329 1345 304 52 ensembles
1660 1345 68 49 où
1752 1343 98 50 elle
1876 1341 92 49 fait
1996 1357 56 33 sa
2085 1338 169 68 partie
2277 1354 123 33 avec
2425 1336 47 49 la
2497 1336 139 65 flûte,

650 1440 330 58 lahautbois,
1016 1439 48 49 la
1096 1448 251 47 musette,
1388 1435 44 49 le
1463 1434 289 66 pardessus
1778 1444 51 37 et
1860 1428 215 51 labasse
2098 1427 63 50 de
2185 1425 158 50 viole.
2376 1425 100 48 Les
2494 1422 144 51 titres

650 1542 122 36 sont
804 1531 26 47 à
849 1525 232 52 retenir:
1129 1524 98 49 Ma
1252 1522 99 50 mie
1374 1522 249 65 Margot,
1642 1519 239 49 laTante
1914 1515 392 61 Tourlourette,
2335 1512 50 49 la
2417 1510 223 67 Béquille

654 1616 67 50 du
851 1616 138 49 Père
1009 1610 252 64 Barnaba,
1262 1623 85 49 etc.,
1395 1620 138 38 etc...
1575 1608 187 64 Quant
1787 1620 64 35 au
1874 1614 250 39 concerto
2150 1615 136 52 pour
2305 1597 171 59 vielle,
2511 1597 128 50 deux

650 1702 207 49 violons
876 1710 50 39 et
957 1699 170 61 basse,
1149 1696 123 50 c'est
1299 1694 387 51 certainement
1710 1708 56 33 ce
1799 1708 103 49 que
1936 1689 219 51 Corette
2178 1703 28 33 a
2231 1684 128 52 écrit
2385 1685 65 48 de
2470 1681 171 52 mieux

649 1807 64 33 en
735 1806 55 33 ce
816 1803 178 51 genre.
1011 1785 42 50 Il
1079 1802 35 51 y
1133 1802 28 32 a
1185 1784 62 50 de
1277 1784 47 48 la
1347 1780 137 52 suite
1510 1782 133 49 dans
1662 1780 76 49 les
1764 1778 499 66 développements,
2281 1774 63 49 de
2371 1773 47 48 la
2443 1770 170 51 recher-

647 1876 94 49 che
776 1876 133 49 dans
932 1869 340 64 l'harmonie,
1300 1882 48 37 et
1376 1869 287 60 l'andante,
1705 1867 361 63 accompagné
2099 1862 301 50 seulement
2453 1874 96 51 par
2573 1858 68 49 les

649 1963 137 48 deux
805 1961 231 62 violons,
1065 1971 78 37 est
1168 1958 64 48 de
1265 1956 156 49 l'effet
1454 1956 46 48 le
1534 1954 122 66 plus
1694 1950 265 69 gracieux.

719 2051 99 48 Les
840 2047 214 49 Loisirs
1092 2044 69 51 du
1196 2043 211 51 Bercail
1431 2043 64 48 de
1535 2039 363 51 Boismortier
1933 2050 49 38 et
2014 2038 75 48 les
2116 2036 172 50 Suites
2316 2034 64 49 de
2410 2030 231 68 Baptiste

649 2138 139 47 Anet
821 2146 215 39 entrent
1069 2135 133 48 dans
1235 2132 46 48 la
1312 2128 263 68 catégorie
1627 2130 94 48 des
1771 2124 395 69 compositions
2210 2123 62 50 de
2320 2118 323 53 Chedeville.

647 2222 138 50 Mais
816 2237 122 33 avec
969 2218 241 61 Michon,
1239 2216 209 67 Dupuit
1470 2227 50 37 et
1547 2216 254 61 Buterne,
1831 2229 137 33 nous
2000 2212 273 50 abordons
2300 2225 72 33 un
2397 2222 161 52 genre
2583 2206 57 49 de

651 2309 252 66 musique
937 2307 119 66 plus
1086 2305 190 49 relevé.
1315 2305 73 48 La
1428 2302 266 66 première
1736 2316 181 34 œuvre
1950 2300 64 49 de
2042 2297 222 50 Michon
2292 2309 79 36 est
2405 2292 238 52 intitulée

656 2395 458 51 Divertissements
1707 2391 341 65 champêtres,
1580 2401 49 37 et
1682 2387 187 50 dédiée
1914 2403 64 33 au
2041 2382 245 69 marquis
2328 2384 64 49 de
2452 2380 166 53 Castel-

650 2500 124 32 nau.
805 2480 90 53 On
924 2499 33 48 y
989 2493 286 37 rencontre
1308 2479 63 49 de
1395 2476 153 65 jolies
1575 2475 193 67 pièces,
1794 2475 159 48 d'une
1980 2472 255 51 difficulté
2255 2470 117 66 déjà
2394 2469 249 49 sérieuse.

650 2571 107 47 Des
783 2579 258 38 musettes
1078 2583 65 33 en
1187 2565 272 50 rondeaux
1493 2561 121 51 bien
1648 2565 254 46 tournées
1934 2561 131 49 dont
2090 2575 104 33 une
2229 2570 78 37 est
2340 2555 265 66 étiquetée
2630 2569 9 34 :

650 2657 50 49 la
733 2658 74 47 Le
828 2655 258 61 Rebours,
1121 2654 71 48 du
1220 2667 131 34 nom
1385 2651 125 49 d'un
1543 2648 306 52 Conseiller
1881 2664 64 33 au
1977 2646 309 51 Parlement
2338 2648 28 45 à
2396 2644 93 66 qui
2522 2643 97 49 l'au-

650 2756 118 35 teur
800 2740 218 51 dédiera
1053 2756 97 33 son
1211 2757 26 32 2
1244 2747 17 20 e
1312 2753 200 46 œuvre,
1540 2749 49 36 et
1637 2752 75 34 un
1750 2734 437 51 divertissement
2227 2749 136 50 pour
2411 2730 155 51 vielle
2599 2742 45 35 et

650 2841 230 37 musette
924 2838 332 46 concertant,
1290 2824 132 50 dont
1453 2822 232 50 certains
1728 2825 259 46 numéros
2027 2820 116 49 font
2175 2819 62 50 de
2265 2818 159 49 l'effet
2451 2829 49 37 et
2527 2828 116 37 sont

650 2917 105 48 très
780 2925 349 55 proprement
1161 2911 358 50 harmonisés.
1566 2911 71 48 Le
1663 2909 199 50 second
1889 2907 192 51 recueil
2108 2925 28 31 a
2164 2922 138 51 pour
2333 2905 123 50 titre

651 3007 221 45 sements
1180 2999 62 50 de
1347 2999 47 58 Chambre,
1395 3010 62 36 et
1458 2997 105 49 le
1564 2996 206 67 premier
1801 3010 252 34 morceau
2112 3006 77 37 est
2249 2994 283 47 surmonté
2585 2991 58 49 de

650 3104 55 33 ce
739 3093 117 44 nota
876 3104 104 49 que
1006 3083 320 51 Weckerlin
1348 3101 27 32 a
1412 3083 173 50 relevé
1618 3083 133 49 dans
1776 3097 100 33 son
1909 3079 307 51 Musiciana
2246 3099 11 31 :
2287 3099 23 26 «
2338 3079 132 49 L'on
2498 3093 118 33 nora-

650 3176 48 48 la
724 3176 191 48 bonter
936 3175 63 48 de
1026 3172 150 65 jouer
1200 3185 121 37 tous
1352 3171 106 49 sais
1484 3171 78 49 air
1587 3186 92 34 sur
1710 3171 46 48 la
1789 3167 264 69 première
2084 3167 176 67 liggne
2284 3167 229 50 atendus
2546 3181 95 51 que

653 3261 44 48 le
736 3262 226 65 grèveur
995 3257 103 51 sais
1126 3273 244 50 tromper
1398 3257 91 65 (1).
1520 3275 24 31 »

705 3457 10 52 (
730 3472 9 23 1
752 3457 11 52 )
787 3455 69 41 On
873 3455 49 41 lit
943 3455 106 41 bien
1070 3457 112 39 dans
1199 3454 39 41 la
1258 3449 108 44 Fête
1387 3454 50 39 de
1463 3451 239 55 Cléopâtre
1718 3451 53 41 de
1794 3451 264 41 Chedeville
2076 3451 131 41 cadet
2222 3458 70 33 cet
2307 3450 94 41 avis
2417 3446 196 57 prémoni-

653 3515 115 41 toire
804 3529 7 27 :
846 3529 21 27 «
894 3515 110 39 L'on
1030 3515 241 41 observera
1291 3526 88 41 que
1411 3512 64 41 les
1502 3512 117 41 deux
1643 3511 300 42 chalumeaux
1962 3511 91 41 sois
2070 3510 131 42 biens
2227 3510 170 40 dacord
2418 3506 226 43 ensemble

653 3587 113 41 pour
792 3587 85 41 que
895 3575 64 40 les
984 3575 118 40 deux
1124 3582 155 46 partye
1296 3572 167 41 touche
1486 3571 101 54 plus
1610 3571 342 54 agréablement
1972 3571 206 40 l'oreille.
2202 3585 20 25 »
2241 3570 110 41 Cela
2368 3581 174 42 prouve
2565 3578 79 42 que

653 3648 62 28 ies
741 3636 182 40 maîtres
941 3636 56 40 de
1017 3634 41 40 la
1082 3634 132 41 vielle
1239 3633 169 42 étaient
1428 3633 103 52 plus
1555 3632 140 40 ferrés
1716 3644 74 28 sur
1804 3632 41 39 la
1869 3632 211 52 musique
2098 3644 86 41 que
2204 3644 77 27 sur
2300 3628 319 55 l'orthographe-
