2738 4150
649 396 91 45 838

1197 416 229 31 BULLETIN
1461 418 220 30 FRANÇAIS
1715 420 57 28 DE
1808 420 53 28 LA
1896 421 36 29 S.
1975 422 26 28 I.
2040 422 44 28 M.

646 535 138 48 est-il
817 551 94 50 pas
933 537 63 49 de
1030 539 177 48 même
1232 540 70 48 du
1324 540 200 65 violon,
1566 543 70 49 du
1682 541 181 68 piano,
1900 545 70 48 du
2001 559 183 36 cornet
2206 549 27 47 à
2267 548 209 66 pistons
2506 550 19 48 ?
2549 550 55 51 Sa-

646 638 248 33 vez-vous
915 639 95 50 par
1028 624 128 66 quoi
1189 625 97 50 elle
1319 639 77 37 est
1418 629 298 65 remplacée
1734 630 133 48 dans
1897 630 74 48 les
2004 631 284 65 provinces
2314 635 68 48 où
2408 639 223 62 naguère

644 708 98 48 elle
784 708 128 49 était
936 725 65 32 en
1035 709 249 52 honneur
1315 713 16 47 ?
1375 714 104 48 Par
1516 714 330 51 l'accordéon
1875 719 9 47 !
1919 733 73 33 un
2036 718 163 65 engin
2232 719 231 66 ignoble,
2501 725 104 50 anti-

643 794 246 60 musical,
912 795 92 66 qui
1024 797 206 49 devrait
1256 800 108 49 être
1391 802 232 64 proscrit
1645 819 64 33 au
1731 819 129 33 nom
1886 804 64 50 de
1975 804 45 48 la
2044 803 203 67 dignité
2276 808 62 48 de
2374 808 218 51 l'oreille
2618 818 9 45 !

648 882 71 48 La
759 882 170 63 vielle,
955 883 122 49 bien
1110 885 272 65 conduite,
1410 899 50 37 et
1484 888 232 51 associée
1757 893 26 47 à
1828 907 72 32 un
1933 890 184 50 violon
2168 906 50 35 et
2255 897 26 46 à
2307 911 105 33 une
2462 896 165 61 basse,

640 967 343 52 débarrassée
1006 971 62 49 de
1101 988 83 33 ses
1211 972 279 52 bourdons
1523 978 182 62 quand
1733 977 48 48 la
1813 977 224 49 tonalité
2060 991 51 37 et
2145 979 73 50 les
2260 982 368 52 modulations

640 1053 267 67 l'exigent,
957 1070 67 50 et,
1053 1075 95 48 par
1199 1071 206 52 contre,
1449 1061 321 68 s'appuyant
1820 1081 94 32 sur
1963 1081 83 33 ses
2079 1067 238 65 pédales,
2363 1068 133 50 dans
2538 1071 87 51 des

639 1142 244 49 marches
920 1142 389 67 harmoniques
1344 1147 420 65 régulièrement
1796 1152 241 61 établies,
2083 1155 47 49 la
2182 1155 174 63 vielle,
2392 1174 124 33 avec
2551 1176 77 35 ses

637 1227 217 50 staccati
892 1228 93 66 qui
1023 1230 283 64 crépitent,
1359 1249 125 33 avec
1527 1251 98 32 son
1658 1235 344 54 articulation
2041 1254 144 37 nette
2218 1251 48 41 et
2297 1242 236 64 franche,
2575 1264 50 33 sa

635 1313 238 51 sonorité
900 1331 71 34 un
1005 1332 102 50 peu
1141 1316 306 62 nasillarde,
1471 1336 212 36 comme
1709 1324 10 48 1
1740 1325 129 61 alto,
1897 1326 137 51 mais
2065 1330 461 68 caractéristique,
2554 1348 74 37 est

634 1412 117 39 tout
769 1419 25 32 a
828 1401 92 50 fait
941 1401 158 67 digne
1126 1402 236 52 d'entrer
1383 1406 134 50 dans
1542 1407 47 49 la
1613 1410 268 66 catégorie
1908 1412 93 50 des
2024 1414 359 53 instruments
2407 1435 218 51 propres

634 1490 28 46 à
693 1491 246 48 exécuter
969 1489 50 49 la
1048 1490 259 49 véritable
1339 1492 274 68 musique.
1649 1496 159 64 Mais,
1857 1515 140 50 pour
2046 1503 131 62 cela,
2214 1504 36 48 il
2293 1505 113 50 faut
2438 1506 186 66 qu'elle

632 1575 102 50 soit
771 1576 123 50 bien
939 1578 404 64 conditionnée,
1380 1580 172 66 réglée
1575 1599 126 34 avec
1725 1584 136 65 soin,
1886 1593 218 46 montée
2137 1592 64 48 de
2225 1593 190 49 cordes
2441 1593 181 67 justes,

633 1674 49 37 et
726 1675 213 38 surtout
961 1663 152 63 jouée
1145 1682 97 49 par
1270 1666 93 49 des
1402 1668 293 52 musiciens
1721 1672 94 66 qui
1846 1674 144 51 aient
2021 1677 184 66 appris
2239 1682 28 47 à
2300 1679 110 51 s'en
2438 1683 181 51 servir.

696 1749 77 48 De
799 1766 55 31 ce
893 1767 71 48 qu
991 1767 71 33 un
1101 1750 182 50 violon
1328 1753 162 51 serait
1535 1757 137 49 raclé
1709 1774 96 49 par
1841 1776 72 33 un
1940 1778 203 51 paysan
2196 1767 256 65 grossier,
2478 1767 32 49 il
2561 1787 59 33 ne

630 1835 341 51 s'ensuivrait
995 1854 91 49 pas
1132 1854 102 50 que
1267 1839 45 48 le
1340 1839 183 51 violon
1555 1842 79 51 fût
1679 1861 75 34 un
1799 1846 334 54 instrument
2185 1854 345 66 méprisable.
2577 1860 43 48 A

629 1938 103 35 une
752 1927 210 63 époque
994 1926 68 48 où
1090 1924 46 50 le
1166 1931 130 61 goût
1319 1928 62 48 de
1422 1928 299 53 l'ancienne
1768 1934 254 68 musique
2054 1956 28 32 a
2121 1943 220 63 pénétré
2384 1956 233 53 partout,

628 2009 47 49 la
708 2011 148 64 place
905 2012 64 49 de
1009 2011 369 52 l'instrument
1410 2016 92 66 qui
1533 2018 139 50 ravit
1703 2020 75 50 les
1813 2022 170 65 sujets
2015 2026 64 49 de
2119 2027 171 51 Marie
2335 2030 283 53 Leczinska

625 2100 172 62 paraît
840 2111 118 37 tout
1019 2100 254 66 indiquée
1315 2103 133 50 dans
1503 2106 314 53 l'ensemble
1860 2111 284 52 charmant
2180 2115 169 51 formé
2403 2135 95 50 par
2573 2120 42 51 le

621 2183 256 65 clavecin,
914 2186 73 49 les
1014 2187 273 60 théorbes,
1321 2188 74 51 les
1422 2191 157 51 flûtes
1606 2207 48 36 et
1688 2196 74 48 les
1800 2196 168 52 violes
2001 2200 263 54 d'amour.

1854 2324 63 49 E.
1946 2324 59 49 de
2034 2324 384 49 Bricqueville.
