2738 4150
623 377 91 58 BgB

1169 395 226 31 BULLETIN
1428 398 217 29 FRANÇAIS
1681 399 57 28 DE
1775 399 53 28 LA
1862 399 38 31 S.
1940 400 31 28 I.
2010 402 47 28 M.

1559 430 10 11 >

623 522 211 43 MITJANA
854 522 237 54 (Rafaël).
1815 524 272 47 Cincuenta
2427 541 40 42 y
2485 534 119 37 cuatr

764 593 103 46 XVl.
868 594 248 59 (Uppsala,
1142 594 132 47 in-8°
1315 598 56 44 de
1414 600 62 44 60
1503 602 67 57 p.)
1599 626 56 6 —

761 669 310 42 universitets
1472 668 258 47 biblioteks
1766 673 320 60 musikadeling.
2087 673 141 58 (Stockholm,
2229 675 50 59 in-4
2280 687 67 19 0
2348 677 99 44 de
2448 692 43 44 19
2543 686 61 55 p.)

928 740 392 47 L'orientalisme
1785 744 206 46 musical
2267 753 49 37 et
2429 748 48 43 la
2591 762 13 29 m
2057 748 210 58 (Extrait
2326 750 63 43 du

764 813 216 44 oriental
999 814 19 44 de
1019 815 147 60 1906.)

682 948 70 47 M.
779 950 169 45 Rafaël
969 951 225 60 Mitjana,
1221 954 85 59 qui
1331 955 120 45 écrit
1469 956 133 44 aussi
1630 956 112 46 bien
1776 956 272 61 l'espagnol
2090 973 95 45 que
2233 960 42 44 le
2302 960 211 58 français
2566 980 38 33 et

619 1022 43 45 le
688 1025 217 54 suédois,
929 1036 68 34 est
1016 1028 138 44 entré
1174 1027 122 45 dans
1316 1027 42 46 le
1397 1030 233 44 domaine
1655 1032 59 43 de
1751 1031 242 46 l'histoire
2032 1032 239 46 musicale
2293 1047 86 46 par
2402 1035 44 46 la
2472 1050 132 44 porte

620 1097 57 44 de
699 1097 46 44 la
766 1097 380 61 bibliographie.
1190 1101 94 44 Ces
1320 1101 279 46 différentes
1645 1105 405 59 monographies,
2091 1107 289 59 auxquelles
2408 1107 196 60 s'ajoute

615 1168 205 46 l'article
841 1172 65 43 du
931 1173 159 43 même
1117 1187 147 43 genre
1292 1173 118 60 qu'il
1433 1174 132 45 vient
1607 1176 57 44 de
1687 1176 119 45 faire
1850 1180 210 57 paraître
2100 1180 122 44 dans
2265 1180 46 44 la

616 1243 280 56 d'Olschki,
920 1258 124 31 nous
1072 1244 107 46 font
1198 1249 257 42 connaître
1489 1263 65 28 un
1587 1249 186 46 certain
1796 1252 209 44 nombre
2026 1252 60 44 de
2107 1252 163 56 livres,
2297 1254 85 59 qui
2406 1270 49 30 se
2479 1267 100 36 trou-

611 1326 115 33 vent
747 1317 24 43 à
794 1315 43 45 la
863 1315 340 61 bibliothèque
1229 1318 292 60 d'Uppsala,
1556 1319 38 46 si
1632 1322 134 44 riche
1809 1337 58 29 en
1914 1324 251 61 musique.
2213 1326 132 45 Pour
2386 1328 119 57 moi,
2530 1329 73 59 j'ai

616 1388 73 44 été
714 1388 452 60 particulièrement
1192 1390 236 46 intéressé
1453 1407 85 46 par
1565 1393 69 44 les
1677 1397 297 44 manuscrits
2021 1399 267 60 espagnols
2333 1399 120 46 cités
2490 1403 113 47 dans

614 1460 179 47 l'étude
817 1477 83 30 sur
922 1463 393 48 l'orientalisme.
1350 1467 87 45 Les
1461 1467 208 45 lecteurs
1695 1469 63 43 du
2011 1472 162 45 feront
2198 1474 401 59 prochainement

614 1535 358 47 connaissance
1008 1552 114 31 avec
1165 1540 69 43 M.
1274 1539 226 58 Mitjana.

614 1714 249 46 Jahrbuch
887 1717 90 44 der
995 1717 438 47 Musikbibliothek
1456 1722 148 44 Peter
1608 1736 187 46 s,pour
1824 1724 156 61 igoB.
2018 1728 50 43 15
2074 1733 18 21 e
2111 1731 174 52 année,
2309 1731 169 59 publié
2520 1749 81 44 par

1160 1790 58 47 R.
1240 1789 281 51 SCHWARTZ.
1546 1793 166 61 (Lpz.,
1738 1809 138 46 1909,
1898 1797 112 61 in-4
2011 1804 20 21 0
2038 1801 31 57 .)

676 1919 207 61 Chaque
920 1923 174 57 année,
1156 1934 140 34 notre
1362 1924 220 47 éminent
1624 1926 224 61 collègue
1897 1930 67 46 M.
2012 1930 43 46 le
2097 1933 285 59 professeur
2424 1936 177 49 Rudolf

615 1991 250 47 Schwartz
901 1994 85 45 fait
1010 2009 61 30 au
1098 1997 183 45 monde
1324 2009 171 35 savant
1531 1999 44 44 le
1617 2003 198 57 présent
1851 2003 58 44 de
1944 2004 274 47 l'annuaire
2270 2008 58 44 de
2349 2008 47 45 la
2431 2010 148 47 biblio-

611 2063 182 61 thèque
817 2066 179 47 Peters.
1024 2067 90 46 Les
1136 2070 307 58 professeurs
1465 2071 169 47 Guido
1650 2074 154 45 Adler
1827 2086 44 35 et
1898 2076 350 48 Kretzschmar
2267 2091 45 35 et
2345 2080 42 46 le
2406 2083 195 48 docteur

613 2138 252 47 Hermann
901 2141 155 46 Abert
1075 2142 311 47 collaborent
1427 2157 124 33 cette
1584 2146 95 46 fois
1720 2163 60 30 au
1805 2150 219 58 volume,
2071 2168 87 44 par
2179 2154 83 44 des
2299 2155 193 47 articles
2525 2173 76 33 sur

609 2211 411 62 l'hétérophonie,
1046 2231 85 31 sur
1159 2217 200 60 Haydn,
1386 2218 310 60 Logroscino
1721 2234 46 33 et
1792 2224 238 45 Noverre.
2076 2227 157 59 Après
2278 2241 121 35 cette
2425 2232 150 46 contri-

611 2284 174 46 bution
812 2287 208 58 érudite,
1048 2290 122 43 dont
1187 2288 42 60 je
1249 2305 29 29 n
1300 2291 44 44 ai
1362 2306 86 45 pas
1472 2291 46 48 la
1536 2293 140 60 place
1697 2296 57 44 de
1776 2295 118 47 faire
1916 2296 62 46 ici
1994 2297 252 62 l'analyse,
2278 2301 67 47 M.
2359 2304 241 47 Schwartz

610 2371 128 32 nous
765 2361 222 58 présente
1016 2376 68 30 un
1124 2362 259 61 catalogue
1425 2364 84 46 des
1551 2366 147 47 livres
1733 2380 45 34 et
1820 2370 275 47 brochures
2137 2387 149 46 parus
2308 2390 60 30 en
2403 2378 116 58 1908
2561 2391 38 33 et

609 2432 200 47 traitant
832 2436 59 44 de
926 2436 248 61 musique.
1203 2437 60 46 Se
1288 2439 287 46 doute-t-on
1617 2442 65 46 du
1721 2442 174 47 chiffre
1937 2446 173 47 atteint
2126 2461 88 47 par
2246 2460 124 35 cette
2393 2452 176 59 produc-

604 2505 106 46 tion
732 2508 232 46 annuelle
982 2509 122 46 dans
1122 2511 44 44 le
1188 2513 183 45 monde
1391 2513 158 46 entier
1571 2514 111 46 ?Le
1704 2517 257 61 catalogue
1984 2519 66 45 du
2369 2523 97 47 fort
2491 2526 104 45 bien

609 2578 86 47 fait
719 2592 45 33 et
782 2580 83 61 qui
892 2580 246 49 s'entoure
1156 2584 147 46 d'une
1344 2585 366 49 collaboration
1735 2591 230 57 étendue,
1989 2592 158 47 arrive
2170 2594 24 46 à
2220 2607 108 34 tout
2352 2597 111 60 près
2487 2599 108 45 d'un

609 2653 184 47 millier
804 2654 262 51 d'articles.
1091 2657 41 45 Il
1151 2669 70 35 est
1241 2659 102 46 vrai
1359 2674 111 46 que,
1499 2662 122 45 dans
1645 2678 53 31 ce
1714 2665 227 55 nombre,
1960 2681 50 30 se
2035 2678 232 37 trouvent
2281 2671 87 45 des
2379 2673 217 46 volumes

606 2726 59 45 de
691 2728 94 44 très
813 2729 250 46 médiocre
1084 2730 194 56 intérêt,
1305 2734 58 43 de
1389 2734 242 61 quelques
1655 2742 186 54 pagesà
1862 2740 163 59 peine.
2053 2742 542 62 Faisonslargementla

606 2812 107 47 part
737 2801 66 45 du
826 2800 96 57 feu,
949 2814 45 33 et
1010 2804 264 46 réduisons
1297 2820 24 30 a
1344 2819 111 33 cent
1477 2808 42 44 le
1544 2810 207 45 nombre
1770 2812 83 44 des
1878 2825 243 47 ouvrages
2147 2815 148 46 utiles
2340 2818 255 60 dépassant

605 2872 123 47 trois
751 2886 137 35 cents
912 2890 148 46 pages
1079 2889 44 33 et
1147 2879 377 47 véritablement
1549 2881 25 46 à
1597 2881 108 49 lire.
1733 2884 142 47 Nous
1897 2886 226 46 arrivons
2145 2889 126 46 ainsi
2298 2893 24 42 à
2358 2904 237 35 constater

604 2961 95 46 que
719 2949 43 44 le
783 2950 322 47 malheureux
1123 2952 462 61 musicologuedoit
1603 2958 254 55 absorber,
1874 2974 127 46 pour
2013 2975 50 32 se
2076 2963 128 45 tenir
2220 2979 61 31 au
2297 2978 223 47 courant,
2540 2968 53 44 de

605 3031 157 36 trente
797 3025 24 42 à
846 3035 238 48 quarante
1129 3025 135 46 mille
1307 3041 148 45 pages
1494 3043 88 45 par
1606 3044 78 32 an.
1730 3031 107 47 Soit
1875 3045 112 34 cent
2027 3049 149 46 pages
2223 3052 86 44 par
2341 3039 113 58 jour
2481 3040 113 46 !On

604 3096 269 61 s'explique
905 3100 251 58 pourquoi
1189 3101 212 46 certains
1424 3102 182 47 malins
1624 3105 301 61 dédaignent
1956 3107 286 49 l'érudition
2276 3124 46 34 et
2355 3114 238 59 préfèrent

605 3184 60 30 au
682 3171 271 46 document
975 3172 337 60 péniblement
1344 3176 173 61 acquis
1533 3177 47 46 la
1602 3179 178 59 phrase
1799 3181 213 47 aimable
2032 3200 94 45 que
2149 3186 110 45 leur
2280 3186 189 47 fournit
2495 3187 98 46 leur

604 3242 345 60 imagination.
982 3246 81 46 On
1095 3250 275 58 comprend
1405 3251 133 46 aussi
1561 3255 253 59 pourquoi
1842 3255 44 47 la
1919 3257 369 59 spécialisation
2312 3274 281 34 commence

601 3317 26 44 à
649 3332 19 29 s
688 3318 172 46 établir
889 3320 124 45 dans
1036 3335 91 30 nos
1151 3323 187 45 études.
1361 3323 40 46 Il
1436 3340 58 32 va
1521 3326 191 48 bientôt
1743 3330 207 45 devenir
1980 3331 295 62 impossible
2314 3333 277 49 d'absorber

602 3402 122 33 cette
765 3393 119 45 dose
919 3394 57 44 de
1001 3393 290 50 littérature.
1331 3397 144 47 Ainsi
1505 3398 45 46 le
1590 3413 116 35 veut
1744 3402 46 47 la
1828 3403 201 46 marche
2054 3406 84 44 des
2175 3406 151 58 idées,
2360 3408 46 46 la
2434 3408 67 46 loi
2539 3410 51 44 de

604 3463 305 50 l'évolution.
2217 3481 42 46 j.
2300 3483 60 45 jr.

758 3582 53 38 Le
841 3582 158 40 Gérant
1023 3597 12 25 :
1067 3585 171 40 MARCEL
1270 3587 173 39 FREDET.

1320 3685 109 30 Poitiers.
1445 3698 18 6 -
1477 3685 90 32 Société
1584 3688 114 36 franpss
1711 3690 162 31 d'imprimerie
