2738 4150
935 334 238 45 PRÉLUDES
1206 348 211 31 JAVANAIS

2081 338 88 59 843

272 473 274 63 Traduite,
599 484 135 40 cette
793 472 241 50 chanson
1072 472 266 62 d'amour,
1387 472 113 68 qui,
1549 474 151 51 selon
1757 492 132 34 mon
1946 475 225 68 opinion

218 563 251 61 modeste,
494 572 78 38 est
599 558 546 52 incontestablement
1175 559 189 50 tendre
1389 571 50 39 et
1452 560 184 65 molle,
1670 574 80 38 est
1781 578 211 36 comme
2022 563 107 51 ceci
2156 574 14 38 :

259 681 39 47 Il
319 696 29 45 y
384 694 24 30 a
433 680 257 57 beaucoup
715 676 223 46 d'étoiles
957 691 62 32 au
1041 676 301 57 firmament,
1368 676 126 47 mais
1510 676 36 47 il
1565 676 83 62 n'y
1672 691 26 32 a
1714 679 152 59 qu'un
1903 679 107 47 seul
2031 680 112 46 wari-

205 756 108 61 ngin
337 752 63 62 (1)
421 752 142 60 (dans
585 751 45 44 le
651 751 200 58 jardin).

263 827 37 47 Il
318 842 30 46 y
371 841 24 31 a
417 827 253 57 beaucoup
695 825 59 44 de
773 825 248 45 créatures
1034 839 85 31 sur
1133 835 145 48 terre,
1303 823 125 46 mais
1448 823 43 61 je
1513 826 112 44 n'en
1643 823 157 47 désire
1820 825 181 61 qu'une
2018 826 153 46 seule.

261 936 35 46 Il
322 952 28 44 y
373 949 25 32 a
442 934 258 61 beaucoup
746 935 58 46 de
844 946 197 50 gouttes
1077 936 122 45 dans
1235 936 208 60 l'océan,
1486 938 125 45 mais
1644 938 35 47 il
1703 939 83 61 n'y
1809 953 25 32 a
1871 943 153 57 qu'un
2065 941 106 45 seul

197 1009 245 59 waringin.

259 1084 37 47 Il
315 1099 28 46 y
365 1098 25 31 a
423 1084 257 59 beaucoup
701 1082 176 61 d'yeux
900 1099 83 32 sur
997 1095 144 48 terre,
1166 1085 126 46 mais
1316 1085 42 60 je
1380 1085 111 47 n'en
1517 1085 159 46 désire
1697 1100 94 46 que
1811 1086 146 46 deux.

270 1222 311 53 Ci-dessous
610 1239 136 34 vous
776 1235 284 39 trouverez
1084 1225 48 49 la
1147 1225 255 68 musique
1433 1226 65 51 de
1516 1237 135 40 cette
1674 1226 258 51 chanson.

263 1310 158 49 Jouez
450 1307 554 70 l'accompagnement
1028 1311 63 50 de
1117 1311 162 67 piano
1303 1312 346 64 doucement,
1672 1329 125 34 avec
1822 1312 92 51 des
1936 1327 235 36 nuances

197 1396 55 51 de
282 1394 325 62 mélancolie,
633 1411 75 35 un
737 1413 107 50 peu
869 1413 125 34 avec
1014 1396 354 67 résignation.

276 1482 75 51 Ne
384 1481 221 51 chantez
635 1495 51 37 et
710 1499 68 34 ne
803 1481 154 66 jouez
997 1500 96 51 pas
1133 1500 125 35 avec
1287 1484 283 67 beaucoup
1602 1485 65 51 de
1697 1484 165 53 bruit.
1885 1484 139 51 Mais
2065 1500 105 51 que

202 1581 136 39 votre
362 1569 259 52 émission
652 1571 65 50 de
741 1570 124 51 voix
884 1570 106 51 soit
1020 1587 66 34 en
1109 1570 179 69 pleine
1320 1570 276 52 floraison.

279 1642 11 11 /

261 1655 227 51 Ecoutez
511 1655 146 51 aussi
679 1673 125 34 avec
823 1668 151 38 votre
996 1673 169 47 cœur,
1198 1669 52 38 et
1279 1673 135 35 vous
1432 1656 233 51 sentirez
1688 1658 135 50 dans
1851 1669 136 38 cette
2011 1656 128 52 chan-

200 1758 86 34 son
313 1742 44 49 le
388 1742 147 52 reflet
567 1744 63 50 de
656 1743 48 51 la
726 1743 318 52 silencieuse
1075 1743 333 67 résignation
1433 1744 93 50 des
1559 1743 317 52 Orientaux.

1139 1953 52 50 II

257 2091 320 53 Savez-vous
601 2106 192 37 encore
818 2101 276 41 comment
1117 2088 47 68 je
1194 2103 136 37 vous
1348 2087 49 52 ai
1423 2088 239 60 trouvée,
1706 2083 253 55 Sarinten
1982 2083 19 50 ?

248 2178 234 51 Trouvée
512 2178 19 51 ?

259 2263 177 53 Est-ce
469 2281 102 51 que
596 2263 255 53 chercher
879 2263 226 68 précède
1124 2274 221 38 trouver
1369 2261 20 49 ?

261 2352 56 50 Je
347 2368 64 34 ne
442 2369 135 33 vous
602 2350 411 66 cherchaispas,
1035 2350 64 49 de
1110 2350 178 48 même
1303 2363 103 50 que
1418 2361 134 36 vous
1564 2360 66 34 ne
1644 2360 86 34 me
1750 2340 277 53 cherchiez
2049 2356 115 52 pas.

211 2437 140 51 Nous
373 2439 171 52 étions
566 2439 44 51 si
628 2437 186 68 jeunes
837 2449 52 37 et
919 2453 99 33 nos
1037 2434 171 52 désirs
1226 2434 173 50 d'âme
1422 2426 744 56 erraientinconsciemment.

263 2525 225 52 D'abord
510 2543 100 34 nos
635 2540 158 54 corps
817 2521 274 54 matériels
1113 2539 55 33 se
1189 2523 428 48 rencontrèrent.
1644 2517 79 50 De
1747 2516 170 68 grand
1933 2512 233 54 matin...

207 2628 122 34 vous
359 2613 44 51 le
427 2614 415 67 rappelez-vous
888 2624 193 36 encore
1113 2609 19 48 ?
1157 2608 44 49 Il
1230 2624 34 48 y
1281 2624 29 32 a
1338 2622 76 35 un
1456 2622 104 50 peu
1582 2604 121 67 plus
1748 2603 65 49 de
1851 2613 189 54 quatre
2070 2615 97 35 ans

207 2697 337 53 maintenant.
585 2699 62 50 Je
701 2714 66 35 ne
800 2695 139 52 crois
968 2712 97 51 pas
1101 2711 103 50 que
1236 2691 46 67 je
1329 2690 227 52 sentisse
1601 2688 228 52 aussitôt
1860 2688 122 67 plus
2032 2700 137 54 pour

202 2799 118 36 vous
345 2803 100 50 que
475 2802 140 52 pour
642 2798 151 40 toute
823 2796 153 38 autre
1005 2780 123 65 jolie
1160 2780 123 51 fille.

265 2871 141 53 Vous
431 2874 46 50 le
513 2872 422 68 rappelez-vous
961 2868 229 52 encore?
1211 2869 181 47 Avant
1422 2865 48 50 la
1503 2863 186 69 pointe
1721 2863 71 49 du
1834 2859 121 66 jour
1984 2857 182 68 j'allais

224 2971 80 35 sur
318 2959 338 68 monpedati,
662 2973 89 35 ma
780 2957 286 58 charrette,
1085 2970 102 34 aux
1207 2951 217 52 rizières
1442 2949 288 51 lointaines
1768 2948 64 50 de
1862 2961 132 34 mon
2025 2944 137 50 frère

206 3043 81 65 qui
322 3046 122 51 était
468 3062 75 37 un
592 3047 221 50 homme
844 3047 174 58 sensé,
1066 3037 254 71 puisqu'il
1364 3036 224 62 laissait,
1627 3050 214 35 comme
1884 3048 76 35 un
2007 3031 125 50 bour-

202 3130 132 63 geois
364 3132 232 61 fortuné,
629 3132 76 50 les
752 3130 149 52 soins
944 3145 67 34 au
1058 3123 310 55 ménétrier.
1429 3121 236 54 Chemin
1709 3118 198 52 faisant
1938 3116 49 66 je
2027 3131 136 34 vous

201 3217 168 65 voyais
392 3236 135 50 pour
552 3220 48 49 la
630 3217 267 69 première
922 3216 103 51 fois
1063 3215 64 51 de
1159 3229 89 34 ma
1270 3210 101 52 vie.
1411 3210 63 49 Je
1504 3226 133 33 vous
1668 3206 184 68 voyais
1876 3216 186 56 porter
2086 3219 73 33 un

205 3302 171 63 panier
407 3306 61 50 de
492 3306 260 66 légumes.
787 3304 162 50 Alors
980 3301 47 65 je
1056 3316 137 35 vous
1226 3296 243 52 chantais
1490 3311 107 35 une
1627 3292 234 52 mélodie
1897 3290 133 67 gaie,
2057 3304 105 33 une

207 3386 224 54 chanson
449 3393 62 49 de
549 3390 207 69 plaisir,
783 3391 63 50 de
868 3387 104 66 joie
1016 3399 51 39 et
1098 3386 63 50 de
1213 3381 363 70 plaisanterie,
1603 3396 144 46 avec,
1781 3380 27 48 à
1861 3377 48 50 la
1965 3376 90 57 fin,
2088 3386 75 37 un

192 3469 107 54 brin
320 3476 61 50 de
404 3478 296 67 moquerie.

238 3615 54 52 (1)
315 3618 232 55 Waringin
569 3634 8 28 :
600 3634 63 27 un
688 3620 129 41 arbre
843 3619 256 40 d'énormes
1123 3613 299 42 dimensions.
