2738 4150
775 365 81 32 LES
891 365 103 29 AMIS
1027 364 60 29 DE
1125 364 56 29 LA
1214 360 204 38 MUSIQUE

2067 360 28 27 V

374 550 87 44 De
485 548 58 46 la
562 549 196 45 forme
782 545 290 59 poétique
1101 544 110 44 des
1242 543 223 45 chants
1497 540 318 47 scolaires.

244 721 76 49 Le
444 727 137 43 texte
763 719 123 51 d'un
1055 722 156 48 chant
1410 717 226 52 scolaire
1920 715 113 51 doit

108 807 321 61 saisissante,
847 806 212 67 capable
1082 804 62 51 de
1501 802 321 67 s'imprimer
1839 801 275 67 facilemen

242 894 51 50 Il
405 894 112 49 doit
692 911 53 32 se
896 893 329 66 rapprocher
1617 907 114 50 par
1923 888 191 52 certain

104 980 293 50 instinctive
420 987 51 43 et
499 982 155 48 na'ive
681 978 86 66 qui
796 976 321 51 caractérise
1148 976 71 49 les
1241 975 181 49 chants
1448 971 331 68 populaires.

245 1068 82 49 La
465 1068 177 67 forme
877 1067 69 50 du
1079 1065 198 67 couplet
820 1093 65 7 —
1738 1081 65 32 ou
1929 1063 180 66 forme
1230 1079 25 31 «
1620 1080 23 24 »
1679 1086 62 9 —

119 1152 50 51 la
288 1154 128 66 plus
626 1152 259 51 naturelle
1225 1157 49 45 et
1397 1151 51 50 la
1547 1151 124 66 plus
1879 1148 235 51 convenab

115 1241 277 65 répétition
743 1240 70 51 du
982 1241 160 50 thème
1377 1236 307 69 mélodique,
2061 1253 52 33 ce

113 1326 248 50 mémoire
616 1367 11 10 .

250 1414 147 49 Cette
644 1430 157 50 coupe
1056 1432 32 31 a
1210 1411 147 51 aussi
1599 1411 296 66 l'avantage

108 1500 198 65 phrase
593 1499 69 51 du
818 1507 134 43 texte
1167 1499 239 66 poétique
1713 1513 121 33 sous
2014 1499 100 61 form
1366 1513 21 27 «

115 1588 154 66 qu'un
476 1587 208 69 refrain
970 1587 235 49 heureux
1229 1602 31 30 a
1595 1584 119 67 fait
1896 1583 49 49 la
1973 1584 141 64 fortu

244 1673 270 50 Pourtant
533 1672 41 49 il
960 1670 236 51 convient
1477 1668 62 51 de
1648 1668 282 66 n'imposer
1948 1682 166 34 aucun

120 1759 70 50 les
354 1761 201 59 formes
857 1764 224 60 peuuent
1398 1758 108 48 être
1719 1756 209 57 bonnes,

122 1846 324 67 rythmiques
857 1852 47 42 et
923 1843 207 69 qu'elles
1497 1843 238 50 émanent
1756 1839 151 51 d'une

352 2068 89 43 De
472 2065 60 46 la
566 2064 201 46 forme
801 2060 304 49 musicale
1142 2059 109 46 des
1284 2059 223 45 chants
1542 2054 317 47 scolaires.

175 2231 81 47 La
289 2225 216 53 mélodie
536 2224 118 50 d'un
686 2224 153 50 chant
866 2220 229 51 scolaire
1130 2218 113 51 doit
1271 2223 109 43 cire
1403 2218 31 47 à
1465 2215 50 49 la
1537 2213 106 66 fois
1669 2210 238 52 coulante
1929 2217 48 41 et
2004 2208 78 49 dis-

108 2316 227 66 tinguée,
361 2313 47 50 dé
415 2311 170 50 allure
602 2309 220 64 franche
835 2314 46 44 et
909 2305 300 67 spontanée,
1242 2303 62 49 de
1324 2308 221 43 contour
1567 2298 184 66 simple
1787 2303 49 43 et
1874 2294 172 70 facile
2075 2295 32 47 à

126 2401 219 51 retenir.
632 2401 78 48 Le
835 2397 204 67 rythme
1288 2396 109 49 doit
1567 2411 60 33 en
1738 2397 110 46 être
1051 2412 23 26 «
2104 2398 10 42 t

113 2495 136 43 sant.

178 2577 179 47 Avant
387 2579 126 55 tout,
535 2572 43 50 le
608 2570 207 64 rythme
844 2566 223 52 musical
1093 2563 112 51 doit
1260 2565 108 48 être
1418 2558 182 52 déduit
1653 2557 458 66 rigoureusement

114 2662 69 51 du
209 2661 207 61 rythme
437 2657 240 68 poétique
702 2678 15 30 :
739 2685 63 10 —
833 2672 52 32 ce
908 2653 88 68 qui
1017 2653 197 65 impose
1238 2667 66 32 au
1333 2648 149 66 poète
1511 2661 100 33 une
1652 2643 230 50 sérieuse
1921 2642 155 65 préoc-

113 2747 245 66 cupation
385 2745 61 49 de
470 2742 49 50 la
540 2742 295 66 conception
881 2737 344 66 «rythmique
1265 2755 44 38 »,
1361 2731 297 66 conception
1708 2727 34 51 d
1761 2727 217 51 ailleurs
2032 2742 52 32 in-

114 2831 330 70 dispensable
474 2829 132 51 dans
627 2830 50 50 la
687 2831 223 66 facture
940 2826 62 51 de
1034 2833 111 41 tous
1170 2825 71 48 les
1271 2838 118 34 vers
1418 2840 21 27 «
1464 2817 231 68 lyriques
1721 2835 45 42 »,
1787 2831 25 32 c
1832 2812 280 52 est-à-dire

136 2919 225 51 destinés
380 2920 31 47 à
754 2918 50 49 la
823 2915 247 66 musique.

183 3008 120 48 Non
329 3004 279 51 seulement
631 3001 43 50 le
698 3001 206 65 rythme
933 2998 116 50 créé
1065 3014 107 50 par
1199 2995 43 50 le
1272 2993 248 50 musicien
1549 2990 163 51 devra
1744 2986 193 51 cadrer
1961 3003 120 31 exac-

120 3099 186 45 tement
345 3106 121 34 avec
510 3088 45 49 le
598 3087 206 64 rythme
837 3085 89 51 des
959 3100 118 35 vers
1101 3102 15 44 ;
1152 3080 132 51 mais
1317 3076 343 68 l'expression
1711 3073 62 50 de
1812 3073 50 49 la
1893 3069 220 52 mélodie

120 3180 162 49 devra
305 3179 110 48 être
432 3192 59 32 en
513 3172 239 67 parfaite
782 3170 353 51 concordance
1158 3183 122 33 avec
1312 3165 43 49 le
1370 3180 117 34 sens
1537 3161 86 51 des
1669 3158 237 68 paroles.
1951 3158 162 48 Texte

147 3273 46 43 et
315 3264 250 65 musique,
872 3259 176 68 poésie
1283 3266 45 41 et
1425 3257 235 63 mélodie,
1949 3255 165 50 doiven

115 3368 111 49 par
256 3365 96 34 une
399 3346 188 50 étroite
649 3343 175 62 union,
858 3360 111 49 par
1009 3357 97 34 une
1163 3339 226 50 alliance
1432 3332 342 53 indissoluble
1810 3353 16 29 :
1854 3344 197 36 comme
2067 3328 47 51 si

154 3437 246 50 l'élément
413 3432 242 67 poétique
678 3436 48 43 et
739 3429 249 50 l'élément
1011 3426 219 50 musical
1252 3424 211 51 avaient

155 3522 67 50 du
329 3523 157 47 même
689 3535 238 35 cerveau.

286 3608 232 65 Presque
810 3606 240 67 toujours
1343 3602 70 50 les
1534 3602 179 48 chants
1934 3600 180 50 scolair
