2738 4150
567 384 25 29 X

1247 397 80 29 LES
1362 399 103 31 AMIS
1500 402 59 29 DE
1593 403 54 28 LA
1680 402 203 38 MUSIQUE

729 510 135 50 Pour
882 520 95 42 être
1006 517 213 49 membre
1238 517 282 63 fondateur,
1548 524 37 48 il
2495 524 53 64 fa

564 613 92 30 une
684 600 256 47 cotisation
967 605 265 49 minimum
1258 607 57 49 de
1334 610 147 48 1.000
1495 610 184 63 francs.

733 682 132 48 Pour
1038 688 95 44 être
1279 688 213 49 membre
1748 689 259 62 donateur,
2361 696 36 48 il
2514 696 34 63 fa

592 764 36 48 d
689 783 66 32 au
865 787 160 31 moins
1245 772 96 48 100
1492 773 185 62 francs.

626 852 135 48 Pour
800 859 96 45 être
926 859 213 49 membre
1179 862 141 63 actif,
1365 864 36 49 il
1435 864 112 63 faut
1598 886 155 31 verser
1786 887 93 31 une
1924 875 259 47 cotisation
2227 877 232 50 annuelle
2488 880 59 48 de

558 936 67 50 20
639 936 185 63 francs,
861 943 278 51 raclietable
1153 965 98 44 par
1288 967 65 31 un
1395 961 264 42 versement
1679 958 183 61 unique
1890 956 58 48 de
1970 957 99 50 500
2089 958 187 64 francs.

719 1022 74 48 La
915 1032 259 45 cotisation
1495 1032 232 50 annuelle
2040 1035 60 48 de
2213 1035 68 50 20
2430 1037 118 61 franc

556 1107 395 64 professionnels.

625 1193 66 49 Le
736 1199 108 45 titre
884 1197 59 48 de
986 1202 213 49 membre
1244 1202 278 54 d'honneur
1552 1228 187 44 pourra
1778 1216 95 46 être
1920 1215 204 50 accordé
2150 1235 98 45 par
2279 1218 40 50 le
2351 1219 193 52 Conseil

582 1279 462 54 d'administration
1548 1305 107 32 aux
1797 1306 264 46 personnes
2370 1298 86 57 qui

579 1367 124 46 vices
892 1369 216 62 signalés
1369 1376 31 43 à
1508 1372 363 65 l'Association,
2296 1395 117 32 sans

555 1454 261 47 cotisation
840 1456 245 52 annuelle.

616 1538 88 48 Les
725 1538 169 50 dames
915 1552 208 53 peuvent
1153 1544 127 65 faire
1305 1552 162 61 partie
1489 1549 57 51 de
1566 1550 343 56 VAssociation
1936 1574 11 33 :
1978 1558 110 51 elles
2115 1568 113 42 sont
2257 1562 221 64 éligibles
2508 1569 30 46 à

553 1625 153 46 toutes
737 1623 63 49 les
832 1624 267 63 fonctions.

617 1714 74 48 La
717 1714 105 51 liste
844 1724 43 42 et
916 1718 62 49 les
1010 1728 179 45 statuts
1230 1734 110 41 sont
1369 1734 210 58 envoyés
1606 1736 354 59 gratuitement
1988 1742 30 46 à
2046 1745 108 44 tous
2196 1759 126 33 ceux
2359 1747 90 60 qui
2479 1764 56 30 en

569 1797 113 63 font
864 1799 48 51 la
1007 1802 262 53 demande.

623 1950 104 54 Les
758 1952 317 57 adhésions
1106 1961 59 50 et
1193 1961 522 57 communications
1748 1967 236 56 doivent
2008 1971 123 54 être
2162 1974 306 55 adressées
2505 1977 31 53 à

546 2042 65 53 M.
648 2044 414 68 Ecorcheville,
1110 2052 322 56 secrétaire
1467 2057 262 69 général,
1774 2061 87 63 22,
1895 2077 107 40 rue
2049 2063 484 75 Saint-Augustin,

545 2133 177 55 Paris.

615 2286 74 54 N.
720 2287 63 56 B.
908 2292 101 52 Les
1035 2292 320 58 adhésions
1390 2298 100 71 qui
1522 2316 148 39 nous
1703 2306 424 67 parviendront
2149 2315 263 67 pendant
2432 2333 98 38 ces

540 2378 146 54 trois
718 2381 268 57 derniers
1006 2386 147 53 mois
1186 2404 27 37 s
1235 2391 417 71 appliqueront
1679 2396 32 53 à
1736 2397 18 52 l
1773 2401 184 54 année
1985 2401 159 59 1910.
2173 2405 356 58 Néanmoins

540 2486 99 38 ces
672 2488 311 41 nouveaux
1014 2480 147 53 amis
1190 2490 311 50 recevront
1532 2488 500 61 immédiatement
2075 2496 132 55 leur
2244 2508 181 56 carte,
2453 2503 75 54 ils

536 2562 423 61 bénéficieront
982 2570 76 55 du
1090 2575 228 55 service
1352 2579 78 52 du
1473 2579 256 57 Bulletin
1762 2588 270 54 mensuel
2075 2598 59 47 et
2185 2592 68 54 de
2277 2597 134 52 tous
2441 2596 87 55 les

537 2664 319 66 avantages
880 2664 271 56 réservés
1183 2668 30 53 à
1235 2684 106 40 nos
1374 2674 310 56 membres.
