2738 4150
575 412 91 43 882

1123 425 229 30 BULLETIN
1388 426 221 29 FRANÇAIS
1642 426 60 28 DE
1737 426 56 28 LA
1826 425 38 29 S.
1902 425 29 28 I.
1968 425 48 28 M.

574 551 260 53 manières,
861 561 44 33 et
947 548 134 46 aussi
1128 561 325 48 respectueux
1482 551 58 44 de
1575 549 47 46 la
1660 549 231 59 musique
1940 562 94 46 que
2071 548 59 45 de
2174 548 107 45 leur
2312 548 263 58 directeur,

574 622 244 44 semblent
841 632 174 34 mettre
1051 622 107 45 leur
1204 623 142 58 point
1387 623 280 46 d'honneur
1707 624 24 42 à
1758 620 144 46 saisir
1924 620 71 45 les
2013 620 256 45 moindres
2293 620 205 46 finesses
2522 623 57 43 de

574 711 75 29 ses
675 694 291 46 intentions.
994 695 139 45 Tous
1158 695 69 45 les
1250 697 218 56 violons,
1505 698 66 43 du
1597 694 216 61 premier
1838 709 60 31 au
1933 694 214 57 dernier,
2188 706 86 33 ont
2299 695 73 44 été
2414 695 166 46 munis

574 770 85 42 des
698 768 253 45 meilleurs
969 769 327 44 instruments
1322 770 58 43 de
1412 768 300 47 fabrication
1737 769 214 53 récente,
1973 782 96 44 que
2093 766 101 45 l'on
2220 768 265 44 connaisse
2521 783 59 30 en

573 841 312 60 Allemagne,
921 858 123 29 ceux
1087 844 58 43 de
1183 843 42 45 la
1265 843 141 44 firme
1448 844 113 46 Neu
1892 841 59 45 de
1995 840 187 56 Berlin,
2220 855 59 30 en
2319 853 131 33 sorte
2485 858 95 43 que

573 914 391 60 l'homogénéité
987 916 64 45 du
1074 930 89 30 son
1201 915 95 45 soit
1327 915 225 60 parfaite.
1582 915 82 46 On
1683 914 315 46 n'obtiendra
2019 913 177 59 jamais
2215 914 106 44 rien
2347 915 58 43 de
2426 915 154 59 pareil

574 987 117 45 d'un
717 989 252 45 orchestre
994 990 122 44 dont
1139 987 212 47 certains
1373 987 258 46 individus
1662 987 229 46 auraient
1915 986 217 61 quelque
2158 986 334 47 Stradivarius
2518 1003 63 31 ou

573 1076 68 30 un
665 1062 184 59 Amati,
876 1062 163 46 tandis
1074 1078 95 44 que
1187 1062 46 45 la
1258 1061 228 59 majorité
1510 1061 213 60 jouerait
1742 1076 85 30 sur
1868 1062 85 44 des
1978 1061 331 45 instruments
2340 1062 59 44 de
2424 1061 131 60 vingt-

573 1134 115 59 cinq
710 1150 65 29 ou
810 1136 160 43 même
996 1136 58 43 de
1097 1135 81 44 dix
1210 1135 156 46 mark.
1394 1135 131 57 Cinq
1564 1135 216 43 minutes
1801 1145 147 34 avant
1981 1134 201 45 l'entrée
2203 1135 66 44 du
2305 1134 117 45 chef
2459 1135 98 46 d'or-

574 1207 207 54 chestre,
804 1220 106 34 tout
932 1207 133 45 bruit
1089 1207 319 59 d'accordage
1430 1222 65 30 ou
1523 1207 172 45 d'essai
1724 1208 60 44 de
1815 1221 205 46 passage
2050 1208 240 45 scabreux
2314 1208 105 45 doit
2443 1208 138 46 avoir

573 1281 148 54 cessé,
749 1281 59 44 de
832 1280 111 45 telle
965 1291 131 34 sorte
1131 1281 280 57 qu'aucune
1435 1280 221 45 sonorité
1677 1280 383 47 instrumentale
2083 1281 118 46 n'ait
2224 1282 207 59 précédé
2469 1282 88 46 l'at-

569 1365 165 47 taque.
773 1353 132 46 C'est
928 1368 62 30 au
1016 1353 166 46 moins
1205 1353 183 46 d'aussi
1415 1355 100 43 bon
1540 1353 127 56 effet,
1702 1368 128 45 pour
1853 1356 232 57 préparer
2107 1371 62 29 au
2188 1356 393 56 recueillement,

571 1441 94 44 que
683 1427 309 46 l'extinction
1011 1428 84 43 des
1111 1427 238 46 lumières
1382 1442 62 31 au
1469 1427 205 46 théâtre.
1704 1428 84 46 Un
1811 1428 105 45 seul
1942 1428 151 46 détail
2111 1429 58 45 de
2189 1443 54 31 ce
2263 1445 149 43 genre
2437 1429 144 47 serait

570 1502 250 57 peut-être
847 1501 307 59 négligeable
1175 1516 11 42 ;
1211 1501 110 44 leur
1345 1501 216 45 réunion
1580 1501 228 45 ennoblit
1849 1507 23 39 à
1906 1502 174 60 plaisir
2130 1518 80 31 ces
2243 1503 153 46 belles
2442 1504 137 55 fêtes,

574 1573 212 61 uniques
806 1573 234 60 jusqu'ici
1063 1588 58 31 en
1157 1574 222 60 Europe.
1402 1574 148 46 Est-il
1582 1575 176 45 besoin
1794 1574 244 60 d'ajouter
2084 1591 94 45 que
2201 1577 45 44 le
2292 1577 184 47 service
2518 1579 61 45 du

570 1645 229 46 vestiaire
823 1658 46 33 et
913 1647 84 44 des
1036 1657 184 49 portes,
1267 1647 47 44 la
1336 1647 268 59 discipline
1622 1649 58 43 de
1712 1647 279 47 l'intérieur
2025 1661 120 33 vont
2179 1653 27 42 à
2243 1649 250 47 l'unisson
2525 1653 56 43 de

570 1719 46 44 la
651 1719 263 60 discipline
952 1720 57 45 de
1037 1720 286 46 l'orchestre
1345 1728 18 39 ?
1393 1722 66 44 Le
1498 1722 136 59 cycle
2525 1725 56 45 de

578 1807 114 45 1901
728 1805 181 33 restera
942 1809 69 29 un
1051 1794 192 46 modèle
1275 1796 60 44 de
1377 1794 195 47 festival
1599 1810 58 30 en
1689 1795 93 55 soi,
1807 1808 173 33 autant
2004 1796 154 60 qu'un
2177 1799 58 43 de
2260 1813 79 30 ces
2362 1799 219 46 modèles

570 1868 390 59 d'organisation
987 1869 57 43 de
1070 1869 120 44 fêtes
1222 1869 335 60 compliquée,
1586 1870 123 45 dont
1726 1869 329 61 l'Allemagne
2074 1883 274 34 acoutume
2371 1874 58 44 de
2452 1888 128 30 nous

569 1941 194 45 donner
786 1941 196 46 d'utiles
1007 1941 265 61 exemples,
1296 1943 122 59 qu'il
1444 1941 199 61 s'agisse
1662 1944 59 43 de
1745 1944 47 44 la
1810 1943 215 47 réforme
2050 1945 59 45 de
2128 1944 49 47 la
2211 1945 124 46 mise
2358 1962 60 29 en
2437 1946 144 46 scène

570 2029 60 30 au
653 2015 214 46 Théâtre
889 2016 84 45 des
988 2016 230 54 Artistes,
1253 2026 46 35 et
1322 2016 58 45 de
1420 2031 75 31 ses
1521 2016 329 60 Expositions
1877 2017 414 49 internationales
2318 2020 121 44 d'art
2465 2035 87 45 qua-

569 2087 300 60 driennales,
903 2090 134 46 aussi
1063 2090 113 44 bien
1201 2104 95 46 que
1318 2091 59 43 de
1399 2105 91 31 son
1514 2090 185 46 service
1719 2092 84 44 des
1820 2103 169 48 postes
2017 2104 45 33 et
2084 2092 84 46 des
2192 2105 228 48 paquets.
2453 2094 128 45 Mais

569 2161 43 44 le
635 2176 119 31 nom
782 2177 85 31 sur
894 2162 165 61 lequel
1102 2163 36 45 il
1180 2163 105 46 faut
1319 2163 135 46 clore
1500 2176 123 33 cette
1661 2165 281 59 chronique
2003 2180 72 32 est
2109 2166 130 46 celui
2276 2167 184 60 auquel
2502 2169 52 44 de-

569 2250 226 32 meurera
815 2236 27 46 à
870 2249 109 33 tout
1004 2236 174 61 jamais
1208 2237 221 46 attachée
1448 2237 47 46 la
1533 2238 293 45 survivance
1855 2240 59 44 de
1963 2240 205 45 l'œuvre
2205 2241 58 44 de
2305 2241 273 58 Bruckner,

641 2320 46 34 et
707 2311 101 43 cela
832 2310 213 45 suffirait
1065 2310 27 45 à
1112 2310 46 45 la
1183 2310 159 59 gloire
1364 2310 119 47 d'un
1506 2311 205 46 homme
1821 2312 130 46 celui
1989 2315 66 43 du
2092 2313 180 60 parfait
2296 2315 98 45 ami
2417 2327 45 33 et
2486 2316 72 46 dis-

566 2383 144 60 ciple,
738 2383 129 46 celui
902 2386 57 43 de
1002 2384 274 47 l'excellent
1335 2387 268 46 éducateur
1648 2387 348 58 d'orchestres,
2038 2388 128 46 celui
2192 2391 67 44 du
2306 2390 247 48 directeur-

568 2458 142 59 poète
748 2457 287 47 Ferdinand
1059 2459 183 46 Lœwe.

1936 2558 455 45 William
2390 2558 1 45 Ritter.

570 2901 84 45 LA
682 2885 176 62 FÊTE
888 2903 127 45 DES
1040 2904 423 48 VENDANGES
1486 2910 44 41 A
1556 2906 386 47 BORDEAUX

628 3038 67 45 Le
720 3038 199 59 journal
1346 3041 50 43 la
1498 3039 159 47 Petite
1872 3042 222 46 Gironde
1473 3055 83 34 eut
1577 3043 282 49 l'heureuse
1900 3046 110 47 idée
2052 3048 60 45 de
2147 3048 223 61 glorifier
2410 3051 45 44 le
2479 3052 100 46 bon

562 3111 87 44 vin
675 3112 58 43 de
759 3112 263 46 Bordeaux
1046 3128 88 46 par
1158 3128 69 31 un
1263 3114 228 49 triduum
1519 3118 245 60 bachique
1803 3119 84 56 où,
1914 3121 123 45 dans
2084 3137 70 29 un
2194 3123 150 47 décor
2366 3126 213 56 naturel,

564 3199 19 28 s
606 3187 148 57 opéra
775 3201 96 30 une
898 3187 94 44 fois
1018 3202 178 32 encore
1218 3201 124 34 cette
1365 3207 23 28 «
1415 3191 167 47 fusion
1605 3193 85 45 des
1708 3205 98 34 arts
1829 3210 22 29 »
1871 3207 237 48 pourtant
2131 3197 41 46 si
2189 3198 192 46 décriée
2406 3199 174 61 depuis

565 3258 237 60 Wagner.
829 3259 144 46 Donc
997 3262 221 59 pendant
1242 3263 123 46 trois
1385 3263 140 61 jours
1548 3265 44 46 le
1617 3265 200 47 Gascon
1848 3283 62 31 en
1947 3269 147 46 liesse
2136 3272 220 47 acclama
2380 3274 59 45 de
2478 3288 68 32 ma-

562 3332 177 45 tinales
764 3334 286 46 cavalcades
1073 3337 366 61 symboliques,
1463 3351 46 34 et
1534 3342 203 59 remplit
1760 3343 194 61 chaque
1980 3344 297 60 après-midi
2301 3347 279 47 l'immense

561 3406 367 59 amphithéâtre
954 3424 94 45 que
1083 3410 132 47 MM.
1243 3412 175 45 Alfred
1448 3414 194 60 Duprat
1667 3427 45 34 et
1742 3418 170 46 Ferret
1935 3420 355 60 aménagèrent
2315 3422 99 45 fort
2437 3423 119 46 artis-

561 3490 187 35 tement
772 3495 85 31 sur
880 3481 46 46 la
951 3483 222 45 fameuse
1199 3485 138 59 place
1363 3486 85 46 des
1487 3489 343 56 Quinconces.

622 3554 141 44 Nous
788 3554 350 48 n'insisterons
1177 3573 86 44 pas
1303 3574 85 31 sur
1426 3560 71 46 les
1543 3563 169 45 défilés
1758 3565 289 47 évocateurs
2093 3568 86 45 des
2219 3569 144 46 chars
2405 3570 66 46 où
2508 3570 70 46 les

561 3626 196 46 Landes
782 3641 45 31 et
849 3629 69 44 les
947 3630 248 60 Pyrénées
1220 3648 12 42 ;
1252 3634 123 57 Dax,
1406 3635 273 57 Libourne,
1708 3638 166 62 Blaye,
1902 3640 334 47 Saint-André
2260 3655 46 33 et
2328 3643 213 47 laßéole
2564 3657 10 43 ;

562 3701 263 46 Arcachon
851 3714 44 33 et
922 3704 263 47 Marennes
1213 3723 11 38 ;
1244 3706 70 46 les
1337 3709 111 44 vins
1481 3710 64 44 du
1570 3711 199 58 Médoc,
1797 3714 86 44 des
1925 3714 205 55 Graves,
2158 3716 58 45 de
2240 3718 266 47 Sauternes
2531 3723 44 42 et
