<?xml version="1.0" encoding="UTF-8"?>
<alto xmlns:xsi="http://www.w3.org/2001/XMLSchema-instance" xmlns="http://www.loc.gov/standards/alto/ns-v2#" xsi:schemaLocation="http://www.loc.gov/standards/alto/ns-v2# http://www.loc.gov/standards/alto/alto-v2.0.xsd" xmlns:xlink="http://www.w3.org/1999/xlink">
	<Description>
		<MeasurementUnit>mm10</MeasurementUnit>
		<sourceImageInformation>
			<fileName>//fileserver7/IN2/Princeton/Batch3/bmtnabh/1905/07/01_01/00000210.tif</fileName>
		</sourceImageInformation>
		<OCRProcessing ID="OCRPROCESSING_1">
			<preProcessingStep>
				<processingSoftware>
					<softwareCreator>CCS Content Conversion Specialists GmbH, Germany</softwareCreator>
					<softwareName>CCS docWORKS</softwareName>
					<softwareVersion>6.6-1.18</softwareVersion>
				</processingSoftware>
			</preProcessingStep>
			<ocrProcessingStep>
				<processingSoftware>
					<softwareCreator>ABBYY (BIT Software), Russia</softwareCreator>
					<softwareName>FineReader</softwareName>
					<softwareVersion>10.0</softwareVersion>
				</processingSoftware>
			</ocrProcessingStep>
		</OCRProcessing>
		<OCRProcessing ID="OCRPROCESSING_2">
			<preProcessingStep>
				<processingSoftware>
					<softwareCreator>CCS Content Conversion Specialists GmbH, Germany</softwareCreator>
					<softwareName>CCS docWORKS</softwareName>
					<softwareVersion>6.6-1.18</softwareVersion>
				</processingSoftware>
			</preProcessingStep>
			<ocrProcessingStep>
				<processingSoftware>
					<softwareCreator>ABBYY (BIT Software), Russia</softwareCreator>
					<softwareName>NA</softwareName>
				</processingSoftware>
			</ocrProcessingStep>
		</OCRProcessing>
	</Description>
	<Styles>
		<TextStyle ID="TXT_0" FONTSIZE="14" FONTFAMILY="Times New Roman"/>
		<TextStyle ID="TXT_1" FONTSIZE="19" FONTFAMILY="Times New Roman"/>
		<TextStyle ID="TXT_2" FONTSIZE="15" FONTFAMILY="Times New Roman"/>
		<TextStyle ID="TXT_3" FONTSIZE="15" FONTFAMILY="Times New Roman" FONTSTYLE="italics"/>
		<TextStyle ID="TXT_4" FONTSIZE="15" FONTFAMILY="Times New Roman" FONTSTYLE="bold"/>
		<TextStyle ID="TXT_5" FONTSIZE="11" FONTFAMILY="Times New Roman"/>
		<TextStyle ID="TXT_6" FONTSIZE="19" FONTFAMILY="Times New Roman" FONTSTYLE="italics"/>
		<TextStyle ID="TXT_7" FONTSIZE="16" FONTFAMILY="Times New Roman" FONTSTYLE="italics"/>
		<TextStyle ID="TXT_8" FONTSIZE="16" FONTFAMILY="Times New Roman"/>
		<TextStyle ID="TXT_9" FONTSIZE="9" FONTFAMILY="Unknown" FONTSTYLE="bold"/>
		<TextStyle ID="TXT_10" FONTSIZE="12" FONTFAMILY="Times New Roman"/>
		<TextStyle ID="TXT_11" FONTSIZE="7" FONTFAMILY="Fraktur"/>
		<ParagraphStyle ID="PAR_RIGHT" ALIGN="Right"/>
		<ParagraphStyle ID="PAR_LEFT" ALIGN="Left"/>
		<ParagraphStyle ID="PAR_BLOCK" ALIGN="Block"/>
		<ParagraphStyle ID="PAR_CENTER" ALIGN="Center"/>
	</Styles>
	<Layout>
		<Page ID="P51" PHYSICAL_IMG_NR="51" HEIGHT="4351" WIDTH="2509" PC="0.901">
			<TopMargin ID="P51_TM00001" HPOS="0" VPOS="0" WIDTH="2509" HEIGHT="280">
				<TextBlock ID="P51_TB00001" HPOS="1105" VPOS="230" WIDTH="583" HEIGHT="34" STYLEREFS="TXT_0 PAR_RIGHT">
					<TextLine ID="P51_TL00001" HPOS="1105" VPOS="230" WIDTH="583" HEIGHT="34">
						<String ID="P51_ST00001" HPOS="1105" VPOS="235" WIDTH="57" HEIGHT="28" CONTENT="LE" WC="1.00" CC="00"/>
						<SP ID="P51_SP00001" HPOS="1162" VPOS="263" WIDTH="35"/>
						<String ID="P51_ST00002" HPOS="1197" VPOS="233" WIDTH="239" HEIGHT="31" CONTENT="MERCURE" WC="0.99" CC="4000300"/>
						<SP ID="P51_SP00002" HPOS="1436" VPOS="264" WIDTH="36"/>
						<String ID="P51_ST00003" HPOS="1472" VPOS="230" WIDTH="216" HEIGHT="33" CONTENT="MUSICAL" WC="0.99" CC="3408100"/>
					</TextLine>
				</TextBlock>
				<TextBlock ID="P51_TB00002" HPOS="384" VPOS="237" WIDTH="81" HEIGHT="43" STYLEREFS="TXT_1 PAR_LEFT">
					<TextLine ID="P51_TL00002" HPOS="465" VPOS="280" WIDTH="0" HEIGHT="0">
						<String ID="P51_ST00004" HPOS="465" VPOS="280" WIDTH="0" HEIGHT="0" CONTENT="192" WC="1.00" CC="000"/>
					</TextLine>
				</TextBlock>
			</TopMargin>
			<LeftMargin ID="P51_LM00001" HPOS="0" VPOS="266" WIDTH="381" HEIGHT="3637"/>
			<RightMargin ID="P51_RM00001" HPOS="2417" VPOS="266" WIDTH="92" HEIGHT="3637"/>
			<BottomMargin ID="P51_BM00001" HPOS="0" VPOS="3903" WIDTH="2509" HEIGHT="448"/>
			<PrintSpace ID="P51_PS00001" HPOS="381" VPOS="266" WIDTH="2036" HEIGHT="3637">
				<TextBlock ID="P51_TB00003" HPOS="381" VPOS="433" WIDTH="2024" HEIGHT="2118" STYLEREFS="TXT_2 PAR_LEFT">
					<Shape>
						<Polygon POINTS="381,433 2405,433 2405,2475 2042,2475 2042,2551 381,2551"/>
					</Shape>
					<TextLine ID="P51_TL00003" HPOS="437" VPOS="434" WIDTH="1956" HEIGHT="62">
						<String ID="P51_ST00005" HPOS="437" VPOS="465" WIDTH="47" HEIGHT="6" CONTENT="—" WC="0.20" CC="8"/>
						<SP ID="P51_SP00003" HPOS="484" VPOS="471" WIDTH="35"/>
						<String ID="P51_ST00006" HPOS="519" VPOS="442" WIDTH="86" HEIGHT="40" CONTENT="Les" WC="0.99" CC="001"/>
						<SP ID="P51_SP00004" HPOS="605" VPOS="482" WIDTH="27"/>
						<String ID="P51_ST00007" HPOS="632" VPOS="441" WIDTH="180" HEIGHT="55" CONTENT="Opéras" WC="1.00" CC="005000"/>
						<SP ID="P51_SP00005" HPOS="812" VPOS="496" WIDTH="28"/>
						<String ID="P51_ST00008" HPOS="840" VPOS="440" WIDTH="55" HEIGHT="41" CONTENT="de" WC="1.00" CC="00"/>
						<SP ID="P51_SP00006" HPOS="895" VPOS="496" WIDTH="23"/>
						<String ID="P51_ST00009" HPOS="918" VPOS="439" WIDTH="44" HEIGHT="42" CONTENT="la" WC="1.00" CC="00"/>
						<SP ID="P51_SP00007" HPOS="962" VPOS="496" WIDTH="26"/>
						<String ID="P51_ST00010" HPOS="988" VPOS="440" WIDTH="129" HEIGHT="41" CONTENT="Cour" WC="0.96" CC="4066"/>
						<SP ID="P51_SP00008" HPOS="1117" VPOS="496" WIDTH="38"/>
						<String ID="P51_ST00011" HPOS="1155" VPOS="440" WIDTH="55" HEIGHT="41" CONTENT="de" WC="0.81" CC="30"/>
						<SP ID="P51_SP00009" HPOS="1210" VPOS="496" WIDTH="28"/>
						<String ID="P51_ST00012" HPOS="1238" VPOS="439" WIDTH="181" HEIGHT="42" CONTENT="Dresde" WC="0.99" CC="360000"/>
						<SP ID="P51_SP00010" HPOS="1419" VPOS="496" WIDTH="27"/>
						<String ID="P51_ST00013" HPOS="1446" VPOS="447" WIDTH="43" HEIGHT="34" CONTENT="et" WC="0.96" CC="00"/>
						<SP ID="P51_SP00011" HPOS="1489" VPOS="496" WIDTH="21"/>
						<String ID="P51_ST00014" HPOS="1510" VPOS="439" WIDTH="56" HEIGHT="41" CONTENT="de" WC="1.00" CC="00"/>
						<SP ID="P51_SP00012" HPOS="1566" VPOS="496" WIDTH="29"/>
						<String ID="P51_ST00015" HPOS="1595" VPOS="435" WIDTH="199" HEIGHT="43" CONTENT="Munich" WC="0.99" CC="023232"/>
						<SP ID="P51_SP00013" HPOS="1794" VPOS="496" WIDTH="24"/>
						<String ID="P51_ST00016" HPOS="1818" VPOS="443" WIDTH="83" HEIGHT="34" CONTENT="ont" WC="0.97" CC="043"/>
						<SP ID="P51_SP00014" HPOS="1901" VPOS="496" WIDTH="24"/>
						<String ID="P51_ST00017" HPOS="1925" VPOS="434" WIDTH="218" HEIGHT="56" CONTENT="organisé" WC="0.99" CC="33040001"/>
						<SP ID="P51_SP00015" HPOS="2143" VPOS="496" WIDTH="36"/>
						<String ID="P51_ST00018" HPOS="2179" VPOS="447" WIDTH="58" HEIGHT="28" CONTENT="au" WC="0.29" CC="67"/>
						<SP ID="P51_SP00016" HPOS="2237" VPOS="496" WIDTH="23"/>
						<String ID="P51_ST00019" HPOS="2260" VPOS="447" WIDTH="100" HEIGHT="28" CONTENT="com" SUBS_TYPE="HypPart1" SUBS_CONTENT="commencement" WC="0.96" CC="238"/>
						<HYP HPOS="2360" VPOS="447" WIDTH="33" CONTENT="-"/>
					</TextLine>
					<TextLine ID="P51_TL00004" HPOS="381" VPOS="491" WIDTH="2007" HEIGHT="60">
						<String ID="P51_ST00020" HPOS="381" VPOS="506" WIDTH="301" HEIGHT="33" CONTENT="mencement" SUBS_TYPE="HypPart2" SUBS_CONTENT="commencement" WC="0.99" CC="005202063"/>
						<SP ID="P51_SP00017" HPOS="682" VPOS="539" WIDTH="38"/>
						<String ID="P51_ST00021" HPOS="720" VPOS="497" WIDTH="55" HEIGHT="41" CONTENT="de" WC="1.00" CC="00"/>
						<SP ID="P51_SP00018" HPOS="775" VPOS="539" WIDTH="27"/>
						<String ID="P51_ST00022" HPOS="802" VPOS="494" WIDTH="100" HEIGHT="57" CONTENT="juin" WC="0.99" CC="0400"/>
						<SP ID="P51_SP00019" HPOS="902" VPOS="551" WIDTH="38"/>
						<String ID="P51_ST00023" HPOS="940" VPOS="509" WIDTH="93" HEIGHT="28" CONTENT="une" WC="1.00" CC="000"/>
						<SP ID="P51_SP00020" HPOS="1033" VPOS="551" WIDTH="28"/>
						<String ID="P51_ST00024" HPOS="1061" VPOS="495" WIDTH="379" HEIGHT="55" CONTENT="représentation" WC="1.00" CC="30270000402607"/>
						<SP ID="P51_SP00021" HPOS="1440" VPOS="551" WIDTH="26"/>
						<String ID="P51_ST00025" HPOS="1466" VPOS="495" WIDTH="140" HEIGHT="41" CONTENT="d'une" WC="0.98" CC="01640"/>
						<SP ID="P51_SP00022" HPOS="1606" VPOS="551" WIDTH="26"/>
						<String ID="P51_ST00026" HPOS="1632" VPOS="491" WIDTH="386" HEIGHT="59" CONTENT="Ringtetralogie" WC="0.77" CC="00207006405006" STYLEREFS="TXT_3"/>
						<SP ID="P51_SP00023" HPOS="2018" VPOS="551" WIDTH="48"/>
						<String ID="P51_ST00027" HPOS="2066" VPOS="491" WIDTH="56" HEIGHT="41" CONTENT="de" WC="1.00" CC="00"/>
						<SP ID="P51_SP00024" HPOS="2122" VPOS="551" WIDTH="35"/>
						<String ID="P51_ST00028" HPOS="2157" VPOS="491" WIDTH="231" HEIGHT="54" CONTENT="Wagner." WC="0.98" CC="0517007"/>
					</TextLine>
					<TextLine ID="P51_TL00005" HPOS="435" VPOS="575" WIDTH="1962" HEIGHT="60">
						<String ID="P51_ST00029" HPOS="435" VPOS="605" WIDTH="54" HEIGHT="7" CONTENT="—" WC="0.20" CC="8"/>
						<SP ID="P51_SP00025" HPOS="489" VPOS="612" WIDTH="29"/>
						<String ID="P51_ST00030" HPOS="518" VPOS="581" WIDTH="103" HEIGHT="42" CONTENT="Une" WC="0.99" CC="200"/>
						<SP ID="P51_SP00026" HPOS="621" VPOS="623" WIDTH="25"/>
						<String ID="P51_ST00031" HPOS="646" VPOS="580" WIDTH="133" HEIGHT="55" CONTENT="pièce" WC="0.98" CC="72070"/>
						<SP ID="P51_SP00027" HPOS="779" VPOS="635" WIDTH="30"/>
						<String ID="P51_ST00032" HPOS="809" VPOS="579" WIDTH="295" HEIGHT="56" CONTENT="dramatique" WC="1.00" CC="0700000000"/>
						<SP ID="P51_SP00028" HPOS="1104" VPOS="635" WIDTH="26"/>
						<String ID="P51_ST00033" HPOS="1130" VPOS="581" WIDTH="56" HEIGHT="41" CONTENT="de" WC="1.00" CC="00"/>
						<SP ID="P51_SP00029" HPOS="1186" VPOS="635" WIDTH="33"/>
						<String ID="P51_ST00034" HPOS="1219" VPOS="580" WIDTH="209" HEIGHT="54" CONTENT="Thuille," WC="0.66" CC="31514503"/>
						<SP ID="P51_SP00030" HPOS="1428" VPOS="635" WIDTH="23"/>
						<String ID="P51_ST00035" HPOS="1451" VPOS="578" WIDTH="207" HEIGHT="43" CONTENT="Lobetan" WC="0.80" CC="0020262" STYLEREFS="TXT_3"/>
						<String ID="P51_ST00036" HPOS="1734" VPOS="590" WIDTH="24" HEIGHT="28" CONTENT="a" WC="1.00" CC="0"/>
						<SP ID="P51_SP00031" HPOS="1758" VPOS="635" WIDTH="28"/>
						<String ID="P51_ST00037" HPOS="1786" VPOS="576" WIDTH="71" HEIGHT="42" CONTENT="été" WC="1.00" CC="000"/>
						<SP ID="P51_SP00032" HPOS="1857" VPOS="635" WIDTH="30"/>
						<String ID="P51_ST00038" HPOS="1887" VPOS="575" WIDTH="138" HEIGHT="53" CONTENT="jouée" WC="1.00" CC="00000"/>
						<SP ID="P51_SP00033" HPOS="2025" VPOS="635" WIDTH="27"/>
						<String ID="P51_ST00039" HPOS="2052" VPOS="588" WIDTH="185" HEIGHT="29" CONTENT="comme" WC="1.00" CC="00000"/>
						<SP ID="P51_SP00034" HPOS="2237" VPOS="635" WIDTH="41"/>
						<String ID="P51_ST00040" HPOS="2278" VPOS="588" WIDTH="90" HEIGHT="29" CONTENT="nou" SUBS_TYPE="HypPart1" SUBS_CONTENT="nouveauté" WC="0.98" CC="006"/>
						<HYP HPOS="2368" VPOS="588" WIDTH="29" CONTENT="-"/>
					</TextLine>
					<TextLine ID="P51_TL00006" HPOS="382" VPOS="630" WIDTH="2010" HEIGHT="56">
						<String ID="P51_ST00041" HPOS="382" VPOS="637" WIDTH="166" HEIGHT="42" CONTENT="veauté" SUBS_TYPE="HypPart2" SUBS_CONTENT="nouveauté" WC="0.98" CC="400607"/>
						<SP ID="P51_SP00035" HPOS="548" VPOS="679" WIDTH="29"/>
						<String ID="P51_ST00042" HPOS="577" VPOS="651" WIDTH="57" HEIGHT="27" CONTENT="au" WC="0.40" CC="46"/>
						<SP ID="P51_SP00036" HPOS="634" VPOS="679" WIDTH="19"/>
						<String ID="P51_ST00043" HPOS="653" VPOS="637" WIDTH="203" HEIGHT="41" CONTENT="Théâtre" WC="0.99" CC="1303060"/>
						<SP ID="P51_SP00037" HPOS="856" VPOS="679" WIDTH="34"/>
						<String ID="P51_ST00044" HPOS="890" VPOS="636" WIDTH="56" HEIGHT="41" CONTENT="de" WC="1.00" CC="00"/>
						<SP ID="P51_SP00038" HPOS="946" VPOS="679" WIDTH="28"/>
						<String ID="P51_ST00045" HPOS="974" VPOS="635" WIDTH="43" HEIGHT="41" CONTENT="la" WC="0.54" CC="17"/>
						<SP ID="P51_SP00039" HPOS="1017" VPOS="679" WIDTH="23"/>
						<String ID="P51_ST00046" HPOS="1040" VPOS="637" WIDTH="130" HEIGHT="40" CONTENT="Cour" WC="0.98" CC="3005"/>
						<SP ID="P51_SP00040" HPOS="1170" VPOS="679" WIDTH="23"/>
						<String ID="P51_ST00047" HPOS="1193" VPOS="636" WIDTH="55" HEIGHT="43" CONTENT="de" WC="1.00" CC="00"/>
						<SP ID="P51_SP00041" HPOS="1248" VPOS="679" WIDTH="24"/>
						<String ID="P51_ST00048" HPOS="1272" VPOS="635" WIDTH="212" HEIGHT="44" CONTENT="Weimar" WC="0.98" CC="000000"/>
						<SP ID="P51_SP00042" HPOS="1484" VPOS="679" WIDTH="24"/>
						<String ID="P51_ST00049" HPOS="1508" VPOS="649" WIDTH="111" HEIGHT="28" CONTENT="sous" WC="0.97" CC="0960"/>
						<SP ID="P51_SP00043" HPOS="1619" VPOS="679" WIDTH="33"/>
						<String ID="P51_ST00050" HPOS="1652" VPOS="634" WIDTH="44" HEIGHT="41" CONTENT="la" WC="1.00" CC="00"/>
						<SP ID="P51_SP00044" HPOS="1696" VPOS="679" WIDTH="26"/>
						<String ID="P51_ST00051" HPOS="1722" VPOS="632" WIDTH="235" HEIGHT="43" CONTENT="direction" WC="1.00" CC="204000300"/>
						<SP ID="P51_SP00045" HPOS="1957" VPOS="679" WIDTH="40"/>
						<String ID="P51_ST00052" HPOS="1997" VPOS="632" WIDTH="63" HEIGHT="41" CONTENT="du" WC="0.64" CC="07"/>
						<SP ID="P51_SP00046" HPOS="2060" VPOS="679" WIDTH="26"/>
						<String ID="P51_ST00053" HPOS="2086" VPOS="630" WIDTH="279" HEIGHT="56" CONTENT="kapellmeis" SUBS_TYPE="HypPart1" SUBS_CONTENT="kapellmeister" WC="0.86" CC="0500000000"/>
						<HYP HPOS="2365" VPOS="630" WIDTH="27" CONTENT="-"/>
					</TextLine>
					<TextLine ID="P51_TL00007" HPOS="382" VPOS="693" WIDTH="319" HEIGHT="42">
						<String ID="P51_ST00054" HPOS="382" VPOS="701" WIDTH="69" HEIGHT="34" CONTENT="ter" SUBS_TYPE="HypPart2" SUBS_CONTENT="kapellmeister" WC="0.97" CC="403"/>
						<SP ID="P51_SP00047" HPOS="451" VPOS="735" WIDTH="29"/>
						<String ID="P51_ST00055" HPOS="480" VPOS="693" WIDTH="221" HEIGHT="42" CONTENT="Richard." WC="1.00" CC="00000006"/>
					</TextLine>
					<TextLine ID="P51_TL00008" HPOS="440" VPOS="771" WIDTH="1954" HEIGHT="48">
						<String ID="P51_ST00056" HPOS="440" VPOS="802" WIDTH="45" HEIGHT="5" CONTENT="—" WC="0.20" CC="8" STYLEREFS="TXT_3"/>
						<SP ID="P51_SP00048" HPOS="485" VPOS="807" WIDTH="31"/>
						<String ID="P51_ST00057" HPOS="516" VPOS="778" WIDTH="89" HEIGHT="41" CONTENT="Les" WC="0.99" CC="001" STYLEREFS="TXT_3"/>
						<SP ID="P51_SP00049" HPOS="605" VPOS="819" WIDTH="28"/>
						<String ID="P51_ST00058" HPOS="633" VPOS="777" WIDTH="211" HEIGHT="41" CONTENT="Femmes" WC="1.00" CC="200020" STYLEREFS="TXT_3"/>
						<SP ID="P51_SP00050" HPOS="844" VPOS="819" WIDTH="39"/>
						<String ID="P51_ST00059" HPOS="883" VPOS="775" WIDTH="235" HEIGHT="42" CONTENT="curieuses" WC="0.99" CC="341006000" STYLEREFS="TXT_3"/>
						<SP ID="P51_SP00051" HPOS="1118" VPOS="819" WIDTH="26"/>
						<String ID="P51_ST00060" HPOS="1144" VPOS="776" WIDTH="55" HEIGHT="42" CONTENT="de" WC="0.69" CC="06"/>
						<SP ID="P51_SP00052" HPOS="1199" VPOS="819" WIDTH="25"/>
						<String ID="P51_ST00061" HPOS="1224" VPOS="776" WIDTH="364" HEIGHT="43" CONTENT="Wolff-Ferrari" WC="0.86" CC="0030060050030"/>
						<SP ID="P51_SP00053" HPOS="1588" VPOS="819" WIDTH="27"/>
						<String ID="P51_ST00062" HPOS="1615" VPOS="783" WIDTH="83" HEIGHT="35" CONTENT="ont" WC="0.96" CC="081"/>
						<SP ID="P51_SP00054" HPOS="1698" VPOS="819" WIDTH="26"/>
						<String ID="P51_ST00063" HPOS="1724" VPOS="773" WIDTH="71" HEIGHT="43" CONTENT="été" WC="0.95" CC="066"/>
						<SP ID="P51_SP00055" HPOS="1795" VPOS="819" WIDTH="47"/>
						<String ID="P51_ST00064" HPOS="1842" VPOS="771" WIDTH="214" HEIGHT="44" CONTENT="données" WC="1.00" CC="0000100"/>
						<SP ID="P51_SP00056" HPOS="2056" VPOS="819" WIDTH="57"/>
						<String ID="P51_ST00065" HPOS="2113" VPOS="773" WIDTH="23" HEIGHT="40" CONTENT="à" WC="0.97" CC="0"/>
						<SP ID="P51_SP00057" HPOS="2136" VPOS="819" WIDTH="43"/>
						<String ID="P51_ST00066" HPOS="2179" VPOS="771" WIDTH="107" HEIGHT="42" CONTENT="titre" WC="0.99" CC="02500"/>
						<SP ID="P51_SP00058" HPOS="2286" VPOS="819" WIDTH="48"/>
						<String ID="P51_ST00067" HPOS="2334" VPOS="773" WIDTH="60" HEIGHT="42" CONTENT="de" WC="0.63" CC="07"/>
					</TextLine>
					<TextLine ID="P51_TL00009" HPOS="386" VPOS="832" WIDTH="1091" HEIGHT="44">
						<String ID="P51_ST00068" HPOS="386" VPOS="833" WIDTH="269" HEIGHT="42" CONTENT="nouveauté" WC="0.99" CC="100604760"/>
						<SP ID="P51_SP00059" HPOS="655" VPOS="875" WIDTH="32"/>
						<String ID="P51_ST00069" HPOS="687" VPOS="846" WIDTH="57" HEIGHT="28" CONTENT="au" WC="0.34" CC="75"/>
						<SP ID="P51_SP00060" HPOS="744" VPOS="875" WIDTH="25"/>
						<String ID="P51_ST00070" HPOS="769" VPOS="832" WIDTH="180" HEIGHT="42" CONTENT="théâtre" WC="1.00" CC="0004000"/>
						<SP ID="P51_SP00061" HPOS="949" VPOS="875" WIDTH="25"/>
						<String ID="P51_ST00071" HPOS="974" VPOS="832" WIDTH="222" HEIGHT="42" CONTENT="Westens" WC="0.89" CC="0000070"/>
						<SP ID="P51_SP00062" HPOS="1196" VPOS="875" WIDTH="20"/>
						<String ID="P51_ST00072" HPOS="1216" VPOS="833" WIDTH="57" HEIGHT="41" CONTENT="de" WC="1.00" CC="00"/>
						<SP ID="P51_SP00063" HPOS="1273" VPOS="875" WIDTH="29"/>
						<String ID="P51_ST00073" HPOS="1302" VPOS="833" WIDTH="175" HEIGHT="43" CONTENT="Berlin." WC="1.00" CC="0010003"/>
					</TextLine>
					<TextLine ID="P51_TL00010" HPOS="441" VPOS="911" WIDTH="1952" HEIGHT="62">
						<String ID="P51_ST00074" HPOS="441" VPOS="943" WIDTH="54" HEIGHT="4" CONTENT="—" WC="0.20" CC="8"/>
						<SP ID="P51_SP00064" HPOS="495" VPOS="947" WIDTH="35"/>
						<String ID="P51_ST00075" HPOS="530" VPOS="919" WIDTH="105" HEIGHT="40" CONTENT="Une" WC="0.98" CC="040"/>
						<SP ID="P51_SP00065" HPOS="635" VPOS="959" WIDTH="29"/>
						<String ID="P51_ST00076" HPOS="664" VPOS="917" WIDTH="213" HEIGHT="54" CONTENT="opérette" WC="1.00" CC="00090000"/>
						<SP ID="P51_SP00066" HPOS="877" VPOS="971" WIDTH="21"/>
						<String ID="P51_ST00077" HPOS="898" VPOS="917" WIDTH="55" HEIGHT="40" CONTENT="de" WC="1.00" CC="00"/>
						<SP ID="P51_SP00067" HPOS="953" VPOS="971" WIDTH="26"/>
						<String ID="P51_ST00078" HPOS="979" VPOS="917" WIDTH="59" HEIGHT="41" CONTENT="H." WC="0.73" CC="50"/>
						<SP ID="P51_SP00068" HPOS="1038" VPOS="971" WIDTH="31"/>
						<String ID="P51_ST00079" HPOS="1069" VPOS="919" WIDTH="197" HEIGHT="54" CONTENT="Zumpe," WC="0.80" CC="070004"/>
						<SP ID="P51_SP00069" HPOS="1266" VPOS="973" WIDTH="29"/>
						<String ID="P51_ST00080" HPOS="1295" VPOS="917" WIDTH="241" HEIGHT="43" CONTENT="Farinelli" WC="0.87" CC="051040000" STYLEREFS="TXT_3"/>
						<String ID="P51_ST00081" HPOS="1543" VPOS="952" WIDTH="8" HEIGHT="18" CONTENT="," WC="0.55" CC="4"/>
						<SP ID="P51_SP00070" HPOS="1551" VPOS="973" WIDTH="37"/>
						<String ID="P51_ST00082" HPOS="1588" VPOS="932" WIDTH="24" HEIGHT="27" CONTENT="a" WC="0.80" CC="1"/>
						<SP ID="P51_SP00071" HPOS="1612" VPOS="973" WIDTH="25"/>
						<String ID="P51_ST00083" HPOS="1637" VPOS="917" WIDTH="70" HEIGHT="41" CONTENT="été" WC="0.98" CC="040"/>
						<SP ID="P51_SP00072" HPOS="1707" VPOS="973" WIDTH="30"/>
						<String ID="P51_ST00084" HPOS="1737" VPOS="914" WIDTH="115" HEIGHT="42" CONTENT="mise" WC="0.99" CC="0300"/>
						<SP ID="P51_SP00073" HPOS="1852" VPOS="973" WIDTH="21"/>
						<String ID="P51_ST00085" HPOS="1873" VPOS="914" WIDTH="21" HEIGHT="40" CONTENT="à" WC="1.00" CC="0"/>
						<SP ID="P51_SP00074" HPOS="1894" VPOS="973" WIDTH="25"/>
						<String ID="P51_ST00086" HPOS="1919" VPOS="913" WIDTH="43" HEIGHT="41" CONTENT="la" WC="1.00" CC="00"/>
						<SP ID="P51_SP00075" HPOS="1962" VPOS="973" WIDTH="28"/>
						<String ID="P51_ST00087" HPOS="1990" VPOS="911" WIDTH="140" HEIGHT="44" CONTENT="scène" WC="0.99" CC="00360"/>
						<SP ID="P51_SP00076" HPOS="2130" VPOS="973" WIDTH="25"/>
						<String ID="P51_ST00088" HPOS="2155" VPOS="912" WIDTH="24" HEIGHT="42" CONTENT="à" WC="0.75" CC="2"/>
						<SP ID="P51_SP00077" HPOS="2179" VPOS="973" WIDTH="27"/>
						<String ID="P51_ST00089" HPOS="2206" VPOS="912" WIDTH="187" HEIGHT="56" CONTENT="l'Opéra" WC="1.00" CC="2200000"/>
					</TextLine>
					<TextLine ID="P51_TL00011" HPOS="391" VPOS="973" WIDTH="640" HEIGHT="42">
						<String ID="P51_ST00090" HPOS="391" VPOS="973" WIDTH="55" HEIGHT="42" CONTENT="de" WC="0.81" CC="30"/>
						<SP ID="P51_SP00078" HPOS="446" VPOS="1015" WIDTH="34"/>
						<String ID="P51_ST00091" HPOS="480" VPOS="973" WIDTH="44" HEIGHT="42" CONTENT="la" WC="0.91" CC="01"/>
						<SP ID="P51_SP00079" HPOS="524" VPOS="1015" WIDTH="27"/>
						<String ID="P51_ST00092" HPOS="551" VPOS="987" WIDTH="116" HEIGHT="28" CONTENT="cour" WC="0.98" CC="0080"/>
						<SP ID="P51_SP00080" HPOS="667" VPOS="1015" WIDTH="23"/>
						<String ID="P51_ST00093" HPOS="690" VPOS="975" WIDTH="55" HEIGHT="40" CONTENT="de" WC="1.00" CC="00"/>
						<SP ID="P51_SP00081" HPOS="745" VPOS="1015" WIDTH="23"/>
						<String ID="P51_ST00094" HPOS="768" VPOS="973" WIDTH="263" HEIGHT="42" CONTENT="Francfort." WC="1.00" CC="1000040404"/>
					</TextLine>
					<TextLine ID="P51_TL00012" HPOS="443" VPOS="1052" WIDTH="1951" HEIGHT="61">
						<String ID="P51_ST00095" HPOS="443" VPOS="1082" WIDTH="51" HEIGHT="6" CONTENT="—" WC="0.20" CC="8" STYLEREFS="TXT_3"/>
						<SP ID="P51_SP00082" HPOS="494" VPOS="1088" WIDTH="26"/>
						<String ID="P51_ST00096" HPOS="520" VPOS="1058" WIDTH="193" HEIGHT="48" CONTENT="Manon," WC="0.97" CC="036687" STYLEREFS="TXT_3"/>
						<SP ID="P51_SP00083" HPOS="713" VPOS="1106" WIDTH="15"/>
						<String ID="P51_ST00097" HPOS="728" VPOS="1058" WIDTH="55" HEIGHT="41" CONTENT="de" WC="1.00" CC="00"/>
						<SP ID="P51_SP00084" HPOS="783" VPOS="1106" WIDTH="27"/>
						<String ID="P51_ST00098" HPOS="810" VPOS="1057" WIDTH="242" HEIGHT="42" CONTENT="Massenet" WC="1.00" CC="00000000"/>
						<SP ID="P51_SP00085" HPOS="1052" VPOS="1106" WIDTH="24"/>
						<String ID="P51_ST00099" HPOS="1076" VPOS="1058" WIDTH="187" HEIGHT="55" CONTENT="(avecM" WC="0.81" CC="700003"/>
						<String ID="P51_ST00100" HPOS="1271" VPOS="1065" WIDTH="51" HEIGHT="21" CONTENT="me" STYLE="superscript" WC="0.78" CC="04"/>
						<SP ID="P51_SP00086" HPOS="1322" VPOS="1113" WIDTH="30"/>
						<String ID="P51_ST00101" HPOS="1352" VPOS="1055" WIDTH="471" HEIGHT="54" CONTENT="Gutheil-Schoder)," WC="0.74" CC="02051045045000163"/>
						<SP ID="P51_SP00087" HPOS="1823" VPOS="1113" WIDTH="21"/>
						<String ID="P51_ST00102" HPOS="1844" VPOS="1069" WIDTH="24" HEIGHT="27" CONTENT="a" WC="1.00" CC="0"/>
						<SP ID="P51_SP00088" HPOS="1868" VPOS="1113" WIDTH="21"/>
						<String ID="P51_ST00103" HPOS="1889" VPOS="1054" WIDTH="71" HEIGHT="42" CONTENT="été" WC="0.97" CC="051"/>
						<SP ID="P51_SP00089" HPOS="1960" VPOS="1113" WIDTH="28"/>
						<String ID="P51_ST00104" HPOS="1988" VPOS="1053" WIDTH="171" HEIGHT="42" CONTENT="remise" WC="1.00" CC="000000"/>
						<SP ID="P51_SP00090" HPOS="2159" VPOS="1113" WIDTH="21"/>
						<String ID="P51_ST00105" HPOS="2180" VPOS="1052" WIDTH="24" HEIGHT="43" CONTENT="à" WC="0.36" CC="6"/>
						<SP ID="P51_SP00091" HPOS="2204" VPOS="1113" WIDTH="20"/>
						<String ID="P51_ST00106" HPOS="2224" VPOS="1053" WIDTH="170" HEIGHT="42" CONTENT="l'étude" WC="0.99" CC="1020300"/>
					</TextLine>
					<TextLine ID="P51_TL00013" HPOS="386" VPOS="1112" WIDTH="840" HEIGHT="56">
						<String ID="P51_ST00107" HPOS="386" VPOS="1114" WIDTH="23" HEIGHT="41" CONTENT="à" WC="0.98" CC="0"/>
						<SP ID="P51_SP00092" HPOS="409" VPOS="1155" WIDTH="28"/>
						<String ID="P51_ST00108" HPOS="437" VPOS="1113" WIDTH="189" HEIGHT="55" CONTENT="l'Opéra" WC="0.99" CC="5400060"/>
						<SP ID="P51_SP00093" HPOS="626" VPOS="1168" WIDTH="24"/>
						<String ID="P51_ST00109" HPOS="650" VPOS="1114" WIDTH="56" HEIGHT="41" CONTENT="de" WC="1.00" CC="00"/>
						<SP ID="P51_SP00094" HPOS="706" VPOS="1168" WIDTH="24"/>
						<String ID="P51_ST00110" HPOS="730" VPOS="1112" WIDTH="44" HEIGHT="42" CONTENT="la" WC="1.00" CC="00"/>
						<SP ID="P51_SP00095" HPOS="774" VPOS="1168" WIDTH="23"/>
						<String ID="P51_ST00111" HPOS="797" VPOS="1114" WIDTH="131" HEIGHT="41" CONTENT="Cour" WC="0.98" CC="0074"/>
						<SP ID="P51_SP00096" HPOS="928" VPOS="1168" WIDTH="16"/>
						<String ID="P51_ST00112" HPOS="944" VPOS="1114" WIDTH="56" HEIGHT="42" CONTENT="de" WC="1.00" CC="00"/>
						<SP ID="P51_SP00097" HPOS="1000" VPOS="1168" WIDTH="26"/>
						<String ID="P51_ST00113" HPOS="1026" VPOS="1115" WIDTH="200" HEIGHT="41" CONTENT="Vienne." WC="0.99" CC="0106303"/>
					</TextLine>
					<TextLine ID="P51_TL00014" HPOS="440" VPOS="1193" WIDTH="1957" HEIGHT="60">
						<String ID="P51_ST00114" HPOS="440" VPOS="1222" WIDTH="55" HEIGHT="4" CONTENT="—" WC="0.20" CC="8" STYLEREFS="TXT_4"/>
						<SP ID="P51_SP00098" HPOS="495" VPOS="1226" WIDTH="32"/>
						<String ID="P51_ST00115" HPOS="527" VPOS="1198" WIDTH="58" HEIGHT="41" CONTENT="M." WC="0.63" CC="24" STYLEREFS="TXT_4"/>
						<SP ID="P51_SP00099" HPOS="585" VPOS="1239" WIDTH="27"/>
						<String ID="P51_ST00116" HPOS="612" VPOS="1197" WIDTH="273" HEIGHT="54" CONTENT="Gunsbourg" WC="0.47" CC="774284760" STYLEREFS="TXT_4"/>
						<SP ID="P51_SP00100" HPOS="885" VPOS="1251" WIDTH="32"/>
						<String ID="P51_ST00117" HPOS="917" VPOS="1199" WIDTH="74" HEIGHT="40" CONTENT="n'a" WC="0.98" CC="040"/>
						<SP ID="P51_SP00101" HPOS="991" VPOS="1251" WIDTH="26"/>
						<String ID="P51_ST00118" HPOS="1017" VPOS="1197" WIDTH="100" HEIGHT="42" CONTENT="rien" WC="0.97" CC="4207"/>
						<SP ID="P51_SP00102" HPOS="1117" VPOS="1251" WIDTH="20"/>
						<String ID="P51_ST00119" HPOS="1137" VPOS="1197" WIDTH="67" HEIGHT="43" CONTENT="dit" WC="0.98" CC="030"/>
						<SP ID="P51_SP00103" HPOS="1204" VPOS="1251" WIDTH="18"/>
						<String ID="P51_ST00120" HPOS="1222" VPOS="1211" WIDTH="120" HEIGHT="42" CONTENT="pour" WC="0.99" CC="0050"/>
						<SP ID="P51_SP00104" HPOS="1342" VPOS="1253" WIDTH="28"/>
						<String ID="P51_ST00121" HPOS="1370" VPOS="1197" WIDTH="234" HEIGHT="43" CONTENT="démentir" WC="0.99" CC="05006056"/>
						<SP ID="P51_SP00105" HPOS="1604" VPOS="1253" WIDTH="26"/>
						<String ID="P51_ST00122" HPOS="1630" VPOS="1197" WIDTH="41" HEIGHT="41" CONTENT="le" WC="1.00" CC="00"/>
						<SP ID="P51_SP00106" HPOS="1671" VPOS="1253" WIDTH="36"/>
						<String ID="P51_ST00123" HPOS="1707" VPOS="1196" WIDTH="126" HEIGHT="41" CONTENT="bruit" WC="0.98" CC="30650"/>
						<SP ID="P51_SP00107" HPOS="1833" VPOS="1253" WIDTH="32"/>
						<String ID="P51_ST00124" HPOS="1865" VPOS="1194" WIDTH="206" HEIGHT="52" CONTENT="flatteur," WC="0.99" CC="110050006"/>
						<SP ID="P51_SP00108" HPOS="2071" VPOS="1253" WIDTH="41"/>
						<String ID="P51_ST00125" HPOS="2112" VPOS="1203" WIDTH="45" HEIGHT="32" CONTENT="et" WC="1.00" CC="00"/>
						<SP ID="P51_SP00109" HPOS="2157" VPOS="1253" WIDTH="42"/>
						<String ID="P51_ST00126" HPOS="2199" VPOS="1207" WIDTH="83" HEIGHT="41" CONTENT="par" WC="1.00" CC="000"/>
						<SP ID="P51_SP00110" HPOS="2282" VPOS="1253" WIDTH="26"/>
						<String ID="P51_ST00127" HPOS="2308" VPOS="1193" WIDTH="67" HEIGHT="41" CONTENT="lui" SUBS_TYPE="HypPart1" SUBS_CONTENT="luimême" WC="0.96" CC="573"/>
						<HYP HPOS="2375" VPOS="1193" WIDTH="22" CONTENT="-"/>
					</TextLine>
					<TextLine ID="P51_TL00015" HPOS="388" VPOS="1250" WIDTH="2011" HEIGHT="60">
						<String ID="P51_ST00128" HPOS="388" VPOS="1253" WIDTH="151" HEIGHT="41" CONTENT="même" SUBS_TYPE="HypPart2" SUBS_CONTENT="luimême" WC="0.98" CC="9100"/>
						<SP ID="P51_SP00111" HPOS="539" VPOS="1294" WIDTH="29"/>
						<String ID="P51_ST00129" HPOS="568" VPOS="1253" WIDTH="143" HEIGHT="53" CONTENT="semé," WC="0.98" CC="00057"/>
						<SP ID="P51_SP00112" HPOS="711" VPOS="1306" WIDTH="30"/>
						<String ID="P51_ST00130" HPOS="741" VPOS="1254" WIDTH="80" HEIGHT="56" CONTENT="qui" WC="0.97" CC="060"/>
						<SP ID="P51_SP00113" HPOS="821" VPOS="1310" WIDTH="25"/>
						<String ID="P51_ST00131" HPOS="846" VPOS="1253" WIDTH="84" HEIGHT="43" CONTENT="fait" WC="1.00" CC="0000"/>
						<SP ID="P51_SP00114" HPOS="930" VPOS="1310" WIDTH="27"/>
						<String ID="P51_ST00132" HPOS="957" VPOS="1255" WIDTH="56" HEIGHT="41" CONTENT="de" WC="1.00" CC="00"/>
						<SP ID="P51_SP00115" HPOS="1013" VPOS="1310" WIDTH="27"/>
						<String ID="P51_ST00133" HPOS="1040" VPOS="1253" WIDTH="66" HEIGHT="42" CONTENT="lui" WC="0.96" CC="640"/>
						<SP ID="P51_SP00116" HPOS="1106" VPOS="1310" WIDTH="28"/>
						<String ID="P51_ST00134" HPOS="1134" VPOS="1254" WIDTH="200" HEIGHT="42" CONTENT="l'auteur" WC="0.99" CC="04010060"/>
						<SP ID="P51_SP00117" HPOS="1334" VPOS="1310" WIDTH="22"/>
						<String ID="P51_ST00135" HPOS="1356" VPOS="1255" WIDTH="63" HEIGHT="41" CONTENT="du" WC="1.00" CC="00"/>
						<SP ID="P51_SP00118" HPOS="1419" VPOS="1310" WIDTH="39"/>
						<String ID="P51_ST00136" HPOS="1458" VPOS="1254" WIDTH="145" HEIGHT="42" CONTENT="chant" WC="0.99" CC="00040"/>
						<SP ID="P51_SP00119" HPOS="1603" VPOS="1310" WIDTH="25"/>
						<String ID="P51_ST00137" HPOS="1628" VPOS="1254" WIDTH="82" HEIGHT="41" CONTENT="des" WC="1.00" CC="000"/>
						<SP ID="P51_SP00120" HPOS="1710" VPOS="1310" WIDTH="28"/>
						<String ID="P51_ST00138" HPOS="1738" VPOS="1250" WIDTH="316" HEIGHT="58" CONTENT="prisonniers," WC="1.00" CC="000004000307"/>
						<SP ID="P51_SP00121" HPOS="2054" VPOS="1310" WIDTH="53"/>
						<String ID="P51_ST00139" HPOS="2107" VPOS="1264" WIDTH="59" HEIGHT="27" CONTENT="au" WC="1.00" CC="00"/>
						<SP ID="P51_SP00122" HPOS="2166" VPOS="1310" WIDTH="25"/>
						<String ID="P51_ST00140" HPOS="2191" VPOS="1251" WIDTH="42" HEIGHT="40" CONTENT="II" WC="0.61" CC="51"/>
						<String ID="P51_ST00141" HPOS="2239" VPOS="1261" WIDTH="17" HEIGHT="21" CONTENT="e" STYLE="superscript" WC="0.26" CC="7"/>
						<SP ID="P51_SP00123" HPOS="2256" VPOS="1310" WIDTH="43"/>
						<String ID="P51_ST00142" HPOS="2299" VPOS="1258" WIDTH="100" HEIGHT="33" CONTENT="acte" WC="1.00" CC="0000"/>
					</TextLine>
					<TextLine ID="P51_TL00016" HPOS="389" VPOS="1309" WIDTH="289" HEIGHT="43">
						<String ID="P51_ST00143" HPOS="389" VPOS="1310" WIDTH="55" HEIGHT="41" CONTENT="de" WC="1.00" CC="00"/>
						<SP ID="P51_SP00124" HPOS="444" VPOS="1351" WIDTH="29"/>
						<String ID="P51_ST00144" HPOS="473" VPOS="1309" WIDTH="205" HEIGHT="43" CONTENT="Siberia." WC="0.69" CC="00055066" STYLEREFS="TXT_3"/>
					</TextLine>
					<TextLine ID="P51_TL00017" HPOS="445" VPOS="1361" WIDTH="1954" HEIGHT="61">
						<String ID="P51_ST00145" HPOS="445" VPOS="1365" WIDTH="273" HEIGHT="56" CONTENT="Rappelons" WC="1.00" CC="000000030"/>
						<SP ID="P51_SP00125" HPOS="718" VPOS="1421" WIDTH="19"/>
						<String ID="P51_ST00146" HPOS="737" VPOS="1380" WIDTH="120" HEIGHT="41" CONTENT="pour" WC="0.99" CC="0020"/>
						<SP ID="P51_SP00126" HPOS="857" VPOS="1421" WIDTH="23"/>
						<String ID="P51_ST00147" HPOS="880" VPOS="1366" WIDTH="228" HEIGHT="43" CONTENT="mémoire" WC="1.00" CC="0100600"/>
						<SP ID="P51_SP00127" HPOS="1108" VPOS="1421" WIDTH="28"/>
						<String ID="P51_ST00148" HPOS="1136" VPOS="1379" WIDTH="89" HEIGHT="43" CONTENT="que" WC="1.00" CC="000"/>
						<SP ID="P51_SP00128" HPOS="1225" VPOS="1422" WIDTH="23"/>
						<String ID="P51_ST00149" HPOS="1248" VPOS="1375" WIDTH="119" HEIGHT="33" CONTENT="cette" WC="1.00" CC="00000"/>
						<SP ID="P51_SP00129" HPOS="1367" VPOS="1422" WIDTH="30"/>
						<String ID="P51_ST00150" HPOS="1397" VPOS="1364" WIDTH="223" HEIGHT="51" CONTENT="mélodie," WC="1.00" CC="00000403"/>
						<SP ID="P51_SP00130" HPOS="1620" VPOS="1422" WIDTH="26"/>
						<String ID="P51_ST00151" HPOS="1646" VPOS="1363" WIDTH="94" HEIGHT="43" CONTENT="très" WC="0.99" CC="0420"/>
						<SP ID="P51_SP00131" HPOS="1740" VPOS="1422" WIDTH="25"/>
						<String ID="P51_ST00152" HPOS="1765" VPOS="1363" WIDTH="250" HEIGHT="55" CONTENT="populaire" WC="0.99" CC="020720600"/>
						<SP ID="P51_SP00132" HPOS="2015" VPOS="1422" WIDTH="22"/>
						<String ID="P51_ST00153" HPOS="2037" VPOS="1375" WIDTH="57" HEIGHT="28" CONTENT="en" WC="1.00" CC="00"/>
						<SP ID="P51_SP00133" HPOS="2094" VPOS="1422" WIDTH="19"/>
						<String ID="P51_ST00154" HPOS="2113" VPOS="1361" WIDTH="186" HEIGHT="51" CONTENT="Russie," WC="0.99" CC="0700504"/>
						<SP ID="P51_SP00134" HPOS="2299" VPOS="1422" WIDTH="30"/>
						<String ID="P51_ST00155" HPOS="2329" VPOS="1370" WIDTH="70" HEIGHT="33" CONTENT="est" WC="1.00" CC="010"/>
					</TextLine>
					<TextLine ID="P51_TL00018" HPOS="389" VPOS="1417" WIDTH="2011" HEIGHT="60">
						<String ID="P51_ST00156" HPOS="389" VPOS="1422" WIDTH="198" HEIGHT="41" CONTENT="chantée" WC="0.99" CC="0007030"/>
						<SP ID="P51_SP00135" HPOS="587" VPOS="1463" WIDTH="26"/>
						<String ID="P51_ST00157" HPOS="613" VPOS="1435" WIDTH="84" HEIGHT="42" CONTENT="par" WC="0.98" CC="004"/>
						<SP ID="P51_SP00136" HPOS="697" VPOS="1477" WIDTH="26"/>
						<String ID="P51_ST00158" HPOS="723" VPOS="1422" WIDTH="66" HEIGHT="42" CONTENT="les" WC="0.98" CC="400"/>
						<SP ID="P51_SP00137" HPOS="789" VPOS="1477" WIDTH="28"/>
						<String ID="P51_ST00159" HPOS="817" VPOS="1423" WIDTH="215" HEIGHT="42" CONTENT="bourlaki" WC="0.63" CC="05860340" STYLEREFS="TXT_3"/>
						<String ID="P51_ST00160" HPOS="1040" VPOS="1457" WIDTH="7" HEIGHT="16" CONTENT="," WC="0.62" CC="3"/>
						<SP ID="P51_SP00138" HPOS="1047" VPOS="1477" WIDTH="24"/>
						<String ID="P51_ST00161" HPOS="1071" VPOS="1423" WIDTH="188" HEIGHT="41" CONTENT="haleurs" WC="0.89" CC="0000700"/>
						<SP ID="P51_SP00139" HPOS="1259" VPOS="1477" WIDTH="24"/>
						<String ID="P51_ST00162" HPOS="1283" VPOS="1423" WIDTH="56" HEIGHT="40" CONTENT="de" WC="1.00" CC="00"/>
						<SP ID="P51_SP00140" HPOS="1339" VPOS="1477" WIDTH="24"/>
						<String ID="P51_ST00163" HPOS="1363" VPOS="1423" WIDTH="204" HEIGHT="40" CONTENT="bateaux" WC="0.99" CC="0000363"/>
						<SP ID="P51_SP00141" HPOS="1567" VPOS="1477" WIDTH="14"/>
						<String ID="P51_ST00164" HPOS="1581" VPOS="1422" WIDTH="81" HEIGHT="40" CONTENT="des" WC="1.00" CC="000"/>
						<SP ID="P51_SP00142" HPOS="1662" VPOS="1477" WIDTH="28"/>
						<String ID="P51_ST00165" HPOS="1690" VPOS="1420" WIDTH="143" HEIGHT="41" CONTENT="bords" WC="0.99" CC="00060"/>
						<SP ID="P51_SP00143" HPOS="1833" VPOS="1477" WIDTH="29"/>
						<String ID="P51_ST00166" HPOS="1862" VPOS="1419" WIDTH="56" HEIGHT="41" CONTENT="de" WC="1.00" CC="00"/>
						<SP ID="P51_SP00144" HPOS="1918" VPOS="1477" WIDTH="23"/>
						<String ID="P51_ST00167" HPOS="1941" VPOS="1418" WIDTH="44" HEIGHT="41" CONTENT="la" WC="0.69" CC="06"/>
						<SP ID="P51_SP00145" HPOS="1985" VPOS="1477" WIDTH="25"/>
						<String ID="P51_ST00168" HPOS="2010" VPOS="1418" WIDTH="169" HEIGHT="56" CONTENT="Volga," WC="0.98" CC="501907"/>
						<SP ID="P51_SP00146" HPOS="2179" VPOS="1477" WIDTH="29"/>
						<String ID="P51_ST00169" HPOS="2208" VPOS="1427" WIDTH="43" HEIGHT="32" CONTENT="et" WC="1.00" CC="00"/>
						<SP ID="P51_SP00147" HPOS="2251" VPOS="1477" WIDTH="23"/>
						<String ID="P51_ST00170" HPOS="2274" VPOS="1417" WIDTH="126" HEIGHT="41" CONTENT="aussi" WC="0.99" CC="05000"/>
					</TextLine>
					<TextLine ID="P51_TL00019" HPOS="388" VPOS="1473" WIDTH="2012" HEIGHT="61">
						<String ID="P51_ST00171" HPOS="388" VPOS="1491" WIDTH="85" HEIGHT="42" CONTENT="par" WC="0.97" CC="250"/>
						<SP ID="P51_SP00148" HPOS="473" VPOS="1533" WIDTH="21"/>
						<String ID="P51_ST00172" HPOS="494" VPOS="1487" WIDTH="108" HEIGHT="32" CONTENT="tous" WC="0.98" CC="0080"/>
						<SP ID="P51_SP00149" HPOS="602" VPOS="1533" WIDTH="27"/>
						<String ID="P51_ST00173" HPOS="629" VPOS="1491" WIDTH="118" HEIGHT="28" CONTENT="ceux" WC="0.98" CC="0073"/>
						<SP ID="P51_SP00150" HPOS="747" VPOS="1533" WIDTH="26"/>
						<String ID="P51_ST00174" HPOS="773" VPOS="1478" WIDTH="80" HEIGHT="56" CONTENT="qui" WC="1.00" CC="001"/>
						<SP ID="P51_SP00151" HPOS="853" VPOS="1534" WIDTH="26"/>
						<String ID="P51_ST00175" HPOS="879" VPOS="1479" WIDTH="194" HEIGHT="55" CONTENT="peinent" WC="0.99" CC="0034060"/>
						<SP ID="P51_SP00152" HPOS="1073" VPOS="1534" WIDTH="41"/>
						<String ID="P51_ST00176" HPOS="1114" VPOS="1488" WIDTH="45" HEIGHT="32" CONTENT="et" WC="1.00" CC="00"/>
						<SP ID="P51_SP00153" HPOS="1159" VPOS="1534" WIDTH="46"/>
						<String ID="P51_ST00177" HPOS="1205" VPOS="1478" WIDTH="207" HEIGHT="41" CONTENT="ahanent" WC="0.76" CC="0604050"/>
						<SP ID="P51_SP00154" HPOS="1412" VPOS="1534" WIDTH="40"/>
						<String ID="P51_ST00178" HPOS="1452" VPOS="1477" WIDTH="24" HEIGHT="41" CONTENT="à" WC="0.38" CC="6"/>
						<SP ID="P51_SP00155" HPOS="1476" VPOS="1534" WIDTH="42"/>
						<String ID="P51_ST00179" HPOS="1518" VPOS="1477" WIDTH="206" HEIGHT="55" CONTENT="quelque" WC="0.99" CC="0004070"/>
						<SP ID="P51_SP00156" HPOS="1724" VPOS="1534" WIDTH="45"/>
						<String ID="P51_ST00180" HPOS="1769" VPOS="1476" WIDTH="98" HEIGHT="40" CONTENT="lent" WC="0.97" CC="6070"/>
						<SP ID="P51_SP00157" HPOS="1867" VPOS="1534" WIDTH="36"/>
						<String ID="P51_ST00181" HPOS="1903" VPOS="1474" WIDTH="168" HEIGHT="42" CONTENT="travail" WC="1.00" CC="0000000"/>
						<SP ID="P51_SP00158" HPOS="2071" VPOS="1534" WIDTH="26"/>
						<String ID="P51_ST00182" HPOS="2097" VPOS="1488" WIDTH="9" HEIGHT="39" CONTENT=";" WC="0.43" CC="5"/>
						<SP ID="P51_SP00159" HPOS="2106" VPOS="1534" WIDTH="49"/>
						<String ID="P51_ST00183" HPOS="2155" VPOS="1473" WIDTH="172" HEIGHT="57" CONTENT="qu'elle" WC="0.99" CC="0610100"/>
						<SP ID="P51_SP00160" HPOS="2327" VPOS="1534" WIDTH="49"/>
						<String ID="P51_ST00184" HPOS="2376" VPOS="1487" WIDTH="24" HEIGHT="28" CONTENT="a" WC="1.00" CC="0"/>
					</TextLine>
					<TextLine ID="P51_TL00020" HPOS="390" VPOS="1531" WIDTH="2009" HEIGHT="58">
						<String ID="P51_ST00185" HPOS="390" VPOS="1534" WIDTH="70" HEIGHT="41" CONTENT="été" WC="1.00" CC="000"/>
						<SP ID="P51_SP00161" HPOS="460" VPOS="1575" WIDTH="39"/>
						<String ID="P51_ST00186" HPOS="499" VPOS="1534" WIDTH="248" HEIGHT="41" CONTENT="transcrite" WC="1.00" CC="0600005100"/>
						<SP ID="P51_SP00162" HPOS="747" VPOS="1575" WIDTH="28"/>
						<String ID="P51_ST00187" HPOS="775" VPOS="1544" WIDTH="44" HEIGHT="32" CONTENT="et" WC="1.00" CC="00"/>
						<SP ID="P51_SP00163" HPOS="819" VPOS="1576" WIDTH="27"/>
						<String ID="P51_ST00188" HPOS="846" VPOS="1535" WIDTH="301" HEIGHT="42" CONTENT="harmonisée" WC="1.00" CC="0020050000"/>
						<SP ID="P51_SP00164" HPOS="1147" VPOS="1577" WIDTH="22"/>
						<String ID="P51_ST00189" HPOS="1169" VPOS="1548" WIDTH="84" HEIGHT="41" CONTENT="par" WC="1.00" CC="000"/>
						<SP ID="P51_SP00165" HPOS="1253" VPOS="1589" WIDTH="29"/>
						<String ID="P51_ST00190" HPOS="1282" VPOS="1532" WIDTH="243" HEIGHT="43" CONTENT="Balakiref" WC="0.87" CC="600020200"/>
						<SP ID="P51_SP00166" HPOS="1525" VPOS="1589" WIDTH="15"/>
						<String ID="P51_ST00191" HPOS="1540" VPOS="1534" WIDTH="119" HEIGHT="41" CONTENT="dans" WC="0.98" CC="0070"/>
						<SP ID="P51_SP00167" HPOS="1659" VPOS="1589" WIDTH="26"/>
						<String ID="P51_ST00192" HPOS="1685" VPOS="1545" WIDTH="87" HEIGHT="28" CONTENT="son" WC="0.98" CC="004"/>
						<SP ID="P51_SP00168" HPOS="1772" VPOS="1589" WIDTH="24"/>
						<String ID="P51_ST00193" HPOS="1796" VPOS="1531" WIDTH="190" HEIGHT="40" CONTENT="Recueil" WC="0.99" CC="0145005" STYLEREFS="TXT_3"/>
						<SP ID="P51_SP00169" HPOS="1986" VPOS="1589" WIDTH="22"/>
						<String ID="P51_ST00194" HPOS="2008" VPOS="1531" WIDTH="53" HEIGHT="40" CONTENT="de" WC="1.00" CC="00" STYLEREFS="TXT_3"/>
						<SP ID="P51_SP00170" HPOS="2061" VPOS="1589" WIDTH="21"/>
						<String ID="P51_ST00195" HPOS="2082" VPOS="1531" WIDTH="160" HEIGHT="40" CONTENT="chants" WC="0.98" CC="007728" STYLEREFS="TXT_3"/>
						<SP ID="P51_SP00171" HPOS="2242" VPOS="1589" WIDTH="17"/>
						<String ID="P51_ST00196" HPOS="2259" VPOS="1544" WIDTH="112" HEIGHT="41" CONTENT="popu" SUBS_TYPE="HypPart1" SUBS_CONTENT="populaires" WC="0.95" CC="9674" STYLEREFS="TXT_3"/>
						<HYP HPOS="2371" VPOS="1544" WIDTH="28" CONTENT="-"/>
					</TextLine>
					<TextLine ID="P51_TL00021" HPOS="391" VPOS="1585" WIDTH="2006" HEIGHT="60">
						<String ID="P51_ST00197" HPOS="391" VPOS="1592" WIDTH="144" HEIGHT="40" CONTENT="laires" SUBS_TYPE="HypPart2" SUBS_CONTENT="populaires" WC="0.97" CC="550466" STYLEREFS="TXT_3"/>
						<SP ID="P51_SP00172" HPOS="535" VPOS="1632" WIDTH="24"/>
						<String ID="P51_ST00198" HPOS="559" VPOS="1591" WIDTH="168" HEIGHT="53" CONTENT="(1866)," WC="0.70" CC="3701134" STYLEREFS="TXT_5"/>
						<SP ID="P51_SP00173" HPOS="727" VPOS="1644" WIDTH="26"/>
						<String ID="P51_ST00199" HPOS="753" VPOS="1589" WIDTH="230" HEIGHT="56" CONTENT="importée" WC="0.99" CC="26005500"/>
						<SP ID="P51_SP00174" HPOS="983" VPOS="1645" WIDTH="24"/>
						<String ID="P51_ST00200" HPOS="1007" VPOS="1605" WIDTH="59" HEIGHT="28" CONTENT="en" WC="0.65" CC="06"/>
						<SP ID="P51_SP00175" HPOS="1066" VPOS="1645" WIDTH="29"/>
						<String ID="P51_ST00201" HPOS="1095" VPOS="1591" WIDTH="178" HEIGHT="41" CONTENT="France" WC="0.99" CC="045500"/>
						<SP ID="P51_SP00176" HPOS="1273" VPOS="1645" WIDTH="26"/>
						<String ID="P51_ST00202" HPOS="1299" VPOS="1603" WIDTH="84" HEIGHT="41" CONTENT="par" WC="0.98" CC="013"/>
						<SP ID="P51_SP00177" HPOS="1383" VPOS="1645" WIDTH="25"/>
						<String ID="P51_ST00203" HPOS="1408" VPOS="1590" WIDTH="67" HEIGHT="41" CONTENT="les" WC="1.00" CC="000"/>
						<SP ID="P51_SP00178" HPOS="1475" VPOS="1645" WIDTH="21"/>
						<String ID="P51_ST00204" HPOS="1496" VPOS="1589" WIDTH="190" HEIGHT="41" CONTENT="chœurs" WC="1.00" CC="000000"/>
						<SP ID="P51_SP00179" HPOS="1686" VPOS="1645" WIDTH="25"/>
						<String ID="P51_ST00205" HPOS="1711" VPOS="1587" WIDTH="56" HEIGHT="42" CONTENT="de" WC="1.00" CC="00"/>
						<SP ID="P51_SP00180" HPOS="1767" VPOS="1645" WIDTH="35"/>
						<String ID="P51_ST00206" HPOS="1802" VPOS="1587" WIDTH="64" HEIGHT="41" CONTENT="M." WC="0.78" CC="04"/>
						<SP ID="P51_SP00181" HPOS="1866" VPOS="1645" WIDTH="32"/>
						<String ID="P51_ST00207" HPOS="1898" VPOS="1585" WIDTH="285" HEIGHT="57" CONTENT="Slaviansky" WC="0.81" CC="0400300055"/>
						<SP ID="P51_SP00182" HPOS="2183" VPOS="1645" WIDTH="26"/>
						<String ID="P51_ST00208" HPOS="2209" VPOS="1586" WIDTH="162" HEIGHT="55" CONTENT="d'Agré" SUBS_TYPE="HypPart1" SUBS_CONTENT="d'Agrénef" WC="0.85" CC="020030"/>
						<HYP HPOS="2371" VPOS="1586" WIDTH="26" CONTENT="-"/>
					</TextLine>
					<TextLine ID="P51_TL00022" HPOS="391" VPOS="1642" WIDTH="2002" HEIGHT="60">
						<String ID="P51_ST00209" HPOS="391" VPOS="1645" WIDTH="83" HEIGHT="42" CONTENT="nef" SUBS_TYPE="HypPart2" SUBS_CONTENT="d'Agrénef" WC="0.83" CC="400"/>
						<SP ID="P51_SP00183" HPOS="474" VPOS="1687" WIDTH="14"/>
						<String ID="P51_ST00210" HPOS="488" VPOS="1660" WIDTH="58" HEIGHT="28" CONTENT="en" WC="1.00" CC="00"/>
						<SP ID="P51_SP00184" HPOS="546" VPOS="1688" WIDTH="25"/>
						<String ID="P51_ST00211" HPOS="571" VPOS="1646" WIDTH="128" HEIGHT="50" CONTENT="1886," WC="0.59" CC="45036" STYLEREFS="TXT_5"/>
						<SP ID="P51_SP00185" HPOS="699" VPOS="1696" WIDTH="28"/>
						<String ID="P51_ST00212" HPOS="727" VPOS="1655" WIDTH="43" HEIGHT="33" CONTENT="et" WC="1.00" CC="00"/>
						<SP ID="P51_SP00186" HPOS="770" VPOS="1696" WIDTH="23"/>
						<String ID="P51_ST00213" HPOS="793" VPOS="1646" WIDTH="192" HEIGHT="56" CONTENT="publiée" WC="1.00" CC="0700010"/>
						<SP ID="P51_SP00187" HPOS="985" VPOS="1702" WIDTH="41"/>
						<String ID="P51_ST00214" HPOS="1026" VPOS="1647" WIDTH="171" HEIGHT="51" CONTENT="même," WC="0.98" CC="05007"/>
						<SP ID="P51_SP00188" HPOS="1197" VPOS="1702" WIDTH="25"/>
						<String ID="P51_ST00215" HPOS="1222" VPOS="1646" WIDTH="24" HEIGHT="41" CONTENT="à" WC="0.57" CC="4"/>
						<SP ID="P51_SP00189" HPOS="1246" VPOS="1702" WIDTH="26"/>
						<String ID="P51_ST00216" HPOS="1272" VPOS="1654" WIDTH="121" HEIGHT="33" CONTENT="cette" WC="1.00" CC="00030"/>
						<SP ID="P51_SP00190" HPOS="1393" VPOS="1702" WIDTH="49"/>
						<String ID="P51_ST00217" HPOS="1442" VPOS="1645" WIDTH="203" HEIGHT="55" CONTENT="époque," WC="0.99" CC="3000451"/>
						<SP ID="P51_SP00191" HPOS="1645" VPOS="1702" WIDTH="29"/>
						<String ID="P51_ST00218" HPOS="1674" VPOS="1657" WIDTH="84" HEIGHT="41" CONTENT="par" WC="0.95" CC="056"/>
						<SP ID="P51_SP00192" HPOS="1758" VPOS="1702" WIDTH="25"/>
						<String ID="P51_ST00219" HPOS="1783" VPOS="1642" WIDTH="42" HEIGHT="42" CONTENT="le" WC="1.00" CC="00"/>
						<SP ID="P51_SP00193" HPOS="1825" VPOS="1702" WIDTH="36"/>
						<String ID="P51_ST00220" HPOS="1861" VPOS="1643" WIDTH="181" HEIGHT="57" CONTENT="Figaro" WC="0.98" CC="007009" STYLEREFS="TXT_3"/>
						<SP ID="P51_SP00194" HPOS="2042" VPOS="1702" WIDTH="36"/>
						<String ID="P51_ST00221" HPOS="2078" VPOS="1643" WIDTH="251" HEIGHT="51" CONTENT="(mercredi" WC="1.00" CC="300500000"/>
						<SP ID="P51_SP00195" HPOS="2329" VPOS="1702" WIDTH="45"/>
						<String ID="P51_ST00222" HPOS="2374" VPOS="1643" WIDTH="19" HEIGHT="40" CONTENT="5" WC="0.39" CC="6"/>
					</TextLine>
					<TextLine ID="P51_TL00023" HPOS="391" VPOS="1698" WIDTH="2007" HEIGHT="60">
						<String ID="P51_ST00223" HPOS="391" VPOS="1701" WIDTH="93" HEIGHT="43" CONTENT="mai" WC="1.00" CC="000"/>
						<SP ID="P51_SP00196" HPOS="484" VPOS="1744" WIDTH="31"/>
						<String ID="P51_ST00224" HPOS="515" VPOS="1702" WIDTH="146" HEIGHT="52" CONTENT="1886)." WC="0.75" CC="502402" STYLEREFS="TXT_5"/>
						<SP ID="P51_SP00197" HPOS="661" VPOS="1754" WIDTH="24"/>
						<String ID="P51_ST00225" HPOS="685" VPOS="1704" WIDTH="127" HEIGHT="40" CONTENT="Tout" WC="0.98" CC="0070"/>
						<SP ID="P51_SP00198" HPOS="812" VPOS="1754" WIDTH="22"/>
						<String ID="P51_ST00226" HPOS="834" VPOS="1703" WIDTH="100" HEIGHT="41" CONTENT="cela" WC="0.99" CC="0050"/>
						<SP ID="P51_SP00199" HPOS="934" VPOS="1754" WIDTH="31"/>
						<String ID="P51_ST00227" HPOS="965" VPOS="1702" WIDTH="275" HEIGHT="56" CONTENT="n'empêche" WC="0.99" CC="240003540"/>
						<SP ID="P51_SP00200" HPOS="1240" VPOS="1758" WIDTH="25"/>
						<String ID="P51_ST00228" HPOS="1265" VPOS="1714" WIDTH="91" HEIGHT="43" CONTENT="que" WC="1.00" CC="000"/>
						<SP ID="P51_SP00201" HPOS="1356" VPOS="1758" WIDTH="35"/>
						<String ID="P51_ST00229" HPOS="1391" VPOS="1702" WIDTH="60" HEIGHT="41" CONTENT="M." WC="0.74" CC="13"/>
						<SP ID="P51_SP00202" HPOS="1451" VPOS="1758" WIDTH="37"/>
						<String ID="P51_ST00230" HPOS="1488" VPOS="1701" WIDTH="293" HEIGHT="53" CONTENT="Gunsbourg" WC="0.57" CC="068000669"/>
						<SP ID="P51_SP00203" HPOS="1781" VPOS="1758" WIDTH="26"/>
						<String ID="P51_ST00231" HPOS="1807" VPOS="1713" WIDTH="58" HEIGHT="27" CONTENT="en" WC="0.59" CC="16"/>
						<SP ID="P51_SP00204" HPOS="1865" VPOS="1758" WIDTH="24"/>
						<String ID="P51_ST00232" HPOS="1889" VPOS="1711" WIDTH="68" HEIGHT="31" CONTENT="est" WC="1.00" CC="000"/>
						<SP ID="P51_SP00205" HPOS="1957" VPOS="1758" WIDTH="42"/>
						<String ID="P51_ST00233" HPOS="1999" VPOS="1698" WIDTH="215" HEIGHT="53" CONTENT="l'auteur," WC="0.99" CC="320000804"/>
						<SP ID="P51_SP00206" HPOS="2214" VPOS="1758" WIDTH="40"/>
						<String ID="P51_ST00234" HPOS="2254" VPOS="1707" WIDTH="45" HEIGHT="33" CONTENT="et" WC="1.00" CC="00"/>
						<SP ID="P51_SP00207" HPOS="2299" VPOS="1758" WIDTH="42"/>
						<String ID="P51_ST00235" HPOS="2341" VPOS="1698" WIDTH="57" HEIGHT="41" CONTENT="l'a" WC="0.98" CC="040"/>
					</TextLine>
					<TextLine ID="P51_TL00024" HPOS="391" VPOS="1754" WIDTH="2003" HEIGHT="59">
						<String ID="P51_ST00236" HPOS="391" VPOS="1758" WIDTH="393" HEIGHT="55" CONTENT="généreusement" WC="1.00" CC="9740000000000"/>
						<SP ID="P51_SP00208" HPOS="784" VPOS="1813" WIDTH="40"/>
						<String ID="P51_ST00237" HPOS="824" VPOS="1758" WIDTH="143" HEIGHT="43" CONTENT="cédée" WC="1.00" CC="00000"/>
						<SP ID="P51_SP00209" HPOS="967" VPOS="1813" WIDTH="56"/>
						<String ID="P51_ST00238" HPOS="1023" VPOS="1772" WIDTH="57" HEIGHT="29" CONTENT="au" WC="1.00" CC="00"/>
						<SP ID="P51_SP00210" HPOS="1080" VPOS="1813" WIDTH="47"/>
						<String ID="P51_ST00239" HPOS="1127" VPOS="1757" WIDTH="325" HEIGHT="56" CONTENT="compositeur" WC="1.00" CC="00000000000"/>
						<SP ID="P51_SP00211" HPOS="1452" VPOS="1813" WIDTH="47"/>
						<String ID="P51_ST00240" HPOS="1499" VPOS="1756" WIDTH="262" HEIGHT="43" CONTENT="Giordano." WC="0.84" CC="000001803"/>
						<SP ID="P51_SP00212" HPOS="1761" VPOS="1813" WIDTH="45"/>
						<String ID="P51_ST00241" HPOS="1806" VPOS="1756" WIDTH="75" HEIGHT="41" CONTENT="On" WC="1.00" CC="00"/>
						<SP ID="P51_SP00213" HPOS="1881" VPOS="1813" WIDTH="36"/>
						<String ID="P51_ST00242" HPOS="1917" VPOS="1754" WIDTH="141" HEIGHT="44" CONTENT="serait" WC="1.00" CC="000040"/>
						<SP ID="P51_SP00214" HPOS="2058" VPOS="1813" WIDTH="31"/>
						<String ID="P51_ST00243" HPOS="2089" VPOS="1754" WIDTH="242" HEIGHT="56" CONTENT="généreux" WC="0.99" CC="03740002"/>
						<SP ID="P51_SP00215" HPOS="2331" VPOS="1813" WIDTH="39"/>
						<String ID="P51_ST00244" HPOS="2370" VPOS="1755" WIDTH="24" HEIGHT="41" CONTENT="à" WC="0.72" CC="2"/>
					</TextLine>
					<TextLine ID="P51_TL00025" HPOS="393" VPOS="1813" WIDTH="179" HEIGHT="43">
						<String ID="P51_ST00245" HPOS="393" VPOS="1813" WIDTH="153" HEIGHT="42" CONTENT="moins" WC="0.99" CC="00060"/>
						<SP ID="P51_SP00216" HPOS="546" VPOS="1855" WIDTH="18"/>
						<String ID="P51_ST00246" HPOS="564" VPOS="1820" WIDTH="8" HEIGHT="36" CONTENT="!" WC="0.66" CC="3"/>
					</TextLine>
					<TextLine ID="P51_TL00026" HPOS="447" VPOS="1894" WIDTH="1946" HEIGHT="58">
						<String ID="P51_ST00247" HPOS="447" VPOS="1897" WIDTH="288" HEIGHT="54" CONTENT="Nécrologie." WC="0.99" CC="04045350123" STYLEREFS="TXT_4"/>
						<SP ID="P51_SP00217" HPOS="735" VPOS="1951" WIDTH="32"/>
						<String ID="P51_ST00248" HPOS="767" VPOS="1921" WIDTH="46" HEIGHT="7" CONTENT="—" WC="0.20" CC="8"/>
						<SP ID="P51_SP00218" HPOS="813" VPOS="1951" WIDTH="44"/>
						<String ID="P51_ST00249" HPOS="857" VPOS="1898" WIDTH="148" HEIGHT="41" CONTENT="Franz" WC="0.98" CC="03064"/>
						<SP ID="P51_SP00219" HPOS="1005" VPOS="1951" WIDTH="30"/>
						<String ID="P51_ST00250" HPOS="1035" VPOS="1898" WIDTH="204" HEIGHT="52" CONTENT="Strauss," WC="1.00" CC="05000014"/>
						<SP ID="P51_SP00220" HPOS="1239" VPOS="1951" WIDTH="27"/>
						<String ID="P51_ST00251" HPOS="1266" VPOS="1898" WIDTH="42" HEIGHT="41" CONTENT="le" WC="0.86" CC="20"/>
						<SP ID="P51_SP00221" HPOS="1308" VPOS="1951" WIDTH="26"/>
						<String ID="P51_ST00252" HPOS="1334" VPOS="1897" WIDTH="111" HEIGHT="55" CONTENT="père" WC="1.00" CC="0000"/>
						<SP ID="P51_SP00222" HPOS="1445" VPOS="1952" WIDTH="24"/>
						<String ID="P51_ST00253" HPOS="1469" VPOS="1897" WIDTH="56" HEIGHT="41" CONTENT="de" WC="1.00" CC="00"/>
						<SP ID="P51_SP00223" HPOS="1525" VPOS="1952" WIDTH="39"/>
						<String ID="P51_ST00254" HPOS="1564" VPOS="1897" WIDTH="62" HEIGHT="41" CONTENT="M." WC="0.80" CC="04"/>
						<SP ID="P51_SP00224" HPOS="1626" VPOS="1952" WIDTH="30"/>
						<String ID="P51_ST00255" HPOS="1656" VPOS="1895" WIDTH="205" HEIGHT="43" CONTENT="Richard" WC="1.00" CC="0203000"/>
						<SP ID="P51_SP00225" HPOS="1861" VPOS="1952" WIDTH="33"/>
						<String ID="P51_ST00256" HPOS="1894" VPOS="1895" WIDTH="206" HEIGHT="52" CONTENT="Strauss," WC="0.99" CC="00007004"/>
						<SP ID="P51_SP00226" HPOS="2100" VPOS="1952" WIDTH="26"/>
						<String ID="P51_ST00257" HPOS="2126" VPOS="1904" WIDTH="70" HEIGHT="32" CONTENT="est" WC="0.98" CC="600"/>
						<SP ID="P51_SP00227" HPOS="2196" VPOS="1952" WIDTH="25"/>
						<String ID="P51_ST00258" HPOS="2221" VPOS="1903" WIDTH="124" HEIGHT="33" CONTENT="mort" WC="0.98" CC="0053"/>
						<SP ID="P51_SP00228" HPOS="2345" VPOS="1952" WIDTH="25"/>
						<String ID="P51_ST00259" HPOS="2370" VPOS="1894" WIDTH="23" HEIGHT="41" CONTENT="à" WC="0.58" CC="4"/>
					</TextLine>
					<TextLine ID="P51_TL00027" HPOS="393" VPOS="1951" WIDTH="2006" HEIGHT="57">
						<String ID="P51_ST00260" HPOS="393" VPOS="1952" WIDTH="200" HEIGHT="42" CONTENT="Munich" WC="0.99" CC="005200"/>
						<SP ID="P51_SP00229" HPOS="593" VPOS="1994" WIDTH="30"/>
						<String ID="P51_ST00261" HPOS="623" VPOS="1952" WIDTH="31" HEIGHT="42" CONTENT="il" WC="1.00" CC="00"/>
						<SP ID="P51_SP00230" HPOS="654" VPOS="1994" WIDTH="26"/>
						<String ID="P51_ST00262" HPOS="680" VPOS="1967" WIDTH="29" HEIGHT="41" CONTENT="y" WC="0.75" CC="2"/>
						<SP ID="P51_SP00231" HPOS="709" VPOS="2008" WIDTH="34"/>
						<String ID="P51_ST00263" HPOS="743" VPOS="1967" WIDTH="25" HEIGHT="27" CONTENT="a" WC="1.00" CC="0"/>
						<SP ID="P51_SP00232" HPOS="768" VPOS="2008" WIDTH="23"/>
						<String ID="P51_ST00264" HPOS="791" VPOS="1967" WIDTH="92" HEIGHT="28" CONTENT="une" WC="1.00" CC="000"/>
						<SP ID="P51_SP00233" HPOS="883" VPOS="2008" WIDTH="40"/>
						<String ID="P51_ST00265" HPOS="923" VPOS="1953" WIDTH="258" HEIGHT="55" CONTENT="quinzaine" WC="1.00" CC="000501000"/>
						<SP ID="P51_SP00234" HPOS="1181" VPOS="2008" WIDTH="25"/>
						<String ID="P51_ST00266" HPOS="1206" VPOS="1956" WIDTH="55" HEIGHT="39" CONTENT="de" WC="1.00" CC="00"/>
						<SP ID="P51_SP00235" HPOS="1261" VPOS="2008" WIDTH="24"/>
						<String ID="P51_ST00267" HPOS="1285" VPOS="1954" WIDTH="146" HEIGHT="52" CONTENT="jours." WC="1.00" CC="000004"/>
						<SP ID="P51_SP00236" HPOS="1431" VPOS="2008" WIDTH="39"/>
						<String ID="P51_ST00268" HPOS="1470" VPOS="1952" WIDTH="35" HEIGHT="42" CONTENT="Il" WC="0.69" CC="60"/>
						<SP ID="P51_SP00237" HPOS="1505" VPOS="2008" WIDTH="34"/>
						<String ID="P51_ST00269" HPOS="1539" VPOS="1951" WIDTH="70" HEIGHT="43" CONTENT="fut" WC="0.98" CC="050"/>
						<SP ID="P51_SP00238" HPOS="1609" VPOS="2008" WIDTH="31"/>
						<String ID="P51_ST00270" HPOS="1640" VPOS="1953" WIDTH="214" HEIGHT="55" CONTENT="pendant" WC="0.99" CC="0060040"/>
						<SP ID="P51_SP00239" HPOS="1854" VPOS="2008" WIDTH="33"/>
						<String ID="P51_ST00271" HPOS="1887" VPOS="1952" WIDTH="57" HEIGHT="41" CONTENT="de" WC="1.00" CC="00"/>
						<SP ID="P51_SP00240" HPOS="1944" VPOS="2008" WIDTH="35"/>
						<String ID="P51_ST00272" HPOS="1979" VPOS="1951" WIDTH="203" HEIGHT="55" CONTENT="longues" WC="1.00" CC="0020000"/>
						<SP ID="P51_SP00241" HPOS="2182" VPOS="2008" WIDTH="42"/>
						<String ID="P51_ST00273" HPOS="2224" VPOS="1951" WIDTH="175" HEIGHT="41" CONTENT="années" WC="0.99" CC="046100"/>
					</TextLine>
					<TextLine ID="P51_TL00028" HPOS="391" VPOS="2006" WIDTH="2006" HEIGHT="57">
						<String ID="P51_ST00274" HPOS="391" VPOS="2008" WIDTH="205" HEIGHT="55" CONTENT="premier" WC="1.00" CC="0000500"/>
						<SP ID="P51_SP00242" HPOS="596" VPOS="2063" WIDTH="27"/>
						<String ID="P51_ST00275" HPOS="623" VPOS="2022" WIDTH="81" HEIGHT="28" CONTENT="cor" WC="0.98" CC="005"/>
						<SP ID="P51_SP00243" HPOS="704" VPOS="2063" WIDTH="23"/>
						<String ID="P51_ST00276" HPOS="727" VPOS="2010" WIDTH="55" HEIGHT="40" CONTENT="de" WC="1.00" CC="00"/>
						<SP ID="P51_SP00244" HPOS="782" VPOS="2063" WIDTH="27"/>
						<String ID="P51_ST00277" HPOS="809" VPOS="2009" WIDTH="276" HEIGHT="43" CONTENT="l'orchestre" WC="0.99" CC="04033030250"/>
						<SP ID="P51_SP00245" HPOS="1085" VPOS="2063" WIDTH="22"/>
						<String ID="P51_ST00278" HPOS="1107" VPOS="2010" WIDTH="55" HEIGHT="42" CONTENT="de" WC="1.00" CC="00"/>
						<SP ID="P51_SP00246" HPOS="1162" VPOS="2063" WIDTH="26"/>
						<String ID="P51_ST00279" HPOS="1188" VPOS="2010" WIDTH="45" HEIGHT="42" CONTENT="la" WC="0.73" CC="50"/>
						<SP ID="P51_SP00247" HPOS="1233" VPOS="2063" WIDTH="23"/>
						<String ID="P51_ST00280" HPOS="1256" VPOS="2010" WIDTH="129" HEIGHT="41" CONTENT="Cour" WC="0.99" CC="4000"/>
						<SP ID="P51_SP00248" HPOS="1385" VPOS="2063" WIDTH="23"/>
						<String ID="P51_ST00281" HPOS="1408" VPOS="2010" WIDTH="55" HEIGHT="40" CONTENT="de" WC="1.00" CC="00"/>
						<SP ID="P51_SP00249" HPOS="1463" VPOS="2063" WIDTH="30"/>
						<String ID="P51_ST00282" HPOS="1493" VPOS="2009" WIDTH="193" HEIGHT="42" CONTENT="Bavière" WC="1.00" CC="0000000"/>
						<SP ID="P51_SP00250" HPOS="1686" VPOS="2063" WIDTH="28"/>
						<String ID="P51_ST00283" HPOS="1714" VPOS="2018" WIDTH="44" HEIGHT="32" CONTENT="et" WC="1.00" CC="00"/>
						<SP ID="P51_SP00251" HPOS="1758" VPOS="2063" WIDTH="27"/>
						<String ID="P51_ST00284" HPOS="1785" VPOS="2007" WIDTH="150" HEIGHT="43" CONTENT="s'était" WC="1.00" CC="0400000"/>
						<SP ID="P51_SP00252" HPOS="1935" VPOS="2063" WIDTH="25"/>
						<String ID="P51_ST00285" HPOS="1960" VPOS="2007" WIDTH="163" HEIGHT="56" CONTENT="acquis" WC="0.99" CC="000700"/>
						<SP ID="P51_SP00253" HPOS="2123" VPOS="2063" WIDTH="23"/>
						<String ID="P51_ST00286" HPOS="2146" VPOS="2020" WIDTH="93" HEIGHT="28" CONTENT="une" WC="0.95" CC="770"/>
						<SP ID="P51_SP00254" HPOS="2239" VPOS="2063" WIDTH="20"/>
						<String ID="P51_ST00287" HPOS="2259" VPOS="2006" WIDTH="111" HEIGHT="56" CONTENT="répu" SUBS_TYPE="HypPart1" SUBS_CONTENT="réputation" WC="0.98" CC="0505"/>
						<HYP HPOS="2370" VPOS="2006" WIDTH="27" CONTENT="-"/>
					</TextLine>
					<TextLine ID="P51_TL00029" HPOS="392" VPOS="2062" WIDTH="2007" HEIGHT="60">
						<String ID="P51_ST00288" HPOS="392" VPOS="2064" WIDTH="151" HEIGHT="41" CONTENT="tation" SUBS_TYPE="HypPart2" SUBS_CONTENT="réputation" WC="0.99" CC="090004"/>
						<SP ID="P51_SP00255" HPOS="543" VPOS="2105" WIDTH="24"/>
						<String ID="P51_ST00289" HPOS="567" VPOS="2065" WIDTH="192" HEIGHT="41" CONTENT="méritée" WC="1.00" CC="0100000"/>
						<SP ID="P51_SP00256" HPOS="759" VPOS="2106" WIDTH="23"/>
						<String ID="P51_ST00290" HPOS="782" VPOS="2079" WIDTH="120" HEIGHT="42" CONTENT="pour" WC="0.98" CC="0070"/>
						<SP ID="P51_SP00257" HPOS="902" VPOS="2121" WIDTH="25"/>
						<String ID="P51_ST00291" HPOS="927" VPOS="2065" WIDTH="44" HEIGHT="42" CONTENT="la" WC="0.97" CC="00"/>
						<SP ID="P51_SP00258" HPOS="971" VPOS="2121" WIDTH="26"/>
						<String ID="P51_ST00292" HPOS="997" VPOS="2066" WIDTH="173" HEIGHT="52" CONTENT="sûreté," WC="0.99" CC="0000054"/>
						<SP ID="P51_SP00259" HPOS="1170" VPOS="2121" WIDTH="27"/>
						<String ID="P51_ST00293" HPOS="1197" VPOS="2067" WIDTH="43" HEIGHT="40" CONTENT="la" WC="0.79" CC="40"/>
						<SP ID="P51_SP00260" HPOS="1240" VPOS="2121" WIDTH="31"/>
						<String ID="P51_ST00294" HPOS="1271" VPOS="2066" WIDTH="183" HEIGHT="56" CONTENT="pureté," WC="0.98" CC="9530042"/>
						<SP ID="P51_SP00261" HPOS="1454" VPOS="2122" WIDTH="22"/>
						<String ID="P51_ST00295" HPOS="1476" VPOS="2065" WIDTH="44" HEIGHT="40" CONTENT="la" WC="1.00" CC="00"/>
						<SP ID="P51_SP00262" HPOS="1520" VPOS="2122" WIDTH="37"/>
						<String ID="P51_ST00296" HPOS="1557" VPOS="2064" WIDTH="248" HEIGHT="57" CONTENT="plénitude" WC="0.99" CC="000720700"/>
						<SP ID="P51_SP00263" HPOS="1805" VPOS="2122" WIDTH="35"/>
						<String ID="P51_ST00297" HPOS="1840" VPOS="2064" WIDTH="63" HEIGHT="41" CONTENT="du" WC="1.00" CC="00"/>
						<SP ID="P51_SP00264" HPOS="1903" VPOS="2122" WIDTH="28"/>
						<String ID="P51_ST00298" HPOS="1931" VPOS="2078" WIDTH="86" HEIGHT="27" CONTENT="son" WC="0.99" CC="020"/>
						<SP ID="P51_SP00265" HPOS="2017" VPOS="2122" WIDTH="28"/>
						<String ID="P51_ST00299" HPOS="2045" VPOS="2062" WIDTH="114" HEIGHT="56" CONTENT="qu'il" WC="0.99" CC="01022"/>
						<SP ID="P51_SP00266" HPOS="2159" VPOS="2122" WIDTH="27"/>
						<String ID="P51_ST00300" HPOS="2186" VPOS="2062" WIDTH="213" HEIGHT="42" CONTENT="obtenait" WC="1.00" CC="00007000"/>
					</TextLine>
					<TextLine ID="P51_TL00030" HPOS="395" VPOS="2118" WIDTH="2005" HEIGHT="59">
						<String ID="P51_ST00301" HPOS="395" VPOS="2133" WIDTH="78" HEIGHT="28" CONTENT="sur" WC="0.96" CC="073"/>
						<SP ID="P51_SP00267" HPOS="473" VPOS="2161" WIDTH="34"/>
						<String ID="P51_ST00302" HPOS="507" VPOS="2135" WIDTH="86" HEIGHT="27" CONTENT="son" WC="0.96" CC="037"/>
						<SP ID="P51_SP00268" HPOS="593" VPOS="2162" WIDTH="42"/>
						<String ID="P51_ST00303" HPOS="635" VPOS="2121" WIDTH="302" HEIGHT="44" CONTENT="instrument." WC="0.99" CC="10030000654"/>
						<SP ID="P51_SP00269" HPOS="937" VPOS="2165" WIDTH="33"/>
						<String ID="P51_ST00304" HPOS="970" VPOS="2122" WIDTH="248" HEIGHT="42" CONTENT="Excellent" WC="1.00" CC="000000063"/>
						<SP ID="P51_SP00270" HPOS="1218" VPOS="2165" WIDTH="34"/>
						<String ID="P51_ST00305" HPOS="1252" VPOS="2121" WIDTH="292" HEIGHT="56" CONTENT="professeur," WC="1.00" CC="00020000554"/>
						<SP ID="P51_SP00271" HPOS="1544" VPOS="2177" WIDTH="29"/>
						<String ID="P51_ST00306" HPOS="1573" VPOS="2121" WIDTH="31" HEIGHT="41" CONTENT="il" WC="1.00" CC="00"/>
						<SP ID="P51_SP00272" HPOS="1604" VPOS="2177" WIDTH="20"/>
						<String ID="P51_ST00307" HPOS="1624" VPOS="2135" WIDTH="24" HEIGHT="28" CONTENT="a" WC="0.67" CC="3"/>
						<SP ID="P51_SP00273" HPOS="1648" VPOS="2177" WIDTH="25"/>
						<String ID="P51_ST00308" HPOS="1673" VPOS="2120" WIDTH="152" HEIGHT="43" CONTENT="formé" WC="1.00" CC="00002"/>
						<SP ID="P51_SP00274" HPOS="1825" VPOS="2177" WIDTH="40"/>
						<String ID="P51_ST00309" HPOS="1865" VPOS="2121" WIDTH="55" HEIGHT="40" CONTENT="de" WC="1.00" CC="00"/>
						<SP ID="P51_SP00275" HPOS="1920" VPOS="2177" WIDTH="26"/>
						<String ID="P51_ST00310" HPOS="1946" VPOS="2119" WIDTH="94" HEIGHT="43" CONTENT="très" WC="1.00" CC="0000"/>
						<SP ID="P51_SP00276" HPOS="2040" VPOS="2177" WIDTH="42"/>
						<String ID="P51_ST00311" HPOS="2082" VPOS="2121" WIDTH="120" HEIGHT="40" CONTENT="bons" WC="1.00" CC="0000"/>
						<SP ID="P51_SP00277" HPOS="2202" VPOS="2177" WIDTH="29"/>
						<String ID="P51_ST00312" HPOS="2231" VPOS="2118" WIDTH="169" HEIGHT="43" CONTENT="élèves." WC="0.99" CC="0340006"/>
					</TextLine>
					<TextLine ID="P51_TL00031" HPOS="453" VPOS="2203" WIDTH="1945" HEIGHT="57">
						<String ID="P51_ST00313" HPOS="453" VPOS="2228" WIDTH="46" HEIGHT="6" CONTENT="—" WC="0.20" CC="8"/>
						<SP ID="P51_SP00278" HPOS="499" VPOS="2234" WIDTH="34"/>
						<String ID="P51_ST00314" HPOS="533" VPOS="2205" WIDTH="62" HEIGHT="40" CONTENT="Le" WC="0.67" CC="60"/>
						<SP ID="P51_SP00279" HPOS="595" VPOS="2245" WIDTH="49"/>
						<String ID="P51_ST00315" HPOS="644" VPOS="2205" WIDTH="366" HEIGHT="43" CONTENT="Conservatoire" WC="1.00" CC="4070000000100"/>
						<SP ID="P51_SP00280" HPOS="1010" VPOS="2248" WIDTH="31"/>
						<String ID="P51_ST00316" HPOS="1041" VPOS="2206" WIDTH="55" HEIGHT="41" CONTENT="de" WC="1.00" CC="00"/>
						<SP ID="P51_SP00281" HPOS="1096" VPOS="2248" WIDTH="27"/>
						<String ID="P51_ST00317" HPOS="1123" VPOS="2205" WIDTH="244" HEIGHT="43" CONTENT="Bruxelles" WC="1.00" CC="060001400"/>
						<SP ID="P51_SP00282" HPOS="1367" VPOS="2248" WIDTH="26"/>
						<String ID="P51_ST00318" HPOS="1393" VPOS="2205" WIDTH="130" HEIGHT="43" CONTENT="vient" WC="0.99" CC="02021"/>
						<SP ID="P51_SP00283" HPOS="1523" VPOS="2248" WIDTH="46"/>
						<String ID="P51_ST00319" HPOS="1569" VPOS="2205" WIDTH="58" HEIGHT="42" CONTENT="de" WC="1.00" CC="00"/>
						<SP ID="P51_SP00284" HPOS="1627" VPOS="2248" WIDTH="49"/>
						<String ID="P51_ST00320" HPOS="1676" VPOS="2205" WIDTH="185" HEIGHT="55" CONTENT="perdre," WC="0.99" CC="0040004"/>
						<SP ID="P51_SP00285" HPOS="1861" VPOS="2260" WIDTH="38"/>
						<String ID="P51_ST00321" HPOS="1899" VPOS="2218" WIDTH="56" HEIGHT="27" CONTENT="en" WC="0.64" CC="07"/>
						<SP ID="P51_SP00286" HPOS="1955" VPOS="2260" WIDTH="24"/>
						<String ID="P51_ST00322" HPOS="1979" VPOS="2203" WIDTH="44" HEIGHT="42" CONTENT="la" WC="1.00" CC="00"/>
						<SP ID="P51_SP00287" HPOS="2023" VPOS="2260" WIDTH="42"/>
						<String ID="P51_ST00323" HPOS="2065" VPOS="2217" WIDTH="240" HEIGHT="42" CONTENT="personne" WC="1.00" CC="00530000"/>
						<SP ID="P51_SP00288" HPOS="2305" VPOS="2260" WIDTH="38"/>
						<String ID="P51_ST00324" HPOS="2343" VPOS="2203" WIDTH="55" HEIGHT="42" CONTENT="de" WC="1.00" CC="00"/>
					</TextLine>
					<TextLine ID="P51_TL00032" HPOS="396" VPOS="2260" WIDTH="2006" HEIGHT="56">
						<String ID="P51_ST00325" HPOS="396" VPOS="2260" WIDTH="64" HEIGHT="41" CONTENT="M." WC="0.80" CC="03"/>
						<SP ID="P51_SP00289" HPOS="460" VPOS="2301" WIDTH="35"/>
						<String ID="P51_ST00326" HPOS="495" VPOS="2260" WIDTH="129" HEIGHT="41" CONTENT="Léon" WC="0.99" CC="0006"/>
						<SP ID="P51_SP00290" HPOS="624" VPOS="2301" WIDTH="24"/>
						<String ID="P51_ST00327" HPOS="648" VPOS="2262" WIDTH="181" HEIGHT="45" CONTENT="Jouret," WC="0.75" CC="0380104"/>
						<SP ID="P51_SP00291" HPOS="829" VPOS="2307" WIDTH="28"/>
						<String ID="P51_ST00328" HPOS="857" VPOS="2276" WIDTH="66" HEIGHT="27" CONTENT="un" WC="1.00" CC="00"/>
						<SP ID="P51_SP00292" HPOS="923" VPOS="2307" WIDTH="25"/>
						<String ID="P51_ST00329" HPOS="948" VPOS="2261" WIDTH="276" HEIGHT="55" CONTENT="professeur" WC="1.00" CC="0600000000"/>
						<SP ID="P51_SP00293" HPOS="1224" VPOS="2316" WIDTH="26"/>
						<String ID="P51_ST00330" HPOS="1250" VPOS="2262" WIDTH="209" HEIGHT="42" CONTENT="éminent" WC="0.76" CC="2044040"/>
						<SP ID="P51_SP00294" HPOS="1459" VPOS="2316" WIDTH="23"/>
						<String ID="P51_ST00331" HPOS="1482" VPOS="2271" WIDTH="45" HEIGHT="33" CONTENT="et" WC="0.98" CC="00"/>
						<SP ID="P51_SP00295" HPOS="1527" VPOS="2316" WIDTH="25"/>
						<String ID="P51_ST00332" HPOS="1552" VPOS="2260" WIDTH="349" HEIGHT="56" CONTENT="sympathique." WC="1.00" CC="050000007000"/>
						<SP ID="P51_SP00296" HPOS="1901" VPOS="2316" WIDTH="28"/>
						<String ID="P51_ST00333" HPOS="1929" VPOS="2261" WIDTH="143" HEIGHT="41" CONTENT="Entre" WC="0.99" CC="05000"/>
						<SP ID="P51_SP00297" HPOS="2072" VPOS="2316" WIDTH="28"/>
						<String ID="P51_ST00334" HPOS="2100" VPOS="2269" WIDTH="156" HEIGHT="33" CONTENT="autres" WC="0.99" CC="005900"/>
						<SP ID="P51_SP00298" HPOS="2256" VPOS="2316" WIDTH="33"/>
						<String ID="P51_ST00335" HPOS="2289" VPOS="2273" WIDTH="85" HEIGHT="41" CONTENT="pro" SUBS_TYPE="HypPart1" SUBS_CONTENT="productions," WC="0.98" CC="030"/>
						<HYP HPOS="2374" VPOS="2273" WIDTH="28" CONTENT="-"/>
					</TextLine>
					<TextLine ID="P51_TL00033" HPOS="396" VPOS="2315" WIDTH="2004" HEIGHT="58">
						<String ID="P51_ST00336" HPOS="396" VPOS="2315" WIDTH="237" HEIGHT="51" CONTENT="ductions," SUBS_TYPE="HypPart2" SUBS_CONTENT="productions," WC="0.99" CC="060710704"/>
						<SP ID="P51_SP00299" HPOS="633" VPOS="2366" WIDTH="42"/>
						<String ID="P51_ST00337" HPOS="675" VPOS="2316" WIDTH="32" HEIGHT="41" CONTENT="il" WC="0.43" CC="46"/>
						<SP ID="P51_SP00300" HPOS="707" VPOS="2366" WIDTH="24"/>
						<String ID="P51_ST00338" HPOS="731" VPOS="2317" WIDTH="123" HEIGHT="42" CONTENT="avait" WC="0.99" CC="10400"/>
						<SP ID="P51_SP00301" HPOS="854" VPOS="2366" WIDTH="39"/>
						<String ID="P51_ST00339" HPOS="893" VPOS="2318" WIDTH="159" HEIGHT="41" CONTENT="donné" WC="0.98" CC="00770"/>
						<SP ID="P51_SP00302" HPOS="1052" VPOS="2366" WIDTH="25"/>
						<String ID="P51_ST00340" HPOS="1077" VPOS="2332" WIDTH="93" HEIGHT="27" CONTENT="une" WC="0.95" CC="840"/>
						<SP ID="P51_SP00303" HPOS="1170" VPOS="2366" WIDTH="27"/>
						<String ID="P51_ST00341" HPOS="1197" VPOS="2317" WIDTH="275" HEIGHT="56" CONTENT="adaptation" WC="1.00" CC="0000001000"/>
						<SP ID="P51_SP00304" HPOS="1472" VPOS="2373" WIDTH="34"/>
						<String ID="P51_ST00342" HPOS="1506" VPOS="2316" WIDTH="184" HEIGHT="57" CONTENT="lyrique" WC="0.99" CC="3002040"/>
						<SP ID="P51_SP00305" HPOS="1690" VPOS="2373" WIDTH="28"/>
						<String ID="P51_ST00343" HPOS="1718" VPOS="2317" WIDTH="63" HEIGHT="41" CONTENT="du" WC="1.00" CC="00"/>
						<SP ID="P51_SP00306" HPOS="1781" VPOS="2373" WIDTH="30"/>
						<String ID="P51_ST00344" HPOS="1811" VPOS="2316" WIDTH="228" HEIGHT="42" CONTENT="Tricorne" WC="0.99" CC="40080004" STYLEREFS="TXT_3"/>
						<SP ID="P51_SP00307" HPOS="2039" VPOS="2373" WIDTH="25"/>
						<String ID="P51_ST00345" HPOS="2064" VPOS="2316" WIDTH="222" HEIGHT="42" CONTENT="enchanté" WC="0.98" CC="00508663" STYLEREFS="TXT_3"/>
						<String ID="P51_ST00346" HPOS="2293" VPOS="2348" WIDTH="10" HEIGHT="15" CONTENT="," WC="0.73" CC="2"/>
						<SP ID="P51_SP00308" HPOS="2303" VPOS="2373" WIDTH="43"/>
						<String ID="P51_ST00347" HPOS="2346" VPOS="2316" WIDTH="54" HEIGHT="41" CONTENT="de" WC="1.00" CC="00"/>
					</TextLine>
					<TextLine ID="P51_TL00034" HPOS="394" VPOS="2372" WIDTH="2008" HEIGHT="57">
						<String ID="P51_ST00348" HPOS="394" VPOS="2372" WIDTH="268" HEIGHT="55" CONTENT="Théophile" WC="1.00" CC="010003000"/>
						<SP ID="P51_SP00309" HPOS="662" VPOS="2427" WIDTH="25"/>
						<String ID="P51_ST00349" HPOS="687" VPOS="2372" WIDTH="209" HEIGHT="55" CONTENT="Gautier," WC="1.00" CC="00600004"/>
						<SP ID="P51_SP00310" HPOS="896" VPOS="2427" WIDTH="25"/>
						<String ID="P51_ST00350" HPOS="921" VPOS="2382" WIDTH="44" HEIGHT="33" CONTENT="et" WC="0.76" CC="04"/>
						<SP ID="P51_SP00311" HPOS="965" VPOS="2427" WIDTH="25"/>
						<String ID="P51_ST00351" HPOS="990" VPOS="2374" WIDTH="80" HEIGHT="42" CONTENT="des" WC="1.00" CC="000"/>
						<SP ID="P51_SP00312" HPOS="1070" VPOS="2427" WIDTH="21"/>
						<String ID="P51_ST00352" HPOS="1091" VPOS="2375" WIDTH="189" HEIGHT="41" CONTENT="choeurs" WC="0.99" CC="0555000"/>
						<SP ID="P51_SP00313" HPOS="1280" VPOS="2427" WIDTH="14"/>
						<String ID="P51_ST00353" HPOS="1294" VPOS="2387" WIDTH="123" HEIGHT="42" CONTENT="pour" WC="0.99" CC="0060"/>
						<SP ID="P51_SP00314" HPOS="1417" VPOS="2429" WIDTH="25"/>
						<String ID="P51_ST00354" HPOS="1442" VPOS="2373" WIDTH="222" HEIGHT="51" CONTENT="YEsther," WC="0.82" CC="80000006" STYLEREFS="TXT_3"/>
						<SP ID="P51_SP00315" HPOS="1664" VPOS="2429" WIDTH="30"/>
						<String ID="P51_ST00355" HPOS="1694" VPOS="2373" WIDTH="55" HEIGHT="42" CONTENT="de" WC="0.93" CC="01"/>
						<SP ID="P51_SP00316" HPOS="1749" VPOS="2429" WIDTH="26"/>
						<String ID="P51_ST00356" HPOS="1775" VPOS="2372" WIDTH="196" HEIGHT="43" CONTENT="Racine." WC="1.00" CC="0000004"/>
						<SP ID="P51_SP00317" HPOS="1971" VPOS="2429" WIDTH="17"/>
						<String ID="P51_ST00357" HPOS="1988" VPOS="2373" WIDTH="64" HEIGHT="40" CONTENT="M." WC="0.81" CC="03"/>
						<SP ID="P51_SP00318" HPOS="2052" VPOS="2429" WIDTH="30"/>
						<String ID="P51_ST00358" HPOS="2082" VPOS="2373" WIDTH="132" HEIGHT="40" CONTENT="Léon" WC="0.99" CC="2000"/>
						<SP ID="P51_SP00319" HPOS="2214" VPOS="2429" WIDTH="25"/>
						<String ID="P51_ST00359" HPOS="2239" VPOS="2373" WIDTH="163" HEIGHT="41" CONTENT="Jouret" WC="0.80" CC="007004"/>
					</TextLine>
					<TextLine ID="P51_TL00035" HPOS="396" VPOS="2427" WIDTH="2005" HEIGHT="52">
						<String ID="P51_ST00360" HPOS="396" VPOS="2427" WIDTH="282" HEIGHT="52" CONTENT="enseignait," WC="0.99" CC="07204970002"/>
						<SP ID="P51_SP00320" HPOS="678" VPOS="2479" WIDTH="24"/>
						<String ID="P51_ST00361" HPOS="702" VPOS="2429" WIDTH="167" HEIGHT="50" CONTENT="depuis" WC="0.99" CC="005400"/>
						<SP ID="P51_SP00321" HPOS="869" VPOS="2479" WIDTH="22"/>
						<String ID="P51_ST00362" HPOS="891" VPOS="2431" WIDTH="306" HEIGHT="41" CONTENT="trente-deux" WC="1.00" CC="00020040061"/>
						<SP ID="P51_SP00322" HPOS="1197" VPOS="2479" WIDTH="33"/>
						<String ID="P51_ST00363" HPOS="1230" VPOS="2444" WIDTH="100" HEIGHT="35" CONTENT="ans," WC="0.98" CC="0504"/>
						<SP ID="P51_SP00323" HPOS="1330" VPOS="2479" WIDTH="21"/>
						<String ID="P51_ST00364" HPOS="1351" VPOS="2430" WIDTH="42" HEIGHT="42" CONTENT="le" WC="1.00" CC="00"/>
						<SP ID="P51_SP00324" HPOS="1393" VPOS="2479" WIDTH="28"/>
						<String ID="P51_ST00365" HPOS="1421" VPOS="2429" WIDTH="180" HEIGHT="50" CONTENT="solfège" WC="0.99" CC="0100080"/>
						<SP ID="P51_SP00325" HPOS="1601" VPOS="2479" WIDTH="34"/>
						<String ID="P51_ST00366" HPOS="1635" VPOS="2443" WIDTH="9" HEIGHT="29" CONTENT=":" WC="0.55" CC="4"/>
						<SP ID="P51_SP00326" HPOS="1644" VPOS="2479" WIDTH="41"/>
						<String ID="P51_ST00367" HPOS="1685" VPOS="2428" WIDTH="32" HEIGHT="42" CONTENT="il" WC="0.59" CC="08"/>
						<SP ID="P51_SP00327" HPOS="1717" VPOS="2479" WIDTH="38"/>
						<String ID="P51_ST00368" HPOS="1755" VPOS="2428" WIDTH="112" HEIGHT="43" CONTENT="était" WC="1.00" CC="10020"/>
						<SP ID="P51_SP00328" HPOS="1867" VPOS="2479" WIDTH="22"/>
						<String ID="P51_ST00369" HPOS="1889" VPOS="2427" WIDTH="181" HEIGHT="43" CONTENT="officier" WC="1.00" CC="00000009"/>
						<SP ID="P51_SP00329" HPOS="2070" VPOS="2479" WIDTH="43"/>
						<String ID="P51_ST00370" HPOS="2113" VPOS="2428" WIDTH="56" HEIGHT="42" CONTENT="de" WC="1.00" CC="00"/>
						<SP ID="P51_SP00330" HPOS="2169" VPOS="2479" WIDTH="46"/>
						<String ID="P51_ST00371" HPOS="2215" VPOS="2428" WIDTH="186" HEIGHT="43" CONTENT="l'Ordre" WC="0.99" CC="1300070"/>
					</TextLine>
					<TextLine ID="P51_TL00036" HPOS="398" VPOS="2483" WIDTH="404" HEIGHT="56">
						<String ID="P51_ST00372" HPOS="398" VPOS="2484" WIDTH="56" HEIGHT="41" CONTENT="de" WC="1.00" CC="00"/>
						<SP ID="P51_SP00331" HPOS="454" VPOS="2525" WIDTH="32"/>
						<String ID="P51_ST00373" HPOS="486" VPOS="2483" WIDTH="215" HEIGHT="56" CONTENT="Léopold" WC="0.98" CC="0100000"/>
						<SP ID="P51_SP00332" HPOS="701" VPOS="2539" WIDTH="40"/>
						<String ID="P51_ST00374" HPOS="741" VPOS="2486" WIDTH="61" HEIGHT="42" CONTENT="II." WC="0.95" CC="264" STYLEREFS="TXT_4"/>
					</TextLine>
				</TextBlock>
				<TextBlock ID="P51_TB00004" HPOS="493" VPOS="2735" WIDTH="985" HEIGHT="65" STYLEREFS="TXT_6 PAR_LEFT">
					<TextLine ID="P51_TL00037" HPOS="501" VPOS="2749" WIDTH="977" HEIGHT="50">
						<String ID="P51_ST00375" HPOS="501" VPOS="2749" WIDTH="551" HEIGHT="50" CONTENT="PUBLICATIONS" WC="1.00" CC="500000000300"/>
						<SP ID="P51_SP00333" HPOS="1052" VPOS="2799" WIDTH="47"/>
						<String ID="P51_ST00376" HPOS="1099" VPOS="2749" WIDTH="379" HEIGHT="50" CONTENT="RÉCENTES" WC="0.98" CC="00000000" STYLEREFS="TXT_1"/>
					</TextLine>
				</TextBlock>
				<TextBlock ID="P51_TB00005" HPOS="405" VPOS="2847" WIDTH="2009" HEIGHT="229" STYLEREFS="TXT_2 PAR_LEFT">
					<TextLine ID="P51_TL00038" HPOS="461" VPOS="2850" WIDTH="1950" HEIGHT="58">
						<String ID="P51_ST00377" HPOS="461" VPOS="2851" WIDTH="138" HEIGHT="41" CONTENT="L.-A." WC="0.66" CC="60406"/>
						<SP ID="P51_SP00334" HPOS="599" VPOS="2892" WIDTH="46"/>
						<String ID="P51_ST00378" HPOS="645" VPOS="2851" WIDTH="640" HEIGHT="43" CONTENT="BOURGAULT-DUCOUDRAY." WC="0.75" CC="00002005143505060067" STYLEREFS="TXT_0"/>
						<SP ID="P51_SP00335" HPOS="1285" VPOS="2894" WIDTH="50"/>
						<String ID="P51_ST00379" HPOS="1335" VPOS="2851" WIDTH="250" HEIGHT="57" CONTENT="Esquisses" WC="0.99" CC="037205300" STYLEREFS="TXT_3"/>
						<SP ID="P51_SP00336" HPOS="1585" VPOS="2908" WIDTH="44"/>
						<String ID="P51_ST00380" HPOS="1629" VPOS="2850" WIDTH="184" HEIGHT="58" CONTENT="d'après" WC="0.98" CC="0864360" STYLEREFS="TXT_3"/>
						<SP ID="P51_SP00337" HPOS="1813" VPOS="2908" WIDTH="48"/>
						<String ID="P51_ST00381" HPOS="1861" VPOS="2859" WIDTH="168" HEIGHT="34" CONTENT="nature" WC="0.98" CC="250840" STYLEREFS="TXT_3"/>
						<String ID="P51_ST00382" HPOS="2035" VPOS="2885" WIDTH="10" HEIGHT="16" CONTENT="," WC="0.59" CC="4"/>
						<SP ID="P51_SP00338" HPOS="2045" VPOS="2908" WIDTH="41"/>
						<String ID="P51_ST00383" HPOS="2086" VPOS="2864" WIDTH="122" HEIGHT="43" CONTENT="pour" WC="0.96" CC="4075"/>
						<SP ID="P51_SP00339" HPOS="2208" VPOS="2908" WIDTH="43"/>
						<String ID="P51_ST00384" HPOS="2251" VPOS="2850" WIDTH="160" HEIGHT="56" CONTENT="piano," WC="0.98" CC="500407"/>
					</TextLine>
					<TextLine ID="P51_TL00039" HPOS="406" VPOS="2906" WIDTH="638" HEIGHT="55">
						<String ID="P51_ST00385" HPOS="406" VPOS="2906" WIDTH="149" HEIGHT="52" CONTENT="Paris," WC="0.98" CC="645103"/>
						<SP ID="P51_SP00340" HPOS="555" VPOS="2958" WIDTH="36"/>
						<String ID="P51_ST00386" HPOS="591" VPOS="2906" WIDTH="245" HEIGHT="55" CONTENT="Alphonse" WC="0.99" CC="03040500"/>
						<SP ID="P51_SP00341" HPOS="836" VPOS="2961" WIDTH="32"/>
						<String ID="P51_ST00387" HPOS="868" VPOS="2907" WIDTH="176" HEIGHT="42" CONTENT="Leduc." WC="0.98" CC="600634"/>
					</TextLine>
					<TextLine ID="P51_TL00040" HPOS="463" VPOS="2969" WIDTH="1950" HEIGHT="60">
						<String ID="P51_ST00388" HPOS="463" VPOS="2970" WIDTH="129" HEIGHT="42" CONTENT="L.-A." WC="0.73" CC="04404" STYLEREFS="TXT_0"/>
						<SP ID="P51_SP00342" HPOS="592" VPOS="3012" WIDTH="46"/>
						<String ID="P51_ST00389" HPOS="638" VPOS="2971" WIDTH="643" HEIGHT="42" CONTENT="BOURGAULT-DUCOUDRAY." WC="0.69" CC="00106200047004657705" STYLEREFS="TXT_0"/>
						<SP ID="P51_SP00343" HPOS="1281" VPOS="3013" WIDTH="52"/>
						<String ID="P51_ST00390" HPOS="1333" VPOS="2970" WIDTH="71" HEIGHT="42" CONTENT="La" WC="0.94" CC="01" STYLEREFS="TXT_3"/>
						<SP ID="P51_SP00344" HPOS="1404" VPOS="3013" WIDTH="38"/>
						<String ID="P51_ST00391" HPOS="1442" VPOS="2970" WIDTH="217" HEIGHT="44" CONTENT="Chanson" WC="0.98" CC="0054076" STYLEREFS="TXT_3"/>
						<SP ID="P51_SP00345" HPOS="1659" VPOS="3014" WIDTH="44"/>
						<String ID="P51_ST00392" HPOS="1703" VPOS="2971" WIDTH="53" HEIGHT="41" CONTENT="de" WC="1.00" CC="00" STYLEREFS="TXT_3"/>
						<SP ID="P51_SP00346" HPOS="1756" VPOS="3014" WIDTH="48"/>
						<String ID="P51_ST00393" HPOS="1804" VPOS="2970" WIDTH="45" HEIGHT="42" CONTENT="la" WC="1.00" CC="00" STYLEREFS="TXT_3"/>
						<SP ID="P51_SP00347" HPOS="1849" VPOS="3014" WIDTH="34"/>
						<String ID="P51_ST00394" HPOS="1883" VPOS="2974" WIDTH="239" HEIGHT="55" CONTENT="Bretagne" WC="0.99" CC="57040000" STYLEREFS="TXT_3"/>
						<String ID="P51_ST00395" HPOS="2127" VPOS="3004" WIDTH="9" HEIGHT="9" CONTENT="." WC="0.55" CC="4"/>
						<SP ID="P51_SP00348" HPOS="2136" VPOS="3029" WIDTH="49"/>
						<String ID="P51_ST00396" HPOS="2185" VPOS="2969" WIDTH="150" HEIGHT="43" CONTENT="Piano" WC="1.00" CC="03000"/>
						<SP ID="P51_SP00349" HPOS="2335" VPOS="3029" WIDTH="36"/>
						<String ID="P51_ST00397" HPOS="2371" VPOS="2977" WIDTH="42" HEIGHT="33" CONTENT="et" WC="1.00" CC="00"/>
					</TextLine>
					<TextLine ID="P51_TL00041" HPOS="408" VPOS="3025" WIDTH="576" HEIGHT="51">
						<String ID="P51_ST00398" HPOS="408" VPOS="3025" WIDTH="155" HEIGHT="43" CONTENT="chant." WC="0.98" CC="410564"/>
						<SP ID="P51_SP00350" HPOS="563" VPOS="3068" WIDTH="28"/>
						<String ID="P51_ST00399" HPOS="591" VPOS="3026" WIDTH="149" HEIGHT="50" CONTENT="Paris," WC="0.98" CC="904127"/>
						<SP ID="P51_SP00351" HPOS="740" VPOS="3076" WIDTH="27"/>
						<String ID="P51_ST00400" HPOS="767" VPOS="3028" WIDTH="52" HEIGHT="40" CONTENT="A." WC="0.44" CC="82"/>
						<SP ID="P51_SP00352" HPOS="819" VPOS="3076" WIDTH="28"/>
						<String ID="P51_ST00401" HPOS="847" VPOS="3026" WIDTH="137" HEIGHT="44" CONTENT="Noël." WC="0.98" CC="00734"/>
					</TextLine>
				</TextBlock>
				<TextBlock ID="P51_TB00006" HPOS="561" VPOS="3261" WIDTH="694" HEIGHT="55" STYLEREFS="TXT_6 PAR_LEFT">
					<TextLine ID="P51_TL00042" HPOS="563" VPOS="3263" WIDTH="690" HEIGHT="51">
						<String ID="P51_ST00402" HPOS="563" VPOS="3266" WIDTH="174" HEIGHT="48" CONTENT="AVIS" WC="0.98" CC="1050"/>
						<SP ID="P51_SP00353" HPOS="737" VPOS="3314" WIDTH="62"/>
						<String ID="P51_ST00403" HPOS="799" VPOS="3263" WIDTH="454" HEIGHT="51" CONTENT="IMPORTANT" WC="1.00" CC="000000070"/>
					</TextLine>
				</TextBlock>
				<TextBlock ID="P51_TB00007" HPOS="406" VPOS="3368" WIDTH="2011" HEIGHT="270" STYLEREFS="TXT_3 PAR_BLOCK">
					<TextLine ID="P51_TL00043" HPOS="462" VPOS="3372" WIDTH="1951" HEIGHT="56">
						<String ID="P51_ST00404" HPOS="462" VPOS="3374" WIDTH="149" HEIGHT="43" CONTENT="Notre" WC="0.98" CC="03064"/>
						<SP ID="P51_SP00354" HPOS="611" VPOS="3417" WIDTH="34"/>
						<String ID="P51_ST00405" HPOS="645" VPOS="3374" WIDTH="190" HEIGHT="41" CONTENT="numéro" WC="0.97" CC="885046"/>
						<SP ID="P51_SP00355" HPOS="835" VPOS="3417" WIDTH="24"/>
						<String ID="P51_ST00406" HPOS="859" VPOS="3377" WIDTH="19" HEIGHT="37" CONTENT="1" WC="0.50" CC="4" STYLEREFS="TXT_2"/>
						<SP ID="P51_SP00356" HPOS="878" VPOS="3417" WIDTH="33"/>
						<String ID="P51_ST00407" HPOS="911" VPOS="3372" WIDTH="80" HEIGHT="55" CONTENT="(15" WC="0.86" CC="400"/>
						<SP ID="P51_SP00357" HPOS="991" VPOS="3427" WIDTH="21"/>
						<String ID="P51_ST00408" HPOS="1012" VPOS="3372" WIDTH="91" HEIGHT="40" CONTENT="mai" WC="1.00" CC="000"/>
						<SP ID="P51_SP00358" HPOS="1103" VPOS="3427" WIDTH="43"/>
						<String ID="P51_ST00409" HPOS="1146" VPOS="3372" WIDTH="150" HEIGHT="52" CONTENT="1905)" WC="0.83" CC="00043"/>
						<SP ID="P51_SP00359" HPOS="1296" VPOS="3427" WIDTH="42"/>
						<String ID="P51_ST00410" HPOS="1338" VPOS="3372" WIDTH="123" HEIGHT="42" CONTENT="étant" WC="0.98" CC="04570"/>
						<SP ID="P51_SP00360" HPOS="1461" VPOS="3427" WIDTH="26"/>
						<String ID="P51_ST00411" HPOS="1487" VPOS="3374" WIDTH="306" HEIGHT="42" CONTENT="entièrement" WC="0.98" CC="44604926585"/>
						<SP ID="P51_SP00361" HPOS="1793" VPOS="3427" WIDTH="42"/>
						<String ID="P51_ST00412" HPOS="1835" VPOS="3374" WIDTH="173" HEIGHT="54" CONTENT="épuisé," WC="0.99" CC="4620003"/>
						<SP ID="P51_SP00362" HPOS="2008" VPOS="3428" WIDTH="47"/>
						<String ID="P51_ST00413" HPOS="2055" VPOS="3389" WIDTH="116" HEIGHT="28" CONTENT="72ows" WC="0.15" CC="88888" STYLEREFS="TXT_2"/>
						<SP ID="P51_SP00363" HPOS="2171" VPOS="3428" WIDTH="41"/>
						<String ID="P51_ST00414" HPOS="2212" VPOS="3388" WIDTH="201" HEIGHT="29" CONTENT="sommes" WC="0.99" CC="230800"/>
					</TextLine>
					<TextLine ID="P51_TL00044" HPOS="408" VPOS="3428" WIDTH="2006" HEIGHT="57">
						<String ID="P51_ST00415" HPOS="408" VPOS="3431" WIDTH="176" HEIGHT="54" CONTENT="obligés" WC="0.98" CC="9404024"/>
						<SP ID="P51_SP00364" HPOS="584" VPOS="3485" WIDTH="24"/>
						<String ID="P51_ST00416" HPOS="608" VPOS="3431" WIDTH="52" HEIGHT="41" CONTENT="de" WC="0.67" CC="06"/>
						<SP ID="P51_SP00365" HPOS="660" VPOS="3485" WIDTH="15"/>
						<String ID="P51_ST00417" HPOS="675" VPOS="3429" WIDTH="226" HEIGHT="54" CONTENT="procéder" WC="0.99" CC="00050070"/>
						<SP ID="P51_SP00366" HPOS="901" VPOS="3485" WIDTH="21"/>
						<String ID="P51_ST00418" HPOS="922" VPOS="3429" WIDTH="22" HEIGHT="40" CONTENT="à" WC="1.00" CC="0" STYLEREFS="TXT_7"/>
						<SP ID="P51_SP00367" HPOS="944" VPOS="3485" WIDTH="25"/>
						<String ID="P51_ST00419" HPOS="969" VPOS="3442" WIDTH="54" HEIGHT="28" CONTENT="un" WC="0.55" CC="53"/>
						<SP ID="P51_SP00368" HPOS="1023" VPOS="3485" WIDTH="31"/>
						<String ID="P51_ST00420" HPOS="1054" VPOS="3428" WIDTH="170" HEIGHT="41" CONTENT="second" WC="0.98" CC="037080"/>
						<SP ID="P51_SP00369" HPOS="1224" VPOS="3485" WIDTH="25"/>
						<String ID="P51_ST00421" HPOS="1249" VPOS="3428" WIDTH="162" HEIGHT="56" CONTENT="tirage." WC="0.99" CC="0033603"/>
						<SP ID="P51_SP00370" HPOS="1411" VPOS="3485" WIDTH="26"/>
						<String ID="P51_ST00422" HPOS="1437" VPOS="3431" WIDTH="130" HEIGHT="42" CONTENT="iVoys" WC="0.19" CC="94888"/>
						<SP ID="P51_SP00371" HPOS="1567" VPOS="3485" WIDTH="35"/>
						<String ID="P51_ST00423" HPOS="1602" VPOS="3431" WIDTH="162" HEIGHT="52" CONTENT="prions" WC="0.99" CC="001070"/>
						<SP ID="P51_SP00372" HPOS="1764" VPOS="3485" WIDTH="27"/>
						<String ID="P51_ST00424" HPOS="1791" VPOS="3431" WIDTH="110" HEIGHT="42" CONTENT="donc" WC="0.98" CC="2007"/>
						<SP ID="P51_SP00373" HPOS="1901" VPOS="3485" WIDTH="23"/>
						<String ID="P51_ST00425" HPOS="1924" VPOS="3433" WIDTH="97" HEIGHT="44" CONTENT="MM" WC="1.00" CC="00" STYLEREFS="TXT_7"/>
						<String ID="P51_ST00426" HPOS="2023" VPOS="3465" WIDTH="9" HEIGHT="8" CONTENT="." WC="0.25" CC="7" STYLEREFS="TXT_2"/>
						<SP ID="P51_SP00374" HPOS="2032" VPOS="3485" WIDTH="143"/>
						<String ID="P51_ST00427" HPOS="2175" VPOS="3445" WIDTH="239" HEIGHT="28" CONTENT="nouveaux" WC="0.99" CC="50700403"/>
					</TextLine>
					<TextLine ID="P51_TL00045" HPOS="407" VPOS="3485" WIDTH="2009" HEIGHT="57">
						<String ID="P51_ST00428" HPOS="407" VPOS="3487" WIDTH="216" HEIGHT="43" CONTENT="Abonnés" WC="0.99" CC="4260030"/>
						<SP ID="P51_SP00375" HPOS="623" VPOS="3530" WIDTH="25"/>
						<String ID="P51_ST00429" HPOS="648" VPOS="3488" WIDTH="78" HEIGHT="53" CONTENT="qui" WC="0.97" CC="060"/>
						<SP ID="P51_SP00376" HPOS="726" VPOS="3541" WIDTH="32"/>
						<String ID="P51_ST00430" HPOS="758" VPOS="3486" WIDTH="204" HEIGHT="43" CONTENT="désirent" WC="0.99" CC="00200506"/>
						<SP ID="P51_SP00377" HPOS="962" VPOS="3541" WIDTH="25"/>
						<String ID="P51_ST00431" HPOS="987" VPOS="3487" WIDTH="133" HEIGHT="40" CONTENT="avoir" WC="0.99" CC="50400"/>
						<SP ID="P51_SP00378" HPOS="1120" VPOS="3541" WIDTH="22"/>
						<String ID="P51_ST00432" HPOS="1142" VPOS="3485" WIDTH="43" HEIGHT="40" CONTENT="la" WC="0.52" CC="27"/>
						<SP ID="P51_SP00379" HPOS="1185" VPOS="3541" WIDTH="25"/>
						<String ID="P51_ST00433" HPOS="1210" VPOS="3485" WIDTH="236" HEIGHT="44" CONTENT="collection" WC="0.99" CC="6006367004"/>
						<SP ID="P51_SP00380" HPOS="1446" VPOS="3541" WIDTH="45"/>
						<String ID="P51_ST00434" HPOS="1491" VPOS="3487" WIDTH="223" HEIGHT="54" CONTENT="complète" WC="0.98" CC="66024650"/>
						<SP ID="P51_SP00381" HPOS="1714" VPOS="3541" WIDTH="37"/>
						<String ID="P51_ST00435" HPOS="1751" VPOS="3489" WIDTH="53" HEIGHT="41" CONTENT="de" WC="1.00" CC="00"/>
						<SP ID="P51_SP00382" HPOS="1804" VPOS="3541" WIDTH="45"/>
						<String ID="P51_ST00436" HPOS="1849" VPOS="3489" WIDTH="179" HEIGHT="41" CONTENT="vouloir" WC="0.99" CC="9002000"/>
						<SP ID="P51_SP00383" HPOS="2028" VPOS="3541" WIDTH="23"/>
						<String ID="P51_ST00437" HPOS="2051" VPOS="3489" WIDTH="105" HEIGHT="42" CONTENT="bien" WC="0.99" CC="1003"/>
						<SP ID="P51_SP00384" HPOS="2156" VPOS="3541" WIDTH="20"/>
						<String ID="P51_ST00438" HPOS="2176" VPOS="3488" WIDTH="240" HEIGHT="54" CONTENT="patienter" WC="1.00" CC="000350000"/>
					</TextLine>
					<TextLine ID="P51_TL00046" HPOS="410" VPOS="3545" WIDTH="379" HEIGHT="55">
						<String ID="P51_ST00439" HPOS="410" VPOS="3545" WIDTH="216" HEIGHT="55" CONTENT="quelques" WC="0.99" CC="07410850"/>
						<SP ID="P51_SP00385" HPOS="626" VPOS="3600" WIDTH="12"/>
						<String ID="P51_ST00440" HPOS="638" VPOS="3546" WIDTH="151" HEIGHT="50" CONTENT="jours." WC="0.98" CC="607057"/>
					</TextLine>
				</TextBlock>
				<TextBlock ID="P51_TB00008" HPOS="1204" VPOS="3727" WIDTH="1060" HEIGHT="53" STYLEREFS="TXT_7 PAR_RIGHT">
					<TextLine ID="P51_TL00047" HPOS="1205" VPOS="3730" WIDTH="1058" HEIGHT="49">
						<String ID="P51_ST00441" HPOS="1205" VPOS="3731" WIDTH="66" HEIGHT="46" CONTENT="Le" WC="0.69" CC="06"/>
						<SP ID="P51_SP00386" HPOS="1271" VPOS="3777" WIDTH="39"/>
						<String ID="P51_ST00442" HPOS="1310" VPOS="3730" WIDTH="466" HEIGHT="47" CONTENT="Directeur-Gérant" WC="1.00" CC="0016636006000705"/>
						<SP ID="P51_SP00387" HPOS="1776" VPOS="3777" WIDTH="26"/>
						<String ID="P51_ST00443" HPOS="1802" VPOS="3750" WIDTH="7" HEIGHT="28" CONTENT=":" WC="0.42" CC="5" STYLEREFS="TXT_8"/>
						<SP ID="P51_SP00388" HPOS="1809" VPOS="3778" WIDTH="54"/>
						<String ID="P51_ST00444" HPOS="1863" VPOS="3731" WIDTH="165" HEIGHT="48" CONTENT="Louis" WC="0.99" CC="50000" STYLEREFS="TXT_8"/>
						<SP ID="P51_SP00389" HPOS="2028" VPOS="3779" WIDTH="38"/>
						<String ID="P51_ST00445" HPOS="2066" VPOS="3731" WIDTH="197" HEIGHT="47" CONTENT="LALOY." WC="0.86" CC="610000" STYLEREFS="TXT_1"/>
					</TextLine>
				</TextBlock>
				<TextBlock ID="P51_TB00009" HPOS="996" VPOS="3836" WIDTH="884" HEIGHT="67" STYLEREFS="TXT_9 PAR_CENTER">
					<TextLine ID="P51_TL00048" HPOS="1008" VPOS="3864" WIDTH="822" HEIGHT="39">
						<String ID="P51_ST00446" HPOS="1008" VPOS="3865" WIDTH="113" HEIGHT="32" CONTENT="Poitiers." WC="0.98" CC="677647640"/>
						<SP ID="P51_SP00390" HPOS="1121" VPOS="3897" WIDTH="18"/>
						<String ID="P51_ST00447" HPOS="1139" VPOS="3877" WIDTH="19" HEIGHT="8" CONTENT="-" WC="0.55" CC="4"/>
						<SP ID="P51_SP00391" HPOS="1158" VPOS="3897" WIDTH="15"/>
						<String ID="P51_ST00448" HPOS="1173" VPOS="3864" WIDTH="95" HEIGHT="33" CONTENT="Société" WC="0.97" CC="6765476"/>
						<SP ID="P51_SP00392" HPOS="1268" VPOS="3897" WIDTH="17"/>
						<String ID="P51_ST00449" HPOS="1285" VPOS="3865" WIDTH="120" HEIGHT="38" CONTENT="française" WC="0.99" CC="350544136"/>
						<SP ID="P51_SP00393" HPOS="1405" VPOS="3903" WIDTH="14"/>
						<String ID="P51_ST00450" HPOS="1419" VPOS="3866" WIDTH="170" HEIGHT="34" CONTENT="d'lmprimerie" WC="0.99" CC="645770057505"/>
						<SP ID="P51_SP00394" HPOS="1589" VPOS="3903" WIDTH="18"/>
						<String ID="P51_ST00451" HPOS="1607" VPOS="3866" WIDTH="27" HEIGHT="30" CONTENT="et" WC="0.31" CC="85"/>
						<SP ID="P51_SP00395" HPOS="1634" VPOS="3903" WIDTH="18"/>
						<String ID="P51_ST00452" HPOS="1652" VPOS="3868" WIDTH="30" HEIGHT="29" CONTENT="de" WC="0.16" CC="96"/>
						<SP ID="P51_SP00396" HPOS="1682" VPOS="3903" WIDTH="23"/>
						<String ID="P51_ST00453" HPOS="1705" VPOS="3868" WIDTH="125" HEIGHT="30" CONTENT="Librairie." WC="0.98" CC="6770708374"/>
					</TextLine>
				</TextBlock>
				<TextBlock ID="P51_TB00010" HPOS="2070" VPOS="2484" WIDTH="116" HEIGHT="43" STYLEREFS="TXT_10 PAR_RIGHT">
					<TextLine ID="P51_TL00049" HPOS="2072" VPOS="2485" WIDTH="113" HEIGHT="41">
						<String ID="P51_ST00454" HPOS="2072" VPOS="2485" WIDTH="113" HEIGHT="41" CONTENT="Pan." WC="1.00" CC="0006"/>
					</TextLine>
				</TextBlock>
				<ComposedBlock ID="P51_CB00001" HPOS="1363" VPOS="2581" WIDTH="129" HEIGHT="116" STYLEREFS="TXT_11 PAR_LEFT" TYPE="Illustration">
					<GraphicalElement ID="P51_CB00001_SUB" HPOS="1363" VPOS="2581" WIDTH="129" HEIGHT="116"/>
				</ComposedBlock>
				<ComposedBlock ID="P51_CB00002" HPOS="1318" VPOS="3122" WIDTH="198" HEIGHT="64" STYLEREFS="TXT_11 PAR_LEFT" TYPE="Illustration">
					<GraphicalElement ID="P51_CB00002_SUB" HPOS="1318" VPOS="3122" WIDTH="198" HEIGHT="64"/>
				</ComposedBlock>
			</PrintSpace>
		</Page>
	</Layout>
</alto>
