2509 4351
2115 299 78 51 183

859 319 165 30 REVUE
1062 318 62 28 DE
1163 318 57 28 LA
1258 315 272 36 QUINZAINE

197 524 71 42 l'ai
302 523 81 53 dit,
411 538 84 42 par
519 523 239 54 l'échange
780 521 54 42 de
861 534 112 29 vues
1001 519 79 56 qui
1105 528 84 46 put
1213 532 45 28 se
1278 515 225 58 produire
1540 514 212 56 pendant
1797 512 66 41 les
1898 508 298 44 discussions

197 596 233 44 ouvertes,
487 584 273 56 auxquelles
809 585 118 41 deuK
975 583 170 41 heures
1209 580 155 42 furent
1410 579 279 42 consacrées
1735 575 182 54 chaque
1965 572 232 43 .matinée.

197 651 64 39 M.
291 650 207 41 Gastoué
535 648 121 42 avait
683 647 186 42 assumé
898 646 42 41 la
962 645 136 42 tâche
1124 645 56 40 de
1215 643 234 56 répondre
1472 642 24 41 à
1521 650 156 33 toutes
1705 639 66 41 les
1813 635 267 57 questions,
2121 633 77 56 qui

194 711 243 56 portèrent
475 710 396 57 principalement
891 723 78 27 sur
1001 708 41 41 le
1077 707 140 42 chant
1253 704 264 58 grégorien,
1546 702 166 56 depuis
1740 702 43 40 la
1827 696 370 59 prononciation

197 784 44 33 et
266 775 363 42 l'accentuation
666 773 142 42 latine
845 772 183 56 jusqu'à
1077 770 504 54 l'accompagnement.
1634 766 329 41 Hâtons-nous
2003 761 55 41 de
2100 759 98 41 dire

199 852 89 42 que
318 847 103 33 tout
443 838 41 41 le
513 838 173 42 monde
711 850 47 28 se
785 835 186 41 déclara
999 831 214 44 satisfait.
1239 833 72 40 Au
1355 844 138 29 cours
1536 829 82 42 des
1662 826 228 43 réunions
1928 822 270 47 musicales,

200 901 66 41 M.
294 900 84 41 Ch.
418 901 179 40 Bordes
646 898 123 43 avait
789 897 81 42 fait
894 897 137 56 appel
1058 897 21 40 à
1103 904 130 33 toute
1262 894 245 42 demande,
1547 889 349 58 d'explication,
1917 889 21 40 à
1963 895 105 33 tout
2090 898 81 29 con-

194 963 257 42 tradicteur
473 977 63 28 ou
551 962 232 42 dissident
812 977 5 25 :
863 974 61 28 on
951 969 77 33 eut
1054 958 67 42 les
1153 971 119 29 unes
1301 967 43 32 et
1369 956 67 42 les
1457 965 171 33 autres.
1676 955 88 40 Les
1803 949 287 58 principales
2119 962 52 27 ex-

191 1025 255 55 plications
472 1035 45 33 et
543 1024 289 43 résolutions
860 1023 241 55 pratiques
1126 1020 243 56 portèrent
1395 1033 79 28 sur
1498 1033 76 27 ces
1599 1016 158 57 points
1780 1029 8 28 :
1818 1021 40 34 i°
1883 1014 40 41 le
1948 1011 114 43 latin
2083 1010 111 42 bien

196 1089 243 52 accentué,
464 1097 43 33 et
529 1087 262 55 l'adoption
811 1087 55 40 de
884 1085 43 42 la
941 1083 373 58 prononciation
1332 1080 213 43 romaine
1567 1082 56 40 de
1647 1080 76 52 Vu,
1748 1078 63 41 du
1819 1076 44 57 j\
1885 1084 105 41 etc.;
2017 1089 21 26 2
2046 1082 16 19 0
2088 1082 107 33 tous

197 1151 68 42 les
289 1151 246 42 assistants
578 1165 47 27 se
657 1150 295 41 déclarèrent
999 1148 221 42 d'accord
1265 1160 78 28 sur
1384 1144 45 42 la
1462 1142 221 58 question
1710 1141 63 41 du
1807 1140 181 55 rythme
2041 1136 135 56 grégo-

197 1214 118 50 rien,
338 1214 134 55 après
498 1214 68 41 les
593 1212 295 42 lumineuses
916 1210 314 56 explications
1263 1207 213 43 fournies
1503 1219 83 42 par
1614 1205 40 40 le
1683 1200 342 52 conférencier,
2070 1211 99 28 mon-

196 1287 139 43 trant,
362 1286 150 32 textes
560 1290 58 28 en
661 1275 168 54 mains,
852 1288 89 42 que
965 1274 67 41 les
1077 1271 284 56 principaux
1404 1267 257 44 dissidents
1703 1266 56 40 de
1803 1264 13 40 1
1836 1260 363 57 interprétation

197 1339 371 52 traditionnelle,
597 1353 63 26 ou
700 1352 56 27 ne
781 1335 359 58 comprenaient
1178 1348 84 41 pas
1286 1346 76 28 ces
1404 1340 165 43 textes,
1599 1343 61 27 ou
1695 1341 57 28 en
1799 1324 241 58 passaient
2090 1336 111 28 sous

199 1403 174 42 silence
398 1403 67 41 les
487 1401 173 56 parties
687 1400 226 56 capitales
939 1418 9 32 ;
976 1400 45 40 3°
1049 1411 56 28 en
1133 1397 348 54 conséquence,
1524 1406 61 28 on
1612 1390 180 42 résolut
1825 1390 55 41 de
1909 1401 47 28 se
1981 1386 222 55 préparer

199 1466 115 42 dans
342 1466 66 41 les
436 1464 170 57 églises
653 1465 23 41 à
702 1463 263 55 l'adoption
997 1459 298 58 progressive
1319 1459 56 40 de
1423 1455 213 43 l'édition
1674 1452 233 52 vaticane,
1949 1463 57 28 en
2055 1447 122 56 appli-

201 1538 145 46 quant
392 1543 90 28 aux
515 1527 202 43 éditions
745 1540 58 29 en
828 1539 145 42 usage
1002 1525 66 40 les
1096 1522 150 57 règles
1275 1520 140 42 mises
1460 1533 57 28 en
1550 1517 197 56 vigueur
1782 1529 82 41 par
1907 1513 43 41 la
1996 1510 203 43 réforme

200 1591 317 43 bénédictine.
545 1591 88 42 Ces
660 1589 295 42 discussions
997 1586 156 42 furent
1189 1584 255 43 encadrées
1472 1582 55 41 de
1555 1579 305 44 conférences
1887 1578 56 40 de
1981 1576 63 41 M.
2093 1575 83 39 Bor-

200 1656 98 49 des,
322 1668 79 29 sur
433 1654 41 42 le
497 1662 98 34 sort
616 1654 53 41 de
694 1654 43 40 Ici
766 1665 208 42 musique
994 1649 252 57 religieuse
1272 1661 52 28 en
1350 1647 185 40 France
1560 1645 164 40 devant
1744 1641 63 41 les
1834 1641 85 41 lois
1944 1637 219 43 actuelles
2191 1670 8 12 ,

200 1720 56 40 de
287 1719 61 41 M.
377 1717 236 52 Quittard,
637 1715 187 42 Férudit
849 1713 347 54 musicologue,
1222 1709 253 56 originaire
1524 1708 55 40 de
1623 1705 262 46 Clermont,
1931 1714 78 28 sur
2052 1699 144 42 Jean-

199 1781 220 56 Philippe
435 1781 212 40 Rameau
674 1779 26 40 à
732 1778 242 42 Clermont
992 1785 42 32 et
1061 1788 47 28 sa
1135 1774 207 54 musique
1378 1771 253 57 religieuse
1650 1783 12 36 ;
1683 1768 54 41 de
1766 1767 63 40 M.
1860 1762 224 50 Gastoué,
2125 1774 78 28 sur

200 1844 64 41 les
290 1845 159 40 chants
474 1843 53 40 de
553 1842 43 40 la
620 1841 245 41 Pentecôte
887 1854 9 38 ;
933 1839 40 41 le
999 1846 102 33 tout
1129 1850 110 28 avec
1264 1836 82 41 des
1395 1833 237 55 exemples
1660 1831 210 41 chantes.
1909 1828 133 40 Nous
2086 1837 85 41 pen-

202 1920 111 28 sons
338 1919 90 41 que
456 1919 77 27 ces
562 1905 206 41 diverses
792 1902 309 43 conférences
1128 1907 160 34 seront
1305 1896 231 56 publiées,
1566 1903 43 33 et
1637 1908 59 40 qu
1716 1906 62 28 on
1803 1903 175 43 pourra
2018 1901 58 27 en
2101 1899 77 42 par-

197 1969 187 42 ticulier
408 1967 138 42 relire
570 1967 67 42 les
658 1980 143 42 pages
823 1964 240 56 pratiques
1093 1962 55 41 de
1175 1963 64 40 M.
1277 1960 177 42 Bordes
1475 1972 77 28 sur
1579 1958 41 40 le
1648 1955 118 55 sujet
1812 1953 106 55 plus
1959 1952 113 40 haut
2117 1949 56 41 dé-

202 2032 129 55 signé
359 2040 43 33 et
432 2030 240 55 s'inspirer
698 2031 22 39 à
759 2028 249 52 beaucoup
1056 2023 213 56 d'égards
1298 2023 81 41 des
1427 2021 179 55 projets
1652 2012 373 60 d'organisation
2053 2010 117 42 musi-

200 2094 98 43 cale
333 2094 80 42 des
440 2092 171 56 églises
641 2090 113 56 qu'il
780 2089 175 43 soumit
981 2102 58 28 au
1084 2084 216 57 congrès,
1372 2086 22 39 à
1435 2083 43 42 la
1502 2082 118 42 suite
1649 2081 54 41 de
1749 2076 323 57 l'application
2117 2074 82 41 des

200 2157 88 42 lois
316 2171 57 28 en
397 2170 138 28 cours
562 2170 63 27 ou
644 2168 57 28 en
722 2152 289 43 discussion.

1216 2265 14 14 *

1201 2305 14 15 *
1235 2305 14 14 *

257 2374 156 54 Enfin,
440 2374 37 43 si
512 2374 66 43 les
605 2374 255 42 chanteurs
906 2370 56 42 de
1005 2364 357 48 Saint-Gervais
1391 2362 211 44 s'étaient
1646 2359 82 43 fait
1750 2357 167 57 goûter
1940 2359 24 39 à
2020 2353 176 56 l'église

201 2439 229 43 encadrés
472 2451 83 42 par
591 2436 69 43 les
687 2436 166 42 chants
884 2433 107 56 plus
1020 2430 184 44 sévères
1236 2430 62 42 du
1325 2423 251 46 séminaire
1603 2432 43 32 et
1687 2422 43 41 la
1754 2421 176 56 grande
1963 2417 107 43 voix
2115 2417 81 42 des

202 2516 187 41 orgues,
417 2501 55 42 ils
494 2515 47 27 se
569 2499 138 41 firent
729 2496 248 57 applaudir
1004 2508 108 28 avec
1136 2490 357 44 enthousiasme
1522 2501 57 27 au
1604 2493 208 40 concert,
1837 2496 56 28 en
1921 2479 276 57 compagnie

203 2566 55 41 de
282 2563 292 43 l'admirable
602 2569 198 49 quatuor
825 2559 129 43 vocal
980 2558 55 41 de
1071 2557 43 41 la
1159 2554 167 42 Schola
1344 2572 9 31 ;
1401 2552 75 40 M^
1481 2562 15 20 e
1521 2550 55 41 de
1601 2549 42 40 la
1686 2545 230 43 Rouvière
1943 2542 256 56 interpréta

203 2637 129 33 entre
362 2636 153 32 autres
544 2625 41 42 le
612 2624 188 41 fameux
835 2621 66 42 air
927 2620 234 42 Divinités
1185 2618 56 40 du
1264 2619 130 50 Styx
1413 2614 56 41 de
1493 2611 108 43 telle
1625 2611 138 54 façon
1794 2623 60 42 qu
1874 2607 30 41 il
1924 2607 68 41 fut
2015 2618 182 29 comme

200 2704 92 29 une
319 2688 258 43 révélation
623 2700 120 42 pour
797 2685 251 53 beaucoup
1076 2681 55 41 de
1174 2690 262 45 personnes
1474 2674 80 56 qui
1594 2675 40 40 le
1679 2669 355 46 connaissaient
2066 2668 130 54 déjà,

205 2754 101 41 Mme
330 2754 43 43 J.
407 2753 56 40 de
490 2752 43 40 la
555 2751 129 40 Mare
710 2746 205 53 détailb,
951 2759 57 28 en
1034 2750 275 48 surpassant
1334 2752 170 29 encore
1532 2752 49 27 sa
1607 2735 206 43 maîtrise
1838 2731 274 50 habituelle,
2135 2742 64 29 un

202 2816 65 42 air
301 2816 55 41 de
386 2813 204 43 Hcendel
616 2823 43 31 et
680 2825 93 28 une
801 2808 204 43 mélodie
1033 2808 55 41 de
1119 2806 178 42 Bordes
1322 2821 9 32 ;
1363 2802 116 42 MM.
1510 2800 147 42 David
1679 2807 42 33 et
1745 2795 200 44 Gébelin
1973 2793 126 43 enfin
2126 2792 47 41 fu-

200 2888 103 33 rent
328 2876 248 57 applaudis
599 2875 115 41 dans
742 2874 125 40 leurs
888 2868 285 44 admirables
1201 2865 276 45 exécutions
1506 2863 238 41 d'auteurs
1775 2859 192 42 anciens
2010 2870 60 28 ou
2097 2868 68 27 mo-

202 2943 185 50 dernes,
415 2948 43 33 et
476 2939 41 41 le
541 2947 204 47 quatuor
772 2934 148 43 entier
947 2933 194 42 souleva
1155 2931 44 41 la
1228 2929 114 42 salle
1373 2941 111 28 avec
1511 2926 40 41 le
1579 2924 230 56 Dialogus
1829 2935 85 42 per
1947 2921 43 40 la
2020 2921 178 39 Pascua

204 3005 55 41 de
282 3003 190 47 Schutz,
515 3001 40 41 le
583 3001 148 43 Chant
766 2997 238 58 élégiaque
1051 2996 54 41 de
1156 2992 288 45 Beethoven,
1492 2989 41 41 le
1561 2986 252 57 Madrigal
1853 2985 54 40 de
1946 2983 54 42 G.
2051 2983 12 38 l
2064 2995 10 13 H
2090 2980 109 41 auré

201 3068 137 51 (dont
363 3079 62 28 on
448 3062 255 55 annonçait
724 3060 315 56 précisément
1065 3058 39 41 le
1142 3056 151 42 même
1321 3054 107 55 jour
1466 3052 43 41 la
1538 3048 300 43 nomination
1874 3060 59 28 au
1963 3053 134 47 poste
2142 3043 55 41 de

200 3129 234 42 directeur
456 3129 64 40 du
546 3122 363 46 Conservatoire
932 3119 246 53 national).

1585 3177 176 40 Pierre
1785 3174 183 42 Aubry.

329 3476 395 52 CAUSETTE

203 3571 159 42 Critique
386 3570 132 42 royale.

260 3657 49 43 Si
332 3656 66 42 les
422 3650 274 47 souverains
754 3651 65 54 s'y
868 3655 197 35 mettent
1111 3646 7 41 !
1163 3646 52 41 Je
1257 3643 132 41 viens
1435 3640 54 41 de
1540 3634 266 49 découvrir,
1835 3633 115 40 dans-
1999 3630 40 41 le
2079 3629 124 41 Petit

203 3721 182 50 Niçois,
412 3731 91 28 une
531 3714 263 54 chronique
820 3710 224 43 musicale
1072 3708 158 56 signée
1256 3706 63 41 du
1350 3703 70 42 roi
1453 3700 198 50 d'ltalie,
1680 3708 44 32 et
1757 3693 272 50 consacrée,
2065 3702 109 31 natu-

205 3783 261 48 rellement,
489 3782 24 40 à
539 3776 289 44 l'exaltation
854 3775 54 41 de
936 3771 332 44 l'italianisme.
1300 3770 89 38 Les
1426 3764 94 42 rois
1566 3770 106 34 sont
1724 3757 350 58 généralement
2121 3755 81 39 des

206 3844 327 44 nationalistes
597 3855 130 28 assez
772 3843 218 38 fervents.
1030 3837 125 40 Tout
1202 3834 55 40 de
1315 3831 169 46 même,
1521 3823 212 58 Majesté,
1789 3834 117 29 vous
1952 3832 111 29 avez
2121 3818 80 40 des

207 3916 271 48 arguments
511 3905 156 56 plutôt
699 3902 237 56 imprévus
966 3902 6 38 !
1008 3900 129 40 Vous
1162 3894 229 50 décrétez,
1420 3904 109 29 avec
1551 3901 91 29 une
1665 3886 187 42 raideur
1874 3891 130 33 toute
2022 3893 181 28 monar-
