2509 4351
405 299 84 42 188

1107 318 56 28 LE
1199 317 236 29 MERCURE
1471 316 214 30 MUSICAL

400 508 189 54 général
617 510 54 40 de
704 509 234 55 musique,
964 511 24 41 à
1030 510 42 42 la
1115 510 185 43 Société
1326 512 247 55 Musicale,
1618 514 215 42 Pavillon
1862 515 54 41 de
1959 516 235 52 Hanovre,
2219 517 68 54 32,
2312 533 72 30 rue

403 571 410 50 Louis-le-Grand,
840 572 146 41 Paris.

463 634 116 43 ART.
614 649 65 28 12.
786 635 87 40 Les
902 635 255 43 donateurs
1199 638 61 41 du
1284 640 232 40 Concours
1539 640 187 54 général
1752 641 54 40 de
1849 642 216 54 Musique
2100 651 80 31 ont
2213 642 85 42 mis
2326 645 59 43 les

407 708 203 30 sommes
653 696 236 43 suivantes
925 698 88 42 àla
1040 699 284 55 disposition
1351 701 55 42 de
1428 701 42 42 la
1488 701 185 43 Société
1702 702 228 43 Musicale
1956 717 121 42 pour
2100 704 94 43 être
2244 705 123 43 distri-

408 757 143 42 buées
590 773 89 27 aux
706 759 203 42 lauréats
933 774 8 28 :

627 853 46 36 1°
705 850 120 40 Prix
864 851 182 53 d'opéra
1082 866 61 27 ou
1170 855 154 40 drame
1349 855 180 55 lyrique
1535 888 7 8 .
1608 887 7 9 .
1682 890 8 8 .
1923 857 165 43 30.000
2149 875 21 21 »

628 912 49 39 2°
710 914 121 39 Prix
867 913 182 53 d'opéra
1089 915 205 55 comique
1920 934 164 27 12.000

629 975 48 38 30
713 976 119 39 Prix
869 976 53 41 de
946 976 139 43 ballet
1949 983 139 42 8.000
2153 1001 16 20 »

628 1037 46 38 4°
706 1037 122 41 Prix
863 1039 56 41 de
957 1041 211 54 musique
1209 1042 52 41 de
1308 1043 213 41 chambre
1544 1056 7 28 :

1011 1115 38 28 a.
1094 1102 128 43 Trio.
1288 1138 8 9 .
1417 1105 38 42 3.
1465 1119 90 28 000
1950 1136 15 19 c

1002 1159 42 42 b.
1082 1157 176 44 Sonate
1288 1191 8 10 .
1416 1176 141 28 2.000
1948 1137 36 39 5.
1996 1149 92 27 000
2150 1150 20 25 »

1918 1248 170 41 55.000
2149 1261 21 27 »

452 1334 117 41 ART.
619 1335 65 43 13.
788 1337 206 54 L'opéra,
1034 1340 167 52 l'opéra
1237 1343 202 54 comique
1474 1352 42 32 et
1540 1344 40 41 le
1608 1345 141 40 ballet
1775 1344 80 56 qui
1883 1354 169 31 auront
2084 1345 239 55 remporté
2351 1345 37 42 le

392 1397 208 53 premier
623 1398 103 55 prix
752 1411 161 31 seront
938 1402 132 54 joués
1100 1403 91 41 soit
1227 1418 57 28 au
1312 1406 389 42 Grand-Théâtre
1732 1408 55 40 de
1815 1408 349 54 Monte-Carlo,
2192 1408 89 42 soit
2316 1423 73 27 sur

397 1472 92 28 une
513 1462 173 52 grande
731 1465 139 41 scène
893 1466 284 53 parisienne.

451 1559 32 39 A
500 1559 15 40 1
534 1558 410 57 Opéra-Comique.
969 1589 49 5 —
1034 1565 260 53 Aphrodite
1300 1599 8 18 ,
1335 1567 42 39 la
1399 1567 219 42 nouvelle
1643 1581 158 29 œuvre
1818 1568 184 55 lyrique
2023 1570 54 40 de
2108 1570 64 40 M.
2192 1570 193 43 Camille

401 1619 242 57 Erlanger,
672 1623 181 56 d'après
877 1626 40 41 le
945 1640 166 28 roman
1153 1629 56 40 de
1237 1629 67 41 M.
1341 1629 158 41 Pierre
1526 1630 176 55 Louys,
1728 1644 103 28 sera
1862 1645 92 28 une
1982 1632 80 41 des
2100 1636 287 40 nouveautés

398 1679 309 56 importantes
732 1686 54 40 de
814 1686 42 42 la
884 1687 158 43 saison
1067 1690 260 54 prochaine
1347 1691 145 53 (hélas
1517 1692 45 53 !).
1589 1694 65 40 Le
1678 1693 236 56 principal
1933 1695 98 41 rôle
2060 1709 103 27 sera
2185 1696 103 41 créé
2310 1710 80 41 par

402 1744 43 39 M
455 1744 7 29 ]
468 1745 30 31 ie
526 1746 132 55 Mary
696 1747 203 45 Garden.

452 1806 68 45 M.
552 1808 85 42 Ch.
663 1809 167 42 Widor
856 1825 23 27 a
907 1812 127 52 écrit,
1076 1828 77 27 sur
1179 1829 63 26 un
1268 1815 134 42 livret
1448 1818 57 40 de
1547 1818 62 42 M.
1655 1818 149 41 Henri
1853 1819 136 53 Cain,
2032 1834 93 28 une
2170 1821 219 42 nouvelle

399 1881 160 30 œuvre
586 1871 242 53 musicale,
858 1875 80 54 qui
966 1877 222 54 s'appelle
1214 1877 66 42 les
1307 1876 231 46 Pêcheurs
1569 1881 54 41 de
1649 1881 294 42 Saint-Jean.

453 1931 84 42 Cet
568 1933 141 54 opéra
735 1937 221 54 comique
979 1952 57 28 en
1065 1951 162 43 quatre
1256 1950 124 33 actes
1406 1956 24 27 a
1468 1943 70 41 été
1566 1943 47 41 lu
1637 1958 89 26 aux
1749 1943 298 56 interprètes,
2081 1958 57 28 en
2163 1945 226 54 présence

398 1992 56 42 de
480 1994 117 42 MM.
624 1996 162 42 Albert
816 1999 157 52 Carré,
1013 2001 188 56 Luigini
1227 2013 43 31 et
1294 2003 254 43 Vizentini.

454 2057 89 41 Les
590 2054 233 48 Pêcheurs
868 2062 53 40 de
955 2064 283 43 Saint-Jean
1267 2076 160 32 seront
1478 2068 134 54 joués
1657 2081 59 28 en
1757 2069 213 52 octobre,
2016 2069 199 43 aussitôt
2258 2071 131 54 après

395 2120 202 48 Miarka,
627 2122 115 41 dont
763 2123 67 42 les
854 2125 276 55 répétitions
1159 2142 47 28 se
1235 2130 341 54 poursuivront
1601 2131 188 55 jusqu'à
1820 2132 43 41 la
1889 2133 200 41 clôture.
2138 2134 87 42 Les
2272 2134 119 41 deux

394 2194 229 44 ouvrages
649 2194 159 32 seront
832 2189 292 52 représentés
1150 2204 92 41 peu
1267 2192 55 40 de
1345 2201 151 46 temps
1520 2192 134 56 après
1680 2192 43 42 la
1762 2195 319 42 réouverture.

454 2245 87 41 Les
571 2246 228 44 Pêcheurs
816 2250 55 40 de
897 2251 274 43 Saint-Jean
1200 2264 161 31 seront
1381 2255 296 54 interprétés,
1702 2270 121 41 pour
1843 2257 66 41 les
1943 2257 281 55 principaux
2247 2258 137 53 rôles,

395 2320 83 41 par
501 2309 44 41 M
552 2319 70 23 mes
654 2311 192 55 Cocyte,
869 2313 153 43 Claire
1044 2314 181 54 Friché,
1246 2318 128 54 Lucy
1394 2317 248 53 Vauthrin,
1662 2326 44 33 et
1727 2332 84 41 par
1826 2319 115 42 MM.
1963 2319 426 54 Dufranne,Billot,

394 2370 57 41 de
482 2372 292 55 Poumayrac
802 2384 43 32 et
867 2375 231 57 Selignac.
1127 2379 65 41 Ce
1216 2379 187 41 dernier
1427 2380 97 42 fera
1548 2394 72 28 ses
1655 2380 169 42 débuts
1852 2382 116 41 dans
1990 2382 66 42 les
2084 2382 232 43 Pêcheurs
2341 2384 50 40 de

397 2432 277 44 Saint-Jean
682 2469 11 16 ,
721 2446 43 31 et
785 2437 41 41 le
851 2438 97 41 rôle
971 2439 78 55 qui
1076 2439 64 41 lui
1169 2451 70 31 est
1265 2441 152 42 confié
1435 2451 68 32 est
1529 2443 40 42 le
1587 2443 106 54 plus
1719 2443 259 56 important
2006 2445 55 41 de
2082 2445 43 41 la
2157 2444 151 56 pièce.

452 2497 133 40 Nous
609 2511 270 41 apprenons
907 2515 109 28 avec
1044 2504 147 54 grand
1216 2504 163 54 plaisir
1397 2504 43 42 la
1462 2506 197 49 rentrée,
1684 2507 23 40 à
1744 2507 144 52 partir
1921 2507 62 41 du
2027 2497 26 66 i
2079 2497 26 66 5
2131 2497 257 66 septembre,

398 2558 55 40 de
480 2559 101 40 Mme
606 2560 241 45 Charlotte
872 2565 166 54 Wyns.

451 2620 136 42 Voici
613 2622 65 41 les
704 2634 196 33 recettes
929 2628 267 42 encaissées
1223 2643 83 42 par
1353 2630 452 56 l'Opéra-Comique
1844 2632 212 54 pendant
2081 2633 41 41 le
2175 2633 119 41 mois
2337 2634 54 40 de

397 2682 91 42 mai
514 2685 106 52 ipos
656 2700 7 25 :

424 2780 33 23 1.
487 2767 312 45 L'Enfant-Roi
829 2773 97 46 (rep.
953 2775 129 47 pop.).
1138 2803 7 10 s
1228 2789 91 37 3-37
1335 2790 8 22 1

422 2828 34 25 2.
491 2817 170 35 Carmen
1226 2826 123 47 8414

420 2877 36 36 3.
483 2865 53 35 Le
550 2866 54 34 Lé
605 2878 30 34 g
638 2879 20 21 a
665 2869 97 33 taire
776 2871 213 44 universel,
1006 2873 32 33 le
1052 2873 74 43 Jon-

514 2914 118 46 gleur
659 2917 43 33 de
727 2918 293 38 Notre-Dame,
1075 2950 7 6 .
1140 2951 7 7 .
1228 2923 120 49 6.030

420 2974 37 34 4.
488 2963 51 33 Le
566 2963 76 35 Roi
666 2965 96 35 dis
1227 2984 120 36 9.243

422 3020 34 37 5.
489 3011 56 34 La
573 3012 169 36 Cabrera
763 3014 32 46 (i
806 3022 26 18 ro
837 3015 23 46 ),
882 3016 210 37 Philèmon
1115 3024 35 31 et

517 3060 144 35 Baucis
1232 3081 11 22 x
1258 3081 90 34 .700

419 3105 37 39 6.
487 3108 57 34 La
600 3108 189 48 Cabrera,
847 3113 213 36 Philèmon
1115 3121 33 29 et

517 3158 145 35 Baucis
1226 3165 116 47 8.761

419 3217 37 34 7.
489 3205 220 47 (Matinée),
757 3208 153 37 Pelléas
956 3217 35 28 et
1036 3212 89 35 Mèli-

515 3257 121 33 sande
1070 3289 8 9 .
1135 3289 9 10 .
1225 3262 122 47 8.154

418 3314 38 34 7.
489 3303 169 36 Carmen
1227 3323 34 34 7-
1271 3323 18 22 2
1302 3311 45 47 5$

419 3351 37 36 8.
486 3353 74 35 Les
588 3353 190 46 Dragons
806 3356 43 33 de
884 3355 157 37 Villars.
1075 3386 6 8 .
1141 3387 6 7 .
1226 3370 119 37 4.513

419 3413 36 34 9.
487 3401 56 35 La
582 3401 187 43 Cabrera,
806 3404 32 34 le
875 3403 200 47 Jongleur
1107 3408 41 33 de

515 3450 280 37 Noire-Dame
1225 3457 122 35 6.118

400 3510 59 23 10.
491 3499 152 35 Manon
1225 3505 118 49 8.875

399 3559 59 23 11.
488 3548 58 34 La
604 3548 172 36 Cabrera
795 3578 8 14 ,
854 3550 210 37 Philèmon
1115 3558 33 30 et

515 3597 144 36 Baucis
1225 3603 122 36 8.006

399 3655 59 23 12.
489 3645 52 35 Le
576 3645 26 34 V
602 3645 163 37 'aisseau
787 3648 193 36 Fantôme
1007 3678 7 9 .
1072 3678 8 7 .
1138 3680 6 7 .
1225 3653 120 48 6.367

400 3704 59 35 13.
491 3694 56 35 La
600 3695 171 36 Cabrera
795 3725 9 14 ,
855 3697 206 37 Philèmon
1113 3705 34 30 et

515 3743 158 36 Baucis.
748 3772 7 8 .
814 3774 7 7 .
879 3774 6 8 .
943 3776 7 7 .
1008 3777 6 7 .
1074 3777 7 7 .
1138 3779 7 7 .
1225 3749 116 36 8.111

402 3800 59 35 14.
762 3795 155 36 Pelléas
957 3802 35 31 et
1030 3798 93 35 Méli-

515 3842 135 36 sande.
1071 3873 8 10 .
1136 3874 7 9 .
1223 3847 124 48 6.858

401 3897 57 35 14.
498 3887 649 47 Werther,Cavalleriaßusticana
1225 3898 122 47 6.944

1445 2791 11 22 1
1472 2789 14 37 5
1498 2807 5 5 •
1534 2777 185 43 Xavière,
1731 2779 55 34 les
1801 2779 270 36 Rendez-vous
2087 2781 87 34 bour-

1559 2828 111 45 geois
1699 2828 96 45 (rep.
1825 2829 111 45 pop.)
2272 2830 119 47 2.718

1445 2876 60 34 16.
1534 2876 56 34 La
1629 2876 186 43 Cabrera,
1850 2877 33 34 le
1917 2877 201 47 Jongleur
2150 2879 44 34 de

1558 2925 276 36 Notre-Dame
2270 2938 120 37 7*973

1445 2986 60 33 17.
1535 2973 52 34 Le
1625 2972 190 36 Vaisseau
1841 2974 219 37 Fantôme.
2117 3003 8 9 .
2183 3003 7 7 .
2276 2976 111 47 5.681

1444 3020 59 37 18.
1538 3022 57 34 La
1644 3022 171 35 Cabrera
1841 3050 8 14 ,
1898 3024 211 35 Philèmon
2157 3029 35 30 et

1560 3071 145 34 Baucis
2271 3085 119 35 7.472

1444 3131 59 34 19.
1537 3119 171 34 Carmen
2269 3121 120 48 8.223

1440 3178 62 25 20.
1533 3168 53 33 Le
1614 3167 76 36 Roi
1711 3168 32 34 iï
1758 3168 32 35 Y
1790 3180 17 22 s
2272 3182 119 36 7.399

1439 3227 63 23 21.
1535 3216 219 48 (Matinée),
1769 3217 160 44 Lakmè,
1946 3218 37 34 la
2001 3219 187 36 Cabrera.
2270 3233 37 33 7»

1439 3276 63 24 21.
1533 3264 144 36 Louise
2267 3268 122 46 6.087

1439 3323 63 25 22.
1533 3313 173 45 Mignon
1729 3314 100 46 (rep.
1856 3314 127 49 pop.).
2052 3344 7 8 .
2118 3344 7 8 .
2182 3344 8 9 .
2269 3328 122 35 4.577

1438 3372 65 36 23.
1536 3361 199 36 Chérubin
1758 3362 9 46 {
1780 3374 10 22 i
1800 3368 33 19 re
1837 3370 12 39 )
2276 3379 10 22 I
2300 3375 89 38 -575

1439 3422 64 35 24.
1536 3410 58 35 La
1629 3410 187 45 Cabrera,
1850 3412 31 35 /e
1915 3413 201 47 Jongleur
2147 3415 45 33 de

1557 3460 277 36 Notre-Dame
2270 3463 116 48 8.521

1439 3518 63 37 25.
1538 3508 197 37 Chérubin
2183 3540 7 8 .
2269 3523 120 37 9-393

1439 3557 64 35 26.
1535 3557 154 38 Alceste
2271 3574 19 35 7
2320 3572 69 37 133

1439 3617 63 35 27.
1535 3605 199 37 Chérubin
2270 3622 117 35 9.491

1439 3654 64 36 28.
1536 3655 225 46 (Matinée),
1783 3657 37 34 /a
1852 3655 65 38 Kie
1943 3658 44 34 de
2005 3658 184 46 Bohème,

1557 3704 38 34 la
1619 3705 173 36 Cabrera
2269 3707 121 48 4.882

1439 3751 62 36 28.
1532 3753 53 34 Le
1619 3753 191 36 Vaisseau
1835 3754 195 37 Fantôme
2051 3784 7 7 .
2116 3784 8 10 .
2181 3782 8 11 ,
2274 3768 117 36 5.400

1438 3811 64 37 29.
1531 3802 171 36 Mireille
1727 3804 99 45 (rep.
1853 3805 113 45 pop.)
1987 3833 8 9 .
2052 3831 9 10 .
2117 3832 7 10 .
2182 3833 8 10 .
2269 3817 122 37 4.490

1441 3861 61 37 30.
1536 3850 199 37 Chérubin
2274 3865 62 38 5-7
2345 3866 42 23 21

1439 3910 66 37 31.
1538 3899 170 37 Carmen
2117 3930 9 9 „
2269 3903 120 47 6.263
