2725 4092
605 237 62 39 176

333 355 208 29 LUIGI

174 417 368 34 RICCOBONI.

603 355 25 15 44
652 355 228 36 Costantlnl,
903 355 167 36 through
1095 355 122 29 whom
1242 355 90 37 they
1356 354 48 30 all
1430 355 111 29 know
1563 352 87 32 that
1672 355 65 29 the
1762 350 136 34 Italian
1923 355 126 29 actors
2072 354 85 30 who
2185 357 187 35 preceded
2388 357 106 30 them
2517 355 68 33 fell

605 419 26 15 44
654 419 82 29 into
761 418 168 36 disgrace
954 419 40 28 at
1022 417 67 30 the
1114 419 122 29 court.

672 483 24 16 44
719 489 34 28 3,
776 480 100 37 They
900 480 153 37 humbly
1076 480 67 30 ask
1166 481 86 29 that
1296 481 137 29 dances
1471 481 72 29 and
1569 481 119 29 music
1725 481 37 28 in
1786 480 67 28 the
1890 478 212 31 interludes
2126 488 83 29 may
2234 481 44 29 be
2312 483 208 34 permitted
2544 484 41 29 to

604 547 24 16 44
650 544 105 30 them
780 551 39 23 as
842 544 40 29 to
907 543 102 30 their
1032 544 278 35 predecessors.

674 609 22 16 44
722 614 32 29 4.
777 605 31 31 If
830 614 73 30 any
926 614 71 22 one
1022 605 38 31 of
1082 607 64 29 the
1170 607 125 28 actors
1319 606 133 29 should
1479 607 94 28 have
1596 606 67 29 the
1688 604 228 31 misfortune
1940 607 67 28 not
2030 607 41 28 to
2105 606 74 29 win
2203 606 66 29 the
2292 605 135 32 favour
2460 606 39 31 of
2519 608 66 29 the

604 673 25 14 44
655 671 111 29 court
788 670 73 29 and
886 668 38 31 of
947 670 65 29 the
1037 670 76 36 city
1134 668 86 31 that
1242 669 66 30 the
1333 669 191 37 Company
1549 677 84 28 may
1663 668 94 30 have
1780 668 67 30 the
1871 668 106 36 right
2008 669 42 29 to
2074 669 150 30 dismiss
2248 670 77 29 him
2359 670 94 29 with
2477 678 21 21 a
2513 669 72 37 gift

604 734 24 17 44
652 734 74 29 and
750 733 92 29 send
866 732 61 30 for
950 733 164 29 another
1136 733 37 28 in
1199 732 58 30 his
1281 733 121 35 place.
2540 739 45 24 &

604 802 45 24 &
674 798 23 15 44
721 804 33 26 5.
777 795 76 30 The
870 796 125 29 actors
1018 797 153 28 entreat
1185 803 97 28 your
1307 795 186 36 Highness
1509 795 40 30 to
1573 793 109 31 make
1700 794 139 36 urgent
1862 794 330 35 representations
2215 795 40 29 at
2278 795 65 30 the
2367 795 111 29 court
2499 795 86 29 that

604 861 24 16 44
651 859 91 37 they
766 867 84 29 may
884 860 44 29 be
952 859 219 36 permitted,
1206 866 40 21 as
1269 859 38 28 in
1342 856 107 39 Italy,
1472 858 66 29 the
1570 856 79 31 free
1684 865 66 22 use
1775 855 39 30 of
1846 857 66 29 the
1951 856 93 37 Holy
2080 858 265 34 Sacraments;
2379 858 67 29 the
2483 865 102 22 more

605 922 23 14 44
653 929 40 21 so
717 929 40 21 as
780 922 90 36 they
893 920 77 31 will
995 929 116 22 never
1135 921 118 30 recite
1288 920 186 37 anything
1496 918 249 36 scandalous;
1779 919 72 29 and
1891 919 200 34 Riccoboni
2117 919 235 31 undertakes
2375 920 41 29 to
2439 920 145 30 submit

604 985 24 13 44
652 985 67 28 the
742 985 193 29 scenarios
959 983 37 31 of
1018 985 66 29 the
1108 983 104 38 plays
1236 983 59 30 for
1329 983 258 30 examination
1611 983 48 36 by
1681 982 66 30 the
1771 982 177 30 Minister
1970 982 73 29 and
2084 981 78 31 also
2189 983 47 36 by
2259 990 47 22 an
2332 982 252 36 Ecclesiastic,

604 1047 23 15 44
651 1046 60 30 for
734 1047 103 30 their
861 1047 190 37 approval.
1114 1047 48 38 (i)

672 1111 75 29 The
769 1112 118 29 above
911 1111 161 35 petition
1098 1111 32 28 is
1153 1110 232 35 interesting
1420 1109 69 29 not
1513 1108 155 37 mereiy,
1700 1117 39 21 as
1777 1108 153 37 already
1963 1108 95 36 said,
2082 1117 39 21 as
2158 1117 19 21 a
2201 1109 189 35 specimen
2429 1108 39 31 of
2491 1110 91 29 such

604 1174 193 28 contracts
821 1173 39 29 in
879 1172 168 37 general,
1064 1173 69 29 but
1148 1171 60 30 for
1223 1172 66 28 the
1305 1171 201 36 sidelight
1521 1171 153 29 thrown
1700 1178 99 28 upon
1817 1171 66 29 the
1909 1171 197 29 character
2133 1169 37 31 of
2195 1172 199 32 Riccoboni
2419 1171 164 36 himself,

604 1235 97 34 who,
726 1243 38 20 as
788 1234 129 30 leader
940 1233 37 30 of
999 1235 67 28 the
1091 1234 201 36 Company,
1316 1240 76 22 was
1429 1232 240 36 presumably
1691 1232 245 35 responsable
1959 1232 60 29 for
2041 1233 66 28 the
2142 1232 146 31 clauses
2312 1234 30 28 it
2366 1235 217 28 contained.

670 1298 120 29 There
813 1298 31 29 is
881 1298 217 35 something
1136 1297 90 28 both
1267 1295 158 29 childish
1463 1296 72 28 and
1574 1303 122 26 mean,
1733 1294 60 30 for
1830 1296 185 35 instance,
2053 1296 38 28 in
2129 1296 65 29 the
2232 1297 157 36 request
2425 1297 86 29 that
2534 1305 48 21 no

604 1361 167 29 member
808 1359 37 31 of
881 1360 66 29 the
985 1359 212 30 Costantini
1234 1358 132 36 family
1402 1357 134 30 should
1574 1366 90 22 ever
1701 1359 44 27 be
1777 1358 175 35 accepted
1992 1359 37 28 in
2067 1358 67 29 the
2158 1359 202 36 Company.
2399 1360 33 28 It
2454 1359 32 29 is
2516 1360 66 30 the

602 1422 167 29 attitude
793 1422 37 29 of
853 1423 65 28 the
943 1421 309 36 over-righteous
1276 1420 84 30 who
1385 1428 98 28 says,
1521 1422 24 15 44
1563 1421 12 28 I
1611 1420 101 29 can't
1737 1428 105 21 come
1881 1421 40 28 to
1944 1428 97 29 your
2076 1421 118 28 dance
2218 1420 28 29 if
2282 1421 115 30 Jones
2434 1429 124 22 comes
2573 1430 9 26 ;

602 1486 159 29 because
798 1484 86 38 why
910 1485 19 29 ?
968 1486 172 34 because,
1176 1482 188 37 forsooth,
1401 1484 115 29 Jones
1554 1491 31 21 is
1623 1481 184 31 different
1843 1482 97 30 from
1980 1490 71 22 me.
2093 1483 91 29 How
2222 1482 183 30 different
2421 1484 18 29 ?
2476 1483 106 37 Well,

599 1548 92 36 they
714 1548 45 29 do
783 1555 78 30 say,
1034 1548 8 28 !
1067 1548 72 28 and
1164 1547 93 29 then
1281 1545 148 31 follows
1452 1554 20 20 a
1496 1545 67 29 list
1585 1544 38 30 of
1645 1545 149 29 Jones's
1818 1545 225 29 enormities
2067 1546 72 28 and
2175 1545 283 31 indiscretions.

667 1611 98 29 Such
790 1611 175 30 methods
988 1619 63 21 are
1076 1618 107 22 mean
1215 1610 72 29 and
1312 1608 140 38 wholly
1486 1609 299 33 unreasonable;
1808 1607 150 35 foolish,
1981 1608 78 34 too,
2094 1608 37 29 in
2157 1609 160 28 matters
2342 1607 37 30 of
2416 1607 83 37 Art,
2521 1608 60 31 for

597 1675 39 28 in
660 1674 87 29 that
783 1674 225 29 connection
1047 1673 109 29 there
1194 1672 31 29 is
1249 1672 69 29 but
1355 1679 72 22 one
1466 1671 175 36 question
1679 1669 38 31 of
1753 1678 73 29 any
1862 1670 109 30 value
1996 1672 40 28 to
2075 1670 44 30 be
2143 1671 69 35 put
2245 1671 38 29 in
2321 1672 136 35 regard
2495 1672 40 28 to
2558 1680 21 21 a

599 1745 85 22 man
702 1745 10 22 :
736 1737 33 30 Is
793 1737 46 29 he
863 1745 19 21 a
907 1736 94 37 good
1020 1734 194 31 workman
1230 1734 18 30 ?
1284 1735 89 29 does
1397 1734 46 29 he
1474 1734 61 28 act
1557 1733 84 29 well
1659 1733 18 29 ?
1714 1733 108 36 paint
1843 1731 86 31 well
1947 1733 17 29 ?
1989 1732 101 30 build
2115 1732 85 30 well
2216 1733 17 29 ?
2257 1732 30 30 If
2309 1741 78 29 yes,
2412 1733 94 30 then
2531 1734 46 29 he

597 1801 31 28 is
651 1801 65 28 the
741 1807 84 21 man
850 1807 56 21 we
930 1806 64 22 are
1018 1797 154 37 looking
1205 1796 83 36 for;
1312 1796 28 30 if
1363 1805 62 28 no,
1448 1797 93 29 then
1575 1795 80 30 find
1679 1796 66 29 the
1781 1803 100 27 man,
1905 1795 70 30 but
2008 1795 108 30 don't
2148 1795 67 30 ask
2238 1795 29 30 if
2300 1797 46 29 he
2370 1796 31 30 is
2426 1804 21 22 a
2481 1797 96 36 good

597 1870 86 22 man
708 1863 160 29 because
894 1870 47 22 no
966 1861 111 31 other
1101 1868 86 23 man
1230 1867 68 22 can
1322 1861 63 29 act
1421 1868 40 21 as
1485 1860 113 36 judge
1636 1860 38 28 in
1698 1859 78 30 this
1814 1860 164 33 matter;
2002 1859 88 29 that
2128 1860 102 28 must
2253 1860 45 29 be
2337 1858 70 31 left
2429 1860 41 29 to
2507 1860 68 29 the

596 1926 158 29 Creator
777 1924 37 30 of
838 1933 99 21 men.

664 1988 199 33 Riccoboni
886 1995 135 28 seems,
1039 1988 189 34 however,
1251 1986 40 29 to
1317 1985 94 30 have
1430 1985 94 29 been
1549 1983 189 37 suffering
1759 1983 99 30 from
1876 1991 47 22 an
1948 1984 250 35 exaggerated
2217 1983 117 30 moral
2359 1992 124 29 sense,
2501 1985 73 29 and

594 2052 31 29 it
647 2059 78 22 was
748 2051 77 29 this
848 2051 122 30 which
994 2049 182 37 probably
1201 2049 195 35 accounts,
1430 2049 68 28 not
1521 2046 88 37 only
1645 2046 60 29 for
1728 2046 65 29 the
1830 2046 188 29 insertion
2044 2045 37 30 of
2117 2046 67 29 the
2207 2048 137 28 second
2382 2048 73 29 and
2478 2046 92 31 fifth

594 2114 146 30 clauses
762 2114 38 29 in
825 2114 64 29 the
915 2113 186 34 contract,
1125 2112 69 29 but
1216 2110 60 31 for
1300 2111 58 29 his
1382 2110 165 35 attempt
1570 2111 41 28 to
1634 2108 227 31 reestablish
1897 2108 67 30 the
1989 2107 158 38 literary
2185 2109 140 29 drama.
2361 2110 63 29 His
2462 2109 109 36 pious

592 2176 83 31 soul
699 2177 72 29 had
796 2175 196 31 doubtless
1015 2176 94 29 been
1133 2173 164 31 shocked
1321 2174 73 28 and
1418 2171 237 31 scandalised
1680 2173 48 36 by
1749 2172 67 29 the
1839 2171 105 30 elder
1968 2170 228 36 comedians,
2220 2171 177 30 .....his
2416 2174 157 34 parents

591 2241 37 27 in
654 2240 74 35 art,
873 2239 71 29 and
969 2239 103 28 their
1095 2235 252 37 overflowing
1371 2242 180 23 manners
1589 2235 71 28 and
1686 2233 113 37 jovial
1830 2233 117 37 plays.
1984 2233 178 33 Reaction
2187 2234 160 35 perhaps
2382 2234 190 36 produced

590 2303 39 28 in
654 2302 91 34 him,
769 2310 39 21 as
833 2300 148 38 usually
1002 2302 39 27 in
1065 2300 65 29 the
1155 2307 83 22 case
1262 2298 38 30 of
1322 2307 90 21 sons
1437 2296 37 31 of
1497 2296 251 37 overflowing
1770 2296 160 35 fathers,
1954 2303 46 22 an
2032 2303 202 29 eagerness
2268 2297 39 28 to
2331 2296 44 30 be
2399 2298 174 33 correct;

591 2366 46 28 he
661 2365 110 29 could
795 2365 68 29 not
886 2364 129 29 better
1036 2362 106 30 them
1166 2369 48 23 on
1238 2361 104 30 their
1378 2368 84 22 own
1487 2360 109 34 lines,
1618 2358 195 31 therefore
1851 2359 47 28 he
1921 2359 125 29 would
2086 2357 120 31 strike
2230 2360 68 28 out
2334 2359 38 29 in
2410 2360 165 29 another

590 2428 186 29 direction
801 2427 73 29 and
898 2425 90 31 seek
1009 2425 60 30 for
1091 2425 88 30 that
1202 2423 120 30 moral
1347 2425 238 28 correctness
1610 2422 37 30 of
1669 2422 124 30 which
1817 2422 92 36 they
1926 2422 72 28 had
2022 2422 94 29 been
2141 2429 41 22 so
2206 2421 173 37 joyously
2397 2421 175 37 careless,

588 2490 74 29 and
687 2489 184 30 establish
894 2489 77 30 this
996 2489 238 29 correctness
1257 2488 38 29 in
1330 2488 66 28 the
1420 2486 154 30 theatre
1598 2486 47 36 by
1668 2493 21 21 a
1712 2483 143 31 careful
1884 2484 127 30 choice
2035 2483 37 30 of
2105 2483 58 30 his
2187 2482 126 31 fellow
2337 2485 126 29 actors
2497 2485 73 29 and

586 2554 168 36 through
776 2553 66 29 the
859 2553 234 29 restoration
1119 2551 36 30 of
1185 2552 112 28 those
1320 2549 142 37 seemly
1486 2549 158 36 literary
1660 2547 105 38 plays
1788 2546 123 30 which
1928 2545 110 31 could
2064 2547 43 28 be
2130 2546 233 37 thoroughly
2386 2547 181 29 censored

588 2616 128 30 before
741 2616 112 35 being
869 2616 59 28 set
952 2622 100 29 upon
1075 2615 67 29 the
1165 2615 121 34 stage.

655 2679 39 28 In
719 2679 136 35 regard
879 2679 40 28 to
943 2679 66 28 the
1033 2676 312 31 administration
1371 2674 38 30 of
1431 2674 66 29 the
1535 2673 176 30 business
1735 2672 132 30 affairs
1891 2670 38 31 of
1951 2672 67 28 the
2042 2670 191 37 Company
2267 2670 49 30 all
2351 2672 65 28 the
2439 2672 126 30 actors

592 2742 165 30 without
780 2741 238 35 distinction,
1042 2739 199 34 Riccoboni
1279 2736 152 31 himself
1455 2736 191 35 included,
1680 2736 71 29 had
1775 2734 110 37 equal
1922 2734 144 34 shares,
2089 2734 67 29 the
2190 2732 114 31 funds
2328 2733 115 37 being
2481 2733 91 37 kept

592 2807 47 36 by
661 2813 72 23 one
770 2805 169 29 member
976 2803 73 29 and
1073 2804 77 28 two
1175 2803 130 29 others
1328 2801 205 36 appointed
1568 2801 40 28 to
1632 2806 155 23 oversee
1810 2799 66 28 the
1900 2798 265 35 expenditure.
2200 2796 97 31 Each
2333 2804 72 23 one
2434 2797 72 30 had
2530 2798 40 29 to

588 2869 155 35 provide
761 2868 57 29 his
834 2874 86 23 own
942 2868 191 29 costumes
1149 2865 93 30 with
1259 2864 65 31 the
1341 2863 199 36 exception
1564 2862 39 30 of
1618 2861 113 30 Fabio
1753 2861 168 36 Sticotti,
1936 2862 41 28 to
2000 2860 123 30 whom
2141 2860 92 36 they
2255 2867 99 23 were
2371 2860 199 30 furnished

589 2932 47 35 by
658 2931 67 30 the
749 2931 203 35 Company.

656 2996 41 28 In
720 2995 98 29 June
842 3000 84 29 1733
951 2991 217 34 Riccoboni,
1190 2991 182 36 together
1394 2989 93 30 with
1513 2989 57 28 his
1595 2986 86 31 wife
1705 2987 73 29 and
1802 2994 82 26 son,
1920 2987 151 28 became
2094 2993 21 22 a
2149 2985 238 30 naturalised
2425 2985 143 30 French

586 3058 150 36 subject
759 3057 73 29 and
856 3058 38 27 in
920 3054 102 37 April
1046 3062 84 29 1737
1154 3055 46 28 he
1225 3053 179 30 obtained
1429 3051 226 38 permission
1680 3051 39 28 to
1744 3051 137 28 absent
1893 3048 151 31 himself
2067 3048 59 29 for
2149 3050 76 27 two
2250 3049 151 29 months
2425 3050 73 27 and
2523 3057 46 27 go

584 3122 41 29 to
650 3121 62 30 act
734 3121 37 29 in
797 3119 184 37 England,
1004 3118 112 31 while
1140 3119 76 29 two
1238 3124 109 30 years
1371 3116 98 29 later
1493 3114 106 30 leave
1623 3121 75 22 was
1739 3112 160 37 granted
1924 3112 77 29 him
2025 3113 40 28 to
2099 3112 119 29 retire
2241 3111 97 30 from
2360 3109 77 42 [the
2460 3112 108 35 stage

583 3184 93 29 with
701 3184 56 29 his
781 3182 87 30 wife
893 3182 72 29 and
989 3189 67 22 son
1081 3180 93 31 with
1199 3187 47 23 an
1270 3178 141 32 annual
1445 3178 158 35 pension
1628 3175 38 31 of
1702 3184 72 21 one
1796 3175 191 29 thousand
2022 3174 139 30 francs.
2196 3175 52 28 He
2283 3173 200 31 withdrew
2526 3175 41 28 to

588 3246 110 37 Italy,
714 3247 69 29 but
799 3245 100 31 after
914 3246 77 29 two
1006 3252 109 30 years
1138 3244 115 35 spent
1268 3244 39 28 at
1332 3242 135 29 Parma
1483 3241 46 29 he
1547 3239 184 30 returned
1750 3239 40 28 to
1815 3238 107 29 Paris
1938 3238 127 29 where
2082 3238 46 28 he
2147 3237 85 29 died
2257 3244 47 21 on
2323 3237 207 30 December
2546 3236 20 30 6

582 3318 85 29 1753
691 3312 41 28 at
754 3310 67 29 the
846 3317 68 28 age
939 3307 37 31 of
998 3308 160 36 seventy
1180 3307 118 36 eight,
1322 3306 112 36 being
1458 3303 170 31 referred
1651 3304 42 27 to
1716 3302 38 29 in
1780 3302 58 29 his
1862 3302 115 29 death
2002 3298 212 32 certificate
2238 3307 40 22 as
2301 3302 24 15 44
2343 3307 51 22 un
2430 3300 135 30 ancien

581 3373 147 30 ufficiel
752 3373 49 29 du
825 3373 58 29 roi

646 3435 44 31 Of
712 3436 68 29 the
803 3443 112 29 many
937 3432 125 32 works
1086 3432 122 30 which
1232 3432 44 29 he
1300 3431 120 29 wrote
1437 3428 65 32 for
1516 3431 64 28 the
1606 3430 152 28 theatre
1777 3428 132 36 nearly
1933 3426 63 38 all,
2021 3426 27 31 if
2072 3427 68 28 not
2163 3425 62 36 all,
2250 3426 95 30 have
2370 3427 94 29 been
2488 3425 59 31 for-

578 3500 150 36 gotten,
752 3499 69 29 but
844 3498 57 29 his
940 3495 125 31 works
1089 3495 120 30 about
1231 3495 68 30 the
1336 3495 155 30 theatre
1515 3493 95 30 have
1648 3492 175 30 retained
1862 3490 49 31 all
1942 3491 102 29 their
2080 3489 111 30 value
2214 3489 73 29 and
2326 3495 65 23 are
2428 3497 138 29 among

578 3564 66 28 the
668 3562 164 29 number
857 3559 38 31 of
917 3561 111 28 those
1051 3560 41 29 to
1126 3559 123 29 which
1272 3558 66 29 the
1373 3557 162 30 student
1558 3554 38 31 of
1618 3556 86 29 that
1728 3554 131 36 period
1883 3552 138 38 chiefly
2043 3554 125 28 turns.
2192 3552 77 29 The
2300 3552 101 29 most
2424 3552 118 36 impor-

571 3627 88 29 tant
681 3632 64 22 are
759 3631 9 22 :
792 3625 22 14 44
833 3622 193 30 l'Histoire
1052 3622 48 30 du
1120 3621 163 30 Theatre
1308 3620 133 30 italien
1510 3619 136 38 (Paris,
1665 3617 102 38 1728)
1783 3618 92 29 with
1894 3617 177 36 eighteen
2090 3614 257 31 illustrations
2364 3614 38 30 of
2416 3613 145 38 figures

564 3688 99 31 from
686 3689 65 29 the
776 3688 136 29 Italian
928 3685 216 31 Commedia
1161 3684 189 36 engraved
1370 3684 47 35 by
1439 3681 184 31 Joullain.
1640 3680 77 30 The
1734 3681 23 16 44
1775 3681 129 29 Nuovo
1929 3679 137 30 Teatro
2086 3678 157 31 Italiano
2307 3678 125 38 (Paris
2462 3679 103 36 1733)

564 3751 224 36 containing
820 3750 67 30 the
909 3749 104 37 plays
1036 3747 153 37 printed
1227 3746 73 31 and
1324 3744 215 38 performed
1580 3745 47 35 by
1649 3744 66 28 the
1753 3744 23 17 44
1793 3743 138 36 Signor
1970 3742 107 36 Luigi
2102 3740 217 36 Riccoboni,
2356 3740 139 30 known
2520 3747 41 23 as

577 3825 37 31 (1)
630 3825 47 24 See
693 3824 70 28 Rasi;
783 3825 17 13 44
818 3823 9 23 I
845 3823 86 23 Comici
947 3821 111 25 Italian!.

282 1167 219 35 Riccoboni
505 1172 9 14 9
520 1181 20 22 s

166 1229 223 34 character.
495 1243 45 25 &

159 1990 61 31 An
257 1992 274 38 exaggerated

159 2052 131 32 moral
311 2061 130 23 sense.
485 2060 45 26 &

153 3001 252 31 Retirement
438 3001 86 30 and

146 3064 131 31 death.

139 3456 45 26 &
249 3451 80 30 His
365 3452 147 31 works.
