2725 4092
2062 196 61 39 169

134 296 193 66 THE
358 299 437 73 PREFACE
830 296 112 76 TO
998 296 168 76 “LE
1222 296 897 76 THEATREITALIEN.”

553 442 20 20 o
598 442 72 21 one
695 437 103 27 must
823 438 133 34 expect
979 438 40 27 to
1042 436 80 30 find
1148 437 185 34 complete
1356 438 105 37 plays
1498 440 39 28 in
1574 440 78 28 this
1689 439 201 30 collection
1928 440 103 28 since
2060 440 66 28 the

552 495 137 31 Italian
713 499 123 35 pieces
859 499 109 30 could
994 500 68 28 not
1084 499 45 29 be
1152 498 166 36 printed.
2079 508 43 24 &

551 564 45 24 &
620 560 76 30 The
719 569 135 22 reason
880 561 38 30 of
939 562 79 29 this
1040 563 32 28 is
1094 562 87 29 that
1202 562 66 29 the
1293 563 135 29 Italian
1453 565 125 29 actors
1602 565 106 30 learn
1734 567 162 35 nothing
1921 567 47 35 by
2002 565 122 33 heart,

552 624 72 28 and
649 624 97 35 that,
769 624 59 30 for
849 625 67 29 the
940 625 129 36 acting
1092 624 37 30 of
1152 633 20 21 a
1197 624 97 37 play,
1319 624 31 29 it
1373 626 31 28 is
1428 627 150 35 enough
1601 626 59 31 for
1682 628 105 29 them
1824 630 42 28 to
1904 629 93 29 have
2034 635 90 22 seen

550 686 68 29 the
642 687 148 35 subject
812 687 61 30 for
895 696 20 21 a
939 689 169 28 moment
1131 688 129 29 before
1284 689 115 35 going
1421 696 47 21 on
1493 690 66 28 the
1583 691 121 35 stage.
1722 692 40 28 In
1780 691 78 29 fact
1874 692 65 28 the
1957 692 170 35 greatest

553 750 139 36 beauty
715 750 38 29 of
774 750 104 29 their
900 751 124 35 pieces
1047 750 32 29 is
1102 750 239 35 inseparable
1364 750 97 29 from
1486 751 66 28 the
1570 752 140 36 action,
1727 753 64 28 the
1807 761 149 22 success
1973 754 38 29 of
2025 755 102 28 their

550 812 106 37 plays
681 812 213 37 depending
918 812 164 37 entirely
1107 821 100 27 upon
1230 814 65 28 the
1320 814 139 33 actors,
1482 814 85 29 who
1592 813 198 30 embellish
1814 816 105 28 them
1959 824 102 21 more
2086 825 42 20 or

552 875 74 30 less
649 877 203 34 according
874 884 39 21 as
936 875 92 37 they
1051 875 230 30 themselves
1298 884 146 26 possess
1463 884 104 22 more
1586 884 42 21 or
1644 875 73 30 less
1733 877 80 35 wit,
1830 878 72 27 and
1928 878 200 36 according

2249 571 153 31 Italian
2418 574 142 29 actots.

142 940 41 28 to
207 939 67 28 the
298 939 96 35 good
419 946 44 21 or
487 938 72 29 bad
584 938 187 29 situation
795 939 37 27 in
857 938 121 28 which
1002 938 91 36 they
1115 938 80 29 find
1220 938 229 30 themselves
1473 939 111 28 when
1609 939 140 35 acting.

217 1002 34 28 It
273 1002 33 29 is
329 1001 78 29 this
431 1001 189 36 necessity
644 999 38 29 of
705 1000 128 35 acting
858 1007 47 21 on
929 1000 66 28 the
1018 1007 94 28 spur
1135 999 37 30 of
1195 1000 66 29 the
1285 1002 172 28 moment
1479 1001 123 29 which
1628 1001 128 30 makes
1781 1002 31 28 it
1837 1009 40 21 so
1901 1000 166 32 difficult
2088 1005 41 27 to

151 1065 151 36 replace
325 1072 22 21 a
370 1065 96 35 good
490 1063 134 29 Italian
649 1064 106 27 actor
777 1061 110 30 when
913 1061 291 38 unfortunately
1228 1063 47 29 he
1298 1062 85 30 fails
1405 1071 88 30 you.
1516 1063 119 29 There
1660 1063 32 29 is
1715 1072 49 21 no
1788 1072 72 21 one
1884 1065 84 28 who
1992 1066 139 28 cannot

153 1127 106 30 learn
284 1128 47 36 by
355 1127 109 29 heart
487 1127 73 28 and
584 1126 119 29 recite
728 1132 100 28 upon
851 1125 66 28 the
942 1126 106 35 stage
1072 1125 85 29 that
1179 1126 122 29 which
1326 1126 47 29 he
1397 1126 66 29 has
1487 1127 169 35 learned,
1681 1127 69 28 but
1786 1127 218 35 something
2039 1134 91 30 very

151 1189 184 30 different
357 1190 31 28 is
412 1188 178 36 required
625 1189 39 27 in
687 1187 66 29 the
775 1186 137 30 Italian
936 1188 118 30 actor.
1080 1187 49 30 To
1153 1195 66 30 say
1242 1196 21 20 a
1287 1188 22 16 6i
1327 1189 94 34 good
1449 1187 132 30 Italian
1606 1189 106 28 actor
1778 1188 31 29 is
1833 1196 40 21 as
1898 1189 110 28 much
2032 1196 40 22 as
2088 1190 40 28 to

152 1261 65 28 say
240 1261 21 20 a
284 1259 85 21 man
394 1251 84 29 who
503 1250 66 29 has
593 1249 129 36 depth,
745 1249 83 29 who
852 1248 106 38 plays
996 1257 103 22 more
1137 1249 97 30 from
1273 1250 251 36 imagination
1561 1251 93 28 than
1692 1249 98 31 from
1829 1259 180 29 memory,
2046 1252 84 28 who

156 1322 206 29 composes,
388 1312 112 31 while
524 1312 142 36 acting,
690 1310 48 30 all
763 1312 87 28 that
873 1312 45 29 he
952 1319 86 29 says
1054 1319 10 22 :
1087 1313 84 28 who
1195 1313 159 28 seconds
1379 1313 71 28 and
1474 1314 177 34 supports
1680 1313 178 30 whoever
1879 1314 32 28 is
1935 1315 92 28 with
2053 1313 78 29 him

151 1386 47 21 on
219 1378 66 28 the
323 1378 121 34 stage,
480 1376 87 28 that
592 1374 32 29 is
659 1375 40 28 to
725 1381 79 30 say,
830 1373 68 30 fits
922 1374 58 30 his
997 1376 125 28 words
1138 1376 72 28 and
1229 1375 145 29 actions
1391 1383 41 21 so
1449 1374 184 38 perfectly
1648 1376 39 28 to
1703 1376 110 28 those
1831 1374 37 30 of
1886 1376 57 28 his
1961 1377 173 27 comrade

147 1441 87 28 that
258 1440 46 28 he
329 1437 186 38 instantly
537 1437 131 29 enters
705 1437 81 29 into
812 1436 49 29 all
885 1437 67 29 the
977 1437 127 36 acting
1127 1438 72 28 and
1225 1439 234 27 movements
1487 1438 122 28 which
1634 1439 66 27 the
1737 1439 111 28 other
1885 1438 175 35 iequlres
2098 1437 37 29 of

150 1503 75 28 him
249 1501 39 29 In
310 1501 93 29 such
428 1508 19 21 a
472 1507 159 22 manner
653 1507 41 21 as
715 1500 42 27 to
781 1499 110 28 make
915 1507 185 28 everyone
1125 1498 143 30 believe
1292 1500 98 33 that,
1419 1500 90 35 they
1533 1507 104 21 were
1667 1501 289 35 pre-arranged.

221 1564 34 29 It
279 1564 31 29 is
327 1564 47 36 by
398 1570 47 22 no
470 1569 129 23 means
623 1561 66 30 the
713 1569 103 21 same
840 1561 94 29 with
958 1569 47 21 an
1030 1562 108 28 actor
1159 1562 85 28 who
1267 1560 105 37 plays
1410 1560 141 38 merely
1574 1560 97 30 from
1710 1569 180 29 memory,
1928 1562 53 29 fie
2020 1569 115 22 never

160 1634 125 22 comes
308 1634 99 27 upon
431 1626 66 28 the
520 1627 108 33 stage
653 1626 69 28 but
744 1626 41 27 to
808 1625 119 28 recite
952 1632 40 21 as
1016 1623 152 37 quickly
1191 1631 41 22 as
1254 1623 166 37 possible
1443 1624 86 29 that
1563 1624 123 29 which
1712 1624 46 29 he
1792 1624 68 29 has
1894 1623 155 30 learned
2088 1625 47 36 by

163 1690 122 35 heart,
310 1689 71 28 and
404 1688 93 29 with
522 1687 122 30 which
680 1688 45 28 he
760 1687 31 29 is
825 1694 40 22 so
899 1686 110 29 much
1045 1686 177 36 occupied
1257 1686 100 36 that,
1381 1687 166 28 without
1584 1687 138 36 paying
1766 1687 194 29 attention
1995 1687 40 28 to
2071 1687 65 28 the

156 1752 235 29 movements
414 1751 73 29 and
511 1752 175 34 gestures
711 1748 37 30 of
772 1749 58 29 his
853 1748 158 35 fellows,
1036 1748 44 29 he
1105 1748 138 37 always
1267 1756 89 28 goes
1380 1748 59 30 his
1462 1756 83 21 own
1583 1757 96 28 way,
1717 1749 38 28 in
1783 1757 20 20 a
1840 1748 147 30 furious
2019 1750 116 35 hurry

153 1814 42 28 to
257 1813 144 29 deliver
444 1811 153 30 himself
640 1810 38 31 of
721 1811 58 29 his
823 1810 80 30 role
954 1818 39 21 as
1041 1809 28 30 if
1108 1811 31 28 it
1174 1818 100 21 were
1322 1818 21 21 a
1386 1811 145 28 burden
1576 1810 121 30 which
1734 1809 164 37 fatigues
1947 1811 75 28 him
2071 1812 64 27 too

155 1876 125 29 much.
308 1876 78 29 One
417 1883 85 27 may
525 1882 66 29 say
619 1874 87 29 that
729 1874 90 28 such
855 1874 126 27 actors
1004 1880 65 21 are
1094 1871 74 30 like
1202 1872 169 29 scholars
1393 1872 84 29 who
1512 1880 117 28 come,
1663 1872 221 36 trembling,
1907 1874 39 27 to
1971 1872 118 29 recite
2115 1881 20 20 a

161 1938 126 29 lesson
311 1937 122 30 which
458 1937 92 36 they
575 1936 94 29 have
694 1934 184 37 carefully
901 1935 168 33 conned;
1104 1942 42 20 or
1179 1934 145 36 rather,
1361 1934 90 36 they
1488 1941 64 22 are
1592 1934 75 29 like
1703 1934 148 35 echoes,
1890 1935 85 28 who
2010 1934 124 29 would

155 2008 116 22 never
307 1999 117 36 speak
457 1999 30 29 if
521 1999 131 29 others
687 1999 71 28 had
794 1999 69 28 not
896 1996 143 37 spoken
1075 1995 129 31 before
1245 1997 118 29 them.
1407 1996 103 37 They
1544 2004 64 21 are
1647 1997 124 29 actors
1809 1997 38 28 in
1897 2004 122 29 name,
2067 1997 68 28 but

156 2063 155 34 useless,
334 2063 73 28 and
431 2070 21 21 a
477 2062 144 29 burden
645 2062 41 27 to
710 2058 102 31 their
836 2067 192 29 company.
1053 2060 13 27 I
1091 2067 174 28 compare
1299 2066 47 22 an
1378 2060 105 28 actor
1512 2058 37 30 of
1585 2059 77 29 this
1686 2058 90 30 kind
1814 2060 39 28 to
1891 2067 20 21 a
1948 2058 187 36 paralised

155 2133 94 26 arm,
273 2124 136 36 which,
434 2124 186 35 however,
645 2122 154 35 useless,
824 2121 138 36 always
987 2122 107 28 bears
1119 2122 66 28 the
1209 2129 109 21 name
1342 2120 38 30 of
1403 2129 47 21 an
1475 2129 92 21 arm.
1593 2120 76 30 The
1686 2121 90 36 only
1792 2120 205 30 difference
2013 2121 123 29 which

158 2188 11 27 I
193 2187 80 29 find
299 2187 172 29 between
493 2187 67 28 the
584 2186 94 29 dead
702 2192 80 21 arm
807 2185 71 28 and
901 2184 68 28 the
993 2182 145 31 useless
1162 2184 169 28 member
1353 2182 39 30 of
1414 2183 66 30 the
1505 2183 154 37 comedy
1682 2183 32 29 is
1738 2183 97 35 that,
1860 2182 29 29 if
1911 2183 65 28 the
1993 2182 143 29 former

158 2250 44 29 be
226 2249 38 30 of
288 2257 48 22 no
360 2248 146 30 service
530 2249 41 28 to
591 2248 70 29 the
686 2248 97 35 body
806 2246 32 29 it
861 2247 31 28 is
915 2246 152 36 equally
1091 2246 145 29 certain
1259 2246 88 28 that
1381 2246 32 28 it
1447 2246 88 29 does
1573 2247 68 27 not
1674 2245 151 30 receive
1860 2244 97 30 from
1996 2246 31 26 it
2062 2253 73 27 any

156 2312 278 33 nourishment,
457 2310 79 30 this
552 2310 115 35 being
691 2309 149 29 divided
866 2316 136 28 among
1024 2309 67 28 the
1115 2309 185 28 members
1325 2308 121 28 which
1470 2307 98 29 fulfil
1591 2307 103 29 their
1717 2308 104 36 dutyi
1847 2309 68 27 but
1938 2307 65 29 the
2020 2306 116 30 latter

156 2373 199 37 (although
379 2374 106 35 quite
510 2371 144 30 useless
676 2373 41 27 to
739 2371 67 28 the
828 2370 181 37 theatre),
1033 2371 88 28 does
1146 2371 67 28 not
1235 2368 66 31 fail
1325 2371 39 28 to
1382 2369 146 30 receive
1546 2377 39 22 as
1602 2369 112 30 much
1733 2369 266 29 nourishment
2015 2376 39 21 as
2070 2369 65 28 the

161 2437 126 28 actors
310 2436 84 29 who
418 2434 108 30 work
550 2441 102 22 more
676 2434 72 28 and
772 2441 63 21 are
861 2440 103 22 more
989 2440 211 28 necessary.
1579 2437 44 24 j&

224 2497 33 30 It
280 2505 85 29 may
389 2498 44 28 be
456 2496 81 30 said
571 2496 92 28 then
688 2496 38 28 in
750 2495 138 35 regard
911 2495 41 28 to
975 2495 67 28 the
1067 2493 144 30 useless
1234 2494 126 28 actors
1383 2491 39 30 of
1444 2493 122 29 whom
1592 2493 137 28 almost
1753 2493 48 28 all
1826 2493 214 34 companies
2072 2500 63 20 are

156 2559 84 37 full,
283 2560 88 29 that
394 2559 91 37 they
509 2566 64 21 are
597 2557 131 37 people
753 2557 165 30 without
941 2556 64 29 life
1028 2556 73 29 and
1127 2556 166 29 without
1315 2557 73 33 art,
1411 2556 122 27 whom
1559 2563 20 20 a
1603 2556 210 34 capricious
1849 2556 207 34 patronage
2094 2562 42 21 or

155 2630 48 22 an
227 2622 290 36 extraordinary
547 2622 94 35 good
666 2620 87 30 luck
778 2620 64 29 has
866 2619 122 29 raised
1012 2620 39 28 to
1075 2619 103 29 their
1209 2618 180 35 position,
1425 2618 72 28 and
1535 2618 84 28 who
1657 2616 222 30 henceforth
1918 2625 48 21 no
2004 2616 132 36 longer

155 2686 135 35 regard
315 2685 66 29 the
404 2684 152 29 theatre
581 2684 68 28 but
671 2681 98 31 from
793 2682 66 29 the
882 2681 181 29 financial
1086 2681 81 28 side
1190 2681 74 28 and
1290 2681 70 28 not
1383 2679 98 30 from
1505 2680 66 29 the
1595 2680 108 35 point
1727 2679 36 29 of
1779 2680 96 29 view
1892 2677 38 31 of
1946 2679 66 28 the
2028 2678 108 30 work

153 2748 32 28 it
209 2747 203 33 demands;
436 2745 140 37 always
600 2745 171 35 drawing
793 2752 21 21 a
838 2742 101 30 clear
964 2743 237 35 distinction,
1226 2743 189 35 however,
1450 2742 173 29 between
1647 2742 107 28 these
1787 2742 127 28 actors
1952 2742 37 28 in
2028 2748 107 22 name

156 2811 73 28 and
252 2810 111 29 those
386 2807 79 30 real
490 2809 140 34 actors,
654 2807 97 36 who,
775 2806 146 37 though
945 2806 90 37 they
1059 2806 134 28 indeed
1219 2804 104 30 learn
1349 2805 47 36 by
1420 2805 121 34 heart,
1564 2806 77 35 yet,
1665 2803 101 29 after
1787 2804 67 28 the
1893 2803 168 36 example
2100 2801 38 30 of

158 2871 192 31 excellent
371 2872 186 36 painters,
580 2870 111 29 know
718 2870 82 28 how
822 2870 41 28 to
887 2868 90 30 seek
999 2869 62 28 art
1082 2869 93 28 with
1201 2869 72 33 art,
1298 2868 71 28 and
1394 2867 85 29 who
1504 2867 128 29 charm
1659 2867 65 28 the
1741 2867 214 35 spectators
1972 2867 48 35 by
2035 2865 102 29 their

159 2936 139 35 beauty
322 2933 37 30 of
380 2935 119 34 voice,
524 2933 109 29 truth
657 2931 37 30 of
718 2932 167 36 gesture,
908 2930 148 37 perfect
1078 2929 204 37 flexibility
1316 2929 38 30 of
1388 2937 171 27 manner,
1597 2930 72 27 and
1707 2937 21 20 a
1766 2928 146 29 certain
1949 2927 187 36 gracious,

156 3004 88 30 easy
266 2997 73 29 and
364 2995 152 30 natural
541 2996 56 28 air
613 2994 93 30 with
722 2994 123 29 which
863 2993 91 36 they
971 2999 228 30 accompany
1215 2990 48 30 all
1281 2991 105 29 their
1404 2992 240 29 movements
1661 2992 73 28 and
1752 2990 122 29 which
1891 2990 92 36 they
1999 2990 140 34 impart

158 3060 42 29 to
224 3058 49 30 all
296 3059 93 36 they
413 3060 118 28 utter.

226 3122 73 29 But
323 3122 12 28 I
360 3129 59 21 am
442 3120 223 36 wandering
687 3118 60 30 far
769 3117 99 30 from
894 3126 61 28 my
977 3117 150 36 subject
1237 3121 44 24 <£?

159 3190 45 24 jg?
227 3184 76 29 The
327 3184 177 36 question
529 3190 55 21 we
610 3189 65 22 are
699 3182 92 29 here
816 3181 209 29 concerned
1050 3179 94 30 with
1170 3178 32 29 is
1226 3179 68 28 not
1316 3178 67 29 the
1409 3178 94 35 good
1529 3177 178 36 qualities
1731 3177 121 29 which
1877 3185 19 20 a
1921 3177 94 34 good
2034 3177 105 27 actor

158 3246 136 29 should
318 3254 162 28 possess,
506 3246 69 28 but
597 3245 67 29 the
689 3243 145 30 French
859 3250 129 22 scenes
1012 3242 123 29 which
1160 3241 96 29 have
1280 3241 92 28 been
1397 3241 108 28 acted
1531 3248 47 21 on
1602 3241 65 28 the
1691 3239 134 29 Italian
1851 3240 119 34 stage.

158 3314 46 25 &
227 3309 119 29 These
369 3316 131 22 scenes
524 3316 65 21 are
612 3307 66 30 the
701 3305 107 31 work
832 3305 38 30 of
892 3313 113 29 many
1028 3311 158 29 persons
1211 3302 37 29 of
1270 3303 68 28 wit
1361 3304 72 27 and
1458 3302 137 35 talent,
1619 3302 199 36 composed
1842 3300 60 30 for
1936 3302 65 28 the
2036 3302 100 28 most

158 3373 87 35 part
268 3372 38 28 in
330 3372 102 29 their
455 3371 117 29 hours
597 3368 38 31 of
657 3368 216 31 recreation
898 3368 72 29 and
995 3368 48 35 by
1066 3373 103 23 some
1193 3366 111 35 given
1327 3366 120 35 gratis
1470 3366 41 28 to
1547 3365 67 29 the
1648 3371 195 29 company.
1884 3363 100 36 They
2021 3371 115 26 were,

159 3442 39 21 as
229 3434 32 30 it
285 3441 114 27 were,
430 3433 224 30 introduced
678 3432 83 29 Into
786 3438 71 22 our
879 3430 150 36 subject
1052 3429 154 29 matter.
1231 3426 58 31 All
1313 3427 106 30 Paris
1441 3428 169 29 admired
1644 3427 105 29 them
1787 3427 109 28 when
1933 3433 57 22 we
2028 3426 107 28 acted

1096 3468 3 10 i

157 3496 120 36 them,
301 3497 72 28 and
398 3495 48 31 all
472 3495 106 30 Paris
600 3495 149 35 regrets
772 3493 106 29 them
903 3500 84 21 now
1004 3492 88 29 that
1113 3492 93 34 they
1228 3497 65 22 are
1317 3490 107 28 acted
1449 3497 49 22 no
1522 3489 144 36 longer.

227 3558 76 29 The
327 3557 220 32 favourable
570 3557 178 30 welcome
772 3555 122 30 which
907 3555 66 29 the
986 3552 126 38 public
1135 3560 93 29 gave
1250 3552 41 28 to
1313 3552 67 29 the
1402 3551 90 30 first
1513 3551 150 31 volume
1687 3550 37 30 of
1745 3551 106 29 them
1875 3550 121 29 which
2015 3551 11 27 I
2042 3551 72 34 pub-

153 3620 121 30 lished
308 3620 39 30 in
370 3620 84 36 1694
488 3619 146 31 excited
671 3619 66 29 the
776 3625 98 28 envy
908 3616 37 30 of
977 3622 104 24 some
1119 3612 38 31 of
1190 3622 61 28 my
1289 3613 207 36 comrades,
1543 3613 84 29 who
1665 3612 245 36 represented
1948 3612 86 29 that
2074 3612 65 29 the

2193 1015 335 38 Improvisation.

2198 1569 44 23 jZ?
2259 1561 231 30 Recitation
2515 1561 51 37 by

2199 1622 95 32 rote.
2395 1630 44 24 A?
2523 1630 43 23 a&

2199 2770 45 24 &
2261 2763 30 29 A
2317 2762 250 33 distinction.

2259 3250 258 30 Publication
2531 3251 41 28 ot

2201 3301 74 31 the
2275 3301 148 31 French
2433 3309 139 22 scenes
