2725 4092
2057 253 92 51 149

1157 1133 650 76 FRACASS

171 1239 97 79 by
361 1237 102 63 Dr
549 1237 331 63 Michele
966 1237 399 63 Scherillo.

2212 1371 187 30 Gautiers
2415 1372 25 30 i'
2456 1371 96 39 Capi-

2214 1434 67 29 tan
2321 1433 212 31 Fracassa.

167 1372 130 63 Qnce
323 1379 98 28 upon
447 1379 21 20 a
491 1371 92 28 time
607 1371 109 29 there
741 1370 114 29 dwelt
876 1371 39 28 in
939 1371 170 36 Gascony
1132 1379 20 21 a
1176 1371 180 35 phantom
1381 1371 37 29 of
1434 1380 20 20 a
1482 1372 121 29 Baron
1637 1373 127 29 whose
1795 1372 64 31 life
1876 1381 76 22 was
1969 1376 111 33 spent
2106 1376 38 28 in

193 1437 10 6 *
229 1437 22 15 44
277 1433 301 37 contemplating
602 1433 57 29 his
684 1433 239 29 moth-eaten
948 1432 265 30 coat-of=arms
1235 1433 122 30 which
1383 1433 217 30 mouldered
1625 1442 104 30 away
1763 1435 71 37 day
1871 1436 47 36 by
1955 1436 82 37 day,
2072 1437 72 29 and

165 1499 22 16 44
212 1499 39 28 in
276 1498 182 35 awaiting
480 1496 68 30 the
581 1496 95 29 time
713 1495 111 30 when
861 1496 56 29 his
952 1495 216 37 crumbling
1207 1495 119 31 castle
1364 1496 133 30 should
1536 1498 94 28 have
1664 1497 164 30 finished
1865 1498 132 37 falling
2030 1500 117 29 about

164 1561 22 17 44
216 1560 55 30 his
296 1567 84 22 ears
404 1560 72 28 and
501 1559 94 29 have
619 1558 134 29 buried
779 1559 75 28 him
882 1558 163 29 beneath
1069 1559 67 28 the
1160 1559 134 29 ruined
1321 1560 198 35 greatness
1544 1558 37 30 of
1605 1560 57 29 his
1686 1560 130 30 house.

164 1629 44 25 £/
233 1625 23 15 44
282 1623 78 30 One
384 1621 87 30 wild
496 1621 111 37 night
629 1621 110 29 there
765 1621 194 35 happened
984 1621 40 29 to
1049 1621 124 28 arrive
1197 1621 39 28 at
1258 1621 109 29 these
1392 1622 107 29 ruins
1515 1630 21 21 a
1553 1630 183 30 company
1752 1622 37 30 of
1804 1623 179 37 strolling
1998 1623 149 39 players

163 1687 22 16 44
211 1685 84 29 who
319 1684 140 36 sought
482 1684 145 29 shelter
649 1683 97 30 from
771 1684 65 29 the
859 1685 120 28 storm
1005 1684 88 36 and,
1127 1691 138 29 among
1296 1684 121 36 them,
1454 1693 76 21 was
1565 1693 84 29 one,
1688 1686 157 30 Isabella
1879 1687 66 29 the
1969 1688 178 36 ingenue,

162 1750 22 16 44
214 1748 97 36 who,
338 1748 46 35 by
409 1747 68 29 her
501 1747 150 29 modest
673 1746 72 29 and
769 1745 148 31 serious
942 1746 274 36 countenance,
1240 1746 249 30 reawakened
1514 1747 66 29 the
1605 1747 82 30 soul
1713 1748 39 29 in
1792 1748 77 31 this
1907 1750 112 35 ghost
2053 1749 36 30 of
2126 1758 21 22 a

165 1811 23 17 44
215 1811 136 29 Baron.
2100 1820 44 24 &

249 1872 71 31 For
359 1872 83 31 love
478 1872 38 30 of
555 1873 81 34 her,
675 1872 45 29 he
759 1871 154 30 forsook
950 1872 86 28 that
1074 1872 72 28 den
1184 1871 37 29 of
1244 1873 80 28 rats
1360 1873 72 28 and
1457 1873 84 29 bats
1565 1873 190 37 disguised
1780 1875 38 28 in
1852 1875 66 29 the
1952 1879 197 28 worn-out

164 1936 23 16 44
213 1936 145 29 clothes
383 1934 38 30 of
445 1943 20 21 a
492 1934 207 38 provincial
724 1936 120 28 actor.
869 1935 51 28 He
943 1933 92 29 took
1057 1934 65 28 the
1145 1934 106 35 stage
1276 1941 109 22 name
1410 1933 37 29 of
1470 1935 21 16 44
1508 1934 157 37 Capitan
1691 1934 176 32 Fracassa
1936 1938 72 29 and
2039 1937 104 32 filled

162 1999 22 16 44
210 1999 67 29 the
301 1998 106 37 place
432 1999 71 28 and
529 1999 64 28 the
618 1999 85 34 part
727 1996 38 31 of
786 1998 66 29 the
877 1998 92 29 dead
994 1997 245 29 Matamoros.
1416 2003 44 24 &
1758 2005 44 24 &
1929 2006 45 24 &
2100 2007 43 25 &

167 2066 44 24 &
233 2061 98 29 Such
357 2062 30 28 is
411 2061 65 29 the
501 2061 106 37 story
631 2060 122 30 which
777 2059 204 36 Theophile
1006 2060 156 28 Gautier
1185 2058 139 31 relates
1349 2058 38 30 of
1409 2060 155 36 Capitan
1591 2060 176 31 Fracassa
1801 2062 38 29 in
1864 2062 57 30 his
1960 2065 109 28 novel
2108 2064 38 29 of

160 2125 87 29 that
272 2132 122 26 name,
418 2124 167 29 wherein
612 2123 172 36 he.gives
809 2130 47 21 an
882 2121 137 31 almost
1042 2121 144 36 perfect
1209 2122 83 28 idea
1315 2120 38 30 of
1375 2122 67 29 the
1467 2123 172 29 nomadic
1662 2122 64 30 life
1751 2122 37 30 of
1802 2124 110 30 those
1929 2127 214 34 companies

161 2187 37 30 of
221 2189 124 29 actors
370 2187 136 36 which,
531 2188 36 27 in
592 2187 66 29 the
682 2185 193 31 sixteenth
901 2186 72 28 and
997 2185 250 29 seventeenth
1272 2185 205 34 centuries,
1500 2186 202 28 wandered
1737 2187 119 29 about
1889 2188 164 30 beneath
2076 2188 67 30 the

166 2251 153 35 awning
344 2249 37 30 of
405 2259 20 20 a
447 2258 132 28 wagon
605 2250 128 28 drawn
759 2250 46 35 by
829 2256 109 21 oxen.

161 2320 44 24 &
230 2314 118 29 These
372 2312 215 35 companies
610 2319 100 21 were
734 2310 59 30 for
816 2311 64 29 the
906 2311 101 28 main
1030 2311 87 36 part
1141 2311 105 29 made
1272 2318 47 28 up
1338 2310 36 30 of
1392 2310 132 30 Italian
1541 2312 228 35 vagabonds,
1787 2312 166 30 without
1968 2316 174 36 country,

161 2377 166 29 without
356 2383 122 29 name,
503 2374 179 35 rejected,
706 2375 148 34 cursed,
878 2375 71 27 and
976 2381 93 21 even
1108 2372 150 30 refused
1296 2375 47 34 by
1380 2374 65 28 the
1484 2374 148 30 Church
1671 2375 123 29 burial
1818 2376 37 28 in
1879 2376 66 30 the
1970 2385 170 23 common

162 2438 240 35 cemetaries,
437 2438 68 28 but
531 2437 99 34 who,
661 2444 97 21 none
789 2436 67 29 the
887 2435 87 37 less,
1006 2437 121 27 under
1156 2436 102 29 their
1286 2443 99 29 rags,
1414 2437 65 35 yet
1510 2437 89 28 bore
1630 2437 156 30 witness
1820 2438 86 29 that
1944 2439 93 36 Italy
2067 2448 75 22 was

163 2503 70 28 not
275 2502 106 28 dead.

165 2569 44 25 &
235 2565 10 27 I
271 2565 46 27 do
342 2565 67 27 not
432 2563 160 35 pretend
618 2563 39 28 to
682 2561 109 29 make
816 2569 47 28 up
888 2569 20 21 a
931 2561 106 36 story
1074 2562 37 27 in
1151 2568 60 29 my
1245 2562 105 33 turn;
1385 2562 69 28 but
1486 2561 132 29 rather
1641 2562 40 29 to
1717 2563 104 29 trace
1845 2563 67 30 the
1946 2565 194 30 historical

165 2626 146 30 outline
336 2625 37 30 of
397 2626 64 28 the
485 2626 23 16 44
535 2625 182 35 Capitano
789 2625 90 35 type
903 2624 36 28 in
964 2623 66 29 the
1054 2623 160 36 popular
1237 2623 134 29 Italian
1409 2625 167 35 comedy,
1598 2623 97 30 from
1733 2625 66 29 the
1837 2625 155 30 earliest
2027 2628 113 29 times

167 2689 109 30 when
302 2689 46 28 he
373 2688 107 29 made
505 2688 57 28 his
586 2695 233 27 appearance
844 2694 47 22 on
916 2686 65 30 the
1005 2687 106 34 stage
1136 2685 98 29 until
1258 2685 110 35 later,
1392 2686 109 29 when
1526 2686 45 29 he
1594 2686 154 30 forsook
1785 2689 31 27 it
1831 2689 40 28 to
1895 2696 182 28 reappear
2100 2690 38 29 in

163 2760 21 20 a
207 2750 183 30 different
412 2752 184 28 costume.

163 2819 45 24 &
233 2813 76 30 The
333 2813 157 35 Captain
515 2812 32 29 is
586 2820 71 21 one
696 2811 37 30 of
769 2812 66 29 the
873 2811 89 30 first
999 2813 109 35 types
1145 2811 122 29 which
1304 2812 65 29 the
1408 2811 133 30 Italian
1579 2813 214 30 Commedia
1830 2814 85 30 dell'
1929 2814 92 30 Arte
2054 2823 65 28 pre-

164 2877 105 28 sents
292 2877 40 28 to
358 2883 56 21 us.

245 2940 52 28 He
322 2938 30 30 is
376 2938 65 29 the
468 2937 213 29 caricature
706 2935 37 31 of
764 2938 66 28 the
854 2937 279 36 vain-glorious
1155 2938 160 34 Spanish
1340 2936 153 30 soldier.
1517 2937 49 30 To
1592 2938 91 29 hear
1706 2939 75 28 him
1807 2938 80 30 talk
1910 2947 70 21 one
2013 2940 123 30 would

164 3001 113 29 think
298 3001 88 28 that
409 3001 46 28 he
480 3000 149 29 wanted
653 3000 41 27 to
717 2998 165 30 swallow
904 3000 65 29 the
993 3000 122 29 whole
1138 2999 117 30 world
1280 2999 91 29 with
1395 3001 50 28 its
1468 3001 295 36 accompanying
1786 3001 199 36 satellites,
2019 3003 69 28 but
2110 3003 29 29 if

165 3063 36 29 in
226 3063 66 29 the
317 3063 116 29 midst
457 3061 37 30 of
518 3062 59 29 his
600 3062 197 35 boastings
820 3062 46 28 he
891 3062 110 29 hears
1025 3070 21 21 a
1068 3070 77 28 cry,
1169 3070 21 20 a
1213 3061 121 30 rustle
1359 3062 36 28 of
1418 3062 137 35 leaves,
1579 3063 45 29 he
1653 3064 103 34 stops
1779 3064 120 35 short,
1924 3065 212 37 stammers,

162 3125 183 29 trembles
369 3126 72 28 and
466 3124 111 30 takes
600 3126 40 28 to
665 3124 58 29 his
748 3123 114 30 heels.
888 3125 52 29 He
965 3124 67 30 has
1054 3124 66 29 the
1143 3124 124 36 figure
1304 3123 37 30 of
1378 3132 103 22 some
1504 3127 203 35 grotesque
1745 3128 188 33 creature,
1972 3128 68 36 dry
2063 3129 72 28 and

164 3188 162 36 parched
342 3196 9 26 ;
374 3189 31 28 is
428 3188 177 36 wrapped
631 3187 37 29 in
694 3195 20 20 a
737 3187 227 29 threadbare
990 3186 107 30 cloak
1120 3187 72 28 and
1217 3187 79 33 has,
1319 3185 171 32 fastened
1516 3189 39 27 at
1578 3187 59 30 his
1670 3188 94 36 side,
1797 3197 21 20 a
1841 3190 122 28 sword
1989 3191 145 28 around

161 3251 67 28 the
251 3251 135 29 sheath
411 3250 38 29 of
471 3250 123 29 which
618 3258 22 21 a
663 3250 126 34 spider
812 3250 67 28 has
903 3257 95 28 spun
1022 3250 51 28 its
1095 3250 95 28 web.
1216 3250 52 27 He
1291 3257 120 21 wears
1435 3251 37 27 in
1498 3250 57 29 his
1580 3250 66 29 hat
1668 3259 21 20 a
1712 3250 88 37 long
1822 3251 167 36 straight
2012 3253 99 28 moth-

162 3316 110 27 eaten
296 3313 175 34 feather;
495 3312 93 29 with
613 3312 65 29 the
702 3311 144 37 fingers
871 3311 37 29 of
931 3312 57 28 his
1013 3311 69 30 left
1105 3311 97 29 hand
1228 3311 45 28 he
1310 3312 125 28 twists
1469 3320 21 20 a
1527 3313 83 35 pair
1646 3312 38 29 of
1720 3312 89 37 long
1845 3314 72 28 and
1956 3314 179 37 bristling

162 3377 238 28 moustaches
423 3375 114 29 while
561 3375 46 29 he
631 3374 79 37 lays
736 3375 57 29 his
819 3375 105 35 right
948 3374 183 37 solemnly
1155 3382 99 28 upon
1278 3374 64 28 the
1367 3373 72 30 hilt
1461 3374 37 29 of
1522 3375 57 29 his
1602 3376 136 29 sword.
1764 3377 51 27 He
1839 3376 115 37 styles
1985 3377 151 29 himself

160 3446 67 21 son
252 3438 37 29 of
322 3438 64 29 the
412 3436 241 37 Earthquake
678 3438 72 27 and
774 3437 66 28 the
866 3437 216 35 Lightning,
1108 3438 129 27 cousin
1261 3435 38 30 of
1322 3437 118 28 Death
1467 3438 71 27 and
1564 3438 174 28 intimate
1762 3437 123 30 friend
1924 3438 37 29 of
1985 3438 128 31 Beelze-

161 3501 73 29 bub
249 3507 9 23 :
283 3502 46 28 he
353 3500 31 30 is
407 3500 146 30 valiant
574 3500 151 35 enough
749 3501 40 27 to
814 3498 96 30 offer
932 3501 40 27 to
996 3501 124 34 pierce
1145 3507 20 21 a
1189 3499 196 29 mountain
1410 3500 91 28 with
1526 3500 57 29 his
1617 3501 121 28 sword
1774 3501 72 28 and
1884 3502 39 28 to
1948 3501 86 29 hurl
2067 3502 66 29 the

160 3571 111 21 moon
295 3565 151 34 against
469 3564 65 28 the
558 3571 84 27 sun,
669 3563 72 28 and
766 3562 59 30 his
849 3570 235 28 appearance
1108 3563 30 28 is
1162 3570 41 21 so
1228 3562 204 29 attractive
1457 3562 85 29 that
1565 3563 31 28 it
1618 3561 203 31 fascinates
1839 3563 48 29 all
1902 3564 67 29 the
1985 3572 145 21 women

160 3626 120 29 whom
306 3625 45 30 he
378 3627 130 28 meets.

158 3693 44 25 &
226 3688 23 15 44
273 3688 234 36 Superposed
532 3697 40 21 as
595 3689 32 29 it
648 3695 100 23 were
773 3695 46 22 on
844 3688 40 29 to
906 3687 66 30 the
996 3686 134 32 Italian
1154 3687 167 37 comedy,
1392 3687 129 29 writes
1545 3688 148 29 Vernon
1719 3688 82 37 Lee,
1823 3687 26 18 14
1870 3696 77 22 was
1961 3688 66 30 the
2042 3689 89 36 type

2202 2818 44 24 &
2303 2811 81 32 The
2410 2814 95 37 type
2528 2814 46 30 of

2202 2876 22 15 44
2241 2873 82 32 The
2347 2874 174 40 Captain

157 3801 29 31 (I)
205 3801 42 23 See
264 3800 54 25 also
336 3806 71 23 pages
425 3799 63 25 147-8
