3434 4389
1667 159 100 50 100

191 313 246 66 irgendwie
464 329 52 30 zu
545 312 264 51 erwärmen,
847 303 96 51 sind
986 305 81 47 wir
1108 303 122 50 nicht
1261 302 59 46 iin
1358 298 179 50 Stande.
1585 298 96 46 Der

191 398 115 40 erste
333 391 98 46 Satz
460 386 111 48 wird
599 386 57 46 im
685 382 311 66 Allgemeinen
1034 382 76 46 für
1147 379 84 47 den
1265 377 153 48 besten
1448 374 231 65 gehalten;

190 466 97 47 dass
309 465 77 47 das
408 463 170 46 Thema
596 458 227 48 desselben
841 475 48 30 so
906 452 386 52 charakteristisch
1316 452 67 54 ist,
1408 467 73 29 um
1507 448 174 47 Thema

190 541 123 47 einer
339 537 195 49 Sinfonie
562 552 51 29 zu
643 534 108 56 sein,
793 533 137 47 schon
960 532 91 47 dies
1081 531 177 47 können
1287 527 82 47 wir
1399 525 120 47 nicht
1546 539 106 47 zuge-

188 616 101 47 ben.
318 614 84 46 Ein
426 612 171 46 Thema
621 609 117 49 kann
762 626 110 47 ganz
897 608 104 46 kurz
1030 606 108 54 sein,
1167 621 46 30 es
1242 603 116 47 kann
1382 600 89 47 und
1502 600 77 46 soll
1609 614 47 32 so-

188 707 82 47 gar
298 689 41 47 in
367 688 232 47 einfachen
628 683 454 51 Ton-Verhältnissen
1113 679 217 52 beruhen,
1371 677 110 48 aber
1509 692 45 30 es
1583 674 104 48 darf

186 764 114 49 auch
323 764 121 47 nicht
466 762 219 64 geradezu
713 757 311 66 nichtssagend
1046 757 108 54 sein,
1183 753 91 49 und
1302 753 78 48 das
1408 750 170 50 scheint
1598 767 81 30 uns

187 839 97 50 hier
312 839 78 47 der
417 839 110 47 Fall.
576 835 100 49 Und
704 834 112 48 wird
845 851 46 30 es
920 842 115 39 etwa
1063 848 49 31 so
1142 829 216 48 kunstvoll
1397 825 284 56 verarbeitet,

187 915 99 49 dass
314 931 45 31 es
388 912 198 48 dadurch
615 910 267 63 Bedeutung
925 906 245 67 gewänne?
1225 904 129 48 Auch
1392 903 93 47 dies
1523 900 158 48 würde

185 992 90 47 sich
304 990 174 47 schwer
503 988 153 63 zeigen
687 988 155 45 lassen.
886 983 218 49 Dennoch
1146 981 55 47 ist
1236 980 81 47 der
1345 987 115 40 erste
1490 979 100 46 Satz
1620 976 58 47 im

183 1065 240 49 Einzelnen
451 1063 121 47 nicht
600 1063 339 53 uninteressant,
978 1075 49 31 er
1066 1059 75 47 hat
1179 1053 270 52 namentlich
1479 1053 68 48 ein
1579 1068 75 32 aus-

185 1139 297 49 drucksvolles
512 1138 181 48 Colorit.
746 1136 85 47 Die
879 1143 137 57 guten
1057 1134 149 47 Seiten
1254 1130 80 48 der
1376 1127 303 65 Composition

181 1216 208 49 scheinen
418 1232 81 30 uns
529 1214 109 48 aber
667 1213 198 64 weniger
892 1213 41 45 in
964 1211 99 47 dem
1095 1207 248 50 Gedanken
1372 1205 91 48 und
1491 1205 80 47 der
1592 1206 58 46 Ge-

183 1290 535 64 danken-Entwicklung,
738 1290 62 47 als
823 1289 41 45 in
882 1286 100 48 dem
1009 1286 212 47 mitunter
1244 1284 124 47 recht
1388 1280 261 66 geschmack-

181 1369 84 47 voll
295 1365 331 66 angebrachten
644 1364 206 48 Beiwerk
872 1380 52 29 zu
949 1362 158 63 liegen.
1134 1362 97 46 Der
1261 1357 261 65 Componist
1551 1356 127 47 weiss

183 1444 79 47 mit
290 1444 142 47 einem
463 1441 213 65 gewissen
706 1437 298 51 äusserlichen
1034 1435 234 57 Geschick,
1311 1435 84 47 wie
1433 1450 46 32 es
1518 1432 46 49 in
1598 1432 80 47 der

183 1519 148 48 Musik
360 1520 254 53 Virtuosen,
643 1516 42 47 in
714 1516 81 47 der
822 1515 229 47 Literatur
1072 1510 365 51 Feuilletonisten
1468 1508 209 56 besitzen,

183 1594 139 48 durch
350 1591 279 67 Figurirung
658 1591 88 47 und
776 1588 407 64 Instrumentirung
1209 1604 52 29 zu
1292 1586 193 55 wirken;
1524 1600 46 32 es
1601 1600 51 47 ge-

181 1670 170 47 schieht
390 1670 104 47 alles
536 1667 240 65 Mögliche,
820 1682 73 32 um
936 1665 85 48 den
1058 1661 289 67 Gegenstand
1387 1660 142 48 durch
1580 1660 97 47 eine

179 1745 251 49 blendende
452 1750 178 43 äussere
653 1745 290 62 Darstellung
971 1742 405 61 herauszuputzen,
1404 1736 169 49 suchen
1595 1736 84 47 wir

179 1821 111 48 aber
328 1821 130 48 einen
494 1820 235 64 eigentlich
766 1818 276 65 gediegenen
1070 1816 147 48 Inhalt
1246 1815 90 47 und
1366 1815 96 47 eine
1491 1812 160 65 sachge-

178 1902 141 43 mässe
347 1896 213 65 objective
581 1896 334 63 Entwicklung,
943 1911 48 31 so
1019 1893 115 64 zeigt
1161 1891 92 49 sich
1284 1907 79 31 uns
1394 1889 78 47 der
1495 1888 179 65 Mangel

181 1972 255 48 kernhafter
459 1971 327 48 Innerlichkeit.
835 1971 128 47 Noch
1002 1968 220 64 dürftiger
1251 1966 110 47 wird
1391 1966 70 47 die
1490 1963 159 48 melodi-

178 2049 103 47 sche
304 2047 253 65 Erfindung
585 2048 43 46 in
657 2046 84 48 den
773 2046 236 64 folgenden
1039 2046 173 53 Sätzen,
1254 2042 66 48 bis
1358 2041 119 49 dann
1519 2041 158 47 zuletzt

181 2126 80 47 der
290 2124 260 64 Componist
577 2124 102 47 hart
712 2140 55 30 an
809 2122 70 48 die
910 2123 171 47 Glänze
1108 2119 156 56 streift,
1307 2136 70 30 wo
1408 2118 78 47 das
1517 2116 162 49 Gebiet

179 2201 82 48 der
296 2202 148 46 Kunst
484 2216 111 49 ganz
635 2199 188 49 aufhört
864 2198 90 48 und
999 2198 77 47 das
1124 2197 80 47 der
1246 2196 117 48 bloss
1402 2193 275 50 materiellen

181 2277 420 63 Klangwirkungen
632 2274 195 65 beginnt.
954 2274 100 47 Von
1085 2270 333 51 Woldemar
1451 2269 226 64 Bargiel

181 2353 160 62 (einem
370 2352 286 48 Stiefbruder
685 2350 79 49 der
785 2352 134 47 Clara
941 2349 277 64 Schumann)
1251 2348 102 47 kam
1385 2347 96 48 eine
1504 2347 146 47 Ouver-

179 2437 101 39 türe
322 2446 75 38 „zu
428 2428 144 48 einem
953 2443 79 32 zur
1058 2425 315 63 Aufführung,
1410 2423 70 47 ein
1515 2423 44 47 in
1601 2422 80 47 der

179 2504 254 65 Erfindung
475 2503 91 48 und
606 2503 366 65 Durchführung
1020 2500 226 50 durchaus
1284 2499 135 56 edles,
1468 2498 127 47 kunst
1604 2514 52 47 ge-

181 2580 172 49 rechtes
380 2580 161 49 Werk.
571 2580 95 47 Der
690 2580 260 63 Componist
978 2579 76 47 hat
1081 2578 90 47 sich
1202 2578 42 46 in
1273 2575 165 47 diesem
1468 2580 214 42 neuesten

183 2657 177 48 Werke
402 2673 78 32 aus
510 2657 122 47 einer
659 2655 218 65 gewissen
906 2654 354 55 Kränklichkeit,
1303 2651 70 47 die
1410 2650 83 48 wir
1529 2650 154 47 früher

185 2751 57 31 an
268 2734 91 47 ihm
392 2733 177 57 fanden,
611 2731 363 65 herausgerissen
1018 2730 90 48 und
1136 2748 52 29 zu
1220 2729 121 48 einer
1380 2728 303 63 markigeren,

183 2809 280 66 gesunderen
494 2809 469 65 Empfindungsweise
1002 2806 218 58 erhoben,
1256 2806 117 47 ohne
1411 2804 168 47 freilich

183 2902 92 31 was
304 2885 82 48 wir
414 2885 115 48 auch
558 2885 122 48 nicht
706 2885 242 64 verlangen
958 2883 149 48 —das
1137 2883 161 48 Gebiet
1326 2880 80 48 der
1438 2879 245 48 Romantik

182 2979 110 48 ganz
322 2979 50 31 zu
402 2963 235 47 verlassen.

295 3039 94 47 Das
409 3038 360 48 interessanteste
792 3035 166 56 Werk,
981 3035 79 48 das
1087 3035 122 47 Herr
1231 3031 212 50 Radecke
1470 3049 78 30 zur
1571 3031 85 48 Auf-

183 3114 202 65 führung
411 3114 199 57 brachte,
638 3130 96 32 war
762 3112 80 47 der
870 3114 127 47 letzte
1020 3112 127 46 Thcil
1170 3110 80 47 der
1270 3107 413 50 Schumann'schen

183 3190 404 56 Faust-Musik,
629 3190 70 48 die
1164 3187 155 47 Wenn
1348 3201 104 32 man
1481 3185 85 47 den
1598 3186 56 46 Be-

182 3267 105 47 weis
310 3266 137 50 dafür
469 3267 217 64 verlangt,
715 3266 99 47 dass
837 3265 70 48 die
933 3265 148 48 Musik
1104 3264 80 48 der
1209 3279 199 33 neueren
1428 3262 98 47 Zeit
1547 3261 109 48 über-

185 3344 53 47 all
267 3344 113 47 nach
411 3342 100 49 dem
541 3344 312 53 Aeussersten,
882 3344 181 45 Letzten
1093 3340 156 56 strebt,
1277 3356 48 31 so
1355 3339 196 49 braucht
1579 3355 104 31 man

186 3436 84 30 nur
298 3420 124 47 einen
451 3419 123 48 Blick
605 3420 81 47 auf
709 3419 70 48 die
802 3419 139 47 Stoffe
971 3417 90 49 und
1085 3417 69 47 die
1175 3416 290 64 Dichtungen
1491 3433 52 29 zu
1568 3431 87 31 wer-

187 3495 86 56 fen,
304 3495 68 48 die
400 3496 84 47 den
524 3496 212 64 heutigen
767 3495 318 63 Componisten
1122 3510 77 30 zur
1228 3492 145 47 Musik
1414 3492 268 64 begeistern.

187 3571 113 47 Bald
328 3571 126 48 sucht
482 3589 103 30 man
614 3572 96 47 eine
740 3570 267 66 gesteigerte
1035 3570 234 63 Wirkung
1300 3567 202 48 dadurch
1531 3585 52 30 zu
1613 3584 47 31 er-

188 3647 196 56 reichen,
419 3647 98 47 dass
546 3665 103 30 man
686 3666 52 29 zu
769 3648 153 46 fernen
952 3646 212 48 Ländern
1192 3645 92 48 und
1312 3645 201 48 Völkern
1543 3643 117 49 flüch-

186 3730 80 51 tet,
313 3723 84 47 wie
436 3723 255 49 Schumann
727 3725 42 47 in
818 3722 242 57 „Paradies
1100 3721 90 48 und
1429 3720 109 49 oder
1580 3736 104 32 man

187 3800 114 47 stellt
332 3798 68 49 die
430 3800 261 47 schroffsten
719 3800 228 48 ethischen
971 3800 274 63 Gegensätze
1274 3797 215 48 einander
1517 3814 138 48 gegen-

186 3874 132 59 über,
357 3876 85 48 wie
470 3874 203 49 Taubert
709 3876 57 47 im
795 3876 229 56 Macbeth,
1067 3876 214 63 Wagner
1308 3874 59 47 im
1396 3873 290 64 Lohengrin;

185 3951 111 49 oder
324 3968 106 32 man
460 3951 118 48 wirft
604 3951 91 48 sich
726 3952 80 47 auf
836 3951 77 48 das
941 3951 346 57 Wunderbare,
1329 3949 357 56 Märchenhafte,

185 4028 85 48 wie
291 4047 33 29 z.
348 4029 50 49 B.
428 4028 44 48 in
497 4028 95 50 Wa
597 4029 148 62 gner's
766 4027 283 64 Nibelungen
1079 4028 77 50 das
1183 4026 504 65 Menschengeschlecht

1753 313 79 31 vor
1860 295 84 47 den
1975 294 197 62 Figuren
2214 290 79 47 der
2323 292 174 53 Götter,
2538 288 161 48 Riesen
2730 286 90 47 und
2848 288 190 62 Zwerge
3067 302 111 48 ganz
3206 286 44 49 in

1754 373 85 47 den
1862 368 311 64 Hintergrund
2203 368 92 47 tritt
2393 365 122 55 kurz,
2538 364 171 48 sowohl
2732 364 57 46 im
2816 363 342 47 Aeusserlichen
3188 364 62 47 als

1753 449 42 46 in
1824 448 153 61 Bezug
2006 444 81 48 auf
2109 444 68 47 die
2200 459 78 31 zur
2300 441 289 63 Darstellung
2614 438 299 49 kommenden
2938 438 312 64 Stimmungen

1753 521 91 47 und
1875 519 281 49 Charaktere
2198 516 129 65 greift
2368 533 103 29 man
2500 533 51 29 zu
2581 514 100 48 dem
2711 515 337 62 Entlegensten,
3078 514 150 47 Rellec-

1753 598 222 53 tirtesten;
2016 594 90 49 und
2148 594 119 47 diese
2303 593 156 53 Sucht,
2500 591 90 46 sich
2628 591 42 46 in
2713 590 84 47 den
2829 589 308 64 Superlativen
3174 589 76 48 des

1752 671 277 50 Denkbaren
2058 688 52 29 zu
2140 667 235 64 bewegen,
2407 666 55 47 ist
2488 665 113 48 eben
2632 665 244 63 dasjenige,
2911 680 90 32 was
3031 664 77 48 das
3136 665 80 47 We-

1753 765 76 31 sen
1869 747 80 47 der
1984 744 241 49 Romantik
2265 742 246 49 ausmacht.
2566 742 131 46 Denn
2735 740 70 47 die
2838 739 232 48 classische
3108 741 147 46 Kunst

1753 825 55 46 ist
1836 821 167 50 freilich
2032 820 106 48 weit
2164 819 194 48 entfernt
2384 835 81 31 von
2496 816 157 47 trüber
2681 813 497 50 Verschwommenheit

1754 899 120 47 diese
1910 897 54 47 ist
2003 895 215 48 vielmehr
2253 893 116 50 auch
2408 893 120 47 eines
2570 892 80 47 der
2689 891 234 55 Extreme,
2965 891 170 47 welche
3183 890 70 48 die

1753 974 241 49 Romantik
2020 972 106 48 liebt
2147 999 82 28 —,
2258 972 61 47 sie
2347 971 157 47 scheut
2530 968 89 47 sich
2652 967 116 47 auch
2798 967 120 47 nicht
2942 966 153 56 davor,
3125 967 129 47 einen

1753 1052 249 62 Gegensatz
2036 1048 43 47 in
2118 1046 325 48 dramatischer
2471 1043 320 63 Entwicklung
2820 1042 81 48 auf
2923 1042 70 47 die
3022 1043 145 63 Spitze
3200 1060 52 30 zu

1752 1126 197 55 treiben;
1992 1122 110 50 aber
2135 1122 98 48 ihre
2261 1122 422 61 Voraussetzungen
2713 1117 97 47 sind
2845 1118 160 47 immer
3033 1117 220 48 natürlich

1753 1201 89 48 und
1871 1198 191 57 einfach,
2106 1198 90 47 und
2238 1215 70 32 wo
2345 1214 44 31 es
2429 1197 43 46 in
2514 1196 70 47 ihr
2624 1212 54 29 zu
2719 1194 309 64 Superlativen
3065 1193 188 55 kommt,

1752 1276 183 49 werden
1969 1276 121 47 diese
2119 1274 113 49 auch
2264 1274 62 47 als
2356 1271 278 67 Superlative
2662 1269 223 65 gegeben,
2924 1269 41 47 d.
2996 1269 41 47 h.
3067 1269 61 47 sie
3158 1277 72 39 ent-

1752 1355 186 46 wickeln
1975 1352 90 47 sich
2104 1352 63 47 als
2208 1349 318 64 nothwendige
2566 1348 348 62 Consequenzen
2952 1346 119 48 eines
3108 1353 147 41 zuerst

1752 1427 358 51 unscheinbaren
2139 1424 381 66 Widerspruchs;
2561 1421 92 50 und
2688 1438 48 32 so
2774 1422 114 47 wird
2925 1422 42 47 in
2996 1421 82 48 der
3106 1422 126 47 classi-

1753 1506 133 47 schen
1909 1506 148 45 Kunst
2081 1502 136 48 selbst
2245 1502 77 47 das
2344 1502 290 62 Entlegenste
2656 1498 239 47 vermittelt
2919 1497 89 48 und
3032 1498 221 47 erscheint

1750 1582 160 47 darum
1950 1582 63 47 als
2041 1587 139 41 etwas
2208 1578 301 55 Natürliches,
2538 1574 324 65 Ungesuchtes.
2905 1575 85 46 Die
3019 1574 235 48 classische

1749 1659 149 46 Kunst
1936 1657 77 47 hat
2053 1654 114 50 eben
2196 1655 146 47 Alles:
2383 1653 71 48 die
2492 1657 220 43 äusserste
2741 1649 185 50 Schärfe
2968 1650 78 47 des
3076 1652 149 62 Gegen-

1749 1741 137 40 satzes
1909 1732 90 48 und
2022 1730 70 49 die
2109 1730 284 49 Einfachheit
2415 1728 80 48 der
2515 1729 160 46 Natur.
2707 1728 94 46 Der
2822 1725 265 49 classischen
3109 1727 149 47 Kunst

1749 1810 108 64 geht
1885 1809 97 47 eine
2011 1808 167 48 andere
2201 1805 190 50 Periode
2418 1805 178 55 vorher,
2627 1803 137 48 deren
2793 1802 462 66 Eigenthümlichkeit

1749 1885 83 49 wir
1861 1902 81 30 uns
1971 1885 98 47 klar
2098 1884 190 47 machen
2318 1883 197 54 können,
2551 1897 129 30 wenn
2712 1879 82 47 wir
2824 1896 81 30 uns
2940 1878 78 48 das
3047 1879 182 47 Verhält-

1748 1960 565 65 nissvergegenwärtigen,
2344 1959 41 47 in
2408 1956 102 50 dem
2535 1958 101 45 z.B.
2661 1955 249 48 Paiestrina
2932 1973 50 28 zu
3007 1954 80 48 der
3108 1953 147 48 Musik

1748 2038 77 48 des
1852 2038 183 63 vorigen
2057 2034 334 51 Jahrhunderts
2417 2034 130 47 steht.
2577 2034 117 46 Dort
2722 2031 53 47 ist
2802 2031 98 47 eine
2930 2031 207 47 Klarheit
3167 2030 90 48 und

1749 2114 267 56 Harmonie,
2046 2113 70 48 die
2147 2113 89 47 sich
2267 2111 115 47 noch
2412 2110 122 48 nicht
2562 2109 42 47 in
2629 2109 275 63 Gegensätze
2933 2124 80 31 aus
3043 2106 215 49 einander

1750 2193 105 62 legt.
1898 2191 49 46 In
1989 2205 210 32 unserem
2228 2185 314 51 Jahrhundert
2577 2191 90 41 trat
2707 2183 204 66 dagegen
2952 2184 42 47 in
3037 2184 80 47 der
3145 2185 83 46 Ent-

1750 2266 227 64 wicklung
2006 2265 80 47 der
2106 2265 164 55 Kunst,
2298 2263 123 47 nicht
2450 2261 117 47 bloss
2596 2260 42 47 in
2669 2257 80 49 der
2769 2259 165 56 Musik,
2963 2257 71 49 die
3056 2261 169 46 Roman-

1750 2344 63 47 tik
1837 2344 161 47 hervor
2021 2341 79 47 mit
2121 2341 143 47 ihrem
2281 2339 196 65 Princip,
2499 2354 85 32 von
2598 2335 287 49 Jahrzehend
2905 2353 52 30 zu
2973 2335 288 48 Jahrzehend

1752 2417 241 50 wachsend
2030 2417 42 47 in
2109 2417 128 47 ihren
2266 2415 300 65 Ansprüchen
2605 2412 94 49 und
2726 2412 397 65 Anstrengungen.
3153 2414 108 47 Man

1753 2495 114 48 wird
1895 2494 269 66 zugestehen
2195 2498 196 50 müssen,
2427 2491 99 48 dass
2562 2490 79 47 das
2675 2489 232 48 classische
2938 2489 320 64 Kunstprincip

1754 2572 78 49 das
1855 2571 189 56 höhere,
2067 2571 97 47 weil
2186 2570 78 48 das
2288 2566 353 56 umfassendere,
2669 2566 70 56 ist,
2769 2564 91 48 und
2885 2565 193 48 braucht
3099 2565 160 48 darum

1756 2647 114 49 doch
1899 2646 123 50 nicht
2037 2645 78 48 das
2131 2645 301 48 romantische
2452 2641 196 67 gänzlich
2665 2659 53 29 zu
2735 2641 264 48 verwerfen.
3028 2642 95 47 Der
3141 2641 122 48 Geist

1756 2725 80 47 der
1865 2724 265 49 Geschichte
2167 2722 154 47 duldet
2356 2721 143 48 nichts
2526 2721 182 55 Leeres,
2751 2717 90 48 und
2872 2735 71 30 wo
2982 2718 92 47 sich
3103 2717 159 65 irgend

1757 2801 98 47 eine
1883 2798 294 67 Möglichkeit
2203 2815 53 30 zu
2285 2796 320 65 Schöpfungen
2633 2795 131 63 zeigt,
2793 2793 62 47 sie
2885 2798 166 60 mögen
3078 2793 154 49 immer-

1756 2879 74 46 hin
1861 2894 84 31 von
1969 2877 284 64 geringerem
2279 2875 195 48 Werthe
2504 2873 91 47 sein
2626 2872 63 47 als
2717 2871 71 47 die
2819 2870 162 48 bereits
3009 2871 225 48 vorhande-

1756 2971 104 40 nen,
1889 2970 132 30 wenn
2050 2952 61 47 sie
2140 2969 87 30 nur
2256 2950 168 49 andere
2453 2948 113 58 sind,
2595 2948 58 49 da
2681 2964 121 30 muss
2831 2947 120 48 diese
2972 2947 291 65 Möglichkeit

1754 3028 303 50 verwirklicht
2084 3027 197 48 werden.
2323 3027 101 47 Nur
2452 3025 69 48 die
2549 3028 252 45 äussersten
2830 3023 282 49 Auswüchse
3141 3025 121 47 eines

1756 3106 259 63 einseitigen
2037 3103 343 65 Kunstprincips
2403 3102 216 48 verlieren
2643 3099 90 49 sich
2764 3098 118 50 dann
2914 3101 167 47 freilich
3112 3101 43 47 in
3184 3099 79 50 das

1754 3183 253 55 Formlose,
2035 3179 292 67 Ungereimte
2365 3178 92 48 und
2492 3178 160 65 ringen
2689 3176 254 64 vergeblich
2975 3176 100 48 dem
3107 3177 157 48 Lichte

1756 3258 80 50 der
1864 3260 130 48 Welt
2021 3266 249 56 entgegen;
2314 3256 111 48 aber
2453 3254 268 65 diejenigen,
2764 3253 70 47 die
2874 3253 239 48 innerhalb
3142 3253 124 48 ihrer

1756 3337 227 63 Richtung
2026 3336 114 47 noch
2182 3334 70 47 ein
2291 3333 211 65 gewisses
2530 3333 150 47 Maass
2719 3331 253 57 festhalten,
3015 3331 150 48 haben
3194 3331 73 48 ihr

1756 3412 146 48 Recht
1930 3411 80 48 der
2037 3411 227 54 Existenz,
2293 3409 85 47 wie
2408 3408 261 65 überhaupt
2695 3408 44 47 in
2768 3406 81 48 der
2878 3407 131 48 Welt
3038 3406 70 48 die
3139 3407 96 47 Klei-

1754 3506 88 32 nen
1871 3489 147 47 neben
2043 3488 85 47 den
2153 3488 212 55 Grossen,
2396 3486 71 48 die
2496 3486 218 62 einseitig,
2745 3483 110 48 aber
2882 3483 268 48 interessant
3173 3483 91 48 und

1754 3566 351 64 eigentümlich
2130 3563 338 65 ausgebildeten
2492 3562 282 48 Charaktere
2802 3559 147 48 neben
2973 3559 86 48 den
3081 3560 155 49 harmo-

1754 3642 200 56 nischen,
1975 3641 313 54 universellen,
2312 3638 187 57 welche,
2526 3638 61 47 sei
2618 3653 44 32 es
2686 3637 63 47 als
2772 3637 354 57 Staatsmänner,
3155 3635 111 50 oder

1757 3721 62 47 als
1847 3719 231 55 Künstler,
2107 3717 111 48 oder
2246 3717 63 48 als
2338 3714 319 65 Philosophen,
2688 3713 70 47 die
2787 3713 131 48 Welt
2947 3713 319 49 beherrschen.

1756 3798 96 46 Für
1888 3794 119 47 diese
2045 3793 268 63 allgemeine
2341 3790 331 64 Beobachtung
2711 3806 109 40 nun,
2858 3788 100 49 dass
3000 3789 69 48 die
3099 3806 168 33 neuere

1757 3872 148 48 Musik
1935 3872 97 47 eine
2062 3868 303 49 romantische
2393 3868 69 56 ist,
2504 3867 96 64 gibt
2628 3883 81 31 uns
2739 3865 260 49 Schumann
3029 3867 70 47 ein
3128 3883 139 32 neues

1757 3948 208 63 Beispiel,
2007 3947 149 47 indem
2199 3962 49 32 er
2290 3945 178 47 Faust's
2497 3941 289 67 Verklärung
2826 3944 297 64 componirte,
3160 3943 106 65 jene

1758 4027 142 47 Scene
1922 4024 60 48 im
2007 4023 217 56 Himmel,
2252 4022 43 48 in
2327 4020 80 50 der
2436 4020 98 50 eine
2565 4037 55 33 an
2648 4020 92 48 sich
2763 4020 139 50 schon
2924 4019 343 51 transcendente
