3434 4389
1668 227 102 48 104

183 368 307 36 ter-Standbilder
531 380 66 23 vor
637 367 82 35 dem
745 366 229 43 Hoftheater,
1022 365 219 44 Fackelzug
1280 375 84 23 vom
1409 362 263 46 Theaterplatz

186 448 85 22 zum
300 435 252 35 Schillerhaus
579 435 76 34 und
683 446 67 23 vor
776 434 64 34 das
868 432 343 47 grossherzogliche
1239 431 190 47 Schloss);
1476 428 56 38 13.
1561 430 117 35 Juni:

424 502 77 36 15.:
530 502 169 44 „Cabale
727 501 76 35 und
1021 499 76 36 17.:
1129 501 110 43 ~Don
1469 497 44 36 19
1540 510 8 22 :
1580 498 99 43 „Die

378 573 65 31 mit
470 571 127 34 Musik
625 571 79 33 und
731 569 178 36 lebenden
936 568 160 34 Bildern,
1139 567 97 34 dazu
1265 566 155 35 Göthe's
1448 566 135 45 Epilog
1612 575 66 23 zur

186 638 151 36 Glocke.
361 639 93 32 Zum
480 637 203 35 Beschluss
698 650 9 21 :
736 635 268 45 „Wallenstein
1008 634 10 14 T
1020 646 16 22 s
1313 632 83 37 21.:
1423 635 98 42 ~Die
1548 634 110 33 Piceo-

386 703 80 36 22.:
496 702 301 46 „Wallenstein's
972 699 82 36 24.:
1084 702 146 42 ~Maria
1424 713 9 30 ;
1461 700 83 37 26.:
1575 700 101 45 „Die

183 773 189 45 Jungfrau
409 784 71 23 von
746 769 80 37 28.:
870 770 97 45 „Die
995 769 115 33 Braut
1138 780 71 22 von
1475 767 75 35 und
1590 766 85 37 30.:

184 840 198 43 „Wilhelm
569 839 67 34 Als
666 839 166 33 Vorfeier
859 836 91 34 wird
978 847 58 23 am
1065 834 33 36 9.
1127 835 93 34 Juni
1248 837 57 32 ein
1332 835 185 46 Festspiel
1546 836 108 45 aufge-

182 906 113 43 führt,
326 907 129 33 dessen
482 905 193 44 Dichtung
702 903 190 35 Friedrich
920 903 113 33 Halm
1071 902 75 34 und
1183 902 57 34 die
1266 903 128 33 Musik
1422 903 119 33 Franz
1571 903 106 33 Liszt

183 975 260 34 übernommen
470 973 130 44 haben,
628 973 77 33 und
734 972 155 35 welcher
915 971 245 35 Beethoven's
1189 971 164 34 Sinfonie
1381 971 67 33 mit
1476 969 69 35 den
1573 969 75 35 Chö-

181 1054 63 23 ren
257 1053 7 25 :
295 1041 180 44 „Freude,
506 1041 157 35 schöner
1000 1039 260 45 hinzugesetzt
1287 1037 146 35 werden
1460 1037 102 36 wird.
1604 1038 76 33 Zur

180 1109 246 45 Mitwirkung
454 1120 46 23 an
529 1108 116 34 dieser
667 1107 351 45 Fest-Vorstellung
1058 1106 119 34 haben
1221 1105 79 33 sich
1338 1105 136 34 bereits
1512 1104 167 34 mehrere

183 1176 63 35 der
272 1176 275 35 berühmtesten
577 1175 202 35 deutschen
806 1173 328 36 Bühnenkünstler
1171 1173 118 34 bereit
1317 1172 150 36 erklärt.
1510 1174 75 32 Der
1612 1171 51 34 all-

183 1246 129 44 fällige
340 1244 257 35 Ueberschuss
640 1243 63 35 der
729 1243 202 34 Einnahme
964 1242 91 34 wird
1097 1241 186 34 zwischen
1323 1240 63 34 der
1414 1239 245 35 Schiller-Stif-

181 1317 94 40 tung
303 1312 74 34 und
407 1312 63 35 der
496 1312 283 33 Perseverantia
813 1310 156 45 getheilt
1005 1308 158 36 werden.
1212 1309 70 33 Die
1310 1307 287 35 Mitwirkenden
1625 1319 37 23 er-

183 1382 127 33 halten
336 1380 146 44 fünfzig
507 1378 257 35 Reichsthaler
788 1390 66 34 per
880 1378 120 37 Rolle.

263 1502 71 33 Die
372 1501 174 33 wiener
1018 1497 191 36 enthalten
1236 1498 38 34 in
1303 1497 99 34 ihrer
1428 1498 178 34 Nummer
1633 1494 44 37 11

184 1580 86 24 vom
297 1566 58 39 16.
383 1568 104 33 März
528 1569 108 32 unter
673 1566 62 34 der
762 1565 231 36 Aufschrift:
1038 1567 113 44 „Die
1192 1567 368 43 Bannerträger
1600 1564 81 35 der

181 1636 388 35 musicalischen
910 1635 77 33 eine
1015 1634 253 45 Entgegnung
1308 1634 70 33 auf
1410 1632 60 35 die
1498 1633 182 34 Aufsätze

182 1704 63 34 des
276 1704 118 33 Herrn
424 1701 156 36 Brendel
607 1702 38 33 in
674 1700 62 35 der
764 1702 127 33 Neuen
915 1700 217 35 Zeitschrift
1152 1702 59 33 für
1233 1701 127 33 Musik
1390 1699 196 46 bezüglich
1616 1699 63 34 des

181 1774 120 32 ersten
328 1769 258 35 Bülow'schen
614 1768 197 35 Concertes
839 1770 37 32 in
904 1769 122 34 Berlin
1069 1768 77 34 und
1186 1768 65 35 der
1279 1770 279 44 gegenseitigen
1586 1768 76 35 Stel-

179 1839 94 44 lung
301 1838 63 34 der
391 1836 190 44 Künstler,
621 1837 63 34 des
713 1837 218 35 Publicums
974 1837 75 34 und
1092 1837 64 34 der
1183 1837 127 34 Kritik
1339 1857 59 22 —,
1444 1838 38 33 in
1520 1835 160 36 welcher

179 1907 250 45 Entgegnung
470 1905 80 33 dem
577 1905 180 34 Künstler
797 1904 76 34 und
900 1905 220 45 Dirigenten
1165 1905 67 33 mit
1273 1904 136 34 vollem
1436 1904 142 35 Rechte
1622 1905 58 34 die

179 1975 197 44 Befugniss
406 1972 276 46 abgesprochen
711 1972 101 44 wird,
859 1972 81 34 dem
967 1973 200 34 Publicum
1207 1973 103 33 sein
1346 1972 149 35 Urtheil
1532 1984 48 24 zu
1620 1984 40 25 oc-

180 2045 163 42 troyiren
370 2041 85 36 oder
482 2053 66 34 gar
576 2041 66 35 das
671 2041 197 36 Publicum
898 2041 349 35 zurechtzuweisen.

257 2166 85 34 Ein
381 2163 261 36 deutscher
680 2163 174 45 Geiger
889 2165 45 31 in
972 2163 304 35 Frankreich
1331 2163 122 35 Ueber
1480 2162 200 36 Johann

181 2227 194 42 Becker,
413 2226 121 33 diesen
564 2223 269 35 vortrefflichen
861 2224 233 44 Violinisten,
1139 2224 64 35 der
1229 2226 100 32 seine
1359 2224 113 34 Stelle
1501 2224 56 33 als
1585 2224 72 34 Con-

180 2286 228 33 certmeister
450 2286 37 32 in
524 2283 213 34 Mannheim
780 2283 232 45 aufgegeben
1054 2283 76 44 hat,
1174 2295 64 22 um
1277 2285 36 33 in
1343 2283 226 35 Frankreich
1599 2284 80 34 sein

180 2344 123 35 Glück
331 2356 46 21 zu
405 2343 219 42 versuchen,
665 2344 211 44 vereinigen
920 2343 79 34 sich
1042 2344 57 33 die
1139 2343 218 45 belgischen
1393 2342 77 35 und
1498 2343 161 34 französi-

181 2405 112 35 schen
320 2405 141 33 Blätter
506 2415 46 21 zu
595 2403 68 35 den
702 2403 434 45 überschwänglichsten
1165 2403 376 45 Lobeserhebungen.
1594 2403 87 33 Erst

180 2465 69 34 seit
276 2465 165 43 wenigen
471 2463 164 34 Wochen
663 2462 163 35 befindet
854 2463 78 32 sich
962 2462 117 34 dieser
1101 2464 118 43 junge
1248 2462 114 33 Mann
1392 2462 68 34 auf
1486 2461 80 34 dem
1596 2461 63 34 Gei-

178 2523 293 45 ger-Parnassus
515 2521 76 34 und
630 2520 114 35 schon
785 2521 149 45 huldigt
960 2521 105 34 Alles
1105 2521 80 33 dem
1216 2520 204 35 deutschen
1449 2520 230 45 Fremdling,

179 2582 131 33 dessen
336 2580 233 46 persönliche
595 2581 260 45 Erscheinung
896 2580 116 35 selbst
1051 2581 69 34 auf
1157 2581 56 34 die
1254 2581 143 45 pariser
1439 2580 100 34 Welt
1574 2581 106 32 einen

177 2640 303 47 phantastischen
508 2640 190 34 Eindruck
739 2641 134 35 macht.
928 2640 63 34 Ich
1032 2640 94 34 habe
1162 2640 97 34 mich
1306 2640 117 34 durch
1470 2641 57 33 ein
1570 2646 110 39 gutes

177 2703 173 33 Dutzend
379 2702 272 34 französischer
677 2702 180 34 Journale
884 2702 160 45 gelesen,
1080 2702 75 33 und
1183 2714 38 21 es
1249 2703 50 32 ist
1325 2702 104 33 nicht
1456 2702 111 33 Eines
1597 2700 62 35 dar-

178 2765 117 38 unter,
337 2762 160 34 welches
539 2762 79 33 sich
659 2761 103 33 nicht
803 2762 36 32 in
882 2761 279 35 excentrischen
1192 2762 156 33 Termen
1376 2761 77 34 und
1480 2761 196 46 Metapher

179 2822 92 34 über
296 2821 64 34 ihn
390 2822 217 45 erschöpfte.
656 2822 115 33 Unter
800 2821 95 34 allen
927 2821 124 34 diesen
1081 2822 59 33 fiel
1169 2823 70 33 mir
1266 2822 89 34 aber
1383 2822 199 35 besonders
1613 2822 65 35 der

181 2881 219 46 Ausspruch
443 2881 141 35 Hector
611 2881 155 34 Berlioz'
806 2882 36 32 in
884 2880 80 34 dem
1004 2881 160 33 Journal
1200 2881 63 33 des
1291 2882 146 34 Debats
1473 2883 77 43 auf,
1594 2882 84 34 weil

179 2953 38 22 er
245 2953 58 22 am
330 2941 152 34 meisten
513 2941 56 34 die
597 2941 254 34 französische
870 2940 176 34 Eitelkeit
1072 2940 200 36 bekundet.
1301 2941 49 34 Er
1378 2945 84 42 sagt
1487 2942 164 35 nämlich
1667 2954 8 22 :

176 3001 141 34 Becker
343 3001 94 34 habe
464 3002 48 32 im
540 3000 97 34 Salle
665 3000 39 34 de
735 3000 190 34 Beethoven
950 3001 87 43 jene
1063 3001 144 44 pariser
1237 3000 131 34 Weihe
1397 3001 11 43 (
1412 3002 264 46 consecration)

177 3061 176 42 erhalten,
396 3063 61 31 auf
486 3060 138 35 welche
651 3060 78 34 ihre
757 3059 198 35 Nachbarn
984 3070 40 23 so
1053 3059 243 46 eifersüchtig
1324 3061 113 34 seien.
1483 3061 79 34 Das
1591 3073 87 34 mag

177 3123 98 42 sein;
320 3121 92 35 doch
448 3121 84 34 fällt
567 3132 37 23 es
633 3121 145 34 keinem
806 3119 216 35 Deutschen
1051 3120 69 41 ein,
1164 3119 113 35 daran
1304 3132 48 22 zu
1379 3121 185 46 erinnern,
1607 3123 69 33 wie

176 3184 67 31 mit
271 3181 97 34 allen
395 3181 158 34 Kräften
583 3180 62 34 der
673 3179 251 36 französische
942 3179 182 35 Künstler
1152 3179 160 34 darnach
1341 3181 111 44 ringt,
1481 3181 59 34 ein
1568 3182 106 33 tiefes

179 3241 197 34 deutsches
403 3240 146 37 Urtheil
579 3240 60 34 für
667 3240 78 33 sich
776 3250 45 23 zu
849 3240 193 44 gewinnen
1085 3239 75 34 und
1202 3239 163 35 dadurch
1400 3240 105 35 nicht
1534 3241 142 35 minder

177 3301 56 34 die
259 3301 214 34 Eifersucht
514 3301 162 32 seiner
717 3298 227 34 Landsleute
985 3309 47 23 zu
1070 3299 171 45 erregen!
1298 3300 46 34 So
1385 3301 49 33 ist
1463 3301 94 43 jetzt
1585 3301 91 34 über

176 3362 171 34 Beckers
377 3362 99 45 Spiel
504 3364 113 31 etwas
647 3363 104 31 extra
772 3360 177 33 Pikantes
972 3370 46 22 zu
1048 3370 125 33 sagen,
1204 3360 56 33 die
1280 3360 174 45 Aufgabe
1482 3360 63 34 der
1574 3361 80 34 fran-

179 3421 188 35 zösischen
395 3422 144 40 Presse,
583 3419 76 33 und
697 3418 174 34 desshalb
901 3418 212 36 beschreibt
1141 3419 57 33 die
1228 3419 154 35 Gazette
1412 3422 42 33 de
1482 3421 104 33 Paris
1616 3432 38 22 so-

177 3492 68 34 gar
273 3481 96 33 seine
399 3479 202 44 Kleidung,
646 3479 67 33 mit
742 3478 160 34 welcher
938 3490 38 21 er
1003 3479 37 32 in
1070 3478 69 33 den
1173 3478 110 35 Salon
1315 3478 64 35 der
1408 3479 172 34 Madame
1610 3478 42 35 Of-

179 3539 155 33 fenbach
364 3541 160 42 getreten
553 3538 66 43 sei,
661 3537 75 35 und
765 3541 85 40 sagt
878 3536 120 45 dabei,
1040 3536 86 34 dass
1157 3538 69 32 seit
1252 3537 183 45 Paganini
1461 3538 96 34 noch
1587 3538 85 34 kein

179 3598 134 45 Geiger
353 3599 103 32 einen
498 3609 39 22 so
589 3596 337 37 zauberähnlichen
965 3596 192 35 Eindruck
1199 3597 316 46 hervorgebracht
1555 3599 118 34 hätte.

179 3657 78 33 Das
285 3657 49 33 ist
361 3656 100 34 Alles
490 3661 65 40 gut
595 3657 75 34 und
711 3656 206 45 ehrenhaft,
962 3666 71 23 nur
1072 3656 120 34 haben
1237 3657 100 33 diese
1378 3657 144 34 Blätter
1560 3657 113 34 Eines

178 3727 210 35 vergessen,
433 3727 74 23 was
545 3716 57 34 ich
642 3716 148 35 hiermit
824 3715 210 35 nachholen
1072 3715 158 46 möchte,
1279 3716 83 35 dass
1390 3716 162 35 nämlich
1581 3720 93 31 trotz

178 3776 173 34 Becker's
381 3775 207 46 belgischer
617 3775 133 34 Schule
791 3776 75 45 (bei
895 3776 204 44 Kettenus)
1137 3775 74 34 und
1252 3779 93 31 trotz
1385 3776 64 34 der
1487 3776 187 34 Einflüsse

179 3837 101 34 eines
310 3835 43 34 de
381 3835 123 34 Beriot
530 3835 75 33 und
634 3835 125 43 Alard,
802 3848 37 22 er
882 3836 167 34 dennoch
1094 3835 63 35 der
1197 3836 203 34 deutschen
1431 3835 136 35 Schule
1600 3836 75 34 und

180 3896 213 45 Spielweise
423 3901 80 28 treu
532 3895 191 44 geblieben
752 3897 59 32 ist.
865 3896 139 34 Hievor
1043 3896 135 34 wollen
1219 3899 65 31 wir
1313 3896 97 34 auch
1439 3908 58 22 am
1526 3897 150 34 tiefsten

177 3957 68 34 den
273 3957 80 33 Hut
383 3955 177 35 abziehen
588 3955 75 34 und
691 3966 69 23 nur
787 3955 213 44 wünschen,
1045 3956 86 34 dass
1169 3957 57 34 die
1265 3958 301 44 Sturmeswogen
1610 3957 65 35 des

177 4016 141 46 pariser
345 4015 154 35 Beifalls
529 4015 125 34 diesen
685 4017 160 33 schönen
875 4015 88 34 Sinn
990 4016 104 34 nicht
1122 4017 273 45 verschlingen.

1463 4077 39 35 C.
1533 4076 44 36 G.

1826 361 101 34 Nach
1957 361 44 35 //.
2041 359 131 35 Dank!
2201 360 57 33 Da
2286 359 89 35 aber
2402 358 65 35 das
2495 356 250 47 Eingesandte
2773 357 140 49 („Herr
2940 358 179 44 Schmidt,
3151 359 98 35 Herr

1981 420 86 33 kein
2089 418 160 45 Beispiel
2271 418 63 35 der
2363 419 284 44 ~Erweiterung
2676 418 62 34 der
3086 417 158 36 sondern

1748 491 72 22 nur
1846 479 79 33 eine
1952 477 144 35 freilich
2115 477 134 34 höchst
2276 477 146 34 triviale
2440 477 157 35 Melodie
2626 479 98 33 eines
2743 477 168 44 Adepten
2940 478 59 42 ist,
3027 488 42 23 so
3094 476 149 34 können

1750 539 66 32 wir
1843 548 38 23 es
1904 536 104 34 nicht
2034 536 226 35 abdrucken.
2307 536 80 35 Wir
2415 536 135 33 fänden
2579 540 104 31 sonst
2710 537 86 34 kein
2822 535 125 36 Ende!

1932 3570 102 32 BMe
2618 3570 453 44 Musik-SEeitung

1742 3635 196 36 erscheint
1955 3635 119 45 jeden
2102 3636 184 46 Samstag
2321 3638 42 32 in
2398 3638 129 33 einem
2558 3649 155 34 ganzen
2747 3638 135 45 Bogen
2922 3639 70 34 mit
3028 3640 245 45 zwanglosen

1745 3688 195 44 Beilagen.
2021 3689 78 32 Der
2125 3688 405 45 Abonnementspreis
2542 3689 163 45 beträgt
2716 3690 65 33 für
2802 3690 72 34 das
2892 3690 195 45 Halbjahr
3116 3694 19 31 2
3154 3692 123 42 Thlr.,

1746 3739 60 33 bei
1829 3739 72 34 den
1929 3739 47 33 K.
1991 3750 154 33 preuss.
2160 3739 112 34 Post*
2281 3740 210 34 Anstalten
2521 3743 18 31 2
2558 3740 111 34 Thlr.
2683 3742 21 32 5
2727 3740 88 46 Sgr.
2839 3742 96 34 Eine
2961 3743 306 35 einzelneNum*

1747 3801 78 23 mer
1853 3793 22 30 4
1903 3790 87 45 Sgr.
2015 3791 293 44 Einrüekungs-
2319 3790 209 35 Gebühren
2554 3802 70 34 per
2647 3791 210 36 Petitzeile
2883 3796 18 31 2
2932 3792 84 46 Sgr.

1797 3850 122 34 Briefe
1944 3850 80 34 und
2051 3850 287 46 Zusendungen
2366 3850 101 35 aller
2500 3852 75 33 Art
2599 3851 155 34 werden
2775 3857 118 30 unter
2923 3853 68 34 der
3015 3854 170 35 Adresse
3209 3854 68 36 der

1748 3903 49 34 M.
1826 3901 557 45 DuMont-Schauberg'schen
2407 3903 321 45 Buchhandlung
2756 3904 42 34 in
2824 3904 104 35 Köln
2954 3904 174 35 erbeten.

1853 4005 354 38 Veranwortiicher
2234 4005 301 50 Herausgeber:
2571 4007 108 37 Prof.
2705 4007 45 38 L.
2777 4007 181 38 BischofT
2981 4008 39 37 in
3048 4008 121 39 Köln.

1802 4056 209 50 Verleger:
2039 4056 54 38 M.
2124 4056 529 46 DuMont-Schauberg'sche
2685 4059 317 49 Buchhandlung
3030 4059 40 37 in
3102 4060 120 37 Köln.

1779 4107 190 38 Drucker:
1997 4108 55 38 M.
2084 4108 428 49 DuMont-Schauberg
2540 4111 38 35 in
2609 4110 121 45 Köln,
2755 4110 262 38 Breiistrasse
3045 4111 47 37 76
3123 4121 35 28 u.
3188 4111 62 39 78.

2206 808 571 56 .&itItiiudig°iiB!gcii

2151 953 202 43 IEUE
2386 954 485 44 MU§I€iLIEI

2367 1016 57 48 im
2456 1018 189 63 Verlage

2473 1104 70 21 von

1992 1145 319 57 BREITKOPF
2349 1146 41 56 &
2425 1146 245 57 HMTEL
2706 1147 50 56 in
2791 1148 208 74 Leipzig.

1754 1229 278 43 Beethoven,
2062 1228 40 37 L.
2138 1240 96 23 van.
2279 1230 62 45 Op.
2369 1229 62 42 92,
2460 1229 172 47 Septieme
2655 1231 138 44 grande
2820 1232 216 48 Symphonie
3061 1233 185 49 (A-dur).

2053 1280 262 44 Arrangement
2351 1292 94 34 pour
2483 1280 31 35 le
2554 1281 116 34 Piano
2712 1284 23 31 ä
2775 1289 125 39 qualre
2940 1286 118 33 mains
3097 1298 73 34 par
3211 1287 36 36 J.

2059 1331 176 44 Schä/fer.
2289 1330 24 33 3
2347 1331 92 37 Thlr.

1754 1382 173 47 Chopin
1942 1408 12 17 ,
1991 1382 58 34 Fr
2063 1407 9 15 ,
2118 1382 61 46 Op.
2207 1381 62 40 33,
2309 1382 24 32 4
2362 1381 228 44 Mozourkas,
2625 1385 209 34 transcrites
2856 1397 95 35 ponr
2986 1386 212 37 Violoncelle
3217 1396 33 27 et

2061 1433 114 33 Piano
2200 1444 72 34 par
2302 1432 81 36 Chs.
2417 1434 149 33 Grimm.
2624 1436 15 31 1
2677 1434 93 36 Thlr.

1755 1484 197 35 Clement
1965 1485 30 41 i,
2025 1483 60 42 M.,
2115 1484 157 33 Sonaten
2298 1484 64 43 für
2390 1484 65 33 das
2482 1484 121 34 Piano
2604 1485 102 43 forte.
2748 1485 97 35 Neue
2871 1499 79 32 sorg
2950 1487 28 43 f.
3008 1489 106 35 revid.
3145 1489 106 44 Ausg.

2058 1535 64 33 i\r.
2159 1534 63 43 59,
2248 1535 40 33 in
2317 1534 123 34 B-dur
2476 1535 61 44 (F.
2570 1536 249 35 Kalkbrenner
2843 1539 214 45 gewidmet),
3112 1539 17 35 I
3166 1541 94 33 Thlr.

2081 1611 24 17 ,,
2157 1585 62 42 60,
2249 1586 38 33 in
2315 1585 156 36 Es-dur.
2522 1586 45 33 15
2597 1586 86 45 Ngr.

2085 1662 24 17 ,,
2163 1636 63 42 61,
2254 1637 38 33 in
2320 1635 134 37 B-dur.
2512 1637 44 33 15
2588 1637 84 45 JSgr.

2083 1713 25 18 „
2162 1687 49 33 62
2217 1715 8 18 j
2255 1689 37 31 in
2322 1687 138 37 A-dur.
2513 1688 49 33 22
2569 1686 31 40 V
2601 1712 13 22 2
2644 1688 88 46 Ngr*

2083 1765 25 17 „
2161 1738 62 43 63,
2252 1739 39 32 in
2320 1738 152 35 D-moll.
2526 1739 48 33 25
2604 1739 84 46 Ngr.

2086 1816 24 16 ,,
2162 1790 63 42 64,
2254 1790 38 33 in
2323 1790 140 33 G-moll
2491 1790 164 43 (Didone
2683 1790 290 47 abbandonata).
3032 1793 16 34 1
3085 1792 95 36 Thlr.

1754 1841 196 43 Händel,
1981 1841 39 37 G.
2050 1841 54 43 F.,
2133 1841 185 36 Susanna.
2349 1840 220 37 Oratorium.
2601 1842 269 37 Chorstimmen.
2920 1844 18 33 1
2975 1844 94 36 Thlr.
3102 1844 45 34 10
3177 1844 84 45 Ngr.

2058 1892 127 45 (Nach
2228 1893 61 33 der
2326 1891 165 45 Ausgabe
2531 1893 62 33 der
2633 1893 201 34 Deutschen
2863 1894 403 47 Händel-Gesellschaft

2162 1943 77 33 und
2265 1944 63 32 mit
2358 1943 264 45 Genehmigung
2651 1944 212 48 derselben.)

1754 1993 196 44 Merkel,
1982 1993 53 44 G.,
2068 1993 62 47 Op.
2160 1994 61 42 24,
2250 1993 53 35 Im
2331 1998 136 40 grünen
2495 1993 116 38 Hain.
2641 1995 113 45 Idylle
2770 1996 63 42 für
2853 1996 115 34 Piano
2970 1997 106 42 forte.
3105 1997 47 34 10
3171 1997 90 46 Ngr.

1778 2065 47 4 —
1881 2065 45 4 -
1959 2045 65 47 Op.
2052 2045 62 42 25,
2159 2045 53 35 Im
2249 2045 303 34 wunderschönen
2581 2046 124 34 Monat
2734 2046 88 35 Mai.
2867 2047 216 36 Salonstück
3108 2050 63 43 für
3199 2049 69 34 das

2060 2096 116 34 Piano
2177 2098 104 42 forte.
2337 2097 47 32 15
2409 2096 85 45 Ngr.

1755 2147 221 43 Nicolai,
2013 2147 48 36 \V.
2093 2148 38 35 F.
2166 2148 55 42 G.,
2266 2148 62 46 Op.
2357 2148 38 42 4,
2438 2149 133 32 Sonate
2609 2149 38 32 in
2677 2148 127 35 E-dur
2841 2150 64 43 für
2954 2149 196 36 Yioloncell
3189 2152 76 33 und

2059 2198 116 34 Piano
2175 2200 107 42 forte.
2335 2199 24 31 2
2392 2199 94 35 Thlr.
2511 2199 51 33 20
2589 2199 87 45 Ngr.

1780 2270 45 4 —
1881 2268 46 4 —
1960 2249 61 47 Op.
2051 2251 35 39 5,
2134 2249 86 33 Drei
2248 2249 158 45 Gesänge
2436 2251 65 42 für
2536 2250 78 34 eine
2640 2250 122 43 tiefere
2790 2249 148 35 Stimme
2966 2251 62 35 mit
3059 2251 205 48 Begleitung

2059 2300 59 34 des
2149 2301 114 33 Piano
2264 2301 105 43 forte.
2428 2300 47 34 18
2503 2300 83 45 Ngr.

1781 2371 44 5 —
1884 2373 44 5 —
1961 2350 63 47 Op.
2051 2352 37 42 6,
2129 2351 282 43 Wanderschaft.
2441 2351 215 35 Salonstück
2681 2353 63 42 für
2772 2352 65 34 das
2858 2352 115 35 Piano
2974 2355 106 42 forte.
3112 2353 45 35 18
3177 2354 86 46 Ngr,

1779 2422 47 4 —
1881 2423 45 4 —
1959 2402 61 46 Op.
2052 2405 36 40 7,
2117 2402 464 46 Erinnerung.Salonstück
2606 2404 63 42 für
2698 2404 64 33 das
2790 2403 223 44 Pianoforle.
3049 2405 48 34 12
3126 2406 85 44 Ngr.

1781 2473 46 4 —
1881 2474 48 5 —
1961 2455 62 45 Op.
2051 2453 36 41 8,
2118 2455 103 42 Fünf
2242 2455 127 33 Lieder
2402 2455 64 43 für
2507 2455 76 33 eine
2611 2455 228 45 Singstimme
2877 2456 64 33 mit
2968 2456 207 46 Begleitung
3204 2457 59 34 des

2060 2504 121 35 Piano
2181 2506 107 44 forte,
2342 2505 50 33 22
2423 2505 85 45 Ngr.

1752 2555 26 34 S
1789 2569 18 21 c
1817 2556 20 34 h
1851 2569 23 20 u
1887 2568 31 21 m
1931 2568 23 20 a
1966 2568 21 22 n
2001 2569 22 21 n
2036 2583 9 14 ,
2086 2557 58 41 II.,
2186 2556 64 47 Op.
2278 2555 62 43 63,
2369 2557 124 34 Erstes
2526 2557 79 33 Trio
2635 2557 37 33 in
2704 2556 150 38 D-moll.
2906 2557 262 47 Arrangement
3198 2559 66 43 für

2058 2608 64 33 das
2160 2607 211 44 Pianoforte
2411 2620 44 22 zu
2495 2609 73 32 vier
2604 2608 152 34 Händen
2801 2621 68 22 von
2905 2609 112 35 Emst
3049 2610 213 36 Naumann.

2056 2659 24 32 2
2115 2659 93 35 Thlr.
2236 2660 50 31 20
2315 2659 85 45 Ngr.

1760 2708 31 34 V
1799 2709 232 45 olckmar,
2068 2709 9 33 I
2124 2709 50 42 V.,
2265 2710 60 43 50,
2362 2710 239 44 Orgelschule.
2641 2709 74 35 Von
2744 2710 66 34 den
2839 2717 115 29 ersten
2983 2711 197 45 Anfängen
3208 2711 53 34 bis

2057 2774 65 21 zur
2148 2762 152 33 höheren
2324 2761 235 45 Ausbildung.
2589 2761 37 33 31
2630 2762 25 33 it
2673 2761 76 35 460
2776 2762 321 46 Uebungsstücken.
3125 2763 23 34 9
3170 2762 93 37 Thlr.

1825 2882 45 35 In
1898 2883 63 34 der
1988 2883 293 44 Kurfürstlichen
2310 2885 207 48 Hofcapelle
2554 2898 43 21 zu
2627 2885 167 34 Kassel
2830 2885 86 34 sind
2938 2887 87 32 zwei
3051 2886 131 35 Stellen
3211 2898 50 23 an

1751 2943 61 34 der
1840 2950 114 27 ersten
1992 2944 136 34 Violine
2167 2945 75 33 und
2277 2945 55 34 die
2361 2946 59 34 des
2454 2952 115 28 ersten
2599 2946 170 34 Flötisten
2798 2945 152 46 erledigt.
3009 2946 152 45 Darauf
3188 2947 73 35 lle-

1747 3003 216 46 flectirende,
2008 3004 125 35 welche
2169 3005 86 34 über
2283 3006 74 33 ihre
2385 3006 258 34 künstlerische
2674 3006 223 45 Befähigung
2924 3007 76 32 und
3027 3007 159 35 Routine
3212 3008 49 33 im

1754 3065 50 31 Or
1807 3063 91 35 ehest
1903 3064 129 47 erspiel
2065 3065 202 45 genügende
2297 3065 260 47 Nachweisung
2594 3067 107 44 geben
2729 3066 154 46 können,
2926 3066 95 35 bittet
3049 3079 98 31 man,
3191 3067 77 35 ihre

1751 3123 260 46 Bewerbungen
2053 3124 54 35 bei
2142 3125 35 34 Ii
2187 3137 22 22 u
2222 3126 73 44 rfü
2304 3138 18 21 r
2333 3126 141 33 stlich
2486 3138 47 21 er
2574 3126 237 35 General-
2821 3126 333 37 Intendantur
3191 3128 77 35 des

1748 3183 310 46 Hoftheaters
2101 3184 149 46 baldigst
2281 3186 262 37 einzureichen.

1796 3298 83 34 Alle
1902 3299 39 33 in
1969 3299 122 33 dieser
2113 3299 316 47 Musik-Zeitung
2453 3301 280 47 besprochenen
2767 3301 81 33 und
2871 3301 289 45 angekündigten
3188 3303 84 34 Mu-

1742 3349 153 35 sicalien
1918 3356 71 28 etc.
2011 3351 89 33 sind
2125 3363 43 21 zu
2191 3352 172 34 erhalten
2388 3354 40 33 in
2455 3353 67 34 der
2544 3360 91 28 stets
2659 3352 230 44 callständig
2915 3354 219 34 assortirten
3155 3354 116 35 Musi-

1744 3401 90 34 calle
1838 3412 22 23 n
1864 3421 21 6 -
1888 3400 57 35 Ha
1949 3401 89 35 ndlu
2042 3414 46 34 ng
2119 3403 103 35 nebst
2255 3403 241 36 Leihanstali
2535 3417 68 21 von
2648 3403 288 35 BERNHARD
2975 3405 63 33 RR
3047 3405 62 34 EL
3120 3405 69 35 ER
3230 3408 37 32 in

1751 3452 134 40 Köln,
1914 3454 244 34 Hochstrasse
2184 3455 67 33 JSr.
2277 3455 65 35 97.
