3088 4079
144 3973 45 23 102

150 110 50 21 ser
226 102 91 29 trinkt
345 101 59 28 und
432 100 290 32 vornübergebeugt
751 98 150 29 ausharrt.
950 97 85 32 Zeigt

151 153 67 28 eine
241 150 118 34 Maske,
384 150 99 32 fragte
510 158 41 25 er,
576 149 131 32 bezeugt
732 148 44 29 sie
800 148 90 33 nicht,
917 147 59 28 daß
1002 155 33 21 es

149 200 159 29 Gesichter
331 199 84 32 gibt?
458 199 38 29 Er
516 199 45 29 las
585 199 47 29 die
653 198 130 29 Masken
806 198 60 28 und
888 197 147 28 erkannte

150 250 58 28 den
229 249 154 33 Soldaten,
404 249 59 29 wie
486 248 63 29 sich
574 248 54 29 der
649 247 107 30 Soldat
778 248 40 27 im
841 246 122 33 Spiegel
988 254 32 20 er-

148 299 102 33 kennt,
278 298 81 29 nicht
386 298 85 28 mehr
499 298 60 28 und
587 298 81 29 nicht
697 298 146 33 weniger,
880 298 60 28 und
980 298 55 29 da
1035 298 1 34 9

148 347 160 34 Mädchen,
335 349 59 27 wie
418 348 64 28 sich
510 348 55 28 das
592 347 153 29 Mädchen
771 348 40 28 im
837 347 122 33 Spiegel
988 355 32 21 er-

148 397 101 30 kennt.
292 397 39 28 Er
353 406 54 19 zur
431 397 230 32 Wohltätigkeit
686 405 79 24 ganz
788 397 159 33 Unfähige,
973 396 42 29 Un-

148 446 120 34 willige,
287 446 208 33 Ungeeignete
514 446 97 33 drang
630 447 29 28 in
679 447 47 28 die
746 447 60 28 ihm
825 447 209 32 entlegensten

148 495 122 35 Berufe,
308 495 162 34 Zustände,
510 495 162 31 Gefahren.
722 496 39 30 Er
789 496 108 29 wurde
927 496 107 28 immer

147 546 137 31 weniger
312 545 175 34 Einsiedler,
524 547 107 27 immer
659 547 86 27 mehr
774 547 47 27 ein
847 545 186 34 Vielsiedler,

148 595 78 28 ohne
249 594 88 34 Zelle,
358 595 78 29 ohne
460 595 148 30 Eitelkeit.
650 595 62 30 Der
735 595 125 29 Mörder
884 604 66 19 war
974 595 60 28 ihm

147 652 35 21 so
203 644 95 29 schön
316 646 60 27 wie
397 644 55 30 das
474 644 105 33 Opfer.
618 645 40 29 Er
677 646 116 28 bewies
815 653 41 25 es,
878 644 101 28 indem
1001 652 32 20 er

146 695 44 27 sie
218 694 165 33 beichtete;
419 694 101 30 indem
549 703 32 21 er
608 697 45 28 sie
680 694 213 32 wiederholte;
931 693 103 29 indem

148 752 32 20 er
198 745 84 28 seine
301 743 101 35 Sätze,
421 743 97 30 bevor
539 754 33 20 er
590 746 45 28 sie
653 743 180 35 hinschrieb,
852 743 89 32 lange
961 751 72 24 wog

146 793 60 29 und
230 794 60 28 wie
312 794 47 28 ein
384 794 215 29 Goldschmied
625 795 83 28 seine
733 793 116 30 Steine:
885 793 70 29 sehr
980 801 36 24 ge-

146 851 68 21 nau.
257 842 39 30 Es
321 851 116 26 waren,
461 845 29 27 in
515 844 57 28 den
595 845 174 31 geatmeten
793 842 161 29 Ausdruck
981 851 35 24 ge-

146 900 160 26 zwungen,
324 893 46 28 ein
386 901 75 24 paar
476 893 181 29 stürmische
673 891 212 35 Lebensläufe,
901 891 132 30 rasende

146 943 59 27 wie
233 942 207 34 Wasserfälle,
468 942 198 34 sprühendes,
703 941 160 34 rollendes,
890 941 125 28 wirbeln-

146 991 63 34 des,
231 991 153 30 kosendes
405 991 141 34 Wasser;
576 991 137 34 Wasser,
734 991 55 29 das
809 992 30 28 in
861 990 53 30 der
936 990 97 33 Rinne

146 1041 96 29 durch
283 1044 65 27 eine
389 1041 120 29 scharfe
550 1040 98 32 Kante
687 1041 169 33 gehindert,
898 1041 133 34 wütend,

145 1091 153 34 zischend,
343 1091 204 33 aufgebäumt,
593 1092 61 28 wie
701 1090 232 30 Panterrücken
980 1098 36 25 ge-

146 1140 139 34 krümmt,
304 1142 29 27 in
352 1140 98 29 hohen
468 1140 106 33 Bogen
590 1140 177 35 hinschießt,
785 1140 200 29 hineinsiedet
1004 1140 30 28 in

145 1189 131 35 Röhren,
328 1190 226 33 hinausspringt
605 1190 28 28 in
686 1191 66 29 eine
804 1189 229 33 umfangreiche

145 1239 119 35 Schale,
290 1240 60 28 und
375 1248 73 21 vom
475 1239 199 35 Riesenrund,
712 1240 109 29 tosend
857 1239 173 34 gebändigt,

144 1289 74 29 über
235 1290 48 28 die
301 1289 122 34 Ränder
440 1291 28 28 in
485 1290 93 32 glatte
595 1289 113 30 Teiche
728 1290 90 32 quillt.
856 1289 51 30 Sie
926 1298 107 20 waren

145 1338 81 30 nicht
247 1340 66 28 sein
339 1338 122 33 Spiegel
486 1340 60 28 und
574 1349 32 20 er
632 1340 81 29 nicht
741 1340 54 28 der
821 1340 74 28 ihre.
939 1339 93 29 Diese

145 1388 178 32 quellenden
349 1389 113 34 Leben,
489 1390 60 28 wie
579 1397 54 21 aus
660 1390 97 29 ihrem
785 1390 108 32 eignen
919 1389 114 29 Traum

143 1437 224 35 herausgeholt,
395 1447 106 20 waren
529 1439 193 30 unmittelbar
750 1439 199 34 gewalttätig,
978 1447 36 20 un-

143 1488 151 29 mittelbar
331 1488 157 35 besessen,
526 1489 193 29 unmittelbar
756 1489 133 34 bewegt,
926 1489 106 28 keine
1034 1488 2 35 9

145 1537 68 29 dem
237 1538 115 28 andern
374 1538 127 34 ähnlich,
522 1547 56 20 nur
602 1538 98 30 hinter
723 1539 86 29 ihren
833 1538 103 33 Zügen
959 1547 55 20 vor-

144 1590 63 27 erst
226 1589 66 28 eine
310 1587 195 35 Dunkelheit;
535 1589 83 29 diese
639 1597 66 20 war
724 1589 90 28 ihnen
833 1589 197 33 gemeinsam,

142 1637 85 29 diese
255 1646 66 20 war
350 1637 43 29 ihr
423 1637 216 35 Hintergrund,
677 1638 45 29 ihr
751 1638 156 34 Abgrund,
937 1636 93 35 Tiefe,

143 1686 149 33 goldgrün
312 1690 55 31 rot,
386 1688 60 28 und
466 1688 226 32 ausgebreitete
712 1687 107 30 Nacht.
858 1688 105 28 Gleich
983 1688 48 28 die

144 1739 101 27 ersten
271 1737 145 30 Arbeiten
449 1738 134 29 öffneten
618 1738 61 28 ihm
715 1738 47 28 die
788 1737 81 29 Türe
896 1746 38 20 zu
962 1737 70 29 dem

142 1785 136 36 Meister,
302 1787 53 30 der
381 1788 113 29 erklärt
516 1788 61 34 hat,
602 1787 47 30 die
670 1787 84 30 Welt
776 1788 44 29 sei
844 1787 186 34 geschaffen,

143 1845 50 20 um
214 1846 37 19 zu
273 1839 98 27 einem
393 1840 93 30 guten
508 1838 86 29 Buch
618 1846 38 21 zu
679 1838 158 32 gelangen.
881 1837 60 29 Gut
963 1836 68 29 hieß

145 1888 92 33 eines,
259 1887 58 29 daß
338 1887 64 29 sich
423 1888 98 29 neben
543 1889 98 28 einem
662 1887 108 35 Baum,
793 1888 98 29 einem
913 1887 117 34 Felsen,

145 1937 81 29 einer
248 1937 195 34 Landschaft,
463 1938 29 32 ja
513 1946 99 24 gegen
634 1938 44 29 sie
700 1938 90 29 hielte
813 1938 61 28 und
896 1937 117 33 behaup-

143 1988 70 27 tete.
255 1986 109 29 Dieser
386 1987 170 30 weltweise
579 1987 149 33 Schöpfer
753 1987 51 29 lud
828 1986 204 30 wöchentlich

142 2038 84 27 seine
245 2035 204 30 Wahlbrüder
466 2045 38 20 zu
521 2037 74 34 sich,
614 2037 61 28 und
693 2045 71 20 wen
784 2045 32 20 er
835 2036 122 34 wählte,
977 2036 54 29 der

143 2093 66 21 war
235 2088 47 26 ein
308 2088 88 31 gutes
420 2085 95 31 Buch.
560 2086 52 30 Als
648 2086 53 30 der
738 2095 78 21 neue
852 2086 75 29 Gast
961 2094 71 20 zum

143 2136 164 29 erstenmal
332 2138 87 27 unter
446 2137 43 29 sie
515 2138 69 32 trat,
609 2136 113 29 befand
748 2145 32 21 er
806 2136 64 29 sich
895 2135 136 33 sogleich

142 2193 57 22 vor
221 2185 53 30 der
295 2185 201 34 Schilderung
517 2188 82 27 eines
619 2186 135 29 Tisches.
795 2185 55 30 Ein
871 2185 160 30 Tintenfaß

142 2243 56 21 aus
218 2237 99 27 rotem
334 2235 84 30 Lack
437 2236 61 29 und
519 2238 66 27 eine
605 2236 190 33 griechische
814 2235 82 30 Vase
917 2236 95 28 bezau-

142 2284 107 30 berten
270 2285 59 29 ihn.
369 2285 38 29 Er
430 2286 87 30 hörte
539 2286 131 30 Ausrufe
692 2286 61 30 und
776 2288 66 28 eine
863 2286 169 29 verzückte

142 2334 237 34 wohlgepflegte
397 2335 98 34 Rede:
526 2337 44 28 sie
590 2338 106 27 tönten
715 2336 61 29 ihm
796 2344 55 21 aus
870 2336 70 29 dem
959 2335 54 30 Tin-

142 2384 102 29 tenfaß
267 2385 61 28 und
349 2387 118 30 stiegen
492 2394 54 21 aus
570 2386 53 29 der
648 2386 170 29 metallisch
842 2386 190 33 glitzernden

141 2433 91 30 Vase.
270 2434 99 35 Leise,
388 2435 110 29 lautlos
519 2436 83 34 leise,
622 2435 81 29 warf
722 2445 32 20 er
774 2436 89 28 ihnen
883 2444 67 26 vor,
973 2434 57 30 daß

141 2485 57 28 wir
227 2486 63 27 erst
317 2485 66 29 eine
411 2484 145 34 Meinung
585 2485 104 30 hätten
719 2485 61 29 und
809 2485 79 29 dann
918 2493 111 21 unsere

142 2534 132 31 Gründe.
318 2535 74 30 Wer
419 2537 85 29 seine
531 2535 146 35 Meinung
705 2545 49 20 am
781 2536 108 30 besten
915 2536 98 29 vertei-

142 2584 72 35 digt,
235 2585 52 30 hat
306 2586 94 30 recht.
440 2586 82 29 Aber
543 2595 54 20 nur
619 2595 62 21 von
700 2586 222 34 Verteidigern,
945 2595 17 20 o
983 2586 45 29 ihr

140 2634 162 30 vorlauten
327 2635 121 29 Geräte.
471 2655 37 3 —
531 2636 52 30 Als
607 2645 32 21 er
664 2637 55 29 das
741 2636 190 30 nächstemal
954 2637 57 28 wie-

141 2684 172 34 derkehrte,
341 2686 193 29 unterschied
560 2695 33 21 er
620 2687 157 29 zwischen
804 2685 225 31 Wissenschaft

141 2734 61 29 und
220 2733 98 33 Kunst
338 2735 61 28 und
419 2738 97 32 sagte,
538 2736 57 29 daß
618 2737 47 28 die
686 2736 227 30 Wissenschaft
934 2737 96 28 ordne

141 2784 61 28 und
222 2784 48 29 die
289 2784 97 32 Kunst
405 2785 69 32 jede
493 2786 104 29 solche
618 2786 149 33 Ordnung
790 2786 125 29 auflöse.
955 2786 75 29 Man

141 2835 103 29 müsse
269 2834 44 29 als
339 2834 141 32 Künstler
508 2835 55 29 das
590 2836 93 32 völlig
710 2835 238 33 Eigentümliche
976 2836 36 29 be-

139 2885 101 33 tonen,
268 2884 100 29 dieses
395 2884 116 29 Einmal
538 2885 61 28 und
623 2885 239 35 Nicht-Wieder,
900 2886 47 30 die
976 2894 35 24 ge-

141 2933 106 30 äderte
277 2933 174 34 Zeichnung
489 2934 50 29 auf
579 2936 98 27 einem
705 2935 233 34 Pflanzenblatt,
969 2935 61 29 und

141 2982 81 30 nicht
261 2983 222 36 hervorheben,
524 2984 57 29 daß
623 2993 32 21 es
686 2985 137 34 gekerbt,
851 2985 71 32 lang
954 2984 74 30 oder

139 3033 80 31 spitz
237 3034 44 28 sei
301 3055 7 7 .
329 3056 7 7 .
357 3057 6 6 .
399 3033 60 30 Der
478 3034 61 29 Tür
558 3035 185 34 gegenüber,
760 3043 58 21 vor
839 3035 69 29 dem
925 3035 83 29 mäch-

140 3083 83 31 tigen
249 3083 232 31 gedrechselten
510 3083 139 30 Schrank
675 3086 54 27 mit
758 3084 59 29 den
847 3084 182 30 Zinntellern

140 3132 61 28 und
222 3132 126 35 Töpfen,
371 3135 134 31 wiegten
528 3135 40 28 im
592 3134 221 29 Halbschatten
837 3134 191 33 persönliche

140 3180 107 30 Hände
271 3182 60 28 und
357 3184 189 31 persönliche
572 3183 131 31 Stirnen.
748 3184 59 29 Auf
832 3184 69 29 dem
925 3184 83 29 Heim-

141 3238 70 24 weg
230 3231 108 29 erfand
354 3241 32 20 er
404 3233 90 29 ihnen
510 3233 88 32 jeden
616 3235 87 27 einen
719 3234 128 34 Roman,
866 3234 68 28 dem
951 3234 57 29 Mei-

141 3281 63 28 ster
225 3281 57 28 den
301 3281 54 29 des
372 3281 213 34 Empedokles.
621 3283 62 30 Der
703 3292 67 20 war
790 3283 61 30 ihm
871 3283 82 30 nicht
974 3283 53 29 der

140 3328 113 35 Weise,
275 3330 91 29 kaum
390 3333 47 27 ein
459 3332 205 30 Schwärmer.
705 3333 91 30 Seine
819 3333 209 33 priesterliche

139 3378 217 37 Erscheinung,
373 3382 66 28 sein
456 3381 234 33 Purpurmantel
710 3384 53 28 mit
782 3383 58 29 den
859 3382 169 30 metallisch

140 3429 201 30 schillernden
366 3430 180 35 Mäandern,
574 3434 65 27 sein
665 3433 181 29 unerhörter
872 3432 75 35 Tod,
973 3441 55 23 gar

141 3478 49 29 die
215 3478 142 36 Sandale,
383 3480 48 30 die
455 3489 64 20 von
543 3482 61 27 ihm
630 3482 177 34 übrigblieb,
833 3490 107 21 waren
966 3482 62 29 ihm

139 3528 160 33 wichtiger
322 3530 45 28 als
391 3530 48 28 die
461 3530 99 30 Lehre
579 3539 74 21 vom
675 3531 66 29 Haß
764 3532 61 28 und
847 3532 54 29 der
925 3532 101 33 Liebe,

141 3577 48 28 die
218 3579 248 32 ausgesprochen
494 3580 81 29 nicht
603 3581 85 29 mehr
726 3582 69 28 dem
823 3581 204 33 Empedokles

140 3626 98 34 allein,
262 3628 133 29 sondern
418 3629 78 29 allen
521 3629 151 30 Griechen
696 3631 136 32 gehörte.

197 3692 154 37 Wirklich,
371 3703 38 20 an
430 3696 211 29 zweihundert
660 3696 142 30 Einzelne
824 3697 70 32 griff
918 3706 31 20 er
973 3705 54 21 aus

141 3742 70 28 dem
240 3743 65 32 Tag
332 3745 59 27 und
421 3745 52 29 der
503 3744 107 35 Nacht,
640 3745 55 29 sah
722 3746 64 29 ihre
816 3746 212 29 zweihundert

139 3791 124 30 Mienen
290 3793 60 28 und
376 3795 157 35 vernahm,
562 3803 67 21 was
658 3796 44 28 sie
730 3796 199 29 vernahmen.
976 3795 51 30 Sie

140 3842 130 29 wurden
297 3842 139 35 deutlich,
463 3846 203 27 verstummte
695 3843 156 36 Stimmen,
890 3847 30 27 in
958 3845 52 28 Ein-

140 3890 201 31 banddecken
366 3893 205 33 verscharrte,
600 3894 61 28 und
689 3894 44 29 sie
761 3895 129 28 wurden
917 3894 110 29 durch-

1107 94 118 34 sichtig,
1253 94 29 28 in
1310 94 56 29 das
1395 94 124 29 Gehäus
1547 93 82 29 ihrer
1655 93 110 29 Leiber
1792 96 205 27 vermummte

1108 144 158 29 Stimmen.
1303 143 39 29 Er
1361 143 121 29 schrieb
1502 143 82 29 nicht
1599 143 99 33 lange,
1717 151 55 20 nur
1792 143 47 28 ein
1856 143 121 31 Knaben-

1108 193 75 30 alter
1211 193 80 33 lang,
1317 192 145 29 fünfzehn
1491 192 107 33 Jahre;
1635 193 28 30 je
1691 192 85 28 mehr
1806 200 32 20 er
1867 193 129 33 schrieb,

1107 243 88 29 desto
1218 242 171 30 sichtbarer
1411 250 108 21 waren
1543 242 47 29 die
1613 241 116 29 andern
1750 241 61 29 und
1834 241 88 29 desto
1943 250 36 20 un-

1107 293 170 29 sichtbarer
1304 300 32 20 er
1364 291 104 29 selbst.
1514 291 75 28 War
1617 299 32 20 er
1676 290 50 29 bei
1751 291 100 28 seiner
1878 291 120 29 kleinen

1107 341 120 30 Wilden
1249 349 56 21 aus
1327 341 54 28 der
1402 340 232 33 Pflanzenwelt,
1655 341 98 28 einem
1774 341 117 32 grünen
1910 340 86 34 Kind,

1107 392 55 28 das
1183 392 29 28 in
1234 390 48 29 die
1302 389 245 30 Menschenwelt
1570 397 139 24 gezogen
1729 389 117 29 wieder
1868 390 111 28 zurück-

1107 440 161 33 gewichen
1293 440 47 34 ist,
1366 441 53 27 mit
1445 441 83 27 einer
1554 439 120 29 kleinen
1700 438 162 34 Freundin,
1886 440 30 27 in
1942 439 55 29 das

1107 489 193 30 unbekannte
1328 491 96 30 grüne
1454 488 94 34 Land,
1579 488 74 29 oder
1684 489 40 27 im
1752 487 187 35 Mittelalter,
1968 489 30 28 in

1107 540 70 29 dem
1201 539 53 29 der
1277 538 118 34 Antike,
1419 538 70 29 dem
1510 537 213 34 Hellenismus,
1747 538 47 28 ein
1814 536 163 30 Mordbren-

1106 597 63 26 ner,
1195 589 47 28 ein
1267 587 238 30 Salbenreiber?
1550 587 52 29 Als
1629 595 32 21 er
1684 587 100 28 hinter
1809 587 54 28 der
1888 585 110 30 Maske

1107 639 55 28 das
1187 637 125 30 Gesicht
1336 637 60 29 und
1419 637 98 29 hinter
1540 637 59 29 den
1622 636 149 29 Stimmen
1796 635 47 30 die
1869 635 128 30 Stimme

1105 688 104 28 fassen
1237 687 102 28 wollte
1368 686 71 33 griff
1468 695 32 20 er
1527 688 30 27 in
1583 687 84 28 seine
1696 685 212 29 zweihundert
1937 685 40 29 Ge-

1106 737 166 34 schichten,
1292 738 29 27 in
1341 736 212 30 zweihundert
1573 735 143 34 Träume,
1737 736 30 28 in
1787 734 211 30 zweihundert

1107 787 198 29 Gleichnisse.
1341 786 56 29 Die
1415 785 107 33 Augen
1538 785 160 30 schlössen
1717 784 73 34 sich,
1810 785 85 28 seine
1913 783 63 30 Mas-

1105 836 170 34 kenaugen,
1311 835 60 30 und
1406 835 156 30 zwischen
1588 835 59 28 den
1674 834 235 33 Augensternen
1936 832 61 30 und

1105 886 59 29 den
1184 886 206 32 Augenlidern
1411 886 136 28 belehrte
1568 884 51 29 ihn
1640 885 66 28 sein
1729 884 166 31 Gespenst:
1928 882 69 29 Wie

1105 936 40 28 du
1173 935 45 29 dir
1246 935 109 34 fliehst,
1385 935 144 29 entfliehn
1554 934 65 29 sich
1646 934 48 30 die
1722 933 198 33 Unzähligen,
1959 940 38 21 zu

1106 985 98 29 denen
1221 985 40 28 du
1276 985 156 32 flüchtest;
1462 985 43 28 sie
1522 983 93 30 fliehn
1632 985 30 27 in
1679 984 68 28 eine
1764 982 68 34 Tat,
1849 982 51 29 die
1915 982 82 29 nicht

1106 1035 39 28 du
1170 1037 71 32 tust,
1266 1036 30 28 in
1320 1036 48 28 ein
1389 1034 185 33 Abenteuer,
1597 1033 56 29 das
1677 1032 83 30 nicht
1785 1032 40 29 du
1849 1031 147 34 bestehst,

1105 1093 38 21 zu
1164 1085 98 28 einem
1282 1084 100 34 Gotte,
1404 1084 58 29 den
1482 1084 82 28 nicht
1585 1083 39 29 du
1644 1082 151 29 anbetest.
1814 1100 37 3 —
1869 1081 38 29 Er
1928 1080 69 33 griff

1105 1134 97 29 hinter
1223 1135 54 28 der
1296 1133 110 30 Maske
1427 1133 48 30 die
1493 1132 228 33 Verzweiflung
1740 1131 60 30 und
1819 1131 98 29 hinter
1939 1131 59 28 den

1105 1183 148 30 Stimmen
1284 1183 48 29 die
1359 1183 94 32 Lüge.
1500 1182 92 29 Diese
1632 1190 99 21 neuen
1769 1180 140 35 Masken,
1950 1181 47 27 ein

1105 1235 102 31 wenig
1224 1233 201 34 geschminkt,
1444 1232 169 30 schenkten
1629 1232 60 28 ihm
1709 1232 48 30 ein
1775 1239 95 21 neues
1886 1230 110 33 Werk;

1106 1293 32 21 es
1161 1292 67 20 war
1251 1291 35 22 so
1312 1283 219 32 schwermütig
1556 1282 106 34 schön,
1688 1281 57 29 daß
1771 1281 61 28 ihm
1858 1280 49 29 die
1933 1281 49 31 jun-

1105 1342 59 24 gen
1199 1333 154 29 Mädchen
1389 1331 102 30 Briefe
1531 1331 131 30 sandten
1690 1331 61 28 und
1781 1330 142 33 Blumen;
1964 1338 34 20 es

1105 1383 90 30 stand
1211 1383 75 34 drin,
1304 1382 58 29 daß
1380 1382 55 29 das
1452 1382 105 29 Leben
1574 1382 117 31 traurig
1707 1382 44 28 sei
1768 1380 61 29 und
1848 1380 47 28 die
1912 1379 85 32 Lüge

1103 1434 100 31 lustig.
1240 1432 39 29 Er
1296 1432 167 30 verkehrte
1483 1431 140 29 heimlich
1644 1432 30 27 in
1693 1429 303 33 Winkelherbergen,

1103 1483 69 29 fuhr
1202 1491 38 20 zu
1268 1482 136 34 Rennen,
1432 1481 148 29 besuchte
1610 1479 285 33 Versammlungen,
1935 1478 48 29 hei-

1104 1535 100 27 ratete
1230 1533 66 28 eine
1324 1531 256 33 Schauspielerin,
1608 1530 48 30 die
1682 1530 61 28 ihm
1771 1530 66 29 eine
1864 1530 115 30 vorzüg-

1103 1582 78 29 liche
1224 1582 206 33 Desdemona,
1473 1580 137 34 Ophelia,
1650 1579 125 29 Phädra
1818 1586 77 26 war,
1936 1577 62 29 und

1104 1632 109 29 wurde
1234 1632 71 29 sehr
1328 1631 107 29 krank.
1478 1630 73 30 Sein
1572 1630 110 29 letztes
1705 1629 95 33 Buch,
1826 1628 55 29 das
1907 1629 90 32 erste,

1104 1683 99 28 worin
1228 1690 32 21 er
1286 1681 125 30 Gericht
1434 1681 81 33 hielt,
1539 1679 102 30 betraf
1665 1679 49 30 die
1735 1677 262 34 Tagesschreiber

1105 1731 61 30 und
1185 1731 48 29 die
1252 1731 282 33 Tageszeitungen;
1564 1738 32 21 er
1615 1728 60 31 traf
1694 1730 44 28 sie
1758 1728 136 32 schwer;
1924 1726 74 29 aber

1106 1791 32 20 er
1160 1782 139 28 erschien
1321 1783 88 27 unter
1432 1781 99 28 einem
1550 1779 209 33 Decknamen,
1780 1777 60 29 und
1863 1777 48 29 die
1934 1784 43 20 we-

1104 1832 121 32 nigsten
1244 1832 133 28 errieten
1397 1831 58 28 den
1474 1829 173 30 Verfasser.

1161 1881 85 29 Noch
1264 1881 97 29 bevor
1381 1888 32 21 er
1434 1879 95 35 starb,
1548 1879 112 28 kamen
1679 1879 80 28 zwei
1778 1876 202 33 Tagesschrei-

1105 1931 54 29 ber
1176 1933 53 27 mit
1247 1932 82 28 einer
1348 1930 178 33 Rundfrage
1545 1937 39 21 zu
1601 1928 70 30 ihm.
1710 1927 51 30 Sie
1780 1926 126 30 wollten
1923 1925 74 29 über

1105 1981 48 29 die
1180 1980 131 29 Zukunft
1338 1980 54 29 des
1430 1979 154 33 Romanes
1621 1977 153 30 Bescheid
1801 1976 109 29 haben.
1957 1975 40 29 Es

1105 2039 66 20 war
1194 2028 128 36 Winter,
1347 2038 31 20 er
1400 2029 102 29 lehnte
1525 2036 58 21 vor
1608 2028 70 29 dem
1698 2026 118 34 Kamin,
1839 2024 158 34 fröstelnd,

1105 2079 176 34 abgezehrt,
1312 2079 59 28 nah
1399 2087 49 21 am
1475 2078 108 29 Feuer.
1632 2076 52 30 Sie
1724 2075 187 30 erschraken
1940 2081 57 21 vor

1104 2131 105 28 seinen
1227 2129 111 34 fahlen,
1359 2128 221 33 ausgehöhlten
1599 2126 151 33 Wangen.
1780 2125 91 29 Seine
1889 2123 109 29 Hände

1103 2188 108 20 waren
1235 2179 193 33 verknittert,
1456 2179 65 28 sein
1546 2176 133 30 Schädel
1703 2175 101 35 blank,
1830 2176 66 28 sein
1923 2173 75 30 Bart

1103 2231 152 28 zerzaust.
1299 2228 39 29 Er
1364 2228 113 29 blickte
1502 2228 45 29 sie
1571 2235 47 25 an,
1642 2225 150 30 während
1820 2233 31 20 er
1877 2223 119 34 sprach,

1104 2279 61 29 und
1192 2279 43 29 sie
1261 2278 118 33 folgten
1404 2278 61 29 ihm
1492 2276 209 30 aufmerksam
1728 2276 54 28 mit
1809 2274 54 29 der
1889 2273 107 29 Feder.

1104 2329 51 30 Sie
1172 2328 100 30 haben
1289 2330 48 28 nie
1356 2327 122 35 geahnt,
1495 2326 59 30 daß
1573 2335 32 21 er
1622 2325 118 29 damals
1757 2326 162 32 gepriesen
1936 2323 60 34 hat,

1103 2387 68 21 was
1197 2379 62 29 ihm
1284 2377 131 30 verhaßt
1440 2384 77 27 war,
1544 2376 61 30 und
1634 2375 180 33 geschmäht
1841 2373 61 35 hat,
1929 2380 69 21 was

1105 2438 32 21 er
1158 2437 50 21 am
1227 2429 151 33 innigsten
1397 2427 155 30 verehrte.
1589 2426 52 29 Als
1660 2426 45 29 sie
1726 2424 136 29 draußen
1880 2430 116 27 waren,

1103 2479 51 30 fiel
1174 2488 33 20 er
1225 2481 30 27 in
1274 2479 87 29 einen
1379 2476 211 35 Ledersessel,
1609 2476 56 29 das
1686 2476 67 29 rote
1770 2474 89 30 Licht
1877 2474 40 28 im
1936 2472 41 32 Ka-

1103 2532 62 27 min
1182 2529 92 30 malte
1291 2528 61 30 ihm
1371 2529 66 29 eine
1453 2526 146 31 höllische
1615 2525 120 34 Fratze,
1754 2523 61 30 und
1835 2532 32 21 er
1887 2522 110 30 dachte

1105 2580 104 28 diesen
1229 2578 206 31 rfurchtbaren
1461 2577 87 29 Satz:
1588 2575 92 30 Jeder
1709 2573 145 30 Lebende
1882 2573 39 28 ist
1950 2572 47 28 ein

1103 2629 204 33 Sterbender;
1347 2636 33 21 es
1411 2627 64 33 gibt
1503 2627 89 29 keine
1623 2626 176 32 gemeinere
1829 2622 168 31 Erfindung

1104 2680 44 29 als
1176 2679 59 29 den
1260 2678 144 33 Schwan,
1430 2677 54 29 der
1511 2678 40 28 im
1578 2674 132 31 Sterben
1737 2674 93 32 ringt:
1871 2681 32 20 er
1932 2673 49 27 ent-

1103 2729 94 30 weiht
1221 2730 65 28 sein
1308 2728 124 33 Singen,
1454 2727 61 29 und
1539 2735 32 21 er
1596 2723 147 31 entweiht
1766 2725 66 28 sein
1856 2721 140 30 Sterben.

1101 2798 39 4 —
1159 2779 94 29 Einen
1274 2777 108 30 Monat
1404 2776 90 30 drauf
1515 2784 67 21 war
1605 2783 32 20 er
1660 2775 54 28 tot.

1160 2829 39 29 Er
1223 2829 73 32 liegt
1322 2827 51 30 auf
1397 2827 70 29 dem
1491 2824 144 31 Friedhof
1659 2826 88 27 unter
1771 2822 98 30 lauter
1894 2820 83 30 Unbe-

1103 2880 143 28 kannten.
1286 2878 55 29 Ein
1362 2877 105 33 gelber
1488 2876 85 30 Stein
1593 2876 38 28 ist
1653 2875 53 27 mit
1726 2874 97 32 roten,
1846 2870 151 30 zuweilen

1105 2932 99 27 etwas
1223 2928 210 30 verwischten
1454 2926 102 30 Zeilen
1575 2923 123 34 bemalt,
1717 2924 55 28 mit
1793 2922 83 29 einer
1898 2920 79 30 Grab-

1103 2979 108 29 schrift
1238 2977 181 34 griechisch,
1448 2979 82 27 etwa
1557 2976 30 27 in
1616 2974 53 28 der
1699 2972 105 29 Weise
1842 2971 55 29 des
1935 2970 42 29 He-

1103 3029 123 29 rondas.
1275 3027 56 30 Die
1361 3024 221 35 Ueberschrift,
1613 3022 134 31 erhaben
1778 3022 61 28 und
1867 3022 31 28 in
1928 3019 66 34 Erz,

1223 3102 54 26 ov%
1293 3090 101 31 änXajg
1415 3089 95 38 nÄrjyij
1534 3088 86 37 äegog
1642 3097 73 17 eoziv
1737 3085 17 37 fj
1778 3095 97 27 cpatvr],

1100 3146 39 27 ist
1159 3144 69 29 dem
1249 3143 108 29 Piaton
1379 3144 204 27 entnommen.

1100 3193 57 29 Die
1181 3193 127 30 Stimme
1332 3193 39 29 ist
1394 3191 82 30 nicht
1498 3200 56 20 nur
1580 3191 49 28 ein
1651 3188 113 31 Schlag
1787 3188 29 27 in
1841 3186 48 29 die
1913 3184 78 30 Luft.

1156 3298 84 34 Steh,
1263 3297 162 33 Wandrer,
1448 3295 62 30 und
1531 3294 130 33 erfahre,
1684 3292 58 28 daß
1762 3291 49 29 ich
1832 3292 48 28 ein
1902 3288 73 30 Dich-

1101 3351 46 27 ter
1176 3356 77 21 war.
1299 3346 105 29 Nichts
1432 3343 226 31 Menschliches
1684 3350 68 20 war
1790 3342 56 28 mir
1884 3339 108 29 fremd.

1101 3398 75 29 War
1195 3398 49 29 ich
1263 3398 70 28 kein
1352 3395 151 29 Mensch?
1545 3394 50 28 Ich
1615 3393 52 28 bin
1684 3393 56 27 mir
1759 3390 99 30 fremd
1879 3389 97 33 geblie-

1100 3448 69 28 ben.
1213 3447 50 29 Ich
1301 3447 87 28 hörte
1427 3445 47 30 die
1512 3444 127 29 Stimme
1677 3442 55 28 des
1768 3440 138 33 Waldes,
1945 3439 48 29 die

1101 3496 127 30 Stimme
1256 3496 54 29 der
1338 3495 122 30 Herzen
1485 3494 61 29 und
1571 3492 49 29 die
1647 3490 128 30 Stimme
1804 3490 53 29 der
1886 3489 105 28 Toten.

1101 3546 51 29 Ich
1178 3546 158 29 zeichnete
1364 3545 59 34 auf,
1460 3553 68 20 was
1555 3542 48 30 ich
1631 3540 156 30 schauend
1815 3539 88 29 hörte
1931 3537 61 30 und

1101 3596 84 29 starb
1206 3596 52 28 mit
1277 3593 288 32 siebenunddreißig
1582 3591 124 28 Jahren.
1735 3589 92 29 Hätte
1847 3589 48 28 ich
1914 3587 79 29 noch

1102 3645 65 29 drei
1193 3644 93 30 Jahre
1322 3643 112 35 gelebt,
1473 3643 80 29 dann
1582 3642 87 27 wäre
1698 3640 80 28 mein
1807 3637 185 30 Franziskus

1100 3694 156 29 vollendet
1292 3701 156 25 gewesen.
1495 3692 39 29 Er
1572 3690 74 29 fehlt
1682 3690 57 28 mir
1777 3689 80 29 sehr.
1905 3687 88 28 Denn

1101 3746 94 27 wisse
1222 3741 72 35 (und
1319 3743 71 29 hüte
1415 3743 68 28 dich
1508 3749 58 21 vor
1592 3739 177 29 schlechten
1794 3732 197 36 Gedichten):

1101 3796 40 27 im
1159 3793 114 35 Reiche
1293 3793 54 28 des
1366 3791 148 30 Schatten
1529 3792 40 27 ist
1585 3789 59 28 den
1662 3788 148 29 Dichtern
1828 3787 65 29 ihre
1910 3785 82 29 Welt

1100 3843 204 33 mitgegeben.
1345 3841 51 29 Sie
1418 3841 152 32 bewegen
1590 3838 65 29 sich
1677 3840 88 26 unter
1789 3837 59 29 den
1872 3835 102 30 Gestal-

1100 3897 51 25 ten
1179 3893 81 29 ihrer
1290 3891 218 31 Schöpfungen
1537 3888 61 30 und
1627 3887 100 29 haben
1756 3887 88 28 keine
1876 3885 115 29 andern

2069 95 140 29 Freunde
2234 96 44 28 als
2303 96 53 28 sie.
2401 96 51 29 Ich
2478 97 106 29 werde
2611 98 53 28 mit
2691 96 202 33 Empedokles
2923 105 38 19 an

2070 145 59 28 den
2158 144 132 32 goldnen
2320 144 95 29 Ufern
2445 145 55 29 des
2537 146 141 33 Akragas
2714 145 153 34 wandeln,
2907 154 54 20 zur

2071 194 136 29 schönen
2227 193 89 30 Stadt
2334 194 149 33 Agrigent
2500 195 58 30 hin.
2596 196 100 29 Wenn
2715 196 48 29 ich
2784 195 73 28 aber
2876 196 66 27 wäh-

2070 244 49 29 len
2142 243 99 29 dürfte
2264 244 59 28 und
2342 244 117 30 wieder
2479 246 102 27 atmen
2601 245 80 29 oben
2703 245 50 29 auf
2775 244 54 29 der
2852 253 91 24 geseg-

2071 295 91 27 neten
2191 292 89 35 Erde,
2317 293 122 29 möchte
2478 293 47 29 ich
2566 296 47 26 ein
2642 294 215 32 Bauernjunge
2888 295 72 32 sein,

2070 343 102 33 blond,
2191 343 61 28 und
2272 343 82 28 nicht
2373 343 85 29 lesen
2478 343 122 28 können
2620 344 59 28 und
2700 344 82 29 nicht
2801 343 164 30 schreiben*

2071 392 60 29 und
2152 392 96 29 selbst
2267 392 47 28 die
2337 391 127 30 Stimme
2487 393 64 28 sein
2573 392 55 29 des
2650 393 135 34 Waldes,
2808 394 56 28 des
2885 392 60 29 Her-

2071 450 74 22 zens
2170 442 60 28 und
2257 442 53 28 der
2334 442 235 28 sommerlichen
2595 442 251 30 Getreidefelder.

2074 695 122 64 Die
2241 694 442 60 Schwermut
2728 695 119 59 des

2074 793 374 59 Geniebers

2070 892 120 33 Roman

2072 967 67 30 Von
2161 967 93 30 Artur
2278 967 162 30 Babillotte

2782 1025 182 30 Fortsetzung

2126 1091 83 30 Jetzt
2257 1092 104 29 schien
2413 1091 156 30 Johannes
2619 1093 66 29 sein
2735 1091 96 30 Werk
2883 1092 83 29 nicht

2071 1142 86 29 mehr
2196 1142 141 33 wertlos;
2379 1150 35 21 so
2455 1142 83 29 hatte
2582 1151 33 21 es
2655 1142 129 29 werden
2825 1143 139 32 müssen;

2072 1192 65 32 dies
2162 1192 88 29 sollte
2275 1192 56 29 das
2354 1191 141 33 Vorspiel
2520 1193 65 28 sein
2609 1201 39 19 zu
2674 1192 82 29 einer
2782 1191 96 33 Reihe
2902 1199 64 21 von

2070 1241 146 34 Werken,
2236 1243 29 27 in
2283 1241 99 29 denen
2403 1242 56 28 alle
2478 1241 182 35 Sehnsucht,
2678 1242 83 29 nicht
2780 1243 101 27 seines
2902 1243 48 27 ein-

2069 1291 108 29 zelnen
2197 1291 120 30 kleinen
2338 1291 67 29 Ichs
2427 1291 97 34 allein,
2545 1293 78 32 nein,
2646 1291 48 30 die
2714 1291 174 29 Sehnsucht
2910 1291 56 29 der

2072 1341 198 34 Gegenwart,
2300 1341 53 29 der
2382 1340 194 30 Menschheit
2605 1342 100 28 seiner
2737 1340 66 30 Zeit
2832 1340 114 29 wieder-

2071 1393 93 27 tönen
2187 1391 61 29 und
2270 1391 65 29 ihre
2357 1390 161 33 Erhörung
2542 1390 103 29 finden
2669 1390 96 30 sollte.
2806 1389 68 29 Nun
2897 1398 69 20 war

2072 1441 56 29 das
2148 1441 105 29 Leben
2275 1441 53 28 der
2351 1440 109 30 Wüste
2481 1441 82 28 nicht
2584 1440 85 29 mehr
2691 1441 48 28 ein
2760 1439 123 35 Traum,
2905 1448 61 20 nun

2070 1491 84 29 hatte
2180 1499 33 21 es
2238 1491 48 29 die
2309 1490 156 29 Wünsche
2492 1490 62 29 und
2578 1490 165 29 Gebärden
2769 1490 61 28 und
2856 1489 111 29 Worte

2071 1540 55 30 der
2142 1540 170 30 Menschen
2328 1542 100 28 seiner
2447 1539 64 31 Zeit
2529 1548 232 26 angenommen,
2778 1547 67 21 war
2861 1541 31 27 in
2910 1538 57 29 das

2070 1590 159 29 wirkliche
2255 1590 105 29 Leben
2389 1592 149 32 getreten,
2566 1598 67 20 war
2662 1589 154 33 greifbare
2846 1588 120 30 Gestalt

2070 1640 179 32 geworden.

2127 1690 54 29 Ein
2206 1690 249 29 Seitenschrillen
2479 1690 69 29 stob
2575 1689 63 33 auf;
2664 1690 60 28 wie
2749 1689 99 29 kleine
2872 1688 95 29 flinke

2071 1740 166 33 Raubtiere
2264 1740 90 29 liefen
2382 1740 48 29 die
2457 1739 87 30 Töne
2572 1748 54 21 aus
2655 1739 59 29 den
2742 1739 224 29 Instrumenten

2071 1790 123 34 hervor,
2217 1790 164 29 kletterten
2404 1798 38 20 an
2464 1789 59 29 den
2547 1789 154 33 gemalten
2724 1788 113 30 Säulen
2862 1788 105 29 rechts

2071 1840 61 28 und
2147 1840 77 29 links
2243 1848 125 26 empor,;
2375 1839 145 29 bäumten
2536 1839 64 29 sich
2617 1840 29 27 in
2664 1840 99 28 einem
2780 1838 186 33 grandiosen

2071 1890 158 32 Schwung
2255 1890 75 29 über
2359 1890 48 29 die
2435 1888 98 33 Köpfe
2561 1889 54 29 der
2643 1888 179 35 Menschen,
2851 1888 48 29 die
2926 1887 40 29 da

2072 1942 93 26 unten
2194 1939 103 34 saßen,
2325 1939 132 34 hinweg,
2485 1938 145 30 verloren
2660 1938 64 29 sich
2754 1938 29 28 in
2812 1938 59 28 den
2900 1938 51 28 hin-

2070 1991 117 27 tersten
2214 1989 142 29 Winkeln
2385 1989 54 29 des
2467 1988 117 30 Saales.
2630 1988 89 29 Dann
2746 1989 143 28 zitterten
2917 1987 48 28 die

2072 2041 103 27 ersten
2198 2038 95 35 Töne,
2318 2039 44 28 als
2384 2038 174 30 fürchteten
2580 2039 44 28 sie
2650 2038 64 29 sich
2738 2045 74 21 vom
2836 2036 131 29 Podium

2071 2089 267 32 herabzusteigen.
2377 2088 74 29 Mild
2472 2088 61 29 und
2553 2088 158 33 gedämpft
2729 2087 60 29 wie
2811 2088 47 28 ein
2879 2086 71 29 Grei-

2071 2138 175 30 senlächeln
2270 2138 112 29 kamen
2406 2138 61 28 und
2492 2137 249 29 verschwanden
2767 2138 53 28 sie.
2865 2136 102 29 Wenn

2072 2190 82 28 einer
2175 2189 109 28 einmal
2306 2189 55 28 das
2381 2188 175 32 Verlangen
2577 2187 92 34 hatte,
2691 2187 86 29 stark
2799 2185 61 30 und
2882 2185 68 29 fröh-

2069 2239 59 29 lich
2152 2238 193 33 aufzujubeln
2368 2238 62 29 und
2454 2237 250 33 hinauszugehen
2728 2238 29 27 in
2783 2236 47 29 die
2856 2234 92 34 präch-

2070 2290 63 31 tige
2150 2288 110 35 Weite,
2278 2288 80 29 dann
2376 2288 55 30 sah
2450 2297 31 20 er
2499 2288 71 28 bald
2589 2288 56 33 ein,
2662 2286 58 30 daß
2739 2295 33 20 er
2789 2286 78 28 dazu
2884 2285 82 29 nicht

2070 2339 138 32 geboren
2227 2347 66 20 war
2313 2338 60 28 und
2394 2338 82 32 legte
2497 2337 65 30 sich
2583 2337 105 29 nieder
2710 2336 62 29 und
2792 2335 94 30 starb.
2925 2335 41 29 Es

2070 2396 68 21 war
2154 2389 80 34 sehr,
2251 2389 71 28 sehr
2341 2387 143 35 rührend,
2500 2388 61 29 wie
2579 2387 136 32 ergeben
2730 2387 29 28 in
2775 2386 45 29 ihr
2839 2384 110 31 Schick-

2070 2438 46 29 sal
2143 2438 84 29 diese
2255 2438 84 29 Töne
2367 2438 139 33 starben;
2534 2438 45 28 sie
2605 2445 108 21 waren
2741 2444 35 21 so
2804 2434 162 30 unendlich

2070 2491 76 32 zart,
2171 2488 58 29 daß
2254 2488 79 30 auch
2354 2488 54 29 der
2431 2486 286 34 unempfindlichste
2740 2485 130 30 Mensch
2893 2484 54 30 Mit-

2069 2539 61 29 leid
2154 2540 54 28 mit
2232 2538 90 29 ihnen
2346 2537 100 30 haben
2470 2537 112 29 mußte.
2625 2535 51 30 Sie
2701 2535 123 33 flehten,
2851 2534 44 29 als
2920 2534 46 29 sie

2070 2588 97 29 schon
2187 2590 45 27 tot
2254 2596 116 26 waren,
2392 2587 79 29 noch
2494 2595 51 20 um
2568 2588 48 27 ein
2638 2585 142 34 Lächeln,
2803 2584 55 29 das
2879 2584 87 28 ihren

2069 2638 181 33 Untergang
2267 2638 165 29 verklären
2450 2637 96 29 sollte.
2584 2635 51 31 Sie
2653 2643 108 21 waren
2778 2642 80 25 ganz
2874 2632 92 30 Seele

2071 2689 60 29 und
2156 2689 135 28 konnten
2315 2688 82 28 wohl
2422 2688 29 27 in
2478 2687 69 28 dem
2571 2685 232 33 hingegebenen
2829 2683 137 29 Zuhörer

2071 2739 48 29 die
2142 2737 186 33 Täuschung
2354 2736 172 34 erwecken,
2552 2735 55 30 das
2632 2735 95 33 Reich
2753 2734 55 29 des
2831 2733 116 32 Körper-

2070 2789 99 29 lichen
2189 2789 45 28 sei
2254 2796 39 20 zu
2314 2787 84 29 Ende
2420 2786 61 29 und
2504 2786 55 29 das
2582 2785 95 33 Reich
2698 2784 54 30 der
2774 2783 90 30 Seele
2886 2782 80 30 habe

2070 2840 105 28 seinen
2197 2838 120 32 Anfang
2339 2844 192 25 genommen.

2126 2888 65 29 Alle
2218 2887 169 29 Menschen
2415 2886 95 30 saßen
2537 2887 88 27 unter
2654 2885 70 28 dem
2749 2883 87 29 Bann
2864 2882 101 29 dieser

2072 2937 245 34 hingehauchten
2349 2936 94 30 Töne.
2494 2935 32 29 In
2558 2935 58 29 den
2648 2934 183 29 Gesichtern
2862 2932 100 31 zeigte

2070 2988 64 29 sich
2160 2989 66 28 eine
2252 2987 212 33 Hilflosigkeit,
2491 2986 49 28 die
2564 2985 125 33 verriet,
2716 2983 58 29 daß
2802 2982 48 29 die
2876 2981 68 29 Men-

2070 3038 94 30 schen
2189 3038 54 29 mit
2268 3037 53 29 der
2349 3036 168 30 Schönheit
2544 3035 100 29 dieser
2672 3033 103 29 Musik
2803 3031 161 33 eigentlich

2070 3088 98 30 nichts
2195 3087 192 33 anzufangen
2413 3085 134 29 wußten.
2591 3084 56 29 Die
2672 3083 82 29 laute
2781 3081 55 29 Art
2862 3081 103 28 dieser

2069 3137 341 33 Kleinstadtbewohner
2450 3137 156 27 erstaunte
2643 3142 57 19 vor
2732 3131 118 30 solcher
2890 3137 55 21 vor-

2070 3188 131 29 nehmen
2222 3186 175 33 Dämpfung
2418 3185 61 29 und
2499 3186 98 28 setzte
2619 3184 97 30 einige
2738 3181 140 29 Minuten
2899 3188 64 22 aus.

2070 3238 42 29 So
2131 3246 66 20 war
2217 3237 47 29 die
2283 3236 85 30 Stille
2385 3236 89 28 keine
2492 3234 93 32 Folge
2603 3234 82 28 einer
2703 3230 92 31 tiefen
2813 3228 152 34 Andacht,

2070 3288 135 29 sondern
2236 3288 83 28 einer
2350 3285 115 33 großen
2494 3281 264 32 Verwunderung.
2808 3279 75 34 Eva,
2915 3278 50 29 die

2069 3346 62 21 von
2157 3337 103 29 Musik
2285 3336 99 29 nichts
2408 3332 156 34 verstand,
2601 3331 54 29 saß
2692 3330 54 30 mit
2783 3328 180 34 gesenktem

2070 3387 110 34 Haupt,
2201 3387 47 28 die
2267 3385 108 29 Hände
2395 3386 39 27 im
2455 3382 100 30 Schoß
2576 3381 135 33 gefaltet.
2751 3379 51 29 Sie
2822 3386 67 21 war
2911 3386 35 20 zu-

2069 3437 127 30 frieden.
2235 3436 51 29 Sie
2305 3436 84 28 hatte
2410 3435 53 27 mit
2484 3432 70 29 dem
2577 3431 159 29 Geliebten
2758 3429 66 29 eine
2846 3427 117 30 Stunde

2070 3487 87 29 toller
2179 3485 120 30 Freude
2321 3482 176 34 verbracht,
2523 3490 31 21 er
2580 3481 84 29 hatte
2690 3480 45 29 ihr
2761 3480 87 28 einen
2873 3477 72 29 sehn-

2069 3537 99 29 lichen
2192 3534 138 30 Wunsch
2357 3532 107 30 erfüllt.
2509 3530 82 30 Jetzt
2615 3530 94 29 fühlte
2737 3530 43 28 sie
2808 3527 64 29 sich
2900 3527 63 28 erst

2070 3586 51 29 auf
2141 3584 134 30 dieselbe
2295 3581 86 32 Stufe
2399 3581 150 34 gehoben,
2570 3580 50 29 auf
2640 3580 53 29 der
2714 3579 48 29 die
2782 3577 161 30 Bevorzug-

2070 3639 51 27 ten
2145 3635 139 29 standen.
2326 3632 56 29 Die
2404 3631 118 29 Stunde
2544 3638 67 21 war
2636 3629 54 29 der
2714 3626 155 31 feierliche
2893 3625 68 34 Akt,

2071 3685 99 30 durch,
2185 3684 58 29 den
2259 3684 44 28 sie
2321 3690 54 20 aus
2394 3682 83 28 einer
2495 3680 151 32 Bürgerin
2663 3681 30 27 in
2711 3679 66 28 eine
2794 3676 80 29 Frau
2890 3682 54 21 ver-

2069 3734 135 29 wandelt
2230 3732 117 29 wurde.
2392 3730 52 30 Sie
2471 3730 83 30 hatte
2581 3730 46 28 bis
2655 3737 38 20 zu
2718 3728 99 28 dieser
2845 3723 116 30 Stunde

2069 3786 107 26 immer
2199 3783 47 28 die
2268 3780 204 34 Empfindung
2493 3779 122 33 gehabt,
2637 3778 54 28 der
2714 3775 138 30 Geliebte
2874 3773 87 29 stehe

2069 3834 74 29 über
2168 3833 54 33 ihr,
2245 3833 45 27 sei
2311 3830 186 29 vornehmer
2519 3829 61 29 und
2604 3828 82 29 edler
2709 3826 45 29 als
2775 3826 53 28 sie.
2892 3823 69 28 Wie

2070 3883 137 28 dankbar
2227 3890 66 20 war
2314 3882 43 28 sie
2376 3881 83 30 jener
2481 3878 125 30 Stunde.
2645 3876 68 29 Wie
2735 3874 77 30 stolz
2832 3882 66 20 war
2917 3874 44 27 sie
