3088 4079
2870 3884 67 33 97

130 108 189 41 Umfang
355 107 104 34 acht
503 107 148 36 Seiten

2388 109 281 42 Einzelbezug
2696 110 59 37 40
2782 111 183 46 Pfennig

136 219 932 452 DER
1379 219 1553 452 STURM

126 700 1143 80 HALBMONATSSCHRIFT
1325 688 198 91 FÜR
1579 700 422 80 KULTUR
2057 700 223 76 UND
2336 700 178 74 DIE
2567 688 405 91 KÜNSTE

304 878 301 52 Redaktion
651 879 106 49 und
798 881 196 63 Verlag

301 955 115 37 Berlin
429 955 48 37 W
486 956 22 36 9
516 956 13 36 /
540 955 208 37 Potsdamer
759 955 125 37 Straße
898 956 69 35 134
978 968 20 24 a

1279 895 224 33 Herausgeber
1521 896 60 25 und
1599 896 219 26 Schriftleiter

1281 947 284 40 HERWARTH
1598 947 217 38 WALDEN

2101 878 464 66 Ausstellungs
2587 884 211 46 räume

2102 955 115 38 Berlin
2227 956 49 36 W
2285 956 22 36 9
2314 955 14 37 /
2337 955 208 38 Potsdamer
2557 955 125 38 Straße
2696 956 68 36 134
2777 968 20 24 a

120 1097 211 39 VIERTER
353 1097 279 47 JAHRGANG

1171 1098 334 39 BERLIN-PARIS
1535 1099 295 38 SEPTEMBER
1853 1100 91 35 1913

2549 1097 228 40 NUMMER
2808 1095 161 49 178/179

121 1205 152 49 Inhalt:

298 1223 196 39 Kandinsky:
517 1223 131 30 Malerei
672 1223 45 30 als
741 1224 87 29 reine
850 1225 104 29 Kunst
981 1223 13 39 /
1021 1223 104 32 Blaise
1149 1223 174 32 Cendrars:
1345 1225 47 30 Le
1415 1225 153 30 douanier
1591 1226 99 29 Henri
1711 1227 169 29 Rousseau
1902 1227 14 36 /
1943 1226 119 39 Joseph
2083 1227 108 30 Tress:
2213 1225 157 31 Gedichte
2390 1230 13 32 /
2425 1225 89 39 Hugo
2537 1225 163 39 Engelbert
2722 1224 160 32 Schwarz:
2904 1223 69 30 Ele-

249 1269 52 26 die
329 1265 96 40 gelbe
447 1266 90 28 Maus
560 1267 13 35 /
595 1265 136 39 Hegner:
754 1266 66 29 Das
844 1265 118 30 Bildnis
985 1266 56 29 des
1064 1266 118 29 Marcel
1204 1267 145 29 Schwöb
1375 1269 63 27 und
1461 1268 86 29 seine
1570 1268 202 30 Grabschrift
1794 1270 14 37 /
1830 1269 113 29 Arthur
1965 1268 179 31 Babillotte:
2166 1268 61 30 Die
2248 1267 199 31 Schwermut
2469 1268 56 29 des
2549 1267 172 29 Genießers
2743 1268 14 34 /
2779 1265 73 33 Curt
2873 1266 84 31 Stoer-

119 1315 80 23 mer:
223 1306 335 40 Originalholzschnitt
580 1309 14 36 /
615 1307 276 31 Storm-Petersen:
915 1306 341 40 Originalholzschnitt

709 3778 159 57 Curt
898 3776 364 58 Stoermer:
1309 3799 421 40 Originalholzschnitt
