3017 4135
98 4014 31 19 44

126 106 206 29 Johanna:
356 105 80 31 Mein
463 105 81 29 Herz
570 106 101 30 webte
697 108 55 28 das
777 106 155 29 schlimme

917 155 93 32 Kleid.

162 204 80 29 Mein
268 204 80 29 Herz
373 204 117 34 schlägt
518 206 80 29 nicht
623 207 93 28 mehr.

162 254 47 28 Ich
234 252 80 30 fühle
340 255 52 27 das
417 256 86 28 deine
528 255 81 29 nicht
634 256 83 28 mehr
742 256 29 28 in
794 256 53 28 der
871 253 101 30 Brust.

160 303 63 28 Das
244 302 116 29 Fleisch
381 311 126 23 unserer
531 305 122 28 Glieder
674 306 38 27 ist
734 305 44 28 ein
802 303 169 29 Schimmer

831 353 177 33 geworden.

160 401 117 29 Unsere
304 402 83 31 Rede
414 404 39 28 ist
481 404 65 29 eine
571 403 106 29 Welle.

158 451 40 30 Es
221 452 61 32 gibt
305 460 56 20 vor
384 452 44 29 ihr
450 453 106 28 keinen
581 453 83 28 Stein
688 453 59 27 und
771 453 68 27 kein
863 453 87 33 Ding.

157 499 95 30 Tiefe.

120 548 208 32 Andreas:
355 550 66 30 Wir
450 550 202 30 durchfließen
682 552 54 27 das
764 551 197 32 Körperkleid

157 599 66 28 Wir
244 602 125 28 werden
396 609 54 21 uns
474 600 92 30 sehen

156 649 98 29 Hinab

157 699 30 27 In
219 707 64 20 uns.

119 747 207 31 Johanna:
348 749 49 29 Ich
418 750 47 29 bin
488 752 26 26 in
536 752 96 26 einem
654 748 239 30 schwärzlichen

728 798 95 30 Schiff
849 799 156 33 gefahren.

155 847 70 30 Sein
251 849 134 28 eiserner
408 849 72 28 Leib
505 848 167 31 verdeckte
698 849 54 28 das
776 847 97 31 Meer.

154 896 70 30 Sein
253 897 235 29 schwärzliches
514 898 90 33 Segel
630 899 52 30 hat
710 900 56 27 den
794 898 130 31 Himmel

845 950 159 30 verdeckt.

153 995 54 30 Ein
228 996 103 29 Laken
352 997 130 30 verfault
507 997 50 28 auf
578 999 64 28 mir.

155 1045 59 29 Wo

152 1094 67 31 Bist

152 1145 55 28 Du.

115 1193 206 30 Andreas:
350 1194 56 29 Du.

113 1244 27 56 ?
151 1252 18 20 3
177 1246 77 64 7f,
315 1243 9 67 J
358 1267 177 36 (schlafen):
562 1271 77 29 Tod.

112 1293 170 34 Sybille
311 1293 9 27 J

113 1344 209 30 Andreas:
350 1345 49 30 Ich
427 1347 77 28 habe
533 1347 66 29 dich
628 1347 150 29 verloren.

150 1393 49 30 Ich
227 1395 77 29 habe
331 1394 78 29 mich
437 1397 152 28 verloren.

150 1444 49 28 Ich
227 1446 106 28 werde
359 1446 28 28 in
413 1446 56 28 mir
493 1446 73 29 sein.

149 1493 65 30 Wir
237 1496 125 28 werden
387 1504 55 21 uns
463 1496 103 28 sehen.

111 1542 207 31 Johanna:
345 1545 81 29 Mein
453 1545 119 30 Suchen
597 1547 39 28 ist
663 1547 47 28 ein
735 1546 128 31 Warten

820 1597 179 32 geworden.

148 1643 50 29 Ich
226 1646 79 26 taste
330 1654 40 21 an
398 1647 81 28 einer
507 1646 237 33 geschlossenen
771 1646 72 30 Tür.

148 1693 56 29 Die
228 1693 99 30 Türen
355 1695 66 29 sind
448 1702 55 22 uns
527 1695 160 29 verboten.

146 1741 101 32 Meine
271 1743 106 30 Flucht
402 1746 39 30 ist
465 1746 46 27 ein
535 1745 123 30 Suchen
679 1747 178 32 geworden.

145 1790 56 30 Die
223 1792 148 30 dunkelen
392 1793 105 33 Gänge
516 1794 102 29 finden
641 1795 55 29 das
714 1794 84 30 Ende
819 1796 91 29 nicht.

108 1841 207 32 Andreas:
339 1843 48 30 Ich
411 1845 73 29 höre
505 1846 87 28 einen
615 1846 64 29 Ton
703 1855 62 21 von
785 1846 152 31 fallenden

876 1896 121 32 Tieren.

144 1942 50 31 Sie
214 1943 88 30 fallen
324 1952 54 21 aus
398 1947 98 28 einem
515 1945 129 30 Himmel
666 1948 57 28 den
743 1947 47 30 ich
810 1946 81 32 nicht
914 1947 83 31 sehe.

143 1990 51 30 Sie
215 1991 88 30 fallen
322 1993 51 28 auf
393 1996 65 26 eine
479 1993 79 30 Erde
580 1994 47 29 die
649 1996 47 29 ich
720 1996 81 29 nicht
821 1996 84 29 sehe.

144 2042 95 29 Deine
264 2043 81 30 Füße
371 2044 98 33 geben
494 2045 109 30 »keinen
628 2046 87 29 Laut.

142 2090 80 29 Dein)
234 2091 97 30 Mund
348 2094 40 29 ist
406 2096 122 27 stumm.

143 2140 76 31 Dein
244 2142 82 31 Herz
350 2144 118 34 schlägt
492 2146 79 29 mich
597 2145 81 30 nicht
703 2147 94 30 mehr.

105 2191 206 31 Johanna:
338 2194 77 30 Dein
438 2194 82 30 Herz
545 2196 118 33 schlägt
689 2197 79 29 mich
792 2197 82 30 nicht
900 2197 96 32 mehr.

104 2241 210 31 Andreas:
335 2243 107 31 Blume
464 2247 66 28 sind
552 2248 56 27 wir
625 2254 146 27 gewesen
792 2249 61 28 und
873 2248 85 29 Stein

599 2297 59 28 und
680 2294 72 32 Tier
775 2299 59 28 und
856 2297 138 31 Mensch.

143 2341 50 29 Ich
217 2351 67 22 war
304 2343 58 28 ich.

141 2391 47 29 Du
213 2400 66 20 war
302 2392 57 30 ich.

141 2441 90 29 Einer
258 2443 40 30 ist
324 2443 122 35 Spiegel
474 2446 177 31 geworden.

141 2490 115 31 Wesen
282 2494 58 29 und
366 2493 67 31 Bild
456 2496 66 29 sind
548 2497 27 28 in
601 2496 124 34 Splitter
749 2498 184 33 gebroche«.

140 2540 56 32 Die
221 2540 157 32 Scherben
402 2544 69 32 liest
494 2545 105 29 keiner
624 2545 60 30 auf.

140 2590 51 32 Sie
204 2592 68 30 sind
290 2594 46 28 die
355 2593 126 34 Splitter
496 2596 57 28 des
569 2595 129 30 Mondes
716 2596 50 29 auf
782 2599 97 28 einem
896 2598 97 31 Meer.

140 2641 81 30 Aber
247 2643 54 29 das
323 2642 88 30 Meer
434 2646 39 28 ist
498 2645 90 29 nicht.

103 2690 207 31 Johanna:
332 2692 55 31 Die
409 2693 72 30 Furt
503 2695 55 29 des
580 2695 131 30 Schiffes
732 2699 133 28 zerrinnt
883 2698 54 30 auf

616 2746 54 29 der
693 2746 109 31 Fläche
826 2750 29 28 in
877 2746 115 33 Nichts.

140 2790 62 30 Der
224 2791 180 31 leuchtende
429 2793 74 34 Flug
528 2795 59 31 löst
610 2797 83 29 seine
720 2796 79 34 Spur
824 2798 29 30 in
877 2798 115 31 Nichts.

140 2839 62 30 Der
223 2841 121 30 Strudel
368 2844 53 28 des
444 2844 149 30 fallenden
616 2846 114 33 Dinges
752 2847 183 32 verdunkelt

825 2897 30 30 in
875 2897 117 31 Nichts.

101 2939 207 31 Andreas:
333 2941 47 31 Du
401 2945 59 28 bist
482 2945 82 29 nicht
587 2954 156 26 gewesen.

140 2989 50 30 Ich
213 2990 48 30 bin
286 2993 80 28 nicht
389 2995 178 32 geworden.

139 3038 109 33 Sterne
275 3040 89 30 fallen
391 3052 60 21 von
475 3046 129 28 meinem
629 3046 111 35 Haupt.

140 3089 217 32 Unbekanntes
383 3092 84 32 fließt
495 3095 73 28 über
597 3097 171 32 geborenes
797 3097 76 32 Kind

139 3139 190 32 Unbekannt.

101 3187 156 33 Martin
295 3194 26 35 \,
462 3215 6 4 .

105 3241 159 33 Agathe
296 3231 25 43 r
325 3215 164 37 SChlafet,):
517 3220 73 30 Go,t
593 3243 6 7 -

101 3290 207 31 Andreas:
337 3294 29 28 In
392 3295 173 29 Fremdheit
588 3298 47 27 bin
661 3298 46 28 ich
733 3299 219 33 eingegangen.

140 3339 29 29 In
199 3340 135 30 Schauer
365 3346 145 28 zerstiebt
540 3347 77 28 mein
648 3347 80 30 Sein.

138 3390 73 32 Kein
238 3391 133 29 Werden
396 3395 38 27 ist
457 3403 36 20 zu
521 3398 174 28 enträtseln.

140 3440 60 28 Der
225 3440 170 36 Fremdling
417 3443 153 33 offenbart
594 3447 62 29 sich
680 3448 56 28 nie.

140 3489 178 31 Offenbarte
340 3493 66 27 wir.

101 3537 206 31 Johanna:
331 3540 136 30 Schauer
489 3542 70 30 Sein

138 3589 133 30 Werden
298 3591 103 32 Rätsel

138 3638 109 31 Fremd

139 3688 155 30 Offenbar.

101 3737 204 31 Andreas:
332 3739 225 33 Einsamkeiten
582 3744 153 31 umfassen
761 3747 54 28 All.

139 3787 29 28 In
191 3788 161 34 Trennung
373 3793 140 29 sammelt
536 3795 63 27 sich
622 3793 79 31 Eins.

138 3836 95 30 Leere
255 3840 170 30 verkündet
448 3843 47 28 die
517 3843 91 29 Fülle.

139 3885 60 30 Der
221 3887 159 31 Suchende
401 3890 93 32 findet
513 3893 54 28 das
587 3894 120 29 Andere
728 3896 55 28 nie.

139 3935 153 31 Gesuchte
315 3941 66 25 wir.

1091 106 207 30 Johanna:
1322 108 121 29 Einsam
1468 109 44 29 All

1126 155 164 37 Trennung
1312 155 71 30 Eins

1126 205 97 30 Leere
1246 205 82 30 Fülle

1127 254 142 31 Suchend
1293 255 136 31 Gesucht

1126 304 64 29 Nie.

1088 354 210 29 Andreas:
1323 355 87 31 Nicht
1434 358 38 27 ist
1497 359 54 27 das
1577 358 52 28 AH.

1126 403 82 29 Alles
1229 406 38 29 ist
1291 405 106 29 nichts.

1088 453 209 31 Johanna:
1323 454 118 36 Nichtig
1469 458 38 27 ist
1536 458 82 28 alles.

1125 502 81 32 Alles
1234 506 38 28 ist
1297 505 55 29 All.

1087 552 209 31 Andreas:
1325 554 119 34 Nichtig
1469 557 38 28 ist
1535 555 106 30 nichts.

1124 600 119 38 Nichtig
1270 605 40 28 ist
1337 605 89 29 nicht.

1088 651 15 29 J
1093 702 14 18 A
1117 651 47 29 oh
1164 702 7 18 ,
1175 660 105 22 anna
1309 646 15 74 }
1343 678 45 30 All
1412 680 38 28 ist
1472 678 113 29 Nichts.

1088 703 193 29 Andreas
1309 707 8 13 '

1088 751 82 30 Das
1198 752 163 31 Dunkel
1389 751 209 36 (umschlingt)

1084 798 79 33 (Das
1183 802 82 30 Herz
1288 806 52 26 der
1361 803 97 30 Nacht
1478 802 118 34 schlägt
1620 802 75 36 laut)

1087 851 79 30 Der
1191 853 146 29 Strahl
1364 849 127 35 (schmal
1516 854 86 31 blitzt
1627 852 139 35 zerfällt).

1087 901 110 29 Zwei
1226 902 206 29 Strahlen
1460 900 121 35 (wellen
1610 905 142 32 glimmen
1778 903 112 36 fremd)

1086 952 209 29 Andreas:
1317 952 55 29 Die
1392 952 208 30 Nachtwache
1622 955 38 29 ist
1679 962 63 21 von
1763 956 56 27 mir
1840 954 138 34 gefallen.

1124 1001 62 29 Der
1211 1002 112 29 Traum
1352 1004 38 26 ist
1415 1011 60 21 von
1503 1004 55 29 mir
1585 1004 139 32 gefallen.

1124 1049 62 31 Der
1210 1051 113 30 Traum
1347 1053 38 28 ist
1410 1053 156 32 gesunken
1592 1055 28 27 in
1649 1054 56 28 den
1732 1054 111 29 Schlaf.

1123 1099 105 30 Schlaf
1251 1101 51 30 hat
1326 1103 78 28 mich
1427 1103 146 33 geboren.

1086 1149 209 31 Johanna:
1318 1152 62 29 Der
1403 1152 102 30 Schlaf
1524 1155 39 30 ist
1585 1154 157 33 gesunken
1762 1156 29 28 in
1814 1154 88 30 mich.

1123 1199 62 29 Der
1211 1200 114 29 Traum
1351 1202 122 30 entrollt
1498 1204 83 28 seine
1607 1204 100 33 Spiele
1734 1204 82 30 nicht
1842 1206 94 28 mehr.

1122 1249 60 28 Zur
1206 1250 210 30 Nachtwache
1442 1253 49 29 bin
1518 1253 46 29 ich
1592 1254 81 30 nicht
1698 1255 99 29 wach.

1084 1299 211 31 Andreas:
1319 1302 62 28 Aus
1410 1303 53 29 der
1485 1303 85 30 Tiefe
1596 1307 45 27 tut
1667 1306 78 28 mein
1772 1305 126 30 Gesicht

1830 1355 64 29 sich
1916 1355 61 31 auf.

1121 1399 106 31 Nacht.

1083 1448 208 31 Johanna:
1316 1451 99 31 Nacht
1439 1454 47 27 ist.

1082 1496 81 32 Der
1184 1498 154 33 Schrei
1361 1498 123 35 (schreit
1504 1500 94 35 nicht)

1082 1548 208 32 Andreas:
1321 1550 56 31 Die
1408 1550 97 32 Nacht
1535 1554 78 29 sieht
1643 1556 77 28 mich
1750 1564 47 21 an.

1119 1599 56 31 Die
1200 1600 60 30 Tür
1286 1602 38 28 ist
1349 1601 214 35 aufgegangen
1587 1613 57 21 vor
1672 1607 131 28 meinem
1828 1606 146 30 Wunsch.

1118 1648 57 30 Die
1204 1651 171 29 mondhelle
1404 1651 153 31 Schwelle
1586 1654 58 29 hab
1674 1655 47 28 ich
1751 1655 204 31 verschlafen.

1119 1698 167 31 Gewichen
1311 1702 66 27 sind
1406 1703 47 28 die
1480 1710 55 21 aus
1560 1705 55 28 mir
1643 1705 132 29 blühten.

1116 1749 40 28 Es
1180 1757 67 21 war
1272 1752 65 27 eine
1363 1752 120 33 Treppe
1507 1755 28 27 in
1559 1755 99 28 meine
1679 1754 85 30 Tiefe
1789 1755 143 33 geöffnet.

1117 1799 50 29 Ich
1193 1801 71 33 ging
1290 1802 48 27 die
1364 1801 108 31 Stufen
1500 1804 27 28 in
1554 1804 78 28 mich
1660 1804 99 31 hinab.

1116 1848 32 29 In
1170 1851 56 27 mir
1252 1851 103 30 verlor
1380 1851 57 30 ich.

1115 1898 185 33 Vergessen.

1115 1948 86 32 Kleid
1227 1950 112 30 Leben.

1115 1999 39 31 Es
1177 2001 38 28 ist
1237 2002 76 35 selig
1332 2002 46 30 Du
1403 2010 36 20 zu
1463 2004 74 28 sein.

1114 2048 41 29 Es
1179 2051 46 28 ich
1249 2051 75 34 selig
1346 2052 49 29 Ich
1418 2062 35 20 zu
1477 2053 75 29 sein.

1114 2099 50 29 Ich
1188 2100 105 29 werde
1317 2102 80 32 nicht
1421 2102 86 29 mehr
1530 2104 97 33 liegen
1649 2106 39 27 im
1712 2104 124 31 Traum.

1112 2149 55 29 Ein
1183 2150 66 30 Ton
1269 2159 66 21 war
1354 2153 28 27 in
1401 2153 116 29 meiner
1537 2153 88 30 Hand
1645 2156 58 28 den
1723 2154 47 30 ich
1789 2155 81 31 nicht
1890 2156 80 31 hielt.

1113 2199 54 30 Ein
1189 2200 84 29 Tanz
1294 2210 66 22 war
1383 2202 52 29 auf
1457 2206 56 27 mir
1535 2205 54 28 der
1609 2205 170 29 verwehte.

1112 2248 73 30 Eine
1209 2250 126 30 Wärme
1359 2260 37 21 an
1419 2255 116 28 meiner
1557 2253 93 31 Brust
1672 2255 136 30 flatterte
1833 2256 58 29 auf.

1112 2298 185 35 Vergessen.

1113 2349 50 31 Sie
1183 2349 100 31 haben
1308 2353 46 29 ein
1378 2352 91 33 Wort
1493 2354 55 29 das
1571 2354 93 31 Liebe
1686 2356 90 29 heißt.

1112 2399 52 29 Sie
1186 2399 99 31 haben
1308 2403 47 28 ein
1377 2403 98 29 Glück
1498 2404 54 30 das
1575 2406 48 28 ich
1646 2405 80 30 nicht
1749 2406 108 30 kenne.

1112 2449 64 30 Das
1201 2452 38 31 ist
1264 2451 81 32 nicht
1370 2455 89 28 mein.

1111 2498 105 32 Einem
1243 2502 109 33 gehört
1378 2512 33 21 es
1435 2512 47 21 zu.

1112 2549 47 30 Du
1184 2553 87 31 sagst
1295 2560 33 22 es
1352 2554 56 28 mir
1432 2555 88 29 einst.

1111 2599 179 35 Schweige!

1110 2649 98 30 Deine
1226 2650 108 31 Hände
1355 2653 66 28 sind
1444 2654 200 35 verkrampft.

1111 2699 102 30 Ueber
1236 2702 118 30 deinem
1380 2706 167 29 erstarrten
1569 2704 75 33 Knie
1666 2708 66 29 sind
1755 2707 47 29 die
1824 2706 106 31 Falten

1878 2759 89 28 starr.

1111 2799 96 30 Deine
1232 2802 106 33 Augen
1364 2803 173 31 schaudern
1562 2806 75 29 über
1664 2806 108 30 deinen
1799 2806 124 35 Lippen.

1110 2850 47 29 Du
1178 2853 99 31 trägst
1299 2853 46 29 die
1367 2853 82 30 Male
1472 2855 53 29 der
1547 2855 109 34 Finger
1679 2864 37 21 an
1742 2857 119 29 deinem
1883 2858 83 30 Hals.

1111 2899 109 32 Oeffne
1244 2902 47 30 die
1314 2902 109 35 Finger
1446 2905 96 29 nicht!

1110 2949 111 31 Oeffne
1244 2953 48 28 die
1315 2953 105 34 Augen
1445 2954 94 30 nicht!

1109 2999 66 30 Wir
1197 3002 99 29 haben
1320 3012 169 24 vergessen
1511 3005 153 30 Abschied
1686 3016 38 20 zu
1748 3008 138 29 nehmen.

1109 3050 40 28 Es
1169 3052 63 33 gibt
1253 3053 107 30 keinen
1380 3054 153 31 Abschied
1554 3055 94 31 mehr.

1109 3099 40 30 Es
1172 3102 38 28 ist
1232 3110 37 22 zu
1294 3104 78 31 spät.

1109 3149 55 30 Die
1191 3150 116 32 Blätter
1333 3154 52 29 der
1408 3154 116 30 Bäume
1551 3157 66 28 sind
1641 3156 90 29 welk.

1109 3200 61 29 Der
1196 3201 195 33 Mondknabe
1417 3206 89 30 stirbt
1530 3207 27 27 in
1584 3207 115 28 seinem
1726 3207 178 31 Schimmer.

1109 3250 71 30 Sein
1203 3252 106 29 kühles
1331 3253 156 31 Leuchten
1510 3255 82 34 klagt
1617 3258 28 27 in
1669 3257 57 28 den
1749 3257 100 30 Wind.

1072 3297 30 30 In
1120 3298 243 33 Traumsüchten
1384 3304 121 29 kreisen
1526 3306 45 28 die
1594 3306 117 28 Worte.

1109 3350 62 29 Das
1197 3353 134 28 maßlose
1355 3355 103 29 Laken
1485 3355 167 30 umflattert
1677 3356 56 30 den
1759 3358 126 33 Körper.

1110 3399 25 28 O
1156 3401 104 33 Segel!
1283 3403 26 28 O
1329 3403 119 31 Sturm!

1109 3450 54 30 Die
1184 3452 150 30 silbernen
1358 3456 105 32 Augen
1486 3457 118 32 tropfen
1629 3456 73 29 über
1726 3458 78 28 mich
1828 3459 57 29 hin.

1108 3499 53 30 Ein
1189 3501 121 30 Sehnen
1335 3507 38 28 ist
1400 3506 27 28 in
1452 3506 47 28 die
1526 3506 98 29 Nacht
1649 3506 139 32 gefallen.

1108 3547 56 30 Du.

1109 3598 62 33 Das
1198 3601 165 32 Verlorene
1390 3605 153 29 schmerzt
1569 3605 81 31 nicht
1677 3607 93 29 mehr.

1108 3648 101 30 Ueber
1234 3652 47 29 die
1305 3653 211 31 Nachtwende
1542 3657 36 30 ist
1602 3656 77 29 mein
1705 3657 62 28 Fuß
1792 3666 170 26 gegangen.

1108 3699 63 28 Das
1192 3700 112 32 Antlitz
1326 3704 54 28 des
1401 3703 101 31 Endes
1523 3705 81 29 fließt
1626 3706 121 32 gläsern
1770 3708 97 29 dahin.

1107 3748 61 29 Der
1194 3750 94 34 Vogel
1310 3753 82 35 fliegt
1415 3754 68 30 fort.

1107 3798 113 33 Singen
1246 3801 59 30 will
1329 3804 46 28 ich
1402 3805 55 28 das
1483 3813 76 21 neue
1584 3805 82 28 Lied.

1069 3847 208 32 Johanna:
1309 3852 62 28 Der
1401 3853 195 30 Mondknabe
1629 3855 37 29 ist
1699 3857 175 30 verbrannt.

1106 3899 44 28 An
1178 3901 115 29 seinem
1318 3901 82 31 Herz
1425 3904 38 31 ist
1490 3912 32 21 er
1546 3905 177 29 verbrannt.

1106 3948 62 30 Das
1195 3947 245 40 Mondmädchen
1467 3955 49 33 lag
1544 3962 36 20 an
1608 3956 115 28 seinem
1751 3956 89 29 Herz.

2099 112 63 29 Das
2187 112 244 34 Mondmädchen
2456 117 38 31 ist
2520 118 175 28 verbrannt.

2099 161 43 29 An
2168 164 114 28 seinem
2307 162 81 31 Herz
2409 167 38 26 ist
2471 173 33 20 es
2526 167 175 30 verbrannt.

2098 211 62 29 Der
2182 211 195 31 Mondknabe
2401 214 48 33 lag
2470 224 37 20 an
2533 217 113 29 seinem
2671 217 87 28 Herz.

2061 260 110 34 Sang

2062 309 254 33 Schweigen

2061 360 161 30 Dunkel

2061 409 73 30 Die
2164 411 133 28 Leere

2466 460 83 29 Ende

2060 599 244 59 Kaiser
2349 602 240 57 Arturs

2060 680 444 77 Schachspiel

2060 776 171 46 Kymrisch

2059 852 65 39 Aus
2153 853 58 38 der
2230 853 182 50 Erzählung
2439 863 73 31 vom
2537 856 115 39 Traum
2681 857 60 38 des
2768 857 181 47 Rhonabwy

2060 910 253 47 Haehgediehtet
2341 921 62 30 von
2431 913 94 39 Adolf
2549 914 188 40 Knoblauch

2116 981 54 30 Ein
2194 982 96 32 Rufen
2314 985 59 29 hub
2398 994 46 26 an,
2467 987 76 27 nach
2568 986 190 34 Eirynwych
2782 986 169 34 A.mheibin,

2059 1032 109 31 Arturs
2206 1034 120 34 Diener,
2367 1036 96 28 einem
2502 1039 86 26 roten
2623 1038 116 30 groben
2779 1036 172 32 ungefügen

2059 1083 113 28 Manne
2191 1088 52 27 mit
2265 1088 96 27 rotem
2380 1086 195 29 Backenbart
2595 1089 58 27 und
2673 1088 168 33 borstigem
2861 1088 89 27 Haar.

2058 1134 68 28 Und
2146 1134 93 34 siehe,
2259 1143 31 19 er
2310 1136 69 28 kam
2401 1136 50 28 auf
2469 1136 110 29 hohem
2598 1140 96 27 rotem
2716 1138 101 30 Pferd,
2838 1138 111 29 dessen

2057 1183 113 30 Mähne
2198 1194 36 20 zu
2264 1185 108 30 beiden
2402 1186 103 29 Seiten
2533 1187 103 31 geteilt
2655 1196 75 25 war,
2761 1189 59 28 lind
2849 1188 100 29 führte

2059 1237 46 27 ein
2126 1235 112 34 großes
2259 1236 174 34 prächtiges
2455 1237 150 29 Saumroß
2627 1238 112 29 herbei.
2772 1239 61 29 Der
2855 1247 76 25 unge-

2058 1284 68 34 füge
2158 1289 65 26 rote
2253 1285 137 30 Bursche
2420 1288 79 33 stieg
2528 1296 56 21 vor
2613 1288 92 29 Artur
2735 1297 72 20 vom
2838 1289 110 29 Pferde

2058 1336 61 28 und
2139 1345 57 25 zog
2217 1345 53 21 aus
2290 1339 68 28 dem
2380 1337 102 29 Ballen
2506 1340 85 28 einen
2612 1340 149 31 goldenen
2781 1340 86 29 Stuhl
2890 1340 60 28 und

2059 1387 86 29 einen
2172 1387 135 33 Teppich
2337 1396 59 22 von
2424 1388 182 33 gesticktem
2635 1389 95 29 Atlas.
2767 1389 62 29 Vor
2859 1390 90 28 Artur

2057 1436 129 30 breitete
2212 1447 31 19 er
2268 1440 56 27 den
2349 1438 134 33 Teppich
2508 1447 64 27 aus,
2597 1448 38 20 an
2661 1440 111 28 dessen
2796 1440 103 29 Ecken
2922 1442 28 30 je

2058 1489 46 27 ein
2136 1488 86 33 Apfel
2252 1496 61 20 von
2342 1491 98 26 rotem
2471 1488 97 30 Golde
2600 1498 74 22 war.
2712 1489 68 30 Und
2813 1490 49 29 auf
2892 1491 56 28 den

2056 1538 134 32 Teppich
2207 1539 99 29 stellte
2327 1548 32 21 er
2380 1540 56 28 den
2457 1540 94 34 Stuhl,
2572 1542 52 27 der
2647 1548 34 21 so
2702 1541 74 33 groß
2797 1550 74 24 war,
2892 1541 57 29 daß

2057 1589 62 29 drei
2155 1592 203 30 gewappnete
2393 1590 126 33 Krieger
2554 1590 86 29 darin
2675 1601 37 20 zu
2747 1592 96 28 sitzen
2878 1600 53 20 ver-

2055 1639 151 29 mochten.
2243 1639 62 30 Des
2330 1640 151 34 Teppichs
2510 1642 95 29 Name
2636 1649 66 21 war
2732 1642 127 35 Gwenn,
2888 1644 59 27 und

2055 1690 65 28 eine
2144 1691 100 28 seiner
2270 1689 321 34 Eigentümlichkeiten
2617 1693 129 29 bestand
2771 1693 93 33 darin,
2891 1693 57 28 daß

2053 1749 65 20 wer
2144 1742 106 27 immer
2278 1742 50 27 auf
2353 1742 59 28 ihm
2440 1750 76 25 war,
2542 1742 47 29 ihn
2617 1743 148 30 Niemand
2792 1743 154 30 erblicken

2053 1790 122 31 konnte,
2208 1790 148 30 während
2390 1801 31 21 er
2455 1792 164 30 Jederman
2655 1794 63 28 sali.
2762 1793 38 28 Er
2833 1794 113 28 konnte

2054 1841 86 28 keine
2169 1841 98 29 Farbe
2297 1843 43 27 als
2370 1844 45 28 die
2444 1843 60 29 ihm
2535 1846 104 30 eigene
2669 1845 176 29 bewahren.

2110 1891 68 29 Und
2204 1892 91 29 Artur
2322 1893 53 28 saß
2403 1893 49 28 auf
2478 1893 68 29 dem
2572 1895 132 33 Teppich
2734 1895 128 34 Gwenn,
2888 1905 58 19 vor

2052 1942 61 29 ihm
2136 1942 88 29 stand
2249 1942 119 30 Owain.
2580 1945 109 32 sprach
2713 1946 99 33 Artur,
2835 1946 111 33 „willst

2055 1992 38 28 du
2124 1992 118 29 Schach
2476 1994 66 33 „Ich
2575 1996 58 28 will
2666 2003 42 24 es,
2883 1996 63 29 Der

2052 2044 67 28 rote
2146 2042 138 32 Bursche
2311 2044 125 30 brachte
2466 2046 53 28 das
2546 2045 118 29 Schach
2693 2046 46 28 für
2766 2048 91 28 Artur
2885 2048 61 28 und

2053 2091 120 38 Owain,
2201 2093 129 33 goldene
2359 2094 114 29 Stücke
2501 2098 59 26 und
2591 2098 47 26 ein
2667 2097 190 29 Silberbrett.
2894 2098 52 28 Sie

2052 2143 161 33 begannen
2242 2153 36 20 zu
2306 2145 124 33 spielen.

2107 2193 53 32 Als
2180 2196 44 27 sie
2245 2196 88 28 dabei
2354 2204 115 27 waren,
2490 2197 64 28 sich
2574 2205 68 20 zum
2661 2196 112 30 Besten
2796 2207 47 20 am
2863 2198 82 33 Spiel

2051 2253 36 20 zu
2110 2245 201 34 unterhalten,
2335 2247 168 29 erblickten
2526 2249 44 29 sie
2593 2250 47 27 ein
2662 2248 116 29 weißes
2803 2248 64 31 Zelt
2892 2251 54 28 mit

2052 2298 98 28 rotem
2172 2296 215 34 Traghimmel,
2411 2297 58 29 und
2493 2299 50 28 auf
2567 2299 52 27 der
2640 2298 104 33 Spitze
2768 2300 54 28 des
2843 2300 101 28 Zeltes

2052 2347 66 28 eine
2133 2346 234 30 ikohlschwarze
2385 2347 161 34 Schlange.
2565 2349 42 30 Im
2624 2350 78 34 Kopf
2720 2351 52 28 der
2792 2350 152 34 Schlange

2052 2396 109 29 staken
2189 2401 47 26 rot
2261 2397 145 29 funkelnd
2434 2399 103 33 giftige
2567 2400 114 32 Augen,
2713 2402 64 27 eine
2808 2400 119 29 rotflam-

2051 2448 110 28 mende
2186 2447 112 34 Zunge.

2106 2497 54 29 Ein
2194 2498 105 34 junger
2336 2498 175 31 Edelknabe
2546 2501 69 29 kam
2651 2502 53 30 mit
2740 2502 203 29 Gelblocken-

2048 2547 93 33 Haar,
2167 2548 109 30 blauen
2302 2549 106 33 Augen
2436 2552 59 28 und
2520 2549 92 30 frisch
2640 2551 191 31 keimendem
2857 2552 86 33 Bart,

2050 2606 33 21 er
2110 2600 70 33 trug
2206 2599 85 33 Rock
2319 2601 59 28 und
2406 2600 178 30 Ueberrock
2612 2610 61 21 von
2699 2603 120 33 gelbem
2848 2603 94 34 Atlas,

2048 2648 103 30 Hosen
2175 2658 61 21 von
2259 2652 197 34 grüngelbem
2481 2652 84 29 Tuch
2590 2661 36 20 an
2652 2655 56 28 den
2731 2653 112 34 Füßen,
2868 2655 74 29 über

2051 2700 56 28 den
2137 2700 104 30 Hosen
2274 2700 122 30 Schuhe
2427 2710 61 20 von
2519 2703 104 34 geteilt
2653 2703 148 34 farbigem
2833 2704 109 33 Leder,

2050 2751 52 28 mit
2132 2751 148 33 goldenen
2313 2751 106 30 Haken
2453 2761 36 21 an
2522 2752 58 29 den
2612 2753 142 33 Spannen
2788 2754 153 33 gefestigt.

2048 2800 52 29 Ein
2128 2801 165 33 schweres,
2321 2803 259 33 dreischneidiges
2608 2804 143 30 Schwert
2777 2806 52 28 mit
2856 2806 68 33 gold-

2047 2859 69 22 nem
2151 2850 70 30 Heft
2254 2852 71 32 hing
2356 2855 28 27 in
2418 2855 177 29 schwarzer
2627 2854 227 31 Lederscheide
2888 2857 36 28 be-

2048 2901 144 32 schlagen
2217 2904 52 28 mit
2292 2903 153 33 Feingold.
2476 2904 39 29 Er
2538 2905 69 30 kam
2631 2914 35 20 zu
2691 2906 53 29 der
2767 2906 102 33 Stelle,
2890 2915 51 20 wo

2050 2953 52 28 der
2126 2953 106 32 Kaiser
2257 2954 58 28 und
2343 2953 110 31 Owain
2478 2955 120 30 Schach
2624 2957 137 32 spielten.

2122 3003 62 28 Der
2217 3004 141 34 Jüngling
2387 3005 148 33 begrüßte
2571 3006 119 30 Owain.
2729 3007 67 29 Und
2831 3006 109 30 Owain

2048 3053 160 29 wunderte
2239 3054 73 35 sich,
2344 3056 55 28 daß
2432 3057 53 28 der
2516 3057 141 36 Jüngling
2688 3058 48 28 ihn
2770 3058 58 28 und
2859 3059 81 28 nicht

2046 3100 108 34 Kaiser
2192 3105 93 28 Artur
2325 3106 156 33 begrüßte.
2530 3107 91 29 Artur
2661 3107 102 30 wußte
2804 3116 67 21 was
2911 3110 27 27 in

2046 3153 129 32 Owains
2196 3155 167 32 Gedanken
2384 3166 76 20 war.
2488 3157 173 34 „Wundere
2684 3158 65 28 dich
2770 3159 90 31 nicht,
2881 3158 58 29 daß

2046 3205 72 30 jetzt
2145 3207 53 27 der
2227 3206 141 34 Jüngling
2396 3208 65 28 dich
2490 3208 157 33 begrüßte,
2676 3210 75 28 denn
2779 3210 76 27 mich
2886 3211 35 27 be-

2045 3255 107 33 grüßte
2179 3264 31 19 er
2239 3257 148 33 unlängst.
2424 3259 69 28 Sein
2521 3258 127 34 Auftrag
2675 3258 72 32 geht
2775 3267 37 20 an

2045 3306 66 28 Und
2132 3307 54 28 der
2210 3307 142 33 Jüngling
2371 3311 86 31 sagte
2480 3317 35 20 zu
2539 3308 123 29 Owain:
2697 3309 184 33 „Geschieht
2905 3319 33 21 es

2045 3358 53 26 mit
2125 3358 102 28 deiner
2254 3358 158 29 Erlaubnis
2439 3360 86 30 Herr,
2554 3358 57 29 daß
2638 3360 47 28 die
2712 3361 110 33 jungen
2849 3361 71 29 Edel-

2045 3407 119 29 knaben
2192 3410 59 28 und
2279 3408 153 33 Begleiter
2485 3410 53 28 des
2565 3409 123 32 Kaisers
2717 3411 86 29 deine
2833 3412 102 31 Raben

2044 3459 108 31 quälen
2174 3460 59 28 und
2257 3458 194 30 zerreissen?
2485 3459 98 29 Wenn
2609 3468 32 20 es
2666 3461 87 29 deine
2777 3461 159 31 Erlaubnis

2045 3507 81 29 nicht
2151 3510 47 31 ist,
2225 3510 178 27 veranlasse
2433 3511 56 26 den
2516 3509 117 35 Kaiser,
2661 3511 57 29 daß
2747 3520 31 20 er
2807 3520 31 22 es
2866 3520 52 21 ver-

2204 3559 63 32 „Du
2299 3560 93 33 hörst,
2422 3559 86 35 Herr,
2539 3568 66 21 was
2636 3563 54 28 der
2720 3563 140 32 Jüngling
2888 3571 32 20 er-

2170 3610 108 31 sprach
2299 3608 120 35 Owain,
2437 3619 109 23 „wenn
2567 3619 33 22 es
2617 3614 43 27 dir
2680 3616 51 30 gut
2751 3613 102 32 dünkt,
2864 3621 53 20 ver-

2043 3659 80 29 biete
2147 3659 96 32 ihnen,
2268 3662 96 26 meine
2388 3660 104 31 Raben
2516 3670 35 20 zu
2742 3662 98 33 „Spiel
2866 3663 68 30 dein

2186 3711 86 30 sagte
2306 3708 99 31 Artur.
2453 3710 60 29 Der
2548 3713 140 35 Jüngling
2725 3713 105 29 kehrte
2865 3722 67 20 zum

2042 3758 65 29 Zelt
2133 3759 122 29 zurück.

2099 3808 49 30 Sie
2179 3809 170 29 beendeten
2379 3812 85 30 jenes
2493 3812 81 33 Spiel
2606 3815 57 27 und
2694 3815 158 32 begannen
2887 3816 45 27 ein

2042 3860 138 27 anderes.
2213 3859 51 28 Als
2288 3862 42 26 sie
2355 3862 105 28 mitten
2483 3864 144 28 darinnen
2653 3871 115 26 waren,
2792 3865 69 29 kam
2885 3866 47 27 ein

2041 3908 105 30 rötlich
2169 3910 105 33 junger
2293 3909 93 31 Mann
2408 3913 52 29 mit
2483 3913 296 30 kastanienbraunen
2799 3915 133 33 Locken,

2040 3958 113 33 großen
2177 3961 115 32 Augen,
2317 3970 60 20 von
2400 3965 103 31 gutem
2526 3963 124 33 Wuchs,
2672 3963 259 33 frischgeschore-
