3017 4135
2894 3963 30 22 39

91 90 268 33 Durchleuchtung
377 91 53 26 mit
450 88 110 29 herber
579 88 134 31 Klarheit
733 88 93 29 wirkt
844 87 137 30 ziemlich

92 141 118 29 dunkel.
244 140 68 28 Und
338 139 220 29 unverfrorene
584 138 225 29 Nichtskönner
832 139 67 29 sind
924 140 57 27 seit

90 192 27 31 je
144 192 54 28 mit
225 190 126 28 Wärme
381 188 181 34 empfangen
589 189 138 28 worden.
765 187 64 30 Das
857 189 41 29 ist
927 188 53 28 das

90 238 203 31 menschliche
315 237 125 29 Mitleid.
473 237 90 30 Wem
586 238 47 29 die
655 238 167 29 Leinwand
844 246 36 20 zu
903 237 77 28 hoch

88 291 39 26 im
153 288 97 31 Kurse
275 287 90 32 steht,
391 288 52 28 der
468 287 129 29 braucht
623 288 43 28 sie
691 288 81 28 nicht
798 295 36 19 zu
860 286 121 29 kaufen.

89 339 210 29 Beschmierte
315 338 168 29 Leinwand
497 341 40 27 ist
553 340 59 28 seit
628 340 26 30 je
671 347 37 20 zu
725 338 78 28 hoch
820 338 161 28 bewertet.

89 389 157 32 Hingegen
268 387 98 29 haben
388 389 189 28 Akademien
599 387 102 30 bisher
723 396 54 21 nur
801 389 46 27 die
869 385 93 30 wider-

89 440 135 32 sinnigen
254 437 158 31 Versuche
443 437 151 35 gemacht,
624 437 141 33 Künstler
794 444 61 21 von
885 435 95 29 ihrem

88 489 105 29 Platze
212 497 37 20 zu
267 489 205 32 verdrängen.
517 488 69 29 Und
605 489 46 27 die
671 486 99 30 vielen
788 486 118 28 kleinen
926 493 36 19 un-

87 539 120 31 fähigen
235 537 255 31 Kunstschreiber
520 538 99 28 haben
647 538 58 26 seit
735 538 27 29 je
791 537 47 28 ein
868 535 94 33 gewis-

89 589 137 28 senloses
257 588 82 33 Spiel
369 589 93 29 damit
493 587 166 33 getrieben,
692 585 211 33 Abbildungen
933 584 46 29 als

87 637 101 28 Bilder
214 646 36 19 zu
274 638 131 31 preisen.
445 636 66 29 Nun
537 636 51 29 hat
610 636 65 28 dies
700 635 83 28 Alles
807 634 98 28 nichts
927 636 54 26 mit

89 688 52 28 der
162 687 137 29 kranken
323 687 96 32 Kunst
441 695 38 21 zu
501 688 61 26 tun.
604 685 102 29 Schon
730 685 46 27 die
799 683 182 29 bewährten

87 738 156 32 Klassiker
263 738 215 30 beschwerten
499 738 64 28 sich
581 737 138 33 darüber,
739 734 58 30 daß
818 736 46 27 die
883 734 97 31 Kunst

87 791 28 26 in
135 789 209 29 Deutschland
360 788 89 29 keine
469 787 225 32 Anerkennung
714 784 81 29 fand.
823 785 87 30 Nicht
932 785 46 29 die

87 839 95 32 Kunst
199 839 128 29 braucht
345 839 55 28 den
419 837 143 28 Erzieher
579 838 59 27 und
657 835 82 30 nicht
757 836 52 28 der
826 834 153 31 Künstler.

86 888 67 28 Den
175 888 143 28 Erzieher
342 887 153 28 brauchen
518 886 46 27 die
587 885 203 28 Professoren
817 887 60 27 und
898 885 62 27 Dok-

87 945 96 27 toren,
209 941 46 28 die
277 946 55 22 aus
356 939 53 27 der
433 937 110 28 Schule
566 935 188 30 schwätzen.
789 935 41 30 So
855 943 66 21 war
946 943 33 20 es

85 992 41 26 im
151 989 91 29 Jahre
268 989 77 28 1911.
378 988 40 29 Im
443 987 91 28 Jahre
560 985 70 30 1916
654 986 150 33 hingegen
828 986 150 33 beginnen

87 1040 116 29 endlich
222 1039 47 28 die
289 1039 115 28 breiten
426 1036 163 30 Schichten
611 1038 53 28 der
685 1036 218 34 Bevölkerung
925 1037 54 27 das

86 1097 36 19 zu
150 1091 60 29 timi,
235 1095 67 20 was
327 1086 127 29 Schüler
481 1088 66 26 tun:
576 1085 51 29 auf
653 1086 46 28 die
726 1085 175 29 schlechten
927 1085 36 28 Er-

86 1140 102 28 zieher
210 1148 36 20 zu
269 1138 119 34 pfeifen.

85 1233 56 39 Die
167 1232 131 40 falsche
327 1233 288 47 Nutzanwendung

141 1306 78 29 Herr
242 1306 143 28 Heinrich
408 1305 144 33 Wölfflin,
579 1306 52 29 der
656 1304 188 29 Münchener
868 1302 93 32 Kunst-

87 1357 144 34 gelehrte,
262 1365 32 19 es
323 1359 39 27 ist
393 1356 73 30 aber
497 1356 82 28 nicht
608 1364 34 20 so
673 1354 148 33 schlimm,
849 1354 52 29 hat
932 1354 46 32 „in

85 1406 171 30 lichtvoller
276 1407 105 28 Weise
403 1414 54 21 zur
475 1407 96 31 Kunst
591 1412 126 21 unserer
737 1405 84 32 Tage
842 1402 138 32 Stellung

334 1456 56 29 Die
419 1455 173 29 Werkstatt
623 1455 54 28 der
704 1454 97 31 Kunst
832 1453 60 29 und
923 1454 56 28 alle

85 1507 235 34 Kunstgelehrte
336 1516 61 20 von
415 1506 151 29 München
583 1506 59 29 und
660 1504 183 32 Nachfolger
859 1503 120 29 blicken

86 1556 57 29 auf.
183 1556 50 29 Ich
252 1556 72 28 muß
345 1556 93 28 leider
459 1557 98 27 etwas
581 1554 147 29 Schatten
748 1553 158 33 verteilen,
926 1553 37 28 da-

85 1608 54 27 mit
167 1607 57 28 das
252 1605 284 29 Wölfflin-beliebte
564 1604 180 29 Helldunkel
774 1603 207 33 Rembrandts

84 1660 30 27 in
139 1658 209 33 Erscheinung
376 1659 71 28 tritt.
483 1656 56 29 Die
567 1655 117 30 Herren
713 1654 266 34 Kunstgelehrten,

87 1709 47 30 die
165 1718 61 19 von
256 1709 97 31 Kunst
384 1710 98 27 etwas
511 1706 171 29 helldunkel
712 1706 107 31 ahnen,
850 1705 129 29 machen

86 1760 107 28 immer
222 1758 115 30 falsche
369 1757 325 31 Nutzanwendungen,
726 1764 91 20 wenn
850 1764 32 20 es
915 1754 63 30 sich

86 1817 50 20 um
165 1808 118 29 Namen
310 1808 134 28 handelt.
484 1807 74 34 Mag
588 1815 33 21 es
651 1815 60 21 nun
743 1808 53 28 der
827 1806 71 28 sehr
927 1807 35 27 be-

85 1859 118 29 rühmte
222 1859 79 28 Herr
319 1857 134 31 Wölfflin
471 1859 78 28 oder
572 1858 52 28 der
645 1856 233 29 halbberühmte
900 1855 79 29 Herr

84 1909 180 33 Worringer
283 1910 77 28 oder
381 1911 52 28 der
452 1906 244 31 nichtberühmte
715 1906 80 29 Herr
815 1907 73 28 Deri
906 1907 73 27 sein.

84 1960 79 29 Herr
182 1958 133 30 Wölfflin
334 1958 174 30 verkündet
527 1960 104 28 seinen
649 1957 135 29 Hörern:
814 1955 86 34 „Bild
920 1956 59 28 und

84 2010 212 30 Wirklichkeit
320 2010 121 29 können
467 2010 48 29 nie
539 2008 177 28 ineinander
742 2007 164 35 aufgehen;
934 2007 46 28 die

84 2060 212 31 Wirklichkeit
316 2062 40 28 ist
377 2061 107 27 immer
507 2062 98 26 etwas
629 2058 121 30 absolut
772 2057 139 29 Anderes
936 2056 44 29 als

85 2111 68 31 jede
182 2109 254 35 Bildgestaltung.
477 2109 52 30 Oft
559 2109 79 28 kann
670 2109 54 29 mit
754 2108 93 34 völlig
877 2109 86 27 natur-

83 2161 141 30 fremden
246 2160 119 29 Mitteln
390 2161 46 28 ein
457 2160 153 29 Eindruck
633 2158 244 34 hervorgerufen
899 2166 61 20 wer-

87 2213 66 32 den,
179 2212 52 28 der
251 2211 47 30 als
321 2210 169 33 Wahrheit,
510 2210 47 30 als
579 2209 117 29 Wesen
717 2210 54 30 des
793 2207 186 30 Wirklichen

87 2261 181 34 empfunden
290 2262 80 30 wird
395 2283 6 6 .
425 2283 7 7 .
457 2283 7 6 .
499 2259 81 30 Aber
605 2268 33 21 es
663 2262 40 27 ist
726 2261 46 28 ein
798 2257 182 34 Sonderfall,

83 2312 60 29 daß
178 2313 46 28 die
259 2311 261 34 schöngestaltete
553 2309 206 30 menschliche
792 2308 91 34 Figur
918 2317 62 20 von

87 2363 52 28 der
164 2362 97 32 Kunst
287 2362 235 33 aufgenommen
547 2360 88 33 wird,
662 2360 61 29 und
752 2360 85 28 diese
864 2358 97 30 Schön-

85 2414 62 29 heit
162 2414 41 31 ist
219 2412 162 35 eigentlich
396 2414 99 28 etwas
508 2419 64 21 von
589 2409 169 31 stofflicher
774 2410 56 30 Art
848 2409 61 29 und
925 2417 56 21 nur

82 2471 70 20 zum
170 2463 146 31 geringen
332 2461 68 29 Teil
419 2462 55 28 das
490 2460 165 29 Verdienst
669 2460 56 29 des
744 2458 162 33 Künstlers
922 2480 7 7 .
947 2481 7 6 .
974 2480 7 6 .

83 2512 59 29 Auf
172 2513 57 28 den
253 2513 210 31 Gegenstand,
496 2512 56 28 der
586 2509 181 34 dargestellt
790 2511 50 32 ist,
864 2510 117 28 kommt

86 2572 32 21 es
139 2563 139 30 wirklich
297 2563 83 31 nicht
400 2571 35 21 so
453 2563 62 29 viel
534 2570 37 21 an
593 2584 7 6 .
621 2584 7 7 .
649 2584 7 6 .
685 2561 92 29 Form
799 2560 60 30 und
880 2559 99 30 Farbe

84 2610 123 34 können
239 2617 66 27 eine
337 2622 34 22 so
400 2613 194 30 bedeutende
625 2612 206 33 Anschauung
863 2613 116 30 zeigen,

86 2664 57 30 daß
176 2666 52 28 der
260 2664 177 30 Beschauer
468 2665 52 28 auf
551 2671 79 26 ganz
663 2662 114 30 andere
811 2661 169 30 Gedanken

83 2716 127 32 kommt,
224 2716 80 28 ohne
323 2715 57 30 daß
398 2723 32 21 er
445 2723 33 21 es
493 2714 123 30 merkt.
633 2737 7 6 .
657 2736 7 6 .
689 2713 66 30 Daß
773 2714 48 29 ein
836 2711 144 33 Künstler

83 2765 84 34 fällig
184 2767 49 32 ist,
253 2765 98 31 ideale
370 2765 241 33 Empfindungen
630 2774 37 19 zu
685 2764 110 33 haben,
812 2765 88 27 nützt
918 2762 61 29 ihm

84 2817 48 29 für
156 2817 84 30 seine
264 2817 98 33 Kunst
386 2824 55 26 gar
629 2814 74 30 Also
728 2815 48 29 die
800 2813 100 29 Lehre
922 2812 57 29 des

85 2866 293 34 Expressionismus.
413 2865 277 34 Nutzanwendung
718 2864 53 29 des
799 2863 100 29 Herrn
926 2863 36 29 be-

85 2918 140 30 rühmten
253 2917 149 29 Wölfflin:
443 2916 96 34 „Dem
567 2916 203 29 Artistentum
798 2922 61 21 von
889 2913 91 29 heute

86 2968 174 34 gegenüber
284 2969 40 31 ist
349 2967 47 28 die
416 2967 99 29 Lehre
537 2965 56 30 der
615 2964 277 34 Kunstgeschichte
917 2963 48 34 gel-

86 3020 74 27 tend
179 3028 37 19 zu
236 3017 138 33 machen,
395 3017 58 29 daß
475 3017 47 30 die
541 3015 139 30 wirklich
702 3014 114 35 großen
837 3013 143 34 Künstler

87 3069 29 28 in
141 3068 76 30 allen
242 3066 154 31 Perioden
423 3066 79 29 doch
527 3066 96 28 Leute
651 3073 148 25 gewesen
827 3064 77 34 sind,
930 3064 50 29 die

87 3119 55 30 mit
172 3118 144 33 völligem
348 3115 243 34 Bildungsinhalt
619 3115 84 29 ihrer
733 3115 67 29 Zeit
833 3114 148 32 gesättigt

244 3166 117 29 Woher
387 3165 79 30 weiß
492 3174 62 20 nun
577 3164 80 29 Herr
679 3163 144 34 Wölfflin,
851 3163 57 30 daß
933 3163 49 28 die

86 3218 152 33 Künstler,
273 3219 47 28 die
354 3225 70 21 man
459 3216 270 32 Expressionisten
764 3217 100 31 nennt,
899 3214 82 29 nicht

87 3270 77 28 auch
187 3269 98 29 soviel
304 3268 129 34 Bildung
457 3274 156 27 genossen
634 3265 109 33 haben,
764 3264 57 30 daß
844 3266 44 28 sie
912 3265 52 27 dar-

89 3317 100 29 aufhin
222 3317 131 33 hungrig
390 3317 139 28 wurden.
586 3314 136 29 Nämlich
759 3315 79 28 nach
876 3315 105 31 Kunst.

89 3369 165 28 Trotzdem
283 3370 44 27 sie
356 3369 56 28 alle
443 3375 93 25 sogar
567 3367 48 29 die
644 3364 123 29 Bücher
797 3365 55 28 des
880 3364 102 29 Herrn

88 3418 136 29 Wölfflin
249 3419 123 33 gelesen
396 3418 110 29 haben.
543 3416 73 29 Also
646 3416 54 29 mit
725 3416 68 28 dem
821 3414 143 32 Bildungs-

88 3468 94 29 inhalt
219 3468 79 30 ihrer
335 3467 64 31 Zeit
438 3468 183 31 übersättigt
659 3466 75 28 sind.
781 3464 74 33 „Die
892 3463 89 29 bloße

90 3519 215 31 Atelierkunst,
330 3520 53 26 das
407 3518 181 28 Sektentum
611 3518 28 27 in
666 3517 52 28 der
741 3513 98 32 Kunst
858 3513 54 30 hat
934 3515 47 26 nie

92 3569 64 28 eine
195 3569 88 31 lange
319 3567 217 29 Lebensdauer
766 3564 64 28 Das
868 3565 114 27 stimmt

90 3619 117 29 wieder
250 3617 91 33 nicht,
386 3618 76 28 denn
508 3618 47 28 die
599 3613 382 35 Rembrandt-Deutschen

92 3669 97 28 malen
209 3668 58 29 und
284 3666 90 30 leben
393 3668 75 28 noch
487 3669 106 26 immer
610 3666 79 30 feste
708 3664 87 30 druff.
824 3663 157 29 Während

94 3717 52 28 der
173 3716 161 29 berühmte
362 3715 78 28 Herr
467 3715 132 29 Wölfflin
629 3717 188 31 wenigstens
848 3722 34 19 so
911 3720 55 20 vor-

94 3768 107 34 sichtig
228 3769 47 30 ist,
306 3767 170 31 überhaupt
503 3767 109 29 keinen
640 3766 117 29 Namen
788 3773 36 21 zu
855 3772 128 24 nennen,

93 3820 131 26 erörtert
259 3819 52 27 der
345 3816 230 29 halbberühmte
608 3816 77 29 Herr
719 3815 180 33 Worringer
935 3814 47 28 die

93 3866 129 30 Theorie
243 3868 54 28 des
317 3866 283 32 Expressionismus
622 3867 57 27 und
702 3866 124 29 wendet
844 3866 43 28 sie
908 3864 75 34 glatt

94 3917 50 28 auf
163 3919 54 27 den
238 3917 279 31 Impressionismus
536 3922 45 21 an.
609 3914 61 30 Der
688 3916 199 28 unberühmte
904 3913 79 29 Herr

1117 887 39 29 Es
1186 887 93 28 bleibt
1310 895 37 19 zu
1375 886 165 31 bedauern,
1573 885 55 28 daß
1659 883 78 29 Herr
1768 882 73 28 Deri
1872 881 82 29 nicht

1061 937 157 29 sämtliche
1246 936 101 29 Bilder
1376 945 61 19 von
1463 934 223 33 Michelangelo
1712 941 57 20 neu
1797 933 82 27 malt.
1915 931 38 28 Er

1060 988 51 28 hat
1136 988 63 28 sich
1223 988 27 30 ja
1273 987 114 27 bereits
1410 985 194 33 verpflichtet
1628 984 75 30 nach
1726 983 125 28 kurzem
1877 981 57 28 Mal-

1061 1036 167 29 unterricht
1253 1035 102 29 Bilder
1381 1044 62 19 von
1467 1033 140 30 Severini
1633 1033 148 28 zustande
1810 1041 36 19 zu
1874 1032 65 27 brin-

1060 1096 67 25 gen.
1157 1087 75 28 Was
1256 1087 78 28 kann
1355 1087 38 27 da
1414 1087 49 27 bei
1486 1087 99 26 etwas
1607 1085 157 32 längerem
1786 1082 150 30 Malunter-

1061 1138 76 28 richt
1160 1138 81 29 nicht
1264 1138 77 27 noch
1366 1136 73 30 alles
1463 1135 266 29 herauskommen.
1762 1134 87 28 Denn
1877 1131 77 30 noch

1063 1188 69 26 1912
1163 1187 59 31 gab
1254 1186 54 28 das
1333 1185 67 28 Bild
1421 1184 248 29 Pan-Pan-Tanz
1701 1185 28 26 in
1754 1182 122 29 Monico
1909 1181 46 28 für

1059 1237 98 28 Herrn
1178 1237 72 28 Deri
1269 1236 78 33 „den
1366 1235 229 31 wirbelndsten,
1615 1234 162 31 reichsten,
1799 1232 139 31 lebendig-

1060 1289 67 27 sten
1150 1286 151 29 Eindruck
1324 1287 82 27 eines
1664 1283 100 29 Wenn
1784 1282 78 29 Herr
1884 1282 72 28 Deri

1061 1340 56 27 das
1147 1338 93 28 schon
1272 1336 77 29 nach
1378 1337 127 28 kurzem
1534 1333 234 31 Malunterricht
1799 1333 155 29 erreichen

1057 1388 92 33 ikann,
1167 1388 126 28 werden
1313 1387 49 28 ihn
1383 1385 76 29 nach
1480 1387 156 31 längerem
1654 1383 232 30 Malunterricht
1907 1383 47 28 die

1059 1439 119 28 Herren
1200 1437 134 28 Wölfflin
1357 1439 58 27 und
1436 1436 180 33 Worringer
1637 1443 37 20 zu
1695 1436 98 26 einem
1813 1433 141 32 Künstler

1061 1495 154 21 ernennen
1258 1486 115 32 dürfen,
1415 1485 53 29 der
1508 1486 52 28 mit
1606 1484 68 29 dem
1714 1482 243 33 Bildungsinihalt

1061 1545 127 21 unserer
1215 1536 64 29 Zeit
1305 1537 148 31 gesättigt
1479 1536 47 28 ist.
1573 1535 58 28 Für
1656 1535 48 28 die
1731 1535 144 31 späteren
1901 1532 38 29 Ar-

1059 1588 112 32 beiten,
1200 1587 204 28 schriftlichen
1429 1586 145 28 Arbeiten
1606 1585 52 28 des
1687 1584 99 29 Herrn
1814 1583 72 29 Deri
1914 1584 43 27 sei

1059 1638 47 29 für
1143 1639 48 28 die
1219 1637 104 29 Zeiten
1360 1638 84 27 seine
1473 1635 342 32 Vortragsbemerkung
1853 1633 87 32 aufge-

1061 1691 110 32 hoben,
1203 1688 180 32 Kandinsky
1414 1688 86 28 wäre
1534 1689 45 27 ein
1613 1695 77 25 ganz
1721 1683 234 34 mittelmäßiger

1060 1740 107 33 Maler,
1192 1740 110 29 dessen
1326 1739 101 28 Bilder
1452 1737 50 31 auf
1526 1738 68 28 dem
1618 1736 261 29 Mißverständnis
1902 1734 36 28 be-

1061 1790 104 33 ruhen,
1185 1789 215 29 musikalische
1420 1789 97 31 Dinge
1535 1797 36 19 zu
1592 1787 108 29 malen.
1730 1786 63 29 Das
1813 1787 45 27 sei
1876 1785 64 28 hier-

1062 1841 53 27 mit
1133 1841 28 27 in
1178 1839 47 28 die
1244 1838 83 29 Welt
1345 1839 139 31 posaunt,
1503 1837 94 28 damit
1617 1845 33 20 es
1667 1836 102 28 Herrn
1783 1835 73 28 Deri
1875 1834 82 29 nicht

1064 1894 82 25 etwa
1176 1890 113 29 einfällt
1316 1908 38 2 —
1381 1889 77 28 nach
1488 1888 152 29 abermals
1670 1889 66 27 vier
1766 1885 114 29 Jahren
1908 1884 48 28 für

1061 1940 179 34 Kandinsky
1264 1942 48 27 die
1338 1938 93 34 große
1457 1938 104 29 Pauke
1588 1947 37 19 zu
1650 1937 155 32 schlagen.
1840 1936 42 28 So
1911 1936 30 27 et-

1060 2000 68 20 was
1146 1992 117 28 kommt
1280 1990 128 28 nämlich
1427 1990 48 28 bei
1491 1997 78 23 ganz
1588 1987 237 33 mittelmäßigen
1843 1985 93 31 Kunst-

1061 2041 230 28 schriftstellern
1317 2049 66 20 vor.

1060 2134 55 40 Die
1144 2134 109 40 kleine
1281 2134 93 40 Mode

1118 2205 169 34 ..Künstler,
1319 2207 46 28 die
1398 2206 63 29 sich
1491 2206 29 27 in
1551 2205 56 28 den
1639 2204 107 29 Dienst
1778 2203 53 28 der
1862 2202 93 29 Mode

1062 2258 116 32 stellen,
1200 2257 166 29 definieren
1392 2258 54 27 das
1472 2255 89 30 Wort
1582 2254 102 29 Mode.
1719 2253 63 28 Das
1806 2252 135 30 Snobisti-

1063 2308 73 28 sche
1157 2315 92 24 sogar
1268 2306 102 28 macht
1390 2314 55 20 nur
1465 2304 194 32 Vergnügen,
1679 2311 90 20 wenn
1790 2304 47 27 ein
1856 2302 102 31 wenig

1062 2358 144 29 Tiefsinn.
1230 2358 131 28 Theorie
1387 2358 59 28 und
1471 2363 94 25 graue
1588 2353 253 33 Ernsthaftigkeit
1868 2353 89 28 dabei

1200 2409 79 27 Herr
1313 2407 71 32 Karl
1416 2405 150 30 Scheffler
1597 2405 62 29 hält
1693 2403 64 29 sich
1792 2403 47 28 für
1870 2403 87 28 einen

1060 2459 151 34 Künstler,
1232 2458 38 28 da
1292 2466 32 20 er
1345 2457 63 29 sich
1428 2458 29 27 in
1479 2458 56 27 den
1555 2456 108 29 Dienst
1685 2454 53 29 der
1760 2452 93 30 Mode
1874 2452 81 30 stellt

1061 2510 59 29 und
1148 2511 69 28 dem
1242 2509 47 29 die
1314 2508 97 32 Kunst
1435 2515 56 20 nur
1517 2505 185 32 Vergnügen
1728 2503 111 33 macht,
1863 2510 91 21 wenn

1061 2561 64 27 sein
1143 2558 142 33 Tiefsinn,
1305 2560 83 26 seine
1405 2556 131 30 Theorie
1555 2555 61 29 und
1634 2555 83 29 seine
1734 2562 94 25 graue
1848 2553 89 29 Ernst-

1061 2609 158 34 haftigkeit
1249 2609 89 30 dabei
1362 2606 171 34 ist.„Das
1561 2605 100 29 haben
1687 2605 58 28 wir
1774 2603 106 32 erlebt,
1910 2603 45 28 als

1060 2669 58 20 vor
1149 2661 98 28 einem
1277 2658 165 30 Jahrzehnt
1471 2654 98 30 Maler
1598 2656 60 28 und
1687 2652 199 30 Architekten
1917 2661 38 19 zu

1060 2710 301 29 Damenschneidern
1393 2707 138 34 wurden,
1565 2706 43 28 als
1642 2705 54 29 das
1729 2703 142 32 Künstler
1874 2702 80 30 kleid

1063 2761 149 32 entstand,
1241 2760 60 28 und
1329 2760 57 27 wir
1416 2757 123 30 erleben
1567 2764 33 20 es
1629 2756 90 28 heute
1748 2755 126 32 wieder,
1903 2761 51 20 wo

1061 2812 66 30 jene
1155 2810 105 33 Kunst,
1291 2810 46 28 die
1369 2808 64 29 sich
1465 2805 231 35 anspruchsvoll
1725 2804 212 33 Expressionis-

1061 2869 67 21 mus
1155 2861 61 28 und
1241 2859 165 32 Kubismus
1435 2859 101 31 nennt,
1564 2857 46 28 ein
1636 2855 165 29 zärtliches
1828 2854 108 28 Liebes-

1059 2910 169 28 verhältnis
1265 2918 37 19 zu
1341 2908 69 28 dem
1448 2905 172 30 mondänen
1656 2904 118 28 kleinen
1803 2903 151 29 Mädchen

1224 2959 151 30 unterhält
1406 2958 60 28 und
1497 2966 50 20 wo
1579 2956 100 28 dieser
1710 2955 123 28 Liaison
1867 2956 87 27 unter

1060 3011 123 27 Andern
1209 3012 47 27 ein
1280 3008 199 34 geistreicher
1506 3005 123 30 Anwalt
1653 3005 52 29 der
1731 3005 57 28 lat
1814 3004 60 28 und
1901 3004 54 27 des

1060 3061 125 29 Wortes
1212 3063 30 27 in
1267 3060 74 30 Otto
1367 3058 190 33 Haas-Heye
1585 3056 164 28 erstanden
1878 3053 76 29 Jene

1060 3106 123 38 Kunst,.
1206 3111 46 29 die
1293 3110 64 29 sich
1395 3106 235 36 anspruchsvoll
1670 3106 283 32 Impressionismus

1060 3162 102 31 nennt,
1207 3159 153 29 uniterhält
1404 3160 47 26 ein
1499 3155 164 31 zärtliches
1706 3153 232 30 Liebesverhält-

1062 3212 46 27 nis
1147 3219 36 19 zu
1224 3211 57 27 den
1322 3209 173 28 mondänen
1533 3205 118 29 kleinen
1691 3203 266 29 Modellmädchen

1061 3261 62 29 und
1155 3261 98 28 dieser
1278 3260 123 29 Liaison
1434 3260 38 27 ist
1506 3259 87 26 unter
1618 3254 123 29 Andern
1776 3255 47 27 ein
1849 3254 89 28 kunst-

1063 3319 99 20 armer
1195 3310 122 29 Anwalt
1348 3310 52 28 der
1421 3308 58 28 Tat
1509 3306 62 30 und
1601 3305 54 28 des
1677 3304 126 28 Wortes
1833 3305 30 27 in
1884 3303 71 31 Karl

1061 3360 150 29 Scheffler
1244 3360 174 29 erstanden.
1472 3358 56 28 Die
1565 3355 105 32 Kunist,
1705 3355 47 28 die
1785 3353 98 32 Kunst
1917 3355 39 27 ist

1062 3411 60 28 und
1163 3410 218 32 anspruchslos
1423 3407 283 33 Expressionismus
1743 3404 60 29 und
1846 3404 91 31 Kubis-

1062 3468 67 21 mus
1162 3465 132 27 genannt
1326 3459 88 32 wird,
1449 3458 51 28 hat
1524 3465 53 20 zur
1601 3454 192 30 Mondänität
1816 3455 59 27 und
1901 3462 54 20 zur

1063 3512 92 28 Mode
1178 3520 34 20 so
1235 3513 101 32 wenig
1356 3509 185 32 Beziehung,
1562 3508 61 27 wie
1647 3506 47 28 die
1715 3505 118 29 Herren
1856 3505 99 27 Haas-

1063 3562 87 31 Heye
1174 3562 60 28 und
1257 3560 149 30 Scheffler
1432 3567 52 21 zur
1508 3557 106 32 Kunst.
1647 3555 101 30 Selbst
1772 3564 90 19 wenn
1884 3562 70 21 man

1062 3609 128 33 Rokoko
1233 3610 61 28 und
1320 3605 392 33 Biedermeier-Püppchen
1741 3604 137 29 schlecht
1907 3603 50 29 auf

1063 3663 102 31 gutem
1186 3660 110 34 Papier
1318 3660 147 32 zeichnet,
1485 3660 39 27 ist
1547 3658 92 28 damit
1661 3656 47 28 die
1727 3654 228 32 Berechtigung

1066 3712 52 27 der
1146 3710 243 31 Künstlerschaft
1418 3708 80 30 nicht
1525 3706 246 33 nachgewiesen.
1809 3704 66 28 Nun
1903 3711 52 21 wo

1065 3761 64 28 sich
1148 3761 77 29 Herr
1243 3759 149 29 Scheffler
1411 3760 43 29 als
1470 3756 141 33 Künstler
1629 3755 83 31 fühlt,
1728 3756 39 27 ist
1783 3754 61 29 ihm
1860 3754 95 29 selbst

1068 3812 46 27 die
1141 3811 151 28 Literatur
1322 3818 84 24 grau.
1446 3808 71 28 Sein
1546 3806 54 28 Stil
1630 3806 91 27 treibt
1750 3804 118 33 Blüten,
1898 3802 57 29 daß

1068 3862 52 27 der
1143 3861 207 28 Feuilletonist
1369 3867 57 21 vor
1447 3857 75 29 Neid
1546 3856 67 33 gelb
1636 3854 87 29 wird.
1746 3854 74 33 „Die
1843 3853 113 29 Moden

1067 3910 53 29 der
1141 3910 263 31 Frauenkleidung
1424 3908 66 28 sind
1513 3914 33 21 so
1569 3905 70 28 sehr
1663 3903 50 29 auf
1733 3903 142 29 Wechsel
1897 3902 57 29 und

1061 88 72 30 Deri
1155 87 147 30 versucht
1321 87 64 28 sich
1409 87 200 29 auszureden.
1639 86 62 29 Das
1724 86 167 29 Schreiben
1912 86 40 28 ist

1062 137 59 27 ihm
1154 145 37 19 zu
1226 136 174 31 gefährlich.
1444 136 80 29 Aber
1559 145 69 19 man
1661 136 80 28 kann
1778 135 75 29 auch
1877 135 76 28 über

1061 188 105 31 Reden
1194 187 169 29 schreiben.

1090 252 69 25 Herr
1186 251 64 26 Deri
1274 252 66 25 über
1366 253 41 24 die
1429 253 34 24 Fu-

1058 287 113 26 turisten
1199 287 73 24 1912:

1090 327 91 25 Ueber
1208 327 129 28 Russolo:
1373 327 108 29 Richtig

1058 362 41 27 ist.
1129 360 50 26 daß
1207 362 70 24 zwei
1305 362 157 25 Anschauun-

1057 402 51 19 gen
1131 396 179 25 miteinander
1335 395 146 26 kumuliert

1056 430 113 24 werden
1180 448 41 5 ...
1239 429 73 25 Aber
1331 430 75 26 diese
1423 430 42 25 bei-

1058 464 50 24 den
1131 463 219 26 Anschauungen
1374 482 22 5 ..
1420 464 60 24 sind

1058 496 68 25 eben
1162 498 27 23 in
1223 503 113 19 unserer
1369 496 96 26 Erinne-

1057 537 68 22 rung
1159 531 168 24 verbunden.
1374 530 105 26 Unsere

1057 563 209 29 Vorstellungen
1357 564 122 26 besitzen

1060 597 69 26 ohne
1161 599 130 25 weiteres
1326 599 42 26 die
1399 599 60 28 Mög-

1056 631 109 25 lichkeit
1212 632 46 25 der
1305 632 175 29 Verbindung

1056 672 55 19 von
1162 665 202 29 Erinnerungen
1417 674 47 17 ver-

1056 699 162 25 schiedener
1247 700 162 26 Erlebnisse.

1563 252 69 27 Herr
1655 251 63 28 Deri
1744 251 66 25 über
1834 251 43 24 die
1901 249 34 26 Fu-

1531 287 115 23 turisten
1673 286 73 24 1916:

1563 327 91 26 Ueber
1693 326 131 29 Russolo:
1871 325 81 26 Hätte

1530 368 23 17 z.
1585 361 29 26 B.
1645 360 100 26 Michel
1775 360 103 28 Angelo
1910 360 41 24 ein

1530 394 60 25 Bild
1620 395 109 27 gemalt,
1757 401 32 18 so
1818 394 75 25 hätte
1923 399 28 18 er

1531 429 56 24 rein
1646 427 196 29 gefühlsmäßig
1901 427 51 25 den

1531 461 164 26 vordersten
1728 461 57 27 Keil
1823 461 41 26 als
1902 461 50 25 den

1530 496 149 27 spitzesten
1709 495 50 25 den
1785 495 100 24 letzten
1912 494 42 25 als

1532 530 49 24 den
1655 529 179 27 stumpfesten
1905 534 32 22 ge-

1530 562 121 27 braucht.
1701 561 96 26 Dieser
1834 561 119 26 Futurist

1531 597 65 25 aber
1627 596 62 29 geht
1720 602 54 18 von
1805 596 46 24 der
1883 602 69 21 ganz

1530 630 92 24 kalten
1669 629 180 28 Berechnung
1897 635 55 21 aus,

1532 663 50 26 daß
1628 663 70 26 beim
1744 661 118 27 Vorstoß
1910 662 42 24 die

1531 697 92 29 Spitze
1664 696 153 25 allmählich
1852 695 101 29 stumpf

1530 731 78 24 wird.
1653 729 112 28 Wieder
1799 730 42 24 ein
1877 729 60 25 deut-

1531 766 83 25 liches
1657 764 116 24 Zeichen
1817 764 41 24 für
1902 764 49 23 den

1532 801 56 23 rein
1655 796 297 29 verstandesgemäßen

1530 833 114 25 Aufbau.

2032 86 193 32 Gegensätze
2251 85 131 33 gestellt,
2405 86 71 28 weil
2500 103 37 3 —
2561 85 188 28 schrecklich
2772 84 148 29 indiskret

2032 144 33 20 es
2088 135 244 32 auszusprechen
2354 153 37 3 —
2412 136 46 28 die
2481 131 106 32 Erotik
2609 136 53 29 des
2683 134 128 29 Mannes
2834 134 85 28 stark

2033 185 95 29 daran
2163 185 135 32 beteiligt
2446 184 76 27 Was
2561 184 99 29 dieser
2699 183 149 29 Scheffler
2884 200 37 5 —•

2031 233 187 30 schrecklich
2239 233 148 30 indiskret
2403 242 33 20 es
2454 233 244 33 auszusprechen
2716 253 37 3 —
2768 234 47 29 für
2833 235 88 28 einen

2032 284 66 29 Mut
2127 285 60 28 hat.
2222 284 80 27 Aber
2333 285 45 26 die
2408 283 261 33 Frauenkleidung
2698 285 77 27 wird
2806 284 115 28 ebenso

2032 333 155 29 schlechte
2211 332 210 32 Erfahrungen
2445 334 53 26 mit
2524 333 52 27 der
2604 332 191 32 Beteiligung
2822 334 101 27 dieses

2032 386 134 32 mutigen
2184 384 130 28 Mannes
2332 383 128 29 machen
2479 385 59 27 wie
2557 384 47 28 die
2623 382 105 30 Kunst.
2756 384 50 31 „In
2823 385 98 26 einem

2031 434 223 29 Theaterstück
2277 433 188 30 Wedekinds
2490 435 67 31 sagt
2580 433 129 33 jemand,
2731 432 101 29 früher
2853 433 51 29 hät-

2032 485 52 27 ten
2112 484 47 29 die
2190 484 128 28 Männer
2349 482 85 29 mehr
2469 484 55 27 den
2556 481 197 33 Oberkörper
2784 482 59 29 und
2874 483 47 27 die

2032 534 90 28 Arme
2147 536 52 28 der
2222 534 78 28 Frau
2324 534 120 32 geliebt,
2468 534 73 30 jetzt
2564 532 111 28 liebten
2698 533 44 26 sie
2766 531 84 29 mehr
2874 532 47 28 die

2033 583 102 29 Beine.
2168 584 65 28 Daß
2257 592 31 20 er
2311 583 97 32 Recht
2429 584 62 27 hat.
2513 581 77 30 lehrt
2613 583 45 27 ein
2682 581 84 29 Blick
2792 583 48 27 auf
2865 583 58 28 den

2033 633 129 30 Wandel
2199 634 54 28 der
2448 633 52 29 Ein
2537 631 86 29 Blick
2661 632 48 27 auf
2748 632 46 28 die
2829 632 94 27 Beine

2033 684 101 29 müßte
2159 684 159 33 eigentlich
2342 684 85 28 mehr
2448 682 113 30 lehren.
2596 682 101 33 „Einst
2722 683 129 28 wurden
2876 682 47 28 die

2034 734 308 29 Büstenfabrikanten
2363 733 91 33 reich,
2474 734 73 30 jetzt
2568 734 65 27 sind
2655 740 33 21 es
2706 733 47 28 die
2773 732 132 32 Strumpf-

2033 784 112 28 wirker
2167 786 60 27 und
2525 783 108 28 Dieser
2650 781 147 28 Tiefblick
2816 781 107 29 würde

2034 833 165 30 höchstens
2220 836 106 31 zeigen
2346 834 129 31 können,
2498 833 56 28 daß
2575 832 90 29 heute
2687 830 155 33 Strümpfe
2864 831 60 28 und

2035 883 120 29 Schuhe
2180 884 146 28 beliebter
2352 886 66 27 sind
2446 884 43 28 als
2511 882 172 28 »künstliche
2709 882 124 28 Büsten.
2868 880 57 28 Die

2035 931 93 30 Mode
2155 934 52 28 der
2235 933 191 29 künstlichen
2452 932 94 28 Beine
2574 931 76 30 ohne
2681 930 153 34 Strümpfe
2864 931 62 28 und

2035 983 77 28 ohne
2136 983 119 29 Schuhe
2279 985 38 28 ist
2340 993 54 20 nur
2418 983 51 28 auf
2492 985 56 26 den
2571 983 122 28 Bildern
2719 983 52 27 der
2795 981 113 33 Impres-

2035 1034 145 28 sionisten
2202 1042 35 19 zu
2255 1032 112 30 finden.
2398 1033 93 33 „Was
2512 1033 142 28 kommen
2676 1032 88 34 wird,
2786 1033 38 27 ist
2848 1030 76 30 noch

2035 1081 115 29 unklar.
2196 1081 57 29 Zur
2284 1081 63 29 Zeit
2372 1082 161 29 schwankt
2561 1084 47 27 die
2635 1082 92 28 Mo-de

2034 1132 64 29 Viel
2118 1133 97 31 Raum
2234 1133 93 28 bleibt
2346 1135 51 27 der
2416 1133 93 30 Mode
2528 1133 82 30 nicht
2629 1133 85 29 mehr
2733 1132 97 32 übrig,
2851 1132 75 28 aber

2036 1184 59 28 wie
2115 1182 150 30 Scheffler
2285 1185 78 30 sagt,
2384 1183 142 29 Genaues
2543 1183 80 29 weiß
2643 1191 68 21 man
2733 1183 89 29 nicht.
2851 1182 75 32 „Die

2034 1233 139 34 Männer,
2195 1232 46 29 die
2263 1234 46 28 die
2328 1232 178 35 Forderung
2524 1234 157 31 diktieren,
2703 1234 66 28 sind
2792 1234 72 30 jetzt
2884 1234 41 26 im

2035 1283 119 33 Kriege.
2183 1282 56 30 Mit
2258 1282 134 30 welcher
2411 1284 54 29 Art
2483 1291 61 21 von
2561 1282 181 29 fordernder
2759 1282 167 28 Phantasie

2034 1334 129 28 werden
2183 1334 44 28 sie
2247 1332 254 30 zurückkehren?
2528 1333 62 28 Das
2611 1334 38 28 ist
2669 1333 47 28 die
2736 1331 173 30 Schicksals-

2035 1384 86 31 frage
2143 1384 46 27 für
2213 1383 150 28 manchen
2645 1382 55 29 Die
2722 1381 203 30 Fabrikanten

2037 1434 125 28 werden
2190 1434 94 28 schon
2314 1434 45 29 die
2387 1435 127 28 neueste
2540 1432 92 29 Mode
2660 1441 55 20 aus
2743 1432 87 28 Paris
2860 1433 51 28 mit-

2036 1483 135 34 bringen,
2208 1483 95 28 daran
2337 1484 79 28 wird
2454 1483 54 29 das
2544 1481 158 29 Schicksal
2738 1481 53 29 des
2827 1481 99 29 Herrn

2037 1532 148 30 Scheffler
2214 1532 98 30 nichts
2341 1533 123 28 ändern.
2498 1531 197 34 Ueberhaupt
2726 1531 87 29 sollte
2843 1539 63 21 man-

2037 1584 72 29 cher
2134 1583 309 32 Kunstschriftsteller
2469 1581 94 30 schon
2587 1582 101 33 längst
2712 1581 138 34 gemerkt
2875 1581 36 28 ha-

2037 1635 67 32 ben,
2128 1634 56 29 daß
2208 1642 32 20 es
2261 1635 107 27 immer
2391 1633 111 29 anders
2521 1633 125 31 kommt,
2670 1632 43 29 als
2736 1640 32 20 er
2791 1639 32 22 es
2846 1630 83 31 nicht

2036 1684 112 33 glaubt.
2177 1684 55 28 Die
2251 1683 139 34 Männer,
2406 1684 46 28 die
2471 1684 46 28 die
2535 1683 216 32 Forderungen
2770 1681 157 34 diktieren,

2037 1735 67 28 sind
2129 1736 77 26 stets
2232 1735 39 27 im
2296 1733 120 33 Kriege.
2452 1733 80 33 „Vor
2559 1733 68 28 dem
2652 1733 110 31 Kriege
2788 1740 65 20 war
2881 1733 47 28 die

2037 1784 92 29 Mode
2169 1783 141 29 reichlich
2350 1785 187 31 provoziert.
2585 1782 157 32 Offenbar,
2782 1780 71 30 weil
2891 1799 39 3 —

2036 1835 189 28 schrecklich
2246 1834 147 29 indiskret
2414 1842 32 20 es
2468 1833 246 33 auszusprechen
2732 1851 37 3 —
2787 1834 47 28 die
2853 1832 57 28 Ero-

2036 1884 41 28 tik
2098 1884 54 28 des
2171 1883 130 29 Mannes
2321 1884 83 28 stark
2425 1883 94 29 daran
2538 1882 137 32 beteiligt
2695 1890 80 20 war:
2797 1883 44 27 sie
2862 1889 68 21 war

2037 1942 42 24 es,
2095 1935 69 27 weil
2180 1935 46 27 die
2241 1934 127 28 blasiert
2385 1934 59 28 und
2463 1933 47 29 die
2528 1935 97 27 etwas
2641 1934 147 30 impotent
2807 1940 101 24 gewor-

2037 1985 76 28 dene
2124 1983 218 29 Männlichkeit
2354 1985 116 30 gereizt
2481 1983 127 28 werden
2774 1981 156 30 DieMode

2037 2044 66 21 war
2133 2035 198 33 unnatürlich,
2360 2036 69 27 weil
2463 2036 51 27 der
2545 2035 96 28 brave
2670 2032 79 31 Herr
2779 2031 152 31 Scheffler

2036 2094 36 21 so
2091 2086 146 29 natürlich
2258 2087 52 27 ist:
2342 2086 54 31 „Je
2418 2084 192 35 natürlicher,
2629 2084 129 29 frischer
2778 2084 61 28 und
2858 2090 53 22 aus-

2037 2137 136 33 giebiger
2201 2144 59 21 nun
2288 2136 73 28 aber
2390 2136 46 28 die
2464 2133 168 31 männliche
2659 2133 195 30 Zärtlichkeit
2880 2133 48 28 für

2032 2188 46 27 die
2119 2187 78 29 Frau
2242 2194 55 21 aus
2339 2187 69 29 dem
2444 2186 112 32 Kriege
2594 2185 196 33 hervorgeht,
2831 2184 91 29 desto

2029 2239 137 31 weniger
2190 2236 129 30 braucht
2344 2238 43 27 sie
2412 2236 166 29 raffinierte
2829 2235 93 28 Diese

2031 2289 176 32 ausgiebige
2232 2288 169 29 männliche
2426 2286 194 30 Zärtlichkeit
2644 2285 92 29 wirkt
2759 2284 85 30 mehr
2869 2293 35 25 ge-

2037 2340 75 29 reizt
2131 2339 44 28 als
2194 2338 135 29 reizvoll.
2361 2338 73 32 „Die
2455 2336 226 35 Entscheidung
2704 2335 130 30 darüber
2856 2335 72 33 geht

2037 2389 81 29 nicht
2147 2397 61 20 von
2238 2388 206 29 Fabrikanten
2472 2389 61 28 und
2560 2386 162 33 Künstlern
2752 2394 65 25 aus,
2846 2384 82 29 nicht

2037 2437 108 30 einmal
2176 2447 60 20 von
2267 2439 54 28 der
2350 2438 93 32 Frau;
2474 2439 43 27 sie
2546 2437 95 33 hängt
2670 2438 54 27 mit
2754 2436 174 29 erotischen

2035 2490 186 29 Phantasien
2253 2490 53 27 der
2338 2487 129 30 Männer
2498 2495 186 21 zusammen.
2724 2486 63 30 Das
2815 2493 94 23 auszu-

2035 2540 148 33 sprechen
2201 2542 38 27 ist
2257 2539 81 29 wohl
2358 2537 220 36 unschicklich;
2598 2538 73 28 aber
2691 2538 46 28 die
2756 2536 95 29 Natur
2872 2535 56 29 des

2035 2591 168 29 Menschen
2227 2592 38 28 ist
2289 2598 58 20 nun
2372 2589 109 29 einmal
2503 2589 108 30 höchst
2635 2586 204 31 unschicklich
2862 2588 49 27 ein-

2260 2639 62 30 Das
2357 2639 245 33 auszusprechen
2638 2640 39 27 ist
2712 2639 27 30 ja
2775 2636 101 38 wohl,
2891 2655 37 3 —

2037 2691 190 28 schrecklich
2265 2690 147 31 indiskret
2449 2697 32 21 es
2516 2687 246 34 auszusprechen
2797 2705 39 4 —
2873 2695 37 21 un-

2037 2742 179 35 schicklich;
2238 2742 73 28 aber
2329 2742 47 28 die
2397 2740 95 29 Natur
2512 2741 54 29 des
2585 2738 205 30 Naturalisten
2808 2738 40 27 ist
2867 2744 60 22 nun

2040 2792 110 29 einmal
2178 2792 110 30 höchst
2319 2791 149 31 indiskret
2499 2788 206 34 eingerichtet.
2746 2789 55 28 Die
2832 2785 98 31 Natur

2039 2841 52 29 hat
2112 2850 33 20 es
2167 2841 73 29 aber
2261 2841 108 29 höchst
2393 2839 162 30 schicklich
2577 2838 208 33 eingerichtet,
2808 2837 57 29 daß
2886 2838 45 28 sie

2039 2893 80 28 ohne
2140 2894 47 27 die
2206 2892 152 29 erotische
2377 2891 165 28 Phantasie
2563 2891 54 28 der
2636 2888 205 31 Naturalisten
2860 2895 53 21 aus-

2041 2944 125 29 kommt.
2199 2942 98 30 Wenn
2322 2943 46 28 die
2392 2941 117 29 Herren
2536 2945 62 27 erst
2623 2939 158 34 ausgiebig
2804 2937 126 30 zärtlich

2041 2993 136 32 werden,
2199 2991 67 29 darf
2283 2992 47 28 die
2348 2991 78 28 Frau
2446 2992 28 27 in
2495 2989 81 29 Sack
2596 2989 59 29 und
2676 2989 127 31 Stulpen
2824 2987 107 33 gehen.

2570 3038 164 30 Herwarth
2756 3037 128 29 Walden

2038 3176 326 58 Gedichte

2039 3268 95 30 Peter
2154 3268 96 28 Baum

2037 3327 138 29 Gefallen
2194 3335 48 20 am
2262 3327 26 27 5.
2305 3325 70 32 Juni
2394 3326 70 27 1916

2036 3382 54 25 Aus
2109 3382 57 24 dem
2184 3379 116 26 Nachlaß

2475 3415 11 29 I

2037 3470 55 29 Die
2112 3469 169 31 Müdigkeit
2303 3467 69 29 muß
2395 3466 80 29 Süße
2498 3466 175 28 offenbaren

2038 3521 30 27 In
2089 3520 98 27 hohen
2207 3518 109 28 Lüften
2338 3518 76 28 Her-
2436 3517 59 28 und
2517 3514 222 30 Widerfahren.

2037 3570 68 28 Wie
2126 3568 277 29 Mädchenscheine
2422 3567 64 31 lugt
2508 3575 32 19 es
2561 3573 54 21 aus
2637 3565 56 28 den
2717 3563 115 32 Zügen;

2037 3621 51 30 Sie
2112 3622 83 28 töten
2222 3627 55 21 uns
2305 3620 52 27 mit
2384 3617 184 30 klirrendem
2594 3617 190 31 Vergnügen.

2037 3695 68 28 Und
2127 3697 106 26 immer
2254 3692 161 29 Tausende
2436 3690 177 30 Maschinen
2636 3690 127 31 platzen.

2039 3746 52 28 Ein
2118 3743 357 32 Durcheinanderspeien
2627 3739 137 28 Fratzen.

2039 3796 43 28 Im
2105 3796 139 30 jüngsten
2270 3793 105 29 Sturm
2399 3791 170 30 entzünden
2594 3789 63 28 sich
2684 3789 46 26 die
2753 3787 94 28 Axen.

2039 3845 107 29 Hände
2166 3845 59 28 und
2245 3843 98 30 Küsse
2363 3852 38 20 zu
2422 3850 55 21 uns
2498 3840 104 29 nieder
2605 3838 154 31 wachsam.

2037 3895 82 29 Mein
2142 3894 78 31 Kopf
2240 3894 91 29 treibt
2354 3894 53 27 mit
2432 3891 165 29 Walküren
2618 3888 113 28 Faxen.
