2943 3048
2525 216 90 32 VER
2639 217 198 32 SACRUM.

1553 2884 15 20 6

662 577 158 27 überladen*
844 576 108 27 Gerade
973 576 85 27 dieses
1078 577 137 30 Material,
1237 577 47 26 das
1305 588 51 15 wie
1376 578 72 31 Luft,
1469 589 51 16 wie
1537 579 118 32 Wasser,
1676 583 51 24 wie

662 615 89 27 Welle
768 619 41 26 ist,
822 614 78 26 kann
913 624 52 16 wie
983 613 65 26 kein
1067 613 113 27 anderes
1197 614 45 26 der
1255 614 149 33 flüchtigen
1421 615 148 27 Phantasie
1582 621 129 29 entgegen-

662 652 144 26 kommend
816 651 56 26 Der
882 650 76 26 Geist
966 653 73 24 eines
1048 650 126 33 Tiffany,
1184 651 141 33 Köpping,
1339 654 73 24 eines
1422 652 91 27 Gallet
1521 652 48 27 hat
1584 653 142 32 bewiesen,

662 689 62 26 dass
743 698 66 16 man
826 688 56 26 dies
898 687 167 27 Unfassbare
1082 687 144 27 festhalten
1243 688 87 26 kann*
1348 689 66 26 Wer
1431 689 140 27 kümmert
1589 690 57 26 sich
1664 690 63 27 aber

662 725 44 27 bei
718 736 52 16 uns
784 725 97 27 darum
890 724 10 26 ?

751 763 60 26 Vor
828 763 34 25 25
875 761 103 33 Jahren
994 761 73 26 noch
1083 761 49 27 hat
1148 761 132 27 mancher
1296 762 95 34 Zweig
1408 762 45 27 der
1469 763 113 27 Wiener
1594 764 133 27 Industrie

661 808 29 11 =
703 799 154 31 Porzellan,
871 798 76 31 Glas,
960 797 172 27 Lederarbeit
1143 806 30 11 =
1185 801 60 24 eine
1259 799 80 27 Rolle
1353 800 126 32 gespielt;
1495 800 159 27 individuell
1670 812 57 16 war

662 840 37 23 sie
716 836 73 27 auch
806 835 106 28 damals
928 835 85 30 nicht,
1030 835 63 26 aber
1109 835 108 33 typisch
1230 836 134 27 vornehm
1378 836 57 27 und
1449 838 116 33 elegant*
1578 838 74 27 Aber
1665 841 62 30 jetzt

662 873 121 27 arbeiten
803 873 50 26 alle
871 873 111 26 Firmen
1000 874 49 24 mit
1067 872 112 28 stolzem
1198 873 155 33 Ignorieren
1372 873 56 27 ihre
1446 874 158 27 bewährten
1621 875 106 27 Muster

662 910 58 27 und
733 910 42 27 die
789 909 119 27 anderen
920 909 94 26 liefern
1026 916 30 20 ==
1068 909 224 28 Slovakenware*

752 946 122 27 Werden
883 945 73 27 denn
965 945 75 27 nicht
1053 949 79 24 meist
1140 946 211 32 charakterlose,
1365 947 120 33 plumpe,
1499 948 112 33 vulgäre
1620 948 90 34 Gegen-

663 984 96 26 stände
773 983 169 33 produciert?
961 983 63 26 Wie
1043 983 83 27 sehen
1144 994 97 16 unsere
1257 984 388 34 Beleuchtungsgegenstände
1659 986 67 26 aus?

664 1020 44 27 Sie
724 1020 91 27 haben
830 1025 69 23 trotz
914 1020 46 26 der
972 1020 171 34 Wandlung,
1158 1021 103 27 welche
1278 1023 36 25 sie
1331 1021 86 27 durch
1434 1022 43 26 die
1490 1022 175 34 Einführung
1681 1023 46 26 des

663 1057 180 27 elektrischen
860 1057 107 27 Lichtes
988 1057 204 27 durchmachen
1213 1063 131 26 mussten,
1364 1061 115 25 zumeist
1503 1059 76 27 ihren
1599 1059 127 27 früheren

664 1094 164 31 Charakter,
845 1094 57 26 ihre
918 1094 162 31 hässlichen,
1097 1095 184 31 linealischen,
1301 1095 201 35 langweiligen,
1523 1107 56 15 von
1600 1097 127 26 Zieraten

664 1131 162 27 erdrückten
839 1131 119 27 Formen
974 1131 137 27 behalten*
1124 1132 60 27 Wir
1197 1137 110 22 müssen
1320 1143 52 16 uns
1389 1136 49 23 mit
1450 1133 120 27 schlecht
1582 1136 145 25 imitierten

664 1168 64 26 oder
745 1168 106 31 echten,
867 1168 125 31 theuren,
1010 1169 155 33 englischen
1186 1169 141 27 Modellen
1343 1169 155 34 begnügen*

753 1206 65 26 Von
831 1205 94 27 Kunst
937 1206 57 26 und
1007 1206 217 34 Kunstgewerbe
1243 1207 77 33 greift
1333 1206 46 27 der
1388 1207 161 33 allgemeine
1563 1208 115 33 Mangel
1691 1218 36 15 an

664 1242 175 27 Geschmack
853 1243 48 26 auf
916 1243 69 26 viele
1004 1243 100 27 andere
1122 1238 197 39 Äusserungen
1339 1243 45 27 des
1403 1244 104 27 Lebens
1530 1244 75 27 über*
1622 1244 104 27 Unsere

663 1280 118 30 Frauen,
795 1279 42 27 die
845 1280 206 34 anmuthigsten
1061 1280 45 27 der
1115 1281 84 31 Welt,
1205 1283 98 24 wissen
1316 1281 56 26 sich
1385 1281 75 26 nicht
1474 1281 77 26 mehr
1563 1291 35 18 zu
1606 1281 119 27 kleiden*

663 1316 163 27 Individuell
843 1317 184 27 verwechseln
1043 1320 37 24 sie
1099 1320 50 24 mit
1161 1318 170 26 excentrisch
1350 1318 57 26 und
1429 1318 91 27 haben
1537 1321 60 24 eine
1616 1321 110 30 gewisse

664 1354 135 26 uniforme
812 1354 137 33 Elegance
962 1365 214 23 angenommen,
1191 1354 42 27 die
1245 1355 136 27 vielleicht
1394 1355 60 27 sehr
1467 1360 109 26 correct,
1590 1355 64 27 aber
1666 1355 61 27 sehr

663 1391 156 33 langweilig
839 1393 41 25 ist*
902 1391 111 27 Correct
1030 1391 57 27 und
1101 1392 156 33 langweilig
1277 1394 32 24 ist
1322 1392 72 26 auch
1408 1392 41 27 die
1462 1392 61 31 Art,
1544 1395 51 24 wie
1608 1392 56 27 sich
1679 1392 47 27 das

663 1428 112 26 Wiener
791 1428 271 27 Gesellschaftsleben
1076 1428 121 33 abspielt*
1217 1429 66 26 Gibt
1296 1440 27 16 es
1341 1432 81 24 einen
1434 1430 112 26 Wiener
1565 1429 94 31 Salon,
1679 1429 47 27 das

663 1465 171 27 heissteinen
847 1466 246 33 Vereinigungsort
1106 1466 64 26 aller
1184 1468 130 31 geistigen
1324 1467 164 33 Regungen,
1503 1469 79 24 einen
1593 1466 114 27 Sammel-

663 1503 90 32 punkt
775 1502 43 27 für
842 1502 51 27 alle
919 1503 114 26 modern
1054 1503 174 26 Denkenden
1257 1503 57 26 und
1337 1503 187 27 Strebenden?
1545 1503 89 27 Einen
1660 1514 49 16 neu-

662 1539 87 27 tralen
765 1539 104 31 Boden,
888 1550 44 16 wo
951 1539 58 33 jede
1026 1540 138 33 Meinung
1176 1543 153 30 respectiert
1345 1540 57 27 und
1415 1540 70 27 doch
1499 1543 49 24 mit
1560 1541 96 26 Poesie
1669 1540 57 27 und

664 1580 50 23 mit
728 1576 98 27 Grazie
845 1576 138 27 discutiert
1001 1576 86 27 wird?
1106 1577 188 33 Keineswegs*
1311 1578 53 25 Ein
1380 1578 83 26 leerer
1480 1578 198 26 Formalismus
1694 1580 33 24 ist

663 1624 96 16 unsere
778 1613 185 34 Geselligkeit*
981 1614 97 33 Einige
1091 1613 121 31 Soireen,
1229 1613 43 27 bei
1284 1614 124 27 welchen
1427 1617 37 23 im
1478 1615 103 32 Jänner
1593 1614 133 27 Trauben

663 1650 57 26 und
733 1660 34 17 zu
780 1650 71 32 jeder
867 1650 98 27 Saison
979 1650 144 33 möglichst
1135 1651 69 26 viele
1219 1651 182 27 Excellenzen
1417 1656 110 21 serviert
1543 1651 119 31 werden,
1679 1652 47 26 das

662 1689 33 24 ist
709 1689 115 25 zumeist
838 1687 42 26 die
893 1687 98 26 banale
1010 1687 167 34 Erledigung
1195 1688 253 33 gesellschaftlicher
1467 1688 144 26 Pflichten*
1628 1688 98 27 Welch

663 1727 43 23 ein
719 1724 180 26 Unterschied
917 1727 38 23 im
968 1724 146 33 Vergleich
1132 1734 34 18 zu
1179 1724 142 28 einzelnen
1336 1725 112 27 Wiener
1464 1725 97 27 Salons
1581 1725 45 27 der
1639 1730 87 22 ersten

662 1761 95 26 Hälfte
771 1760 85 27 dieses
864 1760 213 33 Jahrhunderts!

752 1798 106 26 Heute
879 1798 111 26 wohnt
1012 1798 53 27 der
1086 1798 91 27 Geist
1197 1798 53 27 des
1269 1798 243 34 Spiessbürgers
1532 1801 32 24 in
1584 1810 68 20 uns,
1674 1799 52 27 der

663 1834 62 27 alle
737 1834 146 27 fremden
896 1834 269 35 Erscheinungen
1174 1835 158 27 feindlich
1341 1835 191 32 betrachtet,
1546 1836 62 26 alle
1621 1847 105 16 neuen

663 1871 182 27 Gedanken
870 1871 148 27 verlacht
1039 1872 63 26 und
1123 1872 172 31 verhöhnt,
1313 1872 257 34 Engherzigkeit
1589 1873 64 26 und
1679 1876 31 24 in-

662 1910 154 25 stinctive
825 1908 198 34 Abneigung
1035 1919 101 23 gegen
1150 1909 54 26 das
1218 1909 127 27 Schöne
1358 1912 31 23 in
1402 1909 68 27 sich
1483 1915 93 28 trägt,
1590 1910 63 27 und
1667 1921 59 16 nur

662 1945 55 27 das
734 1945 174 27 Bestreben
924 1945 64 31 hat,
1010 1945 67 27 sich
1098 1946 174 33 möglichst
1292 1949 105 31 wenig
1416 1956 37 18 zu
1473 1947 252 27 unterscheiden

661 1993 73 16 vom
753 1982 179 27 Nachbarn
949 1982 105 27 rechts
1071 1983 63 26 und
1151 1994 73 15 vom
1241 1983 181 27 Nachbarn
1438 1984 94 26 links*

751 2019 94 27 Dieses
862 2019 206 26 Philisterthum
1089 2030 34 17 zu
1140 2025 143 26 zerstören,
1305 2020 47 27 das
1372 2020 58 33 jede
1448 2021 197 26 künstlerische
1659 2021 50 27 Ent-

662 2056 155 33 wickelung
831 2056 115 31 hemmt,
958 2061 73 22 wäre
1041 2056 41 27 die
1090 2057 128 34 Aufgabe
1232 2058 72 30 aller,
1320 2057 43 27 die
1376 2057 85 27 durch
1474 2057 132 34 Stellung,
1618 2058 107 32 Macht,

661 2093 170 27 Reichthum
847 2093 57 26 und
919 2093 93 26 hohen
1030 2093 200 35 Bildungsgrad
1246 2094 183 34 hervorragen
1447 2105 48 16 aus
1508 2094 46 27 der
1566 2095 112 34 Menge*
1696 2103 31 12 ==

661 2130 109 27 DIESE
781 2130 75 27 dann
868 2140 34 18 zu
911 2130 102 30 lehren,
1024 2140 33 18 zu
1066 2131 108 31 führen,
1187 2141 34 18 zu
1235 2131 126 31 erheben,
1371 2136 73 22 wäre
1456 2134 43 24 ein
1509 2132 131 27 Leichtes*

750 2168 60 27 Wir
823 2178 83 23 sagen
920 2170 49 24 mit
983 2163 215 39 Überzeugung:
1212 2171 62 29 „ein
1288 2169 151 31 Leichtes“,
1452 2169 62 27 weil
1526 2170 198 31 vermittelnde,

662 2210 47 28 gut
722 2205 158 33 veranlagte
894 2204 141 28 Elemente
1048 2205 73 27 noch
1138 2206 136 27 zwischen
1293 2205 52 27 den
1359 2206 124 26 Geistern
1501 2207 56 26 und
1575 2206 62 27 dem
1654 2211 57 29 typi-

661 2242 83 26 schen
760 2242 112 27 Wiener
889 2242 125 26 Philister
1031 2242 161 27 vorhanden
1206 2243 68 26 sind*
1286 2243 116 33 Energie
1410 2246 34 24 ist
1458 2243 47 27 das
1515 2243 135 32 Ferment,
1662 2246 48 25 wel-

661 2279 63 27 ches
734 2289 52 16 uns
795 2279 75 26 fehlt*
887 2279 53 26 Die
954 2279 112 26 Wiener
1079 2279 59 26 sind
1151 2280 269 31 Naturschwärmer,
1433 2283 38 24 sie
1483 2280 60 27 sind
1555 2281 154 33 sprichwört-

661 2316 53 26 lich
723 2316 187 31 musikalisch,
916 2319 48 23 wir
973 2316 114 26 können
1097 2327 51 15 uns
1157 2316 81 27 keine
1247 2316 247 35 bildungsfähigere
1504 2318 93 26 Masse
1606 2318 118 27 denken*

751 2353 82 27 Wien
852 2363 75 16 muss
946 2353 45 26 der
1010 2353 93 26 Kunst
1121 2353 104 27 erobert
1241 2354 118 31 werden,
1379 2364 26 17 es
1424 2354 67 27 wird
1511 2354 42 27 ihr
1569 2355 99 26 wieder
1681 2366 29 23 ge-

660 2390 96 26 hören*
778 2390 82 26 Wien
885 2400 74 16 muss
983 2389 99 27 wieder
1103 2389 42 27 die
1170 2390 86 27 Stätte
1276 2390 71 27 edler
1367 2391 162 34 Anregung,
1551 2392 174 34 anmuthiger

661 2426 228 35 Lebensführung
909 2427 57 26 und
985 2432 100 21 ernster
1104 2426 150 28 Schönheit
1266 2428 118 26 werden*
1410 2428 36 26 Es
1464 2429 64 33 liegt
1546 2439 52 16 nur
1611 2439 35 16 an
1659 2440 64 16 uns:

661 2466 48 24 wir
722 2464 139 26 brauchen
875 2474 27 16 es
916 2475 51 15 nur
980 2473 33 17 zu
1027 2464 108 26 wollen*

1328 2502 31 26 B.
1374 2502 312 28 ZUCKERKANDL.

2280 501 45 18 Für
2337 502 26 18 V.
2377 502 20 19 S.
2409 508 45 17 gez.

2281 525 17 25 v.
2308 525 90 25 Friedrich
2406 526 80 24 König.
