5194 7208
213 6832 76 45 156

277 269 331 61 Gesträubte)
655 289 53 36 er
756 278 66 48 ist
861 281 89 56 tot,
995 278 81 49 Du
1117 278 117 50 hast
1277 280 147 46 einen
1461 275 254 51 lebenden

278 359 205 60 Schatz,
522 364 89 47 der
646 361 183 51 mich
866 365 105 50 will

210 442 366 51 Freundin
615 438 145 63 (gellt
798 441 130 61 auf):
971 447 138 50 nein!

210 526 117 51 Sie
367 522 158 59 (zerrt
561 523 120 62 sie):
755 533 72 53 ja!
867 534 139 47 nein!
1050 526 125 59 (hält
1207 530 115 56 fest,
1364 529 147 55 ruhig
1549 529 166 48 neben

274 612 91 56 ihr,
394 608 286 61 bannend):
714 630 113 36 was
858 619 65 47 ist
953 615 184 48 wahr?
1172 629 94 44 sag
1293 627 115 35 was
1433 616 68 46 ist
1526 612 186 50 wahr?

208 695 368 55 Freundin
613 694 72 60 (in
718 695 221 60 Beben):
979 712 200 35 warum
1214 698 123 48 haßt
1370 696 118 50 Du?

210 778 140 51 Sie:
387 782 80 50 ich
503 784 169 54 hasse,
708 784 224 50 hassen?
975 778 156 61 (lacht
1166 777 194 60 dumpf)
1398 783 108 50 sieh
1542 783 173 47 seinen

273 863 178 62 Mund,
487 883 55 37 er
572 868 137 57 küßt,
744 883 30 34 o
807 868 148 50 küßt!

210 947 363 56 Freundin
608 948 168 60 (sucht
810 945 375 61 loszuwinden)

210 1032 119 52 Sie
360 1030 124 60 (hält
514 1039 166 49 eisern
707 1031 144 59 fest):
912 1052 54 34 er
998 1038 87 46 hat
1112 1035 203 58 geküßt,
1348 1033 216 49 Männer
1595 1034 90 48 küs-

277 1133 107 44 sen,
420 1124 94 46 wir
552 1124 211 45 müssen
801 1120 230 49 dankbar
1069 1122 124 48 sein.
1230 1119 271 49 Dankbar!
1541 1112 174 60 (packt

276 1204 165 51 hinter
473 1205 75 49 ihr
587 1205 99 48 den
721 1204 198 49 andern
956 1198 141 61 Arm)
1138 1203 221 50 Moder?
1401 1203 83 49 die
1519 1202 196 54 Lippen

279 1291 214 48 modern
559 1284 199 59 (nimmt
840 1291 243 49 eisenfest
1133 1291 81 47 die
1274 1287 152 51 Hand
1489 1289 84 47 auf
1641 1283 72 50 ihr

275 1371 173 57 Haupt
481 1373 99 47 und
613 1372 157 56 beugt
804 1374 80 47 die
917 1365 336 62 Schreiende)
1290 1371 81 48 Du
1403 1369 140 50 mußt
1577 1366 138 51 nicht

275 1455 249 52 schreien.
565 1457 226 54 Küssen!
831 1456 202 54 Küssen
1070 1456 157 49 lacht!
1270 1469 54 35 er
1364 1454 89 49 hat
1490 1467 57 35 so
1589 1463 124 43 gern

271 1540 206 58 geküßt,
504 1540 206 51 lachen!
741 1540 210 50 küssen!
984 1535 158 61 (stößt
1171 1540 84 49 die
1282 1533 430 54 Verstummende

276 1623 88 50 auf
385 1624 86 49 die
503 1618 214 61 Lippen)
751 1624 80 50 ich
862 1624 149 56 weiß,
1044 1624 171 55 küsse,
1244 1623 160 48 küsse
1440 1615 160 59 (wirft
1631 1618 81 48 die

275 1707 377 57 Ohnmächtige
678 1703 106 60 hin)
817 1707 103 56 pfui
952 1708 81 48 Du
1064 1705 187 56 Metze,
1287 1699 160 61 (stößt
1478 1702 99 50 den
1606 1700 107 51 Fuß

269 1792 136 50 nach
439 1787 97 61 ihr)
573 1794 178 49 küsset
783 1792 300 50 anderleuts
1116 1789 223 50 Leichen
1375 1783 180 59 (beugt
1585 1787 127 48 über

273 1871 97 61 sie)
401 1877 381 50 Leichenküsse
832 1869 239 60 (lauscht)
1104 1874 83 48 Du
1217 1877 145 47 hörst
1392 1872 136 49 mich
1558 1872 154 56 nicht,

278 1957 158 58 (reißt
472 1963 72 48 sie
585 1977 62 34 an
695 1965 96 45 den
834 1961 205 49 Haaren
1083 1954 153 61 hoch)
1280 1959 123 50 höre
1447 1957 139 57 höre,
1633 1958 78 47 ich

275 2043 134 49 habe
442 2044 100 47 viel
578 2058 62 33 zu
676 2056 158 42 sagen
888 2037 181 60 (beugt
1102 2042 127 49 über
1269 2035 94 62 sie)
1408 2040 161 50 schön
1607 2037 104 50 Du!

275 2128 256 56 unsagbar
567 2127 224 55 anmutig
839 2123 310 60 (betrachtet
1183 2128 79 48 die
1295 2126 274 56 Liegende,
1605 2126 108 49 tritt

275 2223 115 36 zum
432 2210 220 59 Spiegel,
692 2214 186 48 wischt
921 2214 124 47 über
1091 2214 94 50 das
1226 2211 227 58 Gesicht,
1498 2212 108 50 tritt
1650 2224 61 34 zu

274 2289 96 62 ihr)
431 2296 129 55 nein,
618 2295 137 52 nicht
818 2293 306 63 bewußtlos,
1180 2295 234 53 Freuden
1479 2297 233 56 wachen,

272 2371 157 63 (gießt
456 2380 73 49 ihr
556 2377 150 49 Wein
734 2396 90 38 aus
852 2382 91 48 der
968 2382 206 54 Karaffe
1201 2380 78 49 ins
1304 2377 234 61 Gesicht)
1563 2385 147 48 wach

274 2460 108 51 auf!
422 2464 154 48 wach
617 2463 85 49 auf
755 2457 218 66 (springt
1010 2464 149 58 hoch,
1201 2467 136 51 stellt
1381 2468 79 48 die
1497 2467 218 49 Flasche

270 2560 94 35 aus
404 2549 89 47 der
531 2543 170 60 Hand)
738 2551 48 51 ja
822 2552 48 50 ja
903 2544 155 61 (reißt
1096 2551 79 49 die
1209 2551 139 50 Lade
1386 2554 94 48 des
1519 2552 160 49 Divan-

274 2628 189 54 tisches
489 2631 84 49 auf
604 2634 99 46 und
729 2632 172 51 stockt
930 2636 66 47 im
1027 2633 228 57 Denken,
1285 2633 123 50 hebt
1439 2634 146 50 einen
1614 2634 66 55 Re-

275 2716 184 50 volver
499 2711 151 62 hoch)
690 2716 134 52 nicht
864 2716 156 51 doch!
1061 2711 127 63 (legt
1222 2719 80 52 die
1340 2719 152 50 Hand
1528 2736 63 35 an
1632 2718 80 50 die

274 2794 158 61 Stirn)
469 2800 78 49 ich
580 2801 82 48 bin
715 2800 48 55 ja
800 2801 79 48 ich
916 2802 82 48 bin
1031 2796 124 62 (legt
1193 2804 94 48 den
1322 2799 263 56 Revolver
1624 2816 58 33 zu-

274 2882 138 60 rück,
447 2882 184 52 lächelt
663 2877 174 60 bitter)
874 2885 115 48 nein
1019 2886 86 48 ick
1130 2885 103 51 hab
1266 2886 100 49 ihm
1400 2889 79 47 nie
1513 2884 198 49 welche

273 2965 283 60 zugeführt,
584 2965 172 51 wahr!
790 2968 140 52 Lüge
956 2962 95 60 (sie
1083 2970 150 51 spielt
1266 2970 78 49 ein
1377 2965 226 61 Messer)
1632 2971 77 46 die

271 3048 193 56 Augen,
501 3053 76 48 die
610 3052 193 54 Augen,
835 3051 178 48 Nacht,
1047 3045 95 59 (sie
1171 3052 178 57 klappt
1382 3056 94 48 das
1502 3053 207 50 Messer

274 3138 97 46 und
398 3138 175 45 nimmt
604 3151 56 34 es
691 3136 195 58 stichig,
916 3138 153 54 beugt
1099 3141 98 45 und
1227 3132 330 61 bewundert)
1583 3153 30 33 o
1644 3138 65 48 du

273 3218 103 48 bist
426 3218 172 59 schön,
652 3220 259 53 unsagbar
962 3221 243 58 anmjutig,
1260 3220 248 57 wirklich,
1563 3220 146 48 hörst

272 3299 117 50 Du?
427 3305 98 46 und
558 3300 77 47 ich
671 3303 84 48 bin
789 3302 174 56 schön,
998 3319 52 33 er
1082 3307 146 52 sagte
1267 3318 54 36 es
1352 3304 218 53 hundert
1605 3304 103 48 Mal

271 3379 87 59 (im
397 3384 184 51 wehen
619 3382 286 61 Aufschrei)
942 3388 79 48 ich
1058 3386 141 53 hatte
1238 3391 80 47 nie
1358 3403 111 37 was
1510 3390 78 48 ich
1624 3389 59 48 be-

274 3466 105 50 saß.
432 3467 85 49 Ich
555 3467 158 50 besaß
753 3471 213 49 niemals
1007 3486 113 36 was
1160 3473 77 49 ich
1278 3471 139 52 hatte
1458 3475 101 47 und
1598 3485 112 35 was

274 3553 79 49 ich
398 3554 157 54 hatte,
607 3555 223 49 besaßen
883 3556 178 49 immer
1116 3556 75 49 die
1239 3557 225 48 anderen
1516 3551 194 61 (weint,

273 3636 133 51 fährt
462 3638 87 48 der
601 3637 294 55 Liegenden
956 3639 122 49 über
1138 3638 209 51 Gesicht
1398 3643 99 47 und
1551 3633 160 61 Haar)

270 3719 118 47 nein
426 3723 128 55 nein,
594 3719 80 48 Du
714 3720 144 52 sollst
895 3721 164 56 leben,
1100 3721 231 49 wirklich
1371 3723 148 50 leben
1557 3717 124 60 (wol-

269 3802 156 55 lüstig
464 3800 224 60 tastend)
728 3804 149 57 Haut,
915 3805 209 56 Lippen,
1161 3808 64 48 oh
1265 3801 176 61 (beugt
1483 3808 86 49 tief
1609 3807 100 47 und

271 3883 283 59 schneidet)
599 3887 136 50 nicht
781 3889 204 59 küssen,
1035 3891 227 54 niemals,
1307 3892 210 49 niemals
1566 3890 143 50 mehr

269 3961 157 60 (wirft
452 3970 198 51 Schnitt
677 3975 99 46 und
798 3971 204 52 Messer
1032 3975 156 48 durch
1212 3976 78 48 die
1316 3975 273 57 Vorhänge
1618 3975 89 51 des

270 4050 202 55 offenen
516 4047 263 61 Fensters)
823 4055 90 50 der
961 4056 205 57 andere,
1213 4049 179 64 (beugt
1439 4057 124 50 über
1612 4052 95 61 sie)

267 4136 77 50 Du
376 4138 104 51 bist
509 4139 174 59 schön,
718 4156 29 33 o
773 4141 247 55 .anmutig,
1055 4136 205 60 (breitet
1294 4144 78 47 ein
1404 4142 142 49 Tuch
1583 4144 124 49 über

270 4218 90 51 •las
394 4222 336 50 wimmernde
766 4219 230 61 Gesicht)
1027 4225 79 49 Du
1136 4224 145 50 sollst
1314 4224 136 51 nicht
1484 4225 222 56 sterben,

269 4304 216 53 sterben,
502 4302 167 59 (preßt
700 4309 90 47 das
816 4306 142 50 Tuch
988 4303 84 61 an)
1102 4309 77 49 Du
1208 4309 186 51 kannst
1421 4308 128 49 Dich
1574 4309 136 49 auch,

271 4390 66 47 im
378 4388 205 57 Spiegel
627 4390 140 56 sehn,
811 4406 53 35 er
906 4391 137 57 liebt,
1086 4407 55 35 er
1181 4393 182 49 nimmt
1403 4392 129 50 Dich
1577 4393 130 51 doch

270 4472 272 60 umsagbar,
579 4472 290 59 Totenkopf
921 4470 208 63 (erhebt
1170 4475 122 61 sich,
1334 4476 156 51 blickt
1533 4481 145 52 angst-

269 4561 234 44 verzerrt
545 4556 191 55 umher,
778 4558 176 47 nimmt
999 4563 79 46 ein
1118 4558 137 57 Glas,
1299 4559 215 51 schenkt
1557 4560 149 49 Wein

271 4638 99 46 und
409 4636 224 52 schüttet
667 4638 192 52 Pulver
903 4640 80 50 die
1021 4641 178 55 Augen
1234 4645 125 48 weit
1395 4645 52 48 in
1484 4638 223 61 Fernen)

271 4721 77 46 ein
382 4720 117 56 Tor,
536 4724 75 47 ein
641 4722 105 49 Tor
774 4717 245 62 (schrickt
1053 4740 115 36 zum
1203 4721 161 61 Park)

204 4801 243 48 Hunde
498 4804 184 58 balgen

207 4883 118 53 Sie
366 4881 203 64 (lacht):
616 4890 75 50 die
733 4889 181 50 Hunde
952 4890 189 58 balgen
1182 4894 208 60 Lippen,
1427 4889 142 60 (hebt
1616 4898 89 48 das

271 4964 145 62 Glasj)
459 4970 143 52 hörst
646 4972 118 51 Du?
811 4980 165 46 warte
1021 4978 109 48 eine
1177 4976 180 59 Weile,
1402 4975 303 54 (Gedanken

268 5052 303 61 überfallen)
597 5058 162 51 Weile
790 5053 203 61 (schaut
1019 5063 87 48 auf
1141 5063 77 49 die
1246 5063 274 59 Liegende,
1552 5066 153 57 beugt

270 5135 124 53 über
435 5142 98 47 und
574 5138 206 60 horcht)
824 5146 184 55 atmen,
1049 5148 186 53 atmen,
1275 5146 78 50 Du
1407 5141 161 59 (stellt
1613 5146 92 50 das

268 5219 121 53 Glas
431 5223 99 48 fort
587 5229 98 47 und
724 5229 154 51 packt
914 5232 70 47 sie
1025 5229 120 50 wild
1185 5232 47 47 in
1277 5231 79 48 die
1395 5228 192 61 Haare)
1627 5233 78 47 Du

266 5305 144 52 sollst
444 5308 135 50 nicht
612 5308 163 59 liegen
808 5312 123 59 hier,
963 5312 181 58 liegen,
1170 5316 81 47 ich
1286 5315 146 52 treffe
1464 5319 94 47 mit
1588 5315 116 57 ihm,

266 5388 163 56 treffe,
468 5383 218 61 (schleift
721 5395 47 49 in
807 5393 97 51 den
940 5389 159 60 Park)

205 5468 139 54 Sie:
404 5466 216 61 (kommt
665 5479 195 48 wieder
923 5482 98 47 und
1068 5481 236 50 trocknet
1349 5483 231 50 lächelnd
1627 5485 76 48 die

267 5555 201 60 Hände)
518 5563 48 50 ja
617 5562 129 53 geile
796 5562 182 52 Hunde
1029 5556 198 62 (nimmt
1283 5567 77 49 die
1409 5566 150 51 Hand
1616 5570 89 47 des

266 5638 180 59 Toten,
479 5644 116 50 sitzt
624 5649 100 46 und
761 5644 311 61 betrachtet)

205 5720 242 54 Hunde
479 5720 200 60 (heulen
714 5726 249 61 draußen)

206 5805 142 50 Sie:
388 5803 155 61 (lacht
582 5812 136 56 grell,
757 5816 169 59 trinkt,
965 5817 138 48 wirft
1144 5820 90 50 das
1272 5817 123 56 Glas
1436 5822 50 46 in
1522 5820 154 49 Scher-

269 5889 113 56 ben,
426 5892 149 52 greift
618 5897 239 50 stürzend
899 5899 139 48 seine
1080 5898 171 65 Hand;
1296 5903 125 49 über
1465 5899 103 61 ihn)
1611 5905 92 57 Du,

267 5971 142 59 Dich,
437 5974 99 50 Ich.

895 6069 123 46 Ende

213 6280 538 102 Gedichte

207 6421 107 49 Das
344 6429 140 45 erste
512 6425 152 51 Weife

207 6515 126 55 Kurt
367 6518 265 57 Heynicke

209 6614 85 49 Ich
328 6619 86 46 tue
451 6619 120 50 alles
610 6620 241 52 Kindsein
884 6636 106 35 von
1029 6625 92 46 mir
1160 6625 63 47 ab

207 6700 102 46 mmcL
345 6700 160 51 decke
541 6704 97 49 still
673 6706 96 49 den
803 6707 158 50 tiefen
997 6706 133 56 Sarg

1841 280 91 48 mit
1972 292 165 39 neuen
2176 276 212 52 Blicken
2428 292 79 36 zu.

1841 361 53 49 In
1927 364 165 48 meine
2119 361 181 56 Augen

1841 446 197 50 kommt
2073 447 92 49 der
2201 459 130 36 neue
2367 444 162 50 Glanz

1840 545 63 34 zu
1938 530 232 52 fremden
2207 529 216 50 Städten
2460 530 100 50 und
2601 529 289 51 entfernten
2922 527 262 62 Wäldern,

1841 614 94 53 Die
1968 614 161 52 reifen
2160 613 143 55 Tage
2335 613 217 49 werden
2582 613 213 49 dunkler

1841 699 103 48 und
1975 698 254 49 schütteln
2265 696 152 49 Irrsal
2454 710 94 35 aus
2585 697 117 49 dem
2736 696 195 49 Mantel

1840 782 161 51 sodaß
2038 783 80 48 ich
2152 782 149 54 lange
2339 783 49 45 in
2421 781 103 48 den
2558 781 183 50 Abend
2772 783 134 54 gehe

1840 866 103 49 und
1977 866 134 48 mich
2143 864 278 49 verstecke

1839 963 96 35 vor
1972 949 116 49 dem
2122 947 196 56 großen
2351 946 161 53 Allein
2547 950 83 48 bei
2663 948 181 51 Nacht.

1839 1031 95 49 Am
1969 1031 220 56 Morgen
2227 1032 160 48 sehen
2424 1035 166 48 meine
2627 1032 205 50 Tränen
2872 1032 87 49 auf
2994 1034 80 48 ein
3113 1028 230 52 Wunder

1841 1115 99 49 und
1978 1118 178 52 ringen
2192 1115 109 49 sich
2340 1115 196 53 Gebete
2578 1131 91 35 aus
2708 1117 118 49 dem
2861 1128 165 42 zagen
3062 1113 222 52 Herzen.

1839 1198 83 50 Ich
1960 1202 145 51 trage
2137 1199 82 49 die
2252 1199 166 50 weiße
2453 1200 154 53 Seide
2643 1201 185 60 großer
2865 1198 294 52 Sehnsucht

1839 1296 83 35 um
1963 1286 202 46 meinen
2201 1283 303 51 schmerzen
2543 1284 124 50 Leib

1839 1366 100 49 und
1972 1369 165 47 meine
2172 1366 186 52 Hände
2391 1371 169 48 tasten
2596 1369 123 50 leise
2756 1383 66 36 an
2857 1369 81 49 die
2972 1365 186 52 Türen.

1836 1449 46 49 O
1912 1452 101 48 wie
2043 1452 79 49 ich
2149 1454 166 47 meine
2342 1450 154 55 Seide
2528 1452 145 51 hüte!

1837 1534 85 51 Ich
1952 1535 135 50 kann
2122 1535 80 50 die
2231 1535 223 50 Fratzen
2482 1536 139 50 nicht
2650 1535 200 51 besehn

1838 1618 79 52 die
1956 1619 277 51 nächstens
2270 1622 89 47 mit
2400 1620 100 49 den
2535 1619 187 51 bloßen
2759 1618 225 51 Brüsten
3022 1617 221 50 winken.

1834 1788 135 49 Dein
1999 1787 126 52 Duft
2157 1789 67 49 ist
2252 1787 163 51 selten
2446 1790 101 49 wie
2582 1789 81 49 ein
2694 1786 113 58 Tag

1837 1885 63 35 zu
1936 1871 118 49 dem
2087 1886 121 35 man
2240 1872 252 55 glücklich
2529 1874 81 47 ist.

1836 1953 138 51 Mein
2005 1953 147 57 Auge
2180 1955 134 50 weiß
2345 1955 139 51 nicht

1836 2039 171 49 blühst
2043 2040 65 47 du
2142 2039 133 49 weiß
2309 2040 126 49 oder
2470 2039 197 52 violett.

1837 2122 160 50 Deine
2040 2119 201 56 Nächte
2290 2124 112 48 sind
2447 2123 205 52 Farben

1839 2207 78 51 die
1953 2222 93 34 nur
2080 2207 129 49 helle
2243 2203 186 54 Seelen
2465 2207 159 50 sehen

1837 2291 103 49 und
1969 2291 142 50 Töne

1839 2375 79 49 die
1949 2377 53 47 in
2035 2374 221 50 tausend
2289 2373 192 50 Jahren
2514 2374 242 50 kommen
2794 2374 230 50 werden.

1836 2458 81 49 Du
1952 2461 166 52 trägst
2148 2457 80 53 die
2261 2456 172 54 Krone
2469 2457 91 51 des
2593 2455 251 53 Erfüllens

1817 2540 141 52 'licht
1999 2543 67 46 im
2104 2541 139 49 Haar

1837 2625 103 49 und
1972 2628 165 47 meine
2167 2625 167 54 Küsse
2367 2626 179 49 salben
2576 2625 187 50 deinen
2791 2623 240 53 Scheitel.

1835 2750 115 49 Nun
1979 2750 105 51 bist
2119 2751 67 49 du
2219 2750 148 50 Meer
2398 2754 103 46 wie
2538 2751 110 50 alle.

1834 2834 82 51 Du
1951 2835 254 49 schillerst
2245 2835 124 50 bunt
2407 2834 100 49 und
2546 2833 249 50 unfaßbar

1838 2927 62 43 im
1939 2920 208 48 Grunde

1835 3003 103 47 und
1971 3000 89 50 auf
2093 3003 89 48 der
2217 3002 186 49 Fläche
2436 3001 104 50 läßt
2578 3002 66 48 du
2679 3002 145 48 deine
2861 3000 207 51 Stürme
3102 2999 239 52 wohnen.

1833 3084 143 51 Noch
2002 3085 104 50 fühl
2137 3087 79 47 ich
2251 3086 146 50 deine
2428 3086 180 55 Augen

1834 3169 91 50 tief
1962 3173 51 46 in
2052 3173 111 55 mir,

1835 3253 83 49 Ich
1956 3252 154 50 friere

1835 3337 100 48 und
1968 3340 80 46 ein
2081 3338 196 49 dünnes
2310 3337 225 49 Lächeln

1835 3419 127 50 reißt
2000 3421 234 49 entzwei.

1835 3504 93 48 Die
1966 3505 261 51 schnellen
2264 3504 232 50 Stunden
2535 3507 142 46 töten
2714 3503 206 51 Brände

1837 3588 101 47 und
1975 3601 91 35 aus
2102 3588 100 48 den
2232 3589 189 48 letzten
2455 3588 358 55 Geigenstrich

1834 3674 132 45 rinnt
2000 3670 220 50 Sattheit

1834 3755 150 47 müde

1833 3840 49 45 in
1919 3838 78 47 die
2033 3837 197 50 Hände.

1834 4003 126 52 Gott

1832 4102 83 48 Ich
1955 4106 144 51 trage
2137 4102 183 51 Worte
2356 4105 50 46 in
2445 4103 97 49 den
2576 4102 216 50 Händen

1830 4186 101 48 wie
1969 4199 118 34 man
2130 4185 342 50 Geschmeide
2511 4188 151 52 trägt.

1831 4268 85 52 Ich
1949 4269 136 51 kann
2119 4284 54 34 es
2205 4268 219 51 schöner

1832 4352 74 49 als
1946 4352 81 50 die
2065 4351 228 50 Priester
2332 4356 90 46 tun

1831 4436 102 48 und
1971 4437 277 50 schmücke
2290 4439 203 46 meinen
2535 4435 124 51 Gott

1828 4522 91 46 mit
1955 4519 238 57 Liedern,
3117 4519 4 57 !

1829 4604 84 49 Ich
1947 4603 138 50 finde
2115 4604 86 49 ihn

1826 4689 54 46 in
1912 4685 221 51 dunklen
2167 4686 234 51 Stunden

1828 4784 156 35 wenn
2016 4786 55 34 er
2109 4771 81 49 die
2229 4785 166 43 engen
2432 4771 203 51 Gassem

1829 4857 91 46 mit
1951 4855 100 48 den
2084 4854 182 56 Augen
2298 4855 184 53 schönt

1830 4937 103 49 und
1962 4953 154 36 wenn
2150 4954 53 35 er
2240 4939 150 50 sacht
2422 4940 80 48 die
2535 4936 193 53 Dirnen
2761 4937 267 54 streichelt

1828 5021 94 53 Die
1955 5022 158 49 Liebe
2149 5036 94 37 aus
2279 5023 101 49 den
2408 5024 166 49 hellen
2607 5023 254 51 Fenstern
2897 5025 217 53 hängen.

1829 5105 84 51 Ich
1944 5105 139 52 finde
2116 5109 80 49 nie
2228 5107 93 49 das
2354 5107 163 51 Amen
2546 5107 84 50 bei
2664 5107 101 50 den
2794 5105 232 54 Worten.

1829 5191 84 51 Ich
1944 5190 169 55 bange
2143 5191 135 50 mich

1830 5274 115 48 dem
1982 5273 290 51 Endelosen
2303 5274 142 51 Ende
2476 5288 175 42 sagen.

1837 5723 204 97 Die
2121 5723 610 98 schwarze
2809 5725 397 98 Fahne

1830 5875 125 52 Eine
1985 5876 258 58 Dichtung

1833 5988 151 49 Adolf
2010 5988 301 54 Knoblauch

3057 6091 286 55 Fortsetzung

1837 6197 333 55 Widerstand

1924 6296 138 48 Brau
2089 6298 88 52 hat
2206 6299 108 49 sich
2341 6296 191 61 gelobt,
2561 6310 64 37 zu
2652 6298 175 52 Hause
2858 6314 61 33 zu
2948 6296 216 59 bleiben,
3193 6295 108 49 wäh-

1832 6381 128 46 rend
2004 6379 89 52 der
2144 6380 160 49 durch
2354 6382 179 49 seinen
2581 6378 144 51 Brief
2777 6377 560 52 heraufbeschworene

1832 6461 159 52 Streit
2041 6466 89 49 mit
2183 6466 92 47 der
2309 6465 473 50 Leutnantsfamilie
2835 6480 90 36 zur
2958 6464 381 57 Entscheidung

1832 6546 294 58 heranreift,
2185 6551 100 47 und
2341 6549 150 51 jeden
2545 6550 183 49 Abend
2782 6549 144 49 einen
2987 6547 351 58 Spaziergang

1832 6630 160 48 durch
2024 6631 389 50 erfrischenden
2441 6631 167 57 Frost,
2638 6630 515 51 nervenstärkenden
3183 6631 156 51 Wind

1841 6718 100 47 und
1976 6717 116 49 tiefe
2120 6713 459 56 Waldeinsamkeit
2613 6733 61 36 zu
2712 6715 229 49 machen.

3564 276 144 51 Nach
3758 276 121 53 dem
3932 276 202 53 Schnee
4182 283 101 50 und
4336 281 118 49 dem
4505 276 471 55 bleichstarTenfen

3470 362 258 61 Frosttag,
3769 363 90 50 der
3896 362 281 58 kupfernen
4215 366 346 50 Abendsonne
4602 367 66 47 im
4707 360 269 60 eisgrußen

3470 447 317 50 makellosen
3811 444 392 52 Himmelsmeer
4230 450 66 47 ist
4323 467 64 36 an
4417 451 193 48 diesem
4639 446 220 60 Morgen
4888 445 90 57 &er

3469 528 474 52 warmhauchende
3993 527 410 53 Südweststurm
4451 532 326 57 gekommen,
4828 527 151 53 dicke

3471 615 271 52 metallene
3784 613 222 49 Wolken
4050 613 182 49 stehen
4274 615 126 50 über
4444 618 103 49 den
4590 613 241 51 Häusern
4877 613 107 49 und

3472 699 117 49 dem
3612 698 330 51 Sanatorium
3967 696 208 56 geballt,
4200 711 64 34 zu
4291 696 179 55 Stufen
4498 702 200 54 steigen
4726 699 75 50 sie
4827 696 124 51 über-

3472 784 244 50 einander
3749 783 100 50 und
3886 779 214 53 erfüllen
4133 783 91 46 mit
4252 781 164 50 ihrem
4450 784 294 50 stählernen
4775 779 208 53 Dunkel

3472 867 96 52 den
3602 867 335 50 stürmenden
3975 862 364 60 Erd-Morgen.

3565 962 103 51 Der
3719 963 202 53 Schnee
3971 962 88 51 auf
4107 961 256 60 Dächern,
4411 961 418 63 Bürgersteigen,
4877 964 102 51 den

3469 1048 297 50 umwallten
3808 1047 348 52 Fahrstraßen
4196 1046 201 51 lockert
4437 1047 123 57 sich,
4602 1051 164 49 stürzt
4808 1047 170 55 hinab,

3468 1131 238 53 schwere
3747 1133 318 55 schmutzige
4108 1130 254 57 Klumpen
4404 1130 267 51 bedecken
4712 1132 120 51 bald
4881 1131 96 51 alle

3469 1214 235 59 Straßen,
3742 1215 241 57 Rinnsale
4020 1215 205 57 tropfen
4258 1253 12 12 .
4310 1257 11 10 .
4359 1257 11 10 .
4408 1212 95 52 Mit
4542 1215 205 51 dichten
4782 1215 194 51 Stößen

3470 1298 186 51 dröhnt
3699 1300 90 48 der
3832 1299 174 51 Sturm
4068 1314 169 42 gegen
4299 1298 146 51 Haus
4507 1299 103 50 und
4668 1297 145 55 Dach
4875 1298 103 51 und

3465 1380 201 56 lockert
3695 1386 98 50 den
3824 1385 361 54 siebenfachen
4217 1386 168 50 Frost.

3562 1492 55 49 In
3649 1493 90 52 der
3774 1493 169 51 Frühe
3976 1495 220 51 besucht
4227 1494 133 52 Herr
4396 1494 254 50 Assessor
4684 1495 98 49 den
4816 1495 128 56 Jüng-

3468 1576 116 60 ling,
3639 1581 100 48 und
3786 1579 172 50 indem
4007 1596 55 34 er
4108 1580 105 49 den
4263 1596 124 34 vom
4424 1579 263 50 Waschen
4737 1580 237 51 feuchten

3468 1657 358 54 Schnauzbart
3855 1662 198 57 glättet,
4084 1663 249 56 entledigt
4363 1679 57 34 er
4454 1665 111 49 sich
4598 1662 94 50 des
4728 1667 250 49 neuesten

3467 1741 268 57 Auftrags:
3771 1743 157 59 „Nun,
3960 1745 86 53 Sie
4077 1746 370 63 Erleuchteter,
4479 1748 123 57 geht
4631 1760 59 35 es
4725 1745 156 50 Ihnen
4913 1761 64 34 an

3469 1825 98 50 den
3595 1825 221 64 Kragen,
3844 1828 197 51 soeben
4065 1831 87 50 hat
4176 1831 91 49 der
4294 1830 135 51 Herr
4455 1830 261 50 Leutnant
4742 1829 83 50 die
4849 1833 96 51 gnä-

3469 1910 115 55 dige
3623 1910 133 50 Frau
3798 1912 330 55 telegrafisch
4174 1929 93 35 aus
4304 1916 96 49 der
4441 1914 152 52 Stadt
4633 1928 67 36 zu
4738 1913 110 51 sich
4887 1927 60 44 ge-

3468 1994 147 51 rufen
3642 2009 187 44 wegen
3859 1999 141 47 eines
4028 2002 261 55 gewissen
4319 2001 213 57 Briefes,
4562 2003 100 47 den
4693 2001 90 49 der
4815 1997 137 52 Brief-

3465 2080 177 53 träger
3679 2078 116 50 dem
3832 2078 170 50 Herrn
4036 2079 256 53 Leutnant
4324 2082 227 51 bekannt
4584 2082 117 56 gab.
4740 2081 72 50 Im
4851 2080 95 51 Auf-

3468 2164 145 55 trage
3645 2161 94 50 der
3770 2162 209 51 Familie
4007 2162 207 52 fordere
4247 2165 81 49 ich
4361 2164 87 52 Sie
4481 2165 99 61 auf,
4617 2167 80 50 Ihr
4732 2165 211 52 wunder-

3466 2244 155 51 bares
3650 2244 343 53 Schriftstück
4025 2247 166 56 gleich
4221 2248 441 61 herauszugeben,
4693 2264 103 38 nun
4825 2250 151 51 keine

3466 2329 184 56 langen
3686 2330 341 53 Geschichten
4065 2374 10 11 .
4109 2374 11 11 .

3560 2439 81 50 Da
3667 2439 133 51 Herr
3829 2440 252 52 Assessor
4111 2443 96 50 alle
4236 2446 141 48 seine
4407 2443 207 51 Saucen
4639 2449 93 47 mit
4759 2447 90 49 der
4879 2444 65 50 Zu-

3468 2526 75 47 tat
3566 2523 90 54 der
3683 2523 170 52 Moral
3882 2527 202 56 einlegt,
4114 2528 137 49 kann
4274 2543 59 35 er
4363 2529 132 49 auch
4523 2532 142 49 seine
4692 2543 133 37 neue
4852 2528 96 53 Auf-

3466 2606 281 63 forderung
3780 2626 91 36 zur
3905 2611 286 58 Preisgabe
4226 2616 92 49 des
4352 2614 200 51 Briefes
4589 2615 291 56 unmöglich
4916 2628 58 37 so

3465 2704 135 42 ganz
3629 2692 137 52 ohne
3799 2693 194 51 Würze
4027 2695 291 57 darbieten;
4357 2694 141 51 Bran
4530 2696 135 50 habe
4700 2698 110 50 sich
4843 2696 135 52 doch

3466 2788 59 37 so
3557 2774 82 53 für
3676 2777 79 48 die
3788 2777 133 50 Frau
3954 2778 259 53 Leutnant
4243 2782 339 56 interessiert,
4615 2794 107 36 nun
4755 2781 128 51 solle
4919 2793 57 36 er

3467 2859 91 48 der
3591 2874 179 36 armen
3798 2860 149 59 Frau,
3982 2862 81 50 die
4101 2877 53 35 er
4191 2864 322 55 unglücklich
4549 2866 246 55 gemacht
4827 2864 150 57 habe,

3466 2942 183 57 helfen,
3689 2946 109 50 sich
3840 2959 64 35 zu
3946 2946 382 63 rechtfertigen,
4373 2964 54 34 er
4474 2951 176 48 müsse
4694 2948 282 60 begreifen,

3463 3026 102 48 daß
3602 3027 108 52 ihre
3746 3026 147 60 Ehre,
3932 3029 75 51 ihr
4043 3031 398 50 Familienleben
4471 3048 87 33 am
4594 3033 247 52 seidenen
4879 3032 65 49 Fa-

3469 3109 98 50 den
3596 3111 248 53 schwebe
3876 3153 10 9 .
3919 3152 10 9 .
3960 3154 11 10 .
4005 3113 168 50 Wenn
4203 3116 114 48 sein
4351 3115 271 52 Gewissen
4655 3119 109 47 rein
4793 3120 92 56 sei»
4915 3131 60 34 so

3465 3194 168 50 könne
3663 3210 54 34 er
3750 3197 98 48 den
3877 3196 142 50 Brief
4047 3198 146 56 ruhig
4223 3199 359 56 herausgeben
4609 3202 102 48 und
4742 3201 232 51 dadurch

3468 3279 127 51 Frau
3625 3281 186 48 Brosin
3834 3298 104 35 von
3968 3284 168 52 jedem
4166 3284 174 53 Makel
4371 3286 241 50 befreien.
4643 3285 136 51 Bran
4800 3286 144 50 schüt-

3466 3363 89 48 telt
3589 3363 334 55 schweigend
3963 3365 99 49 den
4100 3365 146 62 Kopf,
4285 3369 100 47 wie
4429 3369 94 49 soll
4575 3383 56 35 er
4688 3370 131 48 auch
4875 3368 99 50 den

3465 3442 155 59 Brief,
3662 3451 48 45 in
3751 3448 118 48 dem
3911 3462 54 36 er
4009 3450 81 49 die
4131 3449 174 51 Partei
4350 3451 90 50 der
4487 3452 134 49 Frau
4664 3467 168 41 gegen
4875 3455 100 47 den

3463 3528 160 50 Mann
3659 3534 192 56 nimmt,
3885 3535 53 46 in
3975 3534 79 51 die
4091 3533 181 52 Hände
4307 3538 142 51 jenes
4485 3535 285 50 Menschen
4806 3538 166 56 legen,

3466 3613 89 48 der
3590 3617 141 49 seine
3763 3614 189 54 Kinder
3989 3617 326 51 mißhandelt.

3559 3723 99 49 Auf
3698 3727 140 51 seine
3885 3726 320 57 Weigerung
4248 3730 170 55 dringt
4460 3731 90 49 der
4595 3746 160 40 graue
4796 3730 179 56 Kubus

3464 3810 89 46 mit
3583 3810 175 49 seinen
3784 3810 167 49 bösen
3977 3811 362 60 tiefliegenden
4367 3814 182 55 Augen
4577 3815 102 49 und
4709 3816 99 48 den
4835 3828 104 36 mes-

3463 3891 328 50 serscharfen
3833 3893 323 51 Mundfalten
4199 3897 131 51 nahe
4371 3911 168 41 gegen
4577 3896 139 51 Bran
4760 3913 78 41 an,
4885 3898 89 49 der

3463 3987 166 42 ganze
3664 3975 253 51 Assessor
3956 3979 227 56 humpelt
4219 3981 148 49 einen
4402 3981 346 56 gewichtigen
4783 3983 193 51 Schritt

3463 4062 286 46 vorwärts:
3783 4059 138 57 „Soll
3947 4063 81 48 ich
4059 4062 84 52 Sie
4175 4064 132 49 noch
4336 4066 186 50 einmal
4552 4080 65 34 an
4647 4066 113 48 Ihre
4788 4064 190 51 Flicht

3466 4145 251 55 erinnern,
3750 4144 232 58 Mensch,
4017 4147 167 49 haben
4217 4147 85 52 Sie
4337 4149 139 50 nicht
4509 4150 165 48 soviel
4707 4148 150 63 Ehre,
4888 4163 86 35 um

3465 4228 111 47 eine
3642 4228 251 51 tadellose
3965 4230 440 57 hochanständige
4475 4233 135 48 Frau
4677 4248 105 34 von
4856 4235 117 49 dem

3463 4307 261 60 Schmutz,
3755 4312 98 48 den
3886 4311 86 50 Sie
4005 4313 87 49 auf
4120 4316 72 46 sie
4224 4315 254 54 gebracht
4511 4317 183 58 haben,
4726 4332 64 34 zu
4823 4320 125 47 reini-

3462 4402 114 48 gen,
3648 4394 168 51 Wenn
3852 4397 86 52 Sie
3977 4402 111 48 eine
4126 4401 218 58 Ahnung
4385 4401 163 52 haben
4589 4404 218 48 würden
4848 4417 122 38 vom

3461 4474 322 58 Ehrbegriffe
3822 4481 142 52 jenes
4009 4481 590 62 Gesellschaftskreises,
4639 4489 50 45 in
4733 4486 120 50 dem
4893 4486 80 50 die

3460 4558 132 50 Frau
3639 4561 255 50 Leutnant
3941 4563 118 63 lebt,
4104 4567 217 50 würden
4383 4566 85 52 Sie
4533 4571 110 48 sich
4711 4570 260 51 schämen.

3461 4641 159 52 Wäre
3661 4646 89 51 der
3787 4646 257 52 Leutnant
4081 4652 214 56 gesund,
4339 4655 169 46 seiner
4549 4654 207 48 Glieder
4795 4655 140 51 mäch-

3461 4731 85 55 tag,
3578 4742 57 34 so
3664 4732 140 48 hätte
3831 4746 53 34 er
3915 4732 108 49 sich
4053 4736 170 52 längst
4254 4735 346 57 Genugtuung
4627 4737 188 57 geholt,
4847 4737 124 52 aber

3463 4810 86 50 auf
3580 4813 197 50 andere
3815 4814 106 57 Art,
3961 4816 73 52 als
4077 4815 86 51 Sie
4200 4819 260 51 vielleicht

3551 4922 142 54 Bran
3763 4930 246 50 erwidert
4071 4931 326 61 gleichgültig
4467 4936 83 48 auf
4607 4932 360 59 Anpöbelung:

3462 5008 161 60 „Frau
3652 5009 134 60 Lise,
3822 5014 79 48 die
3934 5014 148 51 allein
4119 5019 92 46 das
4245 5016 163 55 Recht
4445 5019 124 49 über
4607 5019 97 51 den
4733 5019 140 53 Brief
4907 5037 65 35 zu

3459 5091 255 56 verfügen
3736 5095 104 61 hat,
3870 5096 99 59 gab
4002 5097 83 48 ihn
4114 5099 94 50 mir
4238 5101 210 55 zurück,
4481 5102 102 49 und
4616 5103 73 49 sie
4718 5107 78 45 tat
4826 5102 146 53 recht

3463 5176 175 49 daran.
3670 5175 85 51 Sie
3788 5179 88 51 hat
3907 5179 152 54 jeden
4090 5179 188 52 Schein
4315 5187 139 47 eines
4488 5185 323 52 Verdachtes
4844 5185 126 51 über

3459 5257 206 57 illoyale
3703 5260 468 58 Handlungsweise
4213 5267 288 60 widerlegt,
4542 5270 173 48 indem
4757 5274 73 47 sie
4874 5270 97 48 den

3463 5339 142 53 Brief
3636 5345 238 50 ablehnte
3907 5361 64 34 zu
4004 5349 323 56 empfangen.
4362 5351 187 60 Damit,
4584 5353 165 49 denke
4780 5354 95 57 ich,
4908 5358 67 46 ist

3466 5428 79 48 die
3579 5428 405 57 Angelegenheit
4017 5433 200 50 endlich
4248 5435 216 56 erledigt
4495 5480 11 9 .
4541 5476 10 9 .

3558 5538 133 52 Herr
3739 5542 251 52 Assessor
4035 5545 228 56 humpelt
4306 5548 195 56 hinaus,
4548 5561 84 35 um
4677 5548 134 50 Frau
4852 5548 123 53 Lise

3464 5626 183 47 weiter
3676 5624 80 51 für
3788 5627 81 53 die
3900 5626 169 52 Sache
4100 5631 92 47 des
4219 5629 168 51 Herrn
4418 5632 284 50 Leutnants
4731 5644 64 37 zu
4823 5633 123 50 bear-

3466 5708 168 51 beiten
3678 5711 102 48 und
3823 5712 130 49 nach
4015 5715 139 47 einer
4194 5714 165 50 Weile
4417 5715 196 49 kommt
4676 5715 79 51 die
4815 5730 129 43 unge-

3467 5792 264 51 schlachte
3760 5795 133 50 Frau
3922 5795 220 52 Hannah
4171 5812 64 34 zu
4265 5797 153 61 Bran,
4448 5798 213 51 schließt
4690 5800 287 59 vorsichtig

3468 5877 80 48 die
3587 5875 102 55 Tür
3724 5879 164 50 hinter
3926 5881 108 49 sich
4073 5896 78 36 zu.
4185 5880 139 50 Bran
4360 5884 64 46 ist
4457 5886 237 47 erstaunt
4733 5882 126 54 über
4898 5885 77 51 ihr

3464 5961 418 59 abgemagertes,
3917 5979 188 40 graues
4144 5964 498 59 Altweibergesicht,
4677 5968 82 48 die
4789 5968 190 51 trüben

3468 6044 196 62 Augen,
3703 6047 85 49 die
4268 6063 122 34 vom
4435 6049 188 51 Gatten
4667 6049 312 52 beeinflußte

3467 6130 137 53 kalte
3634 6133 240 50 Stimme:
3908 6134 96 59 „Es
4036 6134 156 50 bleibt
4222 6138 93 47 mir
4346 6134 382 60 unbegreiflich,
4760 6142 100 48 wie
4890 6136 86 54 Sie

3471 6217 138 48 einer
3645 6216 382 49 verheirateten
4060 6215 148 57 Frau,
4249 6217 80 49 die
4366 6218 109 49 sich
4512 6220 163 55 einige
4716 6218 138 52 Male
4887 6223 94 45 mit

3471 6299 157 48 Ihnen
3659 6299 322 49 unterhalten
4018 6300 102 54 hat,
4151 6301 151 48 einen
4335 6299 143 51 Brief
4512 6303 271 51 schreiben
4814 6305 132 48 konn-

3470 6387 100 45 ten.
3634 6383 110 48 Wir
3777 6383 94 49 alle
3904 6383 166 48 haben
4105 6380 86 54 Sie
4225 6383 79 50 für
4340 6388 146 47 einen
4520 6387 130 50 allzu
4685 6387 292 50 harmlosen

3471 6465 286 50 Menschen
3788 6466 253 57 gehalten,
4072 6467 103 48 und
4208 6482 101 34 nun
4341 6473 271 48 zerstören
4643 6470 83 51 Sie
4762 6484 94 36 uns
4887 6472 95 48 das

3472 6564 165 40 ganze
3678 6549 454 52 Weihnachtsfest.
4175 6550 178 54 Geben
4396 6553 85 53 Sie
4521 6557 318 53 wenigstens
4882 6555 100 49 den

3474 6632 142 50 Brief
3648 6635 203 56 heraus,
3884 6634 159 52 damit
4076 6636 95 47 wir
4206 6637 81 48 die
4319 6637 135 50 Frau
4486 6637 258 50 Leutnant
4777 6637 178 51 beruhi-

3475 6731 114 47 gen,
3617 6718 164 54 geben
3812 6718 84 49 Sie
3926 6719 83 48 ihn
4037 6720 94 49 mir
4156 6725 48 46 in
4236 6721 79 50 die
4343 6720 149 50 Hand
4520 6761 11 10 .
4563 6764 10 10 .
