5194 7208
231 6824 75 38 152

243 257 391 49 Aufschrei
684 251 248 59 (schrickt
975 262 69 47 im
1089 254 159 61 Park)

244 341 118 50 Sie
405 337 130 58 (tritt
572 343 50 46 in
663 341 80 49 die
786 337 150 61 Tür):
1016 344 126 51 Wer
1183 343 170 49 schrie
1399 342 100 48 da?
1548 343 95 48 so?
1692 355 58 35 so

309 421 155 58 (zieht
494 426 85 46 ihn
610 441 64 33 zu
701 422 131 61 sich)
869 429 158 50 sehen
1058 429 105 49 Sie!
1203 420 142 61 (ruft)
1380 426 120 50 Seid
1536 427 74 47 ihr
1645 425 100 48 da?

241 509 369 49 Freundin
657 505 237 60 (atemlos
927 528 91 35 aus
1051 514 116 46 dem
1196 504 184 61 Park):
1414 514 64 46 oh
1509 511 65 47 oh
1607 505 120 59 (stol-

304 597 115 51 pert
449 596 102 46 und
581 597 134 48 sinkt
750 600 47 45 in
829 600 145 46 einen
1006 589 282 61 Stuhl)wer
1320 596 87 47 hat
1438 609 92 33 nur
1566 609 57 35 so
1657 634 11 9 .
1697 594 47 47 .?

241 675 113 50 Sie
395 672 378 63 (beobachtet):
812 681 108 48 seid
955 680 78 49 ihr
1070 680 382 48 erschrocken?

239 758 81 52 Er
362 756 129 59 (tritt
529 765 169 54 hastig
739 779 323 40 gezwungen
1102 764 216 49 lachend
1358 757 124 60 ein):
1523 779 53 34 es
1615 763 134 48 wird

304 850 82 45 ein
417 846 145 54 Kauz
595 863 245 41 gewesen
874 851 124 46 sein.

240 928 117 54 Sie
396 926 173 59 (leicht
600 927 295 60 spöttisch):
934 934 48 52 ja
1019 934 80 46 ein
1137 932 292 57 Käuzchen,
1468 934 79 49 die
1584 931 165 51 Nacht

303 1015 89 50 hat
431 1018 128 48 euch
606 1016 299 50 erschreckt
948 1011 176 59 (lacht)
1170 1018 46 52 ja
1260 1016 85 50 di;e
1384 1015 190 50 Nacht!
1621 1011 126 58 (faßt

304 1101 99 48 den
446 1101 202 48 Freund
696 1095 167 59 unter)
916 1099 111 50 Wir
1088 1100 165 55 gehen
1316 1101 92 48 das
1470 1099 275 52 Käuzchen

304 1185 305 48 schrecken!
661 1179 155 58 (lacht
856 1178 106 62 auf)

238 1266 364 52 Freundin
646 1264 155 62 (hebt,
840 1272 173 52 starrt,
1055 1261 225 62 horcht):
1325 1282 111 34 war
1481 1268 128 48 das?

239 1349 81 51 Er
358 1346 299 61 (beruhigt):
691 1350 66 51 Es
793 1355 76 48 tut
900 1354 94 47 mir
1026 1353 99 48 leid

237 1435 386 50 Freundin:
663 1436 121 50 Sie?
825 1439 81 47 ich
943 1436 130 55 gehe
1109 1436 139 50 nicht
1284 1436 193 48 wieder
1518 1425 223 62 (kauert)

298 1521 86 48 ich
419 1520 131 49 habe
585 1520 190 49 Furcht

238 1602 38 49 E
296 1618 23 33 r
364 1598 142 59 (küßt
547 1605 107 47 ihre
696 1598 171 60 Hand)

251 1686 363 52 Freundin
670 1680 289 62 (entsetzt):
1013 1689 96 45 wir
1163 1686 190 49 wollen
1403 1686 79 47 nie
1539 1683 197 49 wie'dier

299 1771 133 54 gehn
467 1775 106 47 nie!

237 1852 39 52 E
296 1870 23 33 r
353 1850 178 57 (bietet
566 1857 109 48 eine
711 1854 259 56 Zigarette
1002 1848 85 60 an)

232 1938 361 49 Freundin
635 1931 243 61 (nimmt):
918 1939 50 52 ja

235 2020 83 52 Er
370 2016 127 62 (gibt
540 2015 210 60 Feuer):
802 2021 84 50 die?
929 2019 229 55 Aengste
1202 2019 290 56 verpaffen!
1546 2018 196 56 Uebrig

298 2104 199 50 bleiben
537 2104 86 49 Sie
663 2104 102 48 und
808 2104 106 50 ich!
959 2099 212 59 (zündet
1208 2117 66 36 an
1316 2105 103 48 und
1459 2103 142 51 wirft
1646 2103 93 50 das

295 2188 298 49 brennende
626 2187 324 50 Streichholz
985 2188 192 50 durchs
1210 2182 238 62 Fenster)

235 2270 290 50 Grelles
567 2270 413 50 Auflachen
1024 2266 177 61 (stiebt
1241 2265 130 64 rein)

230 2353 368 50 Freundin
641 2350 169 62 (hoch,
855 2370 67 36 an
969 2357 129 50 allen
1144 2356 242 51 Gliedern
1432 2348 241 63 zitternd)

229 2436 83 51 Er
352 2434 246 59 (schrickt
638 2439 100 49 und
781 2444 158 46 starrt
977 2455 119 35 zum
1132 2435 239 61 Fenster)

229 2516 119 56 Sie
393 2518 129 59 (tritt
561 2524 218 49 lachend
821 2518 124 61 ein):
989 2524 191 55 Kinder
1241 2519 156 61 (prüft
1436 2525 75 48 ihr
1569 2517 167 62 Kleid)

292 2607 78 49 ihr
408 2607 123 49 habt
570 2607 134 50 mich
742 2614 290 50 angesengt
1066 2609 218 49 beinahe

229 2689 279 51 Freund
549 2686 184 59 (hinter
769 2694 79 47 ihr
882 2695 92 47 mit
1006 2692 303 50 drohenden
1342 2687 200 61 Augen)

229 2772 119 56 Sie
387 2769 158 60 (lacht
583 2769 445 62 liebenswürdig):
1066 2776 111 49 Wir
1216 2775 150 51 leben
1408 2777 130 49 auch
1578 2777 156 48 noch!

293 2859 77 48 ihr
403 2858 255 56 Feurigen

228 2940 366 52 Freundin
636 2938 253 61 (erlahmt,
929 2937 252 62 stottrig):
1223 2958 29 35 o

228 3023 118 53 Sie
383 3020 272 63 (scherzt):
696 3026 151 50 was?

228 3109 279 49 Freund
544 3104 158 60 (stößt
737 3110 80 50 die
853 3109 258 57 Zigarette
1153 3115 65 44 im
1255 3110 330 50 Aschbecher
1623 3115 84 45 ent-

289 3186 156 61 zwei)

226 3275 117 51 Sie
384 3271 248 61 (schaut):
673 3277 87 51 Sie
797 3278 267 51 Zerstörer

228 3358 280 51 Freund
547 3356 130 59 (tritt
705 3356 239 62 zurück):
976 3363 117 49 ich?

227 3441 120 55 Sie
385 3440 209 58 (weicht
628 3439 109 61 ab):
773 3448 94 46 wir
902 3446 96 50 alle
1036 3440 249 61 (wendet)
1325 3462 54 34 es
1414 3450 64 45 ist
1513 3447 221 54 gedeckt

293 3522 200 59 (nimmt
526 3529 80 49 die
633 3529 257 49 Freundin
922 3534 183 49 untern
1139 3530 124 48 Arm
1297 3532 100 46 und
1431 3530 198 49 schiebt
1659 3533 73 45 sie

292 3625 90 35 zur
417 3611 121 58 Tür,
573 3612 107 55 gibt
718 3613 83 49 die
831 3612 302 51 Willenlose
1163 3617 50 45 in
1248 3614 92 47 der
1379 3613 101 49 Tür
1518 3614 217 49 lachend

293 3694 116 50 dem
443 3694 220 58 Freund,
698 3695 106 51 holt
838 3696 145 49 ihren
1018 3695 158 50 Mann
1211 3699 100 46 und
1349 3699 122 54 geht
1508 3700 91 47 mit
1630 3699 104 46 ihm

288 3774 143 59 raus)

937 3917 67 49 III

288 4015 339 57 Gedämpftes
662 4016 147 51 Licht

224 4097 37 50 S
279 4100 14 47 i
315 4113 27 35 e
372 4093 179 60 (starrt
580 4103 51 45 in
659 4093 304 63 Gedanken)

222 4180 83 50 Er
348 4177 141 60 (vom
525 4176 184 61 Park):
749 4184 75 48 ihr
860 4184 111 48 seid
1010 4183 94 49 alle
1145 4184 191 48 schnell
1375 4197 122 34 vom
1533 4182 193 49 Tisch?

289 4260 124 63 (legt
453 4267 77 48 die
567 4266 260 52 Serviette
862 4261 104 62 hin)

227 4348 119 50 Sie
401 4346 190 57 (streift
639 4351 237 54 langsam
926 4351 340 49 umständlich
1322 4351 97 48 den
1470 4350 256 55 Trauring

288 4434 101 47 und
422 4434 106 54 legt
561 4434 87 49 auf
682 4434 97 48 den
813 4428 324 61 Divantisch)

224 4516 80 48 Er
342 4511 299 61 (erstaunt):
679 4532 115 35 was
829 4522 106 45 tust
974 4517 116 49 Du?

224 4599 140 50 Sie:
403 4616 53 35 er
486 4603 79 47 tut
595 4601 121 49 weh

224 4683 41 48 E
284 4699 23 32 r
335 4678 171 60 (greift
531 4699 118 33 zum
674 4679 176 61 Ring):
876 4686 173 48 lassen
1071 4689 96 45 wir
1196 4685 81 50 ihn
1304 4688 181 46 weiter
1513 4687 216 47 machen

224 4766 117 52 Sie
382 4761 180 61 (hart):
610 4770 115 46 nein

224 4848 81 50 Er
339 4845 320 61 (betroffen):
694 4851 80 49 Du
803 4890 11 10 .
846 4852 47 48 .?

221 4934 121 49 Sie
375 4929 279 61 (trocken):
691 4950 54 34 er
772 4939 64 47 ist
863 4940 125 46 weit
1016 4952 171 40 genug

222 5016 81 54 Er
343 5013 199 62 (starrt)

221 5102 37 50 S
280 5105 14 46 i
315 5116 26 35 e
378 5097 201 59 (immer
617 5103 401 56 bewegungslos
1055 5105 100 51 den
1192 5104 211 56 Rücken
1443 5119 118 34 zum
1597 5106 99 47 Fen-

284 5180 153 60 ster):
474 5201 86 34 wo
598 5187 114 49 sind
751 5187 110 49 sie?

221 5268 82 50 Er
353 5265 155 59 (lacht
551 5271 184 50 befneät
779 5273 100 47 und
923 5273 183 48 schaut
1147 5287 117 35 zum
1312 5267 262 61 Fenster):
1653 5276 74 46 sie

283 5355 214 52 werben

222 5436 115 51 Sie
386 5434 442 62 (bewegungslos)

222 5519 82 49 Er
340 5517 173 58 (wirbt
546 5538 62 34 zu
640 5517 119 60 ihr):
798 5526 73 47 sie
906 5524 240 50 werben!
1180 5524 104 50 Du!

224 5602 117 52 Sie
381 5600 185 59 (wehrt
604 5608 78 49 die
721 5602 195 61 Hand):
956 5608 100 50 still

223 5687 278 49 Freund
540 5691 98 47 und
674 5691 364 49 Freundin
1077 5687 187 59 (treten
1300 5697 188 44 stumm
1530 5686 99 60 ein)

226 5769 116 49 Sie
402 5765 212 60 (lebhaft
666 5770 416 67 umschlajgend):
1135 5776 150 50 keine
1336 5776 193 49 Furcht
1579 5775 145 49 mehr

287 5853 263 50 draußen?

221 5938 366 49 Freundin
629 5935 151 64 (hart,
819 5938 258 61 gepreßt):
1121 5945 81 48 ich

222 6020 117 51 Sie
391 6017 272 62 (scherzt):
714 6025 121 51 jetzt
885 6031 179 49 graust
1126 6031 182 48 mich
1376 6023 199 57 (nimmt
1627 6027 100 47 den

283 6106 126 49 Arm
443 6107 92 49 des
571 6107 264 50 Freundes
868 6110 104 48 und
1009 6112 121 53 geht
1163 6114 91 49 mit
1289 6113 116 48 dem
1437 6112 203 48 Freund
1677 6113 50 45 in

287 6190 98 50 den
429 6185 161 60 Park)

224 6272 357 51 Freundin
623 6270 178 59 (starrt
837 6277 130 48 nach
1009 6278 96 49 den
1142 6279 183 49 beiden
1364 6273 104 61 um)

226 6354 39 48 E
284 6372 23 32 r
340 6352 128 58 (tritt
497 6359 86 48 auf
613 6361 77 49 sie
715 6352 86 62 zu)

227 6439 363 53 Freundin
644 6438 190 59 (wehrt
884 6439 266 60 entsetzt):
1252 6446 310 56 Schweigen
1614 6447 108 50 Sie!

287 6524 161 50 nicht!
487 6527 157 48 nicht!
684 6542 94 35 nur
810 6527 323 55 schweigen!
1171 6529 162 55 gleich
1369 6532 136 48 lacht
1541 6534 135 46 sie..
1696 6546 31 34 o

287 6606 166 55 gleich
485 6650 10 9 .
527 6649 10 9 .
572 6650 10 10 .

226 6688 80 54 Er
342 6685 314 63 (bedauert):
690 6695 93 50 das
815 6697 88 49 hat
937 6696 84 50 Sie
1056 6697 301 50 erschreckt

1833 259 362 50 Freundin
2243 254 200 59 (immer
2490 259 79 49 die
2613 258 186 54 Augen
2835 249 241 61 zurück):
3124 255 219 51 machen

1935 342 86 50 Sie
2061 344 156 48 heller
2251 343 107 48 hier

1872 426 38 49 E
1930 442 22 33 r
1990 422 239 59 (schaltet
2261 427 263 48 Flammen
2561 420 100 61 ein)

1871 511 387 49 Freundin:
2308 510 157 48 heller
2517 504 122 59 (voll
2688 509 162 57 Angst
2898 507 101 48 und
3048 502 199 62 Beben)
3298 507 81 50 ich

1933 597 104 47 will
2075 597 163 47 nichts
2281 609 92 41 gar
2378 593 166 49 nichts

1872 679 38 48 E
1929 696 23 32 r
1993 675 127 58 (tritt
2154 680 165 47 neben
2356 680 73 46 sie
2463 679 101 48 und
2599 680 180 47 nimmt
2810 677 107 48 ihre
2953 667 172 62 Hand)

1871 763 363 49 Freundin
2265 757 149 58 (reißt
2446 753 122 61 los):
2603 762 175 51 lassen
2807 761 107 48 Sie!
2949 761 173 46 lassen
3152 757 111 53 Sie!
3297 759 83 49 ich

1933 847 217 54 spreche
2198 845 162 49 nicht!
2409 845 81 48 ich
2540 846 218 53 spreche
2811 840 128 58 (tritt
2992 842 239 55 plötzlich
3277 841 102 50 fest

1934 926 105 58 auf)
2091 933 47 50 ja
2192 922 184 61 (stark)
2429 928 79 50 ich
2556 930 213 48 verlobe
2821 928 159 48 mich!
3031 926 79 49 ich
3161 926 216 49 verlobe

1931 1015 133 47 mich

1868 1096 37 47 E
1927 1114 22 32 r
1990 1092 167 57 (faltet
2196 1097 79 47 die
2317 1090 204 61 Hände)

1866 1180 365 48 Freundin
2267 1175 142 58 (hebt
2443 1181 80 48 die
2553 1181 167 57 Hand,
2752 1173 227 61 horcht):
3015 1178 66 49 da
3110 1177 175 49 lacht?
3322 1220 10 9 .
3366 1215 10 11 .

1866 1264 81 47 Er
1983 1258 125 59 (läßt
2139 1264 80 49 die
2248 1264 182 51 Hände
2456 1258 200 62 fallen):
2693 1264 87 50 Sie
2810 1264 116 49 sind
2956 1266 175 51 erregt

1866 1348 363 48 Freundin
2263 1342 422 61 (entschlossen):
2721 1351 82 48 ich
2830 1347 130 50 will!
2992 1346 157 50 doch!
3184 1340 195 60 (hastet

1929 1431 48 48 in
2015 1432 99 51 den
2153 1426 159 61 Park)

1866 1513 80 50 Er
1986 1510 95 59 (ihr
2118 1511 177 61 nach):
2334 1516 129 48 hier!
2503 1517 134 49 hier!
2673 1515 86 50 Sie
2797 1514 174 49 finden
3002 1515 48 54 ja
3082 1513 160 50 nicht!

1863 1613 285 49 Freund
2180 1615 100 47 und
2315 1613 36 49 S
2370 1616 16 46 i
2406 1629 26 34 e
2467 1608 116 60 (vor
2616 1614 91 51 der
2740 1612 121 56 Tür,
2895 1616 204 46 starren
3133 1612 98 48 den
3264 1610 83 49 bei-

1928 1697 98 50 den
2069 1691 152 61 nach)

1864 1780 140 50 Sie:
2040 1783 81 49 die
2148 1782 172 48 haben
2355 1781 107 50 Eile

1863 1865 282 49 Freund
2187 1860 179 60 (starrt
2403 1859 178 62 nach):
2620 1867 48 52 ja

1864 1950 137 49 Sie:
2039 1950 95 49 Die
2167 1950 170 49 haben
2369 1964 96 35 uns
2497 1949 139 49 nicht
2670 1950 231 54 gesehen

1861 2032 305 50 Freund:
2201 2037 118 46 nein

1862 2115 116 55 Sie
2019 2110 259 62 (lebhaft):
2319 2115 174 51 Sehen
2532 2115 112 52 Sie!
2684 2119 75 46 sie
2798 2114 192 51 laufen!
3037 2113 175 52 laufen

1861 2200 282 49 Freund
2182 2193 440 63 (unbeherrscht):
2661 2200 86 50 ich

1862 2283 119 52 Sie
2017 2279 188 59 (lauert
2234 2277 153 63 kalt):
2427 2298 30 35 o
2488 2284 81 51 bis
2602 2283 153 50 dahin
2793 2282 188 51 treffen
3014 2281 88 54 Sie
3136 2282 140 50 nicht

1860 2367 282 51 Freund
2187 2360 326 63 (erschrickt)

1862 2451 117 51 Sie
2016 2446 130 59 (tritt
2179 2453 51 47 in
2269 2452 92 48 das
2396 2444 267 63 Zimmer):
2703 2451 97 51 Die
2833 2450 121 51 Luft
2991 2452 68 51 ist
3097 2450 273 57 aufgeregt

1860 2535 280 50 Freund
2180 2530 180 60 (stapft
2394 2550 234 41 gezogen
2665 2529 178 61 nach):
2880 2537 51 53 ja
2969 2529 182 60 (starrt
3183 2535 51 48 in
3269 2533 103 50 den

1922 2613 160 62 Park)

1860 2716 118 51 Sie
2013 2712 168 60 (ruhig
2207 2712 374 60 gleichmütig):
2613 2717 234 50 weshalb
2877 2717 235 50 erklären
3143 2715 86 51 Sie
3258 2716 111 50 sich

1921 2801 174 49 nicht?

1857 2884 281 49 Freund
2181 2879 230 59 (wendet
2452 2885 306 49 überrascht
2799 2900 64 33 zu
2906 2878 98 61 ihr)

1858 2967 117 50 Sie
2018 2962 251 60 (lächelt):
2313 2968 271 49 weshalb?

1856 3065 283 50 Freund
2166 3060 178 60 (starrt
2371 3065 197 50 wieder
2594 3069 49 45 in
2674 3066 98 49 den
2802 3059 185 61 Park):
3015 3067 75 48 sie
3115 3064 88 51 hat
3232 3063 134 49 mich

1920 3148 332 56 abgewiesen

1857 3232 35 49 S
1913 3236 10 44 i
1945 3252 26 33 e
2012 3228 207 60 (spannt
2255 3227 153 61 hoch)

1855 3316 304 49 Freund:
2201 3318 209 50 vorhin!
2451 3319 72 52 ja!

1856 3400 117 49 Sie
2016 3396 261 61 (forscht):
2321 3402 221 47 vorhin?

1855 3484 178 49 Freu
2055 3499 29 33 n
2104 3485 33 47 d
2178 3478 178 61 (nickt)

1859 3567 34 49 S
1915 3570 12 44 i
1948 3583 26 33 e
2010 3562 150 60 (nahe
2195 3584 63 33 zu
2295 3569 115 56 ihm,
2447 3570 104 54 legt
2590 3570 79 47 die
2700 3567 150 50 Hand
2885 3567 87 50 auf
3005 3571 176 47 seinen
3216 3560 143 60 Arm)

1855 3651 282 49 Freund
2175 3646 172 59 (zuckt
2380 3646 321 60 zusammen)

1856 3734 115 49 Sie
2015 3731 187 57 (weich
2242 3729 446 62 anschmiegend):
2730 3739 81 48 ich
2849 3736 154 51 hasse

1854 3818 282 48 Freund
2174 3814 178 59 (starrt
2385 3822 79 48 sie'
2490 3815 85 60 an)

1855 3901 116 49 Sie
2004 3896 348 61 (wehmütig):
2389 3905 47 51 ja
2468 3906 137 45 mein
2636 3903 160 48 Mann

1853 3985 282 49 Freund
2164 3981 155 59 (fährt
2346 4001 84 33 um
2461 3987 100 47 und
2590 3990 157 45 starrt
2777 3989 73 48 sie
2881 4000 78 42 an,
2989 3983 374 52 unbeherrscht

1916 4070 284 57 sprachlos,
2242 4070 154 56 packt
2441 4070 125 49 derb
2610 4070 143 50 ihren
2799 4064 169 61 Arm):
3018 4070 149 49 wer?
3209 4068 150 50 wer?

1854 4153 115 49 Sie
1999 4148 177 59 (blickt
2207 4154 81 48 ihn
2322 4154 151 54 ruhig
2500 4147 109 61 an):
2642 4157 83 47 ich

1851 4236 286 49 Freund
2181 4232 118 59 (löst
2341 4237 313 58 gebrochen,
2698 4230 290 62 schwach):
3037 4236 326 54 Verzeihung

1984 4314 195 61 (stöhnt
2226 4316 146 59 leise)

1854 4403 117 50 Sie
2037 4400 69 58 (in
2146 4405 157 48 heller
2343 4406 297 53 plötzlicher
2678 4405 180 56 Angst,
2894 4399 169 60 fleht):
3102 4403 139 49 Aber
3275 4403 86 49 Sie

1918 4488 180 48 dürfen
2143 4490 162 49 nicht!
2351 4528 9 9 .
2408 4528 10 9 .
2466 4489 140 49 nicht
2647 4490 148 47 wahr
2844 4527 10 10 .
2901 4489 48 48 .?
2998 4489 94 49 das
3137 4490 91 46 tun
3274 4487 86 49 Sie

1916 4573 160 50 nicht!
2152 4573 51 47 o!
2279 4573 351 54 versprechen
2672 4572 111 50 Sie!
2865 4572 170 48 Wenn
3073 4571 86 49 Sie
3200 4571 155 48 mich!

1919 4660 164 45 etwas
2116 4655 81 50 für
2234 4657 154 48 mich!
2430 4657 151 49 bitte!
2612 4657 126 48 bitte

1852 4739 277 49 Freund
2172 4734 193 59 (macht
2405 4743 111 49 eine
2557 4741 231 54 wehrige
2828 4732 467 61 Handbewegung)

1853 4823 118 50 Sie
2004 4819 246 65 (forschig
2283 4818 180 62 bang):
2500 4824 84 52 Sie
2612 4826 218 48 werden
2864 4838 55 35 es
2951 4825 140 48 nicht
3120 4826 114 47 tun!

1845 4903 286 53 Freund
2172 4903 312 61 (schwach):
2528 4909 80 48 ich
2645 4909 136 48 habe
2815 4909 117 48 kein
2972 4907 164 56 Recht

1852 4991 114 52 Sie
2007 4987 272 64 (trotzend,
2317 4992 230 55 forschig
2580 4986 160 61 hart):
2780 4992 229 56 Recht?!

1851 5075 281 50 Freund
2170 5071 183 61 (weh):
2392 5076 166 56 Recht

1854 5155 404 59 (Schweige
2279 5154 51 61 n)

1852 5243 119 51 Sie
2005 5240 313 60 (schwach):
2356 5246 79 49 ich
2470 5246 131 50 leide
2638 5260 57 35 so

1851 5328 278 50 Freund
2172 5323 142 59 (küßt
2352 5330 108 48 ihre
2494 5323 170 61 Hand)

1853 5425 115 50 Sie
2006 5422 124 57 (läßt
2165 5427 101 47 ihm
2305 5428 79 48 die
2419 5421 194 60 Hand):
2655 5430 133 45 mein
2824 5427 158 48 Mann
3016 5432 63 45 ist
3117 5429 113 52 gut!
3269 5430 91 51 gut

1916 5509 84 49 Sie
2043 5511 172 47 finden
2259 5512 79 47 Ihr
2385 5511 183 49 Glück!
2650 5506 351 60 (Schweigen)
3050 5511 308 50 Gedanken!

1916 5593 294 50 Peitschen!
2257 5594 218 52 Stoßen!
2520 5596 233 48 Grauen!
2795 5595 124 50 alles
2959 5595 263 49 verloren!

1850 5692 278 47 Freund
2162 5687 207 59 (spannt
2402 5695 48 47 in
2485 5693 102 49 den
2617 5687 160 61 Park)

1850 5775 116 49 Sie
2010 5772 145 59 (folgt
2194 5780 194 46 seinem
2425 5771 189 61 Blick):
2658 5781 74 45 sie
2771 5778 240 48 kommen
3055 5773 122 58 (läßt
3218 5780 139 46 seine

1916 5859 149 49 Hand
2099 5854 98 61 los)
2236 5862 73 50 ihr
2341 5864 144 52 tappt
2518 5864 66 46 im
2619 5861 236 48 Dunkel?
2893 5861 110 48 Wir
3039 5862 112 49 sind
3187 5864 47 48 in
3271 5862 88 47 der

1915 5943 164 49 Kelle!

1854 6027 38 47 E
1912 6042 22 33 r
1973 6030 100 46 und
2110 6029 364 49 Freundin
2516 6024 188 59 (treten
2739 6030 415 49 nebeneinander
3197 6022 99 60 ein)

1853 6111 65 48 Er
1966 6107 234 61 (hastig):
2248 6114 193 50 suchen
2485 6117 96 45 wir
2909 6114 167 50 bricht
3120 6113 82 58 ab,
3243 6127 118 34 zum

1916 6190 224 61 Freund)
2176 6196 175 49 Dich

1854 6279 281 49 Freund
2177 6275 207 60 (spannt
2420 6275 153 62 hoch)

1853 6362 366 50 Freundin
2269 6359 330 63 (erschöpft):
2692 6366 78 48 ich
2821 6366 98 53 geh
2964 6367 136 54 jetzt,
3148 6367 82 47 ich
3277 6364 83 48 bin

1916 6449 168 56 müde,
2130 6450 167 54 müde,
2344 6450 79 48 ich
2468 6450 136 48 kann
2654 6450 152 55 nicht,
2851 6449 208 56 unfähig
3109 6444 254 59 (schleppt

1918 6531 132 50 ohne
2096 6533 289 49 umblicken
2430 6534 181 48 hinaus
2655 6548 89 34 zur
2789 6527 224 62 Flurtür)
3103 6534 80 48 ich
3225 6533 138 49 kann

1916 6615 138 50 nicht

1855 6698 39 49 E
1913 6717 23 34 r
1978 6700 103 48 und
2120 6700 279 49 Freund
2446 6697 240 58 (staunen
2728 6701 165 50 hilflos
2934 6695 153 62 nach)

3503 255 115 51 Sie
3672 249 170 61 (kalt):
3939 256 142 53 jeder
4127 258 118 47 muß
4298 257 182 50 alleine
4528 255 211 55 tragen!
4792 252 218 51 alleine?

3567 336 156 59 (setzt
3768 338 109 50 sich
3926 335 283 60 erschöpft)
4305 356 54 35 es
4418 354 114 35 war
4594 353 68 34 zu
4706 337 104 49 viel
4859 337 153 49 heute

3568 421 209 60 (scharf,
3818 424 147 57 spitz,
4009 423 237 59 gestrafft
4281 441 116 33 zum
4439 415 227 63 Freund)
4710 436 30 34 o
4782 419 85 52 Sie
4909 462 11 10 .
4958 419 50 50 .?

3500 508 282 51 Freund
3833 503 157 59 (fährt
4036 520 91 36 aus
4170 506 413 53 Versunkenheit
4631 498 250 62 ertappt):
4930 504 84 49 ich

3563 595 81 49 ich

3501 678 117 50 Sie
3671 673 200 60 (erhebt
3919 675 111 50 sich
4075 674 146 55 ruhig
4267 674 102 52 fest
4414 692 64 34 zu
4526 679 163 47 ihrem
4738 672 161 51 Mann
4942 675 72 45 im

3562 755 408 62 Vorbeigehen):
4019 773 54 35 er
4115 759 87 48 hat
4245 760 132 47 mich
4418 761 265 54 angefaßt!

3499 844 81 50 Er
3623 837 454 63 (verständnislos)

3498 928 283 50 Freund
3828 918 454 65 (verständnislos)

3500 1012 115 50 Sie
3650 1009 153 59 (reibt
3833 1014 143 49 ihren
4007 1005 170 62 Arm):
4213 1013 50 53 ja
4297 1009 244 56 angefaßt
4573 1006 130 59 (tritt
4729 1027 119 34 zum
4880 1011 98 48 Fen-

3561 1101 124 53 ster,
3717 1098 157 49 blickt
3899 1101 53 45 in
3987 1098 82 48 die
4096 1088 187 61 Nacht)
4318 1094 78 49 ich
4428 1108 126 41 sage
4585 1097 138 49 nicht
4755 1094 160 50 mehr.

3498 1180 82 49 Er
3618 1176 207 60 (spannt
3862 1182 101 49 den
3994 1181 146 50 Blick
4176 1179 89 50 auf
4302 1179 102 49 den
4436 1173 224 61 Freund)

3497 1264 282 50 Freund
3815 1260 189 60 (strafft
4037 1265 105 50 und
4172 1265 140 50 steht
4343 1264 119 48 dem
4495 1255 165 62 Blick)

3497 1348 104 49 Sie
3637 1343 294 60 (klammert
3970 1349 93 51 das
4099 1348 398 56 Fensterkreuz,
4541 1345 260 59 schwach,
4839 1339 166 61 weh):

3561 1432 255 57 angefaßt,
3858 1433 221 51 Gewalt.

3496 1515 82 50 Er
3627 1511 236 60 (begehrt
3907 1510 106 62 auf)

3495 1599 283 50 Freund
3822 1595 145 60 (geht
4006 1601 107 50 kalt
4154 1616 67 34 an
4258 1601 105 49 ihm
4406 1598 229 51 vorüber
4681 1612 90 34 zur
4817 1591 124 61 Tür)

3499 1684 117 49 Sie
3650 1681 69 60 (in
3757 1687 281 53 fliegender
4072 1680 211 63 Angst):
4323 1685 151 56 nicht,
4512 1684 141 51 nicht
4689 1684 76 50 ihr
4800 1689 76 45 tut
4916 1684 92 48 das

3557 1767 154 56 nicht,
3749 1769 77 50 ihr
3866 1768 199 51 schießt
4102 1769 154 58 nicht,
4295 1769 141 49 nicht
4473 1767 269 51 schießen!
4781 1765 158 50 nicht!

3494 1850 283 50 Freund
3815 1846 159 59 (steht
4003 1856 54 45 in
4092 1853 89 48 der
4218 1853 102 49 Tür
4355 1853 105 48 und
4491 1852 160 50 blickt
4685 1849 89 51 auf
4807 1850 75 50 sie
4917 1863 61 36 zu-

3557 1934 127 49 rück
3714 1930 248 63 forschig)

3495 2016 116 51 Sie
3653 2012 160 60 (wirft
3854 2019 157 55 grelle
4052 2019 172 50 Lache
4269 2020 88 49 auf
4395 2021 104 49 den
4538 2013 252 62 Freund):
4869 2017 140 49 Jetzt

3557 2104 289 48 müssen
3894 2101 88 50 Sie
4031 2103 263 50 schießen!
4379 2107 125 52 jetzt
4553 2107 289 46 müssen
4891 2100 114 51 Sie!

3556 2189 292 48 müssen
3887 2185 144 53 Sie!
4070 2185 88 52 Sie
4197 2189 309 48 müssen!

3492 2270 282 49 Freund
3811 2265 190 63 (zuckt,
4039 2270 232 58 taumelt,
4306 2270 143 51 hetzt
4478 2275 50 47 in
4566 2272 81 50 die
4684 2264 186 62 Nacht)

3491 2353 117 50 Sie
3648 2349 104 60 (am
3786 2355 232 60 Fenster,
4053 2354 103 52 ruft
4185 2347 180 62 nach):
4402 2353 112 52 Sie!
4551 2355 112 51 Sie!
4699 2355 113 51 Sie!

3496 2438 84 51 Er
3623 2435 299 62 (erwacht):
3965 2439 172 56 war?!
4180 2438 155 50 das?!
4380 2454 116 35 was
4539 2456 113 35 war
4700 2441 158 50 das?!
4905 2455 88 35 wo

3555 2524 167 52 stehst
3757 2524 119 50 Du?
3915 2524 144 51 Du?!

3491 2606 119 51 Sie
3650 2602 169 60 (kalt):
3860 2609 79 49 ich
3977 2612 115 49 steh
4130 2609 88 50 auf
4247 2612 283 46 mleinen
4567 2608 176 50 Füßen

3490 2689 83 50 Er
3611 2687 199 59 (bäumt
3843 2687 131 62 auf):
4011 2693 134 50 Du!!

3490 2773 116 54 Sie
3641 2771 178 59 (blickt
3853 2777 83 48 ihn
3968 2772 150 61 kalt):
4151 2777 133 52 Du!!
4319 2776 240 52 Mann!!!

3490 2857 38 48 E
3548 2875 24 32 r
3606 2854 220 61 (schlägt
3858 2861 78 48 die
3965 2860 182 50 Hände
4174 2876 126 35 vors
4332 2861 215 51 Gesicht
4572 2864 54 46 in
4654 2854 346 62 Schluchzen)

3490 2941 37 50 S
3547 2944 15 46 i
3581 2961 26 34 e
3644 2938 243 60 (peitscht
3917 2944 92 49 das
4036 2944 364 53 Taschentuch
4427 2948 54 46 in
4511 2946 80 52 die
4621 2945 121 50 Luft
4770 2946 104 48 und
4904 2946 100 48 den

3553 3026 132 56 Ring
3724 3041 124 35 vom
3887 3027 171 59 Tisch,
4097 3028 125 52 ballt
4259 3029 80 49 die
4377 3029 176 58 Faust,
4596 3030 125 55 geht
4757 3030 216 48 verächt-

3551 3110 98 49 lich
3683 3104 248 62 vorüber)

3489 3192 37 49 E
3550 3208 22 34 r
3606 3189 100 59 (die
3738 3195 181 49 Hände
3946 3209 124 36 vors
4103 3197 213 51 Gesicht
4345 3197 297 56 gekrampft
4666 3191 331 62 geschüttelt)

4206 3407 64 49 IV

3487 3504 92 50 Die
3617 3505 340 57 Divanlampe
3992 3507 230 51 leuchtet

3487 3587 34 50 S
3544 3590 12 45 i
3576 3603 25 33 e
3633 3584 202 59 (horcht
3865 3591 79 49 die
3972 3591 185 50 Hände
4180 3592 296 56 gekrampft
4499 3608 91 35 zur
4615 3587 151 62 Tür):
4797 3594 197 48 komm!

3550 3672 265 53 kommen!
3860 3670 264 58 (schüttelt
4164 3679 49 48 in
4252 3674 344 62 Schluchzen)
4638 3680 122 49 lieb!
4803 3681 194 51 lieben!

3553 3751 203 59 (kauert
3788 3759 86 47 auf
3907 3760 97 51 den
4038 3755 190 63 Divan)
4262 3761 175 49 komm
4464 3763 268 52 kommen!
4764 3764 233 52 komme!

3552 3838 275 58 (schweigt
3869 3843 102 48 und
4009 3838 206 62 spannt)
4254 3844 191 59 fühlen,
4481 3846 201 52 fühlen!
4724 3843 157 61 (ringt
4918 3849 82 49 die

3549 3923 182 54 Hände
3778 3941 92 36 zur
3918 3921 124 61 Tür)
4093 3930 81 47 ich
4221 3930 134 49 habe
4401 3931 127 51 lieb!
4599 3926 239 60 (erblickt
4899 3932 100 50 den

3550 4007 130 60 Ring
3717 4009 87 49 auf
3838 4011 88 48 der
3965 4010 149 59 Erde,
4149 4018 180 55 stürzt,
4362 4016 122 50 hebt
4521 4017 149 59 hoch,
4705 4019 294 50 betrachtet

3550 4092 103 48 und
3682 4094 169 48 steckt
3881 4109 238 44 sorgsam
4147 4098 198 50 wieder
4377 4094 106 62 auf)
4514 4101 85 49 ich
4624 4103 114 48 zieh
4770 4103 86 49 ihn
4884 4102 112 51 auf!

3549 4175 79 49 ich
3678 4178 146 49 ziehe
3871 4180 85 48 ihn
4001 4180 197 50 wieder
4247 4182 88 49 auf
4383 4178 158 62 (zeigt
4589 4186 81 49 die
4717 4185 156 51 Hand
4916 4190 81 48 ins

3548 4254 185 60 Leere)
3777 4263 123 56 sieh,
3940 4265 107 50 sieh
4087 4303 10 10 .
4140 4303 11 10 .
4192 4304 12 10 .
4248 4261 170 59 (preßt
4462 4269 80 49 die
4582 4268 184 50 Hände
4808 4285 65 36 an
4915 4271 81 49 die

3549 4342 240 50 Schläfen
3825 4347 101 47 und
3961 4351 158 45 starrt
4155 4364 92 33 zur
4284 4346 276 62 Parktüre)
4601 4355 87 47 oo!
4732 4349 162 59 (hetzt
4931 4368 68 36 an

3550 4427 78 49 die
3665 4429 102 48 Tür
3803 4430 137 49 stößt
3974 4434 89 46 mit
4099 4432 217 52 Händen
4352 4436 103 48 und
4488 4436 177 51 Füßen
4697 4439 80 49 die
4815 4438 182 58 Nacht,

3547 4510 488 61 zurückweichend)
4071 4519 115 49 nein
4222 4517 191 54 Nacht!
4452 4515 221 60 (schiebt
4703 4526 262 48 vorwärts-

3548 4598 288 47 stemmend
3869 4603 166 46 etwas
4071 4595 203 62 hinaus)
4312 4603 127 49 kalt!
4483 4599 158 60 (wirft
4678 4608 49 46 in
4763 4606 92 49 der
4892 4606 103 49 Tür

3549 4678 79 49 die
3661 4678 183 53 Hände
3878 4683 131 49 hoch
4050 4682 407 61 hinausgehend)
4492 4689 199 49 wieder
4725 4691 269 50 kommen!

3546 4764 200 48 nicht
3785 4767 468 54 wiederkommen!
4301 4765 171 60 (preßt
4511 4772 99 49 den
4650 4772 135 55 Kopf
4823 4774 145 49 besin-

3547 4842 155 60 nend)
3744 4848 158 51 Liebe
3942 4850 159 51 Liebe
4148 4848 161 59 (lehnt
4349 4855 81 49 die
4475 4854 119 59 Tür,
4638 4859 168 50 weich
4852 4852 140 63 weh)

3546 4932 77 47 ich
3664 4932 156 53 liebe!
3861 4937 73 51 ja!
3978 4930 246 59 (schrickt
4260 4938 87 48 auf
4383 4941 105 46 und
4523 4940 152 50 dreht
4717 4942 81 49 die
4835 4941 162 51 Faust

3548 5014 91 49 der
3666 5010 123 61 Tür)
3824 5017 105 52 Du!
3965 5014 180 58 (starrt
4176 5025 224 46 entsetzt
4432 5024 102 48 und
4565 5025 169 50 wehrt
4766 5028 91 48 mit
4887 5026 82 49 bei-

3549 5099 96 48 den
3678 5097 244 61 Fäusten)
3959 5105 204 47 stehen!
4203 5107 149 48 stehn
4388 5102 236 59 (taumelt
4655 5113 124 46 wirr
4815 5113 45 45 in
4903 5111 91 49 das

3546 5180 241 61 Zimmer)
3827 5186 223 51 Wände!
4093 5191 239 49 taumelt!
4374 5186 203 60 (schaut
4619 5196 224 48 entsetzt
4886 5208 73 34 um-

3546 5269 105 58 her,
3693 5274 109 45 rast
3844 5285 167 42 gegen
4056 5274 80 49 die
4179 5274 170 49 Wand
4396 5277 104 48 und
4541 5277 159 56 stapft
4743 5280 92 48 mit
4876 5277 118 49 dem

3545 5353 106 48 Fuß
3699 5351 255 60 dagegen)
4009 5358 202 49 stehen!
4263 5361 140 50 steh!
4455 5355 269 60 (schleicht
4766 5362 228 54 gebückt

3545 5451 117 34 zum
3711 5434 189 61 Divan)
3951 5442 122 50 still!
4126 5438 203 59 (kauert
4379 5445 360 55 angstgehetzt
4787 5445 171 49 umher-

3545 5522 237 50 blickend
3821 5539 65 33 zu
3930 5525 99 49 den
4068 5521 259 62 Wänden)
4373 5528 140 49 nicht
4554 5528 195 51 laufen!
4793 5528 199 50 laufen!

3546 5620 60 33 so
3641 5606 125 50 lauft
3802 5609 130 49 doch
3969 5611 162 50 nicht!
4172 5607 219 59 (springt
4426 5612 86 48 auf
4544 5613 101 47 und
4677 5615 174 53 würgt
4884 5615 110 48 sich

3548 5691 78 49 die
3657 5690 151 50 Hand
3836 5707 62 34 an
3930 5694 78 49 die
4039 5691 178 60 Kehle)
4247 5696 107 48 Das
4384 5696 281 54 Gewürge!
4704 5696 287 55 Qewürge!

3545 5776 76 47 ihr
3661 5780 173 51 würgt
3872 5779 155 49 mich!

3484 5859 39 47 E
3543 5876 22 34 r
3604 5854 130 59 (tritt
3759 5864 48 46 in
3842 5862 79 50 die
3956 5861 253 52 Parktüre
4242 5866 92 47 mit
4362 5862 195 49 Mantel
4590 5865 102 47 und
4727 5859 148 61 Hut):
4913 5865 81 50 Du

3546 5944 103 50 bist
3682 5945 152 53 hier

3484 6026 118 51 Sie
3654 6023 248 60 (schrickt
3946 6030 279 58 furchtbar,
4274 6030 110 50 fällt
4433 6046 63 34 zu
4548 6031 196 58 Boden,
4795 6036 200 53 springt

3547 6113 147 58 hoch,
3728 6115 122 54 geht
3883 6117 91 46 mit
4005 6115 417 53 ausgebreiteten
4456 6115 192 50 Armen
4682 6117 85 49 auf
4798 6118 87 49 ihn
4914 6132 80 44 zu,

3547 6192 190 60 stark):
3773 6212 28 33 o
3832 6198 80 48 Du
3943 6198 249 49 kommst!
4229 6198 81 48 Du
4340 6199 249 50 kommst!
4624 6201 153 50 leben

3484 6279 81 49 Er
3608 6276 213 60 (ruhig):
3863 6282 80 48 ich
3985 6282 157 49 suche
4184 6282 128 49 Dich

3484 6364 116 49 Sie
3642 6359 372 61 (umschlingt):
4053 6366 153 49 nicht.
4241 6367 155 51 Dich!
4437 6368 155 52 Dich!
4631 6371 154 48 Dich!
4821 6369 107 51 Du!

3484 6448 83 49 Er
3603 6444 202 58 (schaut
3838 6452 71 46 sie
3948 6463 66 35 an
4043 6444 192 61 ruhig):
4268 6451 80 49 ich
4382 6453 176 51 wollte
4592 6454 79 48 für
4705 6454 150 53 jeden
4887 6454 110 51 Fall

3485 6533 36 49 S
3542 6536 13 45 i
3575 6548 25 33 e
3631 6527 123 60 (hält
3785 6533 101 49 ihm
3918 6534 80 48 die
4025 6533 151 49 Hand
4204 6535 86 48 auf
4320 6537 98 48 den
4445 6532 207 61 Mund):
4682 6551 61 35 es
4775 6538 66 50 ist
4870 6538 123 50 alles

3547 6617 137 49 nicht
3719 6617 172 51 wahr!
3928 6618 138 49 nicht
4099 6619 169 49 wahr!
4307 6621 139 50 nicht
4480 6622 168 48 wahr!

3484 6700 39 48 E
3544 6715 22 33 r
3608 6695 325 59 (wiederholt
3966 6698 377 62 mechanisch):
4382 6707 140 49 nicht
4556 6706 147 47 wahr
