2644 4160
757 481 78 40 LA
869 469 161 55 FÊTE
1063 483 319 42 MUSICALE
1417 483 81 41 DE
1530 482 111 42 MAI

2008 484 73 41 101

325 627 265 44 insuffisant.
617 628 124 44 Cette
763 634 144 40 armée
939 634 212 42 d'enfants
1171 635 174 56 joyeux,
1375 636 50 41 de
1461 634 237 42 musiciens
1728 639 23 36 à
1772 634 127 55 peine
1922 634 144 41 adoles-

320 710 133 42 cents,
478 701 141 42 arrive
645 703 39 40 là
715 717 101 28 avec
839 719 63 27 ses
925 707 245 52 bannières,
1199 722 64 27 ses
1294 709 235 55 drapeaux,
1564 722 64 27 ses
1651 708 184 54 rubans,
1859 721 63 27 ses
1945 708 119 40 ensei-

318 789 118 41 gnes,
455 789 63 27 ses
542 776 216 55 bouquets
777 779 50 40 de
842 779 130 41 fleurs
995 788 41 35 et
1053 795 77 26 son
1153 781 109 42 livre
1284 783 51 40 de
1357 783 229 54 cantiques
1601 782 271 41 harmonisés
1894 785 23 38 à
1931 791 156 46 quatre

318 849 169 57 parties.
512 850 84 41 Des
619 852 184 41 recueils
825 858 23 35 à
874 854 86 40 bon
987 854 177 42 marché
1195 856 50 40 de
1265 870 65 26 ces
1348 858 163 39 mêmes
1533 857 173 41 chœurs
1729 864 98 33 sont
1849 856 239 42 distribués

318 940 83 27 aux
423 924 240 56 assistants,
687 934 41 34 et
744 927 59 40 du
826 938 382 33 commencement
1224 935 23 36 à
1263 931 40 40 la
1327 930 61 41 fin
1406 931 53 40 de
1477 931 39 40 la
1532 932 167 51 séance,
1717 930 107 41 dans
1841 932 38 41 le
1902 932 187 56 Cirque,

318 1000 275 41 retentissent
614 1002 73 39 des
709 1001 152 41 chants
882 1006 23 36 à
926 1002 165 43 lecture
1113 1004 277 56 improvisée.

368 1073 59 41 Ce
448 1074 78 54 qui
558 1088 113 27 nous
699 1075 221 53 intéresse,
958 1090 47 28 ce
1028 1078 77 54 qui
1135 1092 112 27 nous
1280 1093 22 27 a
1325 1079 160 40 semblé
1508 1081 176 40 mériter
1704 1081 132 41 d'être
1867 1083 175 40 raconté
2065 1086 22 36 à

313 1163 76 27 nos
409 1148 198 53 lecteurs,
631 1150 101 41 c'est
753 1157 110 34 cette
885 1150 335 57 improvisation
1249 1154 50 40 de
1329 1154 163 40 lecture
1520 1155 214 40 musicale
1765 1169 42 26 se
1835 1157 254 52 présentant

312 1222 55 41 ici
388 1236 101 27 avec
511 1237 79 27 son
610 1225 183 40 résultat
812 1225 203 55 pratique
1035 1225 109 42 dans
1165 1241 87 26 une
1283 1228 151 41 séance
1468 1228 79 54 qui
1578 1229 70 40 n'a
1668 1242 75 42 pas
1765 1242 110 41 pour
1897 1229 80 40 but
1999 1242 89 28 une

311 1298 122 57 leçon
456 1298 52 40 de
535 1298 206 55 musique
775 1312 57 28 ou
859 1314 63 26 un
958 1314 197 39 examen,
1191 1302 110 40 mais
1329 1302 78 55 qui
1442 1312 61 31 est
1537 1310 97 35 tout
1670 1317 55 27 au
1753 1303 213 42 contraire
1999 1317 88 27 une

310 1372 188 41 réunion
517 1373 52 40 de
591 1373 179 54 famille,
788 1389 87 27 une
898 1377 238 40 assemblée
1171 1377 52 40 de
1256 1377 400 54 coreligionnaires,
1683 1392 102 28 avec
1804 1379 36 41 le
1861 1380 80 40 but
1962 1379 98 41 fran-

309 1447 200 41 chement
528 1448 167 41 déclaré
718 1449 50 40 de
790 1463 42 26 se
847 1449 181 42 divertir
1046 1460 40 33 et
1108 1451 52 41 de
1181 1465 144 41 passer
1341 1453 222 41 ensemble
1584 1452 114 42 deux
1718 1467 57 27 ou
1799 1453 106 42 trois
1925 1453 160 41 heures

310 1522 220 53 agréables
558 1530 42 33 et
622 1521 265 44 vivifiantes.
930 1524 72 42 On
1027 1533 107 46 peut
1166 1539 29 41 y
1216 1526 231 41 découvrir
1482 1528 118 40 aussi
1623 1535 122 34 toute
1779 1542 86 26 une
1894 1528 192 40 branche

308 1594 273 42 d'éducation
613 1596 246 55 artistique,
906 1611 151 28 encore
1092 1613 54 26 en
1179 1600 98 40 voie
1311 1600 52 41 de
1395 1601 238 41 formation
1663 1615 53 26 en
1754 1601 181 52 France,
1973 1602 111 41 mais

307 1669 157 41 établie
486 1683 74 27 sur
579 1684 87 27 une
688 1672 82 40 très
791 1677 120 35 vaste
933 1672 158 41 échelle
1120 1686 53 27 en
1197 1673 163 54 Suisse,
1384 1688 54 26 en
1468 1674 229 55 Belgique,
1721 1689 53 26 en
1804 1676 280 51 Angleterre,

305 1757 52 28 en
383 1743 274 55 Allemagne,
680 1746 109 39 dans
809 1745 60 40 les
892 1759 105 42 pays
1021 1747 306 42 Scandinaves.
1360 1747 35 42 Il
1411 1763 28 40 y
1463 1762 22 27 a
1506 1748 41 41 là
1575 1762 86 27 une
1684 1748 395 55 expérimentation

304 1818 51 40 de
384 1818 235 54 pédagogie
641 1819 197 54 spéciale,
868 1820 320 55 indépendante
1219 1822 52 40 de
1308 1830 122 34 toute
1458 1823 243 54 protection
1731 1822 200 42 officielle
1962 1831 40 32 et
2023 1822 50 40 de

306 1900 121 33 toute
457 1893 170 41 attache
649 1893 367 54 administrative,
1038 1895 110 56 qu'il
1170 1904 61 33 est
1263 1904 220 48 opportun
1515 1897 210 41 d'étudier
1747 1911 53 27 en
1834 1897 166 41 France
2022 1909 56 27 au

309 1975 195 32 moment
526 1971 58 37 où
619 1967 61 41 les
702 1968 230 54 questions
960 1969 377 55 d'enseignement
1369 1978 98 34 sont
1498 1972 232 52 engrenées
1764 1985 86 28 aux
1869 1971 206 41 réformes

304 2050 39 33 et
363 2046 56 35 où
444 2049 122 33 notre
588 2041 332 43 Conservatoire
941 2044 146 40 donne
1108 2043 228 56 l'exemple
1358 2044 131 42 d'une
1510 2044 175 42 louable
1705 2044 236 43 initiative.

363 2114 80 40 Les
468 2114 172 40 chœurs
663 2114 179 43 chantés
861 2130 75 40 par
955 2116 59 40 les
1036 2116 172 42 enfants
1230 2119 73 39 des
1326 2117 135 41 écoles
1482 2119 293 53 représentent
1797 2131 87 27 une
1912 2117 148 42 littéra-

302 2194 96 33 ture
419 2186 184 55 lyrique,
628 2187 108 40 dont
756 2187 61 40 les
838 2201 172 27 œuvres
1032 2187 53 41 de
1115 2188 63 41 M.
1205 2188 237 53 Tournier,
1467 2203 86 40 que
1572 2188 266 42 l'Académie
1866 2203 23 26 a
1910 2191 143 39 récom-

302 2262 190 52 pensées,
517 2274 111 42 pour
649 2260 40 41 la
727 2262 179 49 France,
931 2270 41 33 et
993 2262 124 40 celles
1150 2262 52 40 de
1224 2262 129 42 César
1393 2262 151 41 Malan
1579 2270 40 34 et
1652 2263 51 41 de
1727 2263 65 41 M.
1817 2271 41 33 et
1878 2263 201 41 madame

301 2333 123 41 Juste
460 2333 184 55 Giraud,
667 2347 113 42 pour
800 2335 40 40 la
864 2334 162 54 Suisse,
1051 2343 191 46 peuvent
1263 2335 169 41 donner
1454 2349 87 28 une
1575 2335 93 42 idée
1693 2335 239 45 suffisante.
1967 2337 35 40 Il
2024 2351 52 26 en

303 2406 131 43 existe
456 2415 121 33 toute
594 2422 86 26 une
702 2408 319 54 bibliothèque,
1040 2418 41 32 et
1103 2409 39 40 le
1165 2409 152 41 mérite
1337 2408 52 41 de
1407 2423 65 27 ces
1495 2410 169 52 chants,
1682 2412 102 39 c'est
1804 2409 94 41 leur
1913 2410 141 54 impro-

301 2481 189 41 visation
511 2481 256 55 lorsqu'une
789 2481 296 42 circonstance
1106 2483 59 40 les
1188 2496 239 41 provoque.
1451 2485 137 52 Après
1611 2483 40 40 la
1673 2496 166 40 guerre,
1865 2497 57 26 on
1945 2483 108 40 chan-

301 2554 80 40 tait
413 2554 103 40 chez
551 2555 64 40 M.
651 2563 41 32 et
728 2555 202 41 madame
964 2556 52 40 de
1048 2555 218 55 Gasparin
1299 2555 73 41 des
1409 2556 186 54 hymnes
1630 2556 288 56 patriotiques
1948 2557 104 54 qu'a-

301 2628 147 40 vaient
471 2628 184 55 inspirés
690 2627 59 42 les
771 2629 141 40 deuils
943 2629 52 40 de
1016 2629 40 40 la
1083 2630 176 41 France.
1300 2629 81 41 Les
1417 2643 93 28 vers
1542 2630 227 55 imprimés
1790 2644 102 27 avec
1913 2630 40 41 la
1976 2645 69 27 mu-

304 2702 122 53 sique
457 2701 162 41 étaient
637 2702 239 41 distribués
898 2716 86 27 aux
1005 2702 187 54 enfants,
1217 2717 85 27 aux
1323 2711 190 47 parents,
1537 2703 106 41 dans
1666 2704 59 40 les
1752 2704 195 54 villages,
1971 2706 111 40 dans

304 2775 38 40 la
367 2789 256 40 campagne.
657 2775 195 55 Lorsque
864 2777 207 54 quelques
1096 2777 110 40 amis
1229 2791 41 26 se
1290 2777 253 42 trouvaient
1563 2778 251 41 rassemblés
1833 2782 23 37 à
1879 2792 87 28 une
1981 2779 100 53 fête,

304 2846 106 40 dans
445 2860 61 28 un
541 2846 293 41 anniversaire
856 2848 50 40 de
937 2848 178 53 famille,
1141 2848 51 40 ils
1214 2848 252 42 chantaient
1495 2848 208 55 l'hymne,
1729 2849 78 54 qui
1829 2850 170 40 ensuite
2025 2850 52 42 fit

305 2920 114 55 place
451 2924 24 36 à
509 2921 189 40 d'autres
725 2921 151 41 chants
904 2922 256 55 improvisés
1193 2937 113 40 pour
1339 2923 188 41 d'autres
1550 2923 330 42 circonstances.
1917 2923 64 40 De
2009 2937 69 28 ces

304 2994 200 54 hymnes,
528 2994 57 40 les
610 2994 247 41 meilleures
880 3004 99 32 sont
1000 2998 254 39 conservées
1270 3010 9 39 ;
1306 2996 40 41 le
1384 3005 109 32 reste
1529 2997 216 53 s'évapore
1775 2996 109 40 dans
1922 2996 157 42 l'oubli

304 3081 169 28 comme
492 3068 38 40 le
553 3067 174 56 parfum
749 3068 133 41 d'une
902 3068 108 41 fleur
1033 3083 188 41 sauvage
1256 3070 164 41 s'efface
1442 3073 122 52 après
1595 3070 122 41 avoir
1739 3069 137 55 réjoui
1898 3071 181 54 l'espace

305 3141 50 41 de
377 3156 63 26 ses
463 3141 308 42 bienfaisantes
791 3142 292 41 émanations.

360 3215 81 41 Ces
468 3216 177 40 recueils
669 3216 51 40 de
743 3216 225 55 cantiques
991 3224 42 32 et
1053 3216 51 40 de
1138 3217 216 41 chansons
1376 3221 23 36 à
1433 3217 164 54 l'usage
1628 3217 71 41 des
1722 3218 133 41 écoles
1885 3220 162 53 évangé-

306 3290 153 54 liques,
482 3292 106 40 d'un
611 3292 95 54 prix
726 3295 84 37 très
842 3291 201 53 minime,
1068 3299 98 34 sont
1187 3291 218 55 répandus
1439 3306 76 40 par
1536 3292 177 41 milliers
1733 3293 340 55 d'exemplaires.

312 3364 58 41 La
391 3366 98 53 plus
512 3365 160 54 grande
693 3365 134 56 partie
846 3374 62 33 est
929 3365 235 41 distribuée
1185 3365 150 54 gratis,
1361 3365 109 40 mais
1492 3380 99 26 sans
1613 3367 250 54 gaspillage,
1888 3367 189 54 puisque

309 3437 107 41 dans
451 3440 59 40 les
542 3441 136 39 écoles
725 3439 307 55 évangéliques
1066 3438 39 40 la
1162 3438 205 55 musique
1398 3449 61 31 est
1494 3439 226 55 enseignée
1755 3440 72 41 dès
1868 3440 211 41 l'enfance

309 3525 166 27 comme
498 3513 37 40 la
553 3513 176 51 lecture,
753 3522 42 33 et
816 3527 84 40 que
922 3516 59 40 les
1000 3513 170 41 chœurs
1191 3523 95 31 sont
1308 3512 160 42 choisis
1491 3514 140 53 parmi
1656 3515 58 40 les
1737 3514 139 53 pièces
1899 3515 58 40 les
1979 3514 100 53 plus
