2644 4160
717 438 0 0 108

1103 402 78 41 LA
1213 402 386 49 CHRONIQUE
1634 405 317 42 MUSICALE

630 552 182 48 pensées,
834 560 38 29 et
887 559 162 29 surtout
1071 555 22 33 à
1112 551 36 37 la
1168 550 104 39 belle
1292 560 39 29 et
1345 554 200 38 naturelle
1568 555 149 48 poésie,
1738 568 91 24 sans
1846 557 169 48 laquelle
2032 558 88 36 l'art
2136 558 251 52 dramatique

630 614 101 36 n'est
752 613 108 46 rien;
882 625 43 25 ce
944 624 85 25 sera
1050 624 113 36 vous,
1191 614 224 49 monsieur,
1438 627 78 37 que
1538 616 38 37 la
1597 617 193 49 postérité
1810 617 120 39 devra
1950 618 217 38 remercier
2191 623 64 43 (1).
2279 638 17 15 »

685 743 142 38 Même
849 743 121 52 après
992 749 107 35 cette
1122 742 197 55 réforme,
1340 744 160 55 l'usage
1524 760 41 26 se
1586 760 204 28 conserva
1813 761 166 38 encore,
1997 762 84 26 aux
2100 748 113 40 deux
2231 748 125 44 Comé-

627 814 91 40 dies
740 822 40 32 et
807 817 23 37 à
865 814 191 55 l'Opéra,
1089 816 51 40 de
1161 817 177 41 rétablir
1358 818 58 41 les
1440 820 255 55 banquettes
1714 835 76 27 sur
1818 821 40 41 la
1881 825 129 38 scène
2032 835 113 41 pour
2166 822 59 40 les
2250 827 116 50 repré-

627 887 239 40 sentations
895 888 110 41 dites
1034 891 49 39 de
1117 891 254 53 capitation.
1407 893 81 40 Les
1517 908 104 40 gens
1655 898 22 37 à
1698 895 41 41 la
1772 896 126 40 mode
1930 895 221 41 n'avaient
2184 896 126 52 garde
2342 899 49 41 de

627 974 213 41 manquer
858 976 56 26 au
930 963 295 42 rendez-vous
1243 981 10 35 ;
1272 976 273 44 moyennant
1562 981 60 26 un
1642 968 114 40 droit
1776 982 116 26 assez
1912 968 131 51 élevé,
2070 968 51 40 ils
2138 969 251 53 pouvaient,

626 1047 65 27 ces
714 1033 190 53 soirs-là,
927 1033 114 54 jouir
1061 1037 58 40 du
1149 1038 205 55 privilège
1390 1039 192 55 disparu,
1615 1048 42 33 et
1688 1040 52 41 ils
1761 1054 53 27 en
1850 1042 234 40 abusaient
2115 1051 189 33 souvent
2337 1057 52 27 au

627 1107 123 55 point
770 1108 51 40 de
842 1122 150 28 causer
1011 1110 72 40 des
1103 1112 205 41 troubles.
1338 1113 59 40 Le
1422 1121 200 46 parterre,
1646 1114 50 40 de
1729 1128 79 27 son
1844 1117 109 49 côté,
1983 1116 244 53 supportait
2249 1115 112 56 impa-

625 1183 233 41 tiemment
882 1192 106 32 cette
1009 1184 255 53 dérogation
1289 1200 55 26 au
1368 1186 113 41 droit
1511 1201 229 39 commun,
1777 1197 41 31 et
1852 1187 191 41 s'élevait
2067 1201 53 27 en
2154 1188 237 54 bruyantes

625 1256 306 54 protestations
952 1266 148 31 contre
1123 1272 85 25 une
1231 1258 149 41 faveur
1408 1260 74 52 qui
1505 1260 150 41 n'était
1675 1275 73 41 pas
1771 1261 323 40 suffisamment
2116 1262 179 41 excusée
2316 1277 75 41 par

622 1329 37 40 le
681 1327 130 56 profit
831 1343 84 40 que
936 1329 40 41 la
997 1329 164 42 Société
1181 1332 184 53 pouvait
1383 1346 52 26 en
1454 1332 116 42 tirer.

683 1403 61 39 La
765 1404 162 39 clôture
944 1402 53 42 de
1018 1403 39 41 la
1081 1403 208 43 Comédie
1315 1406 228 54 Italienne,
1568 1422 53 26 en
1644 1422 115 27 mars
1789 1409 128 56 1784,
1936 1409 65 42 fut
2018 1409 193 42 troublée
2229 1423 76 42 par
2324 1425 60 27 un

621 1475 138 53 grand
781 1477 189 40 tumulte
992 1478 75 54 qui
1086 1479 133 41 éclata
1242 1480 174 54 lorsque
1436 1482 38 38 le
1495 1480 149 42 rideau
1669 1495 41 27 se
1731 1482 95 40 leva
1847 1491 41 34 et
1909 1483 135 54 qu'on
2067 1483 63 40 vit
2147 1498 63 26 un
2227 1484 160 41 monde

622 1549 262 55 prodigieux
906 1552 131 53 rangé
1056 1566 73 27 sur
1148 1553 38 40 le
1207 1553 183 42 théâtre.
1413 1558 81 38 Les
1516 1562 168 34 acteurs
1705 1570 53 27 ne
1775 1565 200 46 pouvant
1996 1571 74 40 pas
2093 1571 288 39 commencer,

623 1637 57 28 on
704 1623 48 42 fit
776 1624 160 41 baisser
955 1625 39 40 la
1016 1625 105 41 toile
1141 1634 42 34 et
1200 1626 88 42 l'on
1312 1628 188 59 s'efforça
1521 1629 52 40 de
1596 1630 163 40 reculer
1778 1644 66 26 ces
1867 1638 263 48 spectateurs
2152 1630 76 54 qui
2251 1631 114 42 offus-

628 1698 181 54 quaient
828 1698 39 41 le
889 1699 163 54 public.
1090 1701 112 40 Mais
1233 1710 65 33 cet
1328 1712 306 45 arrangement
1658 1717 52 27 ne
1731 1703 156 42 satisfit
1910 1718 74 41 pas
2005 1704 58 41 les
2086 1706 273 40 mécontents
2376 1721 9 31 ;

623 1772 59 41 les
704 1772 211 41 clameurs
938 1773 273 55 redoublant,
1231 1790 58 26 on
1310 1775 51 42 fit
1382 1783 141 35 entrer
1543 1778 72 40 des
1636 1777 160 41 soldats
1819 1792 55 26 au
1894 1786 187 46 parterre
2100 1793 9 26 :
2128 1778 231 55 l'exaspéra-

624 1846 94 41 tion
742 1847 87 40 s'en
852 1856 159 34 accrut.
1037 1847 73 41 On
1137 1850 154 40 voulut
1312 1849 113 42 alors
1460 1852 156 39 arrêter
1653 1865 61 27 un
1750 1852 72 39 des
1861 1851 302 42 clabaudeurs.
2203 1852 121 41 Tout
2356 1853 35 40 le

625 1919 160 40 monde
818 1920 87 54 prit
937 1922 185 40 aussitôt
1155 1922 79 41 fait
1266 1931 42 33 et
1341 1937 126 27 cause
1490 1938 112 41 pour
1635 1925 35 41 le
1700 1924 285 41 malheureux
2005 1933 41 33 et
2065 1925 90 41 l'on
2177 1926 153 40 colleta
2352 1926 39 40 la

625 1992 128 53 garde
772 1992 169 54 jusqu'à
964 2007 45 27 ce
1032 1998 136 51 qu'un
1194 1995 161 41 officier
1376 2000 73 37 eût
1471 1998 198 40 ordonné
1691 2003 22 36 à
1735 1998 38 40 la
1797 2007 152 45 troupe
1975 1999 50 40 de
2053 2013 42 26 se
2124 1999 164 42 retirer.
2329 1999 58 40 Le

625 2065 162 41 célèbre
809 2076 146 31 acteur
976 2068 267 41 Thomassin
1263 2070 85 54 prit
1369 2070 111 41 alors
1502 2072 38 40 le
1558 2072 111 53 parti
1690 2072 52 40 de
1782 2072 243 53 haranguer
2061 2072 39 41 le
2135 2072 146 52 public
2318 2087 7 26 :
2362 2072 29 40 il

620 2139 65 40 lui
710 2139 49 42 fit
783 2140 71 40 des
878 2154 175 28 excuses
1075 2157 56 26 au
1155 2157 103 26 nom
1281 2143 72 41 des
1375 2145 264 49 comédiens,
1676 2146 267 41 demandant
1963 2146 135 53 qu'on
2119 2145 95 42 leur
2229 2149 157 52 passât,

621 2227 115 41 pour
758 2221 109 35 cette
888 2215 98 53 fois,
1011 2230 85 27 une
1117 2217 254 53 dérogation
1394 2222 22 37 à
1438 2219 163 55 l'usage
1623 2228 41 34 et
1689 2220 185 40 réclama
1901 2220 294 54 l'indulgence
2216 2220 51 41 de
2300 2220 73 41 l'as-

622 2288 202 41 semblée.
868 2306 18 22 «
912 2292 39 38 A
977 2290 39 41 la
1046 2290 142 43 bonne
1216 2292 149 54 heure,
1395 2293 86 41 cria
1509 2294 261 55 quelqu'un,
1801 2295 109 40 mais
1941 2308 99 27 sans
2074 2295 102 41 tirer
2198 2298 22 37 à
2243 2296 124 40 consé-

621 2375 169 40 quence
822 2362 79 54 (2).
931 2379 17 20 »

677 2434 245 43 Semblable
956 2444 152 48 tapage
1141 2452 44 27 se
1217 2439 218 54 produisit
1469 2441 170 41 l'année
1673 2442 202 42 suivante
1909 2446 22 38 à
1966 2443 41 40 la
2041 2442 248 54 capitation
2318 2441 73 41 des

619 2517 164 34 acteurs
818 2510 50 42 de
902 2511 175 56 l'Opéra
1101 2513 76 55 (3).
1204 2513 72 41 On
1308 2514 141 55 jouait
1488 2525 92 46 sept
1610 2527 126 44 actes,
1759 2517 235 56 Iphigénie
2027 2532 50 27 en
2122 2517 202 42 Tauride
2352 2527 39 33 et

619 2585 219 54 Panurge
844 2619 8 18 ,
877 2599 46 27 ce
945 2587 75 53 qui
1042 2586 47 41 fit
1111 2588 128 41 durer
1260 2588 38 41 le
1322 2589 203 55 spectacle
1545 2590 171 55 jusqu'à
1738 2592 74 40 dix
1835 2592 154 41 heures
2011 2606 63 27 un
2097 2599 145 47 quart,
2277 2592 111 40 mais

619 2658 117 40 aussi
758 2659 39 41 la
818 2668 154 34 recette
994 2662 201 54 atteignit
1213 2676 60 27 un
1294 2663 147 42 chiffre
1466 2679 184 41 presque
1679 2681 97 26 sans
1798 2667 196 55 exemple
2020 2682 7 26 :
2059 2668 161 48 16,500
2245 2666 144 41 livres.

621 2745 19 26 «
667 2731 73 42 On
764 2733 94 53 sait,
884 2735 64 40 dit
971 2749 61 27 un
1056 2736 231 49 annaliste,
1321 2751 87 40 que
1429 2752 67 28 ces
1521 2738 179 55 jours-là
1723 2740 88 41 l'on
1834 2755 22 27 a
1877 2740 37 41 le
1935 2740 118 42 droit
2079 2740 146 40 d'aller
2248 2753 74 27 sur
2348 2740 37 40 le

663 2900 49 42 (i)
733 2900 101 32 Dans
856 2910 56 23 ses
938 2901 289 35 Commentaires
1246 2914 63 22 sur
1337 2904 185 33 Corneille
1526 2931 7 15 ,
1561 2904 164 33 Voltaire
1754 2905 125 33 donne
1905 2916 131 23 encore
2057 2905 19 33 à
2104 2905 47 32 M.
2181 2905 43 31 de
2247 2904 119 34 Laura-

617 2954 105 43 guais
747 2966 49 22 un
821 2967 165 23 nouveau
1014 2958 118 33 tribut
1152 2959 176 44 d'éloges.
1357 2960 94 32 C'est
1472 2960 19 32 à
1512 2971 138 33 propos
1671 2961 50 32 du
1740 2971 82 23 vers
1843 2962 22 32 d
1870 2962 6 15 )
1880 2961 141 43 Œdipe
2043 2972 7 22 :

1103 3039 97 33 Vous
1220 3050 142 34 pouvez
1383 3040 185 33 consulter
1589 3040 33 33 le
1649 3039 100 35 divin
1776 3039 159 35 Tirésie.

662 3128 14 20 «
698 3117 134 39 Quelle
852 3117 195 34 différence
1068 3126 101 26 entre
1194 3130 38 22 ce
1255 3119 95 33 froid
1382 3120 89 32 récit
1493 3121 43 32 de
1564 3121 34 33 la
1620 3121 264 40 consultation,
1912 3128 35 26 et
1975 3122 52 31 les
2056 3120 170 33 terribles
2249 3120 122 44 prédic-

614 3171 101 33 tions
739 3183 71 32 que
826 3171 65 34 fait
911 3173 144 33 Tirésie
1076 3174 92 33 dans
1195 3175 199 43 Sophocle!
1420 3175 189 44 Pourquoi
1633 3177 149 32 n'a-t-on
1805 3188 50 32 pu
1889 3176 88 33 faire
1999 3177 160 43 paraître
2184 3186 38 22 ce
2243 3176 145 33 Tirésie

614 3237 66 22 sur
701 3227 33 32 le
757 3227 139 33 théâtre
918 3229 43 31 de
983 3229 123 33 Paris?
1132 3231 95 32 J'ose
1253 3230 118 33 croire
1391 3241 71 33 que
1493 3230 29 33 si
1547 3242 47 21 on
1616 3231 98 33 avait
1734 3242 58 31 eu,
1829 3231 48 33 du
1899 3237 119 38 temps
2041 3232 43 32 de
2114 3230 197 43 Corneille,
2338 3241 48 22 un

613 3281 143 33 théâtre
783 3283 47 31 tel
853 3293 72 33 que
951 3295 95 21 nous
1074 3285 141 32 l'avons
1242 3286 134 43 depuis
1406 3297 70 31 peu
1503 3286 184 40 d'années,
1715 3287 103 44 grâce
1840 3288 20 31 à
1888 3287 33 32 la
1943 3286 207 43 générosité
2171 3285 152 34 éclairée
2345 3286 44 33 de

614 3337 49 33 M.
683 3337 32 32 le
736 3344 120 27 comte
879 3339 44 32 de
944 3338 237 46 Lauraguais,
1205 3341 32 32 le
1258 3342 117 42 grand
1391 3340 187 34 Corneille
1599 3342 98 31 n'eût
1719 3352 63 33 pas
1800 3341 117 34 hésité
1931 3342 18 32 à
1969 3341 175 44 produire
2165 3340 143 33 Tirésie
2324 3352 62 21 sur

616 3393 33 32 la
672 3392 118 44 scène,
812 3394 19 31 à
853 3393 124 34 imiter
997 3396 33 31 le
1051 3395 172 44 dialogue
1244 3396 208 33 admirable
1472 3397 44 32 de
1535 3398 196 43 Sophocle.
1748 3409 17 18 »

658 3453 92 44 (2-3)
773 3452 200 36 Mémoires
994 3462 135 28 secrets
1133 3484 7 13 ,
1163 3457 39 34 3i
1230 3469 96 22 mars
1348 3457 91 44 1784
1455 3465 34 26 et
1515 3452 20 49 i
1555 3452 21 49 5
1596 3452 81 49 mars
1703 3457 104 44 1785,
