3586 4414
1736 82 66 51 21

205 212 129 47 Satze
365 209 189 50 hervor:
595 213 114 56 „Die
741 216 384 64 Harmonisirung
1167 219 80 46 soll
1293 222 250 61 möglichst,
1574 224 126 49 homo-

205 304 85 47 gen
330 287 93 47 sein
469 288 79 47 mit
581 289 130 64 jener
741 292 273 57 Harmonie,
1058 293 70 48 die
1157 294 80 47 der
1265 296 98 48 Zeit
1405 301 242 62 angehört,
1689 303 42 47 in

206 363 246 47 welcher
493 364 436 52 dieMelodieen
974 372 341 48 entstanden
1357 374 95 47 sind
1495 377 112 48 oder
1636 379 96 49 ihre

197 440 166 65 jetzige
395 440 174 50 Gestalt
598 444 205 48 erhalten
1036 447 191 48 —denn
1256 464 84 32 von
1371 450 81 49 der
1481 458 223 62 ursprüng-

203 517 146 48 lichen
381 518 253 49 Harmonie
678 537 80 32 aus
798 520 82 49 der
906 523 99 47 Zeit
1033 523 80 48 der
1144 525 287 66 Entstehung
1461 529 80 47 der
1570 532 134 47 Volks-

203 593 140 49 lieder
365 594 54 48 ist
443 612 82 32 uns
549 598 148 65 wenig
723 599 217 56 bekannt,
963 600 71 47 die
1057 610 115 40 erste
1198 603 383 68 Harmonisirung
1604 609 128 56 aber,

203 670 173 48 welche
408 673 81 47 wir
518 690 82 31 aus
629 674 85 47 den
744 674 117 50 eben
890 678 308 63 angeführten
1231 680 194 57 Quellen
1457 683 195 57 kennen,
1682 687 53 47 ist

203 746 131 49 meist
362 751 420 64 contrapunktisch,
826 762 120 55 passt
987 755 93 49 also
1123 773 113 47 ganz
1273 757 91 47 und
1395 776 82 47 gar
1506 762 122 47 nicht
1659 764 76 47 für

205 840 163 33 unsere
393 828 110 48 Zeit.
536 828 212 49 Indessen
781 831 121 47 Herr
925 833 131 47 Kunz
1085 833 162 49 dachte
1278 837 114 47 auch
1425 839 121 47 nicht
1575 840 159 58 daran,

198 903 107 64 jene
334 904 172 48 wieder
535 905 329 59 herzustellen;
907 910 122 47 seine
1058 911 220 65 Meinung
1308 913 69 57 ist,
1409 917 83 47 wie
1520 933 82 32 aus
1631 917 103 49 dem

203 979 266 63 Folgenden
515 981 91 49 und
650 999 82 32 aus
774 984 80 48 der
884 986 188 49 Ansicht
1100 988 81 48 der
1223 989 316 66 vorliegenden
1572 994 165 48 Lieder

201 1056 140 49 selbst
382 1059 293 66 hervorgeht,
718 1079 86 31 nur
846 1063 88 57 die,
976 1082 50 30 zu
1071 1065 81 48 der
1189 1066 288 50 Einfachheit
1520 1071 216 67 Gr&ry's,

203 1134 202 66 Haydn's
447 1136 90 49 und
569 1139 211 48 Mozart's
826 1140 70 48 bei
937 1141 83 49 der
1053 1144 251 47 Harmonie
1348 1145 77 47 des
1456 1148 281 49 Volksliedes

200 1212 422 59 zurückzukehren,
653 1233 93 32 was
775 1218 218 64 übrigens
1014 1220 116 47 auch
1161 1237 83 31 von
1275 1230 139 55 guten
1442 1224 293 51 Bearbeitern

205 1287 82 50 der
318 1290 302 58 Volkslieder,
650 1295 86 46 wie
763 1295 42 47 J.
837 1296 144 59 Rietz,
1010 1296 192 57 Silcher,
1233 1298 93 48 Erk
1360 1317 40 30 u.
1431 1317 32 31 s.
1495 1318 72 37 w.,
1598 1303 138 49 schon

200 1366 162 50 immer
390 1370 257 63 geschehen
677 1371 66 48 ist.

318 1446 119 47 Sehr
466 1447 165 47 löblich
673 1449 55 45 ist
770 1450 162 62 gewiss
963 1450 79 48 das
1072 1451 268 59 Bestreben,
1387 1454 117 49 beim
1537 1458 165 48 Harmo-

202 1522 164 49 nisiren
399 1524 77 47 des
508 1525 283 48 Volksliedes
822 1526 86 48 den
941 1527 347 68 Wohlklang
1318 1533 64 46 als
1412 1533 204 49 oberstes
1647 1536 58 49 Ge-

200 1607 88 40 setz
320 1601 371 59 anzuerkennen,
734 1602 82 50 der
856 1604 121 49 dann
1017 1607 115 47 auch
1176 1607 70 49 die
1277 1609 294 64 Singbarkeit
1605 1613 131 64 jeder

200 1676 191 48 Stimme
435 1695 78 31 zur
544 1680 273 66 Bedingung
861 1684 177 56 macht;
1083 1685 122 46 Herr
1235 1686 129 47 Kunz
1401 1687 53 47 ist
1490 1705 136 48 sogar
1658 1690 78 48 der

198 1753 207 55 Ansicht,
436 1755 103 48 dass
568 1756 94 50 ihm
692 1759 137 47 selbst
859 1760 71 47 die
956 1760 286 51 Correctheit
1271 1764 77 47 des
1378 1765 169 58 Satzes,
1576 1767 158 49 sobald

198 1832 63 47 sie
291 1833 80 47 mit
399 1833 93 49 ihm
525 1835 209 57 collidirt,
766 1837 203 49 weichen
1001 1844 162 44 müsse.
1199 1842 122 55 Nun,
1351 1859 45 32 es
1428 1842 175 51 kommt
1633 1846 81 48 frei-

350 1897 11 10 «

198 1910 84 48 lieh
315 1910 170 49 darauf
509 1929 74 39 an,
628 1930 94 32 was
752 1931 105 32 man
888 1925 178 39 correct
1100 1926 156 47 nennt,
1298 1919 118 49 denn
1448 1924 99 45 eine
1578 1924 158 48 wahre

200 1986 88 48 und
337 1988 235 50 wirkliche
615 1992 343 57 Incorrectheit,
1000 1994 40 48 d.
1072 1995 42 48 h.
1160 1996 99 47 eine
1303 1999 169 54 solche,
1517 1999 69 48 die
1630 2018 102 31 man

198 2066 129 48 hört
370 2067 90 48 und
493 2068 124 49 nicht
648 2070 119 49 bloss
796 2071 131 57 sieht,
972 2071 150 50 dürfte
1152 2074 117 49 denn
1302 2075 114 49 doch
1449 2077 83 49 den
1567 2079 132 48 Wohl-

197 2142 138 65 klang
365 2145 250 48 aufheben.

316 2222 117 47 Was
464 2223 114 47 über
601 2223 86 49 den
720 2225 253 64 Vortrag
1005 2226 209 49 bemerkt
1238 2230 131 54 wird,
1400 2231 54 47 ist
1481 2232 104 46 sehr
1617 2234 92 47 rich-

196 2297 63 65 tig
290 2297 90 47 und
412 2297 150 50 dürfte
592 2301 114 47 auch
738 2317 84 32 von
854 2302 224 48 manchen
1103 2303 555 54 Männer-Chorvereinen
1682 2328 52 29 zu

198 2375 272 64 beherzigen
501 2378 108 47 sein.
678 2378 122 55 „Das
1162 2382 136 48 heisst
1327 2400 46 30 es
1404 2385 44 48 S.
1482 2386 98 53 VII,
1628 2388 106 55 „soll

197 2470 104 32 man
333 2453 223 66 singen,
588 2456 122 48 nicht
738 2465 326 58 vortragen.
1097 2460 122 48 Alles
1247 2462 263 50 Nuanciren
1542 2465 89 47 und
1656 2482 79 31 zur

198 2532 201 65 Geltung
443 2532 192 67 bringen
668 2536 163 47 wollen
875 2536 56 47 ist
969 2537 98 47 hier
1108 2555 100 32 vom
1242 2538 156 50 Uebel.
1454 2542 85 47 Die
1572 2542 159 48 Volks-

197 2608 197 50 Melodie
424 2609 79 49 hat
534 2612 100 47 kein
990 2609 181 65 Sentimento,
1172 2615 113 48 welches
1286 2615 93 49 dem
1380 2617 110 48 Inhalt
1511 2618 78 49 des
1613 2620 89 48 Tex-

194 2693 67 41 tes
288 2703 50 32 so
368 2688 413 50 charakterisirend
814 2692 111 65 folgt
954 2692 90 48 und
1076 2693 157 50 dessen
1266 2696 464 51 Gefühls-Ausdruck

194 2764 284 49 musicalisch
503 2766 221 59 darstellt,
753 2768 85 48 wie
869 2786 46 30 es
944 2768 72 50 die
1045 2787 199 32 neueren
1271 2772 323 66 Componisten
1617 2776 112 48 thun

194 2842 91 47 und
315 2843 249 50 theilweise
595 2846 111 48 thun
746 2849 197 46 müssen.
1001 2849 119 49 Was
1162 2851 282 48 musicalisch
1478 2853 224 50 Charakte-

192 2919 226 49 ristisches
448 2921 129 49 darin
607 2924 73 55 ist,
720 2924 57 49 ist
818 2942 47 31 es
907 2927 235 48 entweder
1180 2946 88 30 nur
1296 2931 184 65 zufällig
1509 2931 113 48 oder
1650 2933 60 47 all-

192 2998 196 62 gemein.
443 2999 214 50 Dieselbe
687 3003 197 47 Melodie
916 3021 122 32 muss
1068 3023 33 31 z.
1136 3007 48 47 B.
1216 3007 40 48 in
1288 3008 126 47 einer
1443 3008 187 50 Ballade
1659 3010 71 49 die

193 3074 202 50 heiteren
421 3077 90 48 und
536 3078 71 48 die
629 3081 258 63 tragischen
912 3082 175 49 Scenen
1111 3101 101 30 zum
1237 3086 243 48 Ausdruck
1514 3087 215 66 bringen;

189 3168 49 32 es
266 3157 123 44 wäre
419 3154 178 59 albern,
628 3173 132 31 wenn
785 3157 98 48 hier
906 3157 72 49 die
1000 3159 176 66 Sänger
1199 3162 80 47 mit
1301 3162 139 49 Hülfe
1463 3180 83 33 von
1570 3166 128 47 Nuan-

189 3230 220 65 cirungen
441 3234 291 64 ausgleichen
762 3236 200 49 wollten.
1010 3236 120 66 (Und
1162 3237 116 49 doch
1310 3241 236 63 geschieht
1574 3243 78 48 das
1680 3260 50 31 so

189 3307 106 67 oft!)
327 3311 95 46 Das
450 3312 203 48 schliesst
675 3312 166 66 jedoch
873 3314 123 49 nicht
1025 3332 98 41 aus,
1147 3316 102 48 dass
1274 3317 204 67 Hebung
1500 3321 91 47 und
1617 3322 84 47 Sen-

191 3387 125 66 kung
339 3387 80 49 der
442 3389 198 50 Melodie
667 3392 381 65 hervorgehoben
1073 3394 209 59 werden;
1299 3397 132 63 forte
1459 3398 91 48 und
1564 3397 165 70 piano,

188 3463 100 49 ihre
318 3465 297 50 Mittelstufen
645 3468 92 48 und
769 3468 309 67 Uebergänge
1122 3476 166 62 mögen
1332 3474 92 49 und
1462 3479 180 46 müssen
1673 3477 57 48 da

187 3542 93 48 sein
314 3543 89 48 und
436 3545 200 65 ergeben
661 3547 91 47 sich
781 3548 75 46 für
880 3547 85 49 den
990 3549 234 65 gesunden
1251 3553 343 50 musicalischen
1618 3556 111 49 Sinn

188 3634 84 33 von
301 3620 154 50 selbst.
485 3623 130 49 Aber
644 3623 80 49 das
756 3624 220 51 moderne
1000 3627 221 49 Geseufze
1250 3629 90 49 und
1374 3631 245 58 Gewinsel,
1650 3633 80 48 das

187 3698 146 65 ewige
365 3700 373 68 Blasbalgziehen
786 3704 79 48 mit
1617 3721 120 34 cresc
1174 3707 90 48 und
1651 3712 80 48 mit

198 3772 275 68 pianissimo
487 3780 91 49 und
1025 3778 264 67 fortissimo
890 3783 92 48 und
1012 3783 291 65 dergleichen
1345 3796 121 56 passt
1501 3789 125 47 nicht
1655 3789 76 47 für

313 3854 247 52 Volkslied.
628 3859 101 50 Von
781 3858 264 52 demselben
1091 3862 384 67 Gesichtspunkte
1531 3867 86 47 wie
1659 3865 71 50 die

193 3930 409 66 Vortragszeichen
645 3938 98 49 sind
775 3939 115 48 auch
935 3939 72 50 die
1043 3940 302 66 beigesetzten
1377 3944 160 66 Tempi
1567 3962 51 30 zu
1652 3944 50 50 be-

1928 228 224 62 Angaben
2186 229 114 49 über
2329 232 146 56 Alter,
2521 235 184 47 Heimat
2736 254 39 29 u.
2806 252 33 32 s.
2870 254 54 30 w.
2955 238 79 49 der
3065 243 261 63 gegebenen

1807 301 167 48 Lieder
2016 304 231 49 enthalten
2291 306 73 48 die
2863 329 70 31 am
2964 315 129 49 Ende
3131 318 76 47 des
3236 321 59 46 Bu-

1809 379 122 54 ches,
1970 396 48 32 so
2049 382 85 47 wie
2163 382 117 48 auch
2309 384 272 50 Nachweise
2610 386 80 49 der
2721 390 191 57 Quellen
2952 392 89 48 und
3071 395 225 50 Sammlun-

1809 471 105 47 gen,
1945 457 143 48 denen
2119 459 62 46 sie
2211 466 291 43 entnommen
2531 464 112 47 sind.

2171 710 266 71 Spanische
2480 715 488 72 Volks-Singschule.

1925 846 97 48 Aus
2052 847 215 51 Valencia
2309 851 108 64 geht
2458 870 82 31 uns
2582 854 99 47 eine
2713 856 309 64 Gesanglehre
3062 858 75 46 für
3169 858 131 48 Volks-

1809 920 184 50 schulen
2037 924 89 48 und
2172 927 175 64 Lyceen
2964 928 226 69 [Colegios)
2648 950 70 36 zu,
2761 934 170 47 welche
2973 934 82 47 wir
3098 936 62 47 als
3201 936 129 48 einen

1810 998 175 48 Beweis
2027 1000 80 49 der
2148 1019 86 31 neu
2277 1007 259 48 erwachten
2581 1008 141 48 Liebe
2762 1026 99 30 zum
2906 1011 340 64 Volksgesange
3287 1012 42 48 in

1810 1075 198 64 Spanien
2039 1079 262 59 erwähnen,
2346 1084 195 47 welcher
2583 1085 83 47 seit
2695 1085 81 49 der
2807 1088 267 47 Revolution
3105 1089 89 47 und
3227 1089 103 47 dem

1812 1153 426 68 Befreiungskriege
2280 1159 82 47 fast
2400 1160 121 49 nicht
2550 1163 130 47 mehr
2708 1164 42 46 in
2781 1164 216 48 Betracht
3025 1164 117 50 kam.
3201 1167 129 47 Denn

1809 1229 184 50 obwohl
2025 1232 69 48 die
2126 1234 254 50 Franzosen
2423 1245 134 40 unter
2585 1239 235 64 Napoleon
2864 1242 253 47 vertrieben
3161 1258 172 40 waren,

1810 1322 48 31 so
1879 1306 120 50 hatte
2016 1308 113 49 doch
2154 1310 299 51 französische
2470 1315 112 47 Sitte
2605 1317 89 47 und
2713 1317 321 49 französischer
3051 1319 279 48 Geschmack

1812 1385 220 48 manchen
2065 1388 99 47 Riss
2192 1389 42 47 in
2266 1389 85 48 den
2383 1392 494 49 National-Charakter
2903 1397 237 62 gemacht;
3179 1397 42 47 in
3253 1397 80 48 der

1810 1461 146 47 Musik
1981 1463 91 63 gab
2096 1469 150 60 später
2275 1466 80 49 der
2385 1468 337 49 bourbonische
2746 1472 95 47 Hof
2865 1472 85 48 den
2975 1474 97 47 Ton
3104 1474 75 46 für
3211 1474 96 48 fran-

1809 1539 198 48 zösische
2037 1543 88 45 und
2158 1543 274 49 italiänische
2456 1546 376 50 Tanzmelodieen
2858 1549 87 47 und
2972 1549 359 66 Operngesänge

1809 1632 75 40 an,
1937 1618 70 48 die
2051 1621 332 49 romantischen
2427 1624 268 49 Gitarristen
2738 1626 355 50 verschwanden
3137 1629 84 47 wie
3262 1629 71 47 die

1811 1694 187 48 Boleros
2046 1712 84 31 von
2179 1699 275 48 nationalem
2500 1700 269 57 Charakter,
2816 1703 57 48 da
2919 1704 138 48 selbst
3096 1705 237 64 spanische

1811 1770 323 66 Componisten
2174 1790 84 32 von
2303 1776 340 50 ausländischen
2676 1780 199 47 Mustern
2921 1780 79 48 das
3029 1781 169 49 wieder
3229 1783 76 47 her-

1810 1849 333 59 übernahmen,
2168 1869 93 32 was
2289 1854 120 48 diese
2441 1856 76 46 für
2547 1856 101 47 echt
2675 1858 204 63 spanisch
2911 1859 245 63 ausgaben.
3187 1860 143 48 Einen

1810 1925 123 48 Blick
1976 1927 42 47 in
2063 1927 71 49 die
2163 1930 403 50 Musik-Zustände
2604 1934 207 62 gewährt
2839 1934 69 48 die
2940 1936 360 64 Prüfungs-Com-

1810 2004 179 48 mission
2031 2005 77 48 des
2148 2006 124 50 Real
2312 2007 339 51 Conservatorio
2677 2011 56 49 de
2766 2009 175 52 musica
2963 2028 34 49 y
3024 2011 309 51 declamazion

1807 2081 42 47 in
1881 2081 102 50 dem
2016 2084 274 56 Gutachten,
2320 2087 195 47 welches
2544 2087 102 49 dem
2680 2090 216 47 Büchlein
2926 2090 304 65 vorgedruckt
3259 2093 69 54 ist,

1806 2159 150 48 indem
1988 2161 61 47 sie
2079 2169 122 57 sagt:
2256 2165 120 53 „Das
2414 2165 213 49 Studium
2671 2166 80 48 der
2792 2168 147 46 Musik
2982 2185 52 31 zu
3077 2168 253 49 verbreiten

1806 2236 90 46 und
1927 2254 52 29 zu
2011 2240 346 62 popularisiren,
2387 2241 53 47 ist
2470 2242 97 47 eine
2597 2242 80 49 der
2700 2242 196 50 edelsten
2920 2244 409 67 Beschäftigungen

1807 2312 122 49 eines
1960 2315 255 57 Künstlers,
2246 2317 99 47 weil
2375 2317 64 49 sie
2468 2319 122 47 nicht
2618 2336 86 31 nur
2732 2319 80 49 der
2842 2321 163 56 Kunst,
3033 2322 194 47 sondern
3251 2322 80 49 der

1809 2391 283 50 Menschheit
2119 2410 99 32 zum
2249 2395 176 48 Nutzen
2455 2397 216 63 gereicht.
2709 2399 108 47 Dies
2849 2399 146 48 haben
3025 2399 70 48 die
3124 2400 181 48 erleuch-

1807 2475 160 42 tetsten
2000 2471 323 65 Regierungen
2348 2474 224 66 Europa's
2601 2475 42 48 in
2668 2475 326 57 Deutschland,
3024 2477 183 65 Belgien
3239 2479 89 47 und

1807 2546 280 49 Frankreich
2126 2550 257 48 anerkannt
2423 2551 91 47 und
2557 2556 304 45 unterstützen
2900 2552 208 50 desshalb
3154 2555 175 48 sowohl

1806 2622 84 48 den
1928 2626 342 48 musicalischen
2301 2629 552 49 Elementar-Unterricht
2893 2631 42 47 in
2981 2631 85 47 den
3114 2632 215 55 Schulen,

1806 2701 62 47 als
1910 2701 71 48 die
2023 2703 197 49 Vereine
2265 2705 88 48 und
2397 2706 221 56 Institute,
2661 2707 171 49 welche
2874 2707 79 49 das
2996 2709 210 48 Studium
3250 2710 80 47 der

1805 2778 241 50 Tonkunst
2087 2797 82 32 von
2215 2782 218 50 höherem
2479 2783 372 50 künstlerischem
2891 2786 317 66 Standpunkte
3249 2805 80 31 aus

1807 2855 279 50 betrachten.
2139 2860 47 47 In
2218 2860 214 66 Spanien,
2474 2879 71 31 wo
2574 2861 82 49 der
2684 2862 108 48 Sinn
2825 2863 75 47 für
2930 2863 147 49 Musik
3108 2865 89 48 sich
3221 2865 109 65 jetzt

1804 2950 83 32 von
1918 2935 101 66 Tag
2055 2954 52 30 zu
2149 2938 100 64 Tag
2277 2937 143 50 durch
2464 2938 71 49 die
2573 2941 332 63 Bemühungen
2949 2942 172 64 einiger
3147 2942 156 65 edelge-

1801 3012 173 48 sinnter
2017 3015 216 48 Künstler
2276 3016 170 49 wieder
2487 3018 287 64 emporhebt,
2830 3018 134 49 fehlte
3011 3035 46 32 es
3103 3020 114 48 noch
3269 3036 55 32 an

1801 3091 146 48 einem
1981 3092 195 57 Werke,
2219 3095 193 48 welches
2450 3095 70 48 die
2552 3095 341 66 Bestrebungen
2934 3096 146 48 dieser
3119 3097 207 65 wenigen

1801 3168 236 65 muthigen
2063 3171 190 48 Männer
2281 3172 141 48 durch
2447 3173 348 65 Erleichterung
2826 3173 80 49 der
2929 3173 214 50 Methode
3171 3184 130 39 unter-

2113 3248 78 47 Als
2220 3250 70 47 ein
2318 3250 175 48 solches
2525 3250 149 48 Werk
2705 3251 235 65 empfiehlt
2968 3267 90 32 nun
3090 3251 70 48 die
3190 3252 102 48 Com-

1804 3323 179 50 mission
2013 3324 122 49 diese

1918 3399 202 51 Edision
2158 3403 194 50 manual
2388 3403 73 50 del
2501 3403 185 51 Metodo
2726 3404 54 50 de
2821 3403 154 66 Solfeo
3011 3404 258 69 (solfeggio)
3293 3422 35 50 y

2272 3479 271 69 Principios
2888 3482 56 48 de
3071 3482 142 49 Carito

2030 3572 34 51 y
2094 3558 193 67 Colegios
2313 3576 95 51 por
2435 3561 63 48 D.
2527 3559 210 50 Pascual
2760 3561 151 48 Perez
2939 3577 34 50 y
3004 3561 189 49 Gascon.
3236 3561 88 64 (72

2033 3637 46 48 S.
2108 3637 42 48 in
2182 3638 58 48 kl.
2272 3638 116 65 Fol.)

1880 3714 94 47 Das
1992 3714 257 50 Gutachten
2267 3717 55 47 ist
2345 3732 54 32 an
2426 3723 141 41 erster
2585 3717 136 47 Stelle
2737 3733 84 32 von
2848 3717 256 49 Hilarion
3129 3717 195 48 Eslava

1804 3791 391 58 unterschrieben,
2224 3793 81 47 der
2327 3792 142 48 durch
2494 3794 100 47 eine
2621 3810 117 31 neue
2762 3794 271 65 Sammlung
3056 3794 80 47 der
3156 3794 169 49 älteren

1801 3869 267 65 spanischen
2099 3871 550 64 Kirchen-Componisten
2680 3872 267 48 rühmlichst
2977 3872 197 48 bekannt
3201 3872 66 47 ist.

1920 3948 124 47 Herr
2072 3949 138 47 Perez
2239 3966 24 49 y
2295 3949 178 50 Gascon
2515 3949 54 47 ist
2611 3956 143 42 erster
2783 3951 218 64 Organist
3034 3966 54 32 an
3119 3948 80 48 der
3227 3951 65 47 Me-

1802 4026 411 63 tropolitankirche
2251 4043 52 32 zu
2334 4027 229 48 Valencia.
2623 4027 62 48 Er
2715 4027 77 49 hat
2820 4027 41 48 in
2892 4027 165 48 seinem
3088 4026 236 49 Leitfaden
