3307 4572
615 424 127 53 1508

1637 433 218 48 Gfossen

610 615 175 57 suchte,
836 616 88 50 sich
964 616 135 48 durch
1139 616 73 48 die
1251 616 341 62 Beherrschung
1632 619 95 49 und

610 694 339 61 Umgebärung
990 700 59 43 im
1084 694 138 49 Geist
1261 711 120 44 ganz
1421 713 84 31 zur
1545 696 181 50 Selbst»

609 771 406 56 Verständlichkeit,
1049 789 60 30 zu
1139 771 322 51 schwebender
1481 772 245 51 Sicherheit

609 849 212 57 zerlöste,
845 849 132 57 löste,
1000 849 181 49 erlöste.
1217 849 122 50 Dem
1360 855 244 46 virtuosen
1627 852 98 49 Er»

607 925 300 51 zählertalent
930 926 207 48 Kasimir
1160 926 274 51 Edschmids
1457 929 173 62 gelingt
1651 930 73 49 die

607 1002 355 63 Verwandlung
1004 1010 82 43 mit
1128 1004 286 62 kräftigerem
1456 1007 176 51 Mittel:
1677 1028 48 30 er

603 1080 155 49 schabt
783 1081 87 48 den
894 1081 160 50 Flitter
1077 1082 81 50 der
1183 1084 317 50 Wirklichkeit
1522 1086 75 59 ab,
1631 1086 90 51 daß

601 1159 72 48 die
713 1159 153 60 Späne
917 1160 160 61 fliegen
1128 1162 95 49 und
1263 1162 200 51 wehrlos
1505 1165 90 48 sich
1637 1166 83 48 das

601 1235 182 49 Wesen
807 1236 183 61 bewegt
1007 1239 207 50 enthüllt.
1240 1240 247 51 Während
1504 1242 74 50 die
1595 1244 125 48 Rea»

600 1315 99 48 lität
732 1320 45 43 in
804 1315 88 49 den
916 1316 239 51 Novellen
1178 1319 359 60 Wolfensteins,
1565 1322 154 50 Benns

600 1392 91 48 fast
737 1392 198 50 siditbar
974 1395 135 49 durch
1151 1396 89 50 den
1283 1397 138 50 Geist
1468 1399 251 57 zerrieben,

597 1481 211 47 zersetzt,
845 1473 308 50 auseinander
1186 1475 96 49 und
1315 1477 265 50 ineinander
1613 1496 104 32 zer»

595 1547 196 51 schoben
823 1550 135 58 wird,
991 1556 58 44 ist
1082 1557 66 45 sie
1179 1559 45 43 in
1259 1553 245 51 Leonhard
1536 1556 180 50 Franks

595 1626 329 62 Erzählungen
991 1628 137 51 durch
1191 1636 272 47 intensivste
1527 1640 190 56 geistige

595 1703 387 64 Durchdringung
1021 1725 56 30 so
1110 1708 473 59 selbstverständlich,
1623 1713 93 50 fast

595 1782 232 58 nüchtern,
849 1786 304 49 anscheinend
1179 1788 211 50 mühelos
1414 1807 82 32 zur
1517 1791 199 49 Realität

595 1860 80 49 der
697 1861 162 49 Kunst
882 1863 302 61 umgeboren,
1217 1866 90 49 daß
1330 1867 123 50 diese
1481 1870 231 58 eigentlich

591 1938 119 50 nicht
742 1941 277 51 realistische
1042 1943 160 49 Kunst
1235 1945 68 48 als
1326 1946 386 51 naturalistisches

591 2017 326 52 Meisterwerk
951 2026 239 55 gepriesen
1223 2023 186 50 werden
1437 2025 186 50 konnte.
1660 2027 52 47 In

592 2094 81 50 der
706 2094 148 51 Prosa
887 2096 151 51 dieser
1058 2098 226 51 Erzähler
1317 2101 116 48 wird
1465 2101 82 49 das
1570 2102 141 50 Dick»

589 2173 244 62 kleberige,
855 2176 284 49 Chaotische
1156 2177 79 50 der
1251 2178 200 50 Realität
1467 2180 136 49 durch
1621 2181 87 49 den

589 2252 145 48 Filter
769 2252 80 50 des
885 2253 192 51 Geistes
1110 2257 377 60 ausgeschieden,
1520 2276 50 31 es
1603 2272 107 37 ent»

588 2329 141 50 schält
762 2331 89 48 sich
887 2336 103 54 jene
1024 2332 166 51 feinste
1212 2333 263 61 dynamisch
1499 2337 211 61 bewegte

587 2406 248 59 Substanz,
856 2408 71 50 die
945 2409 267 61 wiederum,
1222 2431 77 31 um
1311 2413 245 50 sinnlichen
1567 2416 140 48 Aus»

587 2484 135 50 drude
763 2506 60 29 zu
855 2487 175 58 finden,
1073 2488 79 50 des
1186 2489 239 51 Substrats
1463 2492 80 50 der
1575 2498 131 45 sinn»

587 2563 140 50 liehen
750 2564 317 63 Erscheinung
1099 2566 175 59 bedarf,
1381 2569 101 50 also
1504 2571 201 58 Farben,

587 2641 278 62 körperliche
898 2643 229 59 Formen,
1158 2643 136 52 Töne
1334 2647 82 49 der
1456 2648 249 51 faktischen

584 2718 314 64 Erscheinung
932 2728 256 45 entnimmt,

645 2798 92 50 Die
769 2801 339 50 summierende
1132 2802 311 63 Aufführung
1475 2806 228 49 einzelner

582 2876 185 49 Dichter
808 2877 136 51 sollte
988 2878 73 51 die
1092 2879 310 61 apodiktische
1435 2879 153 54 These
1621 2883 80 51 des

582 2954 223 61 Anfangs
854 2954 148 51 dieser
1042 2957 363 63 Betrachtungen
1447 2961 255 57 erläutern,-

581 3032 218 49 nachdem
822 3034 216 49 versucht
1059 3041 74 50 ist,
1166 3036 72 49 die
1261 3043 184 55 jüngste
1467 3039 234 63 Dichtung

581 3110 67 47 als
667 3108 248 62 Totalität,
932 3112 69 48 als
1021 3119 342 54 gemeinsamen
1372 3117 327 62 Aufschwung

581 3188 80 49 des
696 3188 189 51 Geistes
921 3208 86 32 aus
1043 3191 79 49 der
1155 3193 395 51 umschließenden
1572 3197 125 48 Rea»

579 3265 102 50 lität
703 3267 364 61 nachzuweisen,
1091 3269 106 51 darf
1209 3272 88 48 sich
1313 3272 73 49 die
1404 3273 293 62 Erörterung

577 3344 173 50 wieder
791 3351 70 44 ins
896 3347 295 61 Allgemeine
1231 3351 208 49 wenden.
1482 3352 69 48 Es
1586 3353 108 48 muß

578 3420 169 50 darauf
775 3423 244 49 verzichtet
1051 3425 208 59 werden,
1299 3446 60 29 zu
1392 3433 183 56 zeigen,
1607 3434 90 45 wie

577 3499 86 48 sich
720 3500 191 61 parallel
968 3502 80 49 der
1096 3503 231 62 Dichtung
1385 3505 72 50 die
1513 3513 183 55 jüngste

576 3577 198 49 Malerei
793 3583 44 43 in
856 3578 174 51 ähnlich
1048 3583 350 57 stammelnden,
1410 3584 286 61 explosiven,

577 3658 517 61 grenzensprengenden
1127 3659 96 50 und
1255 3660 110 50 doch
1391 3663 65 48 oft
1477 3663 217 48 antikisch

579 3733 346 58 geschlossenen
968 3737 204 49 Formen
1205 3739 97 48 und
1331 3739 362 61 Experimenten

577 3810 278 51 entwickelte
879 3813 71 51 bis
976 3833 83 31 zur
1077 3815 287 63 Auflösung
1381 3818 80 49 der
1477 3818 216 51 Erschei»

578 3904 126 43 nung
720 3893 69 44 ins
809 3889 306 52 abstrakteste
1133 3895 326 58 geometrische
1478 3895 214 58 Gebilde,

1774 638 79 30 um
1877 639 108 32 zum
2011 623 198 58 Wesen,
2240 643 108 30 zum
2379 628 230 49 stärksten
2633 631 261 63 Ausdruck,

1774 717 61 30 zu
1876 703 226 45 innerster
2141 701 268 61 Bewegung
2450 723 60 29 zu
2552 706 213 63 dringen,
2798 715 95 47 und

1773 794 109 30 man
1905 775 164 52 horche
2092 780 96 56 auf,
2220 785 89 43 wie
2333 780 73 51 die
2428 781 147 60 dritte,
2608 785 285 55 absoluteste

1773 852 81 50 der
1877 854 202 59 Künste,
2112 856 73 50 die
2206 858 181 58 Musik,
2421 878 86 32 aus
2531 861 143 50 ihrem
2707 870 184 55 jenseits

1772 930 114 49 aller
1924 932 203 51 Realität
2173 935 330 52 schwebenden
2544 939 132 49 Reich
2724 946 47 45 in
2820 944 71 51 die

1772 1010 256 55 (scheinbar
2059 1030 89 32 nur
2182 1014 137 51 durch
2342 1015 84 50 das
2450 1016 147 50 Wort
2620 1037 107 30 zum
2750 1021 139 50 Aus»

1771 1086 135 51 druck
1917 1089 307 62 gelangende)
2235 1091 230 62 Dichtung
2484 1100 254 45 einströmt.
2751 1098 140 50 Nicht

1771 1166 111 50 aber
1922 1167 67 50 als
2032 1169 84 49 das
2149 1170 547 52 realitätsnachahmende
2728 1175 163 51 Motiv

1769 1245 97 48 und
1914 1245 84 49 das
2040 1246 659 66 Wirklichkeitsbeziehungen
2750 1254 138 48 nach»

1767 1321 214 51 bildende
2013 1325 128 48 Netz
2176 1325 340 60 thematischer,
2548 1329 340 50 schematischer

1767 1399 371 63 Verknüpfung,
2171 1404 200 49 sondern
2413 1411 46 43 in
2493 1406 118 51 ihrer
2643 1407 244 51 absoluten

1766 1477 146 50 Form
1945 1479 68 49 als
2044 1481 264 51 unendliche
2329 1482 226 59 Melodie,
2580 1484 68 49 als
2674 1485 213 49 Wollust

1767 1557 79 49 der
1879 1559 233 49 tönenden
2134 1561 282 61 Bewegung,
2449 1562 72 50 die
2550 1562 216 51 fühlende
2789 1565 95 48 Er»

1766 1639 228 58 innerung
2027 1655 59 31 an
2120 1639 333 58 paradiesische
2478 1640 170 49 Zeiten
2681 1655 203 47 erzeugt.

1764 1713 146 55 (Was
1953 1720 46 43 in
2042 1716 210 50 Werfels
2293 1719 289 61 Dichtungen
2625 1739 75 30 am
2742 1721 142 50 über»

1763 1791 353 61 wältigendsten
2152 1800 45 43 in
2230 1796 315 61 Erscheinung
2578 1802 135 51 tritt.)

1828 1870 49 48 In
1903 1870 87 49 den
2014 1871 286 60 zerhackten,
2333 1872 309 61 hymnischen,
2666 1876 217 50 antikisch

1762 1946 332 61 beherrschten,
2127 1951 364 58 musikalischen,
2521 1954 361 60 prophetischen,

1762 2026 473 51 manifestatorischen
2309 2035 216 56 jüngsten
2591 2031 291 61 Dichtungen

1758 2102 119 50 wird
1910 2103 82 50 der
2025 2105 389 52 Determinismus
2448 2108 81 49 der
2562 2108 320 51 Wirklichkeit

1759 2181 316 52 überwunden
2125 2185 119 48 nicht
2291 2185 135 49 durch
2475 2187 406 61 psychologischen

1758 2258 433 60 Individualismus,
2240 2263 204 50 sondern
2493 2263 136 50 durch
2671 2265 72 49 die
2783 2266 96 49 Er»

1757 2336 191 62 höhung
1997 2338 78 50 des
2122 2340 318 50 Individuums
2489 2342 270 50 vermittelst
2799 2342 80 50 des

1755 2415 277 50 Ausbruchs
2058 2417 343 60 allgemeinster
2425 2420 222 57 Gefühle,
2680 2421 198 48 Leiden»

1755 2492 197 51 schäften
1973 2495 95 48 und
2079 2493 275 64 Tugenden,
2376 2497 111 55 (Die
2505 2498 373 61 psychologische

1754 2571 220 61 Analyse
2016 2578 58 45 ist
2107 2578 161 45 immer
2301 2594 88 30 nur
2422 2589 122 36 erste
2575 2577 303 60 Anbohrung

1754 2656 71 43 ins
1858 2652 186 50 Wesen
2086 2652 81 51 des
2202 2653 384 57 Wesentlichen.)
2628 2656 90 48 Die
2751 2657 124 48 Um»

1753 2746 222 44 armung,
2028 2731 295 61 Zersetzung
2371 2733 96 47 und
2507 2733 370 61 Neuschöpfung

1752 2806 81 48 der
1873 2807 581 62 Realitätserscheinungen
2497 2811 248 58 geschieht,
2794 2830 80 29 um

1750 2884 207 58 Wesen,
1992 2887 127 50 Herz
2160 2887 96 48 und
2287 2888 139 50 Nerv
2464 2888 81 50 der
2577 2890 177 60 Dinge,
2794 2909 79 29 um

1750 2968 83 43 mit
1856 2963 80 50 der
1965 2964 145 50 Hülle
2134 2966 198 62 zugleich
2352 2967 87 50 den
2463 2967 129 50 Kern
2616 2987 59 30 zu
2702 2970 171 55 fassen,

1748 3039 81 51 der
1851 3042 89 48 sich
1962 3047 46 43 in
2031 3043 264 61 quellender
2312 3046 294 61 Emporreife
2629 3046 243 56 offenbart,

1748 3123 136 45 meist
1931 3119 113 50 aber
2086 3122 233 60 explosiv,
2361 3135 136 36 unter
2538 3123 335 60 krampfhafter

1746 3197 254 62 Eruption,
2035 3199 119 49 nicht
2176 3199 147 51 selten
2350 3213 134 37 unter
2506 3202 367 61 Zersprengung

1746 3274 79 50 der
1851 3277 146 48 Form
2022 3277 90 48 sich
2138 3278 343 52 entschleudert
2520 3279 90 49 Die
2633 3278 237 50 Entwich»

1746 3353 112 60 lung
1917 3372 58 29 zu
2033 3354 239 51 äußerster
2319 3357 423 60 Differenzierung,
2797 3356 72 48 die

1744 3436 180 55 einigen
1983 3431 525 63 Übergangskünstlern
2562 3433 306 51 Selbstzweck

1744 3526 115 39 war,
1877 3508 117 50 wird
2004 3511 153 49 Mittel
2174 3516 235 44 einerseits
2428 3530 60 30 zu
2507 3512 362 60 inbrünstigerer

1744 3585 267 61 Erfassung
2045 3588 81 50 der
2171 3587 243 61 Totalität,
2448 3589 304 49 andererseits
2787 3606 85 30 zur

1744 3664 330 62 Verstärkung
2105 3665 78 50 der
2209 3667 241 49 Intensität
2474 3667 79 48 des
2577 3665 288 58 Ausdrucks,

1743 3740 80 51 des
1854 3743 290 51 Ausbruchs.

1804 3820 153 50 Drum
2006 3822 132 49 blüht
2180 3822 96 49 und
2324 3822 164 50 strahlt
2536 3839 85 31 aus
2665 3820 78 49 der
2784 3820 85 47 auf

1743 3895 227 52 Totalität
1989 3899 269 59 gerichteten
2271 3900 159 49 Kunst
2446 3898 84 51 das
2549 3898 314 60 allgemeinste
