3220 4572
2483 434 121 49 1445

1073 444 148 49 Peter
1247 462 98 29 van
1377 444 117 49 Pier
1528 467 9 10 •
1571 443 113 50 Der
1711 442 211 58 Prophet

403 632 117 61 und
559 632 88 59 die
680 630 297 61 Wahrheit
1018 630 139 60 wird
1189 639 79 52 sie
1301 630 323 60 vernichten.
1667 629 89 60 Ihr
1790 627 262 62 Schicksal
2087 624 104 62 soll
2226 623 163 61 ihnen
2425 623 184 58 offen*

403 726 100 59 bar
543 733 137 60 sein,
721 723 115 60 und
876 732 78 52 sie
995 732 286 51 entrinnen
1323 722 110 60 ihm
1474 723 151 59 nicht.
1676 717 124 80 Tag
1842 721 88 58 für
1969 716 124 78 Tag
2134 717 232 61 erfüllen
2407 723 83 51 sie
2529 713 81 60 ihr

404 816 267 62 Schicksal
710 815 116 61 und
858 823 225 61 wissen,
1117 815 106 59 daß
1257 823 80 51 sie
1370 837 59 37 es
1462 830 116 43 tun.
1622 813 140 60 Fort
1794 822 71 50 ist
1898 812 87 60 die
2017 811 158 76 Lüge
2208 808 98 60 der
2339 806 271 68 Zukunft,

406 909 116 59 und
572 909 99 59 das
719 909 192 58 Heute
961 907 186 59 drückt
1202 915 79 51 sie
1330 929 73 35 zu
1450 905 210 59 Boden,
1720 905 80 59 Ich
1850 903 108 60 will
2007 905 164 57 ihnen
2220 901 89 60 die
2358 898 252 61 Zukunft

406 1001 240 60 nehmen
686 1000 117 60 und
842 999 106 59 alle
987 999 196 75 Lügen
1223 999 144 58 ihres
1409 996 287 61 Denkens,
1754 996 165 60 Zwei
1969 1019 103 36 nur
2112 994 177 61 sollen
2332 991 101 61 frei
2473 1000 137 58 sein,

406 1102 86 50 ein
524 1093 184 58 Mann
757 1090 116 60 und
912 1099 87 51 ein
1032 1089 193 68 Weib,
1259 1089 105 60 auf
1390 1089 107 58 daß
1531 1089 73 58 ich
1636 1089 163 58 Freie
1832 1088 306 76 bekämpfe.
2182 1086 171 59 Denn
2387 1084 75 59 ich
2496 1083 113 59 will

406 1183 282 77 kämpfen,
728 1183 106 58 auf
868 1182 108 59 daß
1018 1182 75 58 ich
1133 1189 168 68 siege,
1343 1179 113 60 und
1497 1180 162 59 ihnen
1698 1189 87 50 ein
1828 1179 140 60 Gott
2007 1187 168 52 sein.«

486 1276 151 57 Also
662 1297 140 36 sann
826 1274 160 59 Peter
1009 1295 112 36 van
1145 1273 120 58 Pier
1291 1270 115 60 und
1430 1279 119 51 sein
1577 1270 223 61 Gesicht
1824 1295 120 35 war
1975 1269 122 61 hart
2129 1278 107 51 wie
2269 1277 117 52 sein
2413 1267 192 61 Wille.

1462 1454 84 58 11.

487 1545 181 78 Sigrid
708 1545 115 61 und
852 1545 267 61 Valerius
1161 1544 182 61 lebten
1383 1543 172 61 ihrem
1589 1544 179 61 Glück
1810 1543 116 61 und
1964 1543 199 61 liebten
2205 1544 103 60 sich
2350 1544 137 59 über
2520 1542 89 59 die

409 1638 234 60 Maßen.
703 1637 139 60 Und
883 1637 87 58 die
1016 1636 222 77 Jungfer
1277 1631 248 64 Therese
1572 1658 120 36 war
1738 1658 73 36 zu
1858 1634 228 69 Hause,
2134 1634 184 60 zerbiß
2367 1634 105 59 sich
2522 1632 89 61 die

410 1732 224 75 Finger,
675 1754 139 35 sann
845 1730 179 59 Rache
1057 1752 91 36 am
1179 1727 310 77 Propheten
1523 1727 117 60 und
1670 1750 118 37 war
1823 1727 132 60 noch
1992 1727 262 60 häßlicher
2286 1724 323 78 geworden.

412 1822 153 61 Zum
614 1824 218 58 Raume
880 1821 99 60 des
1020 1821 263 60 Wissens
1335 1820 132 58 aber
1515 1818 266 77 drängten
1830 1820 103 58 sich
1983 1818 87 60 die
2116 1818 331 69 Menschen,
2497 1815 117 61 und

412 1915 160 60 Peter
610 1914 311 59 vermochte
962 1935 59 37 es
1063 1911 168 60 kaum
1263 1935 73 36 zu
1368 1910 344 76 bewältigen.
1755 1910 138 60 Wie
1923 1933 72 35 zu
2028 1910 107 58 den
2168 1909 443 75 wundertätigen

412 2006 223 60 Bildern
677 2005 98 60 der
813 2005 264 76 Jungfrau
1118 2004 197 58 kamen
1357 2003 163 76 Züge
1569 2027 113 35 von
1724 2003 329 67 Menschen,
2103 2000 87 61 die
2237 2000 252 60 Zukunft
2538 2023 75 35 zu

414 2097 193 61 hören.
666 2097 139 59 Und
843 2097 161 59 Peter
1043 2094 315 76 wahrsagte
1406 2094 158 60 allen.
1622 2094 295 60 Manchem
1965 2102 117 52 sein
2122 2092 190 59 Leben
2351 2088 124 78 Tag
2525 2090 88 60 für

414 2185 142 81 Tag,
591 2189 279 60 manchem
903 2187 89 61 die
1023 2188 208 76 großen
1259 2185 419 63 Sdncksalsfälle
1711 2184 98 61 des
1834 2184 239 69 Lebens,
2105 2193 108 50 wie
2246 2206 59 37 es
2341 2192 87 49 ein
2461 2182 153 75 jeder

413 2282 301 75 verlangte.
757 2282 122 58 Der
908 2281 169 76 Papst
1117 2281 133 58 aber
1289 2279 103 60 ließ
1434 2287 121 51 eine
1586 2277 157 61 Bulle
1782 2286 83 51 ins
1898 2276 158 61 Land
2094 2276 177 76 gehen
2314 2274 116 60 und
2470 2274 144 75 legte

415 2373 114 60 den
560 2371 384 62 Kirchenbann
976 2372 104 59 auf
1105 2372 169 59 Peter,
1316 2371 168 60 Denn
1518 2370 96 58 der
1646 2370 137 58 böse
1810 2368 165 60 Geist
2008 2376 79 51 sei
2119 2377 53 50 in
2205 2367 91 59 ihn
2329 2366 282 76 gefahren.

418 2464 141 61 Und
601 2486 58 37 er
699 2464 199 59 verbot
937 2462 107 60 den
1086 2462 329 69 Menschen,
1463 2485 73 36 zu
1576 2460 109 60 ihm
1725 2484 72 36 zu
1837 2459 176 76 gehen
2061 2459 88 59 bei
2188 2457 237 60 Verlust
2472 2456 143 60 ihrer

418 2555 276 76 Seligkeit,
737 2556 164 59 Aber
940 2554 98 61 der
1076 2554 303 59 Menschen
1420 2553 257 76 Neugier
1715 2575 120 36 war
1873 2550 200 76 größer
2112 2550 80 58 als
2234 2549 81 58 ihr
2341 2549 274 67 Wunsch,

418 2647 136 77 selig
602 2672 73 34 zu
725 2648 247 68 sterben,
1019 2645 115 60 und
1184 2645 98 61 des
1321 2645 215 60 Nachts
1585 2644 161 60 eilten
1795 2644 133 58 auch
1970 2643 88 59 die
2097 2643 236 59 Priester
2374 2641 241 59 heimlich

419 2762 130 37 zum
582 2739 217 59 Raume
840 2738 97 60 des
964 2737 278 61 Wissens,
1287 2735 138 60 Und
1466 2735 100 60 das
1594 2734 244 61 Gerücht
1868 2733 126 60 kam
2027 2733 117 68 auf,
2186 2733 107 58 daß
2327 2733 96 58 der
2447 2732 171 76 Papst

418 2831 175 61 selbst
639 2840 72 50 im
758 2829 380 77 verborgenen
1186 2852 74 36 zu
1307 2828 159 59 Peter
1504 2851 112 36 van
1655 2827 121 60 Pier
1823 2826 257 76 geschickt
2127 2824 158 60 hätte.
2342 2823 137 60 Auf
2520 2822 98 59 der

419 2946 216 52 ganzen
667 2922 156 61 Erde
864 2921 132 60 aber
1034 2944 121 37 war
1185 2921 314 75 Erregung,
1541 2917 115 61 und
1697 2917 88 60 die
1816 2917 305 60 Menschen
2163 2931 307 46 entsetzten
2511 2914 105 60 sich

421 3038 105 36 vor
567 3014 97 59 der
703 3012 250 60 Klarheit
992 3011 142 60 ihrer
1174 3010 264 61 Zukunft,
1480 3010 164 58 Aber
1684 3008 113 60 ihre
1830 3008 329 75 Neugierde
2191 3030 119 36 war
2343 3005 275 59 abermals

421 3108 200 76 größer
653 3106 80 60 als
766 3105 83 60 ihr
878 3104 326 61 Entsetzen,
1238 3102 164 60 Aber
1434 3101 147 60 dann
1614 3101 126 59 kam
1774 3100 88 60 die
1894 3100 148 68 Zeit,
2077 3100 72 58 da
2182 3099 99 59 das
2308 3099 311 58 Entsetzen

422 3198 288 61 einschlief.
753 3198 168 58 Denn
954 3195 102 61 das
1081 3195 235 60 Wissen
1349 3218 119 34 war
1500 3193 161 59 ihnen
1689 3191 381 61 Gewohnheit
2101 3190 320 76 geworden.
2455 3188 165 60 Aber

419 3289 249 60 dennoch
716 3288 181 60 lebten
953 3294 80 52 sie
1089 3287 135 58 nicht
1279 3294 107 50 wie
1442 3284 202 60 früher.
1702 3284 208 58 Keiner
1957 3282 193 76 grüßte
2199 3280 106 60 den
2354 3280 267 75 Morgen,

423 3381 149 59 denn
612 3379 97 61 der
747 3375 119 80 Tag
904 3402 120 36 war
1063 3378 109 60 ihm
1213 3378 177 67 offen,
1438 3375 80 60 als
1567 3384 154 51 wäre
1769 3397 60 37 es
1879 3374 99 60 des
2021 3370 184 79 Tages
2246 3372 213 59 Abend
2506 3370 117 60 und

423 3472 197 70 Ende,
669 3472 116 60 und
832 3471 185 59 keiner
1063 3468 193 78 grüßte
1297 3467 88 61 die
1424 3467 212 70 Nacht,
1685 3466 145 59 denn
1884 3475 80 50 sie
2004 3466 135 73 barg
2178 3463 109 61 ihm
2328 3463 123 60 kein
2494 3462 130 60 Ge*

424 3565 232 59 heimnis
705 3563 168 60 mehr.
931 3561 135 61 Alle
1113 3576 150 45 taten
1312 3560 81 58 ihr
1431 3555 314 80 Tagewerk
1792 3557 149 60 ohne
1984 3557 295 74 Hoffnung
2319 3555 116 59 und
2475 3553 150 60 ohne

429 3656 435 76 Verzweiflung,
906 3654 114 61 und
1059 3652 182 61 lebten
1282 3651 81 60 ihr
1401 3651 208 69 Leben,
1650 3651 81 58 als
1772 3649 275 60 schrieben
2089 3657 79 51 sie
2209 3656 87 51 ein
2336 3647 147 59 Buch
2534 3646 92 69 ab,

426 3748 160 61 Zeile
620 3749 88 60 für
739 3748 177 69 Zeile,
949 3745 115 61 und
1096 3745 101 60 das
1223 3744 215 59 Dasein
1472 3743 177 59 freute
1680 3750 80 51 sie
1792 3741 155 60 nicht.
1981 3740 319 60 Manchmal
2340 3739 286 59 versuchte

423 3848 153 52 einer
609 3849 96 51 mit
730 3838 230 62 Gewalt
991 3845 207 52 seinem
1223 3835 263 61 Schicksal
1518 3858 72 36 zu
1623 3842 304 61 entrinnen,
1962 3831 134 61 aber
2127 3853 60 38 es
2221 3830 242 76 mißlang
2496 3829 130 61 ihm.
