3294 4572
968 1150 496 89 VÖLKER
1528 1166 152 73 ZU
1741 1168 412 74 HAUSE

1195 983 315 71 Eduard
1534 986 380 71 Bernstein

1108 1307 893 65 ERINNERUNGEN

1096 1492 905 67 VORBEMERKUNG

492 1612 218 71 AUF
749 1613 253 62 Wunsch
1044 1616 99 61 des
1185 1617 431 77 Herausgebers
1661 1619 183 63 dieser
1883 1622 311 62 Zeitschrift
2234 1625 146 63 habe
2420 1628 76 60 ich
2538 1630 136 59 mich

445 1724 172 49 XjL
654 1707 391 70 entschlossen,
1094 1719 178 68 einige
1320 1711 434 79 Erinnerungen
1803 1739 105 37 aus
1958 1726 211 52 meiner
2217 1719 300 62 Wandere
2557 1722 120 60 und

440 1797 244 61 Exilzeit
722 1824 74 36 zu
829 1800 196 77 Papier
1055 1825 74 37 zu
1160 1801 230 79 bringen
1425 1804 116 61 und
1574 1829 73 36 an
1682 1806 182 61 dieser
1896 1807 172 63 Stelle
2100 1835 75 36 zu
2208 1814 469 62 veröffentlichen.

440 1890 295 61 Leitender
777 1893 277 60 Gedanke
1094 1904 72 51 ist
1204 1905 101 50 mir
1345 1895 184 71 dabei,
1571 1898 90 61 die
1694 1899 321 63 Eindrücke
2047 1927 75 37 zu
2154 1905 287 71 schildern,
2474 1907 91 60 die
2599 1909 77 58 ich

440 2006 116 36 von
590 1983 107 61 den
722 1984 305 62 Menschen
1061 1988 332 77 empfangen
1426 1989 165 72 habe,
1625 1990 172 63 deren
1821 1994 225 61 Länder
2077 1998 134 60 mich
2244 2000 297 78 zeitweilig
2573 2000 69 61 be-

440 2074 339 78 herbergten.
805 2078 157 60 Doch
981 2079 103 60 soll
1102 2082 438 61 zwischendurch
1571 2086 134 58 auch
1724 2086 101 61 der
1840 2087 322 63 Umstände
2178 2092 231 75 gedacht
2425 2093 253 71 werden,

442 2167 89 60 die
579 2169 132 59 mich
759 2180 97 49 mit
901 2172 160 60 Land
1112 2173 117 60 und
1268 2174 218 61 Leuten
1527 2186 55 51 in
1623 2178 325 79 Beziehung
1987 2181 273 65 brachten.
2306 2185 143 61 Und
2490 2187 188 61 ferner

442 2261 180 60 schien
663 2285 61 37 es
765 2272 101 51 mir
905 2266 137 58 nicht
1082 2290 73 36 zu
1196 2268 297 75 umgehen,
1534 2271 350 76 gelegentlich
1928 2284 177 68 einige
2138 2276 540 83 Selbstschilderung

443 2354 402 62 einzuflechten.
886 2357 97 60 Da
1022 2381 61 37 es
1125 2360 105 58 sich
1272 2361 139 59 nicht
1450 2385 97 37 um
1595 2364 269 62 lehrhafte
1905 2368 480 80 Beschreibungen
2427 2371 250 74 handelt,

442 2444 90 61 die
571 2446 245 75 objektiv
854 2450 182 75 gelten
1078 2451 223 71 wollen,
1342 2454 246 61 sondern
1632 2481 95 35 um
1769 2458 90 61 die
1900 2459 360 81 Schilderung
2300 2465 376 77 persönlicher

440 2536 317 64 Eindrücke
797 2542 116 59 und
953 2543 343 72 Erlebnisse,
1337 2571 122 37 war
1500 2549 153 60 wohl
1694 2550 140 61 oder
1873 2552 132 62 übel
2037 2555 137 60 auch
2208 2573 183 45 etwas
2425 2582 118 38 von
2579 2561 101 59 der

439 2630 210 61 Person
691 2633 99 60 des
831 2634 357 64 Erlebenden
1229 2662 74 37 zu
1343 2663 191 54 sagen.
1577 2642 433 80 Erinnerungen
2043 2648 127 60 sind
2203 2648 203 64 Stücke
2441 2676 237 39 unseres

439 2722 240 71 Lebens,
720 2726 117 59 und
876 2728 138 60 nicht
1052 2729 182 75 jedem
1275 2732 142 60 wird
1449 2756 61 37 es
1543 2733 172 74 leicht,
1755 2736 211 63 solches
2002 2740 213 71 davon,
2255 2766 125 38 was
2414 2754 98 52 mit
2546 2746 131 62 dem

440 2825 231 66 eigenen
706 2817 367 81 Werdegang
1112 2831 54 52 in
1199 2841 222 60 engster
1454 2826 380 81 Verbindung
1867 2832 185 70 stand,
2086 2834 150 62 ohne
2269 2836 405 79 Bezugnahme

440 2907 108 60 auf
581 2909 190 62 diesen
811 2916 356 60 mitzuteilen.

517 3001 132 61 Den
691 3004 237 79 Anfang
969 3008 97 59 der
1098 3008 429 81 Erinnerungen
1562 3015 188 61 mache
1783 3016 91 61 die
1905 3018 411 82 Beschreibung
2358 3024 99 61 der
2490 3027 188 71 Reise,

439 3093 90 61 die
561 3095 133 60 mich
727 3107 74 50 im
831 3099 161 76 Jahre
1031 3102 145 59 1878
1209 3104 108 59 auf
1342 3104 138 62 über
1503 3117 144 52 zwei
1671 3109 333 76 Jahrzehnte
2029 3122 84 53 ins
2140 3116 273 63 Ausland
2437 3119 237 63 brachte.

439 3187 97 61 Sie
586 3189 248 62 schildert
873 3201 160 53 einen
1073 3218 115 37 von
1230 3196 205 62 Vielen
1483 3203 460 78 zurückgelegten
1994 3206 158 80 Weg
2203 3211 118 59 und
2369 3213 149 60 weiß
2559 3237 117 37 von

438 3278 218 64 keinem
682 3282 405 65 Vorkommnis
1120 3311 72 37 zu
1223 3290 292 71 berichten,
1548 3292 104 61 das
1686 3319 74 37 an
1793 3298 107 59 sich
1934 3300 174 61 selbst
2131 3301 278 63 Interesse
2442 3328 232 56 erregen

439 3371 224 65 könnte.
699 3376 112 61 Die
837 3377 411 81 Berechtigung,
1273 3406 113 37 von
1416 3384 81 60 ihr
1521 3409 75 37 zu
1620 3387 193 73 reden,
1837 3390 207 76 glaube
2070 3395 72 60 ich
2173 3395 209 62 daraus
2409 3399 267 77 schöpfen

438 3486 73 40 zu
552 3466 221 74 dürfen,
815 3470 109 61 daß
964 3471 99 62 der
1102 3476 349 61 wesentliche
1489 3474 126 66 Teil
1663 3481 184 63 dieser
1887 3484 179 63 Fahrt
2117 3490 132 59 nach
2301 3490 129 61 dem
2472 3491 200 64 Süden

438 3566 54 51 in
542 3570 152 52 einer
744 3563 201 63 Weise
992 3591 105 36 vor
1145 3569 106 60 sich
1299 3579 146 69 ging,
1494 3571 91 63 die
1633 3574 100 61 der
1780 3575 263 82 heutigen
2088 3580 356 65 Generation
2486 3588 188 61 unbe=

439 3650 170 64 kannt
650 3664 86 52 ist.
781 3657 179 63 Sollte
1000 3678 60 43 es
1102 3671 103 50 mir
1251 3663 276 79 gelungen
1568 3676 140 62 sein,
1759 3686 179 47 etwas
1980 3697 116 37 von
2138 3674 130 63 dem
2309 3678 172 62 tiefen
2524 3679 117 63 Ein-

439 3743 184 75 druck,
674 3749 109 61 den
833 3761 81 52 sie
962 3754 107 60 auf
1108 3756 132 59 mich
1290 3758 229 71 machte,
1568 3759 128 63 dem
1736 3763 175 62 Leser
1961 3767 309 64 erkennbar
2311 3795 75 37 zu
2427 3776 247 70 machen,

438 3858 68 39 so
547 3842 142 61 wird
730 3866 61 38 er
830 3855 102 50 mir
971 3847 264 62 vielleicht
1275 3851 316 74 verzeihen,
1640 3879 168 38 wenn
1851 3860 75 59 ich
1968 3870 83 52 sie
2090 3871 99 52 mit
2228 3874 154 52 einer
2423 3867 253 64 Anleihe

438 3951 72 38 an
552 3941 86 52 ein
680 3936 322 65 berühmtes
1044 3941 146 61 Buch
1232 3942 82 63 als
1356 3954 180 53 meine
1578 3949 402 78 empfindsame
2019 3954 169 63 Reise
2230 3956 311 68 bezeichne.
