3178 4572
568 471 123 52 1438

1254 477 147 48 Peter
1429 495 102 30 van
1562 478 120 48 Pier
1710 502 8 10 •
1757 478 113 50 Der
1898 479 218 60 Propßet

569 661 210 71 wußte,
818 662 89 61 bei
946 662 145 61 allen
1129 663 204 77 geliebt
1372 665 118 59 und
1528 666 248 76 geachtet
1815 691 137 36 war.
2013 667 163 62 Gern
2224 668 262 63 besudite
2534 696 131 37 man
2708 673 90 63 die

567 752 192 71 Feste,
800 754 88 60 die
938 776 59 38 er
1044 764 192 52 seinen
1286 756 306 62 Freunden
1641 766 54 52 in
1745 769 212 51 seinem
2006 770 360 70 geräumigen
2416 762 203 63 Hause
2665 789 133 38 ver*

567 846 298 61 anstaltete
906 846 115 61 und
1062 847 90 61 die
1193 850 105 60 sich
1341 849 164 61 durch
1548 854 492 75 ausgezeichneten
2083 854 339 62 Geschmack
2464 856 118 61 und
2622 859 176 76 große

564 939 276 61 Kenntnis
859 940 573 64 wohlschmeckender
1441 944 213 61 Weine
1678 945 118 61 und
1815 945 259 63 Gerichte
2100 949 437 62 auszeichneten.
2563 952 234 61 Dauer*»

562 1049 92 44 ten
696 1033 154 61 diese
889 1033 176 62 Feste
1105 1037 134 59 auch
1282 1037 80 61 oft
1401 1038 85 61 bis
1527 1048 54 51 in
1623 1039 110 61 den
1773 1039 270 79 Morgen,
2084 1042 117 59 und
2241 1066 122 38 war
2403 1044 102 61 das
2538 1044 259 64 fröhliche

559 1124 215 61 Lachen
817 1126 99 61 der
958 1128 187 61 Gäste
1185 1131 84 61 bis
1311 1132 108 61 auf
1452 1132 90 61 die
1585 1132 196 62 Gasse
1829 1157 74 37 zu
1952 1135 198 71 hören,
2200 1160 67 37 so
2318 1137 154 61 hatte
2521 1138 136 61 doch
2707 1147 90 54 nie

560 1227 124 51 eine
709 1220 302 63 liederliche
1035 1223 158 61 Frau
1220 1225 213 61 Zutritt
1457 1250 74 37 zu
1557 1226 191 62 diesen
1776 1226 260 79 Gelagen
2060 1228 304 78 gefunden,
2390 1231 119 61 und
2525 1232 269 63 Valerius

559 1310 131 62 hielt
714 1329 222 62 strenge
963 1315 221 71 darauf,
1212 1317 108 63 daß
1357 1319 324 78 Gespräche
1706 1320 117 61 und
1849 1321 230 61 Scherze
2106 1322 452 79 wohlanständig
2582 1349 211 38 waren.

634 1405 246 64 Manche
926 1409 220 62 Mutter
1187 1410 153 62 hätte
1381 1411 112 63 ihm
1533 1435 135 55 gern
1710 1413 82 61 ihr
1832 1414 155 61 Kind
2027 1416 267 77 gegeben.
2338 1416 167 61 Aber
2521 1419 271 62 Valerius

557 1498 166 62 liebte
765 1509 89 52 ein
887 1502 284 63 Mädchen
1206 1528 232 38 namens
1474 1505 199 78 Sigrid,
1707 1507 90 61 die
1830 1516 54 52 in
1918 1517 151 51 einer
2102 1526 150 43 etwa
2285 1509 271 62 fünfzehn
2577 1512 217 62 Meilen

557 1594 313 62 entfernten
913 1597 167 61 Stadt
1119 1599 163 61 lebte,
1326 1599 151 61 Ihrer
1494 1601 390 78 Vereinigung
1916 1617 214 46 setzten
2164 1603 106 61 sich
2304 1603 137 62 aber
2465 1604 331 79 Schwierig*»

557 1687 182 62 keiten
775 1707 295 61 entgegen,
1104 1692 89 61 die
1226 1695 140 58 nicht
1397 1695 139 76 groß
1568 1717 186 56 genug
1786 1720 212 46 waren,
2032 1696 111 61 daß
2176 1706 89 52 ein
2299 1698 495 63 Romanschreiber

559 1780 173 62 damit
773 1782 157 61 mehr
972 1785 81 61 als
1096 1785 211 78 dreißig
1347 1786 190 62 Seiten
1579 1787 152 61 hätte
1775 1787 174 61 füllen
1980 1787 225 63 können
2316 1791 138 76 groß
2486 1814 188 56 genug
2705 1801 89 51 in*»

558 1874 225 72 dessen,
825 1900 96 37 um
963 1877 110 61 den
1114 1880 323 61 Liebenden
1486 1883 189 59 manch
1725 1881 298 62 schlaflose
2064 1883 189 62 Nacht
2300 1908 75 37 zu
2422 1888 370 59 verursachen

557 1968 118 59 und
715 1969 165 61 ihnen
924 1973 263 59 manchen
1228 1973 240 61 Seufzer
1508 1999 75 36 zu
1623 1975 303 61 entlocken.

634 2062 83 61 So
759 2064 242 78 empfing
1040 2067 150 59 dann
1234 2067 269 62 Valerius
1555 2078 151 52 eines
1747 2069 278 78 Morgens
2068 2078 161 53 einen
2271 2070 156 61 Brief
2463 2072 232 77 Sigrids,
2736 2082 55 52 in

555 2154 129 61 dem
726 2164 81 53 sie
847 2157 94 61 ihn
976 2176 165 44 unter
1180 2161 181 61 vielen
1402 2161 290 62 zärtlichen
1738 2162 245 61 Worten
2023 2162 116 71 bat,
2187 2187 75 37 zu
2304 2163 128 62 dem
2472 2164 319 79 Propheten

553 2274 73 37 zu
667 2251 199 76 gehen,
908 2252 205 62 dessen
1155 2255 188 59 Ruhm
1383 2279 73 37 an
1498 2256 118 60 ihre
1641 2256 202 61 Ohren
1884 2256 331 77 gekommen
2257 2267 102 61 sei,
2399 2258 118 61 und
2558 2258 93 61 ihn
2694 2284 97 37 um

554 2342 145 63 ihrer
732 2344 201 62 beiden
967 2345 255 62 Zukunft
1254 2371 75 37 zu
1362 2347 283 79 befragen,
1673 2349 270 61 Valerius
1979 2366 339 46 antwortete
2350 2351 84 61 ihr
2468 2351 323 78 folgender*»

553 2438 227 62 maßen:

1300 2584 240 77 »Sigrid,

629 2731 109 52 wie
785 2746 266 53 grausam
1101 2732 70 54 ist
1220 2723 88 63 die
1358 2725 223 71 Natur,
1632 2725 110 62 daß
1792 2735 82 52 sie
1923 2749 107 38 uns
2079 2750 134 37 zum
2261 2727 192 61 Leben
2512 2727 138 61 auch
2699 2727 90 62 die

630 2815 319 62 Gedanken
990 2817 125 78 gab.
1161 2819 172 60 Denn
1367 2827 81 52 sie
1480 2819 223 60 können
1738 2819 87 60 bei
1858 2820 107 59 Dir
1997 2827 139 63 sein.
2170 2820 138 59 Dich
2342 2820 272 70 erfassen,
2647 2820 142 61 lieb*»

628 2909 178 61 kosen
847 2910 119 61 und
1005 2911 235 71 küssen,
1289 2921 103 52 mir
1441 2913 105 60 alle
1589 2913 309 62 Sehnsucht
1945 2914 134 61 nach
2120 2914 108 61 Dir
2277 2914 352 61 brennender
2670 2915 118 60 und

629 3003 189 62 heißer
864 3005 301 76 gestalten,
1216 3005 75 61 da
1338 3006 75 60 ich
1462 3006 616 78 Bedauernswürdiger
2125 3031 108 36 nur
2272 3015 89 52 ein
2402 3006 149 63 Blatt
2590 3008 199 78 Papier

628 3121 72 37 an
742 3107 183 51 meine
966 3098 214 80 Lippen
1223 3099 198 61 führen
1463 3100 167 70 kann,
1670 3099 130 62 weil
1842 3123 60 38 es
1943 3109 103 52 mir
2086 3099 259 62 wertvoll
2387 3099 200 62 wurde
2622 3102 165 59 durch

626 3192 89 60 die
756 3191 333 78 Berührung
1128 3193 216 61 Deiner
1391 3193 192 62 Hand,
1644 3194 81 60 Ich
1775 3194 143 60 liebe
1966 3194 165 70 Dich,
2181 3193 208 78 Sigrid,
2439 3193 142 61 liebe
2628 3194 159 70 Dich,

626 3294 112 50 wie
779 3285 76 59 ich
897 3294 183 52 meine
1103 3286 216 77 Augen
1361 3286 163 74 liebe,
1564 3286 73 61 da
1678 3296 81 52 sie
1800 3287 138 60 Dich
1980 3295 102 52 mir
2121 3295 214 68 zeigen,
2375 3295 183 52 meine
2590 3287 195 70 Hand,

628 3377 75 61 da
742 3387 83 53 sie
865 3381 134 59 mich
1040 3380 139 61 Dich
1222 3380 211 71 fühlen,
1475 3390 220 52 meinen
1735 3380 214 71 Mund,
1990 3380 75 61 da
2114 3404 59 37 er
2222 3381 134 60 mich
2397 3380 138 61 Dich
2577 3380 207 61 küssen

626 3471 129 63 läßt.
814 3473 193 69 Alles,
1057 3497 123 38 was
1231 3474 102 60 Du
1381 3497 117 38 von
1548 3483 101 51 mir
1698 3473 268 71 forderst,
2007 3473 212 77 Sigrid,
2261 3473 112 61 will
2413 3473 77 61 ich
2531 3473 254 69 erfüllen,

628 3565 134 61 aber
803 3567 151 61 Dein
996 3567 276 72 Wunsch,
1321 3568 109 61 den
1471 3568 315 79 Propheten
1835 3592 75 37 zu
1959 3568 297 77 befragen,
2303 3577 71 51 ist
2422 3565 360 63 unerfüllbar.

629 3658 60 60 In
731 3658 99 61 der
869 3655 114 65 Tat
1021 3661 115 60 lebt
1184 3671 55 50 in
1289 3683 233 38 unserer
1569 3661 165 60 Stadt
1783 3669 87 51 ein
1910 3659 366 80 Apotheker,
2327 3658 98 62 der
2473 3658 90 61 die
2613 3658 171 62 Gabe

630 3752 98 61 des
760 3753 410 79 Prophezeiens
1203 3753 250 62 besitzen
1488 3753 120 62 soll.
1645 3755 84 60 Ich
1761 3755 174 60 lernte
1969 3753 93 61 ihn
2095 3753 218 61 kennen
2349 3751 118 62 und
2507 3753 276 70 schätzen,

630 3843 145 61 denn
817 3869 58 37 er
915 3855 70 52 ist
1025 3856 89 52 ein
1162 3847 273 78 gelehrter
1484 3848 151 60 Herr
1684 3847 118 61 und
1852 3847 146 61 weiß
2048 3846 190 61 manch
2290 3843 320 63 lehrreiches
2655 3845 130 62 Ge*»

630 3939 187 75 spräch
859 3964 74 36 zu
974 3940 216 62 führen.
1235 3941 112 61 Als
1388 3942 75 60 ich
1504 3965 107 37 vor
1653 3950 257 68 wenigen
1936 3936 199 81 Tagen
2176 3963 107 38 vor
2323 3937 109 63 den
2458 3934 193 66 Toren
2685 3939 99 62 der
