3305 4572
2548 494 122 50 1423

1021 512 228 51 Eduard
1267 512 263 49 Bernstein
1553 531 8 11 *
1590 506 176 52 Vötöer
1793 524 66 30 zu
1882 504 184 49 Hause

436 708 108 58 den
593 704 282 77 Vergleich
923 713 98 51 mit
1067 711 182 67 jenem
1298 700 146 60 alten
1485 695 225 63 Tunnel
1749 695 154 61 wohl
1945 691 294 62 aushalten
2282 689 167 61 kann.
2510 684 161 62 Über

437 800 103 60 alle
587 797 401 76 Beschreibung
1035 795 200 60 hinaus
1283 791 470 61 bewahrheiteten
1802 788 252 77 dagegen
2105 784 88 61 die
2233 778 439 66 Teufelsbrücke

437 893 116 60 und
601 894 89 59 die
738 891 321 62 Schöllenen
1108 888 152 61 ihren
1301 885 130 61 Ruf.
1491 885 141 60 Von
1674 885 98 59 der
1811 882 240 78 prächtig
2091 880 212 60 breiten
2347 870 324 68 Gotthard*

436 987 184 61 Straße
675 986 167 61 selbst
898 1007 104 36 aus
1066 982 241 77 gesehen
1372 981 302 58 erweckten
1739 985 80 52 sie
1867 998 156 37 zwar
2070 997 107 37 nur
2232 968 440 75 Bewunderung

437 1078 117 61 und
601 1080 240 59 schönen
889 1076 253 61 Schauer,
1200 1072 200 61 Blickte
1448 1094 131 37 man
1628 1070 134 59 aber
1809 1070 167 58 hinab
2026 1067 105 60 auf
2171 1066 89 61 die
2301 1065 126 68 alte,
2472 1085 199 38 säum*

437 1171 310 76 pfadartige
796 1169 216 70 Straße,
1062 1167 89 59 die
1197 1189 74 36 zu
1320 1162 247 63 Schillers
1616 1162 132 60 Zeit
1795 1162 137 59 über
1979 1160 108 59 den
2131 1156 291 63 Gotthard
2463 1155 204 70 führte,

438 1265 117 59 und
593 1264 112 60 läßt
744 1287 131 35 man
917 1270 53 50 in
1014 1260 97 60 der
1152 1259 299 60 Phantasie
1482 1255 323 60 Wanderer
1843 1263 99 50 mit
1980 1252 309 61 beladenen
2322 1250 346 61 Maultieren

438 1360 188 56 diesen
673 1355 144 59 alten
857 1353 148 76 Weg
1044 1350 213 70 ziehen,
1301 1349 151 60 dann
1486 1346 296 78 empfindet
1814 1371 132 35 man
1980 1345 135 61 auch
2146 1345 89 60 die
2268 1344 400 75 Berechtigung

438 1449 99 60 des
575 1448 241 61 Verses:

723 1542 155 57 »Am
918 1538 286 76 Abgrund
1244 1536 148 61 leitet
1433 1536 96 58 der
1569 1534 393 61 schwindlichte
2002 1532 172 77 Weg,

716 1633 87 59 Er
842 1632 151 60 führt
1033 1631 270 60 zwischen
1345 1628 193 61 Leben
1580 1627 117 61 und
1736 1626 253 70 Sterben,

716 1725 88 60 Es
846 1747 229 54 sperren
1117 1724 90 59 die
1246 1722 203 60 Riesen
1491 1722 109 59 den
1642 1729 286 52 einsamen
1967 1717 157 78 Weg

716 1819 141 60 lind
898 1818 213 59 drohen
1153 1816 107 60 Dir
1301 1824 143 67 ewig
1485 1814 352 70 Verderben,

718 1912 141 61 Und
898 1910 163 61 willst
1100 1910 102 60 Du
1242 1909 88 60 die
1371 1908 311 61 schlafende
1722 1907 204 59 Löwin
1967 1905 139 60 nicht
2145 1904 242 70 wecken.

719 2006 81 61 So
841 2003 223 61 wandle
1104 2003 105 61 still
1250 2003 164 58 durch
1456 2002 89 61 die
1585 2001 200 60 Straße
1825 1999 98 60 der
1964 1998 311 61 Schrecken.

518 2101 132 60 Von
718 2108 181 67 jenem
963 2097 272 60 schmalen
1294 2094 154 78 Weg
1514 2117 103 37 aus
1673 2093 132 61 muß
1861 2092 232 61 wirklich
2150 2091 90 59 die
2296 2087 374 62 erdrückende

440 2194 202 59 Wucht
681 2192 99 60 der
819 2190 421 77 überragenden
1275 2187 385 61 Granitriesen
1702 2187 117 59 und
1858 2187 89 59 die
1986 2183 186 70 wilde,
2210 2183 163 77 jeden
2414 2181 256 61 mensch*

440 2288 165 59 liehen
645 2284 366 63 Widerstand
1050 2281 249 80 spielend
1339 2280 376 77 beseitigende
1748 2279 231 62 Gewalt
2012 2279 98 59 der
2141 2277 89 60 die
2262 2274 406 63 Felsschrolfen

438 2388 108 52 wie
572 2378 296 78 gepeitscht
890 2374 441 79 hinabjagenden
1357 2374 160 60 Reuß
1539 2371 154 78 jedes
1718 2373 208 59 andere
1943 2370 215 62 Gefühl
2183 2370 178 59 hinter
2394 2368 128 59 dem
2555 2368 115 58 Be*

440 2473 274 60 wußtsein
742 2472 96 59 der
864 2469 222 64 Gefahr
1109 2467 471 77 zurückgedrängt
1605 2465 201 71 haben,
1832 2464 118 61 und
1974 2474 103 51 wir
2099 2464 315 69 verstehen,
2450 2470 111 51 wie
2594 2469 76 51 im

440 2566 354 59 Bewußtsein
836 2564 98 59 der
972 2562 308 61 Menschen
1321 2559 248 61 früherer
1599 2558 399 78 Jahrhunderte
2032 2557 151 61 diese
2215 2557 316 76 Bergpässe
2564 2577 107 37 nur

442 2658 80 61 als
567 2657 269 62 »Straßen
878 2657 98 59 der
1015 2655 328 61 Schrecken«
1390 2653 194 60 lebten.

518 2752 60 59 In
621 2750 258 61 Goethes
915 2749 198 59 »Reise
1146 2756 54 51 in
1233 2747 89 60 die
1355 2745 264 70 Schweiz,
1656 2745 186 59 1797«
1886 2743 231 61 ersehen
2160 2751 121 62 wir,
2322 2765 96 37 wo
2461 2764 59 37 er
2563 2741 109 60 den

442 2845 158 76 Weg
640 2844 103 59 auf
770 2844 106 58 den
922 2840 283 63 Gotthard
1245 2839 319 70 beschreibt,
1604 2848 109 50 wie
1754 2837 80 60 oft
1867 2836 216 61 damals
2107 2836 415 75 Verschüttung
2554 2856 118 39 von

442 2934 302 63 Teilendes
755 2937 215 74 Weges
988 2934 162 60 durch
1170 2931 494 63 herabstürzendes
1675 2930 237 62 Gestein
1931 2930 436 78 vorgekommen
2385 2937 117 52 sein
2520 2926 152 61 muß.

521 3032 192 59 Heute
744 3032 195 73 spricht
969 3051 131 37 man
1125 3051 115 37 von
1266 3025 272 60 Lawinen
1566 3024 109 60 fast
1699 3033 108 51 wie
1833 3047 115 37 von
1974 3023 334 77 gezähmten
2333 3022 338 61 Löwinnen.

445 3126 111 58 Die
597 3123 255 69 Straßen,
892 3122 105 60 auf
1030 3122 169 58 deren
1240 3118 211 61 Höhen
1484 3127 81 51 sie
1597 3118 212 70 lauern,
1842 3118 199 59 dienen
2075 3117 129 60 dem
2228 3116 252 61 Verkehr
2512 3123 164 51 meist

445 3241 105 37 nur
581 3227 55 50 in
667 3217 386 78 Jahreszeiten,
1086 3236 95 37 wo
1214 3213 88 60 die
1334 3212 274 60 Lawinen
1641 3211 258 60 bildende
1929 3211 322 76 Loslösung
2280 3232 118 37 von
2431 3207 245 62 Schnee*

446 3334 221 37 massen
715 3331 66 39 so
829 3309 172 59 selten
1043 3307 338 69 vorkommt,
1420 3312 108 52 wie
1578 3304 101 60 das
1720 3304 364 60 Ausbrechen
2134 3326 115 37 von
2298 3302 222 60 Löwen
2572 3323 104 36 aus

446 3404 385 76 Menagerien.
883 3403 110 59 Die
1042 3400 294 61 Schrecken
1384 3399 100 58 der
1522 3396 198 61 Natur
1759 3398 227 59 werden
2027 3396 405 70 überwunden,
2474 3417 203 38 unsere

447 3498 106 60 sich
600 3497 353 61 Zivilisation
1001 3494 293 60 nennende
1343 3491 207 61 Kultur
1597 3491 185 60 rühmt
1829 3491 105 60 sich
1984 3491 199 60 dessen
2240 3490 145 60 stolz
2434 3489 119 60 und

447 3589 305 61 überbietet
807 3597 78 53 sie
932 3587 249 77 zugleich.
1222 3585 132 61 Wir
1401 3596 226 49 müssen
1675 3583 446 62 Zehntausende
2168 3583 119 60 und
2334 3582 345 61 Aberzehn*

448 3685 272 58 tausende
769 3705 116 38 von
934 3681 195 77 Jahren
1179 3678 611 73 zurückkonstruieren,
1838 3702 96 36 um
1984 3677 108 61 auf
2131 3676 426 77 Katastrophen
2606 3697 75 38 zu

450 3777 223 73 stoßen,
722 3800 95 37 wo
866 3775 414 61 blindwütende
1330 3773 296 60 Elemente
1674 3796 66 37 so
1788 3772 110 61 viel
1945 3772 354 76 Zerstörung
2347 3770 333 61 anrichteten

450 3870 117 58 und
605 3869 194 61 Leben
838 3878 322 61 zerstörten,
1202 3875 109 51 wie
1353 3890 59 37 es
1444 3890 114 36 nun
1594 3889 114 37 von
1741 3865 499 61 Kulturmenschen
2275 3872 54 51 in
2365 3864 98 61 der
2496 3862 187 63 Kata*

451 3963 226 76 Strophe
718 3963 289 77 geschieht,
1049 3963 88 59 die
1177 3970 103 52 wir
1322 3963 80 58 als
1443 3960 411 78 Zeitgenossen
1896 3960 237 61 erleben.
