3326 4572
1073 439 185 61 Alfred
1275 438 171 48 Lemm
1482 457 8 11 •
1524 432 105 50 Dei
1666 429 142 49 Herr
1832 432 93 45 mit
1952 426 91 48 der
2066 422 178 64 gelßen
2267 421 162 50 Bride

641 447 121 50 1498

757 644 53 50 in
852 632 96 61 der
980 625 244 78 Gegend
1263 646 116 38 von
1411 618 358 75 Neuenburg
1809 614 271 61 wohnten
2123 619 151 53 seine
2315 608 289 62 sichersten
2631 607 239 62 Wähler

755 749 130 38 man
927 719 178 64 schloß
1148 716 104 62 sich
1295 730 179 60 erregt
1515 712 112 60 ihm
1670 734 87 37 an.
1802 706 234 79 Jawohl,
2077 727 131 39 man
2249 711 79 52 sei
2370 700 165 62 schon
2578 708 103 52 seit
2723 708 149 52 einer

640 842 214 57 ganzen
886 815 131 61 Zeit
1058 811 105 61 auf
1195 819 161 66 jenen
1390 805 306 62 Menschen
1732 800 372 63 aufmerksam
2137 795 320 80 geworden.
2500 793 150 60 Man
2683 793 191 61 wüßte

640 910 230 64 wirklich
910 907 154 69 nicht,
1107 926 125 38 was
1277 924 131 37 man
1450 899 191 61 davon
1684 895 216 61 denken
1942 893 172 61 sollte.

720 1002 140 62 »Na
900 999 194 70 eben,«
1140 1004 281 54 stimmten
1463 992 104 61 alle
1596 992 226 59 Damen
1855 988 104 59 bei.
1991 987 88 60 Es
2112 993 151 53 seien
2297 983 117 59 hier
2437 980 437 75 Vermutungen

642 1121 89 37 am
779 1096 205 67 Platze,
1036 1092 89 60 die
1173 1114 132 35 man
1346 1086 166 62 lieber
1561 1084 138 61 nicht
1747 1083 116 60 laut
1912 1078 365 80 aussprechen
2325 1074 207 62 wollte.
2584 1072 292 78 Jedenfalls

640 1190 184 61 könne
863 1186 129 61 dem
1035 1182 320 78 auffälligen
1388 1180 185 59 Herrn
1608 1177 127 61 dort
1768 1176 138 59 nicht
1938 1171 270 78 dringend
2239 1191 186 57 genug
2465 1182 227 62 geraten
2725 1187 153 38 wer*

642 1285 126 67 den,
824 1280 105 62 sich
985 1289 55 51 in
1083 1277 147 61 Acht
1279 1300 72 36 zu
1408 1274 257 61 nehmen.
1724 1271 115 61 Ein
1888 1267 242 62 Student
2178 1274 98 52 mit
2324 1271 180 53 einem
2554 1258 184 64 scharf
2781 1282 102 54 ge*

640 1375 307 64 schliffenen
1004 1371 252 70 Kneifer,
1314 1369 97 61 der
1458 1375 152 52 seine
1658 1387 178 55 ganze
1888 1362 131 60 freie
2062 1360 130 61 Zeit
2248 1366 97 52 mit
2394 1361 486 73 gemeinnützigen

640 1470 225 75 Dingen
908 1465 259 61 ausfüllte
1209 1463 118 61 und
1368 1460 135 61 auch
1547 1459 105 60 auf
1686 1458 97 59 der
1825 1454 198 63 Straße
2063 1463 194 51 immer
2305 1449 134 61 nach
2480 1446 218 64 solchen
2742 1468 138 38 aus*

641 1563 239 70 schaute,
906 1559 182 76 schlug
1121 1566 98 52 mit
1243 1564 210 54 seinem
1479 1549 380 83 Spazierstoch
1886 1547 100 62 auf
2009 1547 100 61 das
2135 1545 245 69 Pflaster,
2408 1542 110 60 daß
2554 1563 58 38 es
2648 1539 236 71 schallte,

644 1656 116 61 und
800 1653 124 63 rief:
981 1653 160 60 »Das
1185 1661 68 51 ist
1294 1648 208 61 wieder
1543 1656 115 51 eins
1702 1669 113 36 von
1864 1653 161 66 jenen
2067 1639 273 70 Insekten,
2384 1635 203 61 weihe
2638 1657 71 37 an
2752 1633 128 60 dem

644 1747 287 79 gesunden
971 1746 225 76 Körper
1238 1765 230 38 unseres
1507 1738 212 63 Volkes
1761 1737 267 61 fressen.«
2093 1732 118 61 »Ich
2251 1729 117 63 und
2409 1736 180 53 meine
2639 1727 241 69 Partei«,

646 1859 156 60 sagte
834 1840 410 61 Hildesheimer
1270 1851 195 61 erregt,
1503 1832 159 63 »sind
1686 1831 181 78 gewiß
1893 1829 139 60 nicht
2060 1827 86 61 für
2164 1825 565 73 Ausnahmegesetze
2839 1844 49 37 «.

644 1936 122 61 Der
790 1934 334 61 Militärarzt
1157 1930 226 62 Doktor
1407 1926 297 64 Bretzhold
1737 1925 146 60 hatte
1916 1930 189 53 seinen
2138 1917 338 78 viereckigen
2505 1912 383 79 Oberkörper,

645 2029 98 60 der
791 2028 162 60 durch
1004 2027 89 59 die
1143 2047 108 55 eng
1301 2047 98 37 um
1456 2022 89 59 die
1592 2019 234 61 Waden
1877 2014 362 79 anliegenden
2288 2008 404 77 Lederstulpen
2752 2005 136 61 noch

645 2122 292 76 mähtiger
985 2119 215 71 wurde,
1251 2142 73 37 zu
1371 2117 97 60 der
1516 2112 418 76 Ansammlung
1982 2104 559 80 hinübergeshoben.
2604 2102 86 59 Er
2740 2099 149 61 hatte

646 2226 122 51 eine
809 2222 284 70 grimmige
1127 2210 486 74 Gesihtsbildung
1652 2229 103 38 aus
1788 2204 107 63 viel
1929 2203 270 61 Knohen
2241 2198 117 62 und
2389 2197 229 71 Fleisch,
2660 2203 55 52 in
2757 2193 129 61 dem

650 2310 105 61 sih
805 2309 193 68 kleine,
1049 2329 165 38 nasse
1263 2305 214 76 Augen
1525 2302 150 61 ohne
1722 2300 170 61 Lider
1940 2297 244 61 shwarz
2234 2292 116 62 und
2408 2291 108 61 fast
2573 2290 164 76 lustig
2785 2310 107 38 vor

646 2400 409 78 Lebhaftigkeit
1078 2400 323 75 bewegten,-
1432 2419 57 37 er
1516 2404 202 52 meinte
1751 2415 125 37 nur:
1915 2387 307 64 »Lümmel.
2262 2385 370 62 Shutzmann
2667 2381 223 61 holen«.

725 2497 121 59 Der
885 2494 249 77 Jüngling
1176 2500 99 52 mit
1315 2491 99 60 der
1456 2488 202 78 gelben
1700 2485 162 61 Brille
1902 2484 179 62 shien
2127 2480 138 61 niht
2305 2503 72 37 zu
2425 2475 317 71 bemerken,
2785 2483 110 50 wie

649 2588 252 62 drohend
942 2588 88 61 die
1072 2587 320 75 Stimmung
1441 2607 97 37 um
1588 2582 92 59 ihn
1729 2578 213 62 wurde.
2004 2577 166 62 Seine
2221 2589 232 46 unteren
2497 2570 401 75 Gesihtszüge

649 2706 212 48 waren,
901 2690 201 53 soweit
1143 2704 131 35 man
1315 2678 117 61 dies
1482 2677 87 60 bei
1619 2676 98 59 der
1756 2672 375 75 Verdeckung
2179 2668 97 61 der
2317 2667 213 76 Augen
2580 2663 306 62 beurteilen

651 2777 225 70 konnte,
919 2784 98 52 mit
1056 2770 355 80 Traurigkeit
1450 2768 335 77 beschäftigt.

727 2870 111 61 Als
903 2869 99 59 der
1067 2866 378 62 Shutzmann
1501 2862 204 63 Lerhe
1761 2861 148 69 kam,
1967 2859 234 74 drängte
2265 2856 106 60 sih
2438 2852 132 61 alles
2629 2874 97 38 um
2784 2850 110 61 ihn.

652 2964 149 60 »Die
857 2984 178 56 ganze
1077 2960 185 70 Zeit«,
1324 2958 108 61 rief
1482 2980 147 47 man,
1696 2954 176 61 »steht
1921 2975 59 37 er
2029 2950 103 61 auf
2184 2947 319 61 demselben
2563 2944 165 62 bleck
2777 2942 118 63 und

651 3057 244 78 glupscht
928 3078 105 38 uns
1069 3053 163 61 durh
1257 3060 150 54 seine
1431 3060 213 68 grünen
1671 3048 213 77 Augen
1921 3069 88 37 an.
2030 3043 133 62 Wir
2194 3043 123 62 sind
2344 3041 133 61 doh
2513 3040 158 60 keine
2697 3038 196 62 Shul*

651 3149 267 79 jungen!«

734 3243 460 66 »Shutzmann,«
1237 3238 188 79 sprach
1467 3237 91 61 ihn
1601 3236 98 61 der
1728 3232 404 79 Abgeordnete
2165 3228 412 62 Hildesheimer
2618 3250 94 45 an,
2759 3222 133 62 »Sie

654 3339 181 59 haben
884 3359 106 38 uns
1033 3333 379 70 aufzuklären,
1463 3354 122 37 was
1634 3330 89 61 die
1765 3326 305 62 Absichten
2121 3325 180 61 dieses
2349 3321 309 62 Menshen
2707 3317 179 62 sind.«

734 3430 244 60 »Zuerst
1026 3429 96 59 hat
1162 3450 59 37 er
1263 3443 176 44 etwas
1488 3431 192 52 weiter
1729 3436 171 45 unten
1958 3417 320 80 gestanden.
2337 3413 133 64 Wir
2518 3413 224 60 können
2792 3410 106 59 be*

655 3547 229 53 zeugen,
928 3521 108 61 daß
1079 3544 57 38 er
1177 3535 110 46 erst
1327 3527 193 52 weiter
1559 3533 172 43 unten
1771 3513 309 78 gestanden
2122 3511 150 70 hat,«
2317 3509 205 62 shrien
2565 3506 219 61 andere,

735 3617 117 59 »Ih
894 3615 279 77 verlange,
1215 3613 109 61 daß
1368 3612 96 59 der
1497 3610 188 60 Mann
1719 3615 336 69 eingesperrt
2088 3604 195 70 wird,«
2328 3618 158 61 sagte
2519 3600 98 61 der
2653 3598 251 61 Militär*

660 3728 116 42 arzt
816 3709 117 61 fest.
994 3708 233 61 »Meine
1275 3707 227 60 Damen
1552 3703 116 61 und
1715 3702 257 59 Herren«
2135 3698 96 61 der
2274 3695 372 63 Shutzmann
2688 3689 210 62 Lerhe

659 3802 225 60 wandte
924 3802 106 59 den
1064 3800 166 77 Kopf
1263 3798 93 61 hin
1398 3796 117 62 und
1548 3796 110 61 her,
1709 3793 130 62 »Sie
1874 3801 201 53 wissen
2112 3791 120 68 alle,
2276 3797 106 52 wie
2415 3810 134 54 gern
2584 3793 102 51 wir
2719 3783 173 60 Ihnen

660 3894 216 77 gefällig
917 3896 123 59 sind
1079 3892 117 61 und
1238 3891 367 61 einshreiten.
1652 3890 170 58 Dazu
1855 3895 54 52 in
1944 3894 179 52 einem
2156 3882 126 61 Faß
2317 3890 106 52 wie
2457 3880 224 59 diesem.
2729 3875 166 60 Aber
