3294 4572
1002 535 228 49 Eduard
1247 537 261 50 Bernstein
1529 563 8 11 *
1566 539 178 50 Vöfßer
1770 558 68 30 zu
1868 541 186 48 Hause

2528 542 124 52 1417

496 719 120 59 Am
663 721 85 60 14.
787 721 262 62 Oktober
1089 748 260 54 morgens
1392 726 200 62 fuhren
1634 738 104 52 wir
1777 739 55 51 in
1866 730 168 61 Basel
2076 740 87 52 ein
2208 731 118 61 und
2366 755 117 38 von
2526 732 129 63 dort

414 810 140 61 über
595 811 174 62 Olten
809 815 132 60 nach
981 815 222 62 Luzern
1245 828 210 53 weiter.
1499 820 141 61 Von
1681 823 223 61 Luzern
1947 823 126 62 hieß
2115 847 61 39 es
2209 849 76 37 zu
2319 825 172 62 Schilf
2516 829 135 58 nach

413 903 236 62 Flüelen
708 906 193 63 fahren
958 910 117 60 und
1131 910 150 63 dann
1338 922 53 51 in
1449 914 100 61 der
1594 915 362 64 Postkutsche
2004 919 141 61 über
2194 919 109 61 den
2363 919 288 64 Gotthard

409 1014 212 54 setzen,
648 999 144 61 denn
828 1002 91 59 die
952 1003 434 64 Gotthardbahn
1413 1031 120 37 war
1559 1026 111 43 erst
1695 1018 73 52 im
1794 1011 275 64 Werden.
2107 1012 541 77 Glücklicherweise,

407 1088 147 61 kann
596 1093 74 59 ich
712 1092 355 80 hinzufügen.
1118 1097 171 61 Denn
1340 1100 210 60 diesem
1593 1102 288 62 Umstand
1927 1106 292 62 verdanke
2260 1108 76 60 ich
2378 1119 127 52 eine
2545 1110 101 62 der

408 1185 291 59 schönsten
741 1186 428 81 Erinnerungen
1211 1201 209 52 meines
1461 1194 244 63 Lebens.

483 1276 113 61 Die
637 1296 184 44 ersten
860 1281 335 73 Eindrücke,
1237 1285 91 61 die
1368 1286 75 60 ich
1477 1287 164 61 durch
1684 1289 103 61 das
1822 1290 444 79 Wagenfenster
2299 1296 118 60 und
2450 1308 191 67 später

408 1369 108 58 auf
549 1369 127 61 dem
710 1371 171 61 Schiff
903 1398 116 37 von
1061 1375 98 61 der
1199 1376 249 64 Schweiz
1490 1381 258 78 empfing,
1789 1407 193 38 waren
2025 1385 253 79 dagegen
2319 1399 125 52 eine
2485 1392 114 59 Ent-

412 1463 322 77 täuschung,
785 1465 122 61 Der
955 1468 248 79 Morgen
1251 1496 122 35 war
1422 1474 224 61 naßkalt
1695 1477 118 59 und
1861 1478 249 72 neblicht,
2159 1482 119 59 und
2327 1483 102 62 das
2472 1484 167 63 Vor*

402 1553 315 77 alpenland,
743 1557 102 61 das
879 1568 102 51 wir
1011 1564 264 60 zunächst
1307 1566 370 63 durchfuhren
1804 1571 233 61 seitdem
2071 1582 99 51 mit
2200 1585 212 52 seinem
2438 1577 199 61 Reich*

403 1662 121 43 tum
581 1671 72 37 an
709 1652 230 60 reizvoll
995 1657 383 61 wechselnden
1436 1661 576 65 Landschaftsbildern
2062 1682 138 46 stets
2246 1670 213 61 wieder
2515 1696 118 37 von

400 1737 235 62 Neuem
677 1751 145 51 mein
864 1743 325 65 Entzücken
1340 1755 286 75 entsprach
1668 1778 146 53 ganz
1856 1757 117 61 und
2011 1782 101 54 gar
2152 1762 138 60 nicht
2323 1762 109 61 den
2467 1764 166 61 Vor*

400 1832 332 78 Stellungen,
774 1836 87 61 die
894 1849 181 52 meine
1107 1841 297 65 Phantasie
1437 1855 103 52 mir
1571 1872 116 37 von
1721 1849 314 65 Schweizer
2067 1854 216 77 Bergen
2317 1860 316 74 vorgemalt

399 1922 163 63 hatte.
606 1926 118 60 Mir
766 1929 167 61 fehlte
973 1933 135 59 noch
1141 1935 170 78 völlig
1343 1936 99 61 der
1472 1939 144 61 Blick
1651 1942 89 60 für
1773 1943 91 61 die
1895 1944 407 81 Abschätzung
2332 1973 118 37 von
2483 1952 148 77 Berg

400 2016 116 60 und
555 2016 126 73 Tal,
724 2022 116 59 und
879 2024 127 60 weil
1041 2027 88 59 die
1170 2028 344 65 erkennbare
1545 2033 176 62 Höhe
1754 2037 99 59 der
1884 2038 179 78 Berge
2096 2049 221 55 meinen
2351 2043 278 64 Voraus*

400 2126 308 62 Setzungen
757 2116 139 58 nicht
943 2121 302 75 entsprach,
1303 2132 295 70 entgingen
1640 2136 103 52 mir
1783 2129 89 60 die
1913 2129 368 65 Schönheiten
2325 2135 146 62 ihrer
2510 2138 118 61 Be*

397 2202 268 80 Waldung
705 2207 117 61 und
863 2208 89 61 die
991 2210 226 63 Anmut
1258 2215 99 61 des
1406 2227 83 51 sie
1531 2221 390 76 umgebenden
1963 2223 177 63 Feld*
2187 2227 118 61 und
2346 2229 280 63 Wiesen*

398 2293 213 65 landes.
663 2298 165 61 Auch
881 2301 97 61 der
1025 2303 123 78 Rigi
1199 2309 116 58 und
1364 2333 171 53 sogar
1583 2315 136 58 noch
1768 2315 99 61 der
1907 2317 211 63 Pilatus
2166 2320 221 63 blieben
2444 2324 183 62 hinter

393 2397 216 51 meinen
651 2391 416 81 Erwartungen
1108 2404 221 66 zurück,
1371 2425 172 40 wozu
1585 2406 295 79 allerdings
1923 2411 99 61 der
2054 2413 291 63 Umstand
2385 2417 239 78 beitrug,

392 2479 109 62 daß
543 2483 89 59 die
674 2484 260 63 höchsten
977 2489 193 79 Gipfel
1211 2494 180 61 dieser
1423 2495 179 79 Berge
1644 2500 164 61 durch
1843 2503 250 62 Gewölk
2133 2508 242 61 verhüllt
2407 2536 213 38 waren.

389 2573 113 61 Die
562 2588 332 67 ungünstige
950 2582 378 81 Beleuchtung
1375 2588 105 62 ließ
1538 2592 110 61 den
1697 2594 598 69 Vierwaltstädtersee
2350 2603 273 65 ebenfalls

389 2668 105 58 sich
522 2669 138 60 nicht
691 2672 231 76 sogleich
959 2684 54 51 in
1055 2687 181 52 seiner
1268 2681 185 61 vollen
1489 2683 298 65 Schönheit
1818 2691 284 62 entfalten.
2149 2695 164 61 Aber
2354 2700 266 61 nachdem

388 2768 103 51 wir
540 2761 332 64 Beckenried
921 2768 117 60 und
1089 2770 230 63 Gersau
1368 2775 179 62 hinter
1596 2803 106 38 uns
1745 2780 206 73 hatten,
2001 2785 174 63 klärte
2214 2790 107 60 sich
2364 2791 250 78 plötzlich

386 2852 103 60 das
530 2852 218 64 Wetter
781 2858 116 69 auf,
931 2862 115 59 und
1088 2865 81 58 als
1211 2866 101 60 das
1353 2866 363 81 Dampfboot
1748 2874 89 61 bei
1869 2875 264 63 Brunnen
2168 2889 54 52 in
2256 2883 109 61 den
2399 2884 220 74 letzten,

384 2945 108 61 den
558 2947 187 63 Urner
808 2946 122 66 Teil
992 2955 99 61 des
1156 2958 137 62 Sees
1358 2963 220 77 einbog,
1644 2969 255 61 entrollte
1955 2980 103 51 mir
2114 2974 180 61 dieser
2349 3002 137 46 nun,
2544 2989 74 51 im

384 3040 469 64 wundervollsten
902 3046 140 61 Blau
1091 3049 282 63 leuchtend
1429 3058 117 58 und
1594 3082 115 37 von
1764 3062 92 75 jäh
1913 3064 431 65 aufstrebenden
2401 3072 216 79 Bergen

381 3133 295 75 umgeben,
708 3144 96 52 mit
836 3138 127 61 dem
1002 3143 327 77 gewaltigen
1364 3145 107 63 Uri
1503 3148 263 64 Rotstock
1808 3154 116 61 und
1965 3157 127 61 dem
2133 3159 368 67 Bristenstock
2540 3173 77 54 im

380 3224 401 80 Hintergrund,
832 3241 87 51 ein
968 3256 66 38 so
1084 3234 385 68 hinreißendes
1514 3243 144 71 Bild,
1707 3247 110 61 daß
1874 3272 105 37 nur
2034 3261 86 51 ein
2178 3264 242 69 einziges
2476 3261 138 60 noch

380 3317 182 72 fehlte,
613 3344 95 36 um
766 3323 88 61 die
901 3326 411 82 Begeisterung,
1369 3335 88 59 die
1514 3337 106 61 sich
1677 3349 211 53 meiner
1941 3344 377 81 bemächtigte,
2375 3351 110 61 auf
2532 3354 83 61 ihr

380 3411 248 61 denkbar
661 3413 249 65 höchstes
943 3419 145 62 Maß
1127 3446 72 36 zu
1231 3425 252 77 bringen:
1524 3430 89 61 die
1646 3431 262 64 fühlende
1941 3436 457 68 Menschenseele
2430 3446 182 63 neben

378 3513 118 62 mir,
548 3505 96 61 der
694 3509 75 59 ich
822 3511 132 62 alles
1002 3514 117 72 das,
1170 3540 122 39 was
1340 3521 132 60 mich
1523 3547 113 37 nun
1688 3528 211 61 erfüllte
1940 3532 118 58 und
2097 3534 134 60 nach
2270 3537 343 81 Auslösung

376 3619 155 57 rang,
583 3609 135 58 auch
770 3607 146 60 hätte
963 3608 329 79 kundgeben
1348 3613 239 65 können.
1640 3617 257 64 Obwohl
1935 3623 190 76 jedoch
2167 3628 102 61 das
2311 3629 170 63 Schiff
2514 3651 101 60 gut

374 3693 213 65 besetzt
627 3723 138 49 war,
809 3700 146 63 hatte
996 3706 76 57 ich
1113 3713 98 51 mit
1253 3708 260 60 niemand
1554 3711 207 62 nähere
1792 3714 423 66 Bekanntschaft
2253 3725 357 80 angeknüpft,

374 3807 122 41 was
524 3789 194 64 freilich
745 3803 243 69 weniger
1024 3820 70 37 an
1129 3798 107 60 den
1270 3800 228 73 andern,
1535 3805 80 61 als
1649 3829 72 37 an
1756 3816 101 52 mir
1889 3810 117 61 und
2039 3822 340 56 meinerseits
2412 3821 202 61 sicher*

378 3876 91 62 lieh
511 3894 243 68 weniger
795 3911 91 37 am
928 3890 367 77 mangelnden
1328 3911 167 60 guten
1529 3896 229 76 Willen,
1795 3901 80 61 als
1909 3927 90 36 am
2034 3910 372 75 mangelnden
2439 3932 174 59 guten

380 3968 262 69 Geschick
691 3980 103 77 lag.
851 3982 127 63 Das
1027 3982 346 80 Anknüpfen
1427 3998 148 53 einer
1622 3991 419 84 Unterhaltung
2090 4009 97 53 mit
2237 4013 180 55 einem
2463 4009 149 62 Mit*
