3305 4572
2520 474 120 53 1427

992 504 228 52 Eduard
1239 503 261 48 Bernstein
1520 522 8 10 •
1557 494 178 52 Vöfäer
1761 512 68 30 zu
1858 490 185 49 Hause

415 701 156 60 »Der
612 705 235 70 ängstigt
886 694 106 62 sich
1032 694 89 59 für
1162 698 160 62 zwei,
1356 687 75 60 da
1470 686 202 60 kannst
1713 681 77 61 du
1832 678 201 61 deinen
2058 670 126 66 Teil
2224 692 260 56 sparen.«
2528 666 116 61 Mit

414 793 258 79 größerer
712 799 216 51 innerer
968 785 162 61 Ruhe
1172 783 80 59 als
1300 780 205 61 vorher
1553 776 103 61 ließ
1707 774 76 61 ich
1832 772 102 60 das
1984 770 177 76 Auge
2211 766 138 60 über
2399 761 90 60 die
2539 781 106 38 uns

414 884 347 79 umgebende
792 879 329 64 Landschaft
1155 877 117 61 und
1305 874 107 60 auf
1436 873 108 59 den
1580 893 104 38 vor
1709 892 107 37 uns
1841 864 289 79 liegenden
2147 860 159 76 Weg
2331 855 313 65 schweifen.

415 981 114 59 Die
570 974 411 66 Granitwände
1021 973 98 60 des
1161 968 278 76 Gebirges
1481 964 250 61 schienen
1782 968 101 52 mir
1923 957 139 62 noch
2103 955 182 63 steiler
2326 948 320 65 abzufalfen

418 1073 80 60 als
547 1071 104 61 auf
700 1070 96 59 der
835 1066 336 68 Nordseite,
1222 1062 88 60 die
1360 1057 317 63 Schluchten
1727 1054 180 61 neben
1957 1073 107 39 uns
2113 1071 193 39 waren
2358 1040 287 66 ersichtlich

416 1165 171 61 tiefer.
622 1162 136 61 Nur
790 1170 54 50 in
877 1159 256 74 mäßigen
1166 1151 340 63 Abständen
1540 1146 404 80 eingetriebene
1976 1145 190 61 Steine
2201 1164 117 38 von
2343 1138 138 61 noch
2508 1134 141 61 nicht

423 1267 176 49 einem
641 1255 188 60 Meter
868 1251 174 60 Höhe
1081 1256 256 52 säumten
1379 1244 90 59 die
1507 1240 328 79 Bergstraße
1877 1246 117 64 ein,-
2041 1246 78 51 sie
2168 1235 266 67 konnten,
2478 1253 170 36 wenn

420 1348 233 61 wirklich
694 1347 100 59 das
837 1344 242 62 Gefährt
1120 1341 128 59 dem
1289 1336 166 61 Rand
1501 1334 231 70 zutrieb,
1782 1341 73 51 im
1905 1331 192 60 besten
2145 1327 126 61 Fall
2320 1326 109 60 den
2480 1322 169 63 Sturz

421 1458 177 43 etwas
646 1438 304 70 aufhalten,
1001 1435 133 60 aber
1181 1433 170 58 kaum
1407 1430 93 60 ihn
1549 1427 343 62 verhindern.
1956 1425 170 60 Dazu
2184 1421 154 60 hätte
2389 1442 61 37 es
2499 1424 151 52 einer

423 1533 217 62 solchen
679 1533 140 60 Last
858 1528 333 79 gegenüber,
1233 1534 109 51 wie
1390 1546 168 38 unser
1600 1519 246 62 Gefährt
1893 1527 79 52 sie
2022 1517 218 68 bildete,
2281 1513 166 62 schon
2499 1518 153 52 einer

424 1627 142 62 recht
588 1625 214 62 soliden
828 1622 212 61 Mauer
1070 1618 234 63 bedurft.
1338 1616 163 61 Aber
1534 1637 193 38 waren
1754 1621 101 52 wir
1887 1612 146 60 denn
2058 1607 232 62 wirklich
2315 1616 55 49 in
2398 1602 254 63 Gefahr?

428 1720 226 68 Gewiß,
694 1725 103 52 wir
835 1717 291 74 bewegten
1168 1735 106 37 uns
1315 1711 149 60 rasch
1506 1717 293 60 vorwärts,
1841 1706 134 60 aber
2015 1705 88 58 die
2144 1702 174 60 Sinne
2365 1697 288 62 täuschten

428 1837 106 37 uns
590 1820 122 51 eine
767 1809 232 77 größere
1049 1804 374 77 Schnelligkeit
1482 1824 129 47 vor,
1663 1800 79 60 als
1792 1799 96 59 der
1928 1795 372 62 Wirklichkeit
2348 1787 305 79 entsprach,

430 1907 117 61 und
588 1905 87 60 die
698 1903 363 75 Windungen
1102 1922 193 38 waren
1327 1895 296 80 genügend
1656 1902 131 52 weit
1835 1889 382 63 voneinander
2267 1885 255 69 entfernt,
2558 1904 97 37 um

429 2001 128 58 dem
598 1995 270 63 Kutscher
908 1994 131 60 Zeit
1078 2015 131 38 zum
1257 1990 230 75 ruhigen
1528 1987 229 61 Lenken
1808 1985 97 59 der
1953 1982 198 60 Pferde
2199 2003 73 37 zu
2320 1978 198 59 lassen.
2568 1974 87 60 Es

432 2093 229 59 dauerte
702 2091 147 58 denn
893 2088 133 60 auch
1067 2095 123 52 eine
1229 2084 235 75 tüchtige
1488 2081 205 69 Weile,
1736 2079 82 59 bis
1860 2086 101 52 wir
2003 2075 102 60 das
2145 2073 220 61 nächste
2398 2068 128 62 Ziel
2559 2068 99 60 der

437 2186 199 69 Fahrt,
679 2182 226 67 Airolo,
947 2180 304 61 erreichten.
1308 2176 222 61 Leider!
1581 2175 171 59 Denn
1802 2172 96 58 der
1937 2169 358 73 Nachmittag
2344 2163 136 61 wich
2530 2163 129 59 dem

438 2277 231 69 Abend,
710 2276 89 60 die
830 2275 389 74 Dämmerung
1258 2270 87 59 fiel
1384 2267 306 69 hernieder,
1731 2265 119 59 und
1891 2262 136 60 noch
2069 2262 102 59 ehe
2211 2267 103 51 wir
2362 2266 56 51 in
2452 2253 210 63 Airolo

439 2371 302 69 einfuhren,
769 2369 101 60 das
895 2392 131 35 man
1051 2375 54 51 in
1122 2382 159 61 guter
1299 2363 354 73 Entfernung
1679 2359 164 61 schon
1868 2380 105 37 vor
1990 2356 107 60 sich
2116 2352 232 70 erblickt,
2367 2350 175 61 sahen
2561 2356 105 51 wir

439 2487 135 38 vom
598 2463 230 76 Wagen
862 2484 121 46 aus,
1016 2468 108 51 wie
1163 2474 173 43 unten
1378 2455 89 60 die
1506 2453 212 61 Lichter
1760 2448 352 78 angezündet
2151 2444 250 62 wurden.
2445 2441 96 62 Sie

439 2557 300 60 leuchteten
788 2554 107 59 den
946 2552 113 61 Ort
1107 2573 107 37 nur
1261 2549 127 61 sehr
1435 2547 218 75 dürftig,
1696 2543 147 60 denn
1892 2542 136 59 noch
2076 2539 191 60 wußte
2315 2559 133 37 man
2498 2534 169 60 nichts

442 2672 114 37 von
604 2647 365 61 elektrischem
1018 2643 160 61 Licht,
1235 2642 149 60 Man
1441 2639 234 70 konnte,
1726 2653 171 44 unten
1956 2633 320 76 angelangt,
2326 2652 107 38 nur
2481 2636 187 67 wenig

442 2741 425 61 unterscheiden,
912 2737 264 61 Arbeiter
1215 2736 294 75 bewegten
1550 2732 105 60 sich
1695 2731 104 60 still
1870 2759 16 11 -
1910 2737 81 51 sie
2023 2727 201 60 kamen
2265 2722 254 62 offenbar
2551 2744 117 36 von

443 2836 97 60 der
565 2834 203 61 Arbeit
835 2863 18 11 -
877 2831 165 60 durch
1084 2831 89 59 die
1206 2829 216 68 Straße,
1456 2849 96 37 wo
1586 2825 89 59 die
1707 2825 134 58 Post
1874 2821 146 70 hielt,
2055 2820 118 59 und
2203 2827 56 51 in
2293 2817 172 60 deren
2498 2815 174 59 Mitte

446 2928 105 61 auf
581 2928 493 73 rohgezimmerten
1114 2918 232 63 Tischen
1387 2919 221 59 Waren
1657 2915 347 77 ausgeboten
2053 2911 249 61 wurden.
2361 2909 114 61 Ein
2526 2923 147 44 trotz

446 3022 99 58 der
583 3014 560 67 verschwimmenden
1185 3013 256 61 Umrisse
1582 3009 137 62 oder
1766 3006 262 63 vielleicht
2075 3004 207 79 gerade
2330 3000 231 62 deshalb

447 3116 136 61 doch
623 3113 207 60 wieder
871 3109 102 61 auf
1008 3109 89 60 die
1135 3108 301 60 Phantasie
1474 3103 313 61 wirkender
1826 3099 300 62 Eindruck,

523 3208 113 60 Die
675 3203 365 64 Schönheiten
1081 3201 96 59 der
1228 3199 176 60 Fahrt
1453 3221 114 37 von
1608 3196 207 61 Airolo
1865 3194 136 60 über
2050 3192 186 61 Faido
2283 3189 136 61 nach
2469 3189 208 60 Biasca

449 3310 200 69 gingen
691 3321 124 47 uns,
857 3297 74 60 da
970 3319 114 37 nun
1125 3293 202 77 völlige
1368 3290 340 62 Dunkelheit
1749 3297 337 68 eingetreten
2128 3307 140 47 war,
2310 3307 75 37 zu
2436 3290 241 52 meinem

448 3394 208 77 großen
688 3391 293 61 Bedauern
1022 3412 145 53 ganz
1208 3385 270 61 verloren.
1521 3384 135 59 Von
1696 3382 206 59 Biasca
1944 3403 103 35 aus
2088 3377 209 60 konnte
2337 3399 132 37 man
2509 3375 168 59 schon

451 3486 100 61 auf
597 3495 177 51 einem
824 3484 227 76 fertigen
1101 3480 165 61 Stück
1315 3479 97 60 der
1462 3475 440 62 Gotthardbahn
1950 3474 84 59 bis
2083 3471 327 61 Bellinzona
2460 3469 219 68 fahren,

449 3603 97 37 wo
587 3579 304 60 wiederum
931 3574 357 62 übernachtet
1326 3570 227 61 werden
1595 3569 202 61 mußte.
1855 3568 141 58 Hier
2037 3564 209 61 merkte
2287 3564 97 70 ich,
2427 3563 110 59 daß
2578 3569 104 52 wir

452 3682 74 51 im
559 3672 360 62 italienischen
952 3667 389 80 Sprachgebiet
1371 3688 206 36 waren.
1613 3663 120 60 Der
1759 3660 146 61 Wirt
1937 3660 99 60 des
2064 3658 373 68 Gasthauses,
2464 3664 55 52 in
2554 3657 129 58 dem

452 3768 77 58 ich
569 3766 230 76 abstieg,
839 3763 188 78 sprach
1068 3761 171 59 außer
1280 3756 292 63 italienisch
1613 3779 105 36 nur
1757 3777 147 54 ganz
1944 3761 184 67 wenig
2169 3748 362 72 französisch,
2564 3748 121 61 und

456 3860 133 60 auch
637 3861 102 59 das
787 3852 584 83 ungrammatikalisch,
1421 3874 67 38 so
1538 3850 109 61 daß
1695 3857 103 51 wir
1846 3871 107 37 uns
2003 3846 227 60 herzlich
2281 3843 224 63 schlecht
2552 3866 133 38 ver*

453 3953 288 75 ständigen
783 3953 261 61 konnten.
1103 3947 159 61 Doch
1310 3954 138 53 wies
1500 3968 58 37 er
1606 3951 101 52 mir
1756 3950 88 52 ein
1893 3941 229 61 schönes
2164 3940 254 60 Zimmer
2461 3961 74 37 an
2585 3946 100 51 mit
