3200 4572
2565 460 112 50 1491

1215 467 188 48 Roßert
1431 466 191 49 WaCser
1651 488 10 13 •
1694 466 219 49 Notizen

452 651 145 71 siht,
640 651 286 76 allgemein
960 651 292 61 verbreitet
1275 652 228 61 werden
1537 676 72 37 zu
1643 651 240 62 können.
1925 651 127 61 Das
2085 648 229 63 redliche
2339 647 158 60 Herz
2537 647 148 60 stößt

453 744 107 61 auf
592 744 294 76 unzählige
924 744 381 62 Hindernisse.
1350 745 165 61 Seien
1557 754 101 51 wir
1698 745 279 76 aufrichtig
2019 744 117 61 und
2177 744 235 59 schauen
2455 748 103 52 wir
2599 740 86 61 die

454 838 173 62 Sache
660 861 90 47 an,
785 845 108 51 wie
932 847 80 50 sie
1053 847 81 50 ist.
1176 839 86 60 Es
1302 838 146 61 kann
1487 862 105 37 uns
1634 861 104 38 nur
1770 853 98 62 gut
1900 854 117 55 tun,
2058 861 168 36 wenn
2259 844 104 51 wir
2404 833 281 77 aufrichtig

453 930 136 63 sind.
646 929 135 61 Wir
820 929 197 61 dürfen
1067 953 105 37 uns
1219 930 157 61 keine
1416 930 296 60 Illusionen
1752 930 239 63 machen.
2050 929 132 61 Wir
2221 928 124 62 sind
2385 927 141 61 klein
2569 925 116 61 und

453 1023 259 64 schwach,
775 1023 82 73 O,
898 1033 189 51 wären
1136 1032 103 52 wir
1286 1024 160 61 stark.
1501 1024 188 61 Wenn
1745 1033 101 52 wir
1901 1024 182 61 starke
2122 1022 306 62 Menschen
2470 1029 213 61 wären,

454 1118 185 61 hätten
679 1125 103 52 wir
821 1116 312 77 Hoffnung,
1182 1135 130 58 gute
1355 1117 301 61 Menschen
1705 1141 73 36 zu
1825 1117 242 61 werden.
2126 1117 225 60 Unsere
2391 1113 294 63 Schwäch*

454 1211 209 61 lichkeit
703 1219 69 52 ist
813 1233 202 37 unsere
1063 1211 413 75 unweigerliche
1515 1210 404 66 Niedertracht,
1970 1233 199 37 unsere
2210 1206 475 80 Empfindlichkeit

456 1314 70 52 ist
566 1327 201 36 unsere
794 1303 332 60 Schurkerei,
1171 1303 132 59 Wir
1333 1304 123 59 sind
1491 1303 104 59 auf
1622 1303 101 59 alle
1747 1303 158 60 Fälle
1937 1303 274 71 verloren,
2252 1301 104 61 auf
2386 1300 103 60 alle
2521 1299 164 61 Fälle

460 1398 266 61 endlosen
769 1404 195 52 innern
1015 1397 115 58 und
1180 1395 209 61 äußern
1430 1394 400 77 Streitigkeiten
1878 1395 407 78 preisgegeben.
2329 1393 354 70 Verdammt,

457 1490 273 72 verkauft,
771 1488 341 61 verworfen!
1153 1488 141 61 Und
1328 1488 109 61 daß
1477 1489 104 60 sich
1622 1488 185 60 keiner
1845 1503 160 45 unter
2045 1511 104 37 uns
2189 1487 172 61 Allen
2404 1487 135 59 auch
2580 1508 105 37 nur

457 1609 97 38 um
595 1593 152 52 eines
787 1583 338 78 Fingerhuts
1167 1581 198 62 Größe
1404 1582 136 77 groß
1582 1582 338 61 vorkomme.
1967 1581 218 61 Nieder
2224 1590 99 50 mit
2362 1602 108 38 uns
2511 1579 174 60 Allen

457 1689 55 50 in
555 1678 101 60 das
700 1677 215 61 Gefühl
956 1677 97 60 der
1093 1675 477 77 Belanglosigkeit.
1620 1675 327 61 Berühmter
1984 1675 184 59 Mann
2210 1673 189 61 nieder
2439 1681 100 51 mit
2580 1672 103 60 dir!

457 1772 302 61 Berühmte
799 1770 157 60 Frau
995 1769 190 61 nieder
1224 1778 97 52 mit
1361 1769 103 59 dir!
1503 1767 195 61 Wenn
1740 1790 58 37 es
1839 1790 105 37 uns
1984 1767 170 60 Allen
2194 1775 130 65 jetzt
2363 1765 158 70 nicht,
2563 1788 80 35 we-

458 1875 244 69 nigstens
761 1873 87 51 ein
896 1873 200 67 wenig,
1154 1861 160 61 elend
1369 1877 192 45 zumut
1615 1869 85 62 ist,
1757 1883 67 38 so
1878 1859 122 62 sind
2041 1869 99 51 wir
2196 1859 308 61 Scheusale.
2561 1858 124 59 Wir

460 1971 226 49 müssen
736 1958 266 71 arbeiten,
1051 1957 118 59 und
1216 1964 103 52 wir
1366 1965 225 50 müssen
1641 1955 89 59 die
1777 1954 340 61 vornehmen
2165 1952 243 60 Bräuche
2459 1950 226 62 beiseite

458 2053 230 61 werfen.

1526 2141 86 59 111.

538 2241 88 60 Es
665 2247 130 70 ging
827 2255 179 44 etwas
1039 2246 96 52 mit
1167 2236 112 61 ihm
1312 2235 211 70 herum,
1557 2258 58 36 es
1641 2233 110 61 hob
1778 2233 90 60 ihn
1895 2249 175 44 etwas
2105 2255 206 53 empor.
2356 2231 99 60 Ihn
2490 2230 197 61 durch*

460 2335 264 61 leuchtete
767 2355 77 50 es,
885 2331 213 61 belebte
1140 2330 117 61 und
1298 2329 211 61 erfüllte
1549 2352 76 45 es,
1666 2327 208 60 mähte
1914 2326 91 60 ihn
2047 2325 103 61 still
2192 2325 115 60 und
2348 2324 140 61 froh.
2539 2324 149 59 Eine

461 2429 148 70 tiefe,
653 2426 137 61 feste
832 2425 152 62 Stille
1026 2424 174 76 drang
1247 2447 114 37 von
1404 2423 140 59 allen
1586 2421 185 61 Seiten
1821 2429 53 51 in
1924 2419 91 60 ihn
2066 2418 116 61 und
2229 2426 129 69 ging
2406 2440 117 37 von
2573 2416 115 60 ihm

463 2522 121 61 fort.
627 2520 114 61 Ein
783 2517 482 63 unabänderliches
1305 2515 228 70 Wesen,
1582 2513 297 79 gebändigt
1928 2512 115 59 und
2090 2510 239 78 zugleih
2381 2509 307 76 unbändig,

462 2616 172 61 nahm
691 2614 91 60 ihn
833 2621 98 52 mit
978 2612 104 60 sih
1131 2611 108 69 hin,
1289 2608 310 61 bestimmte
1647 2614 150 53 seine
1845 2604 225 61 Shritte
2118 2602 118 61 und
2285 2612 151 51 seine
2478 2602 208 77 Wege,

463 2707 466 78 Unweigerlicher
976 2706 174 60 Ernst
1197 2726 121 37 war
1375 2702 112 60 ihm
1529 2698 381 64 Gewohnheit
1964 2697 318 76 geworden.
2343 2696 85 59 Er
2484 2696 207 59 kannte

463 2802 197 60 keinen
702 2800 175 71 Stolz,
919 2799 116 59 und
1075 2796 134 61 doh
1258 2795 165 59 hüllte
1472 2794 91 59 ihn
1620 2801 87 52 ein
1756 2790 173 71 Stolz,
1972 2799 88 50 ein
2109 2790 215 76 großer,
2375 2787 316 76 lebendiger

463 2896 160 61 Stolz
664 2904 100 52 ein.
821 2893 87 61 Er
946 2891 188 61 wußte
1175 2890 166 60 kaum
1382 2887 168 60 selbst
1590 2886 159 70 reht,
1792 2908 123 37 was
1964 2907 60 36 es
2072 2905 136 49 war,
2253 2881 101 61 das
2404 2881 93 60 ihn
2547 2881 145 60 stolz

465 2990 224 60 mähte.
734 2988 113 60 Die
888 2984 322 75 beständige
1243 2980 132 62 Not
1415 2980 115 60 und
1571 2979 98 60 der
1699 2976 323 77 beständige
2056 2975 155 60 harte
2244 2974 222 76 Kampf
2500 2974 191 60 hatten

465 3092 208 51 seinem
698 3079 305 61 Auftreten
1045 3074 259 64 vielleiht
1345 3073 150 61 diese
1519 3072 350 75 Umhüllung
1909 3093 115 37 von
2067 3067 414 61 abweisendem
2516 3068 176 58 Ernst

465 3175 265 78 gegeben.
773 3169 338 64 Lebenslust
1150 3167 116 61 und
1305 3164 409 78 Lebensgenuß
1755 3185 189 38 waren
1987 3162 112 60 ihm
2140 3159 169 78 völlig
2349 3159 343 60 nebensäh*

465 3270 123 71 lih,-
627 3266 201 76 Erfolg
867 3266 116 58 und
1017 3262 229 62 Gewalt
1285 3261 99 61 sah
1427 3282 59 37 er
1524 3258 105 60 sih
1662 3265 247 70 genötigt
1948 3265 189 67 gering
2173 3275 76 39 zu
2288 3253 273 66 shätzen,
2606 3252 89 61 die

465 3359 419 66 Lebensfreude
923 3366 146 68 rings
1110 3379 95 36 um
1246 3354 92 59 ihn
1380 3354 97 59 her
1517 3351 211 61 mähte
1769 3350 112 61 ihm
1930 3350 108 59 den
2089 3347 279 61 lebhaften
2410 3346 286 61 Eindruck

466 3481 115 36 von
616 3470 176 45 etwas
824 3450 528 75 Minderwertigem.
1396 3445 186 61 Wenn
1618 3445 176 60 hinter
1827 3451 149 52 einer
2006 3440 520 76 Freudeäußerung
2556 3440 141 60 niht

468 3559 88 51 ein
599 3543 435 77 durhkämpfter
1073 3540 255 63 Shmerz
1370 3539 133 60 auh
1537 3536 231 61 sihtbar
1807 3544 81 60 ist,
1933 3558 66 37 so
2041 3531 197 63 besitzt
2278 3540 79 52 sie
2398 3533 109 59 viel
2539 3531 161 78 Läp*

467 3643 206 79 pishes
721 3639 116 61 und
876 3644 182 69 wenig
1110 3632 274 62 wahrhaft
1423 3630 414 61 Anziehendes.
1895 3628 133 61 Sein
2070 3627 342 76 Vergnügen
2460 3625 240 61 bestand

468 3737 176 70 darin,
684 3759 74 37 zu
799 3732 189 72 sehen,
1030 3730 108 59 daß
1180 3728 91 60 ihn
1326 3727 86 60 die
1453 3723 340 70 Umstände,
1843 3721 90 61 die
1981 3721 225 61 Zufälle
2255 3719 117 61 und
2414 3719 89 61 die
2542 3719 159 61 Ver*

468 3829 263 61 hältnisse
772 3825 133 62 noh
947 3825 137 59 niht
1116 3818 278 64 vermoht
1435 3818 189 60 hatten
1666 3840 72 37 zu
1770 3815 197 61 Boden
2001 3839 74 35 zu
2107 3812 258 62 strecken.
2406 3813 88 60 Er
2535 3812 167 61 stand

471 3924 241 61 aufreht
753 3921 91 71 da,
886 3915 297 74 standhaft,
1227 3912 276 63 wahrhaft
1544 3911 117 62 und
1691 3910 507 77 wohlausgerüstet
2238 3916 99 52 mit
2370 3906 332 62 ernsthafter
