3206 4572
914 510 192 62 Affred
1122 512 173 48 Lemm
1330 536 8 11 •
1372 511 115 51 Der
1513 511 141 49 Herr
1681 517 93 43 mit
1800 512 92 48 der
1913 510 179 62 gefßen
2118 511 152 49 Bride

2583 509 114 49 1501

482 693 490 85 Temperament!«
1035 698 133 61 Alle
1223 714 196 56 traten,
1474 699 316 77 stampften,
1841 699 271 76 schlugen,
2171 706 173 53 rissen
2410 696 133 61 nach
2612 696 96 61 der

485 789 259 79 Gegend,
793 816 96 37 wo
937 816 128 37 man
1116 790 107 63 den
1264 792 185 59 Herrn
1498 800 98 53 mit
1644 793 97 60 der
1788 790 346 79 aufsässigen
2176 790 163 61 Brille
2385 806 321 45 vermutete.

482 884 87 61 Er
607 886 194 61 wurde
833 886 298 67 zerknäult,
1172 886 354 76 zerquetscht,
1567 884 265 71 zerrührt,
1873 902 282 46 zerstreut.
2200 884 60 61 In
2296 892 254 70 wenigen
2583 884 125 60 Mi*

482 995 169 43 nuten
693 1001 122 37 war
854 980 165 59 nichts
1060 977 155 62 mehr
1254 1001 115 38 von
1411 978 111 60 ihm
1562 1002 72 36 zu
1675 978 185 61 sehen.

560 1072 111 60 Die
727 1072 220 61 starken
1005 1072 249 61 Männer
1309 1072 234 60 standen
1601 1072 362 61 hochatmend
2019 1072 119 61 still.
2213 1071 87 61 Es
2359 1094 121 38 war
2536 1070 165 61 ihnen

483 1164 150 61 frisch
675 1181 239 45 zumute.
957 1165 81 61 So
1079 1165 287 77 gekräftigt
1408 1164 210 61 fühlten
1667 1174 79 51 sie
1788 1165 119 61 sich.
1952 1165 138 61 Wie
2131 1165 132 60 nach
2305 1164 128 61 dem
2466 1162 234 79 Kegeln.

558 1258 158 59 Doch
758 1258 108 61 daß
906 1282 129 35 man
1078 1282 115 35 nun
1233 1256 166 78 gleich
1441 1256 364 61 auseinander
1846 1267 127 68 ging
2129 1259 146 58 dazu
2308 1279 122 38 war
2465 1256 87 60 die
2587 1256 113 60 Be*

480 1361 316 67 geisterung
834 1376 72 35 zu
939 1352 153 77 groß.
1136 1352 208 59 Hatten
1386 1350 106 61 sich
1518 1350 134 63 doch
1686 1352 141 59 viele
1851 1359 54 52 in
1939 1350 96 61 der
2068 1350 376 79 aufregenden
2482 1349 218 61 Stunde

481 1444 399 78 angefreundet
920 1446 116 58 und
1075 1444 211 60 fühlten
1322 1443 100 61 das
1447 1443 311 72 Bedürfnis,
1793 1444 105 61 sich
1932 1443 172 61 näher
2136 1444 213 61 kennen
2383 1468 74 37 zu
2493 1443 205 61 lernen.

480 1538 81 60 So
602 1538 179 77 begab
823 1561 128 37 man
995 1538 104 60 sich
1140 1546 55 52 in
1238 1546 159 52 einen
1437 1538 181 60 nahen
1661 1537 321 78 Bierpalast.
2025 1538 149 61 Dort
2208 1547 185 69 erging
2427 1564 129 35 man
2592 1538 106 61 sich

481 1649 160 43 unter
682 1632 127 59 dem
849 1631 235 61 Vorsitz
1134 1631 97 60 des
1271 1630 314 61 bekannten
1625 1630 443 77 Abgeordneten
2110 1631 407 61 Hildesheimer
2557 1632 137 60 noch

480 1725 161 76 lange
682 1733 53 52 in
778 1724 427 77 Erinnerungen
1247 1731 128 52 wie:
1432 1724 239 59 »Haben
1713 1724 94 61 Sie
1845 1724 255 76 gesehen,
2150 1733 108 50 wie
2306 1724 75 59 ich
2429 1725 112 60 ihm
2584 1724 107 59 den

478 1818 144 59 Hals
665 1816 370 77 herunterbog
1075 1816 116 60 und
1224 1816 105 60 den
1365 1815 166 79 Kopf
1557 1816 104 60 auf
1685 1816 105 60 den
1826 1816 156 61 Sand
2014 1816 244 77 schlug?«
2307 1816 164 61 »Wir
2505 1816 188 61 hatten

480 1912 134 58 doch
662 1910 180 60 sofort
889 1910 102 60 das
1040 1909 200 78 gleiche
1290 1909 335 78 Empfinden
1675 1909 208 60 diesem
1924 1909 350 61 Individuum
2322 1909 366 76 gegenüber.«

487 2003 113 60 »Ich
642 2004 300 59 versichere
983 2002 114 72 Sie,
1136 2026 95 37 wo
1272 2002 83 60 ich
1397 2002 351 77 hingegriffen
1792 2002 142 60 habe
1968 2027 109 36 ~.«
2131 2002 301 61 Schließlich
2481 2003 213 60 mochte

481 2120 127 36 man
651 2097 137 59 nicht
830 2096 267 70 scheiden,
1140 2095 149 59 ohne
1329 2095 164 59 durch
1535 2103 86 51 ein
1662 2095 169 61 festes
1870 2095 159 59 Band
2070 2117 320 39 zusammen
2432 2095 257 76 gehalten

478 2213 73 35 zu
576 2189 241 61 werden.
862 2189 133 59 Auf
1013 2187 309 77 Vorschlag
1355 2187 97 60 des
1484 2187 391 60 Militärarztes
1910 2187 184 61 wollte
2127 2210 128 37 man
2288 2187 160 75 jeden
2484 2187 212 61 Monat

481 2283 199 58 einmal
737 2305 89 36 am
883 2280 258 76 heutigen
1191 2275 159 81 Tage
1404 2279 587 61 Zusammenkommen
2049 2279 115 59 und
2220 2280 109 76 gab
2387 2279 98 61 der
2540 2302 146 54 ganz

478 2374 301 61 formlosen
823 2374 321 76 Gründung
1191 2403 62 17 ■—
1303 2397 130 35 »um
1477 2373 388 61 Gotteswillen
1899 2373 155 59 keine
2081 2374 486 60 Vereinsmeierei«
2621 2403 63 17 ■—

478 2468 88 60 die
605 2468 238 61 schlichte
882 2467 377 76 Bezeichnung
1304 2465 390 77 »Geselligkeit
1733 2467 52 58 6.
1830 2465 95 60 IX,
1976 2467 122 58 14«,

555 2561 109 59 Als
704 2561 98 59 der
842 2559 368 63 Schutzmann
1250 2559 229 68 Lerche,
1521 2573 175 46 etwas
1746 2559 261 75 unruhig,
2057 2567 105 51 wie
2212 2558 88 60 die
2341 2558 172 61 Sache
2555 2582 136 37 aus*

476 2652 255 78 gelaufen
772 2661 95 62 sei,
919 2676 70 36 an
1040 2653 105 60 den
1187 2652 215 60 Linden
1451 2651 342 77 vorbeiging,
1842 2651 132 60 fand
2023 2674 58 37 er
2128 2651 156 60 keine
2325 2651 216 76 Spuren
2593 2652 99 60 des

477 2745 252 61 Vorfalls
777 2746 166 60 mehr.
1005 2745 96 60 Da
1149 2768 58 37 es
1257 2752 85 53 ein
1383 2744 127 61 Uhr
1549 2744 301 76 geworden
1898 2766 136 47 war,
2084 2744 232 59 standen
2368 2742 103 61 alle
2510 2744 182 61 Leute

477 2848 97 52 mit
624 2839 126 61 dem
798 2839 182 60 Lesen
1037 2838 97 59 der
1188 2838 459 76 Mittagszeitung
1701 2836 339 76 beschäftigt,
2093 2836 86 60 die
2236 2845 121 51 eine
2413 2836 276 61 fesselnde

478 2933 286 59 Plauderei
806 2933 136 59 über
981 2932 88 59 die
1110 2930 250 78 würdige
1400 2930 225 76 Anlage
1665 2953 114 37 von
1821 2929 470 77 Massengräbern
2333 2929 229 60 brachte.

556 3026 183 60 »Also
774 3026 130 59 alles
942 3033 52 51 in
1038 3024 333 75 Ordnung,«
1416 3023 189 60 dachte
1645 3022 96 61 der
1781 3022 369 61 Schutzmann
2193 3022 113 59 und
2347 3045 203 53 sprang
2593 3022 104 59 auf

476 3127 157 52 einen
684 3119 95 59 der
820 3117 503 65 Autoomnibusse,
1366 3114 89 61 die
1503 3122 102 53 seit
1645 3123 204 69 einiger
1889 3113 130 61 Zeit
2066 3123 143 68 rings
2251 3137 96 37 um
2388 3113 101 60 das
2531 3113 157 60 Ver*

476 3212 131 61 deck
641 3212 86 60 die
759 3210 307 62 Aufschrift
1099 3226 219 61 trugen:
1366 3208 172 61 »Wer
1572 3231 198 37 unsere
1802 3208 227 72 Brüder,
2071 3208 88 60 die
2194 3207 85 60 für
2311 3230 104 37 uns
2448 3207 81 59 ihr
2561 3206 130 60 Blut

477 3305 286 77 hingeben,
806 3304 272 59 wahrhaft
1111 3302 103 60 lieb
1248 3302 110 71 hat,
1400 3301 193 61 sendet
1633 3301 165 60 ihnen
1832 3300 335 61 Emmerichs
2202 3299 397 61 Kraftkakao«,
