2306 3886
859 274 163 26 PIERRE
1056 276 177 28 MONTAN
1270 279 171 28 BERTON

2076 281 74 38 391

148 365 206 43 familial.
378 365 32 42 Il
433 368 154 39 écrivit
606 367 115 40 donc
745 371 21 35 à
800 380 45 27 sa
865 373 119 36 mère
1008 367 106 54 qu'il
1135 374 160 48 partait
1319 387 111 39 pour
1453 374 247 52 Bordeaux,
1730 378 104 53 qu'il
1858 379 227 42 entendait
2109 392 45 27 se

151 440 118 36 créer
307 451 59 26 un
408 435 183 41 brillant
627 438 153 38 avenir
816 445 42 32 et
879 437 30 40 il
962 440 222 40 terminait
1222 454 54 28 en
1315 443 239 42 sollicitant
1573 458 80 29 son
1692 448 186 51 pardon.
1906 447 62 42 Ce
1991 448 64 41 fut
2092 463 59 26 un

151 518 115 39 coup
288 505 53 40 de
363 504 156 42 foudre
541 505 113 40 dans
687 504 40 41 la
762 507 174 39 maison
961 506 52 40 de
1037 506 39 41 la
1102 522 74 27 rue
1200 523 82 27 aux
1306 511 124 42 Fers.

209 574 64 42 Le
296 580 104 46 père
434 571 236 45 s'enferma
702 574 112 41 dans
837 589 61 26 un
921 575 162 41 silence
1106 588 232 41 menaçant
1360 592 8 37 ;
1396 581 38 40 la
1474 588 117 35 mère
1630 584 152 52 pleura
1810 586 98 52 plus
1940 585 87 42 fort
2065 600 86 38 que

152 644 159 52 jamais
334 652 41 33 et
411 641 157 45 l'oncle
589 647 210 48 tempêta,
837 644 93 52 jura
964 642 200 55 d'abord,
1183 655 40 33 et
1260 647 256 44 finalement
1539 652 231 42 démontra
1808 668 82 28 aux
1926 656 118 40 siens
2064 668 85 39 que

152 712 39 41 le
230 713 129 52 jeune
401 712 182 41 homme
627 715 118 39 avait
787 713 139 40 choisi
966 713 38 40 le
1041 727 160 40 moyen
1240 717 37 40 le
1312 718 99 52 plus
1457 719 247 43 honorable
1739 736 113 39 pour
1887 728 178 47 réparer
2102 738 45 27 sa

151 780 135 42 faute.

207 850 129 41 Voilà
380 851 114 40 donc
530 859 126 33 notre
693 851 215 41 chanteur
940 851 104 41 d'un
1074 852 97 51 jour
1209 856 112 49 parti
1357 869 98 27 vers
1491 854 238 45 l'inconnu.
1770 858 49 55 Je
1844 860 132 40 laisse
2005 863 116 37 main-

153 927 152 33 tenant
342 919 38 41 la
425 919 151 53 parole
627 924 21 36 à
691 933 80 28 son
815 918 87 53 fils,
937 929 233 32 narrateur
1211 936 54 27 au
1305 928 110 48 style
1451 925 193 42 décousu
1685 929 113 39 mais
1844 934 87 35 très
1971 942 154 39 person-

153 988 70 44 nel
251 985 94 55 (i):
587 1019 10 22 /

844 1103 174 35 DÉPART
1051 1112 120 27 POUR
1215 1113 249 29 BORDEAUX.
1956 1111 23 27 \
2146 1116 6 23 :

211 1213 19 24 «
254 1197 120 43 Pour
396 1200 63 40 les
483 1202 122 38 âmes
623 1199 103 41 bien
747 1199 144 48 faites,
915 1199 235 42 l'honneur
1169 1209 64 33 est
1256 1202 38 40 le
1314 1202 113 41 culte
1446 1203 54 39 de
1530 1204 38 39 la
1589 1213 141 39 vertu,
1751 1213 41 32 et
1811 1204 102 40 chez
1938 1202 211 43 l'homme

151 1270 74 52 qui
247 1277 66 32 est
339 1268 173 54 appellé
536 1273 21 35 à
583 1269 39 41 le
648 1271 245 51 pratiquer,
913 1277 143 33 toutes
1081 1270 61 40 les
1173 1272 169 40 actions
1361 1272 53 40 de
1434 1272 38 40 la
1493 1273 68 39 vie
1599 1286 45 27 se
1688 1282 245 31 ressentent
1961 1273 55 40 de
2041 1282 108 32 cette

151 1338 221 40 influence
420 1338 165 49 divine,
639 1340 75 50 qui
757 1339 38 40 le
836 1337 78 42 fait
960 1338 203 41 marcher
1195 1353 103 27 avec
1329 1353 192 37 courage
1559 1349 40 32 et
1636 1346 314 47 persévérance
1988 1355 98 27 vers
2111 1343 38 39 le

153 1406 119 51 bien,
315 1416 41 31 et
380 1408 120 39 vient
525 1406 154 41 l'aider
715 1411 21 36 à
760 1408 138 39 éviter
920 1415 41 32 et
985 1406 87 41 fuir
1095 1407 38 40 le
1154 1408 87 39 mal
1268 1407 7 40 !
1300 1407 107 42 Mon
1429 1407 106 40 Père
1563 1410 106 39 étoit
1691 1414 54 35 né
1775 1423 102 27 avec
1901 1418 109 32 cette
2032 1409 119 42 force

154 1474 146 42 d'âme
320 1477 8 38 !
355 1477 122 39 aussi
520 1475 116 42 fut-il
660 1475 39 42 le
722 1476 100 53 plus
843 1476 153 40 tendre
1037 1484 41 32 et
1102 1476 38 40 le
1164 1477 99 51 plus
1305 1485 286 44 respectueux
1615 1477 76 40 des
1715 1475 69 42 fils
1810 1480 8 37 !
1848 1478 38 40 le
1907 1478 244 40 meillieure

155 1545 78 40 des
272 1550 127 47 pères
423 1543 6 38 !
453 1548 78 37 des
554 1543 137 42 frères
715 1545 65 41 !et
802 1545 78 40 des
894 1549 144 48 époux
1065 1547 7 36 1
1101 1554 40 31 et
1164 1545 151 40 devint
1337 1559 83 38 par
1444 1559 44 26 sa
1514 1545 132 41 noble
1666 1547 224 47 conduite,
1914 1559 80 27 son
2017 1548 135 50 esprit

154 1623 41 31 et
215 1627 71 27 ses
317 1614 157 48 talens,
498 1612 91 42 l'un
612 1613 77 41 des
710 1615 176 39 artistes
910 1614 63 40 les
996 1614 100 52 plus
1124 1614 253 40 considérés
1400 1614 53 40 de
1477 1627 80 27 son
1599 1623 127 31 tems.
1763 1613 116 41 Mais
1910 1614 242 41 suivons-le

157 1683 113 40 dans
294 1696 46 26 sa
379 1681 138 52 fugue
540 1691 231 33 nocturne.

213 1765 19 24 «
256 1751 31 41 Il
314 1754 118 38 avoit
458 1752 114 40 donc
612 1753 91 51 pris
731 1752 124 52 place
879 1752 111 40 dans
1011 1752 38 39 le
1073 1751 149 50 coche,
1244 1752 75 51 qui
1346 1751 241 41 cheminoit
1610 1751 267 41 doucement
1924 1764 98 27 vers
2045 1751 81 40 Bor-

155 1821 160 47 deaux,
338 1828 40 33 et
402 1820 197 52 pendant
626 1820 62 40 les
732 1823 74 37 180
826 1820 116 41 lieux
962 1819 107 53 qu'il
1104 1821 117 39 avoit
1246 1824 21 36 à
1291 1821 242 50 parcourir,
1565 1819 99 53 plus
1686 1820 29 39 il
1757 1818 250 52 s'éloignait
2037 1820 52 40 de
2112 1820 38 39 la

155 1889 207 54 capitale,
387 1889 101 53 plus
515 1902 70 27 ses
608 1890 160 52 esprits
792 1889 38 40 le
851 1890 279 39 ramenoient
1147 1901 98 27 vers
1270 1888 39 40 la
1332 1901 76 27 rue
1429 1901 81 27 aux
1528 1888 120 40 Fers.
1675 1886 58 42 Sa
1756 1889 216 51 première
1991 1892 161 48 pensée

155 1960 106 39 étoit
278 1959 201 51 toujours
502 1970 114 39 pour
636 1971 46 27 sa
708 1957 165 49 bonne,
900 1971 47 26 sa
971 1957 153 40 tendre
1154 1962 119 35 mère
1292 1972 8 25 :
1328 1956 28 40 il
1377 1955 223 42 tremblait
1617 1964 188 32 souvent
1839 1969 53 26 en
1918 1965 188 43 pensant
2129 1960 21 35 à

156 2028 39 40 la
217 2028 187 39 sévérité
447 2027 53 40 de
524 2040 82 27 son
634 2032 102 47 père
761 2042 8 33 ;
793 2027 29 39 il
846 2027 106 40 étoit
985 2026 99 51 plus
1109 2025 238 52 tranquille
1383 2038 54 27 en
1471 2034 219 40 songeant
1733 2029 21 35 à
1799 2037 79 27 son
1904 2023 87 41 bon
2009 2024 139 40 oncle.

155 2096 168 41 Toutes
359 2109 70 27 ses
471 2100 187 48 pensées
698 2096 206 39 venoient
945 2107 44 27 se
1031 2094 178 40 heurter
1231 2095 113 38 dans
1374 2106 46 27 sa
1463 2106 166 38 pauvre
1668 2096 99 46 tête,
1790 2101 41 31 et
1868 2093 220 51 portoient
2128 2097 21 34 à

157 2166 172 52 chaque
358 2166 169 39 instant
545 2164 38 40 le
619 2162 175 42 trouble
817 2177 55 26 en
904 2176 70 27 ses
997 2164 178 50 esprits,
1199 2161 216 52 quelques
1441 2159 84 42 fois
1549 2164 143 37 même
1716 2161 26 39 il
1764 2160 167 41 voulait
1968 2163 178 45 arrêter,

156 2243 41 32 et
218 2242 233 32 retourner
482 2237 21 35 à
528 2232 144 49 Paris,
715 2233 114 38 mais
858 2229 225 41 l'honneur
1088 2262 7 14 ,
1138 2242 47 28 ce
1209 2237 92 32 mot
1330 2230 90 51 pris
1451 2229 112 39 dans
1588 2241 46 27 sa
1658 2227 211 42 véritable
1906 2229 241 51 acception,

157 2303 60 41 lui
241 2303 135 40 disoit
399 2312 8 28 :
434 2301 67 41 Tu
523 2314 48 27 as
594 2301 189 40 commis
816 2312 86 28 une
925 2298 135 48 faute,
1095 2298 29 40 il
1142 2296 91 42 faut
1256 2298 38 39 la
1317 2302 178 47 réparer
1517 2296 273 50 dignement,
1817 2305 44 31 et
1886 2310 77 39 par
1987 2304 38 32 ta
2050 2309 75 27 con-

157 2372 122 41 duite
304 2375 22 36 à
349 2371 125 40 venir
506 2378 39 32 te
570 2369 39 40 la
632 2368 108 41 faire
762 2368 268 52 pardonner.
1059 2366 97 42 Une
1193 2365 209 41 brillante
1425 2366 186 39 carrière
1628 2363 144 42 s'offre
1796 2369 21 35 à
1851 2366 75 49 toi,
1952 2365 132 40 sache
2097 2378 54 27 en

157 2439 184 55 profiter
356 2449 41 31 et
411 2439 38 40 la
471 2440 230 51 parcourir
717 2451 105 27 avec
845 2437 218 40 honneur.
1090 2434 63 41 Ce
1175 2448 160 39 penser
1349 2434 281 41 consolateur
1645 2435 147 39 venoit
1811 2448 58 26 un
1891 2446 81 39 peu
1991 2433 163 41 calmer

159 2510 38 40 le
221 2508 174 42 trouble
415 2509 52 40 de
488 2521 81 28 son
593 2510 114 47 âme,
747 2515 42 32 et
821 2514 109 33 cette
956 2505 140 40 douce
1119 2508 239 48 espérance
1384 2504 149 39 venoit
1557 2503 120 40 aussi
1698 2500 152 42 l'aider
1871 2505 21 37 à
1919 2502 234 52 reprendre

159 2592 209 37 courage,
392 2591 89 34 car,
507 2590 113 40 pour
642 2589 87 28 une
767 2577 128 52 jeune
929 2579 101 45 tête,
1056 2587 113 38 pour
1201 2586 86 27 une
1310 2576 85 37 tête
1433 2570 195 42 d'artiste
1668 2580 187 38 surtout,
1881 2569 274 56 l'Espérance

159 2654 57 34 est
233 2648 36 39 le
293 2646 168 40 Roman
486 2646 54 40 du
571 2660 134 26 cœur.
752 2643 174 41 Comme
959 2651 109 47 pour
1107 2657 120 32 nous,
1243 2648 179 48 pauvres
1444 2640 234 50 vieillards,
1714 2639 35 40 le
1784 2638 200 42 souvenir
2005 2653 51 26 en
2097 2643 61 35 est

160 2714 206 42 Vhistoire
387 2714 77 53 (2).

217 2798 20 25 «
263 2784 31 40 Il
319 2785 142 40 arrive
482 2781 120 43 enfin
630 2787 22 36 à
674 2782 248 46 Bordeaux,
945 2788 178 33 content
1145 2777 134 42 d'être
1303 2777 220 52 débloqué
1546 2777 52 40 de
1623 2789 79 28 son
1726 2776 145 48 coche,
1905 2778 111 38 mais
2039 2784 94 32 tour-

159 2857 148 38 menté
330 2867 79 38 par
431 2852 194 41 l'attente
648 2850 132 41 d'une
804 2855 188 47 réponse
1016 2853 21 36 à
1059 2862 45 27 sa
1127 2848 227 52 suplique;
1375 2847 27 39 il
1436 2845 233 50 demande,
1693 2845 27 39 il
1759 2846 262 51 questionne
2062 2852 93 32 tout

158 2923 39 41 le
221 2922 178 48 monde,
435 2921 156 52 depuis
615 2920 39 41 le
677 2924 156 36 maître
856 2928 40 31 et
918 2919 39 39 la
983 2922 231 36 maîtresse
1229 2916 54 40 de
1306 2914 241 50 l'auberge,
1571 2914 61 40 les
1654 2915 278 47 marmitons,
1958 2912 62 40 les
2044 2909 111 43 filles

160 2992 53 40 de
237 2992 182 46 service,
444 2998 41 33 et
507 2987 235 53 jusqu'aux
757 2988 139 40 valets
914 2987 24 40 d
960 2988 159 39 écurie.
1145 2985 228 40 Personne
1390 2980 68 43 n'a
1479 2982 193 42 entendu
1700 2982 144 51 parler
1880 2981 25 39 d
1925 2994 83 26 une
2033 2980 122 42 lettre

206 3158 50 41 (1)
279 3156 111 34 Henri
415 3157 132 32 Berton
572 3163 78 24 crut
670 3153 126 33 devoir
812 3152 87 33 faire
923 3150 173 43 précéder
1117 3160 64 21 son
1205 3148 110 33 étude
1333 3146 43 33 de
1399 3145 100 34 l'avis
1527 3144 143 33 suivant
1691 3156 7 20 :
1719 3155 15 20 «
1759 3144 62 31 Cet
1850 3141 124 41 espèce
1995 3141 43 31 de
2057 3140 99 36 livre,

163 3219 45 21 ou
246 3209 118 40 plutôt
388 3206 43 33 de
472 3205 156 42 journal,
669 3203 77 33 doit
769 3207 74 29 être
865 3212 179 31 parcouru
1087 3208 84 24 avec
1191 3203 124 27 autant
1339 3195 256 42 d'indulgence
1632 3203 69 33 que
1724 3193 57 42 j'ai
1802 3192 65 32 mis
1893 3201 66 30 peu
1993 3190 42 31 de
2076 3190 61 39 pré-

163 3257 139 34 tention
327 3256 174 33 littéraire
523 3257 18 30 à
577 3257 8 29 1
602 3253 123 34 écrire.
751 3252 48 33 Ce
823 3261 69 33 que
915 3251 48 43 j'y
997 3250 54 32 dis
1068 3256 52 26 est
1152 3250 31 30 le
1205 3247 141 32 résumé
1365 3245 61 32 des
1450 3243 79 34 faits
1555 3245 88 31 dont
1668 3242 58 42 jai
1749 3243 55 32 été
1830 3240 149 35 témoin,
2010 3239 43 32 de
2072 3248 87 22 ceux

162 3317 73 32 que
272 3306 58 42 j'ai
351 3304 182 35 recueillis
566 3305 140 40 d'après
736 3306 50 29 les
805 3301 120 38 récits,
960 3303 50 30 les
1033 3296 271 36 conversations
1327 3295 44 32 de
1394 3305 83 22 mon
1500 3296 98 39 père,
1630 3294 43 31 de
1688 3302 64 23 son
1769 3290 90 33 frère
1875 3288 124 37 Louis,
2033 3288 42 31 de
2093 3298 64 21 son

164 3356 70 33 ami
259 3356 167 36 Granier,
447 3355 46 31 du
511 3355 97 32 sieur
626 3353 164 33 Cavalier
812 3360 33 24 et
868 3351 156 32 d'autres
1044 3355 146 34 parents
1209 3353 32 25 et
1262 3345 88 32 amis
1370 3345 43 32 de
1435 3347 31 30 la
1492 3343 134 33 famille
1650 3343 147 31 Berton.
1819 3339 46 32 Le
1885 3338 95 32 sieur
1997 3336 163 33 Cavalier

162 3407 53 33 fut
232 3416 83 22 mon
340 3409 126 29 maître
486 3404 43 32 de
550 3402 151 43 solfège;
722 3401 93 34 l'ami
828 3400 167 36 Granier,
1016 3400 102 40 après
1135 3400 32 29 la
1188 3402 90 26 mort
1301 3394 44 32 de
1367 3404 82 22 mon
1470 3395 94 39 père,
1576 3402 36 22 se
1633 3393 156 39 chargea
1809 3389 42 32 de
1864 3387 190 33 continuer
2077 3396 80 21 mon

163 3456 195 34 éducation
382 3454 174 33 musicale
572 3464 93 31 pour
687 3456 31 29 le
734 3452 123 33 violon
881 3458 32 26 et
936 3453 33 30 la
986 3446 256 43 composition.
1270 3445 39 39 Je
1343 3444 68 32 cite
1434 3443 46 33 ici
1502 3452 57 23 ces
1592 3443 92 30 deux
1704 3438 159 34 derniers
1884 3439 17 30 à
1924 3436 153 34 dessein,
2101 3446 58 22 car

163 3516 39 23 ce
221 3514 81 25 sont
322 3515 67 23 eux
412 3504 76 42 qui,
516 3510 107 35 ayant
643 3502 94 34 suivi
755 3512 82 22 mon
855 3503 84 39 père
962 3499 88 33 dans
1070 3501 50 29 les
1143 3495 172 42 premiers
1332 3504 62 31 pas
1417 3494 42 32 de
1485 3504 37 21 sa
1547 3490 166 37 carrière,
1731 3500 32 20 m
1780 3495 60 25 ont
1858 3486 62 33 fait
1945 3489 31 29 le
1996 3487 101 31 nairé
2117 3486 43 32 de

165 3563 78 26 tout
269 3565 40 23 ce
331 3555 62 41 qui
429 3554 49 32 lui
499 3561 52 26 est
574 3553 141 33 advenu
744 3551 90 33 dans
859 3562 65 21 son
948 3550 122 41 séjour
1087 3549 17 30 à
1130 3545 202 32 Bordeaux.
1348 3556 15 16 »

207 3604 48 42 (2)
280 3603 111 35 Henri
417 3604 149 32 Montan
591 3603 133 33 Berton
754 3600 86 35 était
857 3601 66 41 âgé
946 3598 43 33 de
1008 3598 45 42 69
1086 3607 62 21 ans
1179 3593 162 42 lorsqu'il
1365 3592 146 42 rédigea
1528 3600 57 24 ces
1607 3589 196 42 fragments
1827 3587 43 32 de
1889 3586 204 31 Mémoires.
