2306 3886
776 261 146 32 COURS
957 262 58 28 DU
1051 250 200 39 COLLÈGE
1287 260 56 25 DE
1378 255 171 31 FRANCE

167 274 72 42 372

161 368 104 41 ville
278 367 53 39 de
350 363 205 43 Pandion
578 358 248 51 (Athènes),
858 368 130 39 soyez
1012 352 155 41 fidèles
1197 355 22 36 à
1251 349 214 42 observer
1487 349 114 39 dans
1625 346 64 41 les
1732 345 112 41 fêtes
1868 345 62 41 les
1962 346 101 41 rites
2090 363 48 27 an-

166 438 145 49 tiques
338 448 8 33 ;
365 430 220 43 n'oubliez
607 440 80 41 pas
705 428 39 39 le
765 425 102 42 dieu
892 423 221 52 Dionysos
1136 434 10 34 ;
1174 419 244 42 rendez-lui
1435 426 99 32 tous
1550 414 249 51 ensemble,
1816 414 113 40 dans
1947 414 62 40 les
2028 429 115 30 carre-

166 505 137 40 fours,
325 501 63 41 les
404 500 227 41 honneurs
655 496 284 41 accoutumés
962 503 11 39 ;
998 487 300 44 immolez-lui
1318 487 79 40 des
1420 486 203 41 victimes
1643 498 78 28 sur
1741 484 62 40 les
1837 482 159 50 autels,
2023 484 38 42 la
2088 491 77 37 tête

166 576 132 36 ornée
320 570 53 39 de
396 579 264 29 couronnes.
688 578 20 24 »

238 639 155 40 AUTRE
415 649 170 27 ORACLE
611 647 54 26 DE
688 632 226 40 DELPHES.
1009 626 117 42 «On
1147 625 91 42 fera
1275 625 79 41 des
1397 622 224 43 sacrifices
1665 631 42 32 et
1731 635 57 28 on
1823 621 230 42 adressera
2092 625 73 41 des

164 709 164 51 prières
351 718 114 39 pour
487 703 39 40 la
552 706 125 37 santé
699 701 77 40 des
811 702 196 49 citoyens
1032 710 55 26 au
1110 696 240 40 souverain
1376 694 78 39 des
1479 693 148 48 dieux,
1647 696 22 35 à
1694 690 208 51 Hercule,
1928 705 55 26 au
2025 696 137 46 grand

165 774 208 54 Apollon.
395 771 72 42 On
484 771 90 41 fera
598 771 78 40 des
699 769 213 41 libations
932 767 112 40 dans
1068 766 63 39 les
1155 762 252 43 carrefours
1431 775 114 39 pour
1561 761 38 39 la
1622 760 250 53 prospérité
1895 759 54 40 de
1972 759 39 41 la
2034 761 99 41 ville
2155 779 7 33 ;

164 858 55 26 on
238 844 193 51 formera
463 840 69 40 des
557 839 163 40 choeurs
733 853 12 33 ,•
769 851 57 28 on
856 844 174 45 portera
1057 833 78 41 des
1174 844 253 29 couronnes
1461 832 180 39 suivant
1670 842 61 28 ies
1773 830 104 39 rites
1901 830 258 51 antiques...

162 912 188 40 Elevant
373 910 76 40 des
466 910 146 39 mains
636 920 133 40 pures
790 919 99 28 vers
928 913 100 32 tous
1049 903 64 40 les
1135 902 131 40 dieux
1289 910 43 31 et
1356 908 145 33 toutes
1528 900 64 40 les
1615 898 182 40 déesses
1830 897 54 41 de
1924 894 237 58 l'Olympe,

164 994 55 27 on
244 980 95 40 leur
362 979 274 49 témoignera
655 976 41 40 la
719 976 371 40 reconnaissance
1109 984 114 40 pour
1255 970 63 40 les
1343 968 178 41 faveurs
1541 980 169 38 reçues.

217 1046 185 43 ORACLE
423 1061 56 25 DE
497 1035 201 58 DODONE.
784 1035 29 58 «
842 1035 143 58 Voici
1008 1054 47 27 ce
1076 1053 84 40 que
1183 1052 114 27 vous
1324 1038 202 41 ordonne
1548 1037 40 40 le
1607 1040 147 49 prêtre
1774 1035 53 41 de
1847 1035 171 54 Jupiter
2042 1052 7 25 :
2085 1039 54 39 im-

162 1116 139 41 molez
338 1119 22 36 à
384 1114 238 52 Dionysos,
649 1121 250 45 protecteur
921 1111 58 40 du
1018 1108 177 54 peuple,
1221 1121 87 27 une
1345 1108 179 39 victime
1548 1119 105 28 sans
1693 1104 127 42 tache
1845 1115 9 38 ;
1896 1104 192 42 honorez
2122 1121 43 27 ce

161 1186 101 40 dieu
284 1198 79 38 par
393 1183 78 40 des
510 1181 213 41 libations
764 1190 41 31 et
845 1188 78 47 par
959 1180 72 38 des
1066 1177 220 41 chœurs...
1333 1176 148 40 Faites
1505 1183 151 45 porter
1696 1174 79 40 des
1808 1186 250 28 couronnes
2088 1190 75 26 aux

161 1254 204 40 hommes
382 1251 151 49 libres,
559 1260 119 31 etc...
705 1265 17 20 »
747 1248 69 41 En
846 1258 100 31 tous
970 1260 126 40 pays,
1120 1247 53 40 de
1194 1246 83 41 tels
1301 1258 166 38 usages
1487 1253 77 32 ont
1588 1248 70 36 été
1684 1256 106 28 ceux
1809 1242 54 41 de
1886 1242 38 40 la
1950 1246 160 48 magie.

216 1321 62 41 Le
298 1320 151 53 rappel
470 1320 54 39 de
539 1333 71 26 ces
632 1319 320 52 prescriptions
971 1317 240 40 lointaines
1227 1314 209 53 explique
1458 1312 105 42 bien
1587 1313 241 52 pourquoi,
1863 1326 55 27 au
1941 1321 143 33 centre
2115 1314 49 41 de

165 1389 268 48 l'orchestre,
459 1389 112 39 dans
586 1388 39 40 le
649 1388 169 40 théâtre
841 1399 119 38 grec,
982 1385 28 40 il
1034 1400 27 38 y
1094 1386 117 39 avait
1236 1398 58 26 un
1316 1383 117 40 autel
1457 1382 236 52 (thymélé)
1719 1395 10 35 ;
1749 1381 30 40 il
1804 1390 174 33 montre
2015 1396 81 38 que
2131 1385 32 38 si

162 1472 87 28 une
266 1458 351 52 représentation
630 1456 282 52 dramatique
934 1456 105 39 était
1061 1452 186 42 d'abord
1263 1465 87 28 une
1364 1451 85 42 fête
1468 1451 242 49 nationale,
1736 1449 105 42 c'est
1863 1464 129 39 parce
2011 1449 150 54 qu'elle

162 1529 105 40 était
289 1526 184 42 d'abord
498 1539 86 27 une
606 1524 85 41 fête
712 1525 252 50 religieuse,
987 1533 56 35 et,
1073 1530 294 45 auparavant,
1393 1536 60 26 un
1475 1530 94 31 acte
1590 1521 53 40 de
1664 1521 167 49 magie.

216 1595 127 42 Voici
362 1608 86 28 une
471 1595 56 40 loi
550 1594 109 40 —la
685 1592 200 42 fameuse
910 1593 56 39 loi
990 1591 280 51 d'Evagoras
1385 1604 86 39 que
1517 1589 230 52 reproduit
1768 1588 316 49 Démosthène,
2123 1601 39 31 et

161 1666 91 51 qui,
277 1666 173 38 animée
473 1664 53 39 de
549 1662 167 53 l'esprit
755 1662 77 40 des
870 1663 128 38 vieux
1032 1660 186 49 oracles,
1242 1675 28 37 y
1310 1660 148 52 ajoute
1487 1672 87 28 une
1609 1659 299 52 prescription
1950 1660 211 51 curieuse,

160 1737 307 47 conséquence
489 1731 217 40 naturelle
722 1731 59 40 du
807 1731 153 39 devoir
983 1730 214 50 religieux
1223 1728 316 42 recommandé
1571 1742 8 26 :

217 1815 20 24 «
270 1798 252 55 Lorsqu'on
541 1799 171 41 célèbre
736 1799 62 40 les
821 1799 108 40 fêtes
969 1799 54 40 de
1056 1798 282 53 Dionysos...
1358 1806 81 45 par
1460 1798 72 39 des
1555 1797 218 54 tragédies
1796 1803 36 34 et
1867 1797 73 40 des
1962 1797 198 40 comédies

164 1902 43 8 ...
235 1884 96 26 avec
353 1869 70 40 des
439 1875 169 48 troupes
630 1869 50 38 de
684 1868 156 53 jeunes
861 1882 106 39 gens
990 1874 36 33 et
1049 1867 71 40 des
1160 1867 166 40 chœurs
1374 1867 53 40 de
1452 1866 230 41 musiciens
1700 1897 46 9 ...
1779 1865 34 40 il
1849 1881 50 25 ne
1919 1881 94 25 sera
2044 1866 118 55 point

158 1937 174 55 permis,
358 1938 108 39 dans
483 1936 58 40 les
552 1937 129 53 jours
705 1939 221 37 consacrés
950 1940 22 36 à
996 1950 65 26 ces
1079 1936 121 51 fêtes,
1239 1937 51 39 de
1309 1936 188 54 prendre
1520 1936 72 39 des
1615 1949 158 40 gages,
1799 1935 50 40 de
1891 1935 92 40 rien
2025 1935 139 54 exiger

159 2007 50 39 de
224 2014 230 46 personne,
480 2006 51 38 de
553 2020 105 25 ceux
677 2008 154 37 mêmes
849 2005 73 53 qui
945 2011 143 34 seront
1120 2020 50 24 en
1202 2006 146 39 retard
1367 2013 112 46 pour
1508 2003 255 41 ïexécution
1801 2005 27 39 d
1847 2019 56 25 un
1917 2005 240 53 jugement.

161 2074 250 54 Quiconque
435 2073 250 55 enfreindra
708 2079 100 35 cette
831 2072 61 41 loi
923 2081 163 47 pourra
1120 2076 82 38 être
1230 2076 147 38 accusé
1397 2082 80 46 par
1500 2088 105 26 ceux
1644 2074 206 54 auxquels
1877 2073 34 41 il
1948 2088 104 25 aura
2087 2072 77 53 fait

157 2142 190 41 violence
364 2153 15 40 ;
405 2157 56 25 on
484 2150 160 46 pourra
663 2148 146 46 porter
828 2142 164 54 plainte
1015 2149 145 33 contre
1180 2142 63 40 lui
1258 2143 108 39 dans
1389 2142 27 40 F
1420 2142 230 40 assemblée
1671 2143 57 40 du
1748 2142 152 54 temple
1928 2143 50 39 de
1996 2142 135 53 Diony-

157 2225 67 25 sos
248 2211 63 39 :il
332 2225 94 26 sera
442 2210 224 54 poursuivi
685 2225 159 25 comme
868 2217 132 46 ayant
1021 2211 112 40 violé
1155 2211 42 40 la
1214 2211 180 40 sainteté
1407 2212 51 39 de
1479 2211 39 40 la
1532 2210 103 54 fête,
1654 2218 37 34 et
1717 2227 55 25 on
1790 2212 38 39 le
1832 2211 165 54 jugera
2016 2225 147 26 comme

158 2294 55 25 on
234 2279 104 54 juge
353 2285 89 34 tout
457 2279 209 41 violateur
688 2278 124 41 d'une
833 2281 98 49 fête.
957 2293 19 24 »
995 2279 299 54 Aujourd'hui
1312 2293 177 35 encore,
1508 2281 164 41 durant
1694 2294 81 28 nos
1797 2280 110 42 fêtes
1925 2279 229 48 officielles,

159 2349 62 40 les
245 2349 256 51 opérations
520 2348 334 41 commerciales
875 2357 102 32 sont
1015 2349 282 52 suspendues
1320 2359 41 31 et
1382 2349 63 41 les
1469 2350 245 40 échéances
1740 2350 241 41 retardées.

216 2415 85 42 Ces
322 2417 207 40 textes-là
549 2416 192 41 forment
766 2431 113 38 pour
902 2418 114 40 ainsi
1039 2418 94 40 dire
1157 2418 63 40 les
1244 2420 166 39 assises
1437 2419 53 39 de
1514 2419 38 39 la
1578 2419 361 41 démonstration
1963 2432 82 39 que
2069 2425 92 33 veut

161 2484 108 41 faire
288 2494 126 32 notre
443 2486 142 49 grand
611 2494 170 40 avocat,
802 2495 42 32 et
874 2485 217 42 l'histoire
1106 2487 60 40 du
1188 2487 172 41 théâtre
1374 2488 174 52 lyrique
1585 2488 64 41 les
1674 2488 208 41 recueille
1905 2500 168 28 comme
2091 2487 71 39 des

162 2553 261 41 documents
443 2554 53 40 de
512 2556 219 50 première
747 2556 293 51 importance.
1066 2555 129 42 Voici
1231 2558 366 43 maintenant.un
1633 2562 165 48 exposé
1832 2558 54 40 de
1923 2556 99 42 faits
2060 2558 81 38 inté-

164 2630 172 32 ressant
371 2620 216 43 l'histoire
628 2624 52 40 de
716 2624 41 40 la
795 2624 273 41 démocratie
1096 2639 211 39 grecque,
1342 2625 108 41 celle
1493 2626 59 41 du
1587 2627 172 40 théâtre
1793 2627 189 52 lyrique,
2018 2634 54 40 et,
2114 2638 48 26 en

164 2690 269 52 particulier,
458 2691 106 40 celle
586 2691 58 40 du
669 2693 206 50 chorège.
899 2693 112 40 Bien
1035 2693 165 53 qu'une
1237 2695 252 41 traduction
1515 2697 86 40 soit
1623 2701 89 36 très
1735 2695 292 47 insuffisante,
2063 2692 99 54 j'use

165 2758 52 40 de
237 2758 107 40 celle
361 2756 98 54 qu'a
484 2758 103 41 faite
605 2759 145 42 l'abbé
770 2761 154 51 Auger
964 2775 113 40 pour
1101 2763 159 41 laisser
1291 2763 40 40 la
1371 2764 153 52 parole
1545 2778 55 27 au
1625 2765 236 52 plaignant
1904 2764 253 40 lui-même:

222 2839 20 25 «
263 2825 167 53 Depuis
459 2829 108 40 trois
588 2842 94 34 ans,
723 2829 63 41 dit
805 2829 320 52 Démosthène,
1164 2832 28 40 il
1223 2832 74 53 n'y
1330 2834 117 40 avait
1482 2847 82 39 pas
1602 2847 54 27 eu
1693 2834 54 40 de
1770 2834 191 50 chorège
1990 2832 108 40 dans
2121 2830 35 40 la

167 2893 117 42 tribu
308 2893 282 44 Pandionide
621 2896 230 51 (entendez
880 2914 7 25 :
922 2900 109 40 dans
1050 2915 99 25 mon
1183 2901 399 51 arrondissement).
1608 2900 73 44 On
1725 2904 137 42 tenait
1895 2898 269 44 l'assemblée

165 2963 112 40 dans
296 2964 192 51 laquelle
525 2965 39 40 la
586 2966 56 40 loi
679 2966 201 42 ordonne
919 2973 22 35 à
981 2969 246 43 l'archonte
1265 2970 53 41 de
1342 2973 104 39 tirer
1482 2985 56 27 au
1560 2981 91 31 sort
1676 2972 39 40 le
1740 2973 217 39 musicien
1980 2970 71 53 qui
2075 2968 87 40 doit

167 3031 211 41 conduire
395 3031 63 41 les
482 3033 191 41 chœurs.
694 3033 72 43 On
787 3050 46 26 se
852 3035 150 44 faisait
1016 3039 341 42 mutuellement
1378 3040 77 41 des
1484 3041 256 52 reproches.
1778 3040 264 41 L'archonte
2079 3034 85 44 s'en

166 3102 172 50 prenait
367 3115 82 26 aux
478 3102 387 44 administrateurs
889 3106 54 41 de
965 3107 41 40 la
1031 3107 134 52 tribu,
1193 3118 42 31 et
1253 3111 169 39 ceux-ci
1442 3114 21 35 à
1484 3109 261 42 l'archonte.
1770 3109 130 42 Alors
1924 3109 37 52 je
1985 3104 175 44 m'offris

166 3168 54 40 de
242 3170 263 40 moi-même
529 3184 113 36 pour
664 3175 90 38 être
771 3174 206 52 chorège.
992 3175 62 42 Le
1073 3186 91 33 sort
1184 3191 69 28 me
1270 3191 189 40 procura
1485 3177 253 53 l'avantage
1761 3179 54 41 de
1838 3178 178 48 choisir,
2039 3180 124 36 avant

166 3250 95 28 mes
281 3239 169 49 rivaux,
470 3239 10 39 1
500 3239 180 41 homme
705 3241 38 40 le
780 3243 101 50 plus
912 3246 208 40 essentiel
1166 3247 59 41 du
1262 3247 156 41 chœur
1440 3246 56 52 (le
1529 3247 256 54 coryphée).
1819 3245 343 55 Applaudissant

167 3314 99 32 tous
287 3320 55 26 au
364 3306 90 41 zèle
473 3320 103 27 avec
607 3307 145 53 lequel
776 3310 37 51 je
837 3308 170 45 m'étais
1032 3313 126 42 offert
1179 3324 41 32 et
1244 3320 21 35 à
1292 3316 39 40 la
1348 3315 179 42 fortune
1563 3318 76 50 qui
1657 3316 11 40 l
1689 3318 119 39 avait
1827 3315 207 47 favorisé,
2058 3322 103 29 vous

165 3376 298 50 témoignâtes
487 3380 21 35 à
543 3376 11 39 1
574 3379 99 38 envi
703 3386 125 33 votre
857 3390 330 35 contentement
1212 3398 79 38 par
1332 3384 63 42 les
1428 3386 384 41 démonstrations
1836 3385 62 41 les
1938 3383 97 53 plus
2057 3379 84 42 écla-

164 3450 157 33 tantes.
348 3442 163 43 Midias
537 3445 93 40 seul
649 3459 54 27 en
741 3445 65 42 fut
846 3447 181 44 offensé.
1056 3465 19 24 »

220 3511 63 40 Ce
304 3511 166 42 Midias
491 3516 104 38 était
619 3514 10 39 1
649 3518 177 38 ennemi
848 3521 238 47 personnel
1109 3522 53 40 de
1182 3521 321 44 Démosthène.
1531 3522 73 51 Ici,
1631 3525 28 40 il
1684 3526 207 40 convient
1931 3523 52 40 de
2014 3529 148 44 penser

162 3582 22 36 à
209 3592 69 27 ces
303 3582 195 40 rivalités
522 3581 25 41 d
567 3583 236 51 influence,
826 3589 22 36 à
873 3600 70 27 ces
964 3588 158 43 haines
1141 3590 236 54 furieuses,
1399 3597 21 37 à
1446 3607 71 27 ces
1538 3607 20 25 «
1585 3598 215 48 tempêtes
1824 3593 112 41 dans
1972 3604 57 27 un
2047 3596 114 32 verre
