2306 3886
166 254 82 53 386

623 263 55 28 UN
710 252 208 36 CHORÈGE
948 256 216 28 MODERNE
1189 254 8 28 I
1233 256 265 27 ALEXANDRE
1531 254 180 29 CHORON

162 358 124 47 belle
316 355 139 52 voix;
487 353 31 45 il
543 351 176 46 chante
758 345 319 65 quelquefois
1100 362 137 30 assez
1266 344 134 57 bien,
1434 343 128 47 mais
1595 341 35 47 il
1661 341 79 46 n'a
1769 340 52 47 ni
1847 338 319 64 intelligence

162 438 50 46 ni
233 438 202 46 chaleur
456 449 10 42 ;
488 449 61 31 en
570 443 160 43 outre,
751 430 118 46 c'est
892 443 68 33 un
984 439 169 36 acteur
1174 425 291 50 détestable.
1484 425 64 46 Ils
1572 435 116 35 sont
1712 421 314 59 maintenus,
2046 420 126 47 mais

163 522 161 58 jugés.

225 600 94 45 Les
348 595 290 56 doublures,
659 594 71 46 les
765 592 212 48 femmes
1017 603 216 46 surtout,
1277 605 59 31 ne
1365 600 115 36 sont
1517 604 87 47 pas
1645 588 115 62 plus
1791 588 295 61 épargnées,
2129 598 44 34 et

163 679 189 62 quelles
382 687 143 37 notes
546 682 8 39 !
597 673 224 58 Celle-ci,
857 673 130 61 sujet
1023 672 219 63 ignoble,
1277 687 114 30 sans
1416 684 212 48 moyens
1650 665 345 64 aujourd'hui,
2023 666 124 46 entiè-

160 772 193 34 rement
376 760 116 45 usée
518 758 94 62 (1)5
638 755 208 55 celle-là,
877 753 114 48 voix
1030 755 122 46 dure
1184 766 46 34 et
1265 752 327 63 glapissante,
1627 749 250 47 maintien
1901 748 191 63 gauche
2125 760 44 33 et

162 843 58 44 de
250 839 225 47 mauvais
523 843 138 58 goût,
695 838 155 46 sifflée
888 852 89 47 par
1016 837 43 45 le
1106 835 169 63 public
1297 854 11 36 ;
1353 834 136 59 telle,
1522 849 89 47 par
1650 847 93 32 son
1786 830 316 59 inconduite,
2147 847 24 29 a

163 922 156 62 perdu
349 920 267 59 fraîcheur,
649 919 179 47 beauté
859 931 45 34 et
937 917 114 47 voix
1073 937 12 36 ;
1124 918 113 46 telle
1260 927 141 35 autre
1425 915 137 46 enfin
1592 926 73 34 est
1702 912 184 58 vieille,
1913 912 150 57 laide,
2096 912 75 45 n'a

158 1003 175 61 jamais
362 1018 61 32 eu
446 1004 60 45 de
543 1002 115 47 voix
695 1000 51 47 ni
783 1017 57 30 su
870 1016 69 30 un
972 1012 106 34 mot
1108 1000 59 46 de
1193 998 254 62 musique.
1475 998 193 46 Toutes
1712 1007 114 34 sont
1849 998 27 43 à
1906 994 262 46 réformer.

160 1087 45 44 A
235 1084 245 47 réformer
518 1082 135 48 aussi
682 1098 80 31 ces
790 1080 245 47 choristes
1078 1092 115 51 trop
1223 1079 212 59 vieilles,
1461 1077 348 63 désagréables
1839 1075 174 59 avoir,
2040 1075 106 46 désa-

1204 1145 10 10 «

162 1166 223 63 gréables
408 1168 27 43 à
457 1164 256 47 entendre.
744 1166 64 44 Et
838 1174 112 36 tout
990 1178 53 31 ce
1073 1162 187 47 monde
1291 1159 195 48 maudit
1517 1159 43 46 le
1606 1158 252 63 régisseur
1887 1157 201 62 général
2129 1169 43 33 et

160 1244 87 49 fait
271 1246 105 63 agir
395 1262 78 31 ses
497 1256 330 53 protecteurs.
855 1242 225 58 Persuis,
1117 1246 203 43 menacé
1345 1243 125 46 dans
1505 1256 78 30 ses
1622 1239 274 56 fonctions,
1932 1238 240 47 s'adresse

160 1332 26 42 à
217 1327 254 63 Spontini.
504 1327 240 47 L'auteur
763 1327 60 46 de
854 1326 47 47 la
932 1324 190 47 Vestale
1146 1322 251 63 multiplie
1423 1323 69 46 les
1523 1321 300 46 démarches
1844 1336 62 30 en
1928 1336 53 30 sa
2004 1319 169 47 faveur

156 1422 65 47 et,
247 1411 125 45 dans
409 1425 99 31 une
539 1409 144 47 lettre
718 1425 59 30 au
810 1407 265 47 secrétaire
1113 1406 205 62 général
1357 1406 59 45 de
1456 1406 44 44 la
1525 1403 202 47 Maison
1763 1403 69 47 du
1876 1402 94 59 roi,
1994 1402 32 47 il
2055 1402 119 47 écrit

159 1505 79 31 ces
268 1489 245 47 aménités
544 1493 25 43 à
592 1489 185 64 l'égard
802 1489 59 46 de
903 1487 210 49 Choron
1138 1506 10 29 ;
1181 1503 26 30 «
1235 1486 68 49 Ce
1334 1486 331 47 malheureux
1688 1482 188 65 Opéra,
1903 1483 265 47 moribond

159 1587 196 33 comme
385 1572 32 46 il
442 1583 92 46 est,
559 1572 124 46 a-t-il
705 1571 177 47 besoin
918 1571 214 47 d'autres
1158 1585 158 47 coups
1341 1582 130 48 pour
1494 1567 197 62 expirer
1720 1582 96 47 que
1838 1582 123 31 ceux
1990 1566 124 45 dont
2139 1566 29 47 il

159 1666 74 34 est
261 1655 171 60 frappé
451 1668 89 47 par
568 1653 220 62 l'inepte,
816 1651 303 63 tyrannique
1142 1663 47 35 et
1212 1649 203 64 ignoble
1444 1648 416 47 administration
1877 1647 214 48 actuelle
2107 1648 17 45 ?
2149 1667 19 24 »

248 1733 382 49 Nommez-moi
656 1735 266 55 directeur,
968 1732 168 61 ajoute
1180 1729 258 65 Spontini,
1471 1731 107 61 qui,
1604 1729 125 47 trois
1759 1745 90 31 ans
1881 1729 165 63 après,
2092 1745 56 30 en-

158 1816 169 62 voyait
352 1817 85 46 des
469 1816 169 47 lettres
670 1816 241 46 aimables
935 1817 25 45 à
977 1813 129 49 celui
1133 1815 119 62 qu'il
1278 1812 298 63 vilipendait
1599 1829 62 30 en
1693 1811 186 63 pareils
1904 1823 204 36 termes.
2133 1812 35 44 Il

159 1909 72 34 est
261 1896 105 47 vrai
404 1897 149 61 qu'en
581 1896 182 47 février
813 1896 138 57 1816,
986 1896 42 46 le
1057 1897 166 47 même
1259 1893 239 64 Spontini
1529 1893 131 47 avait
1691 1893 247 47 demandé
1960 1909 95 45 que
2077 1892 91 47 l'on

158 1980 153 61 reprit
333 1994 90 30 son
451 1976 241 49 Fernand
1312 1978 174 61 Corte\
912 2013 10 24 ,
964 1989 47 34 et
1035 1976 210 48 Choron
1269 1975 133 48 avait
1423 1976 229 62 répondu
1678 1975 373 47 officiellement
2075 1990 92 47 que

156 2060 45 45 la
230 2060 235 62 musique
490 2060 59 47 de
572 2071 76 36 cet
677 2075 215 47 ouvrage
924 2058 119 47 était
1067 2079 22 23 «
1117 2058 332 49 embrouillée
1475 2071 47 34 et
1546 2057 362 64 inapprenable
1937 2077 39 27 ».

222 2141 69 46 Le
324 2141 252 61 régisseur
597 2141 200 62 général
823 2157 26 30 a
885 2140 119 47 l'œil
1030 2156 87 31 sur
1141 2151 138 36 toute
1305 2156 52 31 sa
1387 2152 203 51 troupe.
1625 2140 39 45 Il
1688 2138 255 59 surveille,
1967 2137 199 47 stimule

155 2237 67 32 un
253 2234 169 35 acteur
445 2237 195 32 comme
667 2222 240 62 Lavigne,
930 2222 394 62 physiquement
1348 2221 117 48 bien
1494 2222 148 60 doué,
1668 2221 125 48 mais
1815 2236 285 48 paresseux.
2131 2221 35 44 Il

156 2302 254 64 distingue
441 2305 124 45 dans
591 2306 43 44 la
658 2303 136 47 foule
826 2305 86 45 des
955 2303 183 47 talents
1180 2305 156 61 qu'on
1353 2315 120 51 peut
1501 2303 309 63 développer
1837 2320 11 42 ;
1884 2323 20 22 «
1937 2302 30 46 il
1994 2302 69 46 les
2086 2300 82 47 fait

158 2385 271 59 travailler,
461 2386 71 46 les
556 2397 103 35 met
690 2401 62 31 en
775 2386 168 46 bonne
979 2385 139 45 main
1144 2405 40 28 ».

220 2465 137 48 Pour
380 2481 269 46 personne,
682 2466 33 47 il
752 2467 219 46 n'admet
1000 2466 348 47 d'infractions
1390 2483 96 31 aux
1524 2466 324 62 règlements.
1884 2464 216 59 Dérivis,
2135 2466 31 50 à.

156 2547 45 46 la
225 2547 67 46 fin
324 2547 58 46 de
416 2549 139 53 1816,
587 2559 74 35 est
690 2547 129 63 parti
856 2563 130 47 pour
1015 2547 41 47 le
1086 2547 146 60 Midi,
1273 2564 115 30 sans
1412 2547 329 64 permission,
1766 2559 47 35 et
1835 2547 33 47 il
1894 2564 25 30 a
1943 2547 223 63 emporté

154 2643 98 31 une
280 2629 298 61 garde-robe
600 2629 86 62 qui
706 2629 286 62 appartient
1015 2631 25 43 à
1071 2627 221 64 l'Opéra.
1316 2629 84 48 On
1424 2630 230 62 apprend
1679 2629 121 63 qu'il
1821 2640 74 36 est
1924 2632 26 44 à
1975 2629 188 47 Nîmes.

156 2706 207 50 Choron
382 2709 239 45 s'adresse
647 2709 438 47 immédiatement
1108 2712 25 44 à
1151 2710 44 47 la
1225 2709 165 48 Police
1415 2711 230 62 générale
1670 2725 130 48 pour
1828 2711 153 62 qu'on
2007 2710 160 46 donne

155 2790 147 44 ordre
339 2805 60 31 au
451 2790 156 62 préfet
657 2791 66 46 du
767 2790 139 48 Gard
944 2791 58 46 de
1034 2806 245 47 renvoyer
1313 2792 44 46 le
1381 2791 301 64 délinquant
1721 2795 28 43 à
1790 2791 163 60 Paris,
1989 2803 46 34 et
2056 2804 112 33 sous

156 2883 206 35 escorte.
398 2871 217 62 Lavigne
647 2874 80 44 n'a
757 2884 123 51 paru
918 2874 25 44 à
982 2886 193 33 aucune
1213 2872 273 64 répétition
1525 2874 88 47 des
1636 2874 343 62 Abencérages
2004 2890 14 29 :
2049 2869 118 49 trois

155 2965 139 34 cents
316 2954 169 45 francs
509 2955 260 46 d'amende
800 2966 47 35 et
890 2954 110 48 huit
1030 2955 139 61 jours
1198 2958 60 45 de
1275 2956 192 62 prison,
1491 2972 83 31 car
1602 2972 66 31 on
1693 2955 269 48 enfermait
1994 2968 170 34 encore

158 3035 68 44 les
249 3045 194 36 acteurs
474 3039 25 42 à
523 3035 257 62 l'Abbaye.
813 3034 84 49 On
939 3052 228 33 annonce
1207 3053 98 47 que
1345 3038 123 47 trois
1500 3038 175 61 sujets,
1706 3039 255 58 Lecomte,
1990 3038 147 44 Levas-

158 3132 114 30 seur
295 3129 47 34 et
366 3119 198 61 Bégret,
588 3129 89 34 ont
697 3119 86 46 des
810 3132 359 50 engagements
1190 3135 131 47 pour
1350 3120 348 62 l'Angleterre.
1729 3121 232 47 D'autres
1993 3134 48 32 se
2059 3132 82 48 pro-

156 3210 182 49 posent
366 3198 60 47 de
457 3198 157 62 partir
652 3214 114 31 avec
816 3214 115 32 eux.
964 3199 84 49 On
1078 3215 63 32 en
1179 3200 277 48 informera
1499 3201 42 46 le
1583 3201 160 64 préfet
1772 3203 61 45 de
1867 3200 177 65 police,
2084 3195 82 65 qui

158 3280 223 47 refusera
403 3280 70 47 les
502 3292 307 50 passeports.
842 3280 84 50 On
968 3297 62 31 ne
1070 3283 228 48 doublait
1325 3299 85 47 pas
1440 3284 70 47 les
1542 3284 131 47 rôles
1694 3285 88 47 des
1811 3288 181 58 opéras
2012 3293 46 37 et
2084 3280 82 46 des

159 3363 177 45 ballets
361 3375 10 33 :
398 3378 86 32 sur
506 3363 44 45 la
587 3361 319 63 proposition
930 3365 60 46 de
1014 3363 227 59 Choron,
1266 3365 42 46 le
1330 3364 234 48 ministre
1594 3366 60 47 de
1684 3366 47 46 la
1764 3365 201 48 Maison
1989 3365 65 46 du
2094 3358 69 50 roi

209 3523 53 49 (1)
289 3522 90 38 Elle
408 3522 220 51 s'appelait
646 3523 200 40 Jaunard.
864 3523 92 39 Elle
986 3525 75 38 dut
1080 3523 156 51 quitter
1258 3525 184 50 l'Opéra.
1476 3527 65 37 En
1569 3526 117 52 1819,
1707 3526 177 39 Choron
1917 3526 38 38 la
1979 3530 186 33 retrouva

157 3584 21 37 à
201 3584 226 41 Marseille.
453 3586 58 38 La
530 3584 295 40 malheureuse
848 3598 52 26 ne
923 3595 76 41 put
1022 3587 85 38 être
1131 3589 230 49 supportée
1384 3601 74 38 par
1478 3589 38 39 le
1536 3589 164 50 public.
