3345 4417
199 4310 54 28 446

202 136 65 28 eine
299 135 82 27 wilde
414 134 177 35 grossartige
618 133 130 34 Sprache
776 133 50 25 der
852 132 92 26 Natur
969 131 51 33 sei,
1049 131 44 27 die
1121 138 54 19 uns

201 186 91 29 sagen
329 179 92 33 wolle,
457 179 68 27 dass
557 178 50 27 wir
643 179 52 26 das
723 178 98 27 Leben
849 192 33 3 —
910 177 52 27 das
997 175 178 36 grossartige

202 225 160 27 Weltleben
388 240 36 2 —
450 223 131 28 schärfer
608 222 43 28 ins
677 223 81 34 Auge
785 222 99 27 fassen
913 222 141 27 müssten.

273 278 49 27 Als
358 286 56 19 nun
450 277 44 28 die
523 276 333 35 Deliriumsphantasien
890 275 131 28 bekannt
1046 275 130 32 wurden,

200 324 135 26 wandten
362 322 60 28 sich
452 322 44 28 die
522 322 105 28 Aerzte
655 322 58 27 und
741 320 159 28 Gelehrten
934 327 36 20 an
998 320 56 26 den
1083 318 92 28 Herrn

202 367 158 28 Bartmann
389 367 49 27 mit
463 367 174 27 lächelnden
664 366 118 28 Mienen
810 366 59 26 und
896 365 86 27 baten
1009 364 58 33 ihn,
1093 362 82 30 seine

200 412 142 35 Meinung
379 420 37 20 zu
454 418 91 28 sagen
570 426 37 4 —
633 412 37 27 ob
711 411 45 27 die
784 411 130 33 Sprache
955 411 51 26 der
1037 409 137 28 Kranken

199 458 76 26 auch
302 457 65 28 eine
395 457 128 35 Sprache
551 458 51 26 der
627 456 91 27 Natur
744 454 51 28 sei.

274 512 65 27 Und
360 511 42 27 als
423 519 59 19 nun
504 512 51 26 der
576 510 74 28 Herr
671 510 159 28 Bartmann
859 508 45 28 die
925 508 249 28 Deliriumsreden

201 557 51 26 der
279 555 137 29 Kranken
451 555 49 27 mit
534 555 124 35 eigenen
687 554 102 28 Ohren
817 554 93 32 hörte,
937 554 79 27 ward
1044 560 31 20 er
1100 559 75 28 ganz

199 600 127 28 verwirrt
352 602 58 26 und
436 600 105 35 sprach
570 599 373 34 unzusammenhängende
969 598 108 28 Worte.

273 654 45 28 Da
356 654 164 28 fürchteten
560 654 45 27 die
631 654 105 28 Aerzte
774 653 46 27 für
858 654 55 26 den
941 653 146 27 Verstand
1124 653 52 26 des

200 699 94 28 Herrn
322 699 158 28 Bartmann
519 700 57 27 und
614 699 108 28 Hessen
759 698 47 28 ihn
844 697 77 28 nicht
957 698 82 27 mehr
1075 697 26 27 in
1131 696 44 28 die

202 743 262 30 Krankenzimmer
490 744 249 28 hineinkommen.

649 825 71 28 LXII

199 906 75 35 Der
300 907 156 34 rasende
482 908 202 32 Bartmann
711 906 35 34 in
773 906 146 33 Schilda

271 1005 124 28 Danach
422 1006 70 27 aber
519 1005 133 29 erschien
681 1006 49 27 der
752 1006 74 27 Herr
852 1006 160 27 Bartmann
1040 1003 134 36 plötzlich

198 1050 27 27 in
262 1050 96 28 einem
395 1051 104 34 langen
536 1051 125 28 weissen
695 1051 162 32 Gewände,
894 1051 52 27 das
982 1050 100 27 hinten
1110 1049 64 28 eine

198 1096 84 35 lange
308 1095 105 29 weisse
441 1096 145 35 Schleppe
620 1096 90 35 hatte,
736 1096 50 28 auf
819 1097 66 27 dem
918 1101 125 30 grossen
1077 1095 99 28 Markt

197 1149 36 19 zu
261 1140 116 28 Schiida
417 1142 58 26 und
514 1141 113 35 bestieg
666 1142 66 27 dort
770 1141 65 28 eine
873 1147 104 29 grosse
1004 1140 170 28 Teertonne

198 1187 59 26 und
297 1185 66 28 hielt
404 1186 64 28 eine
497 1187 79 29 Rede
616 1195 37 19 an
693 1187 45 27 die
772 1187 215 34 Schildbürger,
1026 1185 46 28 die
1111 1185 62 28 sich

196 1233 108 33 gerade
325 1240 68 19 zum
416 1232 130 28 Rathaus
568 1233 133 34 begeben
720 1232 117 28 wollten
859 1233 59 26 und
946 1240 58 19 nun
1033 1230 140 28 natürlich

196 1284 54 21 vor
276 1277 51 27 der
351 1277 169 28 Teertonne
546 1277 74 28 stille
647 1279 133 26 standen.

269 1332 56 27 Auf
360 1333 64 26 dem
461 1332 116 35 Haupte
609 1336 66 31 trug
707 1333 51 27 der
786 1332 73 27 Herr
892 1332 160 27 Bartmann
1087 1330 85 28 einen

197 1377 95 28 Kranz
351 1385 56 20 von
452 1377 264 35 taubeneigrossen
764 1377 141 33 Rubinen,
957 1377 45 27 die
1047 1375 127 36 mächtig

195 1422 162 34 funkelten,
386 1424 58 26 und
471 1431 31 20 er
527 1423 106 35 sprach
661 1423 50 27 mit
738 1424 188 27 donnernder
953 1422 138 28 Stimme:

271 1476 103 34 „Ganz
396 1477 108 36 Utopia
530 1478 130 27 versteht
687 1477 75 28 mich
791 1477 93 33 nicht;
911 1477 46 28 Ihr
983 1477 78 33 aber,
1082 1478 90 26 werte

197 1522 207 35 Bürgersleute
438 1530 58 20 von
523 1522 126 35 Schiida,
685 1523 45 28 Ihr
755 1524 111 27 werdet
899 1522 75 28 mich
1007 1522 166 33 verstehen,

196 1566 134 36 obgleich
363 1576 67 19 man
471 1568 80 28 Euch
583 1568 45 27 für
654 1568 113 28 Narren
793 1568 68 28 hält.
912 1567 79 28 Mich
1019 1568 59 27 hält
1106 1575 66 19 man

196 1613 76 27 auch
308 1613 45 28 für
389 1613 86 28 einen
501 1613 122 35 Narren,
661 1615 58 27 und
756 1615 53 27 das
836 1614 50 27 hat
913 1613 52 28 mir
992 1613 76 28 auch
1096 1613 76 28 noch

197 1657 93 29 nichts
313 1659 169 35 geschadet.
532 1659 78 28 Aber
630 1660 62 28 weil
713 1667 67 20 man
802 1659 76 28 mich
900 1659 46 28 für
960 1658 86 29 einen
1061 1659 113 27 Narren

196 1703 68 35 hält,
295 1711 35 22 so
363 1703 54 30 will
449 1705 43 27 ich
526 1705 76 28 auch
635 1705 54 28 wie
717 1705 45 28 ein
790 1705 74 28 Narr
889 1714 37 18 zu
953 1705 80 28 Euch
1060 1705 114 28 Narren

196 1749 46 27 ein
275 1749 188 29 Narrenwort
495 1752 98 26 reden.
658 1751 54 27 Die
746 1750 104 29 Zeiten
883 1751 65 27 sind
983 1753 88 32 ernst,
1115 1751 59 27 und

197 1795 93 27 daher
315 1795 64 28 sind
406 1796 50 27 wir

268 1849 46 28 Da
346 1850 117 28 lachten
499 1850 44 27 die
570 1850 214 36 Schildbürger,
819 1852 51 27 der
895 1851 65 28 Ton
993 1858 61 21 war
1085 1849 89 29 ihnen

192 1898 145 30 vertraut;
370 1896 72 27 aber
478 1895 44 29 die
550 1895 121 28 Stimme
706 1897 51 27 des
784 1896 120 29 Kaisers
941 1896 163 28 erkannten
1131 1896 43 28 sie

196 1939 79 29 nicht
294 1940 115 35 wieder,
437 1942 36 27 da
500 1949 30 20 er
558 1941 49 28 mit
634 1941 96 28 einem
751 1942 272 28 Stimmverstärker
1049 1942 106 34 sprach
1169 1952 5 23 ;

198 1985 160 29 Bartmann
378 1987 66 27 fuhr
471 1994 58 21 nun
556 1987 72 28 fort:

270 2041 72 33 „Die
370 2043 91 26 bunte
496 2042 161 28 Krankheit
701 2042 35 27 ist
781 2043 76 27 doch
904 2043 45 27 die
994 2042 179 35 gewaltigste

196 2086 120 28 Stimme
344 2088 51 26 der
421 2087 100 34 Natur,
555 2088 45 28 die
628 2095 55 20 uns
709 2094 91 29 sagen
827 2088 63 34 will,
918 2089 68 27 dass
1012 2088 50 28 wir
1087 2088 87 28 leben

195 2132 94 28 sollen
323 2148 34 3 —
384 2133 103 27 immer
521 2133 83 28 mehr
638 2134 59 27 und
732 2133 126 36 heftiger
890 2133 87 29 leben
1012 2133 94 29 sollen
1139 2150 37 2 —

198 2178 102 28 immer
332 2178 119 35 lustiger
484 2179 60 27 und
584 2178 195 37 grossartiger
810 2179 87 29 leben
930 2179 94 29 sollen
1058 2195 34 3 —
1128 2179 46 28 ein

197 2223 160 28 Weltleben
384 2239 35 4 —
446 2225 53 26 das
524 2230 114 28 grosse,
666 2224 124 35 kräftige
817 2225 99 27 Leben
945 2225 51 27 der
1023 2225 92 28 Natur
1140 2238 34 7 —

196 2269 53 27 des
274 2274 125 29 grossen
428 2269 128 35 Geistes,
583 2270 52 27 der
667 2277 55 21 uns
748 2270 87 28 führt.
888 2270 65 28 Und
979 2278 87 20 wenn
1094 2270 80 28 diese

195 2314 201 28 verdammten
436 2314 138 29 Kranken
609 2323 69 20 vom
709 2316 125 28 Sterben
873 2323 35 21 so
947 2316 146 36 sprechen
1133 2316 42 27 als

195 2359 75 28 wärs
302 2359 56 28 viel
392 2359 157 29 herrlicher
583 2360 41 28 als
654 2361 71 27 alles
752 2361 100 28 Leben
879 2377 33 3 —
940 2362 96 27 merkt
1067 2361 45 28 Ihr
1139 2363 37 26 da

196 2404 112 35 nicht?,
345 2406 69 27 dass
450 2407 37 27 da
522 2405 46 29 die
604 2406 93 28 Natur
733 2406 90 28 durch
860 2406 45 29 die
933 2406 139 30 Kranken
1110 2407 65 28 eine

198 2451 216 35 Hohnsprache
454 2459 36 20 zu
530 2460 54 19 uns
623 2451 109 36 spricht
744 2451 15 28 ?
810 2453 93 27 Wenn
943 2452 45 29 die
1037 2453 137 28 Kranken

196 2497 53 27 das
276 2496 124 28 Sterben
435 2496 116 35 preisen
587 2497 114 34 wollen,
728 2505 35 21 so
792 2498 121 28 müssen
940 2498 43 28 sie
1011 2498 76 28 doch
1116 2501 60 25 erst

195 2542 159 34 gestorben
399 2542 72 28 sein.
523 2542 47 28 Sie
616 2544 145 34 sprechen
807 2544 71 27 aber
925 2552 70 20 vom
1041 2544 135 34 Sterben,

194 2587 142 28 während
374 2588 42 27 sie
457 2589 76 28 noch
572 2589 86 28 leben
687 2604 31 4 —
746 2589 64 28 also
849 2590 147 34 sprechen
1035 2590 43 27 sie
1117 2598 58 20 von

196 2632 96 28 einem
326 2639 125 29 grossen
487 2634 262 28 Lebenszustande
783 2636 59 26 und
876 2635 77 28 nicht
986 2643 58 20 von
1078 2636 96 28 einem

195 2678 288 29 Sterbenszustande
515 2695 36 3 —
578 2681 77 27 denn
694 2681 57 27 den
791 2681 117 28 kennen
948 2680 42 29 sie
1029 2680 29 36 ja
1098 2682 76 27 doch

196 2725 77 27 noch

269 2770 45 28 Da
335 2770 117 28 lachten
475 2770 44 28 die
541 2771 205 35 Schildbürger
767 2772 148 27 abermals
936 2773 59 26 und
1009 2773 166 27 klatschten

197 2814 100 29 Beifall
334 2815 50 28 mit
421 2817 55 27 den
504 2817 134 33 Händen,
672 2818 59 27 und
758 2818 52 28 der
837 2817 74 28 Herr
939 2818 159 27 Bartmann
1126 2818 34 27 be-

196 2860 99 28 rührte
323 2861 50 28 mit
407 2862 66 27 dem
506 2862 120 28 rechten
654 2862 184 36 Zeigefinger
869 2863 82 28 seine
979 2863 196 35 Nasenspitze

196 2907 61 26 und
295 2906 123 28 lächelte
457 2923 36 4 —
520 2909 58 27 und
617 2915 109 29 sprang
765 2910 78 27 dann
882 2916 58 21 von
980 2910 51 27 der
1068 2909 106 28 Tonne

196 2951 138 29 hinunter
366 2968 32 3 —
432 2954 58 27 und
529 2952 68 30 liess
636 2962 66 20 zum
743 2953 81 29 Tanz
864 2954 164 37 aufspielen
1054 2971 35 2 —
1116 2956 59 27 und

195 2999 100 26 tanzte
344 2999 51 27 mit
443 2999 56 27 den
540 2999 114 28 Frauen
694 3001 52 27 der
784 2999 208 37 Schildbürger
1035 3000 54 29 wie
1129 3000 46 28 ein

197 3043 152 28 Rasender
376 3045 59 26 und
463 3044 133 34 erklärte,
624 3046 68 27 dass
720 3045 45 28 die
788 3045 137 29 Kranken
954 3046 52 28 das
1035 3045 141 29 Delirium

196 3088 99 28 hätten
325 3105 32 3 —
385 3090 52 27 das
473 3098 75 20 neue
576 3090 139 28 Delirium
741 3107 34 3 —
804 3092 58 27 und
890 3093 68 26 dass
986 3091 61 28 ihre
1076 3092 100 29 Reden

196 3133 57 29 voll
281 3135 88 28 Hohn
403 3135 82 28 seien
513 3152 33 3 —
581 3137 89 28 damit
703 3136 45 29 die
776 3137 164 35 Utopianer
973 3137 114 28 endlich
1115 3137 46 28 auf-

195 3180 137 35 gerüttelt
356 3182 120 27 würden
506 3198 32 3 —
565 3190 67 20 zum
674 3191 95 19 neuen
796 3183 190 28 strahlenden
1013 3184 163 28 Weltleben

195 3241 36 3 —
258 3226 120 27 deshalb
412 3227 82 28 seien
534 3228 76 27 auch
650 3228 46 27 die
737 3236 95 20 neuen
860 3229 147 28 Kometen
1045 3237 36 20 so
1121 3229 56 28 hell

195 3271 158 28 strahlend.

269 3316 37 29 Es
327 3325 58 20 war
404 3318 209 28 währenddem
635 3319 102 28 Abend
762 3321 158 33 geworden
946 3336 37 3 —
1009 3321 59 27 und
1094 3320 83 28 siehe

196 3377 34 3 —
257 3364 85 27 unter
368 3363 307 37 Fackelbeleuchtung
706 3366 99 27 wurde
833 3365 136 36 plötzlich
997 3365 45 29 die
1070 3366 106 28 Leiche

196 3409 54 27 des
278 3408 93 28 Herrn
398 3417 58 20 von
483 3410 246 29 Moellerkuchen
760 3411 270 36 vorübergetragen
1056 3427 34 4 —
1118 3413 60 27 und

197 3454 97 27 neben
331 3455 51 27 der
409 3455 106 28 Leiche
549 3455 103 29 schritt
686 3457 111 35 würdig
833 3457 26 28 in
899 3457 125 35 langem,
1049 3456 128 30 weissen

199 3499 70 28 Bart
296 3500 50 27 der
374 3500 73 28 Herr
473 3500 156 29 Sebastian
656 3502 43 28 als
727 3502 240 35 Bürgermeister.

269 3554 77 28 Alles
384 3557 207 31 verstummte;
629 3556 45 28 die
711 3556 106 29 Leiche
852 3558 101 27 wurde
990 3557 101 28 mitten
1128 3558 50 28 auf

197 3600 67 27 dem
286 3599 117 28 Markte
431 3601 125 28 enthüllt
574 3617 36 3 —
632 3603 58 26 und
718 3603 36 26 da
780 3603 93 27 sahen
901 3602 45 29 die
972 3602 206 36 Schildbürger

200 3644 52 28 mit
277 3645 168 35 Entsetzen,
483 3647 68 27 dass
587 3646 62 29 sich
683 3647 46 28 die
757 3647 119 29 Glieder
910 3649 51 27 der
988 3648 106 28 Leiche
1127 3649 34 27 be-

196 3693 115 32 wegten
323 3692 59 27 und
392 3692 109 28 überall
521 3698 105 29 grosse
648 3693 107 27 Blasen
777 3694 60 27 und
857 3694 138 34 astartige
1011 3694 167 28 Gewächse

198 3735 258 30 herauswuchsen.

270 3783 66 28 Und
363 3784 51 27 der
441 3784 74 28 Herr
541 3784 156 28 Sebastian
719 3786 100 33 sagte:

271 3830 78 34 „Der
403 3830 74 27 Herr
522 3829 160 29 Bartmann
736 3830 48 27 hat
831 3830 107 29 Recht!
990 3830 97 28 Selbst
1133 3830 45 29 die

200 3874 127 30 Leichen
353 3876 96 27 leben.
501 3875 80 28 Geht
608 3875 75 28 nach
706 3875 82 28 Haus
816 3876 59 27 und
901 3876 59 27 lebt
987 3876 83 28 auch.
1124 3876 54 28 Die

200 3920 130 36 Sprache
359 3922 51 27 der
436 3921 93 28 Natur
555 3920 69 29 wird
652 3920 103 29 immer

272 3975 46 28 Da
344 3979 124 24 rannten
495 3975 61 29 Alle
582 3975 67 29 fort.

270 4021 79 27 Aber
369 4022 52 26 der
442 4021 74 27 Herr
537 4021 183 28 Bartmannn
741 4028 109 29 sprang
876 4021 54 28 wie
958 4021 47 27 ein
1027 4021 152 29 Rasender

199 4074 49 20 um
275 4064 46 30 die
336 4066 106 28 Leiche
469 4067 103 27 herum
600 4068 59 27 und
683 4067 97 28 wollte
795 4066 61 28 ihre
871 4066 199 36 beweglichen
1098 4066 80 28 Teile

198 4111 111 28 küssen

274 4148 86 28 Doch
382 4147 46 28 die
443 4148 206 36 Fackelträger
669 4149 141 35 drängten
834 4151 55 25 den
906 4148 94 28 Herrn
1016 4149 162 28 Bartmann

198 4193 120 34 zurück,
354 4194 60 27 und
450 4194 51 27 der
538 4193 74 28 Herr
638 4194 155 28 Sebastian
828 4194 134 28 flüsterte
990 4195 66 27 dem
1084 4193 94 29 Herrn

202 4238 160 28 Bartmann
389 4238 44 28 ins
461 4238 79 29 Ohr:

1334 130 175 32 „Verlassen
1553 129 49 28 Sie
1647 128 117 29 Schiida
1809 130 59 26 und
1920 129 96 35 gehen
2062 129 47 28 Sie
2162 129 74 28 nach

1261 174 133 36 Ulaleipu
1421 190 35 3 —
1483 176 67 26 dort
1575 174 65 28 sind
1661 174 48 27 Sie
1736 182 47 19 am
1811 173 139 36 richtigen
1973 174 97 27 Platze
2096 189 35 4 —
2159 173 78 29 nicht

1334 274 60 27 Der
1421 273 102 28 Kaiser
1557 281 58 20 von
1644 273 108 35 Utopia
1786 273 53 27 sah
1879 272 102 29 seinen
2009 273 229 35 Doppelgänger

1260 318 135 28 verblüfft
1429 326 47 26 an,
1513 318 70 27 aber
1619 325 31 20 er
1675 317 121 28 verliess
1833 317 45 28 die
1906 317 83 28 Stadt
2016 317 116 28 Schiida
2160 317 76 28 noch

1261 372 46 19 am
1334 364 131 34 selbigen
1492 364 112 27 Abend.

1708 444 82 28 LXIII

1262 526 68 34 Die
1355 525 327 34 Todessehnsucht
1707 526 35 32 in
1769 531 95 36 ganz
1890 524 135 43 Utopia

1333 624 54 28 Mit
1414 623 240 29 Blitzesschnelle
1691 624 79 27 hatte
1807 623 62 28 sich
1908 631 57 20 nun
2002 625 61 33 das,
2090 631 61 20 was
2176 623 63 28 sich

1261 669 26 28 in
1325 669 116 29 Schiida
1487 668 50 28 mit
1581 670 67 26 dem
1692 671 84 25 toten
1805 668 114 35 Körper
1963 670 53 26 des
2043 668 95 28 Herrn
2181 676 59 20 von

1259 715 244 28 Moellerkuchen
1536 717 179 32 zugetragen
1750 714 89 33 hatte,
1873 714 27 26 in
1934 720 75 28 ganz
2037 714 108 34 Utopia
2178 722 47 19 ver-

1260 760 112 28 breitet.

1333 814 67 28 Und
1426 813 47 28 die
1500 813 76 28 alten
1606 814 90 28 Leute
1724 816 122 32 sagten:

1334 868 117 34 „Sollen
1487 868 51 28 wir
1572 869 77 27 denn
1682 867 106 36 täglich
1817 870 90 26 etwas
1934 867 218 28 Unerwartetes
2178 875 48 19 ver-

1263 913 153 28 nehmen?
1468 913 59 28 Wir
1565 914 141 27 kommen
1745 912 29 36 ja
1813 919 75 29 ganz
1928 920 53 20 aus
2021 913 51 27 der
2098 912 143 36 Fassung.

1260 959 78 33 Jetzt
1371 959 111 28 könnte
1517 967 66 20 man
1618 959 67 27 bald
1717 959 136 34 glauben,
1887 959 69 27 dass
1983 957 45 28 die
2055 957 97 28 Toten
2179 958 47 27 auf-

1335 1060 65 27 Und
1427 1067 32 19 es
1485 1060 80 26 ward
1591 1058 82 28 Allen
1701 1057 176 29 unheimlich
1905 1066 36 18 zu
1969 1058 93 27 Mute.

1333 1112 192 36 Gleichzeitig
1562 1114 101 26 hatten
1697 1114 71 26 aber
1802 1112 45 28 die
1875 1112 164 28 Gesunden
2075 1112 44 28 die
2147 1112 77 28 merk-

1259 1159 128 35 würdige
1414 1158 145 36 Neigung,
1586 1159 75 27 auch
1689 1158 94 27 krank
1810 1166 36 19 zu
1872 1159 128 27 werden.

1332 1214 112 27 Nachts
1470 1213 106 35 gingen
1603 1213 74 28 viele
1698 1213 163 34 Utopianer
1888 1212 27 27 in
1943 1211 45 29 die
2016 1211 227 29 Leichenhallen

1261 1260 61 27 und
1348 1259 159 28 berührten
1535 1258 46 28 die
1607 1258 183 35 grässlichen
1817 1258 159 35 astartigen
1999 1256 172 37 Bildungen,
2199 1257 45 28 die

1259 1304 44 28 bis
1336 1313 37 19 zu
1405 1304 179 29 Meterhöhe
1629 1311 55 20 aus
1730 1305 56 26 den
1831 1306 84 25 toten
1943 1303 134 35 Körpern
2124 1303 103 28 heraus-

1261 1350 141 28 wuchsen
1442 1350 59 27 und
1536 1350 73 26 bunt
1644 1349 178 34 leuchteten,
1858 1350 43 26 als
1929 1349 77 28 wäre
2044 1348 45 28 ein
2116 1350 128 26 anderes

1262 1403 93 20 neues
1382 1396 100 27 Leben
1522 1394 90 29 darin.
1666 1394 54 28 Die
1750 1394 164 36 Utopianer
1951 1394 117 28 wollten
2096 1394 68 27 bald
2190 1394 54 28 alle

1259 1441 46 28 die
1339 1442 90 26 bunte
1457 1439 164 29 Krankheit
1652 1440 98 27 haben
1778 1456 33 2 —
1839 1440 71 27 aber
1945 1439 170 36 gücklicher
2148 1439 97 29 Weise

1261 1488 139 33 übertrug
1437 1485 45 29 die
1518 1485 63 29 sich
1622 1485 77 28 nicht
1735 1493 36 20 so
1799 1484 116 28 einfach
1941 1485 54 28 wie
2029 1486 111 27 andere
2167 1488 63 33 pest-

1258 1531 90 36 artige
1377 1531 248 35 Erkrankungen;
1649 1531 47 35 |es
1727 1531 134 33 wurden!
1879 1531 90 35 grade
1992 1538 52 20 nur
2071 1530 45 29 die
2143 1531 94 28 krank

1259 1578 45 28 die
1332 1585 47 21 am
1405 1576 164 36 wenigsten
1598 1578 92 26 daran
1716 1576 128 35 gedacht
1870 1576 111 28 hatten.

1335 1632 86 28 Doch
1443 1631 46 29 die
1510 1630 267 29 Todessehnsucht
1797 1630 106 35 packte
1924 1638 36 20 so
1980 1630 72 28 viele
2075 1630 170 36 Utopianer,

1261 1679 68 26 dass
1355 1677 74 28 viele
1457 1677 205 28 Selbstmorde
1689 1677 173 27 vorkamen.

1333 1733 47 27 Da
1405 1734 133 27 wetterte
1573 1733 51 26 der
1651 1731 75 28 Herr
1759 1731 163 28 Bartmann
1956 1730 27 28 in
2018 1731 75 28 allen
2122 1731 123 28 Städten

1261 1780 51 27 des
1341 1778 125 29 Reiches
1498 1783 95 30 gegen
1629 1778 53 27 das
1710 1776 233 28 Sterbenwollen
1980 1783 36 21 so
2049 1776 100 35 heftig,
2176 1778 69 27 dass

1259 1825 52 27 der
1345 1824 144 27 Staatsrat
1524 1823 27 28 in
1585 1822 134 35 Ulaleipu
1753 1822 164 34 beschloss,
1953 1822 95 27 Herrn
2084 1822 161 28 Bartmann

1260 1878 37 19 zu
1325 1869 80 28 einer
1432 1869 160 34 grösseren
1619 1867 147 36 Tätigkeit
1792 1867 219 28 aufzufordern.

1711 1968 87 27 LXIV

1262 2052 76 34 Der
1363 2051 219 43 energische
1608 2050 185 35 Staatsrat

1332 2152 61 28 Der
1409 2151 74 27 Herr
1497 2151 162 28 Bartmann
1679 2150 86 28 sollte
1786 2150 37 28 im
1853 2150 121 35 Auftrag
2009 2152 51 26 der
2081 2151 164 36 Regierung

1260 2198 92 27 Leute
1391 2204 49 20 um
1476 2196 62 28 sich
1579 2196 207 34 versammeln,
1824 2196 45 28 die
1909 2196 36 28 im
1987 2196 110 28 Stande
2136 2197 108 34 wären,

1260 2243 90 27 durch
1397 2242 92 35 listige
1518 2242 100 28 Laune
1663 2241 109 28 wieder
1818 2243 181 27 Lebensmut
2042 2242 28 28 in
2117 2242 45 28 die
2190 2242 37 28 Be-

1259 2288 164 35 völkerung
1461 2295 37 19 zu
1539 2286 138 36 bringen;
1719 2287 74 28 Herr
1826 2287 162 28 Bartmann
2027 2288 85 28 sollte
2164 2287 81 29 diese

1260 2335 92 28 Leute
1379 2333 158 36 möglichst
1571 2333 85 27 rasch
1690 2341 36 20 zu
1755 2332 157 36 Predigern
1940 2349 35 3 —
2002 2334 53 27 das
2089 2333 94 28 heisst
2208 2342 37 19 zu

1261 2380 70 28 sehr
1357 2378 125 36 lustigen
1511 2378 158 35 Predigern
1696 2378 163 28 ausbilden.

1334 2434 66 28 Und
1433 2434 53 28 das
1519 2435 43 26 tat
1596 2434 77 27 dann
1707 2434 77 27 auch
1819 2434 51 27 der
1905 2433 74 29 Herr
2006 2434 161 28 Bartmann
2195 2433 50 29 mit

1261 2486 137 29 grossem
1426 2479 86 33 Eifer,
1549 2479 60 28 und
1645 2486 31 20 er
1710 2479 96 28 freute
1841 2479 62 28 sich
1933 2479 84 28 dabei
2045 2479 72 28 über
2143 2479 102 29 seinen

1263 2525 193 36 energischen
1489 2525 146 27 Staatsrat
1680 2525 59 27 und
1785 2524 160 28 amüsierte
1989 2524 63 28 sich
2097 2524 148 36 königlich

1261 2571 134 34 darüber,
1423 2571 69 28 dass
1520 2578 31 20 er
1578 2570 104 28 immer
1710 2570 77 28 nicht
1814 2571 127 27 erkannt
1966 2571 109 27 wurde.

1334 2625 108 35 „Sollte
1470 2625 45 28 ich
1543 2625 75 28 mich
1646 2632 35 21 so
1708 2626 157 27 verändert
1890 2625 98 28 haben

1331 2681 71 28 Also
1435 2681 94 35 fragte
1565 2688 30 20 er
1622 2679 62 29 sich
1712 2679 82 29 eines
1821 2681 143 35 Morgens
1992 2681 59 28 und
2077 2681 54 28 sah
2160 2680 85 29 dabei

1261 2727 28 27 in
1310 2727 87 28 einen
1418 2726 118 35 Spiegel
1563 2727 59 27 und
1650 2726 141 28 erschrak
1818 2742 33 3 —
1879 2733 31 21 er
1936 2726 54 28 sah
2018 2726 127 28 wirklich
2167 2732 75 29 ganz

1260 2773 109 27 anders
1396 2780 55 20 aus
1478 2772 42 27 als
1548 2772 84 28 einst.

1713 2863 75 27 LXV

1262 2946 75 33 Der
1363 2946 209 33 verfluchte
1600 2945 132 34 Kaiser

1334 3045 78 34 Jetzt
1440 3045 149 34 verlangte
1625 3045 71 27 aber
1721 3051 75 28 ganz
1824 3044 117 35 Utopia,
1969 3046 69 26 dass
2066 3046 51 26 der
2144 3044 103 29 Kaiser

1263 3091 157 28 Philander
1446 3090 118 29 Schiida
1600 3090 152 28 verlassen
1792 3091 60 27 und
1890 3090 63 29 sich
1992 3090 108 29 wieder
2135 3099 38 19 an
2200 3090 46 29 die

1261 3136 98 36 Spitze
1400 3137 51 28 der
1479 3136 164 36 Regierung
1682 3136 104 28 stellen
1820 3136 96 34 sollte,
1957 3136 47 28 die
2031 3135 104 29 Zeiten
2162 3136 84 28 seien

1262 3183 76 28 doch
1367 3182 122 28 danach.

1333 3238 79 28 Aber
1438 3238 53 27 der
1515 3237 75 28 Herr
1610 3236 157 29 Sebastian
1793 3236 227 35 telegraphierte
2047 3244 54 20 aus
2129 3236 117 29 Schiida

1261 3283 70 28 sehr
1357 3284 85 27 kurz:

1338 3337 116 35 „Meine
1482 3337 65 28 Zeit
1574 3337 36 28 ist
1638 3337 76 28 noch
1743 3336 78 29 nicht

1335 3393 46 27 Da
1413 3393 110 27 fluchte
1558 3400 67 19 man
1654 3392 110 28 überall
1790 3391 50 28 auf
1867 3393 57 26 den
1952 3391 103 29 Kaiser
2082 3391 165 36 Philander,

1263 3440 59 26 und
1349 3438 27 28 in
1402 3438 111 35 fünfzig
1535 3438 199 33 Broschüren,
1762 3437 45 28 die
1833 3437 137 29 sämtlich
1999 3438 25 27 in
2054 3438 51 28 der
2126 3438 103 29 Rechts-

1262 3485 131 27 zentrale
1430 3492 48 19 am
1506 3483 235 29 Schwantufluss
1777 3482 195 37 geschrieben
2011 3491 109 25 waren,
2145 3485 101 28 wurde

1262 3530 107 28 erklärt
1393 3530 69 28 dass
1484 3530 52 27 des
1552 3528 117 30 Kaisers
1684 3528 264 36 Handlungsweise
1970 3528 276 29 unverantwortlich

1263 3575 52 28 sei.

1336 3630 75 28 Herr
1438 3630 163 28 Bartmann
1628 3630 72 27 aber
1725 3630 100 27 wurde
1851 3629 108 35 täglich
1987 3629 168 36 populärer.

1710 3720 85 27 LXVI

1264 3803 75 34 Der
1364 3804 95 33 Herr
1484 3802 212 35 Haberland

1336 3904 61 27 Der
1432 3903 163 28 Astronom
1633 3902 171 28 Haberland
1839 3901 116 28 schrieb
1992 3909 38 20 an
2067 3903 56 27 den
2152 3902 93 27 Herrn

1264 3949 160 28 Bartmann
1452 3949 73 27 kurz
1553 3949 59 26 und
1639 3948 122 34 bündig:

1337 4003 95 35 „Jetzt
1469 4002 106 36 glaube
1615 4001 55 35 ich,
1710 4003 68 26 dass
1819 4001 45 28 die
1904 4001 256 29 Possenreisserei
2199 4002 46 28 ein

1263 4048 82 30 Ende
1371 4049 97 27 haben

1334 4104 79 28 Aber
1456 4106 52 26 der
1546 4103 75 28 Herr
1661 4102 161 29 Bartmann
1863 4101 144 29 besuchte
2047 4102 56 28 den
2151 4101 94 29 Herrn

1264 4149 169 28 Haberland
1454 4149 51 28 auf
1526 4149 52 28 der
1597 4148 179 29 Sternwarte
1796 4149 60 26 und
1876 4149 95 27 setzte
1999 4146 59 28 ihm
2085 4147 46 28 bei
2159 4146 86 29 einen

1263 4194 75 28 Glas
1373 4194 85 35 Grog
1493 4193 91 36 heftig
1621 4193 207 35 auseinander,
1872 4194 69 27 dass
1976 4191 72 37 jetzt
2081 4199 54 21 vor
2170 4191 75 29 allen

1264 4238 115 36 Dingen
1408 4239 78 28 nicht
1513 4240 51 28 der
1592 4239 74 29 Herr
1693 4239 160 28 Bartmann
1880 4237 171 29 schwinden
2079 4238 91 27 dürfe.

2396 130 72 27 Herr
2490 131 167 26 Haberland
2684 131 53 27 sah
2765 131 180 28 schliesslich
2967 131 54 33 ein,
3044 133 69 26 dass
3141 133 51 27 das
3219 140 65 29 auch

2321 174 160 35 gefährlich
2496 175 42 27 sei
2560 191 42 17 —,
2624 176 58 26 und
2703 176 78 26 dann
2802 176 104 27 fuhren
2927 175 45 28 die
2994 176 105 28 beiden
3122 177 110 28 Herren
3258 182 27 30 im

2323 218 261 30 Sebastianischen
2631 220 168 35 Luftwagen
2856 220 26 28 in
2937 221 44 27 die
3037 222 75 26 nahe
3157 222 130 36 gelegene

2323 263 226 29 Gletscherwelt
2590 265 57 27 und
2684 265 218 28 beobachteten
2938 266 46 27 die
3022 274 95 19 neuen
3145 267 137 33 Kometen

2324 308 45 28 die
2405 308 60 28 ihre
2494 309 231 28 Irrlichternatur
2757 318 36 19 zu
2828 311 161 27 verändern
3017 311 150 34 schienen,
3195 314 35 26 da
3254 317 35 29 sie

2324 354 72 27 über
2431 354 56 27 den
2515 354 175 28 Gletschern
2718 355 136 35 tagelang
2890 364 37 19 an
2955 355 81 28 einer
3062 356 87 27 Stelle
3177 357 112 33 blieben.

2761 446 97 26 LXVII

2325 526 75 33 Der
2426 526 93 33 Herr
2566 526 194 33 Sebastian

2399 626 59 27 Der
2474 625 74 28 Herr
2562 625 157 28 Sebastian
2735 625 109 28 befand
2858 623 63 30 sich
2938 625 42 26 als
2992 623 303 36 Oberbürgermeister

2324 678 57 20 von
2409 670 117 28 Schiida
2554 671 27 27 in
2615 670 81 28 einer
2729 669 163 36 peinlichen
2921 670 76 33 Lage
3025 670 58 26 und
3109 670 114 28 schrieb
3251 673 43 29 das

2324 716 67 27 dem
2420 716 111 28 Kaiser.

2398 771 60 27 Der
2484 770 104 29 Kaiser
2615 771 71 26 aber
2712 770 241 34 telegraphierte:

2404 824 104 34 „Bitte,
2529 824 87 28 Feste
2637 823 92 29 feiern
2751 824 97 27 lassen
2870 839 30 3 —
2926 823 43 28 ich
2990 826 93 26 sende
3111 823 59 28 drei
3197 823 100 31 meiner

2329 870 110 34 jungen
2467 869 91 28 Leute
2590 868 51 28 mit
2673 875 137 29 genauen
2838 868 227 30 Instruktionen.

2402 924 73 27 Herr
2502 923 156 29 Sebastian
2686 924 96 27 raufte
2808 923 62 27 sich
2905 923 45 29 die
2978 924 97 28 Haare
3103 931 68 24 aus;
3198 931 31 20 er
3248 933 50 20 war

2326 969 78 27 nahe
2432 969 81 33 dran,
2552 968 50 27 auf
2642 969 60 27 und
2743 969 97 27 davon
2880 976 37 19 zu
2955 969 97 35 gehen
3079 985 33 2 —
3140 968 76 28 doch
3255 970 42 28 der

2326 1013 104 29 Kaiser
2456 1014 80 28 hatte
2565 1013 58 28 ihm
2651 1013 211 36 versprochen,
2889 1014 56 27 alle
2975 1013 257 29 sebastianischen
3258 1014 27 28 Er-

2326 1058 161 35 findungen
2509 1075 32 3 —
2563 1059 76 27 auch
2660 1058 47 28 die
2728 1061 151 25 teuersten
2902 1075 33 3 —
2956 1060 161 27 ausführen
3145 1067 37 19 zu
3208 1059 89 30 lassen

2326 1119 36 3 —
2388 1105 60 26 und
2475 1105 53 26 das
2554 1111 59 20 war
2638 1103 46 28 für
2713 1104 92 27 Herrn
2833 1104 157 28 Sebastian
3017 1104 206 29 bestimmend.

2402 1158 66 28 Und
2489 1165 32 20 es
2541 1159 121 27 wurden
2690 1157 27 28 in
2738 1158 117 29 Schiida
2882 1158 47 29 die
2950 1159 191 28 Narrenfeste
3167 1159 131 36 gefeiert;

2329 1205 59 26 und
2414 1209 75 29 ganz
2517 1203 109 36 Utopia
2662 1206 151 26 wunderte
2849 1204 63 28 sich
2949 1204 73 28 über
3055 1206 56 26 den
3140 1204 159 31 närrischen

2329 1249 110 27 Kaiser.

2767 1330 109 28 LXVIII

2332 1422 75 33 Der
2433 1421 131 34 Kaiser
2589 1420 133 34 Moritz

2403 1521 50 27 Als
2481 1521 50 27 der
2570 1519 105 29 Kaiser
2700 1520 107 28 Moritz
2834 1528 59 20 von
2920 1522 56 26 den
3004 1521 108 28 Festen
3140 1521 26 27 in
3195 1521 107 30 Schiida

2331 1566 94 34 hörte,
2453 1568 36 26 da
2517 1566 106 35 packte
2651 1565 47 29 ihn
2727 1566 53 28 der
2818 1566 82 34 Neid,
2941 1567 59 27 und
3040 1574 31 20 er
3109 1566 69 28 liess
3216 1567 86 29 sofort

2329 1612 105 28 seinen
2461 1612 262 35 Vergnügungsrat
2749 1613 336 27 zusammentrommeln
3112 1613 60 27 und
3205 1613 97 35 befahl,

2330 1659 71 27 dass
2428 1657 45 28 die
2501 1658 90 27 bunte
2613 1657 161 29 Krankheit
2795 1657 49 27 auf
2866 1657 96 28 einem
2983 1658 154 27 Nachtfest
3164 1658 139 35 parodiert

2329 1704 120 27 werden
2475 1703 95 28 sollte.

2405 1757 66 28 Und
2507 1757 97 28 dieser
2643 1757 103 28 Befehl
2781 1757 100 28 wurde
2909 1757 173 35 ausgeführt
3107 1774 36 2 —
3169 1758 46 27 ein
3243 1766 60 27 paar

2330 1809 105 28 grosse
2479 1802 177 28 leuchtende
2703 1801 203 29 Ballonriesen
2956 1804 121 27 wurden
3129 1804 72 28 über
3244 1804 59 29 dem

2329 1848 172 28 schwarzen
2528 1848 57 28 See
2613 1848 188 34 aufgelassen
2828 1864 34 3 —
2890 1849 60 27 und
2976 1848 102 29 diesen
3107 1849 195 28 Ballonriesen

2329 1894 141 27 wuchsen
2498 1901 77 20 neue
2603 1893 109 29 höchst
2737 1893 156 28 komische
2921 1893 95 35 Köpfe
3044 1902 54 19 aus
3125 1895 56 28 den
3203 1895 99 29 Armen

2331 1940 59 26 und
2418 1939 124 28 Händen
2571 1938 117 28 heraus.

2405 1992 54 30 Die
2500 1994 167 28 Bewohner
2704 2001 58 20 von
2804 1993 132 35 Ulaleipu
2977 1994 134 35 ärgerten
3151 1994 61 28 sich
3241 1995 64 28 über

2331 2039 102 28 diesen
2460 2039 119 28 Scherz.

2770 2139 93 27 LXIX

2332 2240 67 34 Die
2426 2240 207 34 Krankheit
2657 2240 36 33 in
2720 2240 171 42 Ulaleipu

2404 2340 25 28 D
2444 2347 15 19 e
2488 2339 167 29 Bewohner
2680 2347 58 20 von
2766 2338 134 36 Ulaleipu
2940 2339 106 28 hörten
3087 2347 58 19 nun
3182 2347 36 19 an
3246 2340 57 28 dem

2330 2385 135 36 Morgen,
2493 2386 52 27 der
2572 2385 51 28 der
2650 2384 161 29 Festnacht
2835 2384 101 36 folgte,
2965 2385 69 27 dass
3062 2384 135 36 plötzlich
3217 2391 86 29 gegen

2329 2432 129 27 tausend
2496 2430 237 35 Erkrankungen
2770 2429 27 28 in
2835 2431 51 27 der
2912 2430 96 28 Nacht
3033 2430 149 35 gemeldet
3207 2438 97 21 waren.

2331 2476 68 29 Und
2426 2477 81 27 diese
2535 2475 160 29 Nachricht
2720 2475 114 29 erfüllte
2860 2476 56 28 alle
2944 2476 51 28 mit
3022 2476 168 29 Entsetzen.
3250 2476 55 28 Und

2331 2522 82 29 Viele
2440 2522 126 33 wollten,
2595 2522 70 27 dass
2692 2522 51 27 der
2770 2521 104 29 Kaiser
2899 2521 107 29 Moritz
3033 2521 97 29 sofort
3157 2530 54 20 aus
3248 2523 57 26 dem

2332 2568 100 28 Lande
2459 2567 149 36 gewiesen
2628 2568 118 27 werden
2767 2566 100 33 sollte;
2889 2574 54 21 vor
2963 2568 52 27 der
3036 2567 160 29 Festnacht
3215 2575 88 21 waren

2331 2613 28 28 in
2406 2613 135 36 Ulaleipu
2587 2613 89 27 kaum
2722 2612 115 36 achtzig
2883 2612 224 36 Erkrankungs-
3153 2614 59 27 und
3256 2612 49 29 vier

2331 2658 175 30 Sterbefälle
2533 2658 248 36 vorgekommen.

2405 2715 60 28 Der
2491 2713 146 29 Staatsrat
2663 2713 96 29 wollte
2785 2714 110 35 gerade
2923 2713 87 28 einen
3049 2712 171 30 feierlichen
3247 2714 44 28 Ent-

2330 2760 118 29 schluss
2467 2759 111 34 fassen,
2599 2760 36 27 da
2656 2760 100 27 wurde
2776 2759 157 35 gemeldet,
2955 2760 69 27 dass
3044 2759 76 28 auch
3142 2760 51 27 der
3215 2759 90 28 Kaiser

2331 2805 108 29 Moritz
2466 2805 140 28 erkrankt
2631 2804 51 28 sei.

2785 2905 81 28 LXX

2332 2998 75 33 Der
2433 2998 142 33 kranke
2600 2996 135 35 Moritz

2404 3098 61 27 Der
2493 3096 102 29 Kaiser
2622 3096 107 29 Moritz
2759 3097 96 28 lachte
2882 3097 61 27 laut
2964 3096 58 34 auf,
3043 3096 43 27 als
3107 3104 31 20 er
3159 3097 142 27 bemerkte

2331 3144 70 28 dass
2427 3142 83 28 seine
2550 3142 80 28 Haut
2668 3142 46 28 die
2755 3142 176 28 berühmten
2971 3141 115 34 blauen,
3113 3142 113 35 grünen
3254 3141 48 28 und

2331 3191 84 26 roten
2443 3188 128 29 Flecken
2598 3187 104 36 zeigte.

2575 3242 5 28 !
2608 3242 54 29 rief
2688 3250 39 21 er.

2404 3299 66 27 Und
2516 3306 32 20 er
2585 3300 100 25 tanzte
2726 3297 37 28 im
2802 3296 131 28 Zimmer
2972 3296 104 27 herum
3116 3297 59 26 und
3208 3295 94 32 schrie,

2331 3344 105 28 immer
2462 3344 124 28 wieder:
2614 3343 65 34 „Ich
2707 3342 88 28 habs!
2823 3342 48 28 Ich

2404 3399 67 28 Und
2498 3400 78 26 dann
2603 3398 90 28 brach
2722 3405 31 20 er
2780 3396 28 29 in
2835 3397 82 27 einer
2943 3396 79 29 Ecke
3053 3403 176 21 zusammen
3255 3394 48 29 und

2331 3445 68 28 liess
2426 3444 62 28 sich
2515 3444 164 35 forttragen
2705 3459 37 3 —
2767 3442 86 29 dabei
2880 3442 95 28 lachte
3004 3449 31 20 er
3061 3441 109 29 wieder
3189 3457 34 3 —
3244 3441 58 28 aber

2330 3490 132 28 harmlos
2488 3490 54 28 wie
2569 3489 110 29 Kinder
2705 3497 37 19 zu
2768 3488 105 28 lachen
2902 3487 125 36 pflegen.

2403 3545 50 28 Als
2480 3553 32 19 er
2538 3544 44 28 ins
2623 3544 66 28 Bett
2727 3542 143 37 gebracht
2907 3550 68 26 war,
3014 3542 131 28 forderte
3174 3550 31 20 er
3230 3540 71 28 Tinte

2331 3591 60 28 und
2417 3591 95 28 Feder
2538 3591 60 27 und
2623 3589 97 29 wollte
2747 3587 165 34 schreiben,
2954 3587 77 28 doch
3071 3587 60 28 ihm
3166 3587 75 28 sank
3267 3584 34 29 die

2332 3636 95 28 Feder
2453 3643 54 21 aus
2535 3636 52 28 der
2613 3634 96 34 Hand,
2749 3634 60 27 und
2842 3641 31 20 er
2911 3633 119 35 glaubte
3065 3633 145 35 plötzlich,
3245 3633 57 26 dass

2330 3681 74 29 viele
2433 3681 105 29 Riesen
2567 3681 95 26 neben
2691 3680 58 27 ihm
2776 3679 105 28 sässen
2910 3680 59 26 und
2990 3686 32 20 er
3049 3678 169 29 murmelte:

2405 3735 106 35 „Liebe
2540 3735 115 33 Riesen,
2681 3734 140 29 wachsen
2849 3734 80 29 Euch
2967 3732 104 29 immer
3105 3733 77 28 noch
3218 3729 81 37 Köpfe

2331 3789 54 20 aus
2412 3782 56 27 den
2495 3781 109 28 Armen
2633 3781 60 27 und
2719 3787 54 20 aus
2801 3781 57 26 den
2879 3779 126 35 Fingern
3020 3777 14 29 ?
3074 3779 146 33 Verzeiht,
3242 3778 56 26 dass

2330 3827 46 28 ich
2403 3827 81 28 Euch
2511 3834 36 21 so
2575 3826 86 35 quäle
2701 3841 34 3 —
2762 3826 72 26 aber
2860 3824 47 28 Ihr
2924 3824 127 28 braucht
3077 3823 128 29 wirklich
3232 3821 68 29 mehr

2331 3872 96 36 Köpfe
2454 3872 42 28 als
2523 3871 43 28 ihr
2593 3872 71 27 habt
2689 3887 35 3 —
2751 3870 51 29 mit
2830 3871 66 27 dem
2924 3869 87 29 einen
3039 3870 95 28 könnt
3173 3869 45 27 Ihr
3244 3868 54 27 dass

2331 3918 78 29 nicht
2435 3918 72 28 alles
2533 3916 306 33 zusammendenken,
2866 3923 62 21 was
2948 3916 50 28 wir
3018 3913 280 30 zusammendenken

2331 3964 130 34 müssen,
2500 3971 86 21 wenn
2625 3963 50 28 wir
2702 3969 55 21 uns
2784 3963 53 26 das
2864 3961 99 29 Leben
2992 3960 151 36 erträglich
3170 3958 128 37 gestalten

2329 4009 115 29 wollen.
2501 4008 60 29 Wir
2588 4008 121 28 müssen
2742 4007 60 29 Alle
2830 4007 143 28 immerzu
3006 4014 109 20 unsern
3154 4005 72 28 Witz
3260 4010 25 20 zu-

2329 4054 270 29 sammennehmen
2627 4062 48 20 um
2703 4061 56 20 uns
2785 4061 37 19 zu
2849 4052 159 34 beweisen,
3036 4053 69 27 dass
3137 4058 89 21 unser
3253 4048 30 28 Da-

2329 4099 65 29 sein
2420 4099 128 29 wirklich
2576 4099 46 28 ein
2650 4097 161 30 herrliches
2839 4097 42 28 ist.
2922 4098 94 29 Wenn
3043 4097 50 28 wir
3119 4097 81 28 bloss
3227 4094 68 29 einen

2331 4145 78 36 Kopf
2435 4146 107 33 haben,
2581 4145 61 28 fällt
2681 4152 55 20 uns
2776 4144 53 28 das
2862 4143 71 28 sehr
2958 4143 114 28 schwer
3098 4158 33 4 —
3159 4143 77 27 denn
3261 4135 34 31 mit

2331 4190 96 29 einem
2467 4191 79 35 Kopf
2573 4191 122 28 können
2734 4189 49 28 wir
2812 4189 78 28 nicht
2915 4196 36 21 so
2977 4188 55 28 viel
3058 4187 73 28 Witz
3159 4189 131 32 erzeugen

2331 4236 45 28 Ihr
2401 4236 76 34 fragt
2503 4235 85 35 mich,
2615 4243 111 21 warum
2752 4235 51 28 wir
2830 4242 54 20 uns
2910 4241 37 21 so
2974 4236 189 32 anstrengen,
3201 4233 36 27 da
3260 4226 34 31 wir
