3868 5285
594 4630 81 56 46

995 459 335 104 Pour
1403 453 184 108 les
1665 451 815 141 générations
2558 443 484 106 futures

788 684 58 68 Il
873 706 49 64 y
949 704 42 48 a
1018 684 126 66 des
1171 684 328 66 hommes
1526 682 124 86 qui
1677 680 257 66 vivent
1963 677 479 66 directement
2469 692 177 48 avec
2674 672 70 66 la
2771 675 213 63 terre.
3015 669 101 66 Le
3145 687 286 68 paysan

598 779 66 64 la
693 775 295 78 cultive,
1020 775 63 66 le
1111 774 229 88 grand
1369 772 474 88 propriétaire
1872 768 332 66 surveille
2232 768 99 65 les
2361 763 388 88 péripéties
2778 762 86 66 de
2894 765 197 63 cette
3120 760 308 66 culture.

605 867 56 66 Il
698 889 49 64 y
785 887 88 46 en
913 887 43 46 a
995 867 147 86 qui,
1186 867 86 64 de
1311 867 168 84 père
1516 885 86 44 en
1648 863 134 78 fils,
1824 862 439 67 s'adonnent
2302 877 174 47 avec
2515 855 293 88 passion
2847 857 41 64 à
2928 872 115 49 ces
3081 857 347 72 travaux,

598 961 73 63 et
710 977 239 47 aucun
988 960 167 62 rêve
1194 956 87 66 de
1321 975 183 68 pays
1542 953 306 68 lointain
1924 972 88 45 ne
2048 951 210 66 vient
2292 948 262 88 jamais
2591 946 329 68 troubler
2984 946 156 65 leur
3177 943 253 86 esprit.

598 1048 99 68 Le
752 1048 529 86 déplacement,
1338 1048 178 66 c'est
1569 1050 265 62 autant
1889 1043 88 66 de
2029 1041 324 88 supplice
2407 1039 215 88 qu'ils
2674 1038 287 66 évitent
3013 1055 180 47 avec
3247 1033 181 67 soin.

785 1141 137 66 Les
986 1158 293 68 espaces
1372 1138 368 66 inhabités
1855 1136 123 86 qui
2061 1138 393 64 entourent
2547 1133 190 64 leurs
2832 1129 399 76 demeures,
3330 1127 103 65 les

598 1231 425 84 préservent
1086 1234 252 61 contre
1399 1234 170 59 tous
1633 1229 100 64 les
1794 1246 249 56 maux,
2110 1229 251 61 contre
2424 1227 247 61 toutes
2725 1222 100 65 les
2878 1215 555 90 exaspérations

602 1322 88 66 de
737 1322 398 87 grandeurs
1184 1320 126 87 qui
1359 1320 237 85 gisent
1645 1319 179 66 dans
1872 1319 100 64 les
2021 1315 589 68 soubassements
2657 1314 273 64 mêmes
2981 1310 88 66 de
3116 1312 70 64 la
3235 1309 193 76 ville,

598 1417 77 61 et
719 1412 125 86 qui
891 1412 305 86 planent
1240 1412 381 66 au-dessus
1669 1410 88 65 de
1801 1410 69 65 la
1917 1407 324 68 dernière
2285 1405 230 68 limite
2563 1405 88 66 de
2696 1424 131 47 son
2872 1403 403 66 liissement
3321 1403 74 63 at-

600 1503 544 87 mosphérique.

793 1612 403 76 Inexercée,
1277 1612 154 64 leur
1506 1608 479 88 imagination
2061 1607 419 86 s'atrophie,
2561 1624 283 49 comme
2922 1605 125 66 des
3126 1620 307 70 organes

602 1703 526 87 disparaissant
1169 1703 207 65 faute
1425 1701 415 67 d'exercice.
1900 1700 356 86 Manquer
2312 1698 581 86 d'imagination,
2928 1696 180 66 c'est
3162 1712 271 71 gagner

602 1815 86 44 en
739 1793 284 86 énergie
1069 1795 88 64 de
1203 1795 393 64 résistance
1640 1793 178 64 utile
1863 1812 187 66 pour
2094 1791 257 87 garder
2393 1791 71 66 la
2507 1791 139 65 vie.

788 1884 296 66 Comme
1130 1889 325 82 partout,
1504 1884 49 65 il
1599 1884 235 65 arrive
1880 1903 139 66 que
2065 1883 64 64 le
2177 1886 306 63 courant
2530 1883 87 64 de
2666 1900 113 47 ces
2825 1879 406 68 existences
3277 1878 117 86 pai-

600 1974 217 68 sibles
869 1976 229 84 prend
1150 1976 100 64 les
1301 1976 464 84 proportions
1816 1979 74 61 et
1939 1974 72 66 la
2058 1974 327 64 violence
2436 1972 177 66 d'un
2664 1976 286 61 torrent
3001 1971 125 88 qui
3179 1969 254 66 enlève

600 2069 247 63 toutes
884 2067 102 65 les
1027 2066 249 84 digues
1316 2088 14 44 :
1374 2066 311 86 quelque
1728 2064 112 66 fils
1878 2069 229 80 ayant
2143 2064 230 85 perdu
2429 2062 406 87 l'équilibre
2872 2081 94 47 au
3005 2064 299 64 contact
3340 2059 91 66 de

598 2157 71 66 la
717 2157 190 78 ville,
961 2157 350 86 quelques
1364 2157 179 66 filles
1592 2155 408 66 s'éveillant
2046 2159 42 62 à
2136 2157 71 64 la
2254 2155 275 66 lecture
2576 2155 88 65 de
2712 2154 71 66 la
2825 2154 234 79 Bible,
3111 2174 78 46 sa
3235 2150 198 68 mère

598 2247 344 86 ignorant
974 2248 508 85 l'importance
1518 2247 88 66 de
1640 2267 79 46 ce
1751 2267 276 64 poeme,
2068 2245 181 68 ainsi
2283 2265 141 68 que
2458 2247 69 64 la
2561 2245 342 86 présence
2939 2245 96 66 du
3071 2243 362 88 Cantique

602 2338 123 66 des
780 2338 472 87 Cantiques...

785 2445 474 86 Longtemps,
1301 2447 97 66 du
1438 2445 424 86 presbytère
1895 2445 295 86 jusqu'à
2227 2445 65 66 le
2331 2445 323 66 dernière
2693 2445 276 66 cabane
3008 2445 98 66 du
3143 2443 288 87 village,

602 2557 93 45 on
730 2557 33 45 s
795 2536 272 87 effraye
1103 2538 88 64 de
1225 2536 362 66 l'affreuse
1621 2536 324 66 destinée
1978 2536 126 87 qui
2138 2536 267 87 balaya
2437 2536 100 66 les
2573 2536 382 66 habitants
2991 2536 97 66 du
3123 2536 307 76 manoir,

600 2628 102 66 tel
747 2648 100 44 un
896 2629 320 85 cyclone.

788 2719 130 66 Ces
978 2719 506 85 catastrophes
1543 2717 424 78 n'arrivent,
2029 2721 41 64 à
2132 2719 89 65 de
2280 2738 193 47 rares
2530 2717 422 89 exceptions
3011 2717 187 89 près,
3259 2717 174 87 qu'à

602 2828 183 47 ceux
834 2809 125 86 qui
1008 2814 435 61 consentent
1491 2811 42 66 à
1582 2809 280 86 quitter
1906 2809 155 64 leur
2110 2812 298 63 contact
2458 2809 230 66 direct
2735 2829 176 46 avec
2961 2809 69 68 la
3076 2814 213 73 terre,
3342 2829 89 46 en

600 2900 410 66 affrontant
1057 2902 102 64 les
1208 2900 398 68 collissions
1655 2900 88 65 de
1792 2900 369 66 nouvelles
2210 2900 522 87 atmosphères.

785 2992 306 78 Parfois,
1137 3012 142 46 une
1320 2992 222 86 gloire
1580 2992 436 66 inattendue
2058 2992 205 66 vient
2305 2993 41 65 à
2388 2992 70 66 la
2491 2992 190 66 suite
2715 2992 171 66 d'un
2925 2992 227 88 pareil
3184 2992 210 86 dépla-

600 3088 310 71 cement,
969 3088 418 80 rayonnant
1442 3083 381 66 au-dessus
1880 3083 88 65 de
2021 3102 115 47 ces
2190 3083 196 66 lieux
2439 3083 474 68 abandonnés
2967 3088 75 63 et
3094 3088 214 63 toute
3360 3083 71 66 la

598 3173 295 64 contrée
932 3173 88 64 de
1057 3173 315 66 s'ébahir
1409 3175 41 64 à
1487 3173 70 66 la
1592 3173 325 64 violence
1956 3173 88 64 de
2082 3176 117 63 cet
2231 3173 701 86 incompréhensible
2969 3175 457 67 événement.

785 3263 377 66 Heureuse
1203 3283 93 46 ou
1338 3263 429 86 effrayante,
1811 3264 69 65 la
1921 3263 345 67 Destinée
2305 3285 90 45 ne
2434 3285 74 45 se
2547 3270 154 60 met
2740 3285 88 47 en
2869 3266 295 68 marche
3204 3266 226 88 qu'au

598 3359 332 61 moment
979 3359 95 61 où
1123 3356 346 64 l'homme
1521 3356 87 64 de
1658 3356 70 66 la
1779 3373 401 69 campagne
2229 3376 75 46 se
2354 3358 249 66 décide
2654 3359 41 66 à
2745 3378 100 46 un
2896 3358 532 88 déplacement,

595 3447 96 66 où
741 3446 66 66 le
854 3446 171 64 vide
1071 3446 332 66 inhabité
1453 3451 268 61 autour
1770 3446 88 66 de
1909 3466 78 46 sa
2038 3447 338 66 demeure
2424 3468 74 47 se
2547 3449 241 66 réduit
2835 3452 43 65 à
2928 3469 99 48 un
3077 3451 349 76 obstacle,

608 3535 102 68 tel
771 3556 100 44 un
934 3556 184 47 mur.

785 3625 99 68 Le
940 3632 154 61 sort
1152 3625 86 66 de
1296 3645 185 48 ceux
1535 3627 125 86 qui
1718 3627 240 66 cloués
2014 3628 41 67 à
2112 3627 478 69 l'uniformité
2642 3630 234 66 inerte
2933 3632 88 66 de
3076 3632 155 66 leur
3284 3632 142 78 vie,

595 3717 403 66 s'élancent
1052 3718 168 66 hors
1277 3717 88 67 de
1420 3717 155 66 leur
1631 3718 464 87 atmosphère
2151 3723 75 61 et
2280 3739 74 47 se
2407 3725 322 63 mettent
2783 3725 40 64 à
2879 3742 395 69 voyager...

786 3825 203 68 Voici
1027 3827 71 66 la
1133 3825 348 68 frontière
1518 3830 95 63 où
1646 3827 219 67 butte
1900 3827 65 66 le
2000 3827 195 67 train
2232 3828 124 88 qui
2392 3833 76 63 te
2503 3830 266 86 dépose
2805 3837 74 61 et
2923 3833 507 68 t'abandonne

600 3916 671 87 précipitamment.

783 4025 300 67 Comme
1140 4047 100 44 un
1301 4045 286 47 anneau
1646 4026 553 87 imperceptible
2256 4028 528 88 brusquement
2844 4033 308 70 détaché
3211 4035 90 64 de
3358 4035 72 64 la

593 4116 259 66 chaîne
881 4116 256 68 infinie
1169 4116 125 88 qui
1328 4118 407 66 détermina
1768 4138 129 46 son
1929 4120 417 84 apparition
2380 4121 181 66 dans
2591 4123 65 66 le
2686 4125 288 67 monde,
3010 4131 86 63 tu
3130 4126 300 66 deviens

592 4209 171 65 tout
790 4208 176 66 d'un
993 4228 186 66 coup
1208 4228 142 47 une
1376 4209 215 66 chose
1618 4228 144 47 non
1789 4209 355 87 comprise
2171 4211 182 66 dans
2376 4213 70 66 la
2469 4214 295 66 totalité
2789 4216 177 66 d'un
2993 4218 431 86 organisme.

778 4314 264 70 Aucun
1083 4318 299 86 registre
1421 4338 90 47 ne
1548 4318 275 86 signale
1858 4318 92 66 ici
1989 4321 81 64 ta
2109 4319 396 68 naissance.
2547 4323 249 67 L'état
2835 4328 178 64 actif
3054 4328 88 64 de
3179 4331 251 63 toutes

592 4406 103 69 les
734 4407 366 68 hérédités
1137 4409 250 86 ignore
1426 4409 70 68 la
1536 4409 248 68 tienne
1816 4429 17 58 ;
1877 4414 130 61 ton
2050 4429 171 48 nom
2263 4431 88 48 ne
2388 4413 117 66 fut
2544 4414 262 87 jamais
2847 4419 303 87 englobé
3191 4440 134 66 par
3362 4419 66 66 le
