3868 5285
501 4655 81 58 24

866 390 91 66 Et
1013 381 264 73 choisir
1333 376 241 93 parmi
1633 393 171 51 vous
1865 371 118 69 des
2048 368 188 71 amis

861 479 164 71 Moi
1057 476 125 91 qui
1218 473 278 69 marche
1528 488 125 51 sur
1685 469 73 66 la
1804 466 206 67 Terre
2046 462 159 70 huit
2239 459 196 69 mille
2474 479 134 49 ans
2647 462 217 66 avant
2901 479 183 51 voua:

866 572 174 88 Quel
1101 566 239 93 palais
1411 579 413 53 aurez-vous
1899 556 145 71 bâti

862 644 63 89 À
976 666 71 66 la
1089 662 198 88 place
1331 659 90 68 où
1470 676 71 47 ce
1585 652 227 69 malin
1858 650 69 88 je
1971 649 158 67 suis
2178 645 188 70 assis

866 757 105 69 Ou
1025 754 337 91 peut-être
1413 769 132 71 que
1601 765 115 50 vos
1777 745 301 68 bateaux
2132 760 46 70 y
2232 740 232 88 feront
2518 738 359 90 naufrage

862 850 93 68 Et
1013 847 262 91 qu'une
1338 843 232 68 vieille
1634 838 285 90 légende
1982 838 88 66 où
2137 832 527 91 j'apparaîtrai

874 940 354 73 Grandira
1296 957 106 47 ces
1467 953 308 72 parages

859 1035 207 69 Mais
1125 1048 411 51 aurez-vous
1596 1026 79 68 de
1733 1023 269 69 vieilles
2061 1021 325 88 légendes

864 1128 281 69 Comme
1191 1143 169 48 vous
1408 1141 181 48 serez
1638 1119 208 68 vieux
1890 1118 300 88 peuples
2239 1113 81 69 de
2369 1111 149 71 Van
2571 1111 125 69 dix
2745 1111 204 69 mille

866 1219 281 70 Comme
1204 1235 170 49 vous
1435 1233 184 49 serez
1675 1211 251 88 jeunes

866 1314 279 68 Comme
1201 1309 69 88 je
1328 1307 186 70 serai
1575 1306 212 67 vieux

861 1406 528 67 Aimerez-vous
1452 1421 71 47 ce
1584 1419 130 70 que
1777 1416 183 49 nous
2026 1394 282 69 aimons

862 1499 105 67 La
1018 1499 169 66 tarte
1238 1516 144 47 aux
1431 1492 258 88 fraises
1741 1494 63 64 et
1853 1492 61 66 le
1966 1489 122 67 vin
2146 1485 215 71 blond

861 1590 526 68 Aimerez-vous
1452 1605 69 48 ce
1580 1604 134 69 que
1773 1582 251 89 j'aime

864 1683 173 87 Quel
1088 1683 96 65 est
1233 1678 181 71 celui
1465 1678 81 68 de
1597 1697 144 49 mes
1789 1680 282 85 poèmes

864 1778 146 85 Que
1060 1795 168 49 vous
1279 1773 296 69 aimerez
1626 1773 61 66 le
1738 1770 242 67 mieux

866 1870 105 67 Où
1021 1870 70 66 la
1142 1866 276 68 maison
1470 1883 132 71 que
1651 1863 66 88 je
1770 1863 156 67 vais
1982 1859 186 70 bâtir

867 1963 134 67 Des
1054 1963 418 66 roulements
1524 1958 243 67 d'auto

856 2054 143 68 Des
1052 2052 254 92 sifflets
1365 2051 82 67 de
1502 2047 437 71 locomotives

859 2149 140 66 Des
1049 2146 607 69 vrombissements
1707 2140 325 70 d'avions

859 2242 142 66 Des
1064 2261 164 47 sons
1294 2240 80 66 de
1438 2239 259 67 cloches

867 2334 171 67 Sont
1086 2332 337 88 enfermés
1472 2330 179 68 dans
1702 2349 161 47 mon
1917 2327 212 67 chant

864 2427 186 67 Avec
1098 2445 142 49 mes
1289 2423 412 70 sentiments

866 2518 91 66 Et
1010 2521 215 65 toutes
1277 2520 97 64 les
1428 2516 234 68 choses
1716 2515 81 67 de
1851 2533 163 49 mon
2075 2516 223 85 temps

866 2610 91 67 Et
1016 2610 234 69 là-bas
1313 2611 161 66 c'est
1533 2608 222 69 Paris

867 2703 105 67 La
1030 2704 161 66 ville
1245 2703 212 89 qu'on
1521 2723 42 47 a
1621 2703 181 67 dans
1860 2701 71 68 la
1988 2720 190 71 peau

869 2796 105 69 La
1030 2796 159 69 ville
1240 2797 125 89 qui
1419 2799 153 66 sent
1626 2796 327 68 Vhomme

866 2891 106 67 La
1038 2891 160 67 ville
1265 2891 185 88 grise
1516 2892 88 66 où
1672 2889 67 90 je
1809 2886 322 71 travaille
2200 2906 163 47 avec
2430 2904 146 49 mes
2645 2882 244 70 mains

871 2982 259 85 Quand
1194 2982 53 68 il
1306 2984 195 86 pleut

871 3075 257 85 Quand
1186 3075 51 68 il
1287 3075 138 88 fait
1477 3073 190 89 froid

867 3167 107 67 La
1038 3168 160 68 ville
1262 3167 428 69 nourricière
1755 3168 88 66 où
1909 3165 137 90 j'ai
2114 3185 84 48 eu
2266 3163 203 90 vingl
2534 3184 133 49 ans

878 3261 177 66 Tout
1094 3280 70 47 ce
1201 3261 124 87 qui
1365 3261 163 68 s'est
1563 3261 215 90 passé
1816 3260 179 67 n'est
2032 3260 273 86 jamais
2351 3256 239 70 arrivé

867 3353 261 69 J'étais
1184 3356 178 66 dans
1418 3358 62 66 le
1536 3358 229 64 ventre
1822 3355 83 67 de
1961 3356 71 66 la
2098 3353 187 69 Ville

872 3444 126 70 Me
1047 3446 179 68 voici
1279 3449 93 65 né

889 3537 192 68 Voici
1128 3559 129 68 que
1303 3541 66 86 je
1418 3541 276 68 marche
1743 3561 83 46 en
1880 3543 244 64 tenant
2173 3541 183 66 toute
2405 3539 71 66 la
2532 3556 124 49 rue

876 3629 279 69 Comme
1215 3653 93 47 un
1369 3634 269 68 homme
1695 3634 188 68 riche

889 3724 193 67 Voici
1133 3746 129 67 que
1313 3727 66 86 je
1431 3727 288 88 regarde
1772 3729 69 66 la
1904 3727 208 66 Terre

855 3817 139 86 Que
1077 3817 68 86 je
1201 3819 278 69 deviens
1540 3841 386 47 amoureux
1985 3819 203 71 d'elle

883 3908 199 68 Voici
1142 3932 130 66 que
1331 3912 66 88 je
1460 3912 279 69 deviens
1804 3913 252 68 éternel

872 4003 351 68 Pourtant
1277 4005 66 86 je
1401 4008 288 87 regarde
1745 4027 118 47 ma
1919 4010 271 64 montre

872 4095 92 67 Je
1030 4096 152 68 vais
1245 4098 200 86 jouer
1511 4120 91 47 au
1672 4100 233 67 tennis
1973 4100 83 67 de
2124 4101 183 66 toute
2376 4118 117 48 ma
2562 4096 332 90 jeunesse

874 4186 92 68 Et
1010 4188 133 89 j'ai
1193 4189 177 87 faim
1419 4213 261 48 comme
1733 4213 95 48 un
1878 4193 202 69 chien

878 4279 94 68 Le
1033 4281 204 68 Nord
1298 4283 165 69 était
1528 4284 300 70 derrière
1890 4288 146 66 moi

878 4372 96 66 Le
1016 4374 204 68 Nord
1262 4379 96 64 est
1402 4376 43 69 à
1491 4399 115 46 ma
1651 4379 268 88 gauche

876 4464 91 67 Et
1015 4465 255 70 bientôt
1311 4470 68 85 je
1425 4470 262 70 l'aurai
1734 4493 83 47 en
1865 4474 150 86 face
