3868 5285
620 4725 36 51 2

1590 500 748 121 POISSONS

655 798 94 68 Le
808 798 223 87 fleuve
1096 793 142 90 figé
1294 793 132 65 sert
1490 788 80 66 de
1632 786 188 66 route
1885 798 140 49 aux
2085 775 274 89 piétons

650 905 264 71 Aucun
974 905 264 85 danger
1292 918 86 48 ne
1434 913 280 51 menace
1771 893 95 66 les
1922 886 328 90 poissons
2308 898 163 51 sous
2532 880 69 64 la
2660 874 251 70 couche
2970 873 81 67 de
3111 873 198 86 glace

655 1018 512 87 Quelques-uns
1228 1030 71 48 se
1356 1007 373 91 plaignent
1785 998 333 92 pourtant
2181 1012 119 47 car
2361 995 152 81 trop
2581 986 157 68 bien
2806 983 220 68 soudé

657 1127 92 69 Ce
798 1125 343 69 couvercle
1190 1123 151 66 leur
1389 1117 242 71 dérobe
1678 1117 59 64 le
1788 1110 195 69 soleil
2035 1105 158 69 bien
2245 1100 205 69 aimé.

1622 1308 696 127 Éphémérides

745 1526 90 68 23
870 1523 295 73 Février
1202 1520 200 69 1863.
1439 1559 94 8 —
1565 1516 225 68 Dîner
1820 1508 353 71 littéraire
2195 1506 42 66 à
2262 1501 207 68 Paris
2493 1520 89 47 en
2620 1498 392 67 l'honneur
3035 1494 93 68 de
3168 1494 189 68 Tour-

560 1616 310 93 guenief.

745 1726 90 70 25
891 1723 294 69 Février
1245 1721 198 68 1830.
1499 1758 94 9 —
1643 1711 398 90 Théophile
2098 1704 356 71 Gauthier
2508 1701 217 68 enfile
2781 1719 101 48 un
2940 1697 177 90 gilet
3175 1714 224 71 rouge

562 1840 185 69 pour
793 1819 294 68 assister
1135 1818 42 66 à
1224 1816 71 66 la
1343 1811 349 90 première
1741 1801 428 73 d'Hernani.

745 1931 46 66 2
835 1931 195 64 Mars
1075 1967 90 10 —
1204 1928 146 64 300.
1397 1962 95 8 —
1536 1919 452 88 Hippocrate
2032 1914 300 66 invente
2377 1909 68 68 le
2493 1902 365 73 clisthère.

752 2038 85 68 14
879 2039 195 67 Mars
1119 2034 202 70 1778.
1363 2072 95 10 —
1500 2028 322 71 Voltaire
1864 2024 185 70 croit
2081 2019 295 71 mourir.
2432 2017 57 66 Il
2533 2021 114 62 est
2692 2012 232 70 sauvé
2970 2031 136 69 par
3153 2012 66 65 le
3266 2011 133 67 lait

562 2133 329 67 d'ânesse
936 2136 75 63 et
1057 2131 101 66 les
1204 2128 235 86 éloges
1487 2144 139 68 que
1673 2119 100 68 lui
1803 2124 188 64 vaut
2025 2136 78 46 sa
2147 2111 329 89 tragédie
2527 2109 231 68 Irène.

754 2241 83 66 18
896 2239 193 68 Mars
1152 2236 201 69 1842.
1412 2273 95 10 —
1565 2229 393 71 Naissance
2017 2226 42 66 à
2122 2222 225 80 Paris,
2415 2221 89 66 de
2569 2217 383 88 Stéphane
2984 2214 415 68 Mallarmé.

1514 2446 393 88 Conseil
1990 2446 128 81 du
2176 2444 252 81 mois

1211 2647 284 68 Février
1544 2644 122 68 n'a
1717 2661 129 69 que
1900 2636 384 91 vingt-huit
2333 2636 199 88 fours

1216 2757 66 68 Il
1341 2761 97 64 est
1495 2757 148 85 trop
1704 2754 191 66 court
1947 2768 185 69 pour
2190 2749 94 66 les
2345 2763 309 60 amours,

1224 2868 107 67 Va
1377 2862 225 94 plutôt
1653 2883 93 49 au
1797 2881 125 47 son
1976 2861 95 66 du
2123 2857 322 68 tambour

1228 2976 377 86 Guerroyer
1663 3011 93 11 —
1815 2989 307 72 pensons
2186 2989 44 66 y
2298 2966 315 88 toujours
2648 2962 16 68 !
