3868 5285
529 4685 76 61 12

1441 464 1022 119 CAPRICORNE

910 726 62 69 A
1019 729 257 66 travers
1315 726 97 68 les
1452 724 239 88 neiges
1730 721 246 69 ravins
2015 719 289 68 collines
2346 718 266 69 boisées

914 838 308 69 L'Hiver
1270 838 301 90 galoppe
1622 834 255 70 violent
1930 831 416 71 bousculant
2396 831 98 68 les
2543 831 311 68 hommes

917 951 68 68 Il
1051 950 92 69 rit
1210 968 92 51 ail
1371 948 207 69 vieux
1640 946 183 70 Noël
1886 944 124 90 qui
2077 943 298 69 s'éveille
2443 944 147 68 tout
2651 943 183 90 paré

914 1060 195 69 Pour
1156 1080 125 49 son
1334 1060 129 67 rite
1513 1060 265 66 annuel
1825 1061 59 65 et
1933 1075 185 69 pour
2165 1058 71 66 la
2284 1053 144 91 joie
2477 1055 118 69 des
2646 1075 310 69 gnomes.

1609 1286 703 107 Éphémérides

727 1482 79 68 31
862 1482 403 70 Décembre
1313 1481 201 69 1831.
1560 1520 93 10 —
1695 1479 249 69 Alfred
1992 1479 88 68 de
2126 1479 242 90 Vigny
2410 1499 76 49 se
2530 1479 286 69 déclare
2860 1482 41 68 à
2947 1481 381 69 lui-même
3375 1506 15 44 ;

542 1603 26 32 «
603 1574 90 67 Je
730 1575 144 66 n'ai
908 1574 135 67 fait
1081 1574 89 69 de
1204 1574 149 67 mal
1387 1575 41 68 à
1465 1592 381 70 personne.
1883 1572 90 68 Je
2009 1572 145 68 n'ai
2193 1592 129 68 pas
2357 1572 182 69 écrit
2573 1592 143 49 une
2752 1572 193 91 ligne
2979 1579 256 64 contre
3270 1594 124 49 ma

541 1667 440 81 conscience,
1040 1669 71 66 ni
1167 1670 252 66 contre
1474 1685 242 50 aucun
1772 1667 152 66 être
1978 1667 285 68 vivant.
2324 1692 25 34 »

725 1777 44 66 4
815 1779 303 67 Janvier
1170 1775 200 70 1857.
1418 1816 93 8 —
1573 1775 138 68 Les
1787 1775 411 70 Goncourts
2269 1775 383 90 baptisent
2718 1777 374 90 Béranger
3142 1779 211 69 l'Ana-

541 1868 213 68 créon
806 1870 88 64 de
947 1870 69 68 la
1069 1868 239 70 Garde
1360 1867 415 71 Nationale.

723 1982 85 68 16
857 1982 308 69 Janvier
1211 1982 198 71 1875.
1453 2022 93 11 —•
1595 1980 329 68 Verlaine
1954 1980 243 88 quitte
2224 1982 67 66 la
2329 1982 247 90 prison
2623 1984 90 69 de
2762 1985 236 71 Mons.

730 2092 81 68 17
859 2092 306 68 Janvier
1235 2094 184 62 1536.
1479 2133 93 8 —
1641 2090 100 68 Le
1807 2111 190 71 papa
2063 2092 323 69 autorise
2471 2094 350 71 Rabelais
2881 2099 45 67 à
2996 2095 399 90 reprendre

544 2185 13 61 i
593 2180 210 68 foabit
862 2180 90 68 de
1013 2180 417 71 bénédictin
1492 2200 170 51 sans
1721 2202 349 49 renoncer
2126 2185 40 66 à
2227 2182 374 72 l'exercice
2662 2183 90 71 de
2811 2185 70 69 la
2940 2188 403 67 médecine.

1526 2410 396 85 Conseil
1978 2414 129 83 du
2148 2419 252 79 mois

1201 2601 152 68 Mil
1409 2603 175 88 neuf
1638 2608 151 63 cent
1843 2605 200 90 vingt
2075 2610 59 64 et
2170 2625 96 51 un
2329 2608 238 90 expire

1199 2710 153 69 Mil
1408 2713 171 87 neuf
1636 2718 149 63 cent
1843 2715 198 88 vingt
2071 2715 205 83 deux,
2341 2737 260 51 sera-ce

1206 2820 202 69 Pour
1462 2822 266 71 Claude
1789 2825 326 71 Terrasse

1208 2930 106 71 Ou
1362 2932 318 69 William
1731 2933 474 95 Shakespeare
2246 2939 35 67 ?
