3868 5285
666 4850 38 55 22

656 633 300 90 prolixe,
994 635 75 62 et
1105 624 347 92 prodigue
1486 621 99 66 les
1624 614 515 88 compliments
2175 614 74 63 et
2283 609 103 68 les
2424 608 255 69 vaines
2717 608 313 88 paroles.
3072 609 115 68 En
3225 611 279 83 réalité,

652 745 170 49 sous
866 726 103 66 les
1016 721 260 68 dehors
1325 716 216 66 d'une
1589 707 313 72 aimable
1950 702 384 78 modestie,
2386 721 80 47 ce
2517 701 288 67 dernier
2854 701 194 67 n'est
3096 704 410 90 préoccupé

654 836 142 70 que
830 816 88 68 de
947 812 393 70 lui-même.
1375 801 409 89 L'Anglais,
1821 818 95 49 au
1951 794 386 78 contraire,
2375 797 113 63 est
2520 792 217 68 sobre
2772 792 90 68 de
2896 794 313 86 paroles,
3245 816 218 51 ouver-

654 914 286 63 tement
981 902 442 90 orgueilleux
1464 902 74 63 et
1577 890 420 73 insouciant
2027 912 16 56 ;
2088 889 51 66 il
2185 889 196 66 émet
2424 906 111 47 ses
2578 885 201 68 idées
2820 885 68 68 le
2932 887 166 86 plus
3140 889 159 69 vite
3341 911 124 67 pos-

657 1002 202 78 sible,
903 1016 278 52 comme
1221 994 109 66 s'il
1372 987 354 90 craignait
1767 985 89 66 de
1897 982 259 88 perdre
2197 1000 134 46 son
2369 983 270 83 temps.
2686 978 115 66 En
2844 978 458 88 Angleterre,
3345 983 129 68 l'in-

654 1094 193 67 térêt
911 1088 266 90 public,
1247 1082 289 69 domine
1601 1077 338 88 toujours
2004 1073 328 68 l'intérêt
2398 1072 231 86 privé.
2703 1097 27 35 »

840 1209 27 37 «
915 1182 201 67 Nous
1152 1197 179 49 nous
1367 1177 383 64 montrons
1785 1166 617 70 habituellement
2434 1163 469 68 indifférents
2940 1168 76 63 et
3050 1165 454 72 insoucients

652 1295 185 68 pour
881 1275 102 66 les
1032 1271 247 68 choses
1328 1266 125 88 qui
1501 1263 347 68 méritent
1899 1259 421 85 davantage
2371 1259 214 63 notre
2635 1254 481 70 observation
3167 1261 78 65 et
3292 1265 214 64 notre

649 1364 564 70 enthousiasme.
1252 1361 149 66 Peu
1436 1358 87 66 de
1558 1371 393 73 personnes
1987 1354 132 65 ont
2151 1351 69 66 la
2256 1364 288 72 sagesse
2581 1348 401 67 d'admirer
3015 1349 71 68 la
3123 1351 383 68 naissance

649 1458 472 88 quotidienne
1160 1454 88 66 de
1282 1453 70 66 la
1387 1447 300 70 lumière
1723 1451 74 61 et
1833 1446 71 66 la
1941 1442 329 70 création
2308 1441 343 67 nouvelle
2689 1441 90 66 de
2815 1444 255 64 toutes
3106 1442 105 68 les
3250 1444 254 69 choses

651 1551 123 86 qui
827 1552 330 85 germent
1226 1544 280 86 chaque
1557 1541 186 86 jour,
1800 1556 177 49 avec
2032 1539 195 63 cette
2280 1532 328 80 lumière,
2662 1532 407 70 l'éternelle
3120 1534 384 71 harmonie

649 1642 125 66 des
818 1640 271 78 étoiles,
1133 1639 100 66 les
1279 1634 327 67 miracles
1651 1629 415 89 perpétuels
2114 1627 88 68 de
2244 1627 71 66 la
2361 1625 459 88 génération,
2891 1627 105 66 les
3040 1627 215 68 effets
3299 1629 92 67 de
3433 1630 69 68 la

647 1735 241 66 chaux
927 1732 122 90 qui
1088 1730 203 68 brûle
1331 1747 94 49 au
1465 1730 298 63 contact
1806 1723 86 66 de
1931 1720 215 69 l'eau.
2193 1720 153 66 Peu
2390 1720 90 66 de
2522 1739 401 67 personnes
2964 1718 457 71 s'attardent
3458 1727 43 64 à

644 1827 313 66 admirer
1006 1844 114 47 ces
1169 1820 333 90 prodiges
1552 1815 431 90 journaliers
2038 1813 184 66 dont
2271 1813 71 66 la
2395 1812 403 88 répétition
2850 1812 280 69 semble
3181 1813 318 81 triviale,

644 1916 181 68 mais
873 1916 179 68 dont
1094 1915 102 68 les
1242 1930 250 51 causes
1536 1911 281 66 restent
1863 1905 300 69 cachées
2207 1930 49 42 ».

1902 2240 259 79 DÉJÀ
2200 2250 13 68 !

827 2403 167 68 Aux
1033 2403 244 69 beaux
1315 2403 201 88 jours
1560 2403 97 66 du
1699 2401 538 70 Romantisme.
2281 2442 95 10 —
2419 2400 145 81 oui,
2613 2401 251 68 beaux
2903 2401 230 88 jours,
3160 2422 90 49 en
3294 2403 207 88 dépit

635 2494 92 68 de
771 2498 190 76 tout,
1010 2494 216 68 dirait
1270 2515 180 49 avec
1494 2513 183 49 nous
1723 2515 76 47 ce
1846 2494 313 88 critique
2202 2493 401 69 malicieux
2645 2493 155 89 qui,
2849 2498 237 84 ayant
3130 2494 166 70 loué
3340 2494 130 68 l'in-

635 2586 287 68 tention
966 2588 123 66 des
1132 2588 587 88 néo-classiques,
1767 2588 323 88 ajoutait
2136 2610 13 44 :
2198 2613 28 35 «
2270 2586 72 69 Si
2385 2606 189 49 vous
2617 2586 318 90 pouviez
2977 2586 212 68 avoir
3230 2591 272 64 autant

637 2679 88 66 de
752 2681 237 66 talent
1016 2701 139 68 que
1184 2681 100 67 les
1313 2681 525 88 romantiques,
1872 2701 78 47 ce
1978 2681 226 67 serait
2231 2679 150 69 très
2410 2679 173 69 bien
2618 2681 14 66 !
2667 2706 26 36 »
2720 2721 96 9 —
2844 2701 150 47 aux
3021 2681 249 67 beaux
3296 2681 205 88 jours

630 2769 102 67 du
791 2770 508 70 Romantisme
1357 2772 210 80 donc,
1628 2794 93 46 on
1782 2772 366 88 disputait
2207 2772 169 88 déjà
2435 2791 126 49 sur
2617 2772 67 68 le
2744 2772 222 68 choix
3035 2772 223 68 d'une
3347 2772 154 70 rive

630 2862 375 69 littéraire.
1057 2865 295 68 Gauche
1397 2886 94 47 ou
1540 2865 235 68 droite
1811 2865 37 70 ?
1899 2867 100 66 Et
2044 2867 183 68 c'est
2273 2872 477 63 exactement
2798 2867 42 68 à
2888 2867 72 68 la
3010 2865 314 70 Closerie
3372 2865 127 70 des

632 2953 215 75 Lilas,
911 2963 75 61 et
1045 2977 131 68 pas
1233 2957 312 79 ailleurs,
1609 2979 142 66 que
1811 2958 592 68 s'assemblaient
2464 2958 253 70 coiffés
2806 2960 43 68 à
2910 2960 72 66 la
3054 2958 440 68 Rembrant.

632 3065 142 49 eux
852 3048 214 80 aussi,
1164 3048 247 88 prince
1489 3050 183 68 Paul
1706 3051 13 67 !
1802 3050 103 68 les
1985 3051 437 89 champions
2502 3051 360 89 gauchers
2928 3055 78 63 et
3055 3050 437 88 gauchards.

629 3138 203 69 Dans
913 3162 141 45 une
1150 3143 325 66 comédie
1574 3145 39 66 à
1726 3143 356 90 couplets,
2168 3145 102 67 Le
2354 3145 197 86 Pays
2666 3145 127 67 des
2905 3145 347 78 Amours,
3367 3162 132 69 pat-

629 3248 345 68 Edouard
1030 3251 362 82 Plouvier,
1450 3253 201 69 créée
1707 3273 148 48 aux
1911 3253 360 81 Variétés,
2331 3256 64 66 le
2456 3253 86 69 15
2596 3275 198 47 mars
2855 3253 207 80 1858,
3089 3275 98 46 un
3248 3258 254 63 acteur

619 3341 342 69 chantait
1025 3366 10 43 :

1184 3439 92 65 Je
1340 3439 371 68 reconnais
1780 3443 115 64 ton
1965 3439 125 68 toit
2154 3439 356 70 d'ardoise

1199 3529 185 69 Vieil
1448 3531 256 79 Odéon,
1772 3534 88 64 où
1926 3536 152 62 tant
2141 3532 79 68 de
2281 3532 141 87 fois

1189 3622 149 68 A'os
1404 3624 159 78 cris,
1636 3644 126 49 nos
1833 3626 164 86 clefs
2065 3631 122 62 ont
2251 3626 286 69 cherché
2598 3627 200 68 noise

1184 3714 63 67 A
1311 3717 68 66 la
1438 3717 307 88 tragédie
1807 3739 144 46 aux
2012 3719 198 67 abois
2248 3720 13 66 !

1188 3807 176 67 Plus
1414 3808 148 66 loin
1614 3829 225 59 encor,
1897 3812 69 64 la
2021 3812 282 66 closerie

1186 3900 106 68 Où
1342 3902 259 88 chaque
1646 3902 102 67 été
1790 3905 97 66 les
1933 3905 184 86 frais
2165 3905 203 68 Lilas

1182 3993 185 66 Font
1440 4015 134 46 une
1645 4017 393 67 campagne
2107 3998 254 86 fleurie

1184 4083 59 66 A
1311 4088 149 64 tant
1521 4086 354 68 d'amants
1936 4089 124 87 qui
2124 4091 162 66 n'en
2353 4095 120 62 ont
2530 4110 159 69 pas.

812 4171 96 66 Le
952 4174 283 68 dernier
1270 4196 166 48 vers
1477 4186 112 59 est
1628 4179 245 80 faible,
1917 4181 188 68 mais
2146 4183 455 89 qu'importe
2635 4183 12 67 !
2700 4183 111 67 On
2855 4184 270 65 chante
3170 4196 259 51 encore
3479 4200 11 42 :

1194 4269 112 68 Un
1357 4271 184 84 four,
1597 4293 88 45 on
1740 4293 208 69 passe
2000 4276 70 66 la
2122 4276 356 67 rivière....

815 4357 347 69 Edouard
1226 4360 343 72 Plouvier
1601 4366 13 67 !
1689 4366 57 66 Il
1814 4366 279 69 débuta
2158 4369 520 68 humblement
2742 4369 188 69 dans
2996 4369 100 66 les
3164 4366 191 69 cuirs
3419 4367 77 63 et

627 4465 240 68 peaux
922 4469 183 66 pour
1157 4455 285 85 expirer
1494 4455 183 70 dans
1729 4457 65 68 le
1850 4459 252 67 drame
2156 4465 76 63 et
2285 4462 66 66 le
2407 4460 445 77 vaudeville.
2910 4459 430 71 Accordons
3394 4476 98 45 un

622 4542 344 66 souvenir
1018 4545 36 64 à
1113 4564 76 47 ce
1242 4547 371 89 mégissier
1663 4550 495 92 dramatique,
2215 4553 400 89 champion
2667 4553 363 70 bénévole
3086 4553 89 67 de
3226 4552 268 66 l'autre

625 4630 173 69 rive.
2502 4650 128 52 AN
2645 4650 56 52 H
2712 4638 137 64 Rtf
2894 4647 46 55 S
2955 4647 198 55 AIM
3162 4647 61 55 O
3233 4647 66 55 N

2490 4644 358 73 ANDRÉ
2895 4645 403 70 SALMON
