2321 3858
901 194 215 43 MUSIQUE
1154 196 272 36 RELIGIEUSE

2073 199 87 49 271

416 304 226 37 Troisième
667 304 207 37 Nocturne

159 386 96 38 Ant.
281 386 80 38 Cor
390 386 133 38 verbis
552 398 120 26 novae
707 384 144 53 gratiae
938 386 120 38 mode
1088 398 38 39 7.

199 468 23 25 »
284 455 162 42 Pacem,
472 454 174 39 salutem
669 454 163 39 nuntiat
975 467 23 25 »
1086 454 39 39 8.

201 537 24 25 »
287 524 54 39 Ut
364 524 120 38 novis
507 520 125 42 sanéti
656 523 146 39 mérita
975 535 24 25 »
1093 535 33 25 1.

159 593 175 52 Respons.
354 591 142 39 Carnis
519 592 152 51 spicem
695 594 264 48 contemptus
975 604 24 24 »
1089 603 37 40 7.

249 675 24 24 »
362 662 56 38 De
434 661 407 51 paupertatishorreo
974 672 25 25 »
1088 659 38 39 8.

246 743 24 24 »
359 728 592 51 Sexfratrumpaterseptimus
975 741 24 24 »
1094 740 32 25 1.

1493 307 157 38 Laudes
1674 307 26 36 &
1723 308 156 36 Heures

1200 386 97 39 Ant.
1311 386 606 54 SanétusFranciscuspraeviis
1992 391 120 37 mode
2128 403 39 26 2.

1241 468 24 25 »
1311 456 73 38 Hic
1406 457 262 50 praedicando
1691 457 145 39 circuit
2017 471 25 25 »
2128 471 39 40 3.

1239 537 24 24 »
1308 522 100 40 Très
1430 525 164 39 ordines
1617 525 65 39 hic
1711 525 163 39 ordinat
2016 539 25 26 »
2127 541 40 35 4.

1243 605 23 25 »
1312 590 151 41 Doélus
1485 591 178 41 doétrice
1687 594 131 51 gratia
2015 608 24 24 »
2131 609 36 37 5.

1242 673 25 24 »
1312 659 190 40 Laudans
1523 661 165 38 laudare
1712 661 178 40 monuit.
2017 676 23 24 »
2129 662 38 41 6.

1201 727 66 38 Ad
1286 728 136 38 Bened.
1449 729 35 37 O
1509 729 155 51 Martyr
1684 730 199 38 desiderio
2017 744 24 25 »
2130 743 37 39 7.

1201 795 66 38 Ad
1286 797 169 50 Magnif.
1482 797 35 38 O
1535 797 136 40 virum
1688 797 227 40 mirabilem
2017 812 24 25 »
2128 800 38 38 8.

153 923 90 39 Non
266 922 227 38 seulement
513 922 57 38 les
591 922 227 44 antiennes,
844 921 105 38 mais
970 933 147 27 encore
1138 921 57 38 les
1218 920 148 52 répons
1388 921 166 39 suivent
1570 922 144 40 l'ordre
1731 923 165 51 indiqué
1912 924 70 38 des
2008 925 159 39 modes.

154 992 72 38 Les
248 989 219 53 premières
489 991 142 51 vêpres
654 990 178 39 forment
854 1002 53 26 un
931 1002 157 40 groupe
1110 988 22 40 à
1154 989 93 39 elles
1270 990 131 39 seules
1420 1002 7 36 ;
1456 1003 52 26 un
1533 1004 188 26 nouveau
1751 1004 242 27 commence
2015 1005 99 28 avec
2137 993 35 39 le

155 1059 175 53 premier
364 1058 198 40 noéturne
584 1071 6 35 ;
625 1059 26 39 il
681 1059 156 39 s'étend
861 1058 165 52 jusqu'à
1055 1058 36 40 la
1119 1059 57 37 fin
1206 1060 48 37 de
1283 1058 162 47 l'office,
1477 1072 49 26 en
1556 1065 108 34 sorte
1693 1060 151 52 qu'aux
1872 1059 218 41 noéturnes
2116 1062 56 39 les

155 1129 213 38 antiennes
390 1129 163 38 suivent
575 1129 146 38 l'ordre
743 1129 70 37 des
835 1127 214 39 antiennes
1072 1128 35 38 &
1129 1127 57 39 les
1209 1127 148 52 répons
1385 1127 147 40 l'ordre
1560 1129 70 38 des
1660 1129 161 51 répons.
1853 1130 75 38 Les
1956 1130 216 39 antiennes

154 1199 70 38 des
247 1197 157 39 Laudes
427 1198 33 37 &
483 1198 146 51 petites
652 1197 143 39 heures
818 1197 244 39 continuent
1090 1196 147 39 l'ordre
1263 1197 70 38 des
1362 1197 145 39 chants
1539 1197 239 52 précédents
1808 1199 34 38 Se
1869 1199 220 39 l'antienne
2117 1200 53 39 du

156 1266 243 53 Magnificat
420 1267 70 38 des
513 1267 199 38 secondes
736 1266 141 51 vêpres
901 1263 151 42 achève
1076 1269 114 35 toute
1212 1266 38 38 la
1272 1265 113 39 série.

268 1334 115 39 Cette
412 1334 264 52 disposition,
709 1335 69 51 qui
807 1338 62 35 est
896 1332 256 41 exactement
1182 1334 37 39 la
1248 1335 133 38 même
1417 1347 103 39 pour
1553 1335 148 39 l'office
1737 1336 48 38 de
1815 1335 40 39 S.
1888 1336 191 45 Antoine,
2111 1339 61 35 est

159 1403 268 39 intéressante
455 1416 93 26 sans
580 1404 197 51 répondre
806 1401 21 41 à
855 1416 158 26 aucune
1042 1402 197 40 nécessité
1267 1402 222 52 liturgique
1516 1416 51 25 ou
1596 1402 229 52 artistique.
1858 1404 65 37 On
1951 1403 50 39 l'a
2036 1404 136 38 imitée

155 1473 182 51 pendant
358 1477 92 35 tout
472 1473 34 39 le
529 1486 152 38 moyen
697 1473 90 51 âge,
807 1472 254 52 quelquefois
1077 1485 48 26 en
1143 1472 167 52 copiant
1326 1472 134 38 même
1476 1472 55 38 les
1548 1471 195 39 mélodies
1759 1473 54 37 du
1829 1472 47 38 fr.
1889 1472 147 52 Julien,
2069 1485 103 39 pour

154 1542 178 39 d'autres
366 1541 140 40 offices
527 1553 6 36 ;
567 1542 41 51 je
650 1555 169 25 nomme
860 1541 147 39 l'office
1048 1541 227 51 postérieur
1316 1540 99 39 rimé
1456 1541 48 38 de
1545 1540 36 39 la
1622 1541 129 38 sainte
1791 1539 156 41 Trinité
1987 1540 185 53 (disparu

154 1611 256 51 aujourd'hui
434 1612 70 37 des
527 1611 121 38 livres
670 1612 49 37 de
742 1609 142 54 chant)
905 1609 61 53 (1)
992 1640 7 16 ,
1019 1610 102 39 celui
1139 1611 48 38 de
1204 1610 128 39 sainte
1356 1609 143 45 Claire,
1521 1610 49 37 de
1586 1609 38 38 la
1641 1609 230 44 Fête-Dieu,
1891 1610 47 37 de
1955 1609 216 39 l'lnventio

154 1679 40 38 S.
220 1679 156 46 Crucis,
402 1680 48 38 de
472 1679 36 39 la
530 1677 360 54 Transfiguration
912 1680 49 37 de
982 1679 50 38 N.
1058 1679 59 45 S.,
1143 1680 48 37 de
1213 1679 37 38 la
1272 1678 235 39 Visitation.
1528 1678 72 39 Les
1618 1677 120 40 livres
1758 1677 157 40 récents
1935 1677 236 52 présentent

155 1760 145 27 encore
323 1748 177 39 d'autres
524 1748 221 51 exemples.

266 1818 26 37 Il
314 1831 27 37 y
364 1817 132 39 aurait
519 1830 145 26 encore
686 1817 177 39 d'autres
887 1829 234 39 remarques
1143 1815 22 40 à
1187 1816 96 39 faire
1304 1828 67 26 sur
1392 1816 57 38 les
1478 1816 146 38 chants
1652 1817 55 37 du
1736 1816 47 38 fr.
1810 1815 130 53 Julien
1962 1827 7 35 ;
1995 1815 25 38 il
2051 1816 121 39 serait

154 1886 107 39 aussi
286 1886 244 39 intéressant
546 1887 48 37 de
616 1886 138 39 savoir
775 1886 31 38 si
831 1886 36 38 la
889 1884 216 40 deuxième
1128 1885 158 51 époque
1308 1886 48 38 de
1379 1884 279 52 composition
1681 1884 235 53 liturgique,
1942 1886 101 37 dont
2065 1884 35 38 le
2121 1884 47 39 fr.

147 1955 133 53 Julien
303 1959 60 35 est
393 1955 84 39 l'un
505 1956 70 38 des
604 1955 91 51 plus
723 1953 175 41 célèbres
928 1954 316 52 représentants,
1277 1966 168 39 marque
1475 1966 53 26 un
1558 1953 184 53 progrès,
1768 1966 53 26 ou
1845 1966 77 26 une
1944 1953 228 39 décadence

154 2023 193 40 vis-à-vis
368 2025 71 38 des
461 2024 140 39 offices
623 2025 35 38 Se
681 2024 144 39 chants
848 2023 90 52 plus
959 2024 180 39 anciens.
1164 2023 41 39 Si
1229 2023 81 39 l'on
1334 2023 137 38 étudie
1492 2023 121 38 d'une
1636 2023 117 49 façon
1776 2021 183 40 détaillée
1976 2022 196 39 l'histoire

153 2094 53 37 du
235 2093 124 39 chant
390 2093 237 52 liturgique,
661 2105 93 26 sans
783 2093 157 39 oublier
968 2093 55 38 les
1053 2096 187 48 rapports
1269 2091 80 40 très
1380 2091 168 40 intimes
1577 2091 69 51 qui
1678 2091 216 39 l'unissent
1922 2104 50 25 au
2001 2091 107 39 culte
2137 2092 35 38 Se

153 2161 23 40 à
198 2175 62 26 ses
282 2161 347 47 manifestations,
656 2162 25 38 il
704 2162 85 39 faut
811 2161 197 40 convenir
1031 2175 76 38 que
1130 2161 98 40 c'est
1250 2161 36 39 la
1308 2160 228 39 décadence
1565 2161 67 50 qui
1663 2160 234 52 s'inaugure
1926 2173 71 38 par
2024 2160 148 39 l'office

154 2232 48 37 de
223 2231 37 37 la
282 2231 129 38 sainte
434 2229 172 40 Trinité.
633 2230 115 39 Cette
771 2230 191 52 question
992 2230 34 39 Se
1061 2230 176 39 d'autres
1267 2230 68 51 qui
1365 2232 248 38 s'attachent
1643 2244 48 26 au
1723 2232 134 38 même
1893 2232 105 50 sujet
2032 2235 139 35 seront

152 2298 163 40 traitées
337 2299 175 39 ailleurs.
531 2300 44 51 Je
599 2312 48 26 ne
669 2313 107 25 veux
797 2312 72 38 pas
889 2300 147 38 abuser
1056 2300 48 38 de
1126 2299 267 51 l'hospitalité
1415 2302 48 37 de
1486 2303 105 36 cette
1614 2300 152 40 Revue.
1792 2300 26 38 Il
1848 2300 137 38 suffira
2014 2300 158 38 d'avoir

150 2368 130 51 dirigé
301 2368 234 39 l'attention
558 2369 48 37 de
628 2381 63 25 ses
713 2366 170 41 leéteurs
906 2381 68 27 sur
995 2368 37 38 la
1055 2368 254 51 publication
1333 2370 52 38 du
1409 2369 42 39 P.
1479 2368 153 40 Felder.

1467 2475 50 37 D
1523 2474 4 46 r
1527 2474 4 46 .
1557 2474 41 38 P.
1624 2475 203 45 WAGNER,

1328 2554 182 38 Professeur
1529 2554 19 31 à
1597 2556 177 31 l'Université
1791 2556 36 30 de
1848 2555 162 39 Fribourg.

154 2787 105 38 Dom
304 2786 238 39 AMBROSIUS
588 2787 150 38 KIENLE
781 2788 51 37 O.
870 2788 40 39 S.
952 2789 61 44 8.,
1051 2790 50 37 de
1138 2788 37 39 la
1204 2789 312 52 Congrégation
1557 2791 49 36 de
1641 2789 172 38 Beuron.
1853 2789 159 40 Mass
2052 2788 118 41 und

268 2855 172 41 Milde
486 2855 59 41 in
592 2856 250 41 Kirchen
894 2857 453 42 musikalischen
1401 2858 221 53 Dingen
1672 2857 496 54 (Fribourg-en-Brisgau,

272 2936 94 41 1901
394 2935 7 36 ;
428 2936 72 27 221
530 2938 39 37 p.
596 2925 34 38 &
653 2925 134 45 index,
813 2925 40 38 in
875 2925 76 53 8°).

264 3031 112 39 Avec
404 3044 79 26 une
512 3032 155 51 grande
695 3032 233 45 courtoisie,
961 3032 103 39 mais
1092 3045 101 27 avec
1221 3033 180 46 fermeté,
1434 3034 104 38 Dom
1569 3034 48 38 A.
1650 3034 47 38 K.
1729 3033 71 39 fait
1833 3033 198 39 l'histoire
2065 3034 35 38 &
2134 3032 37 39 la

154 3100 173 51 critique
349 3101 49 37 de
420 3113 44 25 ce
487 3100 124 51 qu'on
635 3104 96 47 peut
753 3100 161 52 appeler
935 3101 36 38 la
995 3102 285 46 Renaissance,
1306 3116 50 24 au
1379 3102 86 39 XIX
1471 3110 13 17 e
1507 3100 134 48 siècle,
1667 3104 48 36 de
1803 3103 188 50 musique
2020 3101 147 46 sacrée,

820 3157 8 9 /

154 3167 248 41 c'est-à-dire
423 3169 235 45 l'abandon,
684 3182 71 38 par
776 3170 179 52 l'Eglise,
981 3170 97 39 d'un
1102 3175 61 35 art
1185 3171 168 52 indigne
1376 3171 130 46 d'elle,
1533 3172 33 38 &
1596 3184 75 26 son
1702 3175 137 35 retour
1865 3169 23 41 à
1918 3170 36 39 la
1983 3170 187 51 musique

154 3238 67 51 qui
244 3238 55 38 lui
321 3242 60 34 est
404 3250 160 40 propre.
590 3237 110 40 C'est
721 3238 35 39 le
779 3239 187 39 bavarois
990 3239 66 39 Ett
1077 3238 129 54 (mort
1228 3253 48 25 en
1307 3240 99 53 1847
1430 3238 23 41 à
1476 3239 185 53 Munich)
1683 3240 68 51 qui
1782 3244 69 34 eut
1878 3239 217 39 l'honneur
2122 3239 49 38 de

154 3319 261 27 commencer
455 3319 44 27 ce
547 3311 283 36 mouvement.
869 3307 163 47 Proske,
1083 3308 288 46 Mettenleiter,
1415 3309 191 39 Schrems
1659 3307 304 54 (Ratisbonne),
2015 3307 156 38 Ortlieb

153 3375 342 53 (Wurtemberg),
521 3376 196 39 Dirschke
739 3375 200 54 (Breslau)
961 3377 134 39 furent
1116 3377 56 39 les
1194 3377 184 39 ouvriers
1401 3378 48 39 de
1471 3378 36 38 la
1530 3377 196 52 première
1750 3377 135 39 heure.
1917 3377 52 38 La
1997 3377 175 38 seconde

155 3444 164 51 période
340 3445 48 38 de
410 3445 36 38 la
469 3444 171 39 réforme
662 3449 60 35 est
744 3445 192 52 marquée
957 3458 72 39 par
1050 3446 124 39 Franz
1197 3446 119 44 Witt,
1342 3446 85 51 qui,
1453 3459 49 26 en
1533 3445 116 46 1866,
1669 3446 123 39 fonda
1808 3446 36 39 la
1860 3444 143 40 Société
2019 3445 153 38 Sainte-

240 3587 48 41 (l)
307 3587 21 30 Il
350 3598 189 20 commence
561 3599 55 32 par
639 3587 175 34 l'antienne
841 3587 4 45 :
870 3589 129 33 Sedenti
1019 3591 90 40 super
1129 3588 108 34 solium
1243 3612 6 16 ,
1272 3588 139 33 chantée
1434 3599 53 22 sur
1509 3589 29 31 la
1561 3589 140 33 mélodie
1723 3589 43 29 du
1787 3589 39 29 fr.
1839 3587 105 45 Julien
1965 3587 4 45 :
1987 3587 183 33 Francisons

155 3638 51 33 vir
226 3638 175 33 catholicus.
