2321 3858
830 232 219 42 MUSIQUE
1086 229 415 37 COMTEMPORAINE

159 234 101 51 250

272 344 150 42 Salle
456 344 210 52 Pleyel.
765 347 88 43 Que
875 357 280 26 savons-nous
1178 344 48 39 de
1248 343 37 39 la
1307 342 191 52 musique
1521 341 277 40 Scandinave?
1820 341 78 39 Peu
1921 342 50 38 de
1994 341 137 47 chose,
2158 342 26 39 il

157 414 85 40 faut
263 414 183 40 l'avouer
467 414 34 39 Se
522 413 35 39 le
581 416 209 50 regretter.
817 412 171 40 Oubliée
1009 425 95 27 sans
1126 414 125 38 doute
1274 416 61 35 est
1356 413 37 38 la
1415 411 129 40 soirée
1561 409 68 48 où,
1654 412 103 37 dans
1780 424 44 26 ce
1846 411 134 39 même
2003 411 114 39 salon
2133 413 49 38 de

155 484 38 39 la
215 484 158 38 maison
398 483 150 53 Pleyel,
572 482 49 39 O.
649 482 239 39 Comettant
910 482 133 39 faisait
1064 483 196 38 entendre
1281 482 70 39 des
1374 480 302 53 compositeurs
1698 493 148 26 encore
1862 480 205 40 inconnus
2085 481 97 39 chez

157 566 105 26 nous
307 566 7 26 :
359 552 165 52 Kjerulf,
565 552 109 38 Niels
715 552 125 43 Gade,
886 551 38 38 H.
975 552 245 45 Hartmann,
1266 551 174 39 Edward
1481 549 140 53 Grieg,
1667 549 75 39 Ole
1783 549 102 46 Bull,
1933 550 244 47 Swendsen,

157 622 45 39 C.
228 623 233 38 Warmuth.
479 621 36 53 J.
541 620 168 46 Selmer,
735 620 225 45 Ansender,
987 620 224 45 Nordraak,
1239 620 44 38 L.
1310 620 188 52 Schytte.
1526 619 52 38 Le
1601 621 168 37 concert
1791 619 53 38 du
1876 619 52 39 28
1952 620 95 45 mai,
2079 633 101 26 avec

157 691 35 40 le
214 703 202 28 concours
438 692 49 37 de
510 691 39 37 M
554 691 37 23 lle
613 688 122 40 Técla
757 690 169 45 Rennie,
952 690 49 38 de
1030 689 99 39 MM.
1162 688 151 40 Lucien
1343 689 213 39 Wurmser
1584 688 34 39 &
1640 688 175 52 Jacques
1843 686 207 47 Thibaud,
2081 688 100 40 était

157 760 193 40 consacré
377 773 79 26 aux
485 771 163 27 œuvres
675 759 49 38 de
754 759 54 38 M.
841 758 104 38 Emil
967 758 189 52 Sjogren,
1189 757 281 52 compositeur
1498 757 163 39 suédois
1690 756 49 39 né
1768 769 48 26 en
1847 757 123 52 1853,
1997 755 111 42 élève
2130 759 49 38 de

157 830 61 38 Fr.
239 829 99 46 Kiel,
364 828 181 39 membre
567 828 49 39 de
637 826 247 41 l'Académie
908 827 137 52 royale
1067 828 49 37 de
1138 827 189 50 musique
1349 827 49 38 de
1422 825 212 40 Stockolm
1658 825 143 52 depuis
1824 825 117 54 1890,
1961 827 34 38 &
2017 828 140 51 aujour-

156 898 112 39 d'hui
298 898 210 52 organiste
530 898 48 37 de
600 896 37 39 la
658 910 24 25 «
705 896 200 51 Johannes
929 895 146 40 Kircka
1097 908 39 33 »,
1163 896 48 38 de
1239 895 260 39 Stockholm.
1531 895 62 38 Au
1623 907 266 40 programme
1921 907 7 26 :
1960 907 21 26 2
2013 900 165 35 sonates

154 966 123 54 (pour
298 967 122 51 piano
443 967 34 38 &
500 966 159 51 violon)
691 965 96 39 d'un
816 966 131 51 grand
976 964 222 38 sentiment
1226 963 215 52 poétique;
1473 965 70 37 des
1571 963 209 39 chansons
1808 963 121 39 tirées
1958 965 54 38 du
2050 963 101 40 Tann-

154 1037 135 38 hàuser
314 1035 67 53 (de
417 1034 152 52 Holger
603 1032 281 54 Drachmann)
918 1034 34 38 Se
987 1032 191 52 adaptées
1214 1045 71 39 par
1320 1033 55 37 M.
1407 1032 158 39 Catulle
1600 1030 168 41 Mendès
1796 1046 100 26 avec
1923 1046 43 26 sa
1995 1033 181 39 maîtrise

153 1104 219 39 habituelle
392 1115 7 36 ;
431 1105 70 37 des
529 1103 238 53 Impressions
795 1103 42 38 de
863 1115 138 39 voyage
1031 1100 183 54 (piano),
1321 1115 50 24 au
1393 1102 153 46 Matin,
1571 1102 95 38 dans
1689 1102 48 38 les
1760 1102 98 45 Bois,
1885 1102 36 38 la
1943 1102 156 46 Source,
2124 1117 51 24 au

154 1173 170 39 Cabaret
328 1205 8 12 ,
437 1172 104 39 suite
563 1173 48 37 de
637 1169 81 41 très
736 1171 120 52 jolies
879 1169 146 53 pièces,
1051 1171 103 38 dont
1175 1170 37 39 la
1234 1168 180 41 dernière
1436 1174 60 35 est
1519 1170 98 39 d'un
1642 1169 185 40 réalisme
1850 1170 78 39 fort
1951 1176 192 35 amusant
2163 1183 7 35 ;

153 1255 78 26 une
242 1242 188 51 fantaisie
451 1253 103 40 pour
575 1239 156 46 violon,
752 1241 35 38 Se
808 1251 26 38 4
856 1239 211 39 mélodies.
1093 1239 66 38 On
1181 1252 22 25 a
1225 1238 80 40 très
1329 1239 213 39 vivement
1565 1238 126 54 goûté
1714 1239 36 38 la
1773 1239 152 52 poésie,
1951 1241 35 38 le
2009 1241 165 39 charme

152 1309 263 40 sentimental
441 1310 34 38 Se
503 1309 37 38 la
569 1308 166 39 couleur
766 1307 199 52 originale
993 1309 70 37 des
1093 1320 162 27 œuvres
1284 1309 49 36 de
1363 1308 54 37 M.
1449 1307 190 53 Sjogren,
1672 1309 103 38 dont
1804 1321 105 27 nous
1940 1309 234 40 inscrivons

152 1378 47 40 ici
223 1379 34 38 le
280 1391 97 26 nom
402 1390 103 39 pour
526 1376 36 40 la
585 1376 195 52 première
803 1376 92 46 fois,
921 1389 72 39 pas
1016 1388 104 39 pour
1141 1376 37 39 la
1201 1374 195 41 dernière.

261 1517 89 41 Au
376 1514 453 43 Conservatoire.
929 1515 54 38 M.
1011 1515 149 52 Marty,
1186 1518 145 36 auteur
1351 1516 50 37 de
1422 1514 254 40 l'admirable
1704 1516 87 38 Duc
1817 1517 43 37 de
1887 1516 156 40 Ferrare
2048 1549 9 14 ,
2084 1518 96 39 chef

150 1588 49 37 de
222 1585 189 52 musique
433 1583 237 40 autoritaire
693 1584 34 38 Se
748 1583 194 46 autorisé,
968 1583 115 39 vient
1105 1582 192 40 d'hériter
1324 1584 53 38 du
1401 1583 125 39 bâton
1556 1584 48 38 de
1633 1585 54 38 M.
1720 1583 183 40 Taffanel
1931 1599 51 25 au
2010 1586 164 51 pupitre

150 1657 49 38 de
226 1655 37 39 la
292 1653 143 40 Société
460 1653 61 38 des
550 1653 196 38 Concerts.
778 1653 148 45 Quand
956 1664 54 26 un
1046 1664 162 27 rameau
1237 1651 89 39 d'or
1353 1655 62 36 est
1443 1652 157 46 enlevé,
1632 1653 61 38 dit
1728 1653 35 39 le
1798 1652 133 53 poète,
1972 1668 53 26 un
2060 1660 113 35 autre

150 1737 162 26 rameau
347 1723 88 39 d'or
468 1722 54 40 lui
558 1721 186 39 succède.
783 1721 250 38 Souhaitons
1069 1721 230 50 cependant
1333 1734 78 38 que
1446 1721 55 38 M.
1540 1721 156 52 Marty,
1735 1735 103 38 pour
1874 1723 223 53 inaugurer
2130 1738 43 25 sa

149 1792 187 40 nouvelle
360 1791 305 52 magistrature,
691 1789 209 52 proscrive
920 1789 121 53 (dans
1063 1789 56 38 les
1142 1789 163 39 chœurs
1327 1789 69 51 qui
1426 1790 171 39 doivent
1625 1791 83 39 être
1731 1791 167 40 chantés
1919 1806 87 25 sans
2027 1807 123 25 accom-

143 1863 244 51 pagnement)
415 1857 298 42 l'incorreétion
743 1871 77 38 que
850 1871 104 26 nous
976 1857 268 52 reprochions
1272 1856 23 41 à
1322 1871 75 26 son
1425 1858 212 53 distingué
1665 1859 301 52 prédécesseur.
1999 1862 110 39 Dans
2137 1863 36 39 le

148 1930 160 40 dernier
329 1932 179 40 concert,
536 1927 193 41 consacré
752 1925 22 41 à
795 1926 215 40 l'audition
1034 1928 69 37 des
1126 1924 146 49 élèves,
1300 1926 26 38 il
1347 1940 28 38 y
1397 1928 113 38 avait
1531 1927 89 53 déjà
1643 1942 53 26 un
1719 1930 102 51 petit
1843 1929 222 54 progrès...

301 2085 150 41 Salle
475 2076 196 49 Érard.
697 2083 177 40 Concert
895 2083 137 39 donné
1054 2096 72 39 par
1147 2085 55 37 M.
1228 2083 157 40 Arnold
1408 2085 227 52 Reitlinger
1657 2086 34 39 le
1712 2099 54 40 30
1789 2087 81 39 mai
1900 2100 117 41 1901.

257 2180 54 38 Ce
333 2182 167 36 concert
521 2177 278 50 commençait
822 2189 70 40 par
914 2177 37 39 la
973 2182 143 35 sonate
1138 2178 49 39 de
1210 2178 156 39 Franck
1388 2192 103 38 pour
1507 2179 124 52 piano
1654 2180 34 39 &
1711 2180 158 47 violon,
1896 2182 130 38 suivie
2048 2182 124 39 d'une

145 2248 188 39 fantaisie
356 2249 48 37 de
426 2248 162 51 Chopin
612 2246 67 52 qui
702 2259 21 26 a
745 2258 146 27 encore
912 2247 49 38 de
985 2246 122 39 belles
1130 2247 165 51 parties,
1321 2249 35 37 Se
1379 2249 231 39 continuait
1632 2262 72 39 par
1727 2261 78 27 une
1828 2250 102 39 série
1952 2252 49 38 de
2024 2251 147 51 petites

145 2316 134 52 pièces
328 2318 48 38 de
416 2317 59 38 St.
520 2315 145 46 Heller,
709 2314 283 47 Saint-Saëns,
1037 2315 139 46 Fauré,
1221 2317 190 46 Bernard,
1457 2318 172 47 Dubois,
1673 2319 248 40 Marmontel
1962 2320 34 38 Se
2036 2325 136 34 autres

144 2399 25 26 «
191 2387 216 38 modernes
428 2398 25 26 »
474 2386 49 38 de
544 2385 181 39 diverses
747 2384 132 40 écoles
893 2385 36 39 &
945 2385 48 38 de
1015 2384 159 40 diverse
1197 2385 153 39 valeur.
1371 2386 52 39 La
1446 2387 164 39 marche
1626 2388 49 38 de
1690 2386 270 41 Tannhâuser
1975 2389 197 52 arrangée

144 2467 71 39 par
237 2454 109 39 Liszt
367 2453 209 40 terminait
597 2467 44 26 ce
658 2465 278 41 programme,
954 2453 52 39 où
1023 2453 83 39 l'on
1124 2467 258 39 remarquera
1397 2468 95 26 sans
1509 2457 125 38 doute
1650 2456 203 40 l'absence
1869 2459 49 37 de
1933 2458 237 39 Beethoven

145 2524 34 38 Se
213 2525 49 36 de
296 2523 254 39 Schumann.
590 2523 52 38 Le
672 2524 68 50 jeu
777 2523 49 38 de
861 2523 54 38 M.
954 2523 47 38 R.
1034 2523 105 38 n'est
1168 2536 71 38 pas
1269 2523 228 40 seulement
1524 2524 155 41 correét
1711 2538 7 26 :
1751 2526 26 38 il
1808 2530 61 35 est
1898 2527 186 39 musical.
2117 2528 53 38 La

143 2592 198 39 fraîcheur
362 2593 49 38 de
433 2593 58 38 St.
518 2592 146 44 Heller,
691 2591 35 39 la
750 2592 164 50 passion
938 2593 48 37 de
1008 2591 177 52 Chopin,
1212 2592 37 39 la
1272 2593 151 39 rêverie
1441 2594 49 39 de
1507 2594 158 39 Franck
1686 2596 34 38 Se
1743 2608 75 26 son
1843 2596 237 50 inquiétude
2097 2601 74 35 ont

143 2660 64 39 été
229 2660 285 52 parfaitement
536 2662 193 45 rendues;
757 2662 40 51 je
825 2660 79 39 sais
933 2660 85 53 gré,
1051 2674 48 25 en
1130 2661 234 51 particulier
1392 2660 23 41 à
1444 2664 54 37 M.
1531 2664 47 38 R.
1611 2665 49 37 de
1690 2664 161 39 n'avoir
1879 2678 72 38 pas
1979 2665 186 53 exagéré,

144 2731 101 37 dans
267 2729 37 39 la
333 2742 10 25 i
354 2737 29 16 re
404 2729 127 51 partie
553 2730 48 37 de
623 2729 37 39 la
682 2733 143 35 sonate
846 2730 49 38 de
918 2730 170 45 Franck,
1114 2730 36 38 la
1171 2730 216 40 différence
1409 2733 50 37 de
1481 2737 271 35 mouvement
1774 2739 113 34 entre
1914 2733 37 40 la
1973 2733 199 53 première

143 2798 34 38 Se
199 2798 36 38 la
257 2799 175 37 seconde
454 2798 86 38 idée
561 2798 116 52 (celle
700 2799 68 50 qui
790 2811 242 27 commence
1053 2812 50 26 au
1127 2800 88 38 solo
1237 2801 49 38 de
1309 2800 141 54 piano)
1470 2813 7 35 ;
1510 2814 54 26 un
1588 2806 208 35 contraste
1818 2807 93 48 trop
1933 2803 146 40 accusé
2104 2817 65 26 me

144 2866 131 52 paraît
298 2866 113 39 nuire
440 2880 50 25 au
519 2866 165 39 charme
713 2867 301 52 interrogateur
1041 2869 48 38 de
1119 2872 106 35 cette
1253 2869 223 39 admirable
1505 2869 278 42 introduction
1799 2883 6 36 ;
1833 2872 26 38 il
1881 2873 87 38 faut
1990 2873 180 40 réserver

144 2935 231 52 l'agitation
406 2936 34 38 &
468 2935 35 39 le
531 2935 160 39 trouble
720 2948 103 39 pour
852 2936 36 39 la
915 2949 22 26 2
944 2944 14 17 e
987 2937 142 51 partie,
1161 2939 104 37 dont
1293 2939 54 38 M.
1380 2939 47 38 R.
1460 2939 96 40 s'est
1583 2939 235 54 également
1845 2941 80 39 fort
1954 2941 92 39 bien
2075 2942 89 40 tiré.

143 3003 251 39 Souhaitons
415 3003 236 39 d'entendre
675 3017 53 26 un
752 3018 75 37 peu
851 3005 89 51 plus
963 3010 179 35 souvent
1164 3010 65 35 cet
1250 3007 140 39 artiste
1412 3008 210 53 distingué
1644 3009 85 52 qui,
1756 3022 48 26 en
1840 3010 116 47 1881,
1983 3011 185 39 obtenait

143 3072 35 39 le
207 3085 11 25 lerI
228 3079 31 16 er
280 3072 89 52 prix
391 3070 22 40 à
433 3072 258 39 l'unanimité
713 3074 101 37 dans
836 3074 38 38 la
895 3073 127 40 classe
1049 3075 49 38 de
1128 3075 54 38 M.
1208 3076 263 46 Marmontel,
1498 3078 49 45 &,
1573 3079 158 50 depuis,
1758 3078 97 40 s'est
1875 3080 108 38 voué
2005 3084 165 35 surtout

142 3139 22 40 à
185 3141 353 52 l'enseignement.
566 3142 54 37 M.
646 3142 46 37 R.
718 3146 60 34 est
801 3142 48 39 né
870 3141 23 40 à
915 3142 254 40 Buda-Pesth
1194 3157 49 25 en
1272 3144 117 54 1863,
1416 3146 103 38 mais
1542 3146 80 40 fixé
1644 3159 49 27 en
1716 3147 150 39 France
1882 3147 143 53 depuis
2048 3147 96 54 long-

142 3214 136 47 temps
300 3210 34 38 Se
357 3208 219 40 naturalisé
598 3210 144 51 depuis
771 3211 116 53 1893.

253 3296 143 38 —Le
432 3296 23 39 8
486 3297 106 52 juin,
629 3296 81 40 très
744 3299 165 39 brillant
943 3304 167 35 concert
1144 3301 137 39 donné
1309 3315 72 38 par
1409 3303 38 38 M
1453 3304 37 23 lle
1525 3302 159 40 Harriet
1712 3304 49 38 de
1789 3304 172 47 Muthel,
1992 3304 174 52 pianiste

141 3365 223 52 possédant
388 3378 77 25 une
487 3365 221 40 excellente
736 3367 217 40 éducation
976 3369 195 39 musicale
1200 3371 34 37 Se
1263 3384 79 26 une
1370 3372 220 51 technique
1618 3372 144 40 solide.
1792 3373 62 39 Au
1883 3386 280 40 programme,

140 3435 24 38 Y
170 3433 150 40 Aurore
341 3435 48 37 de
413 3434 245 47 Beethoven,
686 3448 78 25 une
788 3436 119 52 Gigue
929 3438 49 38 de
1001 3438 95 38 Raff
1110 3451 101 27 avec
1234 3440 241 47 variations,
1508 3442 70 38 des
1597 3441 176 52 préludes
1801 3443 35 39 Se
1864 3443 69 39 des
1961 3444 188 51 mazurka
2151 3444 16 24 3

141 3504 48 38 de
211 3502 176 51 Chopin,
413 3502 111 40 &c...

1684 3598 42 39 L.
1762 3598 43 39 L.
