2321 3858
562 162 220 47 PROGRÈS
821 172 57 35 ET
915 159 325 50 NATIONALITÉ
1281 171 123 36 DANS
1445 171 54 35 LA
1537 169 218 44 MUSIQUE

147 175 100 50 244

144 285 198 59 compris
371 287 257 45 seulement
654 291 101 52 trop
784 285 109 45 tard.
927 286 27 43 11
986 299 96 31 sera
1108 290 103 39 tout
1237 285 24 43 à
1289 283 78 45 fait
1395 282 156 46 inutile
1574 282 55 45 de
1651 283 205 56 rappeler
1876 290 235 39 comment
2139 287 39 42 le

146 366 153 47 même
327 369 212 57 reproche
567 367 56 45 de
652 380 25 32 «
707 366 356 60 germanisation
1093 381 25 31 »
1148 381 26 29 a
1194 365 69 45 été
1291 363 124 46 lancé
1443 366 24 42 à
1498 363 134 46 Verdi
1660 377 8 31 :
1693 370 102 38 tout
1816 365 40 44 le
1885 366 168 43 monde
2083 367 95 43 s'en

146 450 228 44 souvient.
507 450 108 44 Lors
651 449 53 44 de
741 449 284 57 l'apparition
1060 450 26 43 d
1095 450 149 48 'Aida,
1284 449 64 43 les
1383 445 215 57 critiques
1640 443 287 60 déplorèrent
1961 449 40 43 la
2035 455 140 51 perte,

146 530 223 60 peut-être
403 531 283 59 irréparable,
726 532 80 44 des
845 531 239 45 traditions
1118 532 55 44 de
1208 530 97 44 l'art
1339 529 166 44 italien.
1646 529 70 44 Un
1758 529 189 58 critique
1989 530 191 58 français

144 614 90 44 très
263 628 148 30 connu
441 611 182 47 écrivait
649 612 110 58 qu'il
788 612 198 45 trouvait
1014 614 113 43 dans
1156 614 132 48 Aida,
1409 614 128 40 autre
1565 609 144 45 Verdi
1733 609 167 47 entiché
1930 614 53 42 de
2006 626 145 42 germa-

145 695 140 46 nisme
334 710 8 31 :
394 710 53 29 en
496 695 132 52 Italie,
680 709 57 30 on
787 694 148 58 répéta
974 696 65 45 les
1081 692 286 47 accusations
1409 691 270 46 habituelles
1720 700 154 38 contre
1914 695 266 46 l'excessive

148 775 197 47 sonorité
374 777 39 44 &
442 779 40 42 la
508 777 398 45 condescendance
929 790 160 32 envers
1112 777 63 44 les
1207 777 171 42 formes
1401 772 366 60 wagnériennes,
1795 775 110 44 dont
1927 777 253 56 cependant

148 874 58 30 on
235 874 54 29 ne
315 865 164 39 trouve
508 873 80 44 pas
618 860 54 43 de
700 865 116 39 trace
845 860 113 43 dans
987 865 111 38 cette
1128 857 226 59 partition.
1463 856 326 59 Aujourd'hui,
1815 857 146 45 faut-il
1985 860 38 42 le
2053 857 127 46 dire?

148 944 119 42 Aida
294 946 68 40 est
390 943 168 43 classée
587 941 142 57 parmi
755 943 63 43 les
847 940 237 46 vieilleries
1104 953 9 43 ;
1145 940 39 43 &
1215 941 63 42 les
1306 937 286 46 accusations
1621 939 55 44 de
1697 939 313 57 germanisme
2037 941 141 56 qu'on

148 1023 61 44 lui
238 1021 218 46 adressait
489 1021 214 46 autrefois
733 1035 47 32 se
811 1028 224 52 reportent
1065 1034 78 32 sur
1175 1021 172 45 Othello
1373 1020 40 44 &
1442 1033 79 31 sur
1547 1020 198 57 Falstaff.

272 1104 85 44 Sur
392 1105 38 43 le
464 1104 324 57 germanisme,
828 1118 59 29 on
922 1118 23 29 a
985 1118 53 29 eu
1076 1104 279 56 longtemps,
1395 1115 54 29 en
1485 1101 133 52 Italie,
1658 1100 256 61 d'étranges
1945 1101 230 60 préjugés,

148 1200 89 31 non
279 1200 158 31 encore
478 1186 353 56 complètement
872 1184 196 58 dissipés
1089 1199 7 43 ;
1143 1199 58 31 on
1237 1199 24 29 a
1296 1183 253 58 enveloppé
1584 1190 128 38 toute
1747 1186 40 42 la
1823 1185 217 57 musique
2076 1186 84 44 alle-

149 1268 161 43 mande
339 1268 112 44 dans
482 1282 87 29 une
599 1266 271 58 imputation
905 1265 245 60 générique
1180 1266 54 45 de
1264 1271 245 53 pesanteur
1536 1268 39 43 &
1604 1265 294 46 d'obscurité.
1933 1268 69 43 Un
2032 1266 124 58 philo-

148 1350 144 57 sophe
320 1349 172 46 illustre
519 1350 39 43 &
587 1350 93 43 bon
709 1350 131 56 poète
868 1349 166 52 italien,
1068 1348 233 53 Mamiani,
1334 1349 114 44 dans
1479 1362 83 31 son
1587 1350 171 57 hymne
1786 1350 24 42 à
1839 1349 143 44 sainte
2011 1348 164 54 Cécile,

148 1432 131 57 après
300 1432 126 44 avoir
454 1429 255 60 représenté
738 1432 37 43 le
803 1437 107 52 type
931 1432 40 43 &
994 1432 38 43 la
1060 1429 147 60 figure
1234 1430 235 57 artistique
1498 1430 54 43 de
1583 1430 231 57 plusieurs
1842 1432 338 57 compositeurs

148 1513 189 52 italiens,
371 1528 54 29 en
455 1514 171 57 parlant
648 1514 55 43 de
726 1515 168 42 Mozart
919 1512 190 45 s'écriait
1129 1514 75 56 qu'
1232 1527 26 30 «
1281 1513 27 43 il
1338 1512 119 45 avait
1479 1512 261 45 harmonisé
1768 1528 108 31 avec
1903 1513 173 59 gravité
2105 1528 73 31 ses

148 1595 156 44 chants
343 1594 294 57 teutoniques
679 1609 25 30 »
732 1595 8 44 !
787 1595 116 44 Pour
944 1595 39 42 la
1024 1593 150 46 même
1217 1594 166 53 raison,
1430 1595 185 56 lorsque
1650 1595 65 44 les
1758 1594 183 46 maîtres
1982 1595 193 52 italiens,

146 1683 218 52 avançant
390 1678 113 43 dans
533 1678 95 43 leur
656 1683 143 47 route,
832 1677 256 57 profitaient
1114 1678 80 43 des
1226 1678 235 43 nouvelles
1490 1675 249 59 conquêtes
1768 1678 55 43 de
1851 1679 112 52 l'art,
1996 1677 161 59 élargis-

149 1758 142 46 saient
332 1760 39 42 la
411 1758 269 57 conception
720 1759 40 43 &
800 1760 63 44 les
906 1760 170 42 formes
1118 1759 55 43 de
1202 1759 189 45 l'œuvre
1434 1758 235 53 musicale,
1715 1773 57 29 on
1814 1758 88 46 cria
1943 1759 139 57 qu'ils
2131 1773 47 31 se

146 1839 365 59 germanisaient,
541 1840 150 45 tandis
719 1840 109 58 qu'il
859 1840 135 45 fallait
1021 1840 93 45 dire
1138 1840 295 59 simplement
1461 1842 136 56 qu'ils
1626 1840 206 46 faisaient
1861 1843 80 44 des
1970 1843 206 58 progrès.

146 1922 172 44 Toutes
352 1936 73 30 ces
455 1922 318 45 lamentations
807 1923 251 57 cependant
1086 1922 177 44 avaient
1292 1936 88 30 une
1410 1922 150 44 raison
1596 1920 166 59 d'être;
1804 1924 199 56 quelque
2039 1924 139 45 chose

148 2003 54 44 de
243 2002 91 45 vrai
372 2003 149 44 devait
560 2003 105 44 bien
708 2006 68 57 s'y
809 2011 200 45 trouver,
1056 2004 250 57 puisqu'on
1349 2006 65 43 les
1457 2003 185 58 répétait
1674 2007 229 56 toujours,
1942 2020 108 30 avec
2083 2012 97 39 tant

148 2084 303 46 d'insistance.
484 2086 70 44 Où
585 2086 118 43 donc
732 2092 67 39 est
827 2087 40 43 la
896 2086 148 45 raison
1072 2087 55 43 de
1156 2100 75 30 ces
1259 2086 217 57 critiques
1503 2086 338 45 continuelles?

273 2166 163 45 Hector
463 2168 166 43 Berlioz
658 2167 132 46 disait
818 2169 137 55 qu'en
985 2167 185 46 matière
1204 2169 55 44 de
1296 2168 214 57 musique
1546 2171 61 43 les
1641 2167 116 47 idées
1790 2172 53 42 de
1869 2169 311 46 nationalisme

146 2247 202 46 devaient
370 2247 199 57 paraître
593 2248 27 45 à
649 2252 96 42 tous
773 2251 59 43 les
859 2249 157 56 esprits
1048 2249 142 45 droits
1217 2251 109 43 d'un
1354 2249 189 45 ridicule
1569 2251 146 57 infini.
1838 2251 337 53 L'affirmation,

149 2343 112 31 sous
289 2336 111 38 cette
428 2332 145 43 forme
605 2332 275 51 tranchante,
921 2337 69 39 est
1023 2331 104 44 bien
1157 2345 61 31 un
1255 2346 87 43 peu
1377 2338 103 51 trop
1515 2333 208 45 absolue.
1763 2334 53 44 Le
1847 2333 329 59 compositeur,

149 2412 55 43 de
233 2409 148 46 même
409 2426 89 42 que
531 2418 99 38 tout
663 2418 125 38 autre
822 2413 168 52 artiste,
1029 2420 69 39 est
1132 2414 225 58 assujetti,
1391 2416 189 57 jusqu'à
1615 2428 62 31 un
1712 2416 167 44 certain
1914 2416 144 57 point,
2091 2431 89 30 aux

148 2492 252 46 conditions
428 2495 54 43 de
512 2507 109 40 race,
656 2496 53 43 de
738 2495 167 53 climat,
944 2496 55 43 de
1032 2495 270 45 civilisation
1338 2496 77 57 qui
1453 2498 287 43 l'entourent.
1781 2497 113 44 Mais
1931 2497 26 44 il
1996 2512 54 29 ne
2086 2500 94 43 faut

149 2586 80 44 pas
258 2572 225 60 exagérer,
517 2575 88 44 soit
633 2590 117 43 pour
776 2590 88 30 une
894 2576 149 46 raison
1071 2576 225 58 générale,
1330 2577 89 45 soit
1447 2591 118 44 pour
1592 2580 80 43 des
1703 2577 176 47 raisons
1910 2577 218 60 spéciales
2157 2580 23 43 à

150 2656 38 43 la
225 2656 215 56 musique
475 2656 165 46 même.
681 2660 53 43 La
770 2658 150 45 raison
961 2658 205 59 générale
1202 2666 67 38 est
1303 2675 91 42 que
1430 2661 39 43 le
1503 2658 132 60 génie
1669 2661 56 44 de
1761 2675 97 30 race
1894 2667 109 52 peut
2037 2661 143 46 varier

149 2736 113 44 dans
298 2737 62 45 les
395 2737 230 46 individus
660 2740 39 43 &
733 2741 113 44 dans
889 2742 64 43 les
994 2746 170 52 temps.
1202 2742 131 45 Nous
1369 2747 293 40 rencontrons
1705 2749 213 46 souvent,
1965 2745 108 42 chez
2115 2745 63 43 les

148 2817 150 46 divers
327 2821 206 56 peuples,
566 2821 80 44 des
675 2821 175 46 artistes
879 2823 111 44 dont
1018 2823 38 44 le
1084 2825 332 56 tempérament
1439 2839 55 29 ne
1515 2826 279 56 correspond
1818 2839 80 44 pas
1919 2832 103 38 tout
2050 2826 24 44 à
2102 2825 78 45 fait

149 2912 56 31 au
233 2905 108 52 type
367 2901 55 43 de
453 2902 38 42 la
520 2915 110 39 race,
663 2902 40 43 &
732 2903 95 56 qui,
861 2917 79 44 par
967 2906 225 56 exemple,
1232 2903 121 46 étant
1381 2905 194 53 italiens,
1608 2912 95 46 ont,
1736 2920 183 30 comme
1949 2907 227 57 Spontini,

149 2982 39 42 la
216 2982 276 56 profondeur
519 2983 38 44 &
586 2985 39 43 la
661 2982 192 47 sévérité
887 2987 79 45 des
1002 2986 183 47 maîtres
1221 2989 268 52 allemands,
1528 3004 60 29 ou
1618 2989 97 58 qui,
1749 2987 121 46 étant
1907 2991 268 51 allemands,

149 3069 93 45 ont,
275 3076 181 31 comme
484 3065 186 52 Mozart,
703 3067 40 42 la
770 3066 130 57 grâce
927 3067 40 45 &
995 3069 39 43 la
1063 3069 201 45 douceur
1292 3071 55 43 de
1377 3071 39 43 la
1446 3070 217 57 musique
1684 3070 225 46 italienne.
1942 3070 238 47 D'ailleurs

150 3145 9 42 1
182 3143 183 45 histoire
400 3159 119 30 nous
553 3147 202 56 apprend
790 3161 90 42 que
914 3150 217 46 certaines
1168 3164 123 32 races
1328 3152 275 45 semblèrent
1639 3152 240 45 demeurer
1913 3155 265 56 longtemps

150 3223 176 59 privées
355 3226 54 43 de
437 3226 215 46 certaines
682 3227 204 55 facultés,
919 3244 158 32 encore
1112 3234 24 42 à
1170 3232 121 47 l'état
1325 3235 135 44 latent
1479 3248 9 43 ;
1528 3237 104 55 plus
1668 3236 95 43 tard
1800 3236 107 45 elles
1943 3237 64 44 les
2044 3235 109 46 déve-

149 3307 234 59 loppèrent
411 3323 108 30 avec
546 3307 126 54 éclat,
704 3311 149 43 tandis
882 3325 90 43 que
1000 3314 198 47 d'autres
1234 3317 64 44 les
1328 3316 224 59 perdirent
1587 3331 58 31 ou
1676 3317 60 45 du
1769 3317 152 46 moins
1950 3319 228 44 cessèrent

148 3390 76 58 d'y
252 3390 203 43 exceller.

271 3474 79 42 Les
381 3470 207 62 Français
621 3486 54 30 ne
705 3476 146 42 seront
877 3476 166 56 jamais
1075 3477 250 54 musiciens,
1364 3480 120 46 avait
1518 3479 80 47 osé
1632 3479 197 47 déclarer
1856 3483 320 55 Jean-Jacques

145 3554 240 44 Rousseau
407 3565 9 43 ;
449 3552 115 46 mais
595 3554 214 45 l'histoire
839 3570 24 29 a
889 3556 129 45 cassé
1046 3557 143 46 l'arrêt
1217 3561 60 43 du
1308 3563 275 58 philosophe
1609 3564 223 57 gènevois
1866 3564 39 43 &
1941 3565 38 42 la
2015 3564 162 43 France

148 3649 23 30 a
199 3635 102 44 bien
331 3634 237 47 démontré
596 3636 39 45 &
662 3635 235 48 démontre
926 3640 290 59 aujourd'hui
1246 3657 107 33 avec
1381 3643 110 49 éclat
1513 3659 75 31 ses
1609 3644 188 48 facultés
1828 3644 260 49 musicales.
