<?xml version="1.0" encoding="UTF-8"?>
<alto xmlns:xsi="http://www.w3.org/2001/XMLSchema-instance" xmlns="http://www.loc.gov/standards/alto/ns-v2#" xsi:schemaLocation="http://www.loc.gov/standards/alto/ns-v2# http://www.loc.gov/standards/alto/alto-v2.0.xsd" xmlns:xlink="http://www.w3.org/1999/xlink">
	<Description>
		<MeasurementUnit>mm10</MeasurementUnit>
		<sourceImageInformation>
			<fileName>//fileserver7/IN2-2/Princeton/bmtnabj/1901/06_01/00000270.tif</fileName>
		</sourceImageInformation>
		<OCRProcessing ID="OCRPROCESSING_1">
			<preProcessingStep>
				<processingSoftware>
					<softwareCreator>CCS Content Conversion Specialists GmbH, Germany</softwareCreator>
					<softwareName>CCS docWORKS</softwareName>
					<softwareVersion>6.6-2.8</softwareVersion>
				</processingSoftware>
			</preProcessingStep>
			<ocrProcessingStep>
				<processingSoftware>
					<softwareCreator>ABBYY (BIT Software), Russia</softwareCreator>
					<softwareName>FineReader</softwareName>
					<softwareVersion>10.0</softwareVersion>
				</processingSoftware>
			</ocrProcessingStep>
		</OCRProcessing>
		<OCRProcessing ID="OCRPROCESSING_2">
			<preProcessingStep>
				<processingSoftware>
					<softwareCreator>CCS Content Conversion Specialists GmbH, Germany</softwareCreator>
					<softwareName>CCS docWORKS</softwareName>
					<softwareVersion>6.6-2.8</softwareVersion>
				</processingSoftware>
			</preProcessingStep>
			<ocrProcessingStep>
				<processingSoftware>
					<softwareCreator>ABBYY (BIT Software), Russia</softwareCreator>
					<softwareName>NA</softwareName>
				</processingSoftware>
			</ocrProcessingStep>
		</OCRProcessing>
	</Description>
	<Styles>
		<TextStyle ID="TXT_0" FONTSIZE="12" FONTFAMILY="Arial" FONTSTYLE="bold"/>
		<TextStyle ID="TXT_1" FONTSIZE="15" FONTFAMILY="Arial"/>
		<TextStyle ID="TXT_2" FONTSIZE="17" FONTFAMILY="Unknown"/>
		<TextStyle ID="TXT_3" FONTSIZE="18" FONTFAMILY="Times New Roman"/>
		<TextStyle ID="TXT_4" FONTSIZE="12" FONTFAMILY="Times New Roman"/>
		<TextStyle ID="TXT_5" FONTSIZE="18" FONTFAMILY="Times New Roman" FONTSTYLE="bold"/>
		<TextStyle ID="TXT_6" FONTSIZE="13" FONTFAMILY="Times New Roman"/>
		<TextStyle ID="TXT_7" FONTSIZE="13" FONTFAMILY="Times New Roman" FONTSTYLE="italics"/>
		<TextStyle ID="TXT_8" FONTSIZE="8" FONTFAMILY="Unknown" FONTSTYLE="italics"/>
		<TextStyle ID="TXT_9" FONTSIZE="11" FONTFAMILY="Times New Roman" FONTSTYLE="italics"/>
		<TextStyle ID="TXT_10" FONTSIZE="9" FONTFAMILY="Times New Roman"/>
		<ParagraphStyle ID="PAR_CENTER" ALIGN="Center"/>
		<ParagraphStyle ID="PAR_LEFT" ALIGN="Left"/>
		<ParagraphStyle ID="PAR_RIGHT" ALIGN="Right"/>
	</Styles>
	<Layout>
		<Page ID="P28" PHYSICAL_IMG_NR="28" HEIGHT="3858" WIDTH="2321" PRINTED_IMG_NR="252" PC="0.920">
			<TopMargin ID="P28_TM00001" HPOS="0" VPOS="0" WIDTH="2321" HEIGHT="238">
				<TextBlock ID="P28_TB00001" HPOS="978" VPOS="178" WIDTH="366" HEIGHT="37" STYLEREFS="TXT_0 PAR_CENTER">
					<TextLine ID="P28_TL00001" HPOS="978" VPOS="179" WIDTH="366" HEIGHT="35">
						<String ID="P28_ST00001" HPOS="978" VPOS="179" WIDTH="366" HEIGHT="35" CONTENT="BIBLIOGRAPHIE" WC="0.99" CC="7402400406555"/>
					</TextLine>
				</TextBlock>
				<TextBlock ID="P28_TB00002" HPOS="150" VPOS="184" WIDTH="96" HEIGHT="52" STYLEREFS="TXT_1 PAR_LEFT">
					<TextLine ID="P28_TL00002" HPOS="150" VPOS="184" WIDTH="96" HEIGHT="52">
						<String ID="P28_ST00002" HPOS="150" VPOS="184" WIDTH="96" HEIGHT="52" CONTENT="252" WC="1.00" CC="000"/>
					</TextLine>
				</TextBlock>
			</TopMargin>
			<LeftMargin ID="P28_LM00001" HPOS="0" VPOS="238" WIDTH="145" HEIGHT="3444"/>
			<RightMargin ID="P28_RM00001" HPOS="2172" VPOS="238" WIDTH="149" HEIGHT="3444"/>
			<BottomMargin ID="P28_BM00001" HPOS="0" VPOS="3682" WIDTH="2321" HEIGHT="176"/>
			<PrintSpace ID="P28_PS00001" HPOS="145" VPOS="238" WIDTH="2027" HEIGHT="3444">
				<TextBlock ID="P28_TB00003" HPOS="779" VPOS="441" WIDTH="756" HEIGHT="46" STYLEREFS="TXT_2 PAR_CENTER">
					<TextLine ID="P28_TL00003" HPOS="780" VPOS="441" WIDTH="755" HEIGHT="46">
						<String ID="P28_ST00003" HPOS="780" VPOS="441" WIDTH="755" HEIGHT="46" CONTENT="BIBLIOGRAPHIE" WC="0.99" CC="0104007353716"/>
					</TextLine>
				</TextBlock>
				<TextBlock ID="P28_TB00004" HPOS="146" VPOS="607" WIDTH="2026" HEIGHT="129" STYLEREFS="TXT_3 PAR_LEFT">
					<TextLine ID="P28_TL00004" HPOS="147" VPOS="607" WIDTH="2022" HEIGHT="56">
						<String ID="P28_ST00004" HPOS="147" VPOS="612" WIDTH="114" HEIGHT="39" CONTENT="F.A." WC="1.00" CC="0000" STYLEREFS="TXT_4"/>
						<SP ID="P28_SP00001" HPOS="261" VPOS="651" WIDTH="26"/>
						<String ID="P28_ST00005" HPOS="287" VPOS="612" WIDTH="200" HEIGHT="39" CONTENT="GEVAERT" WC="0.77" CC="0100463" STYLEREFS="TXT_4"/>
						<SP ID="P28_SP00002" HPOS="487" VPOS="651" WIDTH="21"/>
						<String ID="P28_ST00006" HPOS="508" VPOS="607" WIDTH="21" HEIGHT="56" CONTENT="&amp;" WC="0.98" CC="1" STYLEREFS="TXT_4"/>
						<SP ID="P28_SP00003" HPOS="529" VPOS="663" WIDTH="21"/>
						<String ID="P28_ST00007" HPOS="550" VPOS="607" WIDTH="43" HEIGHT="56" CONTENT="J." WC="0.98" CC="00" STYLEREFS="TXT_4"/>
						<SP ID="P28_SP00004" HPOS="593" VPOS="663" WIDTH="25"/>
						<String ID="P28_ST00008" HPOS="618" VPOS="609" WIDTH="46" HEIGHT="40" CONTENT="C." WC="0.69" CC="60" STYLEREFS="TXT_4"/>
						<SP ID="P28_SP00005" HPOS="664" VPOS="663" WIDTH="25"/>
						<String ID="P28_ST00009" HPOS="689" VPOS="609" WIDTH="253" HEIGHT="41" CONTENT="VOLLGRAFF." WC="0.65" CC="0077013770" STYLEREFS="TXT_4"/>
						<SP ID="P28_SP00006" HPOS="942" VPOS="663" WIDTH="29"/>
						<String ID="P28_ST00010" HPOS="971" VPOS="611" WIDTH="108" HEIGHT="41" CONTENT="Les" WC="0.97" CC="205" STYLEREFS="TXT_5"/>
						<SP ID="P28_SP00007" HPOS="1079" VPOS="663" WIDTH="23"/>
						<String ID="P28_ST00011" HPOS="1102" VPOS="609" WIDTH="333" HEIGHT="43" CONTENT="Problèmes" WC="0.99" CC="060701000" STYLEREFS="TXT_5"/>
						<SP ID="P28_SP00008" HPOS="1435" VPOS="663" WIDTH="15"/>
						<String ID="P28_ST00012" HPOS="1450" VPOS="608" WIDTH="310" HEIGHT="43" CONTENT="musicaux" WC="0.99" CC="04100040" STYLEREFS="TXT_5"/>
						<SP ID="P28_SP00009" HPOS="1760" VPOS="663" WIDTH="15"/>
						<String ID="P28_ST00013" HPOS="1775" VPOS="607" WIDTH="394" HEIGHT="43" CONTENT="d'Aristote.—" WC="0.83" CC="003500003008" STYLEREFS="TXT_5"/>
					</TextLine>
					<TextLine ID="P28_TL00005" HPOS="260" VPOS="678" WIDTH="939" HEIGHT="56">
						<String ID="P28_ST00014" HPOS="260" VPOS="680" WIDTH="27" HEIGHT="40" CONTENT="II" WC="0.53" CC="44" STYLEREFS="TXT_6"/>
						<String ID="P28_ST00015" HPOS="289" VPOS="688" WIDTH="14" HEIGHT="17" CONTENT="e" STYLE="superscript" WC="0.55" CC="4" STYLEREFS="TXT_6"/>
						<SP ID="P28_SP00010" HPOS="303" VPOS="720" WIDTH="23"/>
						<String ID="P28_ST00016" HPOS="326" VPOS="678" WIDTH="220" HEIGHT="42" CONTENT="Fascicule." WC="0.99" CC="0000345300" STYLEREFS="TXT_6"/>
						<SP ID="P28_SP00011" HPOS="546" VPOS="720" WIDTH="100"/>
						<String ID="P28_ST00017" HPOS="646" VPOS="678" WIDTH="132" HEIGHT="47" CONTENT="Gand," WC="0.88" CC="00302" STYLEREFS="TXT_6"/>
						<SP ID="P28_SP00012" HPOS="778" VPOS="725" WIDTH="26"/>
						<String ID="P28_ST00018" HPOS="804" VPOS="679" WIDTH="78" HEIGHT="39" CONTENT="Ad." WC="1.00" CC="000" STYLEREFS="TXT_6"/>
						<SP ID="P28_SP00013" HPOS="882" VPOS="725" WIDTH="26"/>
						<String ID="P28_ST00019" HPOS="908" VPOS="679" WIDTH="141" HEIGHT="47" CONTENT="Hoste," WC="1.00" CC="000000" STYLEREFS="TXT_6"/>
						<SP ID="P28_SP00014" HPOS="1049" VPOS="726" WIDTH="31"/>
						<String ID="P28_ST00020" HPOS="1080" VPOS="692" WIDTH="119" HEIGHT="42" CONTENT="1901." WC="0.80" CC="53000" STYLEREFS="TXT_6"/>
					</TextLine>
				</TextBlock>
				<TextBlock ID="P28_TB00005" HPOS="145" VPOS="782" WIDTH="2027" HEIGHT="2744" STYLEREFS="TXT_6 PAR_RIGHT">
					<TextLine ID="P28_TL00006" HPOS="262" VPOS="784" WIDTH="1908" HEIGHT="55">
						<String ID="P28_ST00021" HPOS="262" VPOS="789" WIDTH="54" HEIGHT="38" CONTENT="Ce" WC="0.86" CC="20"/>
						<SP ID="P28_SP00015" HPOS="316" VPOS="827" WIDTH="22"/>
						<String ID="P28_ST00022" HPOS="338" VPOS="800" WIDTH="21" HEIGHT="27" CONTENT="2" WC="0.52" CC="4"/>
						<String ID="P28_ST00023" HPOS="366" VPOS="795" WIDTH="13" HEIGHT="17" CONTENT="e" STYLE="superscript" WC="0.54" CC="4"/>
						<SP ID="P28_SP00016" HPOS="379" VPOS="827" WIDTH="24"/>
						<String ID="P28_ST00024" HPOS="403" VPOS="786" WIDTH="189" HEIGHT="41" CONTENT="fascicule" WC="0.99" CC="061036440"/>
						<SP ID="P28_SP00017" HPOS="592" VPOS="827" WIDTH="22"/>
						<String ID="P28_ST00025" HPOS="614" VPOS="787" WIDTH="185" HEIGHT="39" CONTENT="contient" WC="0.99" CC="30412032"/>
						<SP ID="P28_SP00018" HPOS="799" VPOS="827" WIDTH="21"/>
						<String ID="P28_ST00026" HPOS="820" VPOS="787" WIDTH="36" HEIGHT="38" CONTENT="la" WC="0.76" CC="03"/>
						<SP ID="P28_SP00019" HPOS="856" VPOS="827" WIDTH="22"/>
						<String ID="P28_ST00027" HPOS="878" VPOS="787" WIDTH="56" HEIGHT="38" CONTENT="fin" WC="0.98" CC="400"/>
						<SP ID="P28_SP00020" HPOS="934" VPOS="827" WIDTH="25"/>
						<String ID="P28_ST00028" HPOS="959" VPOS="789" WIDTH="53" HEIGHT="37" CONTENT="du" WC="0.58" CC="26"/>
						<SP ID="P28_SP00021" HPOS="1012" VPOS="827" WIDTH="24"/>
						<String ID="P28_ST00029" HPOS="1036" VPOS="787" WIDTH="303" HEIGHT="40" CONTENT="Commentaire" WC="1.00" CC="33000400050"/>
						<SP ID="P28_SP00022" HPOS="1339" VPOS="827" WIDTH="29"/>
						<String ID="P28_ST00030" HPOS="1368" VPOS="787" WIDTH="186" HEIGHT="45" CONTENT="musical," WC="0.99" CC="02044037"/>
						<SP ID="P28_SP00023" HPOS="1554" VPOS="832" WIDTH="35"/>
						<String ID="P28_ST00031" HPOS="1589" VPOS="787" WIDTH="48" HEIGHT="38" CONTENT="de" WC="0.71" CC="50"/>
						<SP ID="P28_SP00024" HPOS="1637" VPOS="832" WIDTH="30"/>
						<String ID="P28_ST00032" HPOS="1667" VPOS="786" WIDTH="36" HEIGHT="38" CONTENT="la" WC="0.81" CC="30"/>
						<SP ID="P28_SP00025" HPOS="1703" VPOS="832" WIDTH="29"/>
						<String ID="P28_ST00033" HPOS="1732" VPOS="798" WIDTH="105" HEIGHT="40" CONTENT="page" WC="0.99" CC="0070"/>
						<SP ID="P28_SP00026" HPOS="1837" VPOS="838" WIDTH="28"/>
						<String ID="P28_ST00034" HPOS="1865" VPOS="784" WIDTH="77" HEIGHT="55" CONTENT="165" WC="0.51" CC="608"/>
						<SP ID="P28_SP00027" HPOS="1942" VPOS="839" WIDTH="21"/>
						<String ID="P28_ST00035" HPOS="1963" VPOS="784" WIDTH="21" HEIGHT="41" CONTENT="à" WC="0.35" CC="6"/>
						<SP ID="P28_SP00028" HPOS="1984" VPOS="839" WIDTH="22"/>
						<String ID="P28_ST00036" HPOS="2006" VPOS="785" WIDTH="37" HEIGHT="40" CONTENT="la" WC="0.85" CC="20"/>
						<SP ID="P28_SP00029" HPOS="2043" VPOS="839" WIDTH="22"/>
						<String ID="P28_ST00037" HPOS="2065" VPOS="799" WIDTH="105" HEIGHT="39" CONTENT="page" WC="1.00" CC="0000"/>
					</TextLine>
					<TextLine ID="P28_TL00007" HPOS="346" VPOS="853" WIDTH="1824" HEIGHT="53">
						<String ID="P28_ST00038" HPOS="346" VPOS="853" WIDTH="9" HEIGHT="53" CONTENT="&amp;" WC="1.00" CC="0"/>
						<SP ID="P28_SP00030" HPOS="355" VPOS="906" WIDTH="9"/>
						<String ID="P28_ST00039" HPOS="364" VPOS="853" WIDTH="17" HEIGHT="53" CONTENT="le" WC="0.84" CC="30"/>
						<SP ID="P28_SP00031" HPOS="381" VPOS="906" WIDTH="28"/>
						<String ID="P28_ST00040" HPOS="409" VPOS="860" WIDTH="109" HEIGHT="35" CONTENT="texte" WC="1.00" CC="00000"/>
						<SP ID="P28_SP00032" HPOS="518" VPOS="906" WIDTH="28"/>
						<String ID="P28_ST00041" HPOS="546" VPOS="856" WIDTH="70" HEIGHT="38" CONTENT="des" WC="1.00" CC="000"/>
						<SP ID="P28_SP00033" HPOS="616" VPOS="906" WIDTH="32"/>
						<String ID="P28_ST00042" HPOS="648" VPOS="853" WIDTH="208" HEIGHT="41" CONTENT="Problèmes" WC="0.99" CC="360705024" STYLEREFS="TXT_7"/>
						<SP ID="P28_SP00034" HPOS="856" VPOS="906" WIDTH="35"/>
						<String ID="P28_ST00043" HPOS="891" VPOS="856" WIDTH="224" HEIGHT="39" CONTENT="d'Aristote" WC="0.91" CC="0202300000"/>
						<SP ID="P28_SP00035" HPOS="1115" VPOS="906" WIDTH="35"/>
						<String ID="P28_ST00044" HPOS="1150" VPOS="856" WIDTH="150" HEIGHT="39" CONTENT="relatifs" WC="0.99" CC="70400230"/>
						<SP ID="P28_SP00036" HPOS="1300" VPOS="906" WIDTH="28"/>
						<String ID="P28_ST00045" HPOS="1328" VPOS="854" WIDTH="22" HEIGHT="41" CONTENT="à" WC="0.22" CC="7"/>
						<SP ID="P28_SP00037" HPOS="1350" VPOS="906" WIDTH="28"/>
						<String ID="P28_ST00046" HPOS="1378" VPOS="856" WIDTH="38" HEIGHT="38" CONTENT="la" WC="0.78" CC="40"/>
						<SP ID="P28_SP00038" HPOS="1416" VPOS="906" WIDTH="29"/>
						<String ID="P28_ST00047" HPOS="1445" VPOS="855" WIDTH="190" HEIGHT="51" CONTENT="musique" WC="1.00" CC="0001000"/>
						<SP ID="P28_SP00039" HPOS="1635" VPOS="906" WIDTH="35"/>
						<String ID="P28_ST00048" HPOS="1670" VPOS="855" WIDTH="182" HEIGHT="51" CONTENT="pourrait" WC="1.00" CC="00400030"/>
						<SP ID="P28_SP00040" HPOS="1852" VPOS="906" WIDTH="27"/>
						<String ID="P28_ST00049" HPOS="1879" VPOS="855" WIDTH="106" HEIGHT="38" CONTENT="tenir" WC="0.99" CC="00050"/>
						<SP ID="P28_SP00041" HPOS="1985" VPOS="906" WIDTH="28"/>
						<String ID="P28_ST00050" HPOS="2013" VPOS="868" WIDTH="48" HEIGHT="25" CONTENT="en" WC="1.00" CC="00"/>
						<SP ID="P28_SP00042" HPOS="2061" VPOS="906" WIDTH="30"/>
						<String ID="P28_ST00051" HPOS="2091" VPOS="868" WIDTH="79" HEIGHT="26" CONTENT="une" WC="1.00" CC="000"/>
					</TextLine>
					<TextLine ID="P28_TL00008" HPOS="150" VPOS="921" WIDTH="2021" HEIGHT="55">
						<String ID="P28_ST00052" HPOS="150" VPOS="926" WIDTH="202" HEIGHT="40" CONTENT="trentaine" WC="1.00" CC="000000400"/>
						<SP ID="P28_SP00043" HPOS="352" VPOS="966" WIDTH="34"/>
						<String ID="P28_ST00053" HPOS="386" VPOS="926" WIDTH="48" HEIGHT="38" CONTENT="de" WC="1.00" CC="00"/>
						<SP ID="P28_SP00044" HPOS="434" VPOS="966" WIDTH="34"/>
						<String ID="P28_ST00054" HPOS="468" VPOS="937" WIDTH="127" HEIGHT="39" CONTENT="pages" WC="0.99" CC="04000"/>
						<SP ID="P28_SP00045" HPOS="595" VPOS="976" WIDTH="35"/>
						<String ID="P28_ST00055" HPOS="630" VPOS="925" WIDTH="48" HEIGHT="38" CONTENT="de" WC="1.00" CC="00"/>
						<SP ID="P28_SP00046" HPOS="678" VPOS="976" WIDTH="35"/>
						<String ID="P28_ST00056" HPOS="713" VPOS="923" WIDTH="150" HEIGHT="40" CONTENT="format" WC="1.00" CC="002000"/>
						<SP ID="P28_SP00047" HPOS="863" VPOS="976" WIDTH="34"/>
						<String ID="P28_ST00057" HPOS="897" VPOS="925" WIDTH="222" HEIGHT="38" CONTENT="ordinaire!" WC="1.00" CC="0000000003"/>
						<SP ID="P28_SP00048" HPOS="1119" VPOS="976" WIDTH="32"/>
						<String ID="P28_ST00058" HPOS="1151" VPOS="926" WIDTH="34" HEIGHT="37" CONTENT="A" WC="1.00" CC="0"/>
						<SP ID="P28_SP00049" HPOS="1185" VPOS="976" WIDTH="34"/>
						<String ID="P28_ST00059" HPOS="1219" VPOS="936" WIDTH="79" HEIGHT="27" CONTENT="eux" WC="0.98" CC="050"/>
						<SP ID="P28_SP00050" HPOS="1298" VPOS="976" WIDTH="29"/>
						<String ID="P28_ST00060" HPOS="1327" VPOS="924" WIDTH="121" HEIGHT="45" CONTENT="seuls," WC="0.99" CC="000504"/>
						<SP ID="P28_SP00051" HPOS="1448" VPOS="976" WIDTH="33"/>
						<String ID="P28_ST00061" HPOS="1481" VPOS="937" WIDTH="65" HEIGHT="26" CONTENT="ces" WC="0.98" CC="500"/>
						<SP ID="P28_SP00052" HPOS="1546" VPOS="976" WIDTH="32"/>
						<String ID="P28_ST00062" HPOS="1578" VPOS="923" WIDTH="162" HEIGHT="40" CONTENT="chiffres" WC="0.98" CC="15578000"/>
						<SP ID="P28_SP00053" HPOS="1740" VPOS="976" WIDTH="29"/>
						<String ID="P28_ST00063" HPOS="1769" VPOS="921" WIDTH="181" HEIGHT="41" CONTENT="révèlent" WC="0.99" CC="06073000"/>
						<SP ID="P28_SP00054" HPOS="1950" VPOS="976" WIDTH="34"/>
						<String ID="P28_ST00064" HPOS="1984" VPOS="927" WIDTH="114" HEIGHT="36" CONTENT="toute" WC="0.99" CC="00400"/>
						<SP ID="P28_SP00055" HPOS="2098" VPOS="976" WIDTH="36"/>
						<String ID="P28_ST00065" HPOS="2134" VPOS="924" WIDTH="37" HEIGHT="39" CONTENT="la" WC="0.75" CC="50"/>
					</TextLine>
					<TextLine ID="P28_TL00009" HPOS="151" VPOS="990" WIDTH="2020" HEIGHT="58">
						<String ID="P28_ST00066" HPOS="151" VPOS="996" WIDTH="205" HEIGHT="52" CONTENT="grandeur" WC="0.99" CC="00530050"/>
						<SP ID="P28_SP00056" HPOS="356" VPOS="1048" WIDTH="22"/>
						<String ID="P28_ST00067" HPOS="378" VPOS="995" WIDTH="33" HEIGHT="38" CONTENT="&amp;" WC="0.96" CC="0"/>
						<SP ID="P28_SP00057" HPOS="411" VPOS="1048" WIDTH="22"/>
						<String ID="P28_ST00068" HPOS="433" VPOS="996" WIDTH="114" HEIGHT="36" CONTENT="toute" WC="1.00" CC="00000"/>
						<SP ID="P28_SP00058" HPOS="547" VPOS="1048" WIDTH="22"/>
						<String ID="P28_ST00069" HPOS="569" VPOS="993" WIDTH="37" HEIGHT="38" CONTENT="la" WC="0.83" CC="30"/>
						<SP ID="P28_SP00059" HPOS="606" VPOS="1048" WIDTH="23"/>
						<String ID="P28_ST00070" HPOS="629" VPOS="990" WIDTH="145" HEIGHT="41" CONTENT="misère" WC="0.99" CC="030700"/>
						<SP ID="P28_SP00060" HPOS="774" VPOS="1048" WIDTH="29"/>
						<String ID="P28_ST00071" HPOS="803" VPOS="994" WIDTH="70" HEIGHT="38" CONTENT="des" WC="1.00" CC="000"/>
						<SP ID="P28_SP00061" HPOS="873" VPOS="1048" WIDTH="22"/>
						<String ID="P28_ST00072" HPOS="895" VPOS="992" WIDTH="141" HEIGHT="40" CONTENT="études" WC="0.99" CC="304000"/>
						<SP ID="P28_SP00062" HPOS="1036" VPOS="1048" WIDTH="23"/>
						<String ID="P28_ST00073" HPOS="1059" VPOS="994" WIDTH="48" HEIGHT="38" CONTENT="de" WC="0.94" CC="01"/>
						<SP ID="P28_SP00063" HPOS="1107" VPOS="1048" WIDTH="22"/>
						<String ID="P28_ST00074" HPOS="1129" VPOS="994" WIDTH="188" HEIGHT="50" CONTENT="musique" WC="1.00" CC="0000000"/>
						<SP ID="P28_SP00064" HPOS="1317" VPOS="1048" WIDTH="29"/>
						<String ID="P28_ST00075" HPOS="1346" VPOS="993" WIDTH="168" HEIGHT="51" CONTENT="antique" WC="0.99" CC="0602000"/>
						<SP ID="P28_SP00065" HPOS="1514" VPOS="1048" WIDTH="26"/>
						<String ID="P28_ST00076" HPOS="1540" VPOS="1005" WIDTH="7" HEIGHT="25" CONTENT=":" WC="1.00" CC="0"/>
						<SP ID="P28_SP00066" HPOS="1547" VPOS="1048" WIDTH="26"/>
						<String ID="P28_ST00077" HPOS="1573" VPOS="993" WIDTH="36" HEIGHT="38" CONTENT="la" WC="0.93" CC="10"/>
						<SP ID="P28_SP00067" HPOS="1609" VPOS="1048" WIDTH="30"/>
						<String ID="P28_ST00078" HPOS="1639" VPOS="991" WIDTH="146" HEIGHT="40" CONTENT="misère" WC="0.99" CC="030700"/>
						<SP ID="P28_SP00068" HPOS="1785" VPOS="1048" WIDTH="28"/>
						<String ID="P28_ST00079" HPOS="1813" VPOS="992" WIDTH="104" HEIGHT="39" CONTENT="tient" WC="0.99" CC="03060"/>
						<SP ID="P28_SP00069" HPOS="1917" VPOS="1048" WIDTH="23"/>
						<String ID="P28_ST00080" HPOS="1940" VPOS="991" WIDTH="21" HEIGHT="41" CONTENT="à" WC="0.45" CC="5"/>
						<SP ID="P28_SP00070" HPOS="1961" VPOS="1048" WIDTH="22"/>
						<String ID="P28_ST00081" HPOS="1983" VPOS="992" WIDTH="35" HEIGHT="40" CONTENT="la" WC="1.00" CC="00"/>
						<SP ID="P28_SP00071" HPOS="2018" VPOS="1048" WIDTH="25"/>
						<String ID="P28_ST00082" HPOS="2043" VPOS="992" WIDTH="128" HEIGHT="40" CONTENT="rareté" WC="1.00" CC="000000"/>
					</TextLine>
					<TextLine ID="P28_TL00010" HPOS="152" VPOS="1060" WIDTH="2018" HEIGHT="54">
						<String ID="P28_ST00083" HPOS="152" VPOS="1065" WIDTH="34" HEIGHT="38" CONTENT="&amp;" WC="0.66" CC="3"/>
						<SP ID="P28_SP00072" HPOS="186" VPOS="1103" WIDTH="22"/>
						<String ID="P28_ST00084" HPOS="208" VPOS="1062" WIDTH="22" HEIGHT="41" CONTENT="à" WC="1.00" CC="0"/>
						<SP ID="P28_SP00073" HPOS="230" VPOS="1103" WIDTH="21"/>
						<String ID="P28_ST00085" HPOS="251" VPOS="1063" WIDTH="36" HEIGHT="39" CONTENT="la" WC="0.77" CC="40"/>
						<SP ID="P28_SP00074" HPOS="287" VPOS="1103" WIDTH="23"/>
						<String ID="P28_ST00086" HPOS="310" VPOS="1062" WIDTH="228" HEIGHT="40" CONTENT="sécheresse" WC="1.00" CC="0035000000"/>
						<SP ID="P28_SP00075" HPOS="538" VPOS="1103" WIDTH="22"/>
						<String ID="P28_ST00087" HPOS="560" VPOS="1062" WIDTH="70" HEIGHT="38" CONTENT="des" WC="1.00" CC="000"/>
						<SP ID="P28_SP00076" HPOS="630" VPOS="1103" WIDTH="21"/>
						<String ID="P28_ST00088" HPOS="651" VPOS="1062" WIDTH="268" HEIGHT="47" CONTENT="documents;" WC="1.00" CC="0026000000"/>
						<SP ID="P28_SP00077" HPOS="919" VPOS="1109" WIDTH="26"/>
						<String ID="P28_ST00089" HPOS="945" VPOS="1062" WIDTH="36" HEIGHT="38" CONTENT="la" WC="0.78" CC="40"/>
						<SP ID="P28_SP00078" HPOS="981" VPOS="1109" WIDTH="22"/>
						<String ID="P28_ST00090" HPOS="1003" VPOS="1063" WIDTH="207" HEIGHT="51" CONTENT="grandeur" WC="0.99" CC="03070000"/>
						<SP ID="P28_SP00079" HPOS="1210" VPOS="1114" WIDTH="20"/>
						<String ID="P28_ST00091" HPOS="1230" VPOS="1075" WIDTH="51" HEIGHT="26" CONTENT="au" WC="0.68" CC="06"/>
						<SP ID="P28_SP00080" HPOS="1281" VPOS="1114" WIDTH="22"/>
						<String ID="P28_ST00092" HPOS="1303" VPOS="1062" WIDTH="90" HEIGHT="38" CONTENT="soin" WC="0.98" CC="0304"/>
						<SP ID="P28_SP00081" HPOS="1393" VPOS="1114" WIDTH="23"/>
						<String ID="P28_ST00093" HPOS="1416" VPOS="1061" WIDTH="136" HEIGHT="52" CONTENT="pieux," WC="0.99" CC="010204"/>
						<SP ID="P28_SP00082" HPOS="1552" VPOS="1114" WIDTH="26"/>
						<String ID="P28_ST00094" HPOS="1578" VPOS="1074" WIDTH="49" HEIGHT="26" CONTENT="au" WC="0.70" CC="05"/>
						<SP ID="P28_SP00083" HPOS="1627" VPOS="1114" WIDTH="17"/>
						<String ID="P28_ST00095" HPOS="1644" VPOS="1060" WIDTH="81" HEIGHT="40" CONTENT="zèle" WC="0.98" CC="0700"/>
						<SP ID="P28_SP00084" HPOS="1725" VPOS="1114" WIDTH="18"/>
						<String ID="P28_ST00096" HPOS="1743" VPOS="1061" WIDTH="253" HEIGHT="53" CONTENT="infatigable," WC="1.00" CC="040000002404"/>
						<SP ID="P28_SP00085" HPOS="1996" VPOS="1114" WIDTH="20"/>
						<String ID="P28_ST00097" HPOS="2016" VPOS="1060" WIDTH="21" HEIGHT="40" CONTENT="à" WC="0.31" CC="6"/>
						<SP ID="P28_SP00086" HPOS="2037" VPOS="1114" WIDTH="16"/>
						<String ID="P28_ST00098" HPOS="2053" VPOS="1062" WIDTH="98" HEIGHT="39" CONTENT="l'éru" SUBS_TYPE="HypPart1" SUBS_CONTENT="l'érudition" WC="0.99" CC="44000"/>
						<HYP HPOS="2151" VPOS="1062" WIDTH="19" CONTENT="-"/>
					</TextLine>
					<TextLine ID="P28_TL00011" HPOS="151" VPOS="1130" WIDTH="2019" HEIGHT="53">
						<String ID="P28_ST00099" HPOS="151" VPOS="1133" WIDTH="131" HEIGHT="39" CONTENT="dition" SUBS_TYPE="HypPart2" SUBS_CONTENT="l'érudition" WC="1.00" CC="000400"/>
						<SP ID="P28_SP00087" HPOS="282" VPOS="1172" WIDTH="24"/>
						<String ID="P28_ST00100" HPOS="306" VPOS="1132" WIDTH="199" HEIGHT="38" CONTENT="immense" WC="1.00" CC="5000000"/>
						<SP ID="P28_SP00088" HPOS="505" VPOS="1172" WIDTH="31"/>
						<String ID="P28_ST00101" HPOS="536" VPOS="1131" WIDTH="49" HEIGHT="38" CONTENT="de" WC="1.00" CC="00"/>
						<SP ID="P28_SP00089" HPOS="585" VPOS="1172" WIDTH="22"/>
						<String ID="P28_ST00102" HPOS="607" VPOS="1130" WIDTH="195" HEIGHT="51" CONTENT="quelques" WC="0.99" CC="01040500"/>
						<SP ID="P28_SP00090" HPOS="802" VPOS="1181" WIDTH="22"/>
						<String ID="P28_ST00103" HPOS="824" VPOS="1135" WIDTH="167" HEIGHT="34" CONTENT="savants" WC="1.00" CC="0000000"/>
						<SP ID="P28_SP00091" HPOS="991" VPOS="1181" WIDTH="23"/>
						<String ID="P28_ST00104" HPOS="1014" VPOS="1143" WIDTH="249" HEIGHT="40" CONTENT="courageux," WC="1.00" CC="5110000003"/>
						<SP ID="P28_SP00092" HPOS="1263" VPOS="1183" WIDTH="89"/>
						<String ID="P28_ST00105" HPOS="1352" VPOS="1130" WIDTH="234" HEIGHT="39" CONTENT="hellénistes" WC="1.00" CC="00450320000"/>
						<SP ID="P28_SP00093" HPOS="1586" VPOS="1183" WIDTH="23"/>
						<String ID="P28_ST00106" HPOS="1609" VPOS="1130" WIDTH="237" HEIGHT="46" CONTENT="musiciens," WC="1.00" CC="0005310004"/>
						<SP ID="P28_SP00094" HPOS="1846" VPOS="1183" WIDTH="26"/>
						<String ID="P28_ST00107" HPOS="1872" VPOS="1143" WIDTH="52" HEIGHT="26" CONTENT="ou" WC="0.72" CC="05"/>
						<SP ID="P28_SP00095" HPOS="1924" VPOS="1183" WIDTH="24"/>
						<String ID="P28_ST00108" HPOS="1948" VPOS="1131" WIDTH="222" HEIGHT="39" CONTENT="musiciens" WC="0.99" CC="070410050"/>
					</TextLine>
					<TextLine ID="P28_TL00012" HPOS="151" VPOS="1199" WIDTH="2015" HEIGHT="51">
						<String ID="P28_ST00109" HPOS="151" VPOS="1201" WIDTH="281" HEIGHT="45" CONTENT="hellénisants," WC="1.00" CC="0014004000044"/>
						<SP ID="P28_SP00096" HPOS="432" VPOS="1246" WIDTH="22"/>
						<String ID="P28_ST00110" HPOS="454" VPOS="1201" WIDTH="153" HEIGHT="36" CONTENT="oiseaux" WC="0.99" CC="0500105" STYLEREFS="TXT_7"/>
						<SP ID="P28_SP00097" HPOS="607" VPOS="1246" WIDTH="21"/>
						<String ID="P28_ST00111" HPOS="628" VPOS="1211" WIDTH="102" HEIGHT="26" CONTENT="rares" WC="1.00" CC="01000" STYLEREFS="TXT_7"/>
						<SP ID="P28_SP00098" HPOS="730" VPOS="1246" WIDTH="14"/>
						<String ID="P28_ST00112" HPOS="744" VPOS="1201" WIDTH="14" HEIGHT="36" CONTENT="!" WC="1.00" CC="0" STYLEREFS="TXT_7"/>
						<SP ID="P28_SP00099" HPOS="758" VPOS="1246" WIDTH="20"/>
						<String ID="P28_ST00113" HPOS="778" VPOS="1199" WIDTH="139" HEIGHT="51" CONTENT="—qui" WC="0.97" CC="8051"/>
						<SP ID="P28_SP00100" HPOS="917" VPOS="1250" WIDTH="19"/>
						<String ID="P28_ST00114" HPOS="936" VPOS="1204" WIDTH="118" HEIGHT="35" CONTENT="osent" WC="0.99" CC="00040"/>
						<SP ID="P28_SP00101" HPOS="1054" VPOS="1250" WIDTH="16"/>
						<String ID="P28_ST00115" HPOS="1070" VPOS="1200" WIDTH="253" HEIGHT="39" CONTENT="s'aventurer" WC="1.00" CC="04000700000"/>
						<SP ID="P28_SP00102" HPOS="1323" VPOS="1250" WIDTH="22"/>
						<String ID="P28_ST00116" HPOS="1345" VPOS="1200" WIDTH="101" HEIGHT="37" CONTENT="dans" WC="1.00" CC="0020"/>
						<SP ID="P28_SP00103" HPOS="1446" VPOS="1250" WIDTH="23"/>
						<String ID="P28_ST00117" HPOS="1469" VPOS="1212" WIDTH="44" HEIGHT="26" CONTENT="ce" WC="0.76" CC="40"/>
						<SP ID="P28_SP00104" HPOS="1513" VPOS="1250" WIDTH="22"/>
						<String ID="P28_ST00118" HPOS="1535" VPOS="1199" WIDTH="134" HEIGHT="39" CONTENT="désert" WC="1.00" CC="000000"/>
						<SP ID="P28_SP00105" HPOS="1669" VPOS="1250" WIDTH="22"/>
						<String ID="P28_ST00119" HPOS="1691" VPOS="1200" WIDTH="34" HEIGHT="38" CONTENT="Se" WC="1.00" CC="00" STYLEREFS="TXT_8"/>
						<SP ID="P28_SP00106" HPOS="1725" VPOS="1250" WIDTH="22"/>
						<String ID="P28_ST00120" HPOS="1747" VPOS="1201" WIDTH="103" HEIGHT="37" CONTENT="dans" WC="1.00" CC="0000"/>
						<SP ID="P28_SP00107" HPOS="1850" VPOS="1250" WIDTH="22"/>
						<String ID="P28_ST00121" HPOS="1872" VPOS="1212" WIDTH="65" HEIGHT="27" CONTENT="ces" WC="0.98" CC="400"/>
						<SP ID="P28_SP00108" HPOS="1937" VPOS="1250" WIDTH="29"/>
						<String ID="P28_ST00122" HPOS="1966" VPOS="1199" WIDTH="200" HEIGHT="40" CONTENT="ténèbres." WC="1.00" CC="000602000"/>
					</TextLine>
					<TextLine ID="P28_TL00013" HPOS="151" VPOS="1266" WIDTH="2020" HEIGHT="56">
						<String ID="P28_ST00123" HPOS="151" VPOS="1284" WIDTH="24" HEIGHT="26" CONTENT="«" WC="0.31" CC="6"/>
						<SP ID="P28_SP00109" HPOS="175" VPOS="1310" WIDTH="22"/>
						<String ID="P28_ST00124" HPOS="197" VPOS="1270" WIDTH="28" HEIGHT="39" CONTENT="Il" WC="0.87" CC="01"/>
						<SP ID="P28_SP00110" HPOS="225" VPOS="1310" WIDTH="28"/>
						<String ID="P28_ST00125" HPOS="253" VPOS="1270" WIDTH="65" HEIGHT="39" CONTENT="n'a" WC="0.98" CC="040"/>
						<SP ID="P28_SP00111" HPOS="318" VPOS="1310" WIDTH="28"/>
						<String ID="P28_ST00126" HPOS="346" VPOS="1281" WIDTH="71" HEIGHT="39" CONTENT="pas" WC="1.00" CC="000"/>
						<SP ID="P28_SP00112" HPOS="417" VPOS="1320" WIDTH="29"/>
						<String ID="P28_ST00127" HPOS="446" VPOS="1267" WIDTH="111" HEIGHT="47" CONTENT="fallu," WC="0.99" CC="002404"/>
						<SP ID="P28_SP00113" HPOS="557" VPOS="1320" WIDTH="24"/>
						<String ID="P28_ST00128" HPOS="581" VPOS="1267" WIDTH="136" HEIGHT="38" CONTENT="disent" WC="0.99" CC="000072"/>
						<SP ID="P28_SP00114" HPOS="717" VPOS="1320" WIDTH="30"/>
						<String ID="P28_ST00129" HPOS="747" VPOS="1267" WIDTH="99" HEIGHT="38" CONTENT="MM." WC="0.96" CC="242"/>
						<SP ID="P28_SP00115" HPOS="846" VPOS="1320" WIDTH="33"/>
						<String ID="P28_ST00130" HPOS="879" VPOS="1268" WIDTH="47" HEIGHT="38" CONTENT="G." WC="0.84" CC="03"/>
						<SP ID="P28_SP00116" HPOS="926" VPOS="1320" WIDTH="38"/>
						<String ID="P28_ST00131" HPOS="964" VPOS="1269" WIDTH="35" HEIGHT="38" CONTENT="Se" WC="0.27" CC="68" STYLEREFS="TXT_8"/>
						<SP ID="P28_SP00117" HPOS="999" VPOS="1320" WIDTH="34"/>
						<String ID="P28_ST00132" HPOS="1033" VPOS="1269" WIDTH="46" HEIGHT="38" CONTENT="V." WC="0.99" CC="00"/>
						<SP ID="P28_SP00118" HPOS="1079" VPOS="1320" WIDTH="39"/>
						<String ID="P28_ST00133" HPOS="1118" VPOS="1267" WIDTH="60" HEIGHT="54" CONTENT="(p." WC="0.98" CC="400"/>
						<SP ID="P28_SP00119" HPOS="1178" VPOS="1321" WIDTH="26"/>
						<String ID="P28_ST00134" HPOS="1204" VPOS="1268" WIDTH="113" HEIGHT="54" CONTENT="232)," WC="0.52" CC="66433"/>
						<SP ID="P28_SP00120" HPOS="1317" VPOS="1322" WIDTH="27"/>
						<String ID="P28_ST00135" HPOS="1344" VPOS="1268" WIDTH="136" HEIGHT="39" CONTENT="moins" WC="1.00" CC="00000"/>
						<SP ID="P28_SP00121" HPOS="1480" VPOS="1322" WIDTH="31"/>
						<String ID="P28_ST00136" HPOS="1511" VPOS="1268" WIDTH="98" HEIGHT="39" CONTENT="d'un" WC="0.98" CC="0440"/>
						<SP ID="P28_SP00122" HPOS="1609" VPOS="1322" WIDTH="23"/>
						<String ID="P28_ST00137" HPOS="1632" VPOS="1266" WIDTH="118" HEIGHT="41" CONTENT="siècle" WC="0.98" CC="027550"/>
						<SP ID="P28_SP00123" HPOS="1750" VPOS="1322" WIDTH="23"/>
						<String ID="P28_ST00138" HPOS="1773" VPOS="1269" WIDTH="48" HEIGHT="38" CONTENT="de" WC="1.00" CC="00"/>
						<SP ID="P28_SP00124" HPOS="1821" VPOS="1322" WIDTH="23"/>
						<String ID="P28_ST00139" HPOS="1844" VPOS="1269" WIDTH="253" HEIGHT="45" CONTENT="recherches," WC="0.99" CC="00650066004"/>
						<SP ID="P28_SP00125" HPOS="2097" VPOS="1322" WIDTH="26"/>
						<String ID="P28_ST00140" HPOS="2123" VPOS="1270" WIDTH="48" HEIGHT="37" CONTENT="de" WC="1.00" CC="00"/>
					</TextLine>
					<TextLine ID="P28_TL00014" HPOS="151" VPOS="1337" WIDTH="2021" HEIGHT="54">
						<String ID="P28_ST00141" HPOS="151" VPOS="1337" WIDTH="248" HEIGHT="54" CONTENT="conjectures" WC="0.99" CC="30000873000"/>
						<SP ID="P28_SP00126" HPOS="399" VPOS="1391" WIDTH="29"/>
						<String ID="P28_ST00142" HPOS="428" VPOS="1337" WIDTH="33" HEIGHT="38" CONTENT="Se" WC="1.00" CC="00" STYLEREFS="TXT_8"/>
						<SP ID="P28_SP00127" HPOS="461" VPOS="1391" WIDTH="30"/>
						<String ID="P28_ST00143" HPOS="491" VPOS="1337" WIDTH="48" HEIGHT="38" CONTENT="de" WC="1.00" CC="00"/>
						<SP ID="P28_SP00128" HPOS="539" VPOS="1391" WIDTH="21"/>
						<String ID="P28_ST00144" HPOS="560" VPOS="1337" WIDTH="324" HEIGHT="45" CONTENT="tâtonnements," WC="1.00" CC="0600200004004"/>
						<SP ID="P28_SP00129" HPOS="884" VPOS="1391" WIDTH="28"/>
						<String ID="P28_ST00145" HPOS="912" VPOS="1349" WIDTH="104" HEIGHT="38" CONTENT="pour" WC="0.99" CC="0050"/>
						<SP ID="P28_SP00130" HPOS="1016" VPOS="1391" WIDTH="26"/>
						<String ID="P28_ST00146" HPOS="1042" VPOS="1337" WIDTH="100" HEIGHT="51" CONTENT="qu'il" WC="0.99" CC="00204"/>
						<SP ID="P28_SP00131" HPOS="1142" VPOS="1391" WIDTH="28"/>
						<String ID="P28_ST00147" HPOS="1170" VPOS="1337" WIDTH="143" HEIGHT="40" CONTENT="devînt" WC="0.99" CC="000380"/>
						<SP ID="P28_SP00132" HPOS="1313" VPOS="1391" WIDTH="29"/>
						<String ID="P28_ST00148" HPOS="1342" VPOS="1337" WIDTH="179" HEIGHT="51" CONTENT="possible" WC="0.99" CC="05020060"/>
						<SP ID="P28_SP00133" HPOS="1521" VPOS="1391" WIDTH="29"/>
						<String ID="P28_ST00149" HPOS="1550" VPOS="1338" WIDTH="48" HEIGHT="38" CONTENT="de" WC="1.00" CC="00"/>
						<SP ID="P28_SP00134" HPOS="1598" VPOS="1391" WIDTH="29"/>
						<String ID="P28_ST00150" HPOS="1627" VPOS="1340" WIDTH="169" HEIGHT="36" CONTENT="trouver" WC="0.99" CC="0013005"/>
						<SP ID="P28_SP00135" HPOS="1796" VPOS="1391" WIDTH="28"/>
						<String ID="P28_ST00151" HPOS="1824" VPOS="1350" WIDTH="54" HEIGHT="27" CONTENT="un" WC="0.71" CC="05"/>
						<SP ID="P28_SP00136" HPOS="1878" VPOS="1391" WIDTH="24"/>
						<String ID="P28_ST00152" HPOS="1902" VPOS="1350" WIDTH="92" HEIGHT="26" CONTENT="sens" WC="1.00" CC="0000"/>
						<SP ID="P28_SP00137" HPOS="1994" VPOS="1391" WIDTH="23"/>
						<String ID="P28_ST00153" HPOS="2017" VPOS="1338" WIDTH="133" HEIGHT="39" CONTENT="raison" SUBS_TYPE="HypPart1" SUBS_CONTENT="raisonnable" WC="1.00" CC="100000"/>
						<HYP HPOS="2150" VPOS="1338" WIDTH="22" CONTENT="-"/>
					</TextLine>
					<TextLine ID="P28_TL00015" HPOS="150" VPOS="1404" WIDTH="2021" HEIGHT="54">
						<String ID="P28_ST00154" HPOS="150" VPOS="1408" WIDTH="118" HEIGHT="39" CONTENT="nable" SUBS_TYPE="HypPart2" SUBS_CONTENT="raisonnable" WC="1.00" CC="00020"/>
						<SP ID="P28_SP00138" HPOS="268" VPOS="1447" WIDTH="22"/>
						<String ID="P28_ST00155" HPOS="290" VPOS="1406" WIDTH="22" HEIGHT="40" CONTENT="à" WC="0.64" CC="3"/>
						<SP ID="P28_SP00139" HPOS="312" VPOS="1447" WIDTH="21"/>
						<String ID="P28_ST00156" HPOS="333" VPOS="1409" WIDTH="105" HEIGHT="36" CONTENT="cette" WC="1.00" CC="40000"/>
						<SP ID="P28_SP00140" HPOS="438" VPOS="1447" WIDTH="21"/>
						<String ID="P28_ST00157" HPOS="459" VPOS="1404" WIDTH="328" HEIGHT="39" CONTENT="demi-douzaine" WC="1.00" CC="0003400400000"/>
						<SP ID="P28_SP00141" HPOS="787" VPOS="1447" WIDTH="31"/>
						<String ID="P28_ST00158" HPOS="818" VPOS="1406" WIDTH="49" HEIGHT="37" CONTENT="de" WC="1.00" CC="00"/>
						<SP ID="P28_SP00142" HPOS="867" VPOS="1447" WIDTH="30"/>
						<String ID="P28_ST00159" HPOS="897" VPOS="1404" WIDTH="131" HEIGHT="53" CONTENT="lignes" WC="1.00" CC="400000"/>
						<SP ID="P28_SP00143" HPOS="1028" VPOS="1457" WIDTH="29"/>
						<String ID="P28_ST00160" HPOS="1057" VPOS="1405" WIDTH="53" HEIGHT="53" CONTENT="(le" WC="0.98" CC="050"/>
						<SP ID="P28_SP00144" HPOS="1110" VPOS="1458" WIDTH="31"/>
						<String ID="P28_ST00161" HPOS="1141" VPOS="1418" WIDTH="44" HEIGHT="26" CONTENT="12" WC="0.83" CC="30"/>
						<String ID="P28_ST00162" HPOS="1190" VPOS="1414" WIDTH="13" HEIGHT="16" CONTENT="e" STYLE="superscript" WC="0.55" CC="4"/>
						<SP ID="P28_SP00145" HPOS="1203" VPOS="1458" WIDTH="24"/>
						<String ID="P28_ST00163" HPOS="1227" VPOS="1404" WIDTH="247" HEIGHT="54" CONTENT="Problème)." WC="0.99" CC="5000270023"/>
						<SP ID="P28_SP00146" HPOS="1474" VPOS="1458" WIDTH="27"/>
						<String ID="P28_ST00164" HPOS="1501" VPOS="1419" WIDTH="23" HEIGHT="25" CONTENT="»" WC="0.36" CC="6"/>
						<SP ID="P28_SP00147" HPOS="1524" VPOS="1458" WIDTH="29"/>
						<String ID="P28_ST00165" HPOS="1553" VPOS="1407" WIDTH="73" HEIGHT="37" CONTENT="Les" WC="0.98" CC="400"/>
						<SP ID="P28_SP00148" HPOS="1626" VPOS="1458" WIDTH="21"/>
						<String ID="P28_ST00166" HPOS="1647" VPOS="1419" WIDTH="223" HEIGHT="38" CONTENT="personnes" WC="1.00" CC="000000000"/>
						<SP ID="P28_SP00149" HPOS="1870" VPOS="1458" WIDTH="23"/>
						<String ID="P28_ST00167" HPOS="1893" VPOS="1405" WIDTH="234" HEIGHT="53" CONTENT="étrangères" WC="1.00" CC="3050007000"/>
						<SP ID="P28_SP00150" HPOS="2127" VPOS="1458" WIDTH="22"/>
						<String ID="P28_ST00168" HPOS="2149" VPOS="1406" WIDTH="22" HEIGHT="40" CONTENT="à" WC="0.21" CC="7"/>
					</TextLine>
					<TextLine ID="P28_TL00016" HPOS="150" VPOS="1472" WIDTH="2022" HEIGHT="56">
						<String ID="P28_ST00169" HPOS="150" VPOS="1477" WIDTH="38" HEIGHT="39" CONTENT="la" WC="0.88" CC="20"/>
						<SP ID="P28_SP00151" HPOS="188" VPOS="1516" WIDTH="22"/>
						<String ID="P28_ST00170" HPOS="210" VPOS="1474" WIDTH="224" HEIGHT="54" CONTENT="philologie" WC="1.00" CC="0000020040"/>
						<SP ID="P28_SP00152" HPOS="434" VPOS="1528" WIDTH="22"/>
						<String ID="P28_ST00171" HPOS="456" VPOS="1473" WIDTH="68" HEIGHT="51" CONTENT="qui" WC="0.98" CC="050"/>
						<SP ID="P28_SP00153" HPOS="524" VPOS="1528" WIDTH="24"/>
						<String ID="P28_ST00172" HPOS="548" VPOS="1472" WIDTH="124" HEIGHT="39" CONTENT="liront" WC="0.99" CC="420070"/>
						<SP ID="P28_SP00154" HPOS="672" VPOS="1528" WIDTH="21"/>
						<String ID="P28_ST00173" HPOS="693" VPOS="1472" WIDTH="200" HEIGHT="40" CONTENT="l'histoire" WC="1.00" CC="3004000400"/>
						<SP ID="P28_SP00155" HPOS="893" VPOS="1528" WIDTH="22"/>
						<String ID="P28_ST00174" HPOS="915" VPOS="1474" WIDTH="282" HEIGHT="40" CONTENT="merveilleuse" WC="1.00" CC="000000640000"/>
						<SP ID="P28_SP00156" HPOS="1197" VPOS="1528" WIDTH="23"/>
						<String ID="P28_ST00175" HPOS="1220" VPOS="1476" WIDTH="47" HEIGHT="38" CONTENT="de" WC="1.00" CC="00"/>
						<SP ID="P28_SP00157" HPOS="1267" VPOS="1528" WIDTH="22"/>
						<String ID="P28_ST00176" HPOS="1289" VPOS="1475" WIDTH="37" HEIGHT="39" CONTENT="la" WC="1.00" CC="00"/>
						<SP ID="P28_SP00158" HPOS="1326" VPOS="1528" WIDTH="21"/>
						<String ID="P28_ST00177" HPOS="1347" VPOS="1474" WIDTH="194" HEIGHT="54" CONTENT="guérison" WC="0.82" CC="03200015"/>
						<SP ID="P28_SP00159" HPOS="1541" VPOS="1528" WIDTH="28"/>
						<String ID="P28_ST00178" HPOS="1569" VPOS="1476" WIDTH="49" HEIGHT="38" CONTENT="de" WC="1.00" CC="00"/>
						<SP ID="P28_SP00160" HPOS="1618" VPOS="1528" WIDTH="23"/>
						<String ID="P28_ST00179" HPOS="1641" VPOS="1488" WIDTH="43" HEIGHT="26" CONTENT="ce" WC="0.76" CC="40"/>
						<SP ID="P28_SP00161" HPOS="1684" VPOS="1528" WIDTH="22"/>
						<String ID="P28_ST00180" HPOS="1706" VPOS="1479" WIDTH="110" HEIGHT="35" CONTENT="texte" WC="1.00" CC="00000"/>
						<SP ID="P28_SP00162" HPOS="1816" VPOS="1528" WIDTH="22"/>
						<String ID="P28_ST00181" HPOS="1838" VPOS="1475" WIDTH="159" HEIGHT="39" CONTENT="malade" WC="0.99" CC="006000"/>
						<SP ID="P28_SP00163" HPOS="1997" VPOS="1528" WIDTH="24"/>
						<String ID="P28_ST00182" HPOS="2021" VPOS="1475" WIDTH="130" HEIGHT="40" CONTENT="s'éton" SUBS_TYPE="HypPart1" SUBS_CONTENT="s'étonneront" WC="0.99" CC="034003"/>
						<HYP HPOS="2151" VPOS="1475" WIDTH="21" CONTENT="-"/>
					</TextLine>
					<TextLine ID="P28_TL00017" HPOS="151" VPOS="1541" WIDTH="2020" HEIGHT="54">
						<String ID="P28_ST00183" HPOS="151" VPOS="1548" WIDTH="145" HEIGHT="36" CONTENT="neront" SUBS_TYPE="HypPart2" SUBS_CONTENT="s'étonneront" WC="0.99" CC="600070"/>
						<SP ID="P28_SP00164" HPOS="296" VPOS="1584" WIDTH="22"/>
						<String ID="P28_ST00184" HPOS="318" VPOS="1544" WIDTH="201" HEIGHT="51" CONTENT="peut-être" WC="1.00" CC="020005000"/>
						<SP ID="P28_SP00165" HPOS="519" VPOS="1595" WIDTH="21"/>
						<String ID="P28_ST00185" HPOS="540" VPOS="1542" WIDTH="48" HEIGHT="38" CONTENT="de" WC="1.00" CC="00"/>
						<SP ID="P28_SP00166" HPOS="588" VPOS="1595" WIDTH="26"/>
						<String ID="P28_ST00186" HPOS="614" VPOS="1541" WIDTH="91" HEIGHT="39" CONTENT="voir" WC="1.00" CC="0000"/>
						<SP ID="P28_SP00167" HPOS="705" VPOS="1595" WIDTH="21"/>
						<String ID="P28_ST00187" HPOS="726" VPOS="1545" WIDTH="146" HEIGHT="35" CONTENT="mettre" WC="1.00" CC="000005"/>
						<SP ID="P28_SP00168" HPOS="872" VPOS="1595" WIDTH="24"/>
						<String ID="P28_ST00188" HPOS="896" VPOS="1555" WIDTH="77" HEIGHT="26" CONTENT="une" WC="1.00" CC="000"/>
						<SP ID="P28_SP00169" HPOS="973" VPOS="1595" WIDTH="22"/>
						<String ID="P28_ST00189" HPOS="995" VPOS="1557" WIDTH="24" HEIGHT="25" CONTENT="«" WC="0.33" CC="6"/>
						<SP ID="P28_SP00170" HPOS="1019" VPOS="1595" WIDTH="23"/>
						<String ID="P28_ST00190" HPOS="1042" VPOS="1543" WIDTH="176" HEIGHT="40" CONTENT="mélodie" WC="0.99" CC="0053000"/>
						<SP ID="P28_SP00171" HPOS="1218" VPOS="1595" WIDTH="21"/>
						<String ID="P28_ST00191" HPOS="1239" VPOS="1557" WIDTH="23" HEIGHT="25" CONTENT="»" WC="0.34" CC="6"/>
						<SP ID="P28_SP00172" HPOS="1262" VPOS="1595" WIDTH="23"/>
						<String ID="P28_ST00192" HPOS="1285" VPOS="1542" WIDTH="22" HEIGHT="41" CONTENT="à" WC="0.47" CC="5"/>
						<SP ID="P28_SP00173" HPOS="1307" VPOS="1595" WIDTH="21"/>
						<String ID="P28_ST00193" HPOS="1328" VPOS="1544" WIDTH="36" HEIGHT="38" CONTENT="la" WC="0.67" CC="60"/>
						<SP ID="P28_SP00174" HPOS="1364" VPOS="1595" WIDTH="22"/>
						<String ID="P28_ST00194" HPOS="1386" VPOS="1544" WIDTH="113" HEIGHT="51" CONTENT="place" WC="0.99" CC="04040"/>
						<SP ID="P28_SP00175" HPOS="1499" VPOS="1595" WIDTH="22"/>
						<String ID="P28_ST00195" HPOS="1521" VPOS="1544" WIDTH="97" HEIGHT="38" CONTENT="d'un" WC="0.98" CC="0270"/>
						<SP ID="P28_SP00176" HPOS="1618" VPOS="1595" WIDTH="25"/>
						<String ID="P28_ST00196" HPOS="1643" VPOS="1558" WIDTH="24" HEIGHT="24" CONTENT="«" WC="0.30" CC="6"/>
						<SP ID="P28_SP00177" HPOS="1667" VPOS="1595" WIDTH="22"/>
						<String ID="P28_ST00197" HPOS="1689" VPOS="1544" WIDTH="138" HEIGHT="39" CONTENT="milieu" WC="0.99" CC="035005"/>
						<SP ID="P28_SP00178" HPOS="1827" VPOS="1595" WIDTH="17"/>
						<String ID="P28_ST00198" HPOS="1844" VPOS="1557" WIDTH="41" HEIGHT="34" CONTENT="»," WC="0.44" CC="64"/>
						<SP ID="P28_SP00179" HPOS="1885" VPOS="1595" WIDTH="19"/>
						<String ID="P28_ST00199" HPOS="1904" VPOS="1557" WIDTH="78" HEIGHT="27" CONTENT="une" WC="0.97" CC="070"/>
						<SP ID="P28_SP00180" HPOS="1982" VPOS="1595" WIDTH="17"/>
						<String ID="P28_ST00200" HPOS="1999" VPOS="1558" WIDTH="24" HEIGHT="26" CONTENT="«" WC="0.32" CC="6"/>
						<SP ID="P28_SP00181" HPOS="2023" VPOS="1595" WIDTH="18"/>
						<String ID="P28_ST00201" HPOS="2041" VPOS="1544" WIDTH="89" HEIGHT="39" CONTENT="nète" WC="0.81" CC="0700"/>
						<SP ID="P28_SP00182" HPOS="2130" VPOS="1595" WIDTH="17"/>
						<String ID="P28_ST00202" HPOS="2147" VPOS="1557" WIDTH="24" HEIGHT="26" CONTENT="»" WC="1.00" CC="0"/>
					</TextLine>
					<TextLine ID="P28_TL00018" HPOS="150" VPOS="1608" WIDTH="2022" HEIGHT="57">
						<String ID="P28_ST00203" HPOS="150" VPOS="1612" WIDTH="22" HEIGHT="41" CONTENT="à" WC="0.34" CC="6"/>
						<SP ID="P28_SP00183" HPOS="172" VPOS="1653" WIDTH="27"/>
						<String ID="P28_ST00204" HPOS="199" VPOS="1613" WIDTH="36" HEIGHT="39" CONTENT="la" WC="0.98" CC="00"/>
						<SP ID="P28_SP00184" HPOS="235" VPOS="1653" WIDTH="28"/>
						<String ID="P28_ST00205" HPOS="263" VPOS="1613" WIDTH="113" HEIGHT="52" CONTENT="place" WC="0.99" CC="03050"/>
						<SP ID="P28_SP00185" HPOS="376" VPOS="1665" WIDTH="28"/>
						<String ID="P28_ST00206" HPOS="404" VPOS="1611" WIDTH="123" HEIGHT="39" CONTENT="d'une" WC="1.00" CC="03000"/>
						<SP ID="P28_SP00186" HPOS="527" VPOS="1665" WIDTH="30"/>
						<String ID="P28_ST00207" HPOS="557" VPOS="1624" WIDTH="24" HEIGHT="24" CONTENT="«" WC="0.34" CC="6"/>
						<SP ID="P28_SP00187" HPOS="581" VPOS="1665" WIDTH="29"/>
						<String ID="P28_ST00208" HPOS="610" VPOS="1608" WIDTH="110" HEIGHT="40" CONTENT="mèse" WC="0.82" CC="0700"/>
						<SP ID="P28_SP00188" HPOS="720" VPOS="1665" WIDTH="28"/>
						<String ID="P28_ST00209" HPOS="748" VPOS="1622" WIDTH="46" HEIGHT="34" CONTENT="»," WC="0.78" CC="04"/>
						<SP ID="P28_SP00189" HPOS="794" VPOS="1665" WIDTH="33"/>
						<String ID="P28_ST00210" HPOS="827" VPOS="1614" WIDTH="166" HEIGHT="48" CONTENT="troquer" WC="1.00" CC="0000000"/>
						<SP ID="P28_SP00190" HPOS="993" VPOS="1665" WIDTH="27"/>
						<String ID="P28_ST00211" HPOS="1020" VPOS="1612" WIDTH="112" HEIGHT="38" CONTENT="enfin" WC="0.97" CC="01448"/>
						<SP ID="P28_SP00191" HPOS="1132" VPOS="1665" WIDTH="29"/>
						<String ID="P28_ST00212" HPOS="1161" VPOS="1613" WIDTH="107" HEIGHT="38" CONTENT="deux" WC="1.00" CC="0010"/>
						<SP ID="P28_SP00192" HPOS="1268" VPOS="1665" WIDTH="27"/>
						<String ID="P28_ST00213" HPOS="1295" VPOS="1613" WIDTH="132" HEIGHT="52" CONTENT="lignes" WC="0.99" CC="220400"/>
						<SP ID="P28_SP00193" HPOS="1427" VPOS="1665" WIDTH="29"/>
						<String ID="P28_ST00214" HPOS="1456" VPOS="1614" WIDTH="54" HEIGHT="37" CONTENT="du" WC="0.81" CC="03"/>
						<SP ID="P28_SP00194" HPOS="1510" VPOS="1665" WIDTH="39"/>
						<String ID="P28_ST00215" HPOS="1549" VPOS="1625" WIDTH="45" HEIGHT="26" CONTENT="12" WC="0.62" CC="70"/>
						<String ID="P28_ST00216" HPOS="1599" VPOS="1620" WIDTH="14" HEIGHT="16" CONTENT="e" STYLE="superscript" WC="0.59" CC="4"/>
						<SP ID="P28_SP00195" HPOS="1613" VPOS="1665" WIDTH="29"/>
						<String ID="P28_ST00217" HPOS="1642" VPOS="1613" WIDTH="210" HEIGHT="51" CONTENT="problème" WC="0.99" CC="00053600"/>
						<SP ID="P28_SP00196" HPOS="1852" VPOS="1665" WIDTH="36"/>
						<String ID="P28_ST00218" HPOS="1888" VPOS="1617" WIDTH="141" HEIGHT="36" CONTENT="contre" WC="1.00" CC="400000"/>
						<SP ID="P28_SP00197" HPOS="2029" VPOS="1665" WIDTH="36"/>
						<String ID="P28_ST00219" HPOS="2065" VPOS="1615" WIDTH="107" HEIGHT="37" CONTENT="deux" WC="0.99" CC="0040"/>
					</TextLine>
					<TextLine ID="P28_TL00019" HPOS="150" VPOS="1679" WIDTH="2020" HEIGHT="56">
						<String ID="P28_ST00220" HPOS="150" VPOS="1683" WIDTH="132" HEIGHT="52" CONTENT="lignes" WC="1.00" CC="300000"/>
						<SP ID="P28_SP00198" HPOS="282" VPOS="1735" WIDTH="35"/>
						<String ID="P28_ST00221" HPOS="317" VPOS="1683" WIDTH="52" HEIGHT="36" CONTENT="du" WC="0.72" CC="05"/>
						<SP ID="P28_SP00199" HPOS="369" VPOS="1735" WIDTH="44"/>
						<String ID="P28_ST00222" HPOS="413" VPOS="1693" WIDTH="42" HEIGHT="38" CONTENT="13" WC="0.35" CC="66"/>
						<String ID="P28_ST00223" HPOS="462" VPOS="1686" WIDTH="13" HEIGHT="17" CONTENT="e" STYLE="superscript" WC="1.00" CC="0"/>
						<SP ID="P28_SP00200" HPOS="475" VPOS="1735" WIDTH="39"/>
						<String ID="P28_ST00224" HPOS="514" VPOS="1691" WIDTH="7" HEIGHT="26" CONTENT=":" WC="0.52" CC="4"/>
						<SP ID="P28_SP00201" HPOS="521" VPOS="1735" WIDTH="39"/>
						<String ID="P28_ST00225" HPOS="560" VPOS="1691" WIDTH="77" HEIGHT="39" CONTENT="que" WC="1.00" CC="000"/>
						<SP ID="P28_SP00202" HPOS="637" VPOS="1735" WIDTH="29"/>
						<String ID="P28_ST00226" HPOS="666" VPOS="1679" WIDTH="190" HEIGHT="38" CONTENT="reste-t-il" WC="0.81" CC="4000040405"/>
						<SP ID="P28_SP00203" HPOS="856" VPOS="1735" WIDTH="29"/>
						<String ID="P28_ST00227" HPOS="885" VPOS="1681" WIDTH="48" HEIGHT="37" CONTENT="de" WC="1.00" CC="00"/>
						<SP ID="P28_SP00204" HPOS="933" VPOS="1735" WIDTH="28"/>
						<String ID="P28_ST00228" HPOS="961" VPOS="1681" WIDTH="37" HEIGHT="38" CONTENT="la" WC="0.77" CC="40"/>
						<SP ID="P28_SP00205" HPOS="998" VPOS="1735" WIDTH="34"/>
						<String ID="P28_ST00229" HPOS="1032" VPOS="1681" WIDTH="148" HEIGHT="50" CONTENT="pensée" WC="1.00" CC="020001"/>
						<SP ID="P28_SP00206" HPOS="1180" VPOS="1735" WIDTH="31"/>
						<String ID="P28_ST00230" HPOS="1211" VPOS="1683" WIDTH="48" HEIGHT="37" CONTENT="de" WC="1.00" CC="00"/>
						<SP ID="P28_SP00207" HPOS="1259" VPOS="1735" WIDTH="35"/>
						<String ID="P28_ST00231" HPOS="1294" VPOS="1682" WIDTH="186" HEIGHT="46" CONTENT="l'auteur," WC="1.00" CC="220100004"/>
						<SP ID="P28_SP00208" HPOS="1480" VPOS="1735" WIDTH="33"/>
						<String ID="P28_ST00232" HPOS="1513" VPOS="1682" WIDTH="376" HEIGHT="44" CONTENT="demandera-t-on," WC="0.84" CC="010070020404020"/>
						<SP ID="P28_SP00209" HPOS="1889" VPOS="1735" WIDTH="33"/>
						<String ID="P28_ST00233" HPOS="1922" VPOS="1681" WIDTH="116" HEIGHT="52" CONTENT="après" WC="0.98" CC="00075"/>
						<SP ID="P28_SP00210" HPOS="2038" VPOS="1735" WIDTH="28"/>
						<String ID="P28_ST00234" HPOS="2066" VPOS="1683" WIDTH="49" HEIGHT="38" CONTENT="de" WC="1.00" CC="00"/>
						<SP ID="P28_SP00211" HPOS="2115" VPOS="1735" WIDTH="23"/>
						<String ID="P28_ST00235" HPOS="2138" VPOS="1681" WIDTH="32" HEIGHT="39" CONTENT="si" WC="0.87" CC="02"/>
					</TextLine>
					<TextLine ID="P28_TL00020" HPOS="152" VPOS="1746" WIDTH="2019" HEIGHT="56">
						<String ID="P28_ST00236" HPOS="152" VPOS="1751" WIDTH="184" HEIGHT="39" CONTENT="brillants" WC="0.99" CC="006450000"/>
						<SP ID="P28_SP00212" HPOS="336" VPOS="1790" WIDTH="35"/>
						<String ID="P28_ST00237" HPOS="371" VPOS="1746" WIDTH="309" HEIGHT="53" CONTENT="escamotages?" WC="1.00" CC="000000000000"/>
						<SP ID="P28_SP00213" HPOS="680" VPOS="1799" WIDTH="27"/>
						<String ID="P28_ST00238" HPOS="707" VPOS="1746" WIDTH="111" HEIGHT="40" CONTENT="Tout" WC="0.97" CC="4440"/>
						<SP ID="P28_SP00214" HPOS="818" VPOS="1799" WIDTH="28"/>
						<String ID="P28_ST00239" HPOS="846" VPOS="1748" WIDTH="35" HEIGHT="38" CONTENT="le" WC="0.94" CC="10"/>
						<SP ID="P28_SP00215" HPOS="881" VPOS="1799" WIDTH="32"/>
						<String ID="P28_ST00240" HPOS="913" VPOS="1749" WIDTH="163" HEIGHT="38" CONTENT="chemin" WC="0.99" CC="320016"/>
						<SP ID="P28_SP00216" HPOS="1076" VPOS="1799" WIDTH="29"/>
						<String ID="P28_ST00241" HPOS="1105" VPOS="1749" WIDTH="278" HEIGHT="52" CONTENT="péniblement" WC="1.00" CC="03000100000"/>
						<SP ID="P28_SP00217" HPOS="1383" VPOS="1801" WIDTH="30"/>
						<String ID="P28_ST00242" HPOS="1413" VPOS="1763" WIDTH="201" HEIGHT="39" CONTENT="parcouru" WC="0.99" CC="00060503"/>
						<SP ID="P28_SP00218" HPOS="1614" VPOS="1802" WIDTH="35"/>
						<String ID="P28_ST00243" HPOS="1649" VPOS="1751" WIDTH="144" HEIGHT="51" CONTENT="depuis" WC="0.99" CC="000240"/>
						<SP ID="P28_SP00219" HPOS="1793" VPOS="1802" WIDTH="37"/>
						<String ID="P28_ST00244" HPOS="1830" VPOS="1755" WIDTH="93" HEIGHT="34" CONTENT="cent" WC="0.99" CC="4000"/>
						<SP ID="P28_SP00220" HPOS="1923" VPOS="1802" WIDTH="34"/>
						<String ID="P28_ST00245" HPOS="1957" VPOS="1764" WIDTH="74" HEIGHT="25" CONTENT="ans" WC="1.00" CC="000"/>
						<SP ID="P28_SP00221" HPOS="2031" VPOS="1802" WIDTH="36"/>
						<String ID="P28_ST00246" HPOS="2067" VPOS="1763" WIDTH="104" HEIGHT="27" CONTENT="nous" WC="1.00" CC="0000"/>
					</TextLine>
					<TextLine ID="P28_TL00021" HPOS="151" VPOS="1815" WIDTH="2021" HEIGHT="56">
						<String ID="P28_ST00247" HPOS="151" VPOS="1817" WIDTH="247" HEIGHT="42" CONTENT="ramène-t-il" WC="0.75" CC="05057040004"/>
						<SP ID="P28_SP00222" HPOS="398" VPOS="1859" WIDTH="22"/>
						<String ID="P28_ST00248" HPOS="420" VPOS="1815" WIDTH="20" HEIGHT="40" CONTENT="à" WC="0.58" CC="4"/>
						<SP ID="P28_SP00223" HPOS="440" VPOS="1859" WIDTH="23"/>
						<String ID="P28_ST00249" HPOS="463" VPOS="1817" WIDTH="193" HEIGHT="44" CONTENT="Aristote," WC="0.89" CC="051000003"/>
						<SP ID="P28_SP00224" HPOS="656" VPOS="1861" WIDTH="25"/>
						<String ID="P28_ST00250" HPOS="681" VPOS="1829" WIDTH="52" HEIGHT="25" CONTENT="ou" WC="0.97" CC="00"/>
						<SP ID="P28_SP00225" HPOS="733" VPOS="1861" WIDTH="33"/>
						<String ID="P28_ST00251" HPOS="766" VPOS="1829" WIDTH="106" HEIGHT="26" CONTENT="nous" WC="0.99" CC="0600"/>
						<SP ID="P28_SP00226" HPOS="872" VPOS="1861" WIDTH="22"/>
						<String ID="P28_ST00252" HPOS="894" VPOS="1817" WIDTH="204" HEIGHT="52" CONTENT="égare-t-il" WC="0.89" CC="0000040402"/>
						<SP ID="P28_SP00227" HPOS="1098" VPOS="1869" WIDTH="23"/>
						<String ID="P28_ST00253" HPOS="1121" VPOS="1831" WIDTH="48" HEIGHT="26" CONTENT="en" WC="0.82" CC="03"/>
						<SP ID="P28_SP00228" HPOS="1169" VPOS="1869" WIDTH="23"/>
						<String ID="P28_ST00254" HPOS="1192" VPOS="1818" WIDTH="132" HEIGHT="52" CONTENT="pleine" WC="1.00" CC="030000"/>
						<SP ID="P28_SP00229" HPOS="1324" VPOS="1870" WIDTH="23"/>
						<String ID="P28_ST00255" HPOS="1347" VPOS="1818" WIDTH="212" HEIGHT="40" CONTENT="fantaisie?" WC="1.00" CC="0000000000"/>
						<SP ID="P28_SP00230" HPOS="1559" VPOS="1870" WIDTH="21"/>
						<String ID="P28_ST00256" HPOS="1580" VPOS="1818" WIDTH="116" HEIGHT="40" CONTENT="Cette" WC="1.00" CC="30000"/>
						<SP ID="P28_SP00231" HPOS="1696" VPOS="1870" WIDTH="23"/>
						<String ID="P28_ST00257" HPOS="1719" VPOS="1819" WIDTH="193" HEIGHT="52" CONTENT="question" WC="1.00" CC="05000400"/>
						<SP ID="P28_SP00232" HPOS="1912" VPOS="1871" WIDTH="24"/>
						<String ID="P28_ST00258" HPOS="1936" VPOS="1820" WIDTH="89" HEIGHT="38" CONTENT="doit" WC="1.00" CC="0010"/>
						<SP ID="P28_SP00233" HPOS="2025" VPOS="1871" WIDTH="23"/>
						<String ID="P28_ST00259" HPOS="2048" VPOS="1823" WIDTH="124" HEIGHT="35" CONTENT="rester" WC="1.00" CC="000000"/>
					</TextLine>
					<TextLine ID="P28_TL00022" HPOS="152" VPOS="1884" WIDTH="2020" HEIGHT="56">
						<String ID="P28_ST00260" HPOS="152" VPOS="1901" WIDTH="93" HEIGHT="27" CONTENT="sans" WC="1.00" CC="0000"/>
						<SP ID="P28_SP00234" HPOS="245" VPOS="1928" WIDTH="17"/>
						<String ID="P28_ST00261" HPOS="262" VPOS="1885" WIDTH="262" HEIGHT="53" CONTENT="réponse..La" WC="1.00" CC="00000002320"/>
						<SP ID="P28_SP00235" HPOS="524" VPOS="1938" WIDTH="15"/>
						<String ID="P28_ST00262" HPOS="539" VPOS="1884" WIDTH="225" HEIGHT="53" CONTENT="philologie" WC="1.00" CC="0406024000"/>
						<SP ID="P28_SP00236" HPOS="764" VPOS="1938" WIDTH="17"/>
						<String ID="P28_ST00263" HPOS="781" VPOS="1885" WIDTH="61" HEIGHT="38" CONTENT="vit" WC="0.99" CC="030"/>
						<SP ID="P28_SP00237" HPOS="842" VPOS="1938" WIDTH="16"/>
						<String ID="P28_ST00264" HPOS="858" VPOS="1890" WIDTH="177" HEIGHT="35" CONTENT="souvent" WC="1.00" CC="0000000"/>
						<SP ID="P28_SP00238" HPOS="1035" VPOS="1938" WIDTH="12"/>
						<String ID="P28_ST00265" HPOS="1047" VPOS="1888" WIDTH="48" HEIGHT="38" CONTENT="de" WC="0.86" CC="02"/>
						<SP ID="P28_SP00239" HPOS="1095" VPOS="1938" WIDTH="17"/>
						<String ID="P28_ST00266" HPOS="1112" VPOS="1888" WIDTH="264" HEIGHT="50" CONTENT="probabilités" WC="1.00" CC="002004230000"/>
						<SP ID="P28_SP00240" HPOS="1376" VPOS="1938" WIDTH="16"/>
						<String ID="P28_ST00267" HPOS="1392" VPOS="1889" WIDTH="34" HEIGHT="39" CONTENT="&amp;" WC="1.00" CC="0"/>
						<SP ID="P28_SP00241" HPOS="1426" VPOS="1938" WIDTH="18"/>
						<String ID="P28_ST00268" HPOS="1444" VPOS="1901" WIDTH="81" HEIGHT="25" CONTENT="non" WC="1.00" CC="000"/>
						<SP ID="P28_SP00242" HPOS="1525" VPOS="1938" WIDTH="18"/>
						<String ID="P28_ST00269" HPOS="1543" VPOS="1889" WIDTH="48" HEIGHT="37" CONTENT="de" WC="1.00" CC="00"/>
						<SP ID="P28_SP00243" HPOS="1591" VPOS="1938" WIDTH="24"/>
						<String ID="P28_ST00270" HPOS="1615" VPOS="1888" WIDTH="238" HEIGHT="49" CONTENT="certitudes;" WC="1.00" CC="10000000001"/>
						<SP ID="P28_SP00244" HPOS="1853" VPOS="1938" WIDTH="18"/>
						<String ID="P28_ST00271" HPOS="1871" VPOS="1888" WIDTH="69" HEIGHT="40" CONTENT="nul" WC="0.99" CC="001"/>
						<SP ID="P28_SP00245" HPOS="1940" VPOS="1938" WIDTH="19"/>
						<String ID="P28_ST00272" HPOS="1959" VPOS="1902" WIDTH="49" HEIGHT="25" CONTENT="ne" WC="0.80" CC="40"/>
						<SP ID="P28_SP00246" HPOS="2008" VPOS="1938" WIDTH="15"/>
						<String ID="P28_ST00273" HPOS="2023" VPOS="1900" WIDTH="149" HEIGHT="40" CONTENT="pourra" WC="0.99" CC="003500"/>
					</TextLine>
					<TextLine ID="P28_TL00023" HPOS="146" VPOS="1952" WIDTH="2025" HEIGHT="58">
						<String ID="P28_ST00274" HPOS="146" VPOS="1956" WIDTH="148" HEIGHT="54" CONTENT="jamais" WC="0.99" CC="000053"/>
						<SP ID="P28_SP00247" HPOS="294" VPOS="2010" WIDTH="22"/>
						<String ID="P28_ST00275" HPOS="316" VPOS="1955" WIDTH="178" HEIGHT="40" CONTENT="affirmer" WC="0.99" CC="07720000"/>
						<SP ID="P28_SP00248" HPOS="494" VPOS="2010" WIDTH="21"/>
						<String ID="P28_ST00276" HPOS="515" VPOS="1966" WIDTH="77" HEIGHT="39" CONTENT="que" WC="0.98" CC="050"/>
						<SP ID="P28_SP00249" HPOS="592" VPOS="2010" WIDTH="22"/>
						<String ID="P28_ST00277" HPOS="614" VPOS="1952" WIDTH="93" HEIGHT="39" CONTENT="telle" WC="0.99" CC="00050"/>
						<SP ID="P28_SP00250" HPOS="707" VPOS="2010" WIDTH="22"/>
						<String ID="P28_ST00278" HPOS="729" VPOS="1952" WIDTH="225" HEIGHT="41" CONTENT="correction" WC="0.99" CC="4000086422"/>
						<SP ID="P28_SP00251" HPOS="954" VPOS="2010" WIDTH="30"/>
						<String ID="P28_ST00279" HPOS="984" VPOS="1954" WIDTH="152" HEIGHT="49" CONTENT="hardie," WC="0.99" CC="5010104"/>
						<SP ID="P28_SP00252" HPOS="1136" VPOS="2010" WIDTH="32"/>
						<String ID="P28_ST00280" HPOS="1168" VPOS="1956" WIDTH="241" HEIGHT="42" CONTENT="lumineuse," WC="0.99" CC="2520700006"/>
						<SP ID="P28_SP00253" HPOS="1409" VPOS="2010" WIDTH="35"/>
						<String ID="P28_ST00281" HPOS="1444" VPOS="1956" WIDTH="235" HEIGHT="53" CONTENT="approuvée" WC="1.00" CC="000010000"/>
						<SP ID="P28_SP00254" HPOS="1679" VPOS="2010" WIDTH="31"/>
						<String ID="P28_ST00282" HPOS="1710" VPOS="1958" WIDTH="48" HEIGHT="38" CONTENT="de" WC="1.00" CC="00"/>
						<SP ID="P28_SP00255" HPOS="1758" VPOS="2010" WIDTH="32"/>
						<String ID="P28_ST00283" HPOS="1790" VPOS="1961" WIDTH="109" HEIGHT="43" CONTENT="tous," WC="0.99" CC="00024"/>
						<SP ID="P28_SP00256" HPOS="1899" VPOS="2010" WIDTH="27"/>
						<String ID="P28_ST00284" HPOS="1926" VPOS="1971" WIDTH="49" HEIGHT="25" CONTENT="ne" WC="0.88" CC="20"/>
						<SP ID="P28_SP00257" HPOS="1975" VPOS="2010" WIDTH="22"/>
						<String ID="P28_ST00285" HPOS="1997" VPOS="1957" WIDTH="81" HEIGHT="39" CONTENT="soit" WC="1.00" CC="0000"/>
						<SP ID="P28_SP00258" HPOS="2078" VPOS="2010" WIDTH="22"/>
						<String ID="P28_ST00286" HPOS="2100" VPOS="1970" WIDTH="71" HEIGHT="39" CONTENT="pas" WC="1.00" CC="000"/>
					</TextLine>
					<TextLine ID="P28_TL00024" HPOS="150" VPOS="2021" WIDTH="2021" HEIGHT="58">
						<String ID="P28_ST00287" HPOS="150" VPOS="2039" WIDTH="79" HEIGHT="27" CONTENT="une" WC="0.98" CC="400"/>
						<SP ID="P28_SP00259" HPOS="229" VPOS="2066" WIDTH="22"/>
						<String ID="P28_ST00288" HPOS="251" VPOS="2025" WIDTH="107" HEIGHT="39" CONTENT="faute" WC="1.00" CC="00000"/>
						<SP ID="P28_SP00260" HPOS="358" VPOS="2066" WIDTH="22"/>
						<String ID="P28_ST00289" HPOS="380" VPOS="2025" WIDTH="48" HEIGHT="38" CONTENT="de" WC="1.00" CC="00"/>
						<SP ID="P28_SP00261" HPOS="428" VPOS="2066" WIDTH="23"/>
						<String ID="P28_ST00290" HPOS="451" VPOS="2023" WIDTH="104" HEIGHT="51" CONTENT="plus," WC="0.99" CC="04300"/>
						<SP ID="P28_SP00262" HPOS="555" VPOS="2074" WIDTH="101"/>
						<String ID="P28_ST00291" HPOS="656" VPOS="2021" WIDTH="108" HEIGHT="40" CONTENT="faute" WC="1.00" CC="00400"/>
						<SP ID="P28_SP00263" HPOS="764" VPOS="2074" WIDTH="29"/>
						<String ID="P28_ST00292" HPOS="793" VPOS="2024" WIDTH="48" HEIGHT="37" CONTENT="de" WC="1.00" CC="00"/>
						<SP ID="P28_SP00264" HPOS="841" VPOS="2074" WIDTH="29"/>
						<String ID="P28_ST00293" HPOS="870" VPOS="2028" WIDTH="146" HEIGHT="35" CONTENT="savant" WC="0.99" CC="000060"/>
						<SP ID="P28_SP00265" HPOS="1016" VPOS="2074" WIDTH="21"/>
						<String ID="P28_ST00294" HPOS="1037" VPOS="2025" WIDTH="160" HEIGHT="52" CONTENT="ajoutée" WC="1.00" CC="0001000"/>
						<SP ID="P28_SP00266" HPOS="1197" VPOS="2077" WIDTH="28"/>
						<String ID="P28_ST00295" HPOS="1225" VPOS="2024" WIDTH="22" HEIGHT="41" CONTENT="à" WC="0.24" CC="7"/>
						<SP ID="P28_SP00267" HPOS="1247" VPOS="2077" WIDTH="30"/>
						<String ID="P28_ST00296" HPOS="1277" VPOS="2039" WIDTH="78" HEIGHT="25" CONTENT="une" WC="1.00" CC="000"/>
						<SP ID="P28_SP00268" HPOS="1355" VPOS="2077" WIDTH="28"/>
						<String ID="P28_ST00297" HPOS="1383" VPOS="2026" WIDTH="109" HEIGHT="38" CONTENT="faute" WC="1.00" CC="00100"/>
						<SP ID="P28_SP00269" HPOS="1492" VPOS="2077" WIDTH="28"/>
						<String ID="P28_ST00298" HPOS="1520" VPOS="2027" WIDTH="48" HEIGHT="37" CONTENT="de" WC="1.00" CC="00"/>
						<SP ID="P28_SP00270" HPOS="1568" VPOS="2077" WIDTH="30"/>
						<String ID="P28_ST00299" HPOS="1598" VPOS="2025" WIDTH="157" HEIGHT="52" CONTENT="copiste" WC="1.00" CC="4000000"/>
						<SP ID="P28_SP00271" HPOS="1755" VPOS="2077" WIDTH="30"/>
						<String ID="P28_ST00300" HPOS="1785" VPOS="2026" WIDTH="208" HEIGHT="53" CONTENT="ignorant." WC="1.00" CC="005030004"/>
						<SP ID="P28_SP00272" HPOS="1993" VPOS="2079" WIDTH="28"/>
						<String ID="P28_ST00301" HPOS="2021" VPOS="2025" WIDTH="101" HEIGHT="40" CONTENT="Mais" WC="1.00" CC="0000"/>
						<SP ID="P28_SP00273" HPOS="2122" VPOS="2079" WIDTH="23"/>
						<String ID="P28_ST00302" HPOS="2145" VPOS="2025" WIDTH="26" HEIGHT="39" CONTENT="il" WC="0.50" CC="54"/>
					</TextLine>
					<TextLine ID="P28_TL00025" HPOS="151" VPOS="2089" WIDTH="2017" HEIGHT="57">
						<String ID="P28_ST00303" HPOS="151" VPOS="2098" WIDTH="62" HEIGHT="35" CONTENT="est" WC="1.00" CC="000"/>
						<SP ID="P28_SP00274" HPOS="213" VPOS="2133" WIDTH="22"/>
						<String ID="P28_ST00304" HPOS="235" VPOS="2095" WIDTH="70" HEIGHT="38" CONTENT="des" WC="1.00" CC="000"/>
						<SP ID="P28_SP00275" HPOS="305" VPOS="2133" WIDTH="23"/>
						<String ID="P28_ST00305" HPOS="328" VPOS="2089" WIDTH="250" HEIGHT="54" CONTENT="conjectures" WC="1.00" CC="10000055600"/>
						<SP ID="P28_SP00276" HPOS="578" VPOS="2143" WIDTH="30"/>
						<String ID="P28_ST00306" HPOS="608" VPOS="2091" WIDTH="354" HEIGHT="48" CONTENT="vraisemblables;" WC="1.00" CC="030000033005001"/>
						<SP ID="P28_SP00277" HPOS="962" VPOS="2143" WIDTH="33"/>
						<String ID="P28_ST00307" HPOS="995" VPOS="2093" WIDTH="117" HEIGHT="39" CONTENT="celles" WC="0.99" CC="105600"/>
						<SP ID="P28_SP00278" HPOS="1112" VPOS="2143" WIDTH="29"/>
						<String ID="P28_ST00308" HPOS="1141" VPOS="2107" WIDTH="79" HEIGHT="39" CONTENT="que" WC="0.99" CC="030"/>
						<SP ID="P28_SP00279" HPOS="1220" VPOS="2146" WIDTH="29"/>
						<String ID="P28_ST00309" HPOS="1249" VPOS="2107" WIDTH="103" HEIGHT="26" CONTENT="nous" WC="0.99" CC="0011"/>
						<SP ID="P28_SP00280" HPOS="1352" VPOS="2146" WIDTH="31"/>
						<String ID="P28_ST00310" HPOS="1383" VPOS="2107" WIDTH="157" HEIGHT="27" CONTENT="venons" WC="1.00" CC="004000"/>
						<SP ID="P28_SP00281" HPOS="1540" VPOS="2146" WIDTH="29"/>
						<String ID="P28_ST00311" HPOS="1569" VPOS="2096" WIDTH="48" HEIGHT="37" CONTENT="de" WC="1.00" CC="00"/>
						<SP ID="P28_SP00282" HPOS="1617" VPOS="2146" WIDTH="32"/>
						<String ID="P28_ST00312" HPOS="1649" VPOS="2095" WIDTH="98" HEIGHT="39" CONTENT="citer" WC="0.99" CC="41004"/>
						<SP ID="P28_SP00283" HPOS="1747" VPOS="2146" WIDTH="21"/>
						<String ID="P28_ST00313" HPOS="1768" VPOS="2099" WIDTH="95" HEIGHT="35" CONTENT="sont" WC="1.00" CC="0000"/>
						<SP ID="P28_SP00284" HPOS="1863" VPOS="2146" WIDTH="22"/>
						<String ID="P28_ST00314" HPOS="1885" VPOS="2096" WIDTH="53" HEIGHT="38" CONTENT="du" WC="0.82" CC="03"/>
						<SP ID="P28_SP00285" HPOS="1938" VPOS="2146" WIDTH="25"/>
						<String ID="P28_ST00315" HPOS="1963" VPOS="2095" WIDTH="171" HEIGHT="39" CONTENT="nombre" WC="1.00" CC="020000"/>
						<SP ID="P28_SP00286" HPOS="2134" VPOS="2146" WIDTH="26"/>
						<String ID="P28_ST00316" HPOS="2160" VPOS="2107" WIDTH="8" HEIGHT="26" CONTENT=":" WC="0.75" CC="2"/>
					</TextLine>
					<TextLine ID="P28_TL00026" HPOS="150" VPOS="2159" WIDTH="2020" HEIGHT="58">
						<String ID="P28_ST00317" HPOS="150" VPOS="2164" WIDTH="94" HEIGHT="39" CONTENT="elles" WC="0.99" CC="01500"/>
						<SP ID="P28_SP00287" HPOS="244" VPOS="2203" WIDTH="22"/>
						<String ID="P28_ST00318" HPOS="266" VPOS="2163" WIDTH="185" HEIGHT="38" CONTENT="donnent" WC="1.00" CC="0000000"/>
						<SP ID="P28_SP00288" HPOS="451" VPOS="2203" WIDTH="22"/>
						<String ID="P28_ST00319" HPOS="473" VPOS="2172" WIDTH="54" HEIGHT="26" CONTENT="un" WC="1.00" CC="00"/>
						<SP ID="P28_SP00289" HPOS="527" VPOS="2203" WIDTH="25"/>
						<String ID="P28_ST00320" HPOS="552" VPOS="2172" WIDTH="92" HEIGHT="26" CONTENT="sens" WC="1.00" CC="0000"/>
						<SP ID="P28_SP00290" HPOS="644" VPOS="2203" WIDTH="22"/>
						<String ID="P28_ST00321" HPOS="666" VPOS="2172" WIDTH="110" HEIGHT="26" CONTENT="assez" WC="1.00" CC="03000"/>
						<SP ID="P28_SP00291" HPOS="776" VPOS="2203" WIDTH="23"/>
						<String ID="P28_ST00322" HPOS="799" VPOS="2159" WIDTH="111" HEIGHT="47" CONTENT="clair," WC="1.00" CC="020002"/>
						<SP ID="P28_SP00292" HPOS="910" VPOS="2206" WIDTH="33"/>
						<String ID="P28_ST00323" HPOS="943" VPOS="2162" WIDTH="35" HEIGHT="38" CONTENT="Se" WC="1.00" CC="00" STYLEREFS="TXT_8"/>
						<SP ID="P28_SP00293" HPOS="978" VPOS="2206" WIDTH="29"/>
						<String ID="P28_ST00324" HPOS="1007" VPOS="2175" WIDTH="49" HEIGHT="26" CONTENT="ne" WC="1.00" CC="00"/>
						<SP ID="P28_SP00294" HPOS="1056" VPOS="2206" WIDTH="22"/>
						<String ID="P28_ST00325" HPOS="1078" VPOS="2168" WIDTH="227" HEIGHT="47" CONTENT="supposent" WC="1.00" CC="000040008"/>
						<SP ID="P28_SP00295" HPOS="1305" VPOS="2215" WIDTH="22"/>
						<String ID="P28_ST00326" HPOS="1327" VPOS="2177" WIDTH="78" HEIGHT="38" CONTENT="que" WC="0.98" CC="050"/>
						<SP ID="P28_SP00296" HPOS="1405" VPOS="2215" WIDTH="22"/>
						<String ID="P28_ST00327" HPOS="1427" VPOS="2165" WIDTH="70" HEIGHT="38" CONTENT="des" WC="1.00" CC="000"/>
						<SP ID="P28_SP00297" HPOS="1497" VPOS="2215" WIDTH="22"/>
						<String ID="P28_ST00328" HPOS="1519" VPOS="2175" WIDTH="156" HEIGHT="27" CONTENT="erreurs" WC="1.00" CC="0000000"/>
						<SP ID="P28_SP00298" HPOS="1675" VPOS="2215" WIDTH="22"/>
						<String ID="P28_ST00329" HPOS="1697" VPOS="2163" WIDTH="215" HEIGHT="40" CONTENT="d'écriture" WC="1.00" CC="0405050000"/>
						<SP ID="P28_SP00299" HPOS="1912" VPOS="2215" WIDTH="22"/>
						<String ID="P28_ST00330" HPOS="1934" VPOS="2163" WIDTH="236" HEIGHT="54" CONTENT="(confusion" WC="0.99" CC="0406010006"/>
					</TextLine>
					<TextLine ID="P28_TL00027" HPOS="151" VPOS="2228" WIDTH="2020" HEIGHT="57">
						<String ID="P28_ST00331" HPOS="151" VPOS="2234" WIDTH="48" HEIGHT="37" CONTENT="de" WC="1.00" CC="00"/>
						<SP ID="P28_SP00300" HPOS="199" VPOS="2271" WIDTH="29"/>
						<String ID="P28_ST00332" HPOS="228" VPOS="2234" WIDTH="124" HEIGHT="42" CONTENT="mots," WC="0.98" CC="06103"/>
						<SP ID="P28_SP00301" HPOS="352" VPOS="2276" WIDTH="32"/>
						<String ID="P28_ST00333" HPOS="384" VPOS="2228" WIDTH="292" HEIGHT="40" CONTENT="interversions" WC="1.00" CC="1000000004200"/>
						<SP ID="P28_SP00302" HPOS="676" VPOS="2276" WIDTH="29"/>
						<String ID="P28_ST00334" HPOS="705" VPOS="2229" WIDTH="48" HEIGHT="38" CONTENT="de" WC="1.00" CC="00"/>
						<SP ID="P28_SP00303" HPOS="753" VPOS="2276" WIDTH="34"/>
						<String ID="P28_ST00335" HPOS="787" VPOS="2233" WIDTH="116" HEIGHT="34" CONTENT="notes" WC="1.00" CC="00000"/>
						<SP ID="P28_SP00304" HPOS="903" VPOS="2276" WIDTH="30"/>
						<String ID="P28_ST00336" HPOS="933" VPOS="2231" WIDTH="266" HEIGHT="54" CONTENT="marginales)" WC="1.00" CC="00000005007"/>
						<SP ID="P28_SP00305" HPOS="1199" VPOS="2285" WIDTH="28"/>
						<String ID="P28_ST00337" HPOS="1227" VPOS="2231" WIDTH="81" HEIGHT="40" CONTENT="très" WC="0.98" CC="0060"/>
						<SP ID="P28_SP00306" HPOS="1308" VPOS="2285" WIDTH="30"/>
						<String ID="P28_ST00338" HPOS="1338" VPOS="2233" WIDTH="233" HEIGHT="39" CONTENT="facilement" WC="1.00" CC="0030300000"/>
						<SP ID="P28_SP00307" HPOS="1571" VPOS="2285" WIDTH="28"/>
						<String ID="P28_ST00339" HPOS="1599" VPOS="2233" WIDTH="261" HEIGHT="52" CONTENT="explicables." WC="1.00" CC="000041603001"/>
						<SP ID="P28_SP00308" HPOS="1860" VPOS="2285" WIDTH="40"/>
						<String ID="P28_ST00340" HPOS="1900" VPOS="2233" WIDTH="26" HEIGHT="38" CONTENT="Il" WC="0.74" CC="31"/>
						<SP ID="P28_SP00309" HPOS="1926" VPOS="2285" WIDTH="29"/>
						<String ID="P28_ST00341" HPOS="1955" VPOS="2246" WIDTH="49" HEIGHT="25" CONTENT="en" WC="1.00" CC="00"/>
						<SP ID="P28_SP00310" HPOS="2004" VPOS="2285" WIDTH="29"/>
						<String ID="P28_ST00342" HPOS="2033" VPOS="2237" WIDTH="62" HEIGHT="35" CONTENT="est" WC="1.00" CC="000"/>
						<SP ID="P28_SP00311" HPOS="2095" VPOS="2285" WIDTH="27"/>
						<String ID="P28_ST00343" HPOS="2122" VPOS="2234" WIDTH="49" HEIGHT="38" CONTENT="de" WC="1.00" CC="00"/>
					</TextLine>
					<TextLine ID="P28_TL00028" HPOS="152" VPOS="2296" WIDTH="2020" HEIGHT="57">
						<String ID="P28_ST00344" HPOS="152" VPOS="2303" WIDTH="134" HEIGHT="37" CONTENT="même" WC="1.00" CC="0100"/>
						<SP ID="P28_SP00312" HPOS="286" VPOS="2340" WIDTH="22"/>
						<String ID="P28_ST00345" HPOS="308" VPOS="2313" WIDTH="48" HEIGHT="26" CONTENT="en" WC="1.00" CC="00"/>
						<SP ID="P28_SP00313" HPOS="356" VPOS="2340" WIDTH="23"/>
						<String ID="P28_ST00346" HPOS="379" VPOS="2299" WIDTH="91" HEIGHT="51" CONTENT="plus" WC="0.99" CC="0150"/>
						<SP ID="P28_SP00314" HPOS="470" VPOS="2350" WIDTH="21"/>
						<String ID="P28_ST00347" HPOS="491" VPOS="2296" WIDTH="97" HEIGHT="39" CONTENT="d'un" WC="0.98" CC="0404"/>
						<SP ID="P28_SP00315" HPOS="588" VPOS="2350" WIDTH="23"/>
						<String ID="P28_ST00348" HPOS="611" VPOS="2309" WIDTH="186" HEIGHT="40" CONTENT="passage," WC="1.00" CC="00000002"/>
						<SP ID="P28_SP00316" HPOS="797" VPOS="2350" WIDTH="26"/>
						<String ID="P28_ST00349" HPOS="823" VPOS="2299" WIDTH="35" HEIGHT="38" CONTENT="Se" WC="1.00" CC="00" STYLEREFS="TXT_8"/>
						<SP ID="P28_SP00317" HPOS="858" VPOS="2350" WIDTH="22"/>
						<String ID="P28_ST00350" HPOS="880" VPOS="2299" WIDTH="82" HEIGHT="38" CONTENT="l'on" WC="0.98" CC="4400"/>
						<SP ID="P28_SP00318" HPOS="962" VPOS="2350" WIDTH="23"/>
						<String ID="P28_ST00351" HPOS="985" VPOS="2304" WIDTH="99" HEIGHT="47" CONTENT="peut" WC="1.00" CC="0020"/>
						<SP ID="P28_SP00319" HPOS="1084" VPOS="2351" WIDTH="21"/>
						<String ID="P28_ST00352" HPOS="1105" VPOS="2301" WIDTH="84" HEIGHT="39" CONTENT="dire" WC="1.00" CC="0000"/>
						<SP ID="P28_SP00320" HPOS="1189" VPOS="2351" WIDTH="23"/>
						<String ID="P28_ST00353" HPOS="1212" VPOS="2314" WIDTH="77" HEIGHT="39" CONTENT="que" WC="1.00" CC="000"/>
						<SP ID="P28_SP00321" HPOS="1289" VPOS="2353" WIDTH="28"/>
						<String ID="P28_ST00354" HPOS="1317" VPOS="2301" WIDTH="35" HEIGHT="39" CONTENT="le" WC="0.59" CC="80"/>
						<SP ID="P28_SP00322" HPOS="1352" VPOS="2353" WIDTH="29"/>
						<String ID="P28_ST00355" HPOS="1381" VPOS="2306" WIDTH="110" HEIGHT="34" CONTENT="texte" WC="1.00" CC="00000"/>
						<SP ID="P28_SP00323" HPOS="1491" VPOS="2353" WIDTH="29"/>
						<String ID="P28_ST00356" HPOS="1520" VPOS="2301" WIDTH="223" HEIGHT="41" CONTENT="d'Aristote" WC="0.96" CC="0300000000"/>
						<SP ID="P28_SP00324" HPOS="1743" VPOS="2353" WIDTH="21"/>
						<String ID="P28_ST00357" HPOS="1764" VPOS="2306" WIDTH="86" HEIGHT="34" CONTENT="sort" WC="1.00" CC="0000"/>
						<SP ID="P28_SP00325" HPOS="1850" VPOS="2353" WIDTH="23"/>
						<String ID="P28_ST00358" HPOS="1873" VPOS="2301" WIDTH="276" HEIGHT="41" CONTENT="considérable" SUBS_TYPE="HypPart1" SUBS_CONTENT="considérablement" WC="1.00" CC="003000300000"/>
						<HYP HPOS="2149" VPOS="2301" WIDTH="23" CONTENT="-"/>
					</TextLine>
					<TextLine ID="P28_TL00029" HPOS="152" VPOS="2366" WIDTH="1440" HEIGHT="56">
						<String ID="P28_ST00359" HPOS="152" VPOS="2373" WIDTH="113" HEIGHT="37" CONTENT="ment" SUBS_TYPE="HypPart2" SUBS_CONTENT="considérablement" WC="1.00" CC="0000"/>
						<SP ID="P28_SP00326" HPOS="265" VPOS="2410" WIDTH="20"/>
						<String ID="P28_ST00360" HPOS="285" VPOS="2366" WIDTH="191" HEIGHT="42" CONTENT="amélioré" WC="1.00" CC="00124000"/>
						<SP ID="P28_SP00327" HPOS="476" VPOS="2410" WIDTH="22"/>
						<String ID="P28_ST00361" HPOS="498" VPOS="2366" WIDTH="69" HEIGHT="38" CONTENT="des" WC="1.00" CC="000"/>
						<SP ID="P28_SP00328" HPOS="567" VPOS="2410" WIDTH="23"/>
						<String ID="P28_ST00362" HPOS="590" VPOS="2366" WIDTH="132" HEIGHT="38" CONTENT="mains" WC="0.99" CC="00303"/>
						<SP ID="P28_SP00329" HPOS="722" VPOS="2410" WIDTH="32"/>
						<String ID="P28_ST00363" HPOS="754" VPOS="2366" WIDTH="154" HEIGHT="40" CONTENT="habiles" WC="1.00" CC="0004300"/>
						<SP ID="P28_SP00330" HPOS="908" VPOS="2410" WIDTH="22"/>
						<String ID="P28_ST00364" HPOS="930" VPOS="2369" WIDTH="48" HEIGHT="37" CONTENT="de" WC="1.00" CC="00"/>
						<SP ID="P28_SP00331" HPOS="978" VPOS="2410" WIDTH="23"/>
						<String ID="P28_ST00365" HPOS="1001" VPOS="2369" WIDTH="99" HEIGHT="38" CONTENT="MM." WC="0.99" CC="003"/>
						<SP ID="P28_SP00332" HPOS="1100" VPOS="2410" WIDTH="26"/>
						<String ID="P28_ST00366" HPOS="1126" VPOS="2370" WIDTH="175" HEIGHT="39" CONTENT="Gevaert" WC="1.00" CC="0000000"/>
						<SP ID="P28_SP00333" HPOS="1301" VPOS="2410" WIDTH="22"/>
						<String ID="P28_ST00367" HPOS="1323" VPOS="2371" WIDTH="34" HEIGHT="38" CONTENT="Se" WC="1.00" CC="00" STYLEREFS="TXT_8"/>
						<SP ID="P28_SP00334" HPOS="1357" VPOS="2410" WIDTH="22"/>
						<String ID="P28_ST00368" HPOS="1379" VPOS="2370" WIDTH="213" HEIGHT="52" CONTENT="Vollgraff." WC="0.85" CC="0011000704"/>
					</TextLine>
					<TextLine ID="P28_TL00030" HPOS="263" VPOS="2434" WIDTH="1906" HEIGHT="57">
						<String ID="P28_ST00369" HPOS="263" VPOS="2439" WIDTH="54" HEIGHT="39" CONTENT="Ce" WC="0.97" CC="00"/>
						<SP ID="P28_SP00335" HPOS="317" VPOS="2478" WIDTH="22"/>
						<String ID="P28_ST00370" HPOS="339" VPOS="2434" WIDTH="292" HEIGHT="42" CONTENT="commentaire" WC="1.00" CC="40000000400"/>
						<SP ID="P28_SP00336" HPOS="631" VPOS="2478" WIDTH="22"/>
						<String ID="P28_ST00371" HPOS="653" VPOS="2438" WIDTH="61" HEIGHT="35" CONTENT="est" WC="1.00" CC="000"/>
						<SP ID="P28_SP00337" HPOS="714" VPOS="2478" WIDTH="23"/>
						<String ID="P28_ST00372" HPOS="737" VPOS="2448" WIDTH="53" HEIGHT="25" CONTENT="un" WC="1.00" CC="00"/>
						<SP ID="P28_SP00338" HPOS="790" VPOS="2478" WIDTH="24"/>
						<String ID="P28_ST00373" HPOS="814" VPOS="2443" WIDTH="247" HEIGHT="34" CONTENT="monument" WC="1.00" CC="00000000"/>
						<SP ID="P28_SP00339" HPOS="1061" VPOS="2478" WIDTH="28"/>
						<String ID="P28_ST00374" HPOS="1089" VPOS="2440" WIDTH="48" HEIGHT="37" CONTENT="de" WC="1.00" CC="00"/>
						<SP ID="P28_SP00340" HPOS="1137" VPOS="2478" WIDTH="28"/>
						<String ID="P28_ST00375" HPOS="1165" VPOS="2439" WIDTH="173" HEIGHT="47" CONTENT="science," WC="0.99" CC="01400024"/>
						<SP ID="P28_SP00341" HPOS="1338" VPOS="2486" WIDTH="33"/>
						<String ID="P28_ST00376" HPOS="1371" VPOS="2441" WIDTH="48" HEIGHT="37" CONTENT="de" WC="1.00" CC="00"/>
						<SP ID="P28_SP00342" HPOS="1419" VPOS="2486" WIDTH="29"/>
						<String ID="P28_ST00377" HPOS="1448" VPOS="2439" WIDTH="272" HEIGHT="52" CONTENT="pénétration," WC="1.00" CC="000000004104"/>
						<SP ID="P28_SP00343" HPOS="1720" VPOS="2491" WIDTH="27"/>
						<String ID="P28_ST00378" HPOS="1747" VPOS="2440" WIDTH="48" HEIGHT="37" CONTENT="de" WC="1.00" CC="00"/>
						<SP ID="P28_SP00344" HPOS="1795" VPOS="2491" WIDTH="22"/>
						<String ID="P28_ST00379" HPOS="1817" VPOS="2438" WIDTH="250" HEIGHT="40" CONTENT="divination." WC="1.00" CC="00010005004"/>
						<SP ID="P28_SP00345" HPOS="2067" VPOS="2491" WIDTH="28"/>
						<String ID="P28_ST00380" HPOS="2095" VPOS="2439" WIDTH="74" HEIGHT="38" CONTENT="Les" WC="1.00" CC="000"/>
					</TextLine>
					<TextLine ID="P28_TL00031" HPOS="152" VPOS="2504" WIDTH="2018" HEIGHT="56">
						<String ID="P28_ST00381" HPOS="152" VPOS="2506" WIDTH="208" HEIGHT="42" CONTENT="Problèmes" WC="0.99" CC="400769000" STYLEREFS="TXT_7"/>
						<SP ID="P28_SP00346" HPOS="360" VPOS="2548" WIDTH="22"/>
						<String ID="P28_ST00382" HPOS="382" VPOS="2504" WIDTH="222" HEIGHT="39" CONTENT="d'Aristote" WC="0.96" CC="0300000000"/>
						<SP ID="P28_SP00347" HPOS="604" VPOS="2548" WIDTH="21"/>
						<String ID="P28_ST00383" HPOS="625" VPOS="2504" WIDTH="215" HEIGHT="46" CONTENT="touchant," WC="1.00" CC="002240004"/>
						<SP ID="P28_SP00348" HPOS="840" VPOS="2550" WIDTH="26"/>
						<String ID="P28_ST00384" HPOS="866" VPOS="2506" WIDTH="101" HEIGHT="39" CONTENT="dans" WC="1.00" CC="0000"/>
						<SP ID="P28_SP00349" HPOS="967" VPOS="2550" WIDTH="23"/>
						<String ID="P28_ST00385" HPOS="990" VPOS="2506" WIDTH="84" HEIGHT="39" CONTENT="leur" WC="0.99" CC="6000"/>
						<SP ID="P28_SP00350" HPOS="1074" VPOS="2550" WIDTH="22"/>
						<String ID="P28_ST00386" HPOS="1096" VPOS="2507" WIDTH="195" HEIGHT="47" CONTENT="brièveté," WC="1.00" CC="000800004"/>
						<SP ID="P28_SP00351" HPOS="1291" VPOS="2554" WIDTH="31"/>
						<String ID="P28_ST00387" HPOS="1322" VPOS="2507" WIDTH="22" HEIGHT="40" CONTENT="à" WC="0.42" CC="5"/>
						<SP ID="P28_SP00352" HPOS="1344" VPOS="2554" WIDTH="28"/>
						<String ID="P28_ST00388" HPOS="1372" VPOS="2513" WIDTH="136" HEIGHT="34" CONTENT="toutes" WC="1.00" CC="000003"/>
						<SP ID="P28_SP00353" HPOS="1508" VPOS="2554" WIDTH="29"/>
						<String ID="P28_ST00389" HPOS="1537" VPOS="2509" WIDTH="57" HEIGHT="38" CONTENT="les" WC="0.98" CC="600"/>
						<SP ID="P28_SP00354" HPOS="1594" VPOS="2554" WIDTH="28"/>
						<String ID="P28_ST00390" HPOS="1622" VPOS="2507" WIDTH="149" HEIGHT="53" CONTENT="parties" WC="1.00" CC="0000500"/>
						<SP ID="P28_SP00355" HPOS="1771" VPOS="2560" WIDTH="29"/>
						<String ID="P28_ST00391" HPOS="1800" VPOS="2509" WIDTH="50" HEIGHT="37" CONTENT="de" WC="1.00" CC="00"/>
						<SP ID="P28_SP00356" HPOS="1850" VPOS="2560" WIDTH="27"/>
						<String ID="P28_ST00392" HPOS="1877" VPOS="2507" WIDTH="91" HEIGHT="39" CONTENT="l'art" WC="0.98" CC="42700"/>
						<SP ID="P28_SP00357" HPOS="1968" VPOS="2560" WIDTH="29"/>
						<String ID="P28_ST00393" HPOS="1997" VPOS="2507" WIDTH="173" HEIGHT="40" CONTENT="musical" WC="0.99" CC="0604603"/>
					</TextLine>
					<TextLine ID="P28_TL00032" HPOS="151" VPOS="2572" WIDTH="2018" HEIGHT="55">
						<String ID="P28_ST00394" HPOS="151" VPOS="2577" WIDTH="213" HEIGHT="49" CONTENT="théorique" WC="1.00" CC="054003000"/>
						<SP ID="P28_SP00358" HPOS="364" VPOS="2626" WIDTH="21"/>
						<String ID="P28_ST00395" HPOS="385" VPOS="2575" WIDTH="34" HEIGHT="38" CONTENT="Se" WC="1.00" CC="00" STYLEREFS="TXT_8"/>
						<SP ID="P28_SP00359" HPOS="419" VPOS="2626" WIDTH="23"/>
						<String ID="P28_ST00396" HPOS="442" VPOS="2572" WIDTH="199" HEIGHT="52" CONTENT="pratique," WC="1.00" CC="000000004"/>
						<SP ID="P28_SP00360" HPOS="641" VPOS="2626" WIDTH="27"/>
						<String ID="P28_ST00397" HPOS="668" VPOS="2573" WIDTH="53" HEIGHT="38" CONTENT="M." WC="0.98" CC="00"/>
						<SP ID="P28_SP00361" HPOS="721" VPOS="2626" WIDTH="27"/>
						<String ID="P28_ST00398" HPOS="748" VPOS="2573" WIDTH="176" HEIGHT="39" CONTENT="Gevaert" WC="1.00" CC="0000000"/>
						<SP ID="P28_SP00362" HPOS="924" VPOS="2626" WIDTH="21"/>
						<String ID="P28_ST00399" HPOS="945" VPOS="2587" WIDTH="22" HEIGHT="27" CONTENT="a" WC="1.00" CC="0"/>
						<SP ID="P28_SP00363" HPOS="967" VPOS="2626" WIDTH="21"/>
						<String ID="P28_ST00400" HPOS="988" VPOS="2589" WIDTH="53" HEIGHT="38" CONTENT="pu" WC="1.00" CC="00"/>
						<SP ID="P28_SP00364" HPOS="1041" VPOS="2627" WIDTH="24"/>
						<String ID="P28_ST00401" HPOS="1065" VPOS="2576" WIDTH="96" HEIGHT="39" CONTENT="faire" WC="1.00" CC="20000"/>
						<SP ID="P28_SP00365" HPOS="1161" VPOS="2627" WIDTH="22"/>
						<String ID="P28_ST00402" HPOS="1183" VPOS="2579" WIDTH="48" HEIGHT="36" CONTENT="de" WC="0.97" CC="00"/>
						<SP ID="P28_SP00366" HPOS="1231" VPOS="2627" WIDTH="24"/>
						<String ID="P28_ST00403" HPOS="1255" VPOS="2577" WIDTH="158" HEIGHT="40" CONTENT="chacun" WC="0.98" CC="500546"/>
						<SP ID="P28_SP00367" HPOS="1413" VPOS="2627" WIDTH="22"/>
						<String ID="P28_ST00404" HPOS="1435" VPOS="2578" WIDTH="120" HEIGHT="39" CONTENT="d'eux" WC="1.00" CC="00000"/>
						<SP ID="P28_SP00368" HPOS="1555" VPOS="2627" WIDTH="21"/>
						<String ID="P28_ST00405" HPOS="1576" VPOS="2577" WIDTH="35" HEIGHT="38" CONTENT="le" WC="0.98" CC="00"/>
						<SP ID="P28_SP00369" HPOS="1611" VPOS="2627" WIDTH="23"/>
						<String ID="P28_ST00406" HPOS="1634" VPOS="2580" WIDTH="135" HEIGHT="36" CONTENT="centre" WC="0.99" CC="200300"/>
						<SP ID="P28_SP00370" HPOS="1769" VPOS="2627" WIDTH="23"/>
						<String ID="P28_ST00407" HPOS="1792" VPOS="2576" WIDTH="97" HEIGHT="39" CONTENT="d'un" WC="0.98" CC="0424"/>
						<SP ID="P28_SP00371" HPOS="1889" VPOS="2627" WIDTH="24"/>
						<String ID="P28_ST00408" HPOS="1913" VPOS="2576" WIDTH="182" HEIGHT="51" CONTENT="chapitre" WC="1.00" CC="30000000"/>
						<SP ID="P28_SP00372" HPOS="2095" VPOS="2627" WIDTH="21"/>
						<String ID="P28_ST00409" HPOS="2116" VPOS="2575" WIDTH="53" HEIGHT="40" CONTENT="où" WC="0.50" CC="28"/>
					</TextLine>
					<TextLine ID="P28_TL00033" HPOS="152" VPOS="2641" WIDTH="2018" HEIGHT="58">
						<String ID="P28_ST00410" HPOS="152" VPOS="2650" WIDTH="61" HEIGHT="36" CONTENT="est" WC="1.00" CC="000"/>
						<SP ID="P28_SP00373" HPOS="213" VPOS="2686" WIDTH="22"/>
						<String ID="P28_ST00411" HPOS="235" VPOS="2644" WIDTH="149" HEIGHT="52" CONTENT="reprise" WC="1.00" CC="0400400"/>
						<SP ID="P28_SP00374" HPOS="384" VPOS="2696" WIDTH="22"/>
						<String ID="P28_ST00412" HPOS="406" VPOS="2654" WIDTH="77" HEIGHT="26" CONTENT="une" WC="1.00" CC="000"/>
						<SP ID="P28_SP00375" HPOS="483" VPOS="2696" WIDTH="22"/>
						<String ID="P28_ST00413" HPOS="505" VPOS="2642" WIDTH="69" HEIGHT="37" CONTENT="des" WC="1.00" CC="000"/>
						<SP ID="P28_SP00376" HPOS="574" VPOS="2696" WIDTH="23"/>
						<String ID="P28_ST00414" HPOS="597" VPOS="2641" WIDTH="211" HEIGHT="51" CONTENT="questions" WC="1.00" CC="007000000"/>
						<SP ID="P28_SP00377" HPOS="808" VPOS="2696" WIDTH="22"/>
						<String ID="P28_ST00415" HPOS="830" VPOS="2642" WIDTH="90" HEIGHT="53" CONTENT="déjà" WC="0.99" CC="0005"/>
						<SP ID="P28_SP00378" HPOS="920" VPOS="2696" WIDTH="21"/>
						<String ID="P28_ST00416" HPOS="941" VPOS="2645" WIDTH="209" HEIGHT="51" CONTENT="explorées" WC="1.00" CC="000300000"/>
						<SP ID="P28_SP00379" HPOS="1150" VPOS="2696" WIDTH="23"/>
						<String ID="P28_ST00417" HPOS="1173" VPOS="2647" WIDTH="101" HEIGHT="38" CONTENT="dans" WC="1.00" CC="0000"/>
						<SP ID="P28_SP00380" HPOS="1274" VPOS="2696" WIDTH="22"/>
						<String ID="P28_ST00418" HPOS="1296" VPOS="2659" WIDTH="62" HEIGHT="26" CONTENT="ses" WC="1.00" CC="000"/>
						<SP ID="P28_SP00381" HPOS="1358" VPOS="2696" WIDTH="22"/>
						<String ID="P28_ST00419" HPOS="1380" VPOS="2659" WIDTH="205" HEIGHT="40" CONTENT="ouvrages" WC="1.00" CC="05000000"/>
						<SP ID="P28_SP00382" HPOS="1585" VPOS="2699" WIDTH="22"/>
						<String ID="P28_ST00420" HPOS="1607" VPOS="2645" WIDTH="243" HEIGHT="47" CONTENT="antérieurs;" WC="1.00" CC="00000000004"/>
						<SP ID="P28_SP00383" HPOS="1850" VPOS="2699" WIDTH="27"/>
						<String ID="P28_ST00421" HPOS="1877" VPOS="2645" WIDTH="34" HEIGHT="38" CONTENT="Se" WC="1.00" CC="00" STYLEREFS="TXT_8"/>
						<SP ID="P28_SP00384" HPOS="1911" VPOS="2699" WIDTH="22"/>
						<String ID="P28_ST00422" HPOS="1933" VPOS="2650" WIDTH="178" HEIGHT="35" CONTENT="souvent" WC="0.99" CC="0060040"/>
						<SP ID="P28_SP00385" HPOS="2111" VPOS="2699" WIDTH="22"/>
						<String ID="P28_ST00423" HPOS="2133" VPOS="2645" WIDTH="37" HEIGHT="38" CONTENT="la" WC="0.74" CC="50"/>
					</TextLine>
					<TextLine ID="P28_TL00034" HPOS="153" VPOS="2709" WIDTH="2017" HEIGHT="58">
						<String ID="P28_ST00424" HPOS="153" VPOS="2714" WIDTH="179" HEIGHT="40" CONTENT="solution" WC="1.00" CC="00000600"/>
						<SP ID="P28_SP00386" HPOS="332" VPOS="2754" WIDTH="22"/>
						<String ID="P28_ST00425" HPOS="354" VPOS="2709" WIDTH="198" HEIGHT="54" CONTENT="proposée" WC="1.00" CC="02000000"/>
						<SP ID="P28_SP00387" HPOS="552" VPOS="2763" WIDTH="23"/>
						<String ID="P28_ST00426" HPOS="575" VPOS="2713" WIDTH="60" HEIGHT="34" CONTENT="est" WC="1.00" CC="000"/>
						<SP ID="P28_SP00388" HPOS="635" VPOS="2763" WIDTH="23"/>
						<String ID="P28_ST00427" HPOS="658" VPOS="2711" WIDTH="203" HEIGHT="39" CONTENT="nouvelle." WC="1.00" CC="000003703"/>
						<SP ID="P28_SP00389" HPOS="861" VPOS="2763" WIDTH="27"/>
						<String ID="P28_ST00428" HPOS="888" VPOS="2712" WIDTH="109" HEIGHT="39" CONTENT="C'est" WC="0.99" CC="10050"/>
						<SP ID="P28_SP00390" HPOS="997" VPOS="2763" WIDTH="21"/>
						<String ID="P28_ST00429" HPOS="1018" VPOS="2714" WIDTH="103" HEIGHT="39" CONTENT="ainsi" WC="0.98" CC="00704"/>
						<SP ID="P28_SP00391" HPOS="1121" VPOS="2763" WIDTH="29"/>
						<String ID="P28_ST00430" HPOS="1150" VPOS="2728" WIDTH="77" HEIGHT="38" CONTENT="que" WC="0.98" CC="050"/>
						<SP ID="P28_SP00392" HPOS="1227" VPOS="2766" WIDTH="23"/>
						<String ID="P28_ST00431" HPOS="1250" VPOS="2716" WIDTH="55" HEIGHT="38" CONTENT="M." WC="0.78" CC="04"/>
						<SP ID="P28_SP00393" HPOS="1305" VPOS="2766" WIDTH="25"/>
						<String ID="P28_ST00432" HPOS="1330" VPOS="2716" WIDTH="48" HEIGHT="38" CONTENT="G." WC="0.81" CC="03"/>
						<SP ID="P28_SP00394" HPOS="1378" VPOS="2766" WIDTH="33"/>
						<String ID="P28_ST00433" HPOS="1411" VPOS="2715" WIDTH="127" HEIGHT="39" CONTENT="classe" WC="0.99" CC="540300"/>
						<SP ID="P28_SP00395" HPOS="1538" VPOS="2766" WIDTH="29"/>
						<String ID="P28_ST00434" HPOS="1567" VPOS="2714" WIDTH="258" HEIGHT="53" CONTENT="aujourd'hui" WC="1.00" CC="00016000050"/>
						<SP ID="P28_SP00396" HPOS="1825" VPOS="2767" WIDTH="23"/>
						<String ID="P28_ST00435" HPOS="1848" VPOS="2714" WIDTH="134" HEIGHT="39" CONTENT="Yaulos" WC="0.73" CC="808000" STYLEREFS="TXT_7"/>
						<SP ID="P28_SP00397" HPOS="1982" VPOS="2767" WIDTH="21"/>
						<String ID="P28_ST00436" HPOS="2003" VPOS="2714" WIDTH="167" HEIGHT="51" CONTENT="antique" WC="1.00" CC="0100000"/>
					</TextLine>
					<TextLine ID="P28_TL00035" HPOS="153" VPOS="2778" WIDTH="2018" HEIGHT="56">
						<String ID="P28_ST00437" HPOS="153" VPOS="2786" WIDTH="100" HEIGHT="37" CONTENT="dans" WC="0.99" CC="0060"/>
						<SP ID="P28_SP00398" HPOS="253" VPOS="2823" WIDTH="22"/>
						<String ID="P28_ST00438" HPOS="275" VPOS="2782" WIDTH="33" HEIGHT="39" CONTENT="la" WC="0.78" CC="40"/>
						<SP ID="P28_SP00399" HPOS="308" VPOS="2823" WIDTH="24"/>
						<String ID="P28_ST00439" HPOS="332" VPOS="2779" WIDTH="150" HEIGHT="40" CONTENT="famille" WC="0.99" CC="0005650"/>
						<SP ID="P28_SP00400" HPOS="482" VPOS="2823" WIDTH="22"/>
						<String ID="P28_ST00440" HPOS="504" VPOS="2779" WIDTH="69" HEIGHT="38" CONTENT="des" WC="1.00" CC="000"/>
						<SP ID="P28_SP00401" HPOS="573" VPOS="2823" WIDTH="23"/>
						<String ID="P28_ST00441" HPOS="596" VPOS="2778" WIDTH="192" HEIGHT="39" CONTENT="hautbois" WC="0.99" CC="00240040"/>
						<SP ID="P28_SP00402" HPOS="788" VPOS="2823" WIDTH="30"/>
						<String ID="P28_ST00442" HPOS="818" VPOS="2781" WIDTH="34" HEIGHT="38" CONTENT="Se" WC="0.52" CC="90" STYLEREFS="TXT_8"/>
						<SP ID="P28_SP00403" HPOS="852" VPOS="2823" WIDTH="30"/>
						<String ID="P28_ST00443" HPOS="882" VPOS="2794" WIDTH="81" HEIGHT="26" CONTENT="non" WC="0.98" CC="203"/>
						<SP ID="P28_SP00404" HPOS="963" VPOS="2823" WIDTH="30"/>
						<String ID="P28_ST00444" HPOS="993" VPOS="2782" WIDTH="91" HEIGHT="51" CONTENT="plus" WC="0.97" CC="0650"/>
						<SP ID="P28_SP00405" HPOS="1084" VPOS="2833" WIDTH="28"/>
						<String ID="P28_ST00445" HPOS="1112" VPOS="2785" WIDTH="101" HEIGHT="37" CONTENT="dans" WC="1.00" CC="0020"/>
						<SP ID="P28_SP00406" HPOS="1213" VPOS="2833" WIDTH="29"/>
						<String ID="P28_ST00446" HPOS="1242" VPOS="2784" WIDTH="97" HEIGHT="40" CONTENT="celle" WC="0.99" CC="00050"/>
						<SP ID="P28_SP00407" HPOS="1339" VPOS="2833" WIDTH="29"/>
						<String ID="P28_ST00447" HPOS="1368" VPOS="2786" WIDTH="69" HEIGHT="37" CONTENT="des" WC="0.99" CC="003"/>
						<SP ID="P28_SP00408" HPOS="1437" VPOS="2833" WIDTH="30"/>
						<String ID="P28_ST00448" HPOS="1467" VPOS="2784" WIDTH="254" HEIGHT="47" CONTENT="clarinettes;" WC="1.00" CC="330030000004"/>
						<SP ID="P28_SP00409" HPOS="1721" VPOS="2833" WIDTH="107"/>
						<String ID="P28_ST00449" HPOS="1828" VPOS="2796" WIDTH="53" HEIGHT="26" CONTENT="on" WC="0.98" CC="00"/>
						<SP ID="P28_SP00410" HPOS="1881" VPOS="2833" WIDTH="31"/>
						<String ID="P28_ST00450" HPOS="1912" VPOS="2794" WIDTH="259" HEIGHT="40" CONTENT="remarquera" WC="1.00" CC="0000000100"/>
					</TextLine>
					<TextLine ID="P28_TL00036" HPOS="151" VPOS="2847" WIDTH="2019" HEIGHT="58">
						<String ID="P28_ST00451" HPOS="151" VPOS="2866" WIDTH="49" HEIGHT="26" CONTENT="en" WC="0.67" CC="06"/>
						<SP ID="P28_SP00411" HPOS="200" VPOS="2892" WIDTH="28"/>
						<String ID="P28_ST00452" HPOS="228" VPOS="2853" WIDTH="167" HEIGHT="50" CONTENT="passant" WC="1.00" CC="0000000"/>
						<SP ID="P28_SP00412" HPOS="395" VPOS="2903" WIDTH="28"/>
						<String ID="P28_ST00453" HPOS="423" VPOS="2847" WIDTH="127" HEIGHT="52" CONTENT="qu'un" WC="0.99" CC="04320"/>
						<SP ID="P28_SP00413" HPOS="550" VPOS="2903" WIDTH="32"/>
						<String ID="P28_ST00454" HPOS="582" VPOS="2847" WIDTH="118" HEIGHT="50" CONTENT="point" WC="1.00" CC="00000"/>
						<SP ID="P28_SP00414" HPOS="700" VPOS="2903" WIDTH="26"/>
						<String ID="P28_ST00455" HPOS="726" VPOS="2860" WIDTH="51" HEIGHT="26" CONTENT="au" WC="0.69" CC="06"/>
						<SP ID="P28_SP00415" HPOS="777" VPOS="2903" WIDTH="29"/>
						<String ID="P28_ST00456" HPOS="806" VPOS="2848" WIDTH="138" HEIGHT="40" CONTENT="moins" WC="0.98" CC="04060"/>
						<SP ID="P28_SP00416" HPOS="944" VPOS="2903" WIDTH="39"/>
						<String ID="P28_ST00457" HPOS="983" VPOS="2864" WIDTH="49" HEIGHT="26" CONTENT="ne" WC="1.00" CC="00"/>
						<SP ID="P28_SP00417" HPOS="1032" VPOS="2903" WIDTH="29"/>
						<String ID="P28_ST00458" HPOS="1061" VPOS="2852" WIDTH="71" HEIGHT="40" CONTENT="fait" WC="0.99" CC="4000"/>
						<SP ID="P28_SP00418" HPOS="1132" VPOS="2903" WIDTH="29"/>
						<String ID="P28_ST00459" HPOS="1161" VPOS="2854" WIDTH="49" HEIGHT="38" CONTENT="de" WC="1.00" CC="00"/>
						<SP ID="P28_SP00419" HPOS="1210" VPOS="2903" WIDTH="34"/>
						<String ID="P28_ST00460" HPOS="1244" VPOS="2854" WIDTH="125" HEIGHT="38" CONTENT="doute" WC="0.99" CC="00400"/>
						<SP ID="P28_SP00420" HPOS="1369" VPOS="2903" WIDTH="32"/>
						<String ID="P28_ST00461" HPOS="1401" VPOS="2866" WIDTH="104" HEIGHT="39" CONTENT="pour" WC="0.99" CC="0006"/>
						<SP ID="P28_SP00421" HPOS="1505" VPOS="2905" WIDTH="28"/>
						<String ID="P28_ST00462" HPOS="1533" VPOS="2866" WIDTH="204" HEIGHT="38" CONTENT="personne" WC="0.99" CC="00600710"/>
						<SP ID="P28_SP00422" HPOS="1737" VPOS="2905" WIDTH="33"/>
						<String ID="P28_ST00463" HPOS="1770" VPOS="2864" WIDTH="6" HEIGHT="27" CONTENT=":" WC="0.38" CC="6"/>
						<SP ID="P28_SP00423" HPOS="1776" VPOS="2905" WIDTH="40"/>
						<String ID="P28_ST00464" HPOS="1816" VPOS="2852" WIDTH="100" HEIGHT="39" CONTENT="c'est" WC="0.99" CC="43000"/>
						<SP ID="P28_SP00424" HPOS="1916" VPOS="2905" WIDTH="36"/>
						<String ID="P28_ST00465" HPOS="1952" VPOS="2865" WIDTH="77" HEIGHT="38" CONTENT="que" WC="0.97" CC="060"/>
						<SP ID="P28_SP00425" HPOS="2029" VPOS="2905" WIDTH="35"/>
						<String ID="P28_ST00466" HPOS="2064" VPOS="2855" WIDTH="106" HEIGHT="35" CONTENT="cette" WC="0.99" CC="40000"/>
					</TextLine>
					<TextLine ID="P28_TL00037" HPOS="152" VPOS="2916" WIDTH="2020" HEIGHT="58">
						<String ID="P28_ST00467" HPOS="152" VPOS="2935" WIDTH="24" HEIGHT="25" CONTENT="«" WC="0.29" CC="7"/>
						<SP ID="P28_SP00426" HPOS="176" VPOS="2960" WIDTH="23"/>
						<String ID="P28_ST00468" HPOS="199" VPOS="2921" WIDTH="96" HEIGHT="39" CONTENT="flûte" WC="0.98" CC="76100"/>
						<SP ID="P28_SP00427" HPOS="295" VPOS="2960" WIDTH="22"/>
						<String ID="P28_ST00469" HPOS="317" VPOS="2932" WIDTH="23" HEIGHT="26" CONTENT="»" WC="1.00" CC="0"/>
						<SP ID="P28_SP00428" HPOS="340" VPOS="2960" WIDTH="23"/>
						<String ID="P28_ST00470" HPOS="363" VPOS="2916" WIDTH="141" HEIGHT="40" CONTENT="n'était" WC="1.00" CC="0430000"/>
						<SP ID="P28_SP00429" HPOS="504" VPOS="2960" WIDTH="21"/>
						<String ID="P28_ST00471" HPOS="525" VPOS="2928" WIDTH="71" HEIGHT="39" CONTENT="pas" WC="1.00" CC="000"/>
						<SP ID="P28_SP00430" HPOS="596" VPOS="2967" WIDTH="24"/>
						<String ID="P28_ST00472" HPOS="620" VPOS="2928" WIDTH="77" HEIGHT="25" CONTENT="une" WC="0.98" CC="400"/>
						<SP ID="P28_SP00431" HPOS="697" VPOS="2967" WIDTH="22"/>
						<String ID="P28_ST00473" HPOS="719" VPOS="2916" WIDTH="110" HEIGHT="39" CONTENT="flûte." WC="0.98" CC="076030"/>
						<SP ID="P28_SP00432" HPOS="829" VPOS="2967" WIDTH="24"/>
						<String ID="P28_ST00474" HPOS="853" VPOS="2918" WIDTH="108" HEIGHT="40" CONTENT="C'est" WC="0.99" CC="24000"/>
						<SP ID="P28_SP00433" HPOS="961" VPOS="2967" WIDTH="20"/>
						<String ID="P28_ST00475" HPOS="981" VPOS="2921" WIDTH="101" HEIGHT="39" CONTENT="ainsi" WC="1.00" CC="00000"/>
						<SP ID="P28_SP00434" HPOS="1082" VPOS="2967" WIDTH="24"/>
						<String ID="P28_ST00476" HPOS="1106" VPOS="2935" WIDTH="146" HEIGHT="26" CONTENT="encore" WC="1.00" CC="004000"/>
						<SP ID="P28_SP00435" HPOS="1252" VPOS="2967" WIDTH="23"/>
						<String ID="P28_ST00477" HPOS="1275" VPOS="2936" WIDTH="92" HEIGHT="38" CONTENT="que," WC="0.98" CC="0504"/>
						<SP ID="P28_SP00436" HPOS="1367" VPOS="2974" WIDTH="21"/>
						<String ID="P28_ST00478" HPOS="1388" VPOS="2927" WIDTH="194" HEIGHT="47" CONTENT="rompant" WC="1.00" CC="4000020"/>
						<SP ID="P28_SP00437" HPOS="1582" VPOS="2974" WIDTH="21"/>
						<String ID="P28_ST00479" HPOS="1603" VPOS="2935" WIDTH="101" HEIGHT="26" CONTENT="avec" WC="0.99" CC="0004"/>
						<SP ID="P28_SP00438" HPOS="1704" VPOS="2974" WIDTH="22"/>
						<String ID="P28_ST00480" HPOS="1726" VPOS="2921" WIDTH="233" HEIGHT="40" CONTENT="Helmholtz" WC="0.88" CC="013030010"/>
						<SP ID="P28_SP00439" HPOS="1959" VPOS="2974" WIDTH="21"/>
						<String ID="P28_ST00481" HPOS="1980" VPOS="2921" WIDTH="35" HEIGHT="39" CONTENT="&amp;" WC="1.00" CC="0"/>
						<SP ID="P28_SP00440" HPOS="2015" VPOS="2974" WIDTH="22"/>
						<String ID="P28_ST00482" HPOS="2037" VPOS="2921" WIDTH="108" HEIGHT="39" CONTENT="West" SUBS_TYPE="HypPart1" SUBS_CONTENT="Westphal," WC="0.99" CC="3000"/>
						<HYP HPOS="2145" VPOS="2921" WIDTH="27" CONTENT="-"/>
					</TextLine>
					<TextLine ID="P28_TL00038" HPOS="153" VPOS="2982" WIDTH="2013" HEIGHT="63">
						<String ID="P28_ST00483" HPOS="153" VPOS="2991" WIDTH="110" HEIGHT="51" CONTENT="phal," SUBS_TYPE="HypPart2" SUBS_CONTENT="Westphal," WC="0.83" CC="01024"/>
						<SP ID="P28_SP00441" HPOS="263" VPOS="3042" WIDTH="24"/>
						<String ID="P28_ST00484" HPOS="287" VPOS="2989" WIDTH="25" HEIGHT="38" CONTENT="il" WC="0.48" CC="54"/>
						<SP ID="P28_SP00442" HPOS="312" VPOS="3042" WIDTH="22"/>
						<String ID="P28_ST00485" HPOS="334" VPOS="2998" WIDTH="176" HEIGHT="28" CONTENT="renonce" WC="1.00" CC="0000050"/>
						<SP ID="P28_SP00443" HPOS="510" VPOS="3042" WIDTH="22"/>
						<String ID="P28_ST00486" HPOS="532" VPOS="2982" WIDTH="21" HEIGHT="40" CONTENT="à" WC="0.42" CC="5"/>
						<SP ID="P28_SP00444" HPOS="553" VPOS="3042" WIDTH="22"/>
						<String ID="P28_ST00487" HPOS="575" VPOS="2984" WIDTH="90" HEIGHT="38" CONTENT="voir" WC="0.99" CC="0050"/>
						<SP ID="P28_SP00445" HPOS="665" VPOS="3042" WIDTH="21"/>
						<String ID="P28_ST00488" HPOS="686" VPOS="2985" WIDTH="101" HEIGHT="38" CONTENT="dans" WC="1.00" CC="0000"/>
						<SP ID="P28_SP00446" HPOS="787" VPOS="3042" WIDTH="22"/>
						<String ID="P28_ST00489" HPOS="809" VPOS="2986" WIDTH="35" HEIGHT="38" CONTENT="la" WC="0.70" CC="50"/>
						<SP ID="P28_SP00447" HPOS="844" VPOS="3042" WIDTH="23"/>
						<String ID="P28_ST00490" HPOS="867" VPOS="2986" WIDTH="92" HEIGHT="40" CONTENT="mèse" WC="1.00" CC="0000" STYLEREFS="TXT_7"/>
						<SP ID="P28_SP00448" HPOS="959" VPOS="3042" WIDTH="26"/>
						<String ID="P28_ST00491" HPOS="985" VPOS="2989" WIDTH="116" HEIGHT="53" CONTENT="(note" WC="1.00" CC="30000"/>
						<SP ID="P28_SP00449" HPOS="1101" VPOS="3042" WIDTH="29"/>
						<String ID="P28_ST00492" HPOS="1130" VPOS="2991" WIDTH="205" HEIGHT="54" CONTENT="médiane)" WC="1.00" CC="00000000"/>
						<SP ID="P28_SP00450" HPOS="1335" VPOS="3045" WIDTH="27"/>
						<String ID="P28_ST00493" HPOS="1362" VPOS="2993" WIDTH="37" HEIGHT="38" CONTENT="la" WC="0.83" CC="30"/>
						<SP ID="P28_SP00451" HPOS="1399" VPOS="3045" WIDTH="27"/>
						<String ID="P28_ST00494" HPOS="1426" VPOS="2991" WIDTH="171" HEIGHT="52" CONTENT="tonique" WC="1.00" CC="0000030"/>
						<SP ID="P28_SP00452" HPOS="1597" VPOS="3045" WIDTH="28"/>
						<String ID="P28_ST00495" HPOS="1625" VPOS="2993" WIDTH="71" HEIGHT="37" CONTENT="des" WC="1.00" CC="000"/>
						<SP ID="P28_SP00453" HPOS="1696" VPOS="3045" WIDTH="28"/>
						<String ID="P28_ST00496" HPOS="1724" VPOS="3003" WIDTH="190" HEIGHT="40" CONTENT="gammes" WC="1.00" CC="000000"/>
						<SP ID="P28_SP00454" HPOS="1914" VPOS="3045" WIDTH="29"/>
						<String ID="P28_ST00497" HPOS="1943" VPOS="3003" WIDTH="199" HEIGHT="39" CONTENT="grecques" WC="0.99" CC="00060310"/>
						<SP ID="P28_SP00455" HPOS="2142" VPOS="3045" WIDTH="18"/>
						<String ID="P28_ST00498" HPOS="2160" VPOS="3001" WIDTH="6" HEIGHT="35" CONTENT=";" WC="0.56" CC="4"/>
					</TextLine>
					<TextLine ID="P28_TL00039" HPOS="153" VPOS="3051" WIDTH="2018" HEIGHT="62">
						<String ID="P28_ST00499" HPOS="153" VPOS="3063" WIDTH="105" HEIGHT="36" CONTENT="cette" WC="1.00" CC="00000"/>
						<SP ID="P28_SP00456" HPOS="258" VPOS="3099" WIDTH="22"/>
						<String ID="P28_ST00500" HPOS="280" VPOS="3057" WIDTH="168" HEIGHT="52" CONTENT="opinion" WC="0.99" CC="0006505"/>
						<SP ID="P28_SP00457" HPOS="448" VPOS="3109" WIDTH="23"/>
						<String ID="P28_ST00501" HPOS="471" VPOS="3067" WIDTH="65" HEIGHT="25" CONTENT="me" WC="1.00" CC="00"/>
						<SP ID="P28_SP00458" HPOS="536" VPOS="3109" WIDTH="22"/>
						<String ID="P28_ST00502" HPOS="558" VPOS="3051" WIDTH="99" HEIGHT="53" CONTENT="plaît" WC="0.99" CC="01050"/>
						<SP ID="P28_SP00459" HPOS="657" VPOS="3109" WIDTH="21"/>
						<String ID="P28_ST00503" HPOS="678" VPOS="3052" WIDTH="186" HEIGHT="43" CONTENT="d'autant" WC="1.00" CC="03040000"/>
						<SP ID="P28_SP00460" HPOS="864" VPOS="3109" WIDTH="22"/>
						<String ID="P28_ST00504" HPOS="886" VPOS="3057" WIDTH="90" HEIGHT="51" CONTENT="plus" WC="0.97" CC="0670"/>
						<SP ID="P28_SP00461" HPOS="976" VPOS="3109" WIDTH="24"/>
						<String ID="P28_ST00505" HPOS="1000" VPOS="3059" WIDTH="96" HEIGHT="50" CONTENT="qu'il" WC="1.00" CC="00001"/>
						<SP ID="P28_SP00462" HPOS="1096" VPOS="3109" WIDTH="23"/>
						<String ID="P28_ST00506" HPOS="1119" VPOS="3061" WIDTH="120" HEIGHT="38" CONTENT="m'est" WC="1.00" CC="04000"/>
						<SP ID="P28_SP00463" HPOS="1239" VPOS="3109" WIDTH="21"/>
						<String ID="P28_ST00507" HPOS="1260" VPOS="3061" WIDTH="130" HEIGHT="38" CONTENT="arrivé" WC="1.00" CC="000200"/>
						<SP ID="P28_SP00464" HPOS="1390" VPOS="3109" WIDTH="28"/>
						<String ID="P28_ST00508" HPOS="1418" VPOS="3062" WIDTH="48" HEIGHT="37" CONTENT="de" WC="1.00" CC="00"/>
						<SP ID="P28_SP00465" HPOS="1466" VPOS="3109" WIDTH="29"/>
						<String ID="P28_ST00509" HPOS="1495" VPOS="3059" WIDTH="233" HEIGHT="53" CONTENT="l'exprimer" WC="1.00" CC="2400002000"/>
						<SP ID="P28_SP00466" HPOS="1728" VPOS="3112" WIDTH="14"/>
						<String ID="P28_ST00510" HPOS="1742" VPOS="3059" WIDTH="63" HEIGHT="54" CONTENT="(1)" WC="0.85" CC="040"/>
						<SP ID="P28_SP00467" HPOS="1805" VPOS="3113" WIDTH="26"/>
						<String ID="P28_ST00511" HPOS="1831" VPOS="3071" WIDTH="6" HEIGHT="27" CONTENT=":" WC="0.57" CC="4"/>
						<SP ID="P28_SP00468" HPOS="1837" VPOS="3113" WIDTH="26"/>
						<String ID="P28_ST00512" HPOS="1863" VPOS="3071" WIDTH="54" HEIGHT="27" CONTENT="on" WC="0.73" CC="50"/>
						<SP ID="P28_SP00469" HPOS="1917" VPOS="3113" WIDTH="31"/>
						<String ID="P28_ST00513" HPOS="1948" VPOS="3072" WIDTH="49" HEIGHT="25" CONTENT="ne" WC="1.00" CC="00"/>
						<SP ID="P28_SP00470" HPOS="1997" VPOS="3113" WIDTH="22"/>
						<String ID="P28_ST00514" HPOS="2019" VPOS="3059" WIDTH="152" HEIGHT="38" CONTENT="saurait" WC="1.00" CC="0000000"/>
					</TextLine>
					<TextLine ID="P28_TL00040" HPOS="152" VPOS="3122" WIDTH="2020" HEIGHT="59">
						<String ID="P28_ST00515" HPOS="152" VPOS="3134" WIDTH="92" HEIGHT="47" CONTENT="trop" WC="1.00" CC="0000"/>
						<SP ID="P28_SP00471" HPOS="244" VPOS="3181" WIDTH="22"/>
						<String ID="P28_ST00516" HPOS="266" VPOS="3142" WIDTH="41" HEIGHT="25" CONTENT="se" WC="1.00" CC="00"/>
						<SP ID="P28_SP00472" HPOS="307" VPOS="3181" WIDTH="22"/>
						<String ID="P28_ST00517" HPOS="329" VPOS="3126" WIDTH="145" HEIGHT="53" CONTENT="garder" WC="1.00" CC="000000"/>
						<SP ID="P28_SP00473" HPOS="474" VPOS="3181" WIDTH="20"/>
						<String ID="P28_ST00518" HPOS="494" VPOS="3135" WIDTH="49" HEIGHT="26" CONTENT="en" WC="0.64" CC="07"/>
						<SP ID="P28_SP00474" HPOS="543" VPOS="3181" WIDTH="23"/>
						<String ID="P28_ST00519" HPOS="566" VPOS="3122" WIDTH="106" HEIGHT="43" CONTENT="effet," WC="0.98" CC="087002"/>
						<SP ID="P28_SP00475" HPOS="672" VPOS="3181" WIDTH="31"/>
						<String ID="P28_ST00520" HPOS="703" VPOS="3143" WIDTH="20" HEIGHT="25" CONTENT="e" STYLE="subscript" WC="0.57" CC="4"/>
						<String ID="P28_ST00521" HPOS="729" VPOS="3137" WIDTH="23" HEIGHT="25" CONTENT="n" WC="1.00" CC="0"/>
						<SP ID="P28_SP00476" HPOS="752" VPOS="3181" WIDTH="30"/>
						<String ID="P28_ST00522" HPOS="782" VPOS="3139" WIDTH="65" HEIGHT="28" CONTENT="ces" WC="0.99" CC="100"/>
						<SP ID="P28_SP00477" HPOS="847" VPOS="3181" WIDTH="28"/>
						<String ID="P28_ST00523" HPOS="875" VPOS="3127" WIDTH="141" HEIGHT="40" CONTENT="études" WC="0.99" CC="006000"/>
						<SP ID="P28_SP00478" HPOS="1016" VPOS="3181" WIDTH="28"/>
						<String ID="P28_ST00524" HPOS="1044" VPOS="3130" WIDTH="48" HEIGHT="37" CONTENT="de" WC="1.00" CC="00"/>
						<SP ID="P28_SP00479" HPOS="1092" VPOS="3181" WIDTH="29"/>
						<String ID="P28_ST00525" HPOS="1121" VPOS="3130" WIDTH="188" HEIGHT="51" CONTENT="musique" WC="1.00" CC="0000000"/>
						<SP ID="P28_SP00480" HPOS="1309" VPOS="3181" WIDTH="22"/>
						<String ID="P28_ST00526" HPOS="1331" VPOS="3130" WIDTH="181" HEIGHT="51" CONTENT="antique," WC="1.00" CC="04000002"/>
						<SP ID="P28_SP00481" HPOS="1512" VPOS="3181" WIDTH="26"/>
						<String ID="P28_ST00527" HPOS="1538" VPOS="3130" WIDTH="70" HEIGHT="38" CONTENT="des" WC="1.00" CC="000"/>
						<SP ID="P28_SP00482" HPOS="1608" VPOS="3181" WIDTH="24"/>
						<String ID="P28_ST00528" HPOS="1632" VPOS="3128" WIDTH="367" HEIGHT="52" CONTENT="rapprochements" WC="1.00" CC="00000006100000"/>
						<SP ID="P28_SP00483" HPOS="1999" VPOS="3181" WIDTH="23"/>
						<String ID="P28_ST00529" HPOS="2022" VPOS="3127" WIDTH="125" HEIGHT="39" CONTENT="intem" SUBS_TYPE="HypPart1" SUBS_CONTENT="intempestifs" WC="0.99" CC="33000"/>
						<HYP HPOS="2147" VPOS="3127" WIDTH="25" CONTENT="-"/>
					</TextLine>
					<TextLine ID="P28_TL00041" HPOS="152" VPOS="3196" WIDTH="2019" HEIGHT="55">
						<String ID="P28_ST00530" HPOS="152" VPOS="3198" WIDTH="140" HEIGHT="52" CONTENT="pestifs" SUBS_TYPE="HypPart2" SUBS_CONTENT="intempestifs" WC="1.00" CC="0000040"/>
						<SP ID="P28_SP00484" HPOS="292" VPOS="3250" WIDTH="21"/>
						<String ID="P28_ST00531" HPOS="313" VPOS="3211" WIDTH="99" HEIGHT="26" CONTENT="avec" WC="1.00" CC="0000"/>
						<SP ID="P28_SP00485" HPOS="412" VPOS="3250" WIDTH="22"/>
						<String ID="P28_ST00532" HPOS="434" VPOS="3198" WIDTH="116" HEIGHT="38" CONTENT="notre" WC="0.99" CC="00500"/>
						<SP ID="P28_SP00486" HPOS="550" VPOS="3250" WIDTH="23"/>
						<String ID="P28_ST00533" HPOS="573" VPOS="3199" WIDTH="201" HEIGHT="51" CONTENT="musique," WC="0.99" CC="05050004"/>
						<SP ID="P28_SP00487" HPOS="774" VPOS="3250" WIDTH="18"/>
						<String ID="P28_ST00534" HPOS="792" VPOS="3202" WIDTH="92" HEIGHT="47" CONTENT="trop" WC="1.00" CC="0000"/>
						<SP ID="P28_SP00488" HPOS="884" VPOS="3250" WIDTH="23"/>
						<String ID="P28_ST00535" HPOS="907" VPOS="3211" WIDTH="41" HEIGHT="25" CONTENT="se" WC="1.00" CC="00"/>
						<SP ID="P28_SP00489" HPOS="948" VPOS="3250" WIDTH="22"/>
						<String ID="P28_ST00536" HPOS="970" VPOS="3197" WIDTH="189" HEIGHT="40" CONTENT="défendre" WC="0.99" CC="04304000"/>
						<SP ID="P28_SP00490" HPOS="1159" VPOS="3250" WIDTH="22"/>
						<String ID="P28_ST00537" HPOS="1181" VPOS="3200" WIDTH="48" HEIGHT="38" CONTENT="de" WC="1.00" CC="00"/>
						<SP ID="P28_SP00491" HPOS="1229" VPOS="3250" WIDTH="24"/>
						<String ID="P28_ST00538" HPOS="1253" VPOS="3212" WIDTH="74" HEIGHT="26" CONTENT="nos" WC="1.00" CC="000"/>
						<SP ID="P28_SP00492" HPOS="1327" VPOS="3250" WIDTH="22"/>
						<String ID="P28_ST00539" HPOS="1349" VPOS="3198" WIDTH="189" HEIGHT="53" CONTENT="préjugés" WC="1.00" CC="00005000"/>
						<SP ID="P28_SP00493" HPOS="1538" VPOS="3251" WIDTH="23"/>
						<String ID="P28_ST00540" HPOS="1561" VPOS="3199" WIDTH="217" HEIGHT="37" CONTENT="modernes" WC="1.00" CC="00000000"/>
						<SP ID="P28_SP00494" HPOS="1778" VPOS="3251" WIDTH="23"/>
						<String ID="P28_ST00541" HPOS="1801" VPOS="3199" WIDTH="49" HEIGHT="37" CONTENT="de" WC="1.00" CC="00"/>
						<SP ID="P28_SP00495" HPOS="1850" VPOS="3251" WIDTH="21"/>
						<String ID="P28_ST00542" HPOS="1871" VPOS="3196" WIDTH="172" HEIGHT="39" CONTENT="tonalité" WC="1.00" CC="00002200"/>
						<SP ID="P28_SP00496" HPOS="2043" VPOS="3251" WIDTH="23"/>
						<String ID="P28_ST00543" HPOS="2066" VPOS="3197" WIDTH="34" HEIGHT="39" CONTENT="&amp;" WC="1.00" CC="0"/>
						<SP ID="P28_SP00497" HPOS="2100" VPOS="3251" WIDTH="21"/>
						<String ID="P28_ST00544" HPOS="2121" VPOS="3197" WIDTH="50" HEIGHT="38" CONTENT="de" WC="1.00" CC="00"/>
					</TextLine>
					<TextLine ID="P28_TL00042" HPOS="153" VPOS="3264" WIDTH="2019" HEIGHT="55">
						<String ID="P28_ST00545" HPOS="153" VPOS="3268" WIDTH="137" HEIGHT="38" CONTENT="mode." WC="1.00" CC="00001"/>
						<SP ID="P28_SP00498" HPOS="290" VPOS="3306" WIDTH="32"/>
						<String ID="P28_ST00546" HPOS="322" VPOS="3266" WIDTH="54" HEIGHT="39" CONTENT="M." WC="0.81" CC="03"/>
						<SP ID="P28_SP00499" HPOS="376" VPOS="3306" WIDTH="32"/>
						<String ID="P28_ST00547" HPOS="408" VPOS="3267" WIDTH="175" HEIGHT="39" CONTENT="Gevaert" WC="1.00" CC="0000000"/>
						<SP ID="P28_SP00500" HPOS="583" VPOS="3306" WIDTH="27"/>
						<String ID="P28_ST00548" HPOS="610" VPOS="3268" WIDTH="211" HEIGHT="38" CONTENT="lui-même" WC="0.99" CC="12140300"/>
						<SP ID="P28_SP00501" HPOS="821" VPOS="3306" WIDTH="29"/>
						<String ID="P28_ST00549" HPOS="850" VPOS="3280" WIDTH="49" HEIGHT="25" CONTENT="ne" WC="0.56" CC="16"/>
						<SP ID="P28_SP00502" HPOS="899" VPOS="3306" WIDTH="28"/>
						<String ID="P28_ST00550" HPOS="927" VPOS="3267" WIDTH="153" HEIGHT="39" CONTENT="semble" WC="0.99" CC="000420"/>
						<SP ID="P28_SP00503" HPOS="1080" VPOS="3306" WIDTH="29"/>
						<String ID="P28_ST00551" HPOS="1109" VPOS="3280" WIDTH="71" HEIGHT="38" CONTENT="pas" WC="1.00" CC="000"/>
						<SP ID="P28_SP00504" HPOS="1180" VPOS="3318" WIDTH="29"/>
						<String ID="P28_ST00552" HPOS="1209" VPOS="3271" WIDTH="166" HEIGHT="48" CONTENT="exempt" WC="1.00" CC="000000"/>
						<SP ID="P28_SP00505" HPOS="1375" VPOS="3319" WIDTH="34"/>
						<String ID="P28_ST00553" HPOS="1409" VPOS="3269" WIDTH="48" HEIGHT="37" CONTENT="de" WC="1.00" CC="00"/>
						<SP ID="P28_SP00506" HPOS="1457" VPOS="3319" WIDTH="28"/>
						<String ID="P28_ST00554" HPOS="1485" VPOS="3271" WIDTH="116" HEIGHT="35" CONTENT="toute" WC="1.00" CC="00000"/>
						<SP ID="P28_SP00507" HPOS="1601" VPOS="3319" WIDTH="29"/>
						<String ID="P28_ST00555" HPOS="1630" VPOS="3266" WIDTH="188" HEIGHT="52" CONTENT="injustice" WC="1.00" CC="000300050"/>
						<SP ID="P28_SP00508" HPOS="1818" VPOS="3319" WIDTH="34"/>
						<String ID="P28_ST00556" HPOS="1852" VPOS="3265" WIDTH="185" HEIGHT="52" CONTENT="lorsqu'il" WC="0.99" CC="400002405"/>
						<SP ID="P28_SP00509" HPOS="2037" VPOS="3319" WIDTH="36"/>
						<String ID="P28_ST00557" HPOS="2073" VPOS="3264" WIDTH="99" HEIGHT="40" CONTENT="écrit" WC="0.98" CC="46000"/>
					</TextLine>
					<TextLine ID="P28_TL00043" HPOS="152" VPOS="3334" WIDTH="2020" HEIGHT="55">
						<String ID="P28_ST00558" HPOS="152" VPOS="3349" WIDTH="99" HEIGHT="27" CONTENT="avec" WC="1.00" CC="0000"/>
						<SP ID="P28_SP00510" HPOS="251" VPOS="3376" WIDTH="22"/>
						<String ID="P28_ST00559" HPOS="273" VPOS="3337" WIDTH="180" HEIGHT="38" CONTENT="tristesse" WC="1.00" CC="004000000"/>
						<SP ID="P28_SP00511" HPOS="453" VPOS="3376" WIDTH="24"/>
						<String ID="P28_ST00560" HPOS="477" VPOS="3335" WIDTH="59" HEIGHT="53" CONTENT="(p." WC="0.97" CC="302"/>
						<SP ID="P28_SP00512" HPOS="536" VPOS="3388" WIDTH="32"/>
						<String ID="P28_ST00561" HPOS="568" VPOS="3335" WIDTH="107" HEIGHT="54" CONTENT="193)," WC="0.76" CC="51004"/>
						<SP ID="P28_SP00513" HPOS="675" VPOS="3389" WIDTH="25"/>
						<String ID="P28_ST00562" HPOS="700" VPOS="3334" WIDTH="22" HEIGHT="40" CONTENT="à" WC="0.57" CC="4"/>
						<SP ID="P28_SP00514" HPOS="722" VPOS="3389" WIDTH="21"/>
						<String ID="P28_ST00563" HPOS="743" VPOS="3348" WIDTH="150" HEIGHT="39" CONTENT="propos" WC="1.00" CC="006000"/>
						<SP ID="P28_SP00515" HPOS="893" VPOS="3389" WIDTH="23"/>
						<String ID="P28_ST00564" HPOS="916" VPOS="3336" WIDTH="70" HEIGHT="38" CONTENT="des" WC="0.99" CC="020"/>
						<SP ID="P28_SP00516" HPOS="986" VPOS="3389" WIDTH="21"/>
						<String ID="P28_ST00565" HPOS="1007" VPOS="3335" WIDTH="232" HEIGHT="40" CONTENT="différentes" WC="1.00" CC="04800007000"/>
						<SP ID="P28_SP00517" HPOS="1239" VPOS="3389" WIDTH="16"/>
						<String ID="P28_ST00566" HPOS="1255" VPOS="3350" WIDTH="24" HEIGHT="26" CONTENT="«" WC="0.30" CC="6"/>
						<SP ID="P28_SP00518" HPOS="1279" VPOS="3389" WIDTH="17"/>
						<String ID="P28_ST00567" HPOS="1296" VPOS="3349" WIDTH="220" HEIGHT="27" CONTENT="nuances»" WC="1.00" CC="00000000"/>
						<SP ID="P28_SP00519" HPOS="1516" VPOS="3389" WIDTH="22"/>
						<String ID="P28_ST00568" HPOS="1538" VPOS="3348" WIDTH="51" HEIGHT="27" CONTENT="ou" WC="0.54" CC="26"/>
						<SP ID="P28_SP00520" HPOS="1589" VPOS="3389" WIDTH="18"/>
						<String ID="P28_ST00569" HPOS="1607" VPOS="3335" WIDTH="237" HEIGHT="39" CONTENT="altérations" WC="1.00" CC="05400000010"/>
						<SP ID="P28_SP00521" HPOS="1844" VPOS="3389" WIDTH="23"/>
						<String ID="P28_ST00570" HPOS="1867" VPOS="3334" WIDTH="305" HEIGHT="52" CONTENT="chromatiques" WC="1.00" CC="340000010000"/>
					</TextLine>
					<TextLine ID="P28_TL00044" HPOS="152" VPOS="3403" WIDTH="2018" HEIGHT="54">
						<String ID="P28_ST00571" HPOS="152" VPOS="3405" WIDTH="71" HEIGHT="38" CONTENT="des" WC="0.97" CC="008"/>
						<SP ID="P28_SP00522" HPOS="223" VPOS="3443" WIDTH="35"/>
						<String ID="P28_ST00572" HPOS="258" VPOS="3404" WIDTH="123" HEIGHT="39" CONTENT="Grecs" WC="1.00" CC="00000"/>
						<SP ID="P28_SP00523" HPOS="381" VPOS="3443" WIDTH="38"/>
						<String ID="P28_ST00573" HPOS="419" VPOS="3416" WIDTH="7" HEIGHT="26" CONTENT=":" WC="0.91" CC="0"/>
						<SP ID="P28_SP00524" HPOS="426" VPOS="3443" WIDTH="40"/>
						<String ID="P28_ST00574" HPOS="466" VPOS="3417" WIDTH="24" HEIGHT="26" CONTENT="«" WC="0.30" CC="6"/>
						<SP ID="P28_SP00525" HPOS="490" VPOS="3443" WIDTH="35"/>
						<String ID="P28_ST00575" HPOS="525" VPOS="3403" WIDTH="115" HEIGHT="39" CONTENT="Cette" WC="1.00" CC="30000"/>
						<SP ID="P28_SP00526" HPOS="640" VPOS="3443" WIDTH="33"/>
						<String ID="P28_ST00576" HPOS="673" VPOS="3405" WIDTH="119" HEIGHT="38" CONTENT="ivraie" WC="0.99" CC="050020" STYLEREFS="TXT_7"/>
						<SP ID="P28_SP00527" HPOS="792" VPOS="3443" WIDTH="33"/>
						<String ID="P28_ST00577" HPOS="825" VPOS="3417" WIDTH="40" HEIGHT="26" CONTENT="se" WC="1.00" CC="00"/>
						<SP ID="P28_SP00528" HPOS="865" VPOS="3443" WIDTH="36"/>
						<String ID="P28_ST00578" HPOS="901" VPOS="3417" WIDTH="207" HEIGHT="39" CONTENT="propagea" WC="1.00" CC="04000000"/>
						<SP ID="P28_SP00529" HPOS="1108" VPOS="3456" WIDTH="40"/>
						<String ID="P28_ST00579" HPOS="1148" VPOS="3406" WIDTH="102" HEIGHT="38" CONTENT="dans" WC="0.99" CC="0030"/>
						<SP ID="P28_SP00530" HPOS="1250" VPOS="3456" WIDTH="34"/>
						<String ID="P28_ST00580" HPOS="1284" VPOS="3409" WIDTH="94" HEIGHT="35" CONTENT="tous" WC="1.00" CC="0200"/>
						<SP ID="P28_SP00531" HPOS="1378" VPOS="3456" WIDTH="35"/>
						<String ID="P28_ST00581" HPOS="1413" VPOS="3405" WIDTH="56" HEIGHT="39" CONTENT="les" WC="0.97" CC="700"/>
						<SP ID="P28_SP00532" HPOS="1469" VPOS="3456" WIDTH="34"/>
						<String ID="P28_ST00582" HPOS="1503" VPOS="3417" WIDTH="103" HEIGHT="40" CONTENT="pays" WC="0.99" CC="0060"/>
						<SP ID="P28_SP00533" HPOS="1606" VPOS="3457" WIDTH="41"/>
						<String ID="P28_ST00583" HPOS="1647" VPOS="3404" WIDTH="187" HEIGHT="39" CONTENT="d'Orient" WC="1.00" CC="02000000"/>
						<SP ID="P28_SP00534" HPOS="1834" VPOS="3457" WIDTH="35"/>
						<String ID="P28_ST00584" HPOS="1869" VPOS="3403" WIDTH="67" HEIGHT="52" CONTENT="qui" WC="1.00" CC="000"/>
						<SP ID="P28_SP00535" HPOS="1936" VPOS="3457" WIDTH="36"/>
						<String ID="P28_ST00585" HPOS="1972" VPOS="3407" WIDTH="75" HEIGHT="36" CONTENT="ont" WC="1.00" CC="100"/>
						<SP ID="P28_SP00536" HPOS="2047" VPOS="3457" WIDTH="34"/>
						<String ID="P28_ST00586" HPOS="2081" VPOS="3403" WIDTH="89" HEIGHT="39" CONTENT="subi" WC="1.00" CC="0000"/>
					</TextLine>
					<TextLine ID="P28_TL00045" HPOS="152" VPOS="3471" WIDTH="2016" HEIGHT="55">
						<String ID="P28_ST00587" HPOS="152" VPOS="3473" WIDTH="230" HEIGHT="40" CONTENT="l'influence" WC="0.99" CC="33226400101"/>
						<SP ID="P28_SP00537" HPOS="382" VPOS="3513" WIDTH="22"/>
						<String ID="P28_ST00588" HPOS="404" VPOS="3472" WIDTH="241" HEIGHT="51" CONTENT="hellénique." WC="1.00" CC="00110030003"/>
						<SP ID="P28_SP00538" HPOS="645" VPOS="3523" WIDTH="27"/>
						<String ID="P28_ST00589" HPOS="672" VPOS="3486" WIDTH="24" HEIGHT="25" CONTENT="»" WC="1.00" CC="0"/>
						<SP ID="P28_SP00539" HPOS="696" VPOS="3523" WIDTH="21"/>
						<String ID="P28_ST00590" HPOS="717" VPOS="3473" WIDTH="115" HEIGHT="38" CONTENT="Voici" WC="0.99" CC="00130"/>
						<SP ID="P28_SP00540" HPOS="832" VPOS="3523" WIDTH="21"/>
						<String ID="P28_ST00591" HPOS="853" VPOS="3471" WIDTH="59" HEIGHT="54" CONTENT="(p." WC="0.98" CC="203"/>
						<SP ID="P28_SP00541" HPOS="912" VPOS="3525" WIDTH="27"/>
						<String ID="P28_ST00592" HPOS="939" VPOS="3473" WIDTH="98" HEIGHT="53" CONTENT="222)" WC="0.94" CC="0002"/>
						<SP ID="P28_SP00542" HPOS="1037" VPOS="3526" WIDTH="29"/>
						<String ID="P28_ST00593" HPOS="1066" VPOS="3474" WIDTH="67" HEIGHT="51" CONTENT="qui" WC="0.98" CC="004"/>
						<SP ID="P28_SP00543" HPOS="1133" VPOS="3526" WIDTH="28"/>
						<String ID="P28_ST00594" HPOS="1161" VPOS="3478" WIDTH="61" HEIGHT="35" CONTENT="est" WC="1.00" CC="010"/>
						<SP ID="P28_SP00544" HPOS="1222" VPOS="3526" WIDTH="22"/>
						<String ID="P28_ST00595" HPOS="1244" VPOS="3474" WIDTH="91" HEIGHT="51" CONTENT="plus" WC="0.99" CC="0400"/>
						<SP ID="P28_SP00545" HPOS="1335" VPOS="3526" WIDTH="27"/>
						<String ID="P28_ST00596" HPOS="1362" VPOS="3473" WIDTH="204" HEIGHT="53" CONTENT="impartial" WC="1.00" CC="000000003"/>
						<SP ID="P28_SP00546" HPOS="1566" VPOS="3526" WIDTH="29"/>
						<String ID="P28_ST00597" HPOS="1595" VPOS="3474" WIDTH="34" HEIGHT="38" CONTENT="Se" WC="1.00" CC="00" STYLEREFS="TXT_8"/>
						<SP ID="P28_SP00547" HPOS="1629" VPOS="3526" WIDTH="22"/>
						<String ID="P28_ST00598" HPOS="1651" VPOS="3473" WIDTH="91" HEIGHT="52" CONTENT="plus" WC="0.98" CC="0460"/>
						<SP ID="P28_SP00548" HPOS="1742" VPOS="3526" WIDTH="22"/>
						<String ID="P28_ST00599" HPOS="1764" VPOS="3473" WIDTH="92" HEIGHT="52" CONTENT="près" WC="0.98" CC="0080"/>
						<SP ID="P28_SP00549" HPOS="1856" VPOS="3526" WIDTH="21"/>
						<String ID="P28_ST00600" HPOS="1877" VPOS="3474" WIDTH="49" HEIGHT="38" CONTENT="de" WC="1.00" CC="00"/>
						<SP ID="P28_SP00550" HPOS="1926" VPOS="3526" WIDTH="22"/>
						<String ID="P28_ST00601" HPOS="1948" VPOS="3472" WIDTH="37" HEIGHT="39" CONTENT="la" WC="0.82" CC="30"/>
						<SP ID="P28_SP00551" HPOS="1985" VPOS="3526" WIDTH="23"/>
						<String ID="P28_ST00602" HPOS="2008" VPOS="3471" WIDTH="127" HEIGHT="40" CONTENT="vérité" WC="0.99" CC="040503"/>
						<SP ID="P28_SP00552" HPOS="2135" VPOS="3526" WIDTH="26"/>
						<String ID="P28_ST00603" HPOS="2161" VPOS="3483" WIDTH="7" HEIGHT="27" CONTENT=":" WC="0.43" CC="5"/>
					</TextLine>
				</TextBlock>
				<TextBlock ID="P28_TB00006" HPOS="240" VPOS="3640" WIDTH="683" HEIGHT="42" STYLEREFS="TXT_9 PAR_LEFT">
					<TextLine ID="P28_TL00046" HPOS="240" VPOS="3641" WIDTH="683" HEIGHT="41">
						<String ID="P28_ST00604" HPOS="240" VPOS="3643" WIDTH="48" HEIGHT="39" CONTENT="(1)" WC="0.73" CC="070"/>
						<SP ID="P28_SP00553" HPOS="288" VPOS="3682" WIDTH="18"/>
						<String ID="P28_ST00605" HPOS="306" VPOS="3641" WIDTH="100" HEIGHT="33" CONTENT="Revue" WC="0.96" CC="57546"/>
						<SP ID="P28_SP00554" HPOS="406" VPOS="3682" WIDTH="22"/>
						<String ID="P28_ST00606" HPOS="428" VPOS="3642" WIDTH="35" HEIGHT="31" CONTENT="de" WC="0.74" CC="13"/>
						<SP ID="P28_SP00555" HPOS="463" VPOS="3682" WIDTH="22"/>
						<String ID="P28_ST00607" HPOS="485" VPOS="3641" WIDTH="166" HEIGHT="40" CONTENT="Philologie" WC="0.99" CC="6500504008"/>
						<String ID="P28_ST00608" HPOS="658" VPOS="3665" WIDTH="7" HEIGHT="15" CONTENT="," WC="0.57" CC="4" STYLEREFS="TXT_10"/>
						<SP ID="P28_SP00556" HPOS="665" VPOS="3682" WIDTH="31"/>
						<String ID="P28_ST00609" HPOS="696" VPOS="3649" WIDTH="92" HEIGHT="33" CONTENT="1900," WC="0.67" CC="26034" STYLEREFS="TXT_10"/>
						<SP ID="P28_SP00557" HPOS="788" VPOS="3682" WIDTH="26"/>
						<String ID="P28_ST00610" HPOS="814" VPOS="3652" WIDTH="32" HEIGHT="30" CONTENT="p." WC="0.68" CC="23" STYLEREFS="TXT_10"/>
						<SP ID="P28_SP00558" HPOS="846" VPOS="3682" WIDTH="24"/>
						<String ID="P28_ST00611" HPOS="870" VPOS="3649" WIDTH="53" HEIGHT="32" CONTENT="39." WC="0.44" CC="852" STYLEREFS="TXT_10"/>
					</TextLine>
				</TextBlock>
			</PrintSpace>
		</Page>
	</Layout>
</alto>
