3472 4414
352 143 1453 214 Ntederrheimsche
1957 137 1179 250 Hiisik-Zciiiiiig

720 425 191 87 für
964 425 866 84 Kunstfreunde
1889 420 236 84 und
2183 412 587 89 Künstler.

169 625 447 83 Herausgegeben
659 640 100 37 von
811 618 270 56 Professor
1124 619 57 55 L.
1214 618 247 74 Bischoff.
1632 616 196 85 Verlag
1871 616 92 56 der
2002 616 66 54 M.
2103 608 575 74 DuMont-Schernberg'
2683 608 162 57 sehen
2883 607 437 84 Buchhandlung.

1400 808 173 83 KÖLN,
1613 820 83 59 29.
1735 819 198 73 August
1973 815 138 60 1857.

205 829 82 58 Nr.
327 829 76 58 35.

2905 813 57 57 V.
2999 812 279 75 Jahrgang.

242 1014 211 37 Inhalt.

510 1011 269 36 Aesthetik
808 1011 84 35 der
920 1009 179 38 Musik.
1128 1009 86 36 Von
1242 1009 68 37 Dr.
1340 1007 149 42 Friedr.
1515 1007 147 38 Theod.
1689 1006 174 38 Vischer.
1893 1007 71 37 111.
2062 1007 81 35 Das
2172 1006 121 35 vierte
2321 1003 351 38 niederrheinische
2703 1000 229 50 Sängerfest
2961 1000 39 36 in
3032 1000 152 37 Crefeld
3215 1013 59 24 am
3307 1003 51 43 9.,

134 1081 57 34 10.
221 1075 80 37 und
334 1079 58 33 11.
421 1073 169 48 August.
638 1073 82 37 Von
748 1070 60 38 **.
920 1073 187 47 Tages-
1150 1070 99 37 und
1292 1069 563 47 Unterhaltungsblatt
1893 1068 136 46 (Köln,
2073 1068 260 37 Chormeister
2360 1067 159 38 Johann
2547 1065 183 38 Herbeck
2839 1064 146 46 Berlin,
3033 1063 45 37 A.
3109 1061 167 37 Conradi

131 1141 135 42 Sorau,
295 1136 425 47 Männergesang-Fest
827 1136 164 47 Danzig,
1037 1134 231 48 Gesangfest
1374 1134 174 47 Leipzig,
1593 1131 291 38 Vermächtniss
1994 1130 142 37 Zürich
2253 1130 187 44 Mailand,
2667 1127 104 49 Oper
2799 1139 78 25 von
2905 1125 193 38 Karoline
3122 1125 155 37 Ferrari

131 1201 158 47 Neapel,
314 1199 153 36 Verdi's
497 1203 181 31 neuestes
712 1199 118 35 Werk
939 1199 88 35 Feri
1056 1195 184 49 Kletzer).

606 1433 261 58 Aesthetik
907 1432 86 59 der
1031 1432 179 59 Musik.

455 1568 83 36 Von
582 1568 67 35 Dr.
694 1567 187 36 Friedr.
926 1567 179 36 Theod.
1152 1567 228 35 Vischer.

882 1677 81 49 III.

626 1782 51 49 (S.
706 1783 31 35 I.
766 1783 66 38 Nr.
863 1784 61 34 33.
954 1782 50 36 11.
1034 1782 66 36 Nr.
1131 1782 76 47 34.)

262 1862 98 47 Aus
405 1859 102 50 dem
555 1858 173 68 Capilel
785 1856 146 60 „über
976 1856 78 51 das
1112 1856 417 51 Tonmaterial
1578 1858 115 49 und

135 1944 169 51 seine
792 1942 146 49 haben
972 1942 81 48 wir
1085 1942 42 48 in
1160 1940 104 50 dem
1296 1940 221 51 Aufsatze
1547 1940 149 52 über

138 2029 91 50 die
259 2028 304 48 Tonarten
597 2038 61 55 [in
690 2027 79 48 Nr.
803 2023 72 52 23
912 2042 37 32 v.
985 2024 50 52 6.
1066 2024 107 51 Juni
1207 2024 40 50 d.
1279 2025 62 65 J.)
1376 2024 166 51 bereits
1574 2027 90 48 Aus-

138 2117 114 61 züge
301 2112 233 66 gegeben;
579 2109 251 51 besonders
875 2109 272 50 interessant
1193 2109 41 48 in
1294 2109 260 50 demselben
1599 2110 97 50 sind

139 2194 261 51 ausserdem
433 2193 116 51 noch
577 2193 71 50 die
668 2192 338 68 Paragraphen,
1039 2192 175 51 welche
1245 2192 79 49 das
1355 2193 216 67 Tempo
1604 2193 91 51 und

144 2278 85 51 den
261 2277 326 68 Rhythmus
619 2276 269 49 behandeln.

268 2363 93 48 Das
395 2361 173 68 Capilel
601 2361 112 49 über
745 2361 68 49 die
846 2359 409 70 Composition
1291 2361 110 50 und
1433 2361 129 49 ihre
1594 2378 68 32 we-

143 2446 342 51 sentlichen
521 2446 252 48 Formen
811 2444 59 67 (in
906 2461 122 33 neun
1062 2443 358 68 Abtheilungen)
1453 2444 244 51 verbreitet

143 2531 91 49 sich
263 2530 219 49 zunächst
511 2528 113 50 über
656 2528 89 49 die
771 2527 269 52 Melodie.
1112 2530 124 55 „Das
1269 2528 428 50 musicalische

141 2612 370 52 Kunstwerk
555 2612 204 50 entsteht
804 2611 219 56 dadurch,
1072 2612 103 48 dass
1217 2612 70 48 die
1320 2612 237 50 Phantasie
1599 2613 98 50 eine

143 2696 227 51 Tonreihe
400 2695 176 57 schafft,
621 2695 172 49 welche
839 2695 92 49 sich
977 2695 142 49 durch
1167 2695 70 50 die
1279 2695 89 49 Art
1411 2696 90 48 und
1538 2696 159 49 Weise

144 2780 119 49 ihrer
294 2781 269 65 Bewegung
593 2778 79 50 auf
698 2778 158 50 Tönen
889 2777 91 51 und
1004 2778 270 51 Intervallen
1307 2780 79 48 der
1410 2778 145 58 Scala,
1582 2778 116 50 ihres

144 2865 228 67 Ternpo's,
403 2864 119 49 ihres
549 2862 272 66 Rhythmus,
853 2879 49 33 so
933 2862 82 49 wie
1047 2862 113 50 auch
1193 2862 121 50 ihrer
1335 2862 272 66 Begleitung
1635 2862 63 50 als

144 2947 100 50 eine
275 2946 223 66 Tonfolge
529 2964 85 32 von
646 2945 309 57 natürlichem,
988 2946 291 50 unmittelbar
1308 2946 389 50 einleuchtendem

144 3031 281 66 Fortgange,
455 3048 85 33 von
574 3031 185 55 klarem,
790 3030 90 49 sich
915 3031 42 48 in
990 3030 92 49 sich
1115 3030 143 51 selbst
1288 3030 410 51 abschliessendem

148 3114 226 58 Verlaufe,
407 3132 84 31 von
525 3114 303 49 bestimmtem
851 3114 250 49 Charakter
1126 3115 90 48 und
1237 3115 244 48 Ausdruck
1515 3133 53 30 zu
1602 3132 72 30 ver-

148 3198 194 50 nehmen
367 3196 120 66 gibt;
521 3198 114 48 alle
658 3198 192 49 Musik
884 3198 74 49 ist
990 3198 440 67 rhythmisirte,
1463 3198 201 50 charak-

149 3281 321 51 teristisch
503 3283 297 62 geformte
832 3281 299 66 Tonfolge
1159 3281 110 50 oder

275 3365 82 48 Die
389 3363 368 64 Erläuterungen
790 3382 52 30 zu
877 3364 169 49 diesem
1077 3364 174 66 §.779
1287 3365 121 66 (acht
1432 3365 155 50 Seiten
1620 3364 59 49 fül-

148 3449 120 62 lend)
301 3448 229 49 enthalten
563 3447 130 49 einen
718 3448 334 49 vortrefflichen
1071 3448 293 51 Commentar
1395 3448 113 49 über
1538 3448 162 49 dessen

149 3534 133 48 Text.
317 3532 106 49 Wir
455 3530 175 49 wählen
663 3529 209 66 folgende
902 3533 137 47 Sätze
1068 3549 107 33 aus:

286 3615 114 58 „Die
432 3613 311 51 musicalische
775 3613 311 67 Composition
1120 3615 341 51 unterscheidet
1493 3615 90 50 sich
1616 3633 85 32 von

145 3701 130 67 jeder
306 3699 199 50 anderen
536 3698 88 65 (die
656 3697 406 51 architektonische
1095 3699 302 51 Ornamentik
1429 3717 242 48 ausgenom-

154 3783 121 67 men)
320 3782 143 51 durch
510 3781 95 49 ihre
649 3798 144 49 ganz
839 3781 246 50 absolut
1129 3783 371 50 scheinende
1546 3782 125 51 Frei-

151 3868 148 57 heit;
341 3867 61 49 sie
431 3866 76 49 hat
538 3864 68 50 ein
639 3863 318 69 bewegliches,
988 3864 79 51 der
1099 3867 389 66 mannigfachsten
1521 3864 151 52 Combi-

150 3951 212 51 nationen
395 3949 168 66 fähiges
587 3948 221 59 Material,
840 3949 61 50 sie
934 3949 56 50 ist
1019 3948 122 51 nicht
1171 3967 56 32 an
1259 3949 236 66 gegebene
1527 3951 154 67 speeifi-

153 4035 108 50 sche
290 4036 199 49 Formen
522 4032 79 51 der
633 4031 278 52 natürlichen
944 4033 215 50 Existenz
1204 4033 112 50 oder
1362 4033 79 50 des
1471 4033 211 66 (sprachli-

150 4117 131 69 chen)
312 4118 266 51 Ausdrucks
605 4116 258 68 gebunden,
894 4117 86 51 wie
997 4117 183 61 Plastik,
1206 4117 181 51 Malerei
1421 4117 89 51 und
1531 4118 175 60 Poesie,

1791 1352 64 50 sie
1882 1351 172 51 scheint
2097 1351 93 50 sich
2230 1351 79 50 das
2356 1351 107 50 alles
2495 1350 141 51 selbst
2666 1347 358 68 hervorbringen
3056 1365 56 33 zu
3147 1348 202 58 können,

1791 1436 91 50 und
1926 1436 117 48 kann
2088 1451 48 32 es
2181 1435 114 49 auch
2338 1434 66 49 bis
2445 1453 53 30 zu
2540 1436 145 48 einem
2731 1434 225 64 gewissen
2989 1431 175 58 Grade;
3210 1431 145 51 selbst

1789 1520 259 67 Rhythmus
2067 1519 90 49 und
2177 1519 247 49 Harmonie
2455 1519 146 49 lassen
2634 1519 68 48 ihr
2733 1517 70 50 die
2834 1520 181 63 grösste
3041 1517 198 50 Freiheit
3269 1516 84 51 der

1790 1604 219 48 Auswahl
2056 1602 92 49 und
2192 1601 360 65 Abwechslung.
2610 1600 130 51 Aber
2780 1600 122 49 diese
2934 1600 98 49 ihre
3064 1600 198 49 Freiheit
3293 1599 60 50 ist

1789 1688 114 49 auch
1951 1686 248 50 wiederum
2247 1686 90 50 ein
2385 1684 508 51 erschwerendes
2938 1684 295 57 Moment;
3288 1684 63 49 sie

1786 1771 123 51 stellt
1938 1771 68 49 ihr
2036 1770 70 51 die
2136 1770 229 67 Aufgabe,
2396 1788 81 33 aus
2505 1770 103 50 dem
2639 1769 290 57 Formlosen,
2962 1766 389 60 Unbestimmten,

1785 1855 181 51 absolut
1996 1855 163 50 Freien
2191 1863 144 42 etwas
2365 1873 55 30 zu
2454 1854 215 58 schaffen,
2711 1853 80 50 das
2826 1851 193 58 Gestalt,
3051 1851 300 51 bestimmten

1786 1939 127 57 Sinn,
1943 1938 263 67 specifische
2238 1936 274 68 Bedeutung
2557 1936 115 51 habe
2712 1936 89 67 (ein
2832 1934 230 66 Tonbild),
3102 1934 62 69 ja,
3212 1952 139 49 sogar

1786 2032 157 49 etwas,
1976 2023 79 49 das
2086 2022 122 50 nicht
2238 2023 88 49 den
2346 2022 229 50 Eindruck
2604 2020 80 51 des
2709 2020 93 57 frei,
2829 2019 266 51 willkürlich
3122 2018 195 52 Gemach-

1786 2116 93 49 ten,
1910 2105 200 51 sondern
2133 2105 113 50 auch
2272 2105 85 50 den
2387 2105 80 50 des
2496 2104 396 52 Natürlichen
2925 2103 343 66 hervorbringe,
3296 2121 55 33 so

1787 2199 84 59 gut
1902 2190 83 50 wie
2016 2189 156 66 irgend
2204 2189 70 50 ein
2305 2190 342 50 Naturschönes
2679 2189 112 50 oder
2821 2188 70 49 ein
2924 2188 103 49 dem
3059 2187 261 50 Naturschö-

1787 2292 87 33 nen
1919 2274 163 66 analog
2126 2273 252 66 gebildetes
2426 2274 149 50 Werk
2620 2273 193 50 anderer
2854 2272 206 57 Künste;
3106 2270 116 51 auch
3268 2270 81 51 das

1789 2357 308 51 musicalische
2144 2358 281 48 Kunstwerk
2472 2375 124 31 muss
2641 2356 207 66 objectiv,
2893 2372 125 32 muss
3048 2353 226 67 Geistiges
3306 2353 43 51 in

1787 2443 264 50 Naturform
2092 2441 108 50 sein.
2248 2442 156 49 Dieses
2437 2458 93 32 nun
2561 2441 195 49 erreicht
2788 2439 69 50 die
2888 2439 169 58 Musik,
3088 2437 261 67 abgesehen

1790 2545 85 30 von
1908 2526 86 49 den
2027 2524 231 51 einzelnen
2291 2526 313 56 Ausnahmen,
2650 2524 41 50 in
2723 2523 203 50 welchen
2961 2522 70 51 ein
3064 2522 288 49 bestimmter

1791 2610 244 49 Ausdruck
2068 2608 142 50 durch
2241 2608 152 50 blosse
2412 2607 337 66 Accordfolgen
2777 2606 195 49 erreicht
3005 2605 113 50 oder
3149 2606 81 49 der
3253 2605 100 50 Ton

1791 2711 55 31 zu
1879 2692 122 51 bloss
2043 2692 336 67 rhythmischen
2415 2692 292 65 Wirkungen
2752 2688 238 51 verwandt
3034 2688 127 59 wird,
3207 2688 144 51 durch

1790 2776 284 57 Melodie;
2115 2776 195 49 Melodie
2340 2776 56 49 ist
2426 2776 122 49 nicht
2578 2775 98 49 eine
2707 2775 208 67 specielle
2947 2773 137 50 Form
3117 2771 235 52 innerhalb

1792 2860 80 51 der
1896 2861 149 48 Musik
2077 2859 150 50 neben
2251 2859 198 50 anderen
2467 2860 216 56 Formen,
2714 2857 197 51 sondern
2943 2857 62 50 sie
3033 2856 56 49 ist
3119 2856 70 49 die
3219 2855 109 50 aller-

1792 2945 131 65 dings
1956 2944 141 49 durch
2131 2944 256 66 Rhythmus
2421 2944 89 49 und
2543 2942 249 50 Harmonie
2824 2940 214 67 bedingte
3069 2940 91 49 und
3192 2946 131 43 unter-

1792 3032 171 46 stützte
2011 3027 292 51 wesentliche
2345 3029 155 54 Form,
2544 3027 79 49 mit
2670 3026 197 50 welcher
2912 3025 70 49 die
3013 3024 147 50 Musik
3207 3022 145 51 selbst

1792 3120 96 42 erst
1913 3113 218 57 entsteht,
2164 3113 63 48 sie
2258 3110 58 49 ist
2345 3111 68 48 die
2435 3111 136 50 Form
2604 3110 79 49 des
2714 3107 341 51 musicalischen
3074 3109 247 48 Kunstwer-

1795 3196 94 55 kes,
1922 3196 85 49 wie
2032 3194 430 66 Geslaltenbildung
2492 3195 70 50 die
2590 3195 79 48 des
2702 3193 297 68 plastischen;
3027 3191 109 50 alles
3161 3191 191 51 Andere

1794 3279 57 51 ist
1880 3297 88 31 nur
1999 3278 131 55 Stoff,
2159 3279 226 57 Element,
2426 3278 163 57 Mittel,
2628 3276 229 50 Material:
2904 3281 94 44 erst
3028 3274 81 51 mit
3140 3275 82 50 der
3252 3275 66 50 Me-

1792 3363 118 49 lodie
1941 3363 174 49 kommt
2145 3361 115 50 auch
2291 3361 70 50 ein
2394 3361 167 59 Werk,
2591 3361 98 50 eine
2707 3359 189 58 Gestalt,
2926 3359 70 49 ein
3015 3356 339 69 Kunstgebilde

1795 3448 180 57 hervor,
2007 3445 77 51 das
2117 3447 84 49 den
2234 3447 125 49 Stoff
2384 3445 154 51 belebt
2570 3445 87 50 und
2690 3444 361 56 individualisirt;
3081 3443 153 49 Lehre
3266 3459 88 35 von

1796 3530 80 50 der
1905 3532 140 47 Form
2077 3529 80 50 des
2189 3529 340 51 musicalischen
2553 3527 332 50 Kunstwerkes
2914 3527 90 50 und
3024 3525 202 51 Melodik
3257 3525 98 52 sind

1796 3614 234 57 identisch,
2062 3632 86 32 nur
2180 3614 81 50 mit
2277 3613 265 49 Ausnahme
2566 3614 161 53 davon,
2760 3613 103 48 dass
2888 3612 107 66 jene
3024 3610 118 51 auch
3174 3610 72 51 die
3277 3609 52 52 be-

1796 3698 274 65 gleitenden,
2114 3714 81 32 zur
2225 3697 193 49 Melodie
2449 3695 378 50 hinzutretenden
2859 3695 236 50 Momente
3127 3694 81 50 der
3239 3694 87 51 Har-

1796 3781 150 50 monie
1990 3782 42 49 in
2076 3781 119 49 ihrer
2225 3781 272 64 Bedeutung
2538 3781 70 49 für
2650 3781 71 48 die
2751 3779 198 51 Melodie
2981 3778 144 52 selbst
3164 3778 91 51 und
3287 3778 68 51 die

1795 3864 152 51 Musik
1976 3864 258 66 überhaupt
2263 3881 54 32 zu
2351 3863 230 51 erkennen

1919 3951 97 48 Der
2056 3948 190 66 Verfolg
2289 3947 123 49 führt
2457 3946 72 50 die
2570 3948 200 67 Analyse
2815 3948 81 50 der
2943 3947 288 66 Entstehung
3274 3946 78 49 des

1797 4032 341 51 musicalischen
2170 4031 336 51 Kunstwerkes
2539 4033 159 50 weiter
2730 4050 82 32 aus
2849 4031 91 51 und
2973 4029 183 69 gelangt
3186 4046 52 32 zu
3271 4027 61 51 fol-

1799 4116 194 68 gendem
2023 4116 243 51 Schlüsse:

2749 4197 63 52 35
