2311 3863
146 255 88 46 450

476 262 118 27 DEUX
626 254 153 36 PIÈGES
815 264 55 26 DE
904 264 42 26 R.
984 264 258 29 SCHUMANN.
1363 269 194 30 OEUVRES
1594 265 232 35 RÉCENTES

207 804 35 41 D
263 811 129 46 après
420 814 124 33 votre
584 807 186 50 théorie,
797 808 29 40 il
849 823 72 38 ya
947 809 39 40 là
1030 823 85 26 une
1148 824 159 37 grosse
1339 810 226 52 difficulté,
1605 826 59 26 un
1699 826 139 36 grave
1870 810 230 53 problème
2143 815 20 35 à

152 874 234 40 résoudre:
407 872 103 43 c'est
534 873 183 42 Yaccord
737 890 35 25 si
914 874 33 49 B,
973 875 118 50 so/#,
1113 882 43 35 ré
1233 889 118 31 sorte
1375 880 53 40 de
1452 890 200 31 monstre
1666 881 108 39 dont
1796 894 112 26 vous
1924 894 53 26 ne
1997 892 169 40 pouvez

153 944 123 39 avoir
296 944 151 40 raison
468 941 132 55 qu'en
623 942 165 43 faisant
817 947 246 39 intervenir
1090 948 224 52 plusieurs
1341 963 205 36 gammes
1574 954 22 35 à
1629 950 368 39 dénominations
2035 949 110 51 parti-

151 1012 202 40 culières.
395 1012 49 55 Je
485 1014 92 39 suis
601 1015 147 39 moins
772 1014 285 42 embarrassé
1073 1017 74 52 ;je
1196 1017 98 40 dis:
1339 1027 66 30 cet
1442 1018 156 39 accord
1643 1018 184 39 n'existe
1865 1030 95 39 pas.
2003 1016 166 40 Tenter

151 1080 54 40 de
225 1078 259 55 l'expliquer
503 1095 173 28 comme
694 1083 56 40 tel
774 1092 64 31 est
850 1097 87 27 une
960 1099 153 26 œuvre
1134 1087 130 38 vaine
1283 1084 159 55 (i).Le
1464 1088 46 37 ré
1532 1084 16 36 b
1564 1096 64 30 est
1649 1099 86 27 une
1755 1095 104 30 note
1876 1085 53 40 de
1945 1098 193 39 passage
2158 1096 7 27 :

153 1153 59 43 ré,
235 1153 44 37 ré
303 1148 29 52 b,
358 1151 54 39 do
438 1164 10 34 ;
473 1151 39 39 le
536 1151 66 40 sol
621 1150 24 35 S
667 1161 65 31 est
761 1166 87 27 une
868 1152 205 41 broderie
1111 1153 238 42 inférieure
1372 1155 240 40 succédant
1644 1159 21 36 à
1692 1168 86 27 une
1811 1153 205 42 broderie
2040 1158 127 48 supé-

151 1238 144 39 rieure
317 1237 54 41 de
389 1237 37 40 la
447 1242 145 36 même
617 1248 102 32 note
746 1253 9 25 :

1355 1242 144 40 Toute
1523 1242 169 40 théorie
1713 1243 73 51 qui
1815 1242 138 52 prend
1994 1255 173 27 comme

153 1344 125 51 point
301 1343 54 40 de
374 1344 157 53 départ
555 1358 87 27 une
664 1347 194 39 certaine
892 1346 96 40 idée
1020 1347 54 40 de
1095 1348 38 39 la
1160 1361 280 27 consonance
1477 1361 56 27 ou
1566 1348 54 40 de
1645 1348 37 40 la
1716 1348 267 40 dissonance
2006 1347 162 41 débute

151 1426 82 38 par
255 1427 59 25 un
339 1414 199 52 principe
562 1415 76 51 qui
665 1423 65 32 est
755 1429 86 37 peu
864 1416 188 40 musical
1093 1417 60 52 (et
1189 1430 100 39 que,
1317 1431 80 39 par
1419 1421 204 45 surcroît,
1658 1416 28 40 il
1720 1426 66 31 est
1825 1416 265 53 impossible
2114 1416 53 40 de

153 1479 162 43 définir
342 1484 281 48 nettement).

205 1558 43 43 7°
268 1549 186 55 J'arrive
478 1555 21 36 à
525 1551 38 40 la
590 1552 125 41 thèse
737 1551 349 51 fondamentale,
1112 1568 85 39 que
1220 1555 38 52 je
1282 1569 54 26 ne
1362 1557 99 50 puis
1486 1564 199 43 accepter
1715 1568 173 27 comme
1913 1555 169 39 théorie
2113 1554 54 39 de

149 1619 39 39 la
213 1621 209 50 musique
447 1633 9 25 :
485 1633 19 25 «
536 1620 39 40 le
602 1622 217 39 musicien
845 1623 115 38 aime
986 1626 21 35 à
1038 1624 195 39 associer
1265 1623 63 40 les
1362 1637 106 26 sons
1492 1624 108 39 dont
1632 1624 63 39 les
1729 1623 212 40 hauteurs
1981 1631 101 31 sont
2115 1635 53 26 en

150 1696 208 43 rapports
400 1688 198 52 simples.
628 1705 19 20 »
686 1687 72 43 On
781 1692 202 50 pourrait
1008 1699 92 32 tout
1131 1693 120 39 aussi
1285 1691 103 40 bien
1414 1691 192 41 affirmer
1639 1692 38 39 le
1701 1693 235 39 contraire.
1970 1689 70 42 On
2065 1699 104 44 peut

151 1759 144 36 même
330 1756 95 40 dire
449 1771 86 38 que
558 1757 40 40 la
629 1759 209 52 musique
866 1772 258 28 commence
1157 1760 38 39 là
1220 1774 56 26 ou
1300 1760 39 40 le
1362 1762 217 38 musicien
1625 1760 271 40 abandonne
1935 1759 60 39 les
2037 1772 106 37 grou-

155 1833 203 43 pements
389 1825 54 40 de
481 1839 105 27 sons
612 1825 158 42 fondés
794 1841 76 27 sur
893 1827 63 41 les
977 1837 207 43 rapports
1205 1828 62 40 les
1292 1829 101 52 plus
1423 1829 204 52 simples.
1660 1828 97 42 Une
1790 1830 113 38 série
1928 1828 25 39 d
1975 1836 192 38 octaves,

155 1906 57 28 ou
235 1893 54 41 de
313 1894 193 52 quintes,
530 1908 56 27 ou
618 1895 26 40 d
665 1896 182 40 accords
871 1896 202 52 parfaits,
1091 1896 111 41 n'est
1233 1912 81 38 pas
1337 1898 111 40 delà
1474 1899 224 51 musique.
1728 1896 48 42 Si
1800 1896 142 54 j'écris
1964 1913 7 23 :

156 2425 47 26 ce
243 2423 96 27 sera
380 2416 88 35 très
506 2423 20 25 «
560 2411 160 52 simple
757 2423 19 24 »
819 2419 41 32 et
902 2409 316 54 parfaitement
1259 2409 301 52 insignifiant.
1602 2410 205 51 Wagner
1848 2412 63 39 dit
1965 2410 106 53 (duo
2120 2411 54 39 de

161 2477 190 54 Tristan)
377 2491 8 26 :

216 2988 123 40 Dans
362 2997 111 32 cette
497 3001 192 34 mesure,
713 2988 75 52 qui
814 2988 178 40 réveille
1016 2988 38 40 le
1078 2990 211 38 souvenir
1311 2988 78 40 des
1425 2990 222 38 émotions
1670 2988 64 41 les
1778 2988 101 53 plus
1916 2989 260 52 profondes,

160 3059 38 51 je
228 3070 54 27 ne
318 3056 108 41 ferai
463 3061 21 35 à
523 3070 223 38 personne
783 3056 174 53 l'injure
996 3057 54 39 de
1082 3057 245 40 demander
1350 3057 146 52 quelle
1520 3066 65 31 est
1621 3058 40 39 la
1699 3059 141 51 partie
1891 3059 286 51 importante,

203 3217 48 43 (i)
275 3218 75 40 J'en
386 3216 90 33 dirai
501 3223 125 26 autant
660 3216 44 32 de
729 3218 32 30 la
793 3217 145 32 récente
963 3216 277 33 Hamonielehre
1281 3217 44 32 de
1360 3216 86 32 MM.
1475 3216 136 32 Rudolf
1645 3216 110 33 Louis
1785 3224 33 25 et
1847 3217 157 43 Ludwig
2035 3216 146 33 Thuille

159 3269 228 41 (Stuttgart),
406 3269 45 30 où
476 3267 72 31 l'on
573 3273 128 25 trouve
723 3265 175 43 l'analyse
921 3267 186 32 d'accords
1133 3280 13 15 «
1172 3267 129 33 altérés
1324 3277 18 22 »
1360 3276 141 23 comme
1525 3266 138 32 ceux-ci
1685 3275 9 24 :

204 3550 50 32 Ce
275 3557 80 25 sont
374 3552 32 31 là
428 3550 62 32 des
513 3550 127 32 choses
663 3557 147 33 mortes,
840 3550 61 32 des
920 3550 132 33 entités
1075 3551 119 32 créées
1220 3561 65 31 par
1307 3563 47 20 un
1379 3552 214 38 théoricien,
1618 3552 44 32 de
1682 3563 106 30 pures
1815 3552 169 34 illusions
2004 3554 176 31 résultant

162 3599 83 33 d'un
268 3599 162 33 mauvais
453 3599 103 41 point
583 3601 44 33 de
652 3610 83 23 vue.
