2311 3863
477 271 118 27 DEUX
629 263 153 35 PIÈCES
816 272 55 25 DE
905 273 41 25 R.
984 272 258 27 SCHUMANN.
1362 271 195 27 OEUVRES
1590 263 228 35 RÉCENTES

2075 269 74 40 451

152 366 266 52 expressive,
442 366 221 40 vraiment
685 365 215 40 musicale
924 364 74 54 (i).
1098 364 132 48 Mais,
1256 365 273 49 direz-vous,
1555 365 38 40 la
1619 364 190 42 formule
1832 379 45 27 se
1902 370 149 35 résout
2081 379 76 26 sur

154 449 57 27 un
234 433 155 41 accord
414 433 162 53 parfait
597 449 42 36 4,
667 447 35 38 5,
728 438 40 46 6,
793 433 274 42 c'est-à-dire
1102 447 76 27 sur
1215 447 57 26 un
1297 443 297 42 groupement
1632 435 52 40 de
1726 442 206 45 rapports
1955 434 197 51 simples.

227 502 48 55 Je
292 503 238 52 répondrai
562 518 7 25 :
596 500 41 55 a)
663 510 66 33 cet
749 503 154 40 accord
927 501 161 54 parfait
1110 511 66 32 est
1199 502 148 51 rejeté,
1374 503 160 47 reculé,
1559 517 174 27 comme
1753 503 39 40 la
1814 503 132 40 chose
1965 515 191 40 presque

154 572 273 47 secondaire,
466 584 76 27 sur
574 571 39 40 le
656 579 143 44 temps
838 570 161 49 faible;
1041 569 39 53 b)
1121 571 39 39 la
1204 569 191 42 formule
1434 572 197 51 pourrait
1673 571 178 41 aboutir
1879 576 21 35 à
1935 586 59 26 un
2031 579 124 32 autre

155 654 18 24 «
200 640 157 40 accord
381 651 20 26 »
435 640 251 47 dissonant,
709 648 41 32 et
789 652 88 27 non
900 644 21 34 à
955 654 59 25 un
1036 639 155 40 accord
1216 637 179 54 parfait.
1441 637 122 42 Vous
1596 640 273 52 répliquerez
1894 654 104 26 sans
2022 640 134 40 doute

155 722 100 38 que,
282 709 105 51 quoi
413 708 135 52 qu'on
573 707 132 51 fasse,
729 708 28 39 il
776 706 155 42 faudra
950 708 202 51 toujours
1169 721 54 26 en
1239 708 126 39 venir
1390 712 19 34 à
1432 720 45 27 ce
1491 707 190 42 dernier,
1705 710 73 50 qui
1794 718 80 37 est,
1897 723 54 26 en
1963 722 187 33 somme,

155 778 38 38 le
216 786 148 31 centre
397 775 280 41 d'attraction
714 776 53 40 de
804 785 94 31 tout
921 776 38 40 le
984 785 113 31 reste
1119 779 16 36 ?
1159 774 107 42 Cela
1303 774 111 42 n'est
1448 778 94 38 vrai
1579 776 100 52 qu'à
1713 779 166 39 moitié.
1907 777 31 40 Il
1960 792 27 38 y
2007 792 21 25 a
2055 777 101 40 telle

153 847 121 51 pièce
305 845 54 40 de
383 844 263 41 Schumann
668 845 16 49 (
688 844 221 40 Bittendes
930 843 122 41 Kind
1054 845 31 49 ),
1111 845 182 51 exquise
1314 852 124 32 entre
1475 853 159 38 toutes,
1674 847 75 49 qui
1773 846 174 39 conclut
1984 859 75 26 sur
2097 859 58 26 un

152 915 154 39 accord
328 914 53 39 de
402 929 19 35 7
429 922 15 18 e
451 945 7 8 .
487 913 64 40 M.
578 912 551 53 Bourgault-Ducoudray
1151 926 53 26 en
1227 927 21 25 a
1272 912 78 41 fait
1374 922 153 31 autant
1558 913 111 40 dans
1702 927 47 26 sa
1776 913 287 53 Conjuration
2086 914 72 39 des

148 984 133 52 fleurs
288 1014 8 8 .
324 982 30 40 Il
388 981 117 42 suffit
528 983 53 39 de
602 982 216 52 quelques
841 981 224 52 exemples
1101 981 53 40 de
1189 994 47 27 ce
1258 995 153 37 genre,
1439 981 101 40 bien
1564 986 240 45 constatés,
1845 995 114 40 pour
1982 982 175 40 exclure

152 1051 129 40 l'idée
303 1051 53 40 de
378 1065 19 22 «
420 1051 58 40 loi
505 1066 35 33 »,
566 1059 41 32 et
628 1063 104 27 avec
755 1050 83 40 elle
863 1059 119 31 toute
1006 1049 169 41 théorie
1200 1051 352 51 mathématique
1576 1049 159 42 fondée
1768 1064 75 27 sur
1866 1051 63 39 les
1952 1059 205 44 rapports

153 1120 199 53 simples.
383 1118 68 41 En
481 1127 94 32 tout
598 1133 88 33 cas,
727 1117 145 42 l'écart
893 1132 99 27 vers
1030 1119 39 39 la
1100 1118 270 41 dissonance
1396 1127 64 32 est
1488 1133 86 27 une
1599 1132 20 25 «
1643 1119 59 40 loi
1727 1132 18 24 »
1773 1127 94 33 tout
1901 1120 121 41 aussi
2055 1118 102 41 bien

154 1202 85 38 que
262 1188 39 40 la
328 1188 214 40 tendance
566 1192 21 35 à
609 1186 186 42 l'accord
817 1196 266 32 consonant.

209 1260 42 36 8°
271 1256 62 40 M.
351 1254 231 43 Gandillot
598 1257 253 50 dogmatise
872 1265 96 43 trop
983 1256 44 39 in
1049 1256 225 40 abstracto.
1293 1255 71 42 On
1385 1270 52 26 ne
1453 1258 83 38 sait
1553 1270 79 39 pas
1655 1257 144 52 quelle
1817 1256 116 40 estla
1954 1258 206 50 musique

157 1326 107 51 qu'il
289 1338 45 27 se
355 1337 190 39 propose
568 1324 291 52 d'expliquer.
884 1323 30 41 Il
939 1339 21 25 a
983 1322 95 42 l'air
1096 1325 54 39 de
1172 1326 248 38 construire
1446 1340 59 25 un
1526 1330 193 47 système
1762 1324 175 47 absolu,
1980 1324 176 40 valable

153 1407 52 26 en
228 1394 65 39 soi
317 1402 40 31 et
380 1407 80 38 par
479 1394 82 46 soi,
587 1407 24 24 a
630 1392 155 54 priori.
811 1391 78 48 Or,
916 1397 22 35 à
963 1393 147 39 moins
1149 1393 134 52 qu'on
1308 1406 53 26 ne
1402 1406 140 37 songe
1563 1397 21 35 à
1617 1392 156 41 fonder
1795 1406 86 27 une
1907 1406 19 24 «
1951 1395 207 49 musique

154 1463 51 38 de
229 1460 183 41 l'avenir
435 1474 37 36 »,
500 1474 56 27 ou
596 1459 134 53 qu'on
771 1474 54 26 ne
852 1461 162 39 veuille
1039 1460 109 41 faire
1180 1461 54 40 de
1257 1461 182 52 simples
1472 1463 216 38 exercices
1710 1461 53 40 de
1788 1463 298 45 numération,
2112 1475 47 26 ce

154 1529 111 41 n'est
288 1543 80 39 pas
401 1530 38 39 là
465 1529 38 40 le
528 1529 89 40 rôle
641 1528 132 41 d'une
797 1529 184 40 théorie.
1008 1528 97 41 Une
1125 1529 170 40 théorie
1319 1543 20 26 a
1365 1543 114 38 pour
1500 1529 118 52 objet
1641 1529 275 52 d'expliquer
1932 1529 77 40 des
2029 1528 101 41 faits
2147 1545 8 31 ;

155 1608 40 31 et
214 1598 61 41 M.
303 1597 230 42 Gandillot
557 1597 149 41 oublie
729 1597 54 40 de
806 1611 113 26 nous
948 1597 93 40 dire
1065 1599 35 38 si
1124 1597 103 42 c'est
1250 1597 39 40 la
1316 1599 206 50 musique
1546 1599 58 39 du
1650 1611 161 38 moyen
1834 1601 98 47 âge,
1973 1611 56 27 ou
2050 1598 109 40 celle

153 1668 53 39 de
228 1667 37 40 la
289 1667 319 48 Renaissance,
623 1679 56 28 ou
691 1666 106 40 celle
813 1666 57 40 du
893 1681 68 24 xix
966 1676 12 17 e
999 1675 40 31 et
1058 1667 59 39 du
1136 1675 71 30 xx°
1227 1667 130 39 siècle
1374 1665 105 53 qu'il
1500 1675 99 32 veut
1617 1666 243 53 expliquer.
1878 1666 85 40 Les
1984 1679 18 25 «
2028 1666 83 40 lois
2136 1679 19 24 »

155 1738 73 50 qui
254 1745 99 31 sont
385 1734 274 54 applicables
684 1739 21 35 à
736 1734 117 40 l'une
876 1734 53 40 de
952 1748 70 26 ces
1046 1735 203 52 périodes
1273 1748 53 26 ne
1368 1735 39 40 le
1432 1744 100 31 sont
1556 1748 80 39 pas
1660 1740 22 34 à
1707 1743 96 32 tout
1845 1735 39 39 le
1925 1743 129 31 reste.
2096 1734 62 40 De

155 1809 159 43 même,
341 1818 46 26 ce
410 1806 75 50 qui
503 1813 66 31 est
590 1806 95 37 vrai
715 1804 52 39 de
793 1804 39 38 la
857 1804 208 51 musique
1100 1804 289 49 gréco-latine
1425 1804 60 49 (la
1526 1804 144 48 nôtre)
1702 1816 53 27 ne
1791 1802 95 42 l'est
1923 1816 77 39 pas
2041 1804 53 38 de
2117 1803 39 39 la

155 1875 208 50 musique
380 1872 229 41 orientale.
633 1870 126 42 Nous
780 1886 138 26 avons
942 1871 151 53 publié
1115 1872 112 40 dans
1248 1872 40 40 la
1312 1871 142 41 Revue
1473 1871 200 40 musicale
1694 1885 86 27 une
1807 1873 111 39 série
1937 1871 219 41 d'articles

154 1943 53 39 de
230 1940 62 42 M.
329 1941 145 41 Raoul
499 1940 157 47 Yekta,
682 1941 53 39 de
759 1939 389 53 Constantinople,
1183 1942 93 50 qui,
1303 1946 128 46 après
1463 1955 58 25 un
1564 1940 199 50 échange
1801 1939 356 42 d'observations

156 2024 102 27 avec
282 2010 59 40 M.
370 2008 198 43 Gustave
590 2008 144 53 Lyon,
757 2022 114 27 nous
893 2023 21 25 a
936 2009 231 40 démontré
1191 2022 85 38 que
1299 2017 95 32 tout
1432 2022 47 26 ce
1499 2010 74 50 qui
1608 2010 105 39 était
1735 2008 114 52 juste
1870 2023 55 25 au
1942 2009 123 51 point
2103 2009 53 39 de

154 2093 84 26 vue
261 2082 223 49 européen
505 2081 104 37 était
624 2076 102 41 faux
745 2091 54 26 au
818 2078 127 51 point
964 2077 53 39 de
1031 2090 84 27 vue
1130 2077 204 50 oriental,
1348 2086 58 41 et,
1420 2075 299 54 quelquefois,
1740 2078 388 51 réciproquement
2144 2091 9 33 ;

154 2149 27 39 il
207 2162 21 25 a
251 2147 148 41 donné
420 2148 113 39 ainsi
557 2146 40 39 la
622 2159 176 27 mesure
814 2146 78 39 des
916 2154 125 32 notes
1062 2145 113 40 dans
1196 2145 38 40 la
1260 2159 179 37 gamme
1461 2145 215 42 orientale
1695 2145 54 40 de
1769 2145 69 40 sol
1856 2145 148 51 (mode
2020 2143 110 43 Niha-

154 2216 134 49 vend)
314 2227 7 28 :

212 3098 62 40 M.
301 3096 231 42 Gandillot
565 3095 244 42 trouve-t-il
834 3096 38 39 là
910 3109 85 26 une
1028 3095 270 52 application
1339 3094 55 40 de
1417 3093 39 40 la
1482 3093 57 40 loi
1574 3094 78 39 des
1698 3101 203 44 rapports
1938 3093 183 52 simples
2143 3097 15 35 ?

158 3165 338 54 Supprime-t-il
516 3164 106 41 d'un
647 3166 101 39 trait
767 3164 54 39 de
845 3164 165 52 plume,
1035 3177 113 38 pour
1176 3163 38 39 la
1238 3162 269 41 commodité
1529 3162 52 41 de
1603 3175 69 27 ses
1698 3162 396 46 démonstrations,
2117 3161 38 39 la

156 3238 208 50 musique
388 3234 214 41 orientale
621 3238 16 34 ?
656 3233 83 55 J'ai
777 3232 224 53 plusieurs
1024 3233 292 39 instruments
1341 3229 207 42 africains
1573 3235 22 36 à
1632 3243 104 28 sons
1770 3229 107 41 fixes

156 3309 193 48 envoyés
374 3304 53 39 de
459 3315 109 40 pays
591 3300 245 50 différents,
862 3309 40 32 et
925 3307 56 34 où
1012 3300 63 40 les
1098 3309 128 31 notes
1249 3300 54 40 de
1335 3300 39 40 la
1409 3313 181 38 gamme
1620 3308 100 32 sont
1755 3312 54 27 en
1832 3307 207 44 rapports
2072 3304 86 34 très

157 3373 268 53 complexes.

201 3537 47 40 (i)
273 3537 60 34 Ici,
358 3540 30 29 le
400 3537 174 41 prétendu
593 3546 18 22 «
635 3535 128 33 accord
784 3544 19 24 »
825 3535 50 31 mi
894 3535 44 40 bb,
957 3535 31 31 la
1010 3533 24 37 Ù
1051 3559 8 13 ,
1080 3535 42 30 do
1129 3559 7 14 ,
1155 3533 210 44 réapparaît
1385 3545 139 22 comme
1544 3544 70 22 une
1625 3533 267 43 appoggiature
1910 3533 84 33 d'un
2013 3542 124 23 renver-

159 3595 137 25 sement
316 3587 43 33 de
382 3586 157 34 l'accord
562 3587 43 32 de
621 3586 52 32 50/
705 3587 39 34 b.
