2372 4468
800 358 322 52 BRUNO'S
1231 354 327 55 WEEKLY

176 372 92 41 440

176 469 63 53 of
280 468 101 51 last
418 467 243 62 year—if
705 467 24 48 I
772 464 312 58 reme'mber,
1127 463 89 50 the
1256 459 240 50 Arabian
1539 456 378 60 Nights—was
1959 468 30 35 a
2031 449 159 51 much

176 533 269 52 talked-of
492 548 226 42 success,
761 530 103 50 and
908 527 347 62 participants
1298 524 106 51 and
1447 530 181 55 guests
1673 537 91 34 are
1807 516 221 61 looking
2073 515 88 51 for-

177 599 147 50 ward
355 596 213 61 eagerly
593 604 55 42 to
677 595 88 50 the
791 594 121 51 ball.

240 703 231 52 Coulton
506 702 218 58 Waugh
761 699 255 60 designed
1054 697 206 51 several
1293 693 338 61 book-plates
1669 708 131 45 very
1835 687 355 61 successfully

174 772 106 48 and
310 770 70 49 all
410 769 67 48 he
508 769 231 56 demurs,
771 765 53 50 in
859 762 288 61 Executing
1179 759 372 52 commissions
1585 757 60 52 of
1678 757 105 49 this
1818 762 127 52 sort,
1978 770 91 33 are
2100 751 90 51 the

174 837 146 48 ideas
355 834 59 50 of
449 834 88 50 the
569 831 187 61 people
789 830 119 50 who
941 829 134 49 wish
1106 835 55 42 to
1195 844 122 33 own
1350 826 89 49 the
1470 821 354 61 book-plates.
1890 821 108 49 But
2030 816 158 52 that's

177 900 120 50 how
334 899 40 48 it
410 897 44 50 is
490 897 54 49 in
582 895 104 51 this
724 894 187 50 world.
983 892 150 60 Song
1164 891 148 50 birds
1352 890 53 48 in
1442 889 127 61 gold
1607 903 155 43 cages
1801 884 139 52 can't
1978 882 119 61 sing
2135 882 53 50 in

174 965 89 48 the
300 964 168 59 night.
543 960 166 49 Their
748 958 242 50 mistress
1029 956 193 51 wishes
1263 962 54 43 to
1359 955 141 59 sleep
1541 952 103 51 and
1683 950 277 50 therefore
1999 955 188 44 covers

174 1030 145 49 them
367 1027 129 51 with
545 1044 29 33 a
620 1024 117 51 nice
784 1024 103 51 silk
932 1018 408 55 handkerchief.

181 1138 137 47 Tom
352 1135 269 58 Sleeper’s
644 1134 344 55 Awakening

236 1215 239 62 Judging
516 1214 145 49 from
701 1230 90 44 my
827 1211 141 60 mail,
1009 1211 139 49 Tom
1192 1208 260 61 Sleeper's
1495 1205 246 61 speckled
1778 1205 106 50 heto
1922 1203 198 52 caused
2157 1218 34 34 a

173 1283 143 60 good
348 1297 163 44 many
540 1279 61 51 of
633 1279 89 49 the
985 1284 54 43 to
1072 1276 207 50 scratch
1310 1271 138 53 their
1480 1271 181 51 heads.
1687 1333 11 13 _
1719 1271 50 50 It
1800 1269 109 50 will
1937 1271 64 48 be
2031 1285 70 43 up
2134 1276 56 41 to

172 1347 91 50 the
306 1345 204 59 sleeper
554 1343 146 50 from
743 1343 89 50 the
874 1341 137 49 New
1053 1341 189 60 Jersey
1283 1337 122 51 hills
1449 1337 104 51 and
1597 1333 171 64 plains
1810 1342 56 43 to
1909 1351 94 43 say
2045 1331 145 51 what

173 1412 67 52 he
286 1411 168 59 re'ally
497 1417 193 42 meant.
783 1407 53 50 If
884 1406 41 49 it
972 1406 42 49 is
1063 1406 174 49 worth
1287 1402 156 51 while
1490 1411 53 40 to
1593 1401 209 52 scratch
1849 1401 105 48 and
2001 1407 54 42 to
2105 1397 86 61 lay

174 1492 127 43 eggs
344 1482 55 43 to
441 1473 155 51 make
637 1490 151 33 more
830 1469 246 62 speckled
1118 1468 249 51 chickens
1411 1483 61 34 or
1513 1473 109 44 not.
1701 1464 150 51 Even
1893 1464 66 50 D.
2002 1463 189 60 Molby

173 1540 194 51 looked
412 1556 70 44 up
527 1538 145 51 from
714 1537 83 52 his
841 1535 330 59 microscope
1217 1533 103 49 and
1364 1531 144 51 after
1552 1530 208 50 careful
1805 1526 386 52 macrocosmic

174 1605 104 50 and
314 1601 372 52 microcosmic
720 1599 398 53 consideration
1157 1597 220 51 decided
1415 1604 55 43 to
1509 1595 147 51 draw
1693 1611 31 33 a
1758 1592 207 63 picture
2101 1591 90 51 the

171 1670 104 51 hen
311 1686 58 35 so
403 1670 138 49 Tom
570 1666 173 61 might
774 1680 86 38 see
891 1665 95 49 her
1019 1672 54 42 at
1104 1662 165 52 work.
1331 1661 117 51 The
1481 1661 154 51 other
1669 1660 183 51 letters
1886 1660 26 49 I
1946 1656 244 53 received

173 1735 25 49 I
233 1735 247 49 referred
512 1741 55 42 to
601 1732 89 50 the
723 1731 202 58 society
957 1730 90 49 for
1081 1728 105 60 city
1218 1727 104 51 and
1358 1733 228 52 country
1618 1723 301 52 economics
1955 1723 108 51 and
2100 1722 91 52 for

174 1797 343 60 sociological
554 1796 264 50 research.
887 1793 152 61 They
1073 1792 110 51 will
1217 1791 154 50 make
1409 1791 142 55 good
1589 1788 244 51 material
1872 1788 89 51 for
1998 1805 190 44 papers

172 1871 54 43 to
268 1864 64 50 be
375 1863 127 49 read
545 1862 53 49 in
640 1860 192 61 Junior
873 1859 242 59 Leagues
1158 1857 106 50 and
1308 1854 261 52 dramatic
1613 1853 202 61 sewing
1860 1853 200 49 circle's.

179 1968 52 46 A
256 1966 134 47 War
413 1966 132 56 Play
568 1968 55 45 in
657 1965 228 47 Bruno’s
920 1965 198 47 Garret

239 2046 141 50 Vida
421 2044 365 52 Ravenscroft
823 2044 196 51 Sutton
1057 2046 127 48 read
1223 2043 104 51 last
1362 2043 242 60 Monday
1640 2042 51 49 in
1729 2040 231 51 Bruno's
1999 2039 195 51 Garret

174 2112 97 50 her
316 2128 112 34 war
474 2110 123 61 play
639 2108 55 52 in
738 2119 108 42 two
893 2126 198 43 scenes,
1753 2107 175 49 which
1975 2104 108 52 will
2128 2107 66 48 be

174 2176 273 61 produced
485 2176 54 47 in
576 2175 88 50 the
697 2192 130 33 near
865 2174 184 51 future
1085 2190 70 35 on
1192 2190 66 33 an
1293 2179 244 55 up-town
1575 2171 206 61 private
1820 2179 163 52 stage*.
2055 2169 137 51 Miss

178 2241 194 51 Sutton
419 2240 44 51 is
507 2258 29 31 a
578 2256 132 44 very
752 2240 142 61 good
939 2239 206 49 reader.
1235 2237 106 51 She
1387 2239 95 50 has
1531 2254 28 32 a
1604 2237 242 59 pheasant
1890 2235 150 51 voice
2088 2235 106 51 and

172 2322 70 33 no
281 2312 194 42 matter
513 2305 145 49 what
695 2303 93 51 she
824 2303 155 51 reads
1019 2320 101 33 one
1157 2301 158 51 could
1354 2301 156 51 listen
1550 2308 54 44 to
1642 2301 97 49 her
1777 2298 130 52 with
1945 2298 249 61 pleasure!

174 2371 90 48 for
299 2369 181 50 hours.
550 2369 107 50 She
691 2369 97 51 has
819 2369 134 50 been
988 2367 52 49 in
1076 2367 197 51 Russia
1310 2367 104 49 and
1451 2366 94 50 she
1579 2364 234 63 pictures
1852 2366 51 48 in
1938 2366 97 49 her
2069 2364 125 61 play

182 2434 90 51 the
328 2433 232 52 Russian
619 2433 113 52 life.
846 2432 107 52 She
1010 2432 169 59 really
1233 2439 204 43 creates
1496 2448 66 32 an
1621 2439 145 42 atmo
1774 2448 16 18 c
1799 2430 162 60 phere
2018 2429 176 50 which

172 2499 162 61 keeps
374 2517 68 33 on
480 2499 162 61 being
680 2496 350 64 sympathetic
1067 2513 133 35 even
1241 2496 144 51 after
1424 2513 80 34 we
1542 2495 193 51 realize
1776 2496 89 50 the
1904 2495 288 51 crudeness

170 2564 65 51 of
281 2564 55 51 it.

240 2660 289 51 Theodore
564 2659 318 61 Schroeder,
918 2658 61 52 of
1016 2659 106 51 Cos
1158 2658 127 61 Cob,
1324 2658 184 62 Conn.,
1542 2656 240 52 lectured
1818 2658 102 50 last
1956 2656 147 51 week
2138 2655 54 52 in

176 2725 139 51 New
357 2725 154 50 York
555 2725 104 50 and
704 2724 52 49 in
803 2722 275 61 Brooklyn
1127 2725 104 48 and
1277 2721 124 62 paid
1446 2721 82 51 his
1574 2721 127 51 visit
1745 2730 56 43 to
1849 2722 88 50 the
1981 2722 211 61 village.

182 2873 510 86 Children’s
723 2873 260 83 Hour
1012 2906 124 50 on
1161 2871 154 85 the
1346 2873 345 98 Square

186 3008 189 54 TTHE
409 3008 203 61 change
648 3007 52 51 in
736 3007 88 51 the
859 3007 438 51 we'ather—even
1334 3007 104 52 last
1470 3006 193 56 week's
1702 3007 254 52 snowfall
1993 3008 206 53 doesn't

314 3082 203 59 change
551 3080 91 50 the
676 3096 253 43 program
968 3080 61 50 of
1066 3080 90 50 the
1194 3078 300 52 Children's
1532 3081 160 51 Hour
1729 3099 68 33 on
1834 3080 363 61 Washington

184 3147 221 60 Square.
490 3146 107 50 Mr.
642 3146 222 50 Charles
908 3146 205 50 Edison
1155 3146 148 61 plays
1346 3163 124 33 now
1514 3146 50 49 in
1608 3146 89 50 the
1741 3146 190 50 winter
1975 3163 57 36 as
2077 3146 120 52 well

183 3228 57 34 as
273 3210 52 50 in
358 3212 89 50 the
478 3219 120 54 past
630 3228 235 33 summer
897 3210 232 61 months,
1161 3210 89 52 the
1283 3218 121 53 part
1435 3210 61 51 of
1531 3213 89 48 the
1653 3210 170 52 music
1854 3228 124 33 man
2012 3212 61 50 of
2108 3212 89 50 the

182 3276 241 51 children
459 3278 61 51 of
557 3276 316 53 Greenwich
906 3276 228 60 Village.
1199 3276 348 61 Wednesday
1583 3279 103 48 and
1725 3278 269 59 Saturday
2027 3278 142 49 after-

183 3359 174 34 noons
391 3341 159 62 bring
583 3342 145 51 them
764 3340 170 52 music
968 3342 104 50 and
1108 3341 242 60 dancing,
1391 3341 110 50 real
1537 3341 95 60 joy
1666 3344 103 48 and
1806 3344 327 49 merriment.

248 3409 148 49 Near
446 3409 90 52 the
586 3409 164 59 Arch,
803 3409 208 50 around
1065 3410 88 48 the
1209 3407 263 54 fountain,
1528 3406 184 62 facing
1762 3409 89 49 the
1903 3416 146 51 west,
2103 3421 92 36 are

184 3473 286 51 children's
504 3472 381 62 playgrounds,
922 3473 179 50 closed
1138 3482 55 41 to
1231 3471 89 51 the
1355 3472 182 51 traffic.
1604 3472 117 51 The
1757 3471 271 52 Diamond
2067 3471 129 52 Disc

183 3539 45 51 is
276 3538 312 62 furnishing
629 3539 146 51 them
817 3538 170 51 music
1031 3538 103 51 and
1180 3538 88 51 the
1312 3536 135 52 little
1489 3538 131 60 boys
1663 3539 105 50 and
1811 3537 131 61 girls
1987 3538 137 52 have
2168 3555 31 33 a

184 3605 200 51 chance
433 3612 55 43 to
537 3612 91 53 get
675 3603 316 61 acquainted
1044 3602 130 50 with
1225 3602 229 62 dancing
1504 3602 267 61 etiquette.
1867 3603 192 51 Under
2108 3602 91 52 the

183 3669 339 63 supervision
570 3670 63 51 of
680 3678 301 53 competent
1029 3669 241 51 teachers
1320 3670 103 48 and
1471 3685 211 35 women
1730 3669 121 51 who
1899 3669 137 49 have
2082 3668 87 52 vol-

183 3736 260 51 unteered
482 3735 139 51 their
661 3735 230 52 services
930 3753 56 33 as
1025 3734 327 61 chaperones
1391 3735 104 49 and
1534 3734 182 50 dames
1759 3734 65 50 de
1860 3734 166 61 garde
2064 3749 135 46 open

174 3801 88 52 air
306 3801 165 52 social
515 3802 193 51 dances
751 3801 110 52 will
903 3802 65 50 be
1011 3801 266 59 arranged
1321 3800 52 50 in
1415 3801 90 49 the
1548 3816 130 34 near
1724 3800 199 50 future.
