3459 4366
1655 171 103 49 165

129 298 108 48 rede
268 298 81 47 der
378 299 253 61 Elisabeth,
677 306 83 46 wie
797 306 63 47 sie
903 307 81 47 der
1011 308 264 64 Evangelist
1303 310 147 48 Lucas
1482 311 110 65 Cap.
1622 313 31 47 I.

131 376 113 47 Vers
268 374 70 49 46
367 374 65 49 bis
457 378 69 48 55
553 378 265 51 überliefert
847 382 90 48 hat.
966 383 75 47 Sie
1074 383 188 65 beginnt
1293 387 78 47 mit
1398 386 86 49 den
1511 388 107 49 Wor-

127 461 75 40 ten
251 452 81 48 der
383 454 223 65 Vulgata:
668 496 16 18 „
694 457 286 68 Magnificat
1020 459 158 53 anima
1218 479 103 34 mea

127 531 208 63 („Meine
357 533 130 47 Seele
517 534 191 50 erhebet
736 538 85 47 den
1101 539 89 47 und
1214 541 203 49 schliesst
1439 543 78 47 mit
1542 545 111 47 Vers

129 607 96 49 55:
433 606 164 57 „Sicut
809 608 174 52 locutus
1209 616 67 45 est
1394 614 66 49 ad
1573 617 80 65 pat

147 682 121 52 mini
456 701 100 34 eius
733 684 52 52 in
912 689 184 50 saeeula
1105 698 16 18 11
767 691 169 66 („Wie
974 711 49 30 er
1053 696 188 62 geredet
1271 697 76 47 hat
1375 715 52 29 zu
1460 715 192 33 unseren

127 763 188 53 Vätern,
345 764 239 51 Abraham
617 768 90 47 und
736 771 171 47 seinem
938 772 168 47 Samen

244 840 83 49 Die
352 842 279 52 katholische
655 847 169 48 Kirche
847 847 79 48 hat
954 849 120 49 diese
1097 851 127 47 Rede
1255 852 41 47 in
1327 852 98 47 ihre
1448 853 205 65 Liturgie

123 917 62 48 als
216 918 129 47 einen
377 919 278 68 Lobgesang
686 924 374 65 aufgenommen,
1091 943 133 32 wann
1257 929 127 56 aber,
1416 931 110 45 wird
1558 931 93 48 sich

124 994 136 48 kaum
292 995 147 49 sicher
471 998 269 51 bestimmen
772 1003 170 48 lassen:
980 1004 132 49 allein
1141 1006 139 48 schon
1312 1006 143 48 durch
1487 1007 71 48 die
1586 1009 42 47 äl-

119 1082 128 38 teren
278 1074 310 51 italiänischen
613 1079 553 68 Kirchen-Componisten
1199 1084 158 47 wurde
1388 1084 261 51 demselben

120 1150 99 47 eine
260 1153 313 49 musicalische
603 1157 137 48 Form
783 1159 226 64 gegeben,
1055 1160 172 49 welche
1268 1160 258 50 traditionel
1572 1181 51 47 ge-

124 1227 186 48 worden
343 1229 66 48 ist.
467 1233 88 47 Am
588 1232 329 52 bekanntesten
946 1237 113 48 oder
1089 1238 272 63 wenigstens
1399 1249 220 55 genannte-

115 1313 99 39 sten
260 1307 52 45 ist
350 1323 85 33 von
477 1309 151 50 diesen
674 1314 170 47 älteren
885 1315 371 64 Compositionen
1298 1315 71 49 die
1409 1334 83 31 von
1538 1319 72 47 Du-

120 1390 196 49 rante,
359 1388 173 47 welche
562 1389 117 48 auch
711 1392 166 48 einmal
908 1393 81 47 auf
1022 1394 147 47 einem
1201 1393 446 52 niederrheinischen

120 1461 265 50 Musikfeste
415 1463 168 65 (1843
614 1486 53 29 zu
701 1470 204 64 Aachen)
937 1472 272 63 aufgeführt
1237 1473 186 47 worden
1454 1474 67 48 ist.

232 1540 114 47 Jene
379 1541 138 49 Form
550 1545 180 49 machte
759 1563 81 31 aus
872 1548 85 47 den
988 1549 110 47 zehn
1133 1549 170 48 Versen
1335 1549 81 48 der
1448 1552 199 64 Vulgata

119 1616 212 49 meistens
359 1619 111 48 zehn
501 1623 322 49 verschiedene
853 1625 449 65 Gesangnummern,
1332 1629 173 47 welche
1534 1629 90 48 will-

120 1693 174 49 kürlich
338 1696 104 49 dem
475 1699 124 48 Chor
639 1700 113 49 oder
781 1703 140 54 einer,
961 1704 116 48 auch
1107 1705 109 49 zwei
1247 1705 110 49 oder
1388 1705 94 50 drei
1514 1708 103 47 Solo-

110 1773 215 48 stimmen
355 1776 247 63 zugetheilt
626 1780 208 52 wurden,
863 1798 49 31 so
936 1782 101 48 dass
1061 1783 82 48 der
1173 1785 348 64 ursprüngliche
1553 1787 93 47 rein

112 1849 250 65 subjective
392 1853 258 50 Charakter
679 1856 78 49 des
787 1859 167 48 Textes
994 1860 131 47 mehr
1161 1862 111 48 oder
1317 1863 202 63 weniger
1547 1879 72 32 ver-

109 1928 221 49 schwand
362 1931 91 47 und
485 1933 41 47 in
559 1934 83 48 den
674 1936 122 47 eines
827 1938 299 63 allgemeinen
1153 1939 326 65 Lobgesanges
1510 1942 108 47 über-

119 2005 123 65 ging.
296 2009 82 47 Um
411 2008 154 50 diesen
598 2013 179 66 würdig
809 2014 378 57 abzuschliessen,
1219 2016 137 49 nahm
1389 2034 104 32 man
1525 2018 119 48 dann

114 2084 117 47 noch
263 2084 71 49 die
366 2088 193 49 Worte:
1079 2089 163 51 Gloria
1454 2090 142 69 patri

120 2164 122 46 sicut
438 2165 103 47 erat
713 2161 51 51 in
872 2164 243 70 principio
1434 2171 45 46 et
1597 2185 56 33 nu

110 2239 319 52 saeculorum!
456 2243 181 53 Amen!
664 2248 184 61 („Ehre
871 2249 61 47 sei
957 2249 102 48 dem
1079 2251 141 47 Vater
1243 2250 93 48 und
1361 2250 102 50 dem
1489 2254 155 47 Sohne

115 2315 90 47 und
237 2316 102 50 dem
373 2319 193 66 heiligen
599 2323 169 57 Geiste,
809 2326 85 47 wie
938 2343 84 32 von
1054 2329 246 65 Anbeginn
1338 2330 89 47 und
1474 2330 172 48 allezeit

112 2410 85 31 von
228 2395 230 65 Ewigkeit
486 2417 51 30 zu
570 2401 249 64 Ewigkeit!
1112 2406 146 49 hinzu.

232 2472 46 46 In
317 2474 122 49 diese
472 2477 136 49 Form
650 2480 98 47 sind
794 2483 115 47 auch
955 2483 70 48 die
1070 2484 162 48 beiden
1271 2485 372 65 Compositionen

114 2550 78 47 des
341 2549 272 69 Magnificat
614 2573 18 30 von
668 2559 228 48 Johann
940 2561 307 50 Sebastian
1286 2564 89 47 und
1416 2564 227 65 Philipp

115 2627 278 50 Emanuel
442 2632 144 49 Bach
627 2651 238 49 gegossen.

231 2706 99 48 Von
355 2707 102 50 dem
786 2709 166 68 Magnificat
953 2716 123 47 Johann
1077 2716 277 50 Sebastian'
1365 2734 20 32 s
1413 2718 96 48 sind
1533 2718 109 47 zwei

117 2784 259 50 Partituren
421 2789 82 45 auf
540 2790 81 47 der
658 2791 290 65 königlichen
981 2794 256 49 Bibliothek
1276 2813 51 29 zu
1361 2796 149 47 Berlin
1540 2811 77 32 vor-

115 2861 179 50 handen
339 2865 99 63 (aus
479 2866 80 48 der
589 2870 273 66 Sammlung
900 2889 84 32 von
1018 2874 239 63 Pölchau),
1300 2874 73 48 die
1416 2875 141 47 ältere
1600 2875 43 47 in

115 2937 188 51 Es-dur
343 2944 266 63 (gestochen
642 2946 69 48 bei
743 2950 54 46 N.
829 2950 206 47 Simrock
1077 2951 42 47 in
1154 2951 145 54 Bonn,
1348 2951 181 64 1811),
1572 2950 71 48 die

112 3021 177 61 spätere
321 3020 41 47 in
387 3021 186 62 D-dur,
603 3040 84 32 von
717 3025 83 48 der
827 3027 447 49 Bach-Gesellschaft
1302 3030 142 47 durch
1473 3030 170 47 Wilh.

117 3096 73 47 Hu
205 3105 45 39 st
282 3099 40 47 in
358 3101 147 47 Berlin
532 3102 39 47 in
598 3102 102 49 dem
726 3106 79 47 XI.
832 3106 155 48 Bande
1017 3107 81 47 der
1126 3109 313 47 sämmtlichen
1467 3107 176 50 Werke

109 3173 39 47 J.
180 3175 45 47 S.
260 3176 160 48 Bach's
461 3177 218 68 (Leipzig,
726 3182 68 49 bei
842 3184 240 64 Breitkopf
1116 3185 89 47 und
1255 3186 174 53 Härtel,
1481 3185 161 54 1862,

117 3267 68 47 gr.
221 3253 113 65 Fol.)
368 3256 394 66 herausgegeben.

232 3332 144 48 Einen
402 3337 319 49 wesentlichen
749 3340 297 48 Unterschied
1081 3342 80 46 der
1192 3341 162 48 beiden
1382 3344 257 45 Partituren

112 3406 167 58 bilden,
301 3427 157 32 ausser
481 3412 102 50 dem
607 3415 214 49 Wechsel
842 3417 81 47 der
946 3419 223 63 Tonart*)
1191 3419 90 47 und
1312 3420 177 63 einigen
1517 3421 91 46 Aen-

109 3483 240 69 derungen
393 3491 42 47 in
473 3491 80 48 der
584 3495 189 47 zweiten
806 3496 329 65 Bearbeitung,
1175 3499 113 45 vier
1336 3497 303 65 Einlagen,

110 3565 174 48 welche
313 3567 92 48 sich
439 3586 85 31 nur
559 3571 67 47 bei
656 3572 82 47 der
776 3581 193 41 ersten
1011 3573 61 65 (in
1220 3575 153 48 finden
1415 3576 91 47 und
1531 3576 108 65 jetzt

109 3640 41 47 in
183 3641 81 49 der
294 3646 220 63 Ausgabe
545 3648 81 47 der
658 3650 448 50 Bach-Gesellschaft
1145 3654 42 46 in
1232 3654 147 46 einem
1411 3654 228 63 Anhange

109 3720 79 47 mit
216 3722 288 65 abgedruckt
532 3727 113 48 sind.

227 3800 108 48 Wir
364 3801 167 49 theilen
560 3805 71 48 die
655 3806 254 47 Nummern
941 3806 77 48 des
1044 3808 339 64 Hauptwerkes
1413 3810 113 47 nach
1559 3810 82 47 der

105 3873 205 52 Partitur
339 3880 42 47 in
708 3881 174 49 D-dur
606 3886 80 46 mit
715 3883 90 49 und
839 3885 247 48 bemerken
1117 3886 71 47 die
1219 3887 169 47 Stellen
1418 3887 82 47 der
1531 3890 107 44 Ein-

208 4003 39 49 *)
276 4007 61 34 W.
359 4007 96 35 Rust
483 4009 78 34 und
585 4010 92 36 Rob.
699 4012 123 34 Franz
851 4012 144 47 gleiten
1023 4012 94 35 über
1146 4012 72 35 den
1240 4013 183 37 Wechsel
1450 4014 66 36 der
1539 4015 75 35 Ton-

103 4068 59 30 art
190 4066 99 35 ohne
318 4068 154 35 weitere
498 4070 295 48 Bemerkungen
825 4071 164 49 hinweg,
1019 4074 78 34 und
1126 4073 98 35 doch
1253 4075 48 34 ist
1330 4087 41 22 er
1398 4087 73 24 von
1493 4076 122 36 Bedeu-

105 4128 94 45 tung
225 4127 41 35 in
294 4128 132 47 Bezug
454 4132 70 33 auf
556 4131 61 36 die
644 4134 125 44 Frage
804 4145 78 24 von
911 4135 66 34 der
1005 4134 306 36 Charakteristik
1340 4136 65 36 der
1433 4137 207 38 Tonarten.

1754 313 132 64 lagen
1919 315 77 47 mit
2025 315 61 61 A,
2121 317 63 61 B,
2217 320 48 59 C,
2297 321 67 58 D,
2409 324 84 47 wie
2531 325 61 47 sie
2625 326 119 50 Bach
2782 330 42 47 in
2864 329 78 50 der
2979 341 146 40 ersten
3158 336 81 47 Par-

1752 390 111 48 titur
1892 390 231 52 bestimmt
2151 395 137 50 hatte.

1869 470 81 47 Nr.
1997 470 41 48 1.
2081 472 170 55 Chor,
2293 476 315 66 fiinfstimmig.

1759 542 260 52 Dominum.
2055 546 20 26 3
2079 552 16 61 j
2103 569 35 31 4.
2170 550 181 50 D-dur.

1873 625 79 45 Nr.
1983 623 47 49 2.
2061 626 154 56 Solo,
2245 627 213 69 Soprano
2480 630 78 50 11.
2587 632 70 50 Et
2679 635 221 52 exultavii
2918 637 189 69 spiritus
3132 659 136 33 meus.

1755 696 20 28 3
1782 694 61 69 /8.
1870 699 185 50 D-dur.

2074 778 175 48 A.
2250 779 55 51 Choral:
2347 785 143 54 „Vom
2526 787 195 48 Himmel
2752 790 133 56 hoch,
2914 792 55 47 da
3002 793 165 49 komm'
3198 796 66 47 ich

2036 857 309 69 Vierstimmig
3016 879 32 31 a
3128 863 140 66 capella
2645 860 20 31 4
2671 863 61 69 /4.
2996 871 123 63 (Man
3151 875 92 47 erin-

1868 947 107 32 nere
2004 934 110 55 sich,
2145 936 101 48 dass
2277 938 71 47 die
2377 948 117 40 erste
2526 942 202 48 Partitur
2757 945 41 47 in
2827 943 71 51 Es
2923 947 164 64 stand.)

1869 1008 81 48 Nr.
1983 1008 47 50 3.
2061 1013 147 48 Solo.
2747 1013 209 69 Soprano
3219 1017 43 48 I.

1752 1075 44 74 V
1802 1102 38 33 4.
2009 1084 213 52 Fis-moll
2223 1094 61 45 mit
2314 1096 383 49 anschliessender

1867 1164 80 47 Nr.
1980 1166 47 47 4.
2061 1167 175 57 Chor,
2269 1169 316 65 fiinfstimmig.
2618 1173 166 51 Omnes
2804 1176 331 67 generationes.

1864 1241 80 48 Nr.
1976 1242 47 48 5.
2069 1246 162 53 Solo,
2828 1247 164 49 Basso.
3240 1249 28 63 Q
3180 1251 19 30 4
3208 1254 58 67 /4.

1747 1313 174 53 A-dur.

1980 1395 62 50 B.
2077 1399 168 54 „Freut
2276 1402 114 48 euch
2422 1403 89 47 und
2786 1407 170 57 Chor,
2975 1409 293 66 vierstimmig

1867 1474 75 46 für
1966 1474 29 47 2
2022 1477 223 63 Soprane,
2271 1481 73 45 Alt
2370 1481 88 47 und
2485 1483 153 47 Tenor
2662 1483 136 65 (ohne
2817 1484 139 66 Bass).
2984 1486 19 26 3
3008 1486 17 67 j
3033 1508 35 31 4.
3092 1488 176 48 B-dur.

1864 1550 80 49 Nr.
1977 1552 46 48 6.
2057 1554 191 54 Duett,
2829 1555 107 50 Alto
2961 1575 25 31 e
3213 1558 55 50 Te
3161 1562 38 28 u
3207 1564 60 68 js.

1746 1624 187 52 E-moll.

1864 1707 79 47 Nr.
1977 1707 45 48 7.
2042 1709 162 55 Chor,
2221 1710 315 65 fünfstimmig.
2983 1713 18 29 4
3007 1726 61 58 /4.

1980 1784 45 51 C.
2051 1785 160 51 Gloria
2237 1785 50 51 in
2311 1789 182 50 excelsis
2516 1790 110 50 Deo.
2652 1793 158 55 Chor,
2837 1795 314 61 fünfstimmig.

1862 1860 198 52 Es-dur.
2109 1865 104 64 (Die
2244 1868 169 65 einzige
2443 1869 207 65 Einlage,
2681 1873 170 47 welche
2881 1873 199 48 Pölchau
3114 1876 39 44 in
3185 1876 79 45 der

1860 1940 365 50 Simrock'schen
2258 1945 216 63 Ausgabe
2513 1945 76 49 hat
2620 1948 79 47 mit
2729 1948 263 49 abdrucken
3025 1952 141 45 lassen

1864 2018 371 51 wahrscheinlich
2279 2023 101 47 weil
2422 2023 81 48 der
2532 2024 116 48 Text
2687 2027 42 45 in
2772 2027 71 47 ihr
2880 2027 217 48 ebenfalls
3138 2028 104 47 latei-

1862 2095 121 48 nisch
2015 2096 84 64 ist.)

1860 2174 80 47 Nr.
1973 2173 46 49 8.
2051 2176 155 55 Solo,
2239 2175 180 51 Tenore.
2445 2176 467 70 Deposuitpotentes.
2933 2180 21 27 3
2958 2180 62 69 /U.
3036 2180 226 52 Fis-moll.

1860 2251 79 47 Nr.
1971 2251 48 49 9.
2048 2253 159 54 Solo,
2255 2253 118 50 Alto.
2422 2254 271 51 Esurientes
2745 2255 205 70 implevit
2994 2258 135 51 bonis.
3179 2255 19 29 4
3205 2258 59 67 /4.

1755 2324 176 52 E-dur.

2220 2405 66 51 D.
2441 2404 134 71 Virgo
2765 2406 146 51 Jesse.
3142 2409 126 49 F-du
2715 2413 300 49 unvollendet.

1862 2483 78 47 Nr.
1980 2483 80 49 10.
2090 2486 239 49 Terzett.
2364 2486 28 49 2
2424 2485 207 69 Soprani
2654 2504 23 32 e
2704 2489 116 48 Alto.
2848 2489 214 68 Smcepit
3087 2490 161 51 Israel

1736 2574 201 52 puerum
1963 2575 146 36 suum.
2145 2561 19 27 s
2168 2560 17 70 j
2192 2583 38 33 4.
2259 2564 189 49 H-moll.

1862 2640 80 47 Nr.
1980 2640 78 48 11.
2091 2641 176 55 Chor,
2306 2644 314 63 fünfstimmig.
2671 2643 133 50 Sicut
2842 2644 171 51 locutus
3054 2649 75 47 est.
3173 2643 20 29 4
3199 2664 61 48 /4.

1743 2715 185 51 D-dur.

1862 2795 78 47 Nr.
1978 2794 79 48 12.
2100 2795 172 55 Chor,
2319 2798 315 63 fünfstimmig.
2678 2796 177 61 Gloria,
2909 2795 19 29 4
2936 2813 65 52 /4,
3049 2801 88 46 und
3182 2818 52 30 an-

1743 2872 296 47 schliessend:
2406 2871 135 51 Sicut
2724 2875 104 47 erat
2980 2872 50 50 in
3123 2872 145 72 princip

1743 2965 115 32 rum.
1892 2949 161 49 Amen.
2090 2949 19 26 3
2113 2956 17 61 /
2138 2972 37 30 4.
2206 2950 181 49 D-dur.

1863 3029 84 47 Die
1973 3029 218 63 Einlagen
2215 3027 45 50 A
2291 3030 89 47 und
2410 3030 68 60 B,
2508 3030 222 49 vielleicht
2759 3032 113 47 auch
2906 3032 49 60 C,
2988 3034 121 47 hatte
3135 3035 118 46 Bach

1745 3105 373 48 wahrscheinlich
2170 3107 75 46 für
2286 3107 86 49 den
2419 3109 243 48 Gebrauch
2700 3110 77 47 des
2815 3107 285 69 Magnificat
3140 3111 115 47 beim

1742 3184 343 62 evangelischen
2116 3184 332 49 Gottesdienste
2481 3186 251 56 bestimmt;
2762 3187 39 47 in
2834 3187 72 47 die
2933 3189 155 47 zweite
3120 3190 108 46 Bear-

1743 3260 188 65 beitung
1963 3261 76 47 hat
2069 3278 48 30 er
2145 3261 61 47 sie
2236 3262 127 55 aber,
2396 3264 83 47 wie
2508 3273 175 54 gesagt,
2714 3265 122 47 nicht
2865 3265 364 63 aufgenommen.

1859 3339 241 47 Neuerlich
2127 3339 77 48 hat
2229 3356 90 31 nun
2342 3340 221 48 Robert
2591 3342 195 55 Franz,
2809 3341 81 48 der
2913 3344 81 45 auf
3011 3344 220 47 verdienst-

1741 3415 113 48 liche
1888 3417 158 47 Weise
2091 3417 74 47 für
2196 3417 71 49 die
2301 3419 307 64 Verbreitung
2640 3421 269 47 Bach'scher
2941 3422 145 46 Musik
3116 3422 141 64 thätig

1740 3493 71 54 ist,
1841 3493 99 49 eine
1972 3495 311 65 Bearbeitung
2314 3496 80 48 der
2424 3497 200 47 Partitur
2653 3497 77 49 des
2759 3496 286 69 Magnificat
3072 3500 156 47 heraus-

1740 3571 209 63 gegeben
1990 3572 89 47 und
2122 3573 472 65 „Mittheilungen
2640 3575 137 49 über
2815 3577 42 47 J.
2900 3577 120 47 Seb.
3068 3577 187 47 Bach's

1738 3645 370 71 Magnificat
2174 3648 89 65 (30
2287 3651 43 48 S.
2356 3667 68 47 Gr.
2450 3650 47 50 8.
2530 3654 148 54 Halle,
2710 3651 160 56 1863,
2900 3652 69 48 bei
3002 3655 55 45 H.
3090 3654 130 46 Karm-

1738 3726 121 65 rodt)
1890 3727 201 48 drucken
2122 3727 157 48 lassen.

1859 3805 151 48 Ueber
2038 3806 70 47 die
2138 3805 296 56 Grundsätze,
2471 3806 71 49 die
2570 3807 76 48 ihn
2678 3807 69 48 bei
2779 3806 78 49 der
2888 3808 338 47 Partitur-Bear-

1740 3882 189 66 beitung
1949 3885 182 63 geleitet
2155 3883 166 54 haben,
2349 3886 170 62 spricht
2549 3902 49 32 er
2626 3886 92 48 sich
2749 3894 130 40 unter
2911 3886 228 47 Anderem
3173 3886 58 47 fol-

1740 3961 174 65 gender
1942 3963 205 47 Maassen
2179 3979 103 30 aus:

1864 4040 114 54 „Die
2006 4043 209 61 grössere
2239 4040 505 64 Ausdrucksfähigkeit,
2773 4040 79 48 das
2875 4041 278 63 Vermögen,
3176 4040 81 48 auf

1740 4116 85 48 alle
1854 4117 220 48 Nuancen
2104 4117 78 47 des
2211 4117 234 63 Gesanges
2488 4118 294 62 einzugehen,
2827 4118 170 49 welche
3026 4117 102 48 dem
3160 4118 60 49 Or-
