2161 3736
996 231 165 29 363

378 352 73 46 En
481 352 211 46 hauteur
721 357 47 42 et
799 369 58 30 en
889 352 198 61 largeur

378 426 70 46 Us
481 431 116 42 sont
625 431 113 42 tous
768 430 164 58 peints
962 430 25 42 à
1020 426 167 46 l'huile

379 499 96 47 Sur
510 505 170 41 carton
719 516 83 30 sur
838 501 110 45 bois
985 516 64 30 ou
1079 516 85 29 sur
1194 499 119 47 toile

377 574 62 46 Et
466 576 192 61 chaque
684 576 197 45 tableau

379 648 91 46 Est
498 649 124 46 dans
659 666 63 29 un
758 649 147 46 cadre
934 649 112 45 bien
1087 649 119 45 doré

377 737 71 46 Le
477 741 109 42 tout
614 742 77 41 est
724 737 256 46 disent-ils
1006 752 94 31 une
1136 736 271 45 collection

378 809 62 47 Et
463 811 42 45 la
537 811 217 62 baraque
791 827 94 31 une
912 811 188 62 galerie

378 884 62 46 Et
462 886 113 61 puis
604 886 183 45 devant
816 886 41 45 la
895 884 188 63 galerie

379 958 36 46 11
445 974 35 46 y
509 974 24 30 a
576 959 88 46 des
693 963 211 58 rangées
941 959 58 46 de
1030 958 197 46 chaises

378 1033 112 46 Afin
528 1035 149 60 qu'on
710 1035 170 61 puisse
918 1033 236 47 s'asseoir

378 1107 135 45 Pour
542 1109 164 45 mieux
746 1109 110 46 voir

381 1180 134 47 Pour
543 1183 164 45 mieux
750 1183 106 45 voir
886 1183 73 45 les
989 1181 230 46 tableaux
1252 1180 84 62 qui
1366 1183 116 43 sont
1521 1180 113 46 faits

377 1255 62 46 Et
470 1272 123 30 ceux
622 1273 94 46 que
746 1256 428 63 l'artiste-peintre
1218 1260 75 42 est
1332 1270 60 31 en
1435 1255 128 47 train
1594 1255 58 47 de
1684 1254 120 46 faire

372 1329 96 47 Car
509 1330 331 62 l'après-midi
871 1331 193 52 obacun
1094 1331 91 46 des
1215 1330 128 47 deux

381 1404 103 47 Met
512 1422 64 29 un
606 1406 231 47 chevalet
863 1406 125 47 dans
1018 1423 54 29 sa
1102 1405 191 62 galerie

373 1484 42 51 4
434 1496 89 31 vec
553 1481 122 47 trois
706 1496 259 46 panneaux
1002 1481 180 46 dessus

376 1560 95 46 Oui
514 1556 334 48 deviendront
876 1555 192 46 bientôt

383 1635 132 46 Sous
547 1634 71 45 les
647 1648 130 45 yeux
806 1631 60 45 de
895 1645 123 31 ceux
1047 1630 84 61 qui
1163 1632 114 42 sont
1309 1627 131 47 assis
1472 1627 184 47 devant

374 1709 143 45 Trois
550 1706 172 47 soleils
753 1703 278 53 couchants

379 1783 77 47 Ou
486 1782 123 46 trois
647 1782 192 45 marées
876 1778 174 46 basses
1074 1778 45 46 le
1155 1777 154 46 matin

379 1857 79 47 Ou
496 1856 123 46 trois
650 1855 248 61 bouquets
927 1852 61 47 de
1017 1867 141 31 roses

385 1931 77 47 Ou
495 1931 122 47 trois
647 1933 166 43 autres
846 1927 181 47 choses

379 2007 63 47 Et
468 2006 45 47 le
542 2006 104 45 soir
673 2021 63 29 on
773 2004 69 46 les
870 2002 130 47 vend
1031 2017 93 31 aux
1159 1999 239 47 enchères

377 2082 138 46 Avec
547 2079 217 46 d'autres
800 2077 152 46 frères
983 2092 63 29 ou
1083 2090 163 31 sœurs
1274 2073 62 47 de
1366 2073 45 46 la
1441 2072 274 47 collection

377 2157 216 60 Voyons
628 2152 286 47 mesdames
945 2154 48 43 et
1030 2149 274 50 messieurs

379 2230 144 47 Voici
557 2244 94 32 une
682 2227 269 48 excellente
981 2224 148 47 étude
1159 2223 60 47 de
1248 2223 187 61 barque

383 2305 141 47 Nous
556 2316 411 34 commencerons
998 2300 25 46 à
1059 2298 269 62 cinquante
1357 2297 243 47 centimes

379 2379 97 59 Qui
506 2392 183 33 couvre
729 2374 244 47 l'enchère

377 2454 61 48 60
475 2468 128 32 nous
636 2465 220 33 sommes
889 2453 25 43 à
947 2449 61 47 60

382 2529 61 47 70
475 2528 246 47 l'enchère
757 2529 76 43 est
867 2528 27 43 à
928 2539 79 31 ma
1044 2521 193 64 gauche

381 2603 178 47 Allons
589 2600 282 47 mesdames
895 2601 48 42 et
976 2598 272 45 messieurs

383 2679 141 46 Nous
553 2690 223 32 sommes
805 2676 27 43 à
861 2674 59 45 70

385 2750 255 62 Regardez
672 2752 129 42 cette
830 2747 226 61 peinture

385 2827 68 61 Ça
484 2827 119 44 vaut
640 2824 165 45 mieux
835 2836 97 47 que
961 2836 56 43 ça
1061 2820 60 45 80

386 2900 77 47 On
492 2915 27 29 a
548 2899 74 45 dit
655 2897 61 46 80
759 2910 247 48 personne
1035 2909 61 30 ne
1125 2892 137 62 parle

382 2976 60 46 Je
471 2973 108 46 vais
608 2971 207 61 adjuger
837 2970 61 45 80
931 2984 95 30 une
1058 2967 94 46 fois

383 3050 61 47 80
448 3048 122 46 —90
608 3064 62 29 on
701 3061 25 31 a
767 3045 71 47 dit
871 3043 60 49 90

386 3130 67 45 Ca
482 3131 120 43 vaut
625 3126 163 46 mieux
816 3140 96 46 que
942 3139 56 43 ça

385 3205 60 47 90
466 3219 96 31 une
593 3201 95 47 fois
727 3200 61 46 90
815 3198 128 47 deux
973 3197 94 46 fois

387 3278 76 49 Ua
504 3277 137 44 franc
669 3277 25 43 à
726 3288 78 32 ma
839 3271 159 47 droite

388 3353 57 46 10
475 3367 64 31 un
569 3349 165 46 francs
763 3347 81 47 dix

388 3424 285 49 Mesdames
703 3426 49 43 et
781 3420 272 47 Messieurs
