2831 3826
1232 117 74 30 355

2545 1373 48 78 (La
2541 1270 48 56 fin
2549 1178 26 52 an
2531 931 52 212 prochain
2525 708 48 188 numéro)

2391 795 52 259 PIERRE
2382 400 52 333 REVERDY

182 1321 50 316 personnage

251 1672 45 58 Je
265 1512 30 127 vous
246 1265 47 210 accorde
248 1115 43 129 cette
239 854 50 231 médaille

312 1664 47 60 Et
310 1587 46 43 le
309 1415 47 131 droit
309 1320 46 61 de
306 1057 49 227 marcher
303 907 47 116 d'un
317 780 47 89 pas
299 616 62 111 plus
296 386 60 199 allongé
308 244 33 112 vers

375 1681 46 44 le
373 1508 47 143 soleil

433 1124 47 257 Eclatante
430 921 61 166 légion
427 600 46 275 d'honneur

519 1621 45 35 Il
535 1554 46 30 y
533 1496 29 23 a
515 1249 47 214 derrière
529 1145 30 61 un
512 907 46 200 homme
505 638 48 240 véritable
503 510 61 82 qui
502 411 45 61 rit

578 1458 46 71 On
594 1376 29 51 se
576 1109 47 239 demande
569 833 66 248 pourquoi

648 1649 46 70 En
644 1424 61 192 agitant
642 1317 44 71 les
640 1174 46 113 bras
651 939 33 194 comme
649 830 30 63 un
628 497 48 296 machiniste
627 329 45 126 dans
624 239 46 42 la

727 1696 28 25 C
726 1663 29 26 Q
721 1502 29 24 (3

771 1588 46 68 Le
767 1408 61 137 siège
769 1286 43 76 est
761 1051 48 196 installé
774 887 47 124 pour
754 616 48 225 recevoir
751 525 46 43 le
764 238 31 230 nouveau

849 1632 23 23 p
849 1601 23 22 m
848 1567 24 27 n
831 1532 41 25 ri
847 1512 25 9 i
831 1479 41 24 (i
846 1446 26 21 Ti
833 1423 39 14 t

892 1476 47 86 ON
886 1151 50 276 MARCHE
884 1028 46 80 LE
877 646 52 334 TRIANGLE
870 235 52 369 S'ENFONCE

954 1386 48 178 DANS
950 1247 47 81 LE
941 779 54 409 ROULEVARD

1021 1659 46 57 Et
1033 1434 33 194 comme
1032 1335 30 64 on
1013 1160 63 136 parle
1014 1021 57 108 trop
1008 872 45 120 haut
1005 800 44 41 le
1001 585 64 184 pèlerin
1015 454 46 82 qui
1014 398 29 24 a
1010 231 48 121 peur

1085 1658 46 61 de
1098 1570 30 55 se
1079 1152 62 386 compromettre
1070 924 48 199 s'évade

1160 1423 47 76 On
1173 1310 30 61 ne
1155 1152 47 104 voit
1150 931 65 183 jamais
1162 788 47 94 que
1160 647 30 91 son
1142 496 46 91 dos

1229 1568 45 148 Entre
1223 1466 47 72 les
1218 1270 59 167 parois
1217 1180 46 60 de
1216 927 44 223 l'avenue
1209 817 61 81 qui
1207 522 46 263 s'écartent

1289 1592 46 61 Et
1301 1458 32 89 son
1283 1152 62 271 pardessus
1277 929 45 193 flottant
1275 747 42 137 entre
1270 633 44 72 les
1265 342 47 244 branches
1277 229 45 83 qui

1349 1409 48 307 descendent
1343 1142 63 231 jusqu'au
1339 972 46 126 Lion
1335 877 46 59 de
1333 651 45 182 Rellort

1429 1388 46 77 Un
1424 1202 48 152 sifflet
1419 936 65 243 prolongé
1416 855 45 43 le
1414 724 46 99 suit

1517 1655 47 57 Et
1513 1555 47 75 s'il
1527 1471 30 53 se
1505 1234 64 208 regarde
1499 820 50 377 attentivement
1494 654 44 125 dans
1490 581 45 42 la
1486 392 61 140 glace
1498 226 24 136 com-

1580 1578 45 134 ment
1570 1298 50 252 verra-t-il
1583 1176 30 91 son
1565 1010 45 133 front

1626 1075 47 127 Mais
1622 1014 47 32 il
1623 897 44 75 est
1618 739 46 120 chez
1617 632 43 67 lui

1702 1392 46 256 Personne
1709 1283 30 60 ne
1691 1190 46 44 le
1687 1027 47 104 voit

1752 1114 44 69 Le
1747 917 47 158 calme
1743 832 46 43 le
1742 591 59 204 protège

1827 1654 45 57 Je
1824 1512 46 105 suis
1819 1268 48 203 l'ombre
1814 1143 62 83 qui
1810 1004 46 87 luit
1808 853 44 121 dans
1804 804 44 13 1
1801 614 47 169 ombre

1881 1391 51 225 Evanoui

1961 1317 47 93 J'ai
1956 1109 61 168 appris
1956 953 42 109 tous
1947 840 46 71 les
1946 623 60 166 gestes

2030 1589 46 56 Je
2025 1347 61 209 regarde
2022 1272 46 43 le
2035 1148 47 93 peu
2015 1047 47 60 de
2012 866 46 152 chose
2022 746 46 82 qui
2007 583 43 130 reste
2017 524 29 25 a
2001 479 44 12 1
2002 229 41 227 interieui

2079 1051 45 127 Tout
2077 934 42 76 est
2069 766 64 126 parti

2156 1648 45 57 Je
2152 1455 46 148 laisse
2162 1324 32 77 ma
2144 1141 62 141 place
2138 985 46 122 dans
2148 873 29 56 ce
2129 752 47 79 bal
2142 628 30 85 sur
2126 452 44 127 cette
2121 275 45 148 «cène
2133 220 29 25 a

2217 1489 62 214 quelque
2214 1291 42 137 autre
2205 1030 46 215 danseur
2199 804 43 168 acteur
2206 679 30 63 ou
2187 511 45 110 bien
2185 218 60 243 peut-etre

2291 1524 34 178 encore
2278 1317 43 174 auteur

189 2938 51 267 L'éternité
181 2581 66 326 s'appesantit
194 2468 32 84 sur
181 2324 42 115 tous
189 2205 33 84 ces
171 1946 46 230 hommes

254 2953 47 62 Et
251 2879 62 50 je
250 2750 46 105 suis
246 2533 47 184 devant
241 2443 47 69 toi

372 2528 65 377 DEUXIÈME
372 2205 53 272 PARTIE

587 3213 44 56 Je
578 3047 47 131 crois
573 2873 47 139 avoir
583 2691 31 139 assez
562 2571 47 68 dit
560 2407 46 126 dans
556 2294 46 71 les
550 2001 62 250 chapitres
543 1800 55 171 précé-

647 3147 46 144 dents
659 3062 30 57 ce
639 2919 63 115 qu'il
632 2730 47 153 lallait
670 1908 36 179 UAIOÎIQ
667 1801 39 81 nui

703 2966 46 75 On
693 2657 51 272 insisterait
683 2338 51 286 vainement
694 2223 30 85 sur
675 2121 46 73 les
674 1914 45 173 détails
731 1880 12 9 #
683 1799 46 83 qui

764 2863 51 270 donnaient
762 2798 42 24 à
758 2648 43 107 tout
753 2530 44 80 cet
741 2233 53 255 ensemble
754 2139 31 65 un
734 2011 48 99 reel
734 1795 43 178 intérêt

833 3147 47 127 Mais
832 3005 44 107 tout
824 2859 47 118 était
816 2624 50 206 terminé
861 2093 13 57 ~
857 1993 9 9 .
871 1917 19 19 n
868 1828 22 77 oop
868 1801 22 19 7

879 2639 44 66 La
889 2454 48 128 peau
867 2233 48 180 tendue
863 1968 45 221 résistait
868 1800 32 137 assez

942 2582 46 115 bien
941 2533 42 25 à
936 2463 44 44 la
931 2248 64 186 poussé
926 2158 47 60 de
923 2029 46 104 l'air

1021 2533 46 99 Des
1016 2403 47 98 airs

1112 2840 46 98 Des
1110 2681 44 129 mots
1102 2521 46 118 fixes

1183 2559 46 101 Des
1175 2309 63 207 regards
1172 2153 44 118 fixes

1281 3152 47 61 Et
1279 3055 47 61 de
1291 2905 31 122 ceux
1271 2784 62 84 qui
1266 2531 65 202 passent
1274 2411 49 86 par
1253 2156 49 215 derrière
1262 1992 48 125 pour
1258 1796 33 161 mieux

1350 3123 43 153 entiei
1385 2481 64 177 Quand
1384 2403 45 43 le
1380 2163 63 201 phoque
1373 1889 45 232 intervint

1470 3205 47 67 Ce
1468 3109 46 71 fut
1481 3018 31 62 un
1460 2787 49 199 contact
1454 2526 60 225 imprévu
1450 2441 42 49 et
1443 2218 46 181 délicat

1524 2888 49 139 Celui
1521 2783 45 60 de
1511 2530 51 216 l'animal
1507 2319 47 176 savant

1591 3056 47 60 Et
1590 2883 44 127 cette
1596 2697 48 124 peau
1566 2284 71 357 imperméable
1566 2183 42 47 et
1558 1899 47 225 huileuse
1570 1794 29 62 ou

1660 3164 43 107 tout
1651 2940 63 196 glissait

1710 2928 61 124 Quel
1710 2782 60 115 goût

1780 2556 63 125 Quel
1778 2332 59 185 dégoût

1872 2904 65 295 L'équilibre
1873 2829 42 48 et
1868 2747 46 44 la
1865 2563 46 154 danse

1959 3199 47 61 Et
1973 3066 30 93 aux
1957 2859 58 172 quatre
1949 2688 46 139 coins
1944 2586 46 60 de
1940 2502 46 43 la
1935 2331 49 123 salle
1930 2070 62 225 toujours
1925 1987 43 43 la
1934 1787 32 160 meme

2039 2970 47 290 conférence

2102 3119 45 77 On
2095 2886 50 204 donnait
2093 2799 45 59 de
2093 2730 45 44 la
2093 2600 43 95 tète
2086 2401 45 169 contre
2079 2294 44 70 les
2088 2128 33 134 murs
2086 2063 46 28 p

2161 3042 46 60 Et
2160 2970 45 43 la
2155 2803 47 134 taille
2154 2688 45 87 des
2155 2317 57 341 personnages

2217 2633 45 130 leurs
2207 2318 50 277 vêtements

2276 2553 63 225 jouaient
2285 2451 31 65 un
2265 2312 47 105 rôle

2343 2885 56 367 Attendez-moi
2356 2758 30 95 une
2338 2540 46 188 minute
2380 2084 6 7 .
2377 1876 13 6 ,
2371 1816 32 9 t

2412 3112 47 76 On
2423 3033 30 27 a
2403 2838 48 149 établi
2417 2733 30 65 un
2398 2481 62 203 rapport
2392 2310 45 136 entre
2384 2238 45 13 1
2382 1969 46 248 héroïsme

2483 2973 40 216 courage
2502 2227 7 6 .
2504 2161 9 7 ,
2502 2077 11 6 .
2507 2046 10 16 „
2500 1997 13 9 ,
2502 1932 12 6 ,
2499 1895 24 24 A

2536 3130 44 57 Je
2544 2873 49 213 propose
2540 2747 30 64 un
2517 2369 67 334 parallélisme
2522 2215 34 118 avec
2504 2125 45 43 la
2499 1895 48 189 lachete

2594 3027 49 125 Mais
2589 2876 47 103 ceci
2586 2681 48 150 serait
2587 2519 54 110 trop
2580 2328 44 160 entrer
2570 2162 46 122 dans
2566 2079 45 44 le
2560 1886 48 151 détail
