3010 4435
1292 305 207 34 BRUNO'S
1532 304 216 35 WEEKLY

132 311 104 41 1202

185 3916 176 32 Bruno's
383 3916 180 38 Weekly,
588 3916 218 38 published
828 3916 157 38 weekly
1008 3916 54 38 by
1075 3916 174 31 Bruno's
1281 3916 179 35 Weekly,
1494 3916 96 36 Inc.,
1625 3919 44 28 at
1702 3916 74 30 No.
1813 3914 46 30 10
1891 3913 120 31 Fifth
2048 3913 178 36 Avenue,
2265 3913 98 29 New
2399 3913 113 29 York
2550 3912 99 37 City.
2701 3913 149 33 Edited

187 3963 83 31 and
294 3963 165 32 written
482 3963 54 38 by
562 3964 132 30 Guido
719 3964 151 31 Bruno.
912 3963 281 40 Subscription
1220 3965 47 36 $2
1295 3975 25 22 a
1346 3974 107 29 year.

291 4012 179 29 Entered
496 4019 45 22 as
568 4012 147 29 second
744 4012 104 29 class
874 4013 150 29 matter
1049 4014 44 28 at
1116 4013 69 30 the
1211 4014 96 29 Post
1333 4014 120 30 Office
1480 4014 42 29 of
1545 4014 98 29 New
1669 4014 120 34 York,
1817 4013 46 29 N.
1891 4013 57 34 Y.,
1968 4012 172 29 October
2185 4011 104 34 14th,
2337 4011 107 36 1915,
2491 4012 128 29 under
2663 4011 69 30 the
2775 4012 76 29 Act

188 4058 43 30 of
259 4057 143 31 March
434 4058 57 34 3d,
524 4058 108 30 1897.

196 497 172 34 Bernard
398 497 124 39 Shaw,
555 496 65 35 the
650 499 188 31 sincerest
868 494 76 35 and
974 503 100 25 most
1102 493 170 41 brutally
1302 492 117 35 frank

198 558 110 32 critic
344 555 40 34 of
418 555 159 42 English
612 555 145 38 letters,
795 562 122 26 wrote
953 553 101 33 after
1091 552 162 41 reading
1289 550 129 35 Frank

196 614 149 35 Harris'
377 613 172 34 OSCAR
576 612 203 35 WILDE'S
808 611 105 35 LIFE
942 611 108 35 AND
1080 609 338 35 CONFESSIONS

196 688 22 18 a
245 673 160 42 profuse
432 673 113 33 letter
572 672 40 33 of
639 673 272 40 appreciation
938 679 38 24 to
1006 669 128 34 Frank
1162 668 149 39 Harris,
1341 668 77 34 and

195 739 70 34 put
291 731 58 34 his
374 745 88 19 own
487 732 302 32 reminiscences
814 729 41 33 of
881 729 125 33 Oscar
1031 727 137 39 Wilde,
1196 741 22 19 a
1244 735 107 33 story
1378 726 40 34 of

197 790 64 33 the
292 789 134 42 length
457 788 41 34 of
527 788 120 41 thirty
677 786 196 35 thousand
903 786 139 39 words,
1076 794 39 26 at
1145 786 66 34 the
1241 785 177 34 author's

197 847 181 43 disposal.

195 940 174 34 Bernard
416 940 113 33 Shaw
578 940 123 33 closes
748 938 59 35 his
853 938 114 35 letter
1014 946 39 25 to
1088 936 129 35 Frank
1263 936 156 35 Harris:

195 1000 93 34 This
313 999 221 41 biography
562 999 42 33 of
628 1012 120 28 yours
774 998 70 33 has
870 997 128 42 wiped
1023 1004 70 27 out
1119 997 50 33 all
1195 996 115 34 other
1334 997 82 33 bio-

194 1058 196 42 graphies.

197 1150 129 35 Frank
355 1150 139 34 Harris
523 1149 70 34 has
623 1150 91 41 only
744 1164 22 19 a
795 1164 94 26 very
919 1149 73 34 few
1023 1150 132 40 copies
1184 1148 70 35 left
1284 1148 40 33 of
1353 1147 65 34 the

195 1217 76 25 two
299 1208 167 34 editions
492 1208 41 34 of
559 1207 58 35 his
642 1208 117 34 book.

195 1301 110 35 Book
331 1301 207 35 collectors
563 1301 77 34 and
666 1301 190 33 admirers
884 1301 40 34 of
950 1301 125 33 Oscar
1101 1300 126 34 Wilde
1255 1300 165 34 realized

197 1360 158 42 quickly
388 1360 65 34 the
485 1359 253 42 significance
771 1359 40 34 of
843 1359 65 34 the
940 1359 111 33 work
1082 1359 77 34 and
1192 1359 76 33 this
1298 1359 118 38 book,

197 1433 99 20 once
320 1426 68 25 out
411 1418 40 33 of
473 1420 116 40 print,
614 1418 77 33 will
712 1418 48 33 be
785 1417 169 34 counted
978 1432 146 27 among
1146 1417 65 34 the
1235 1417 185 42 priceless

195 1477 155 34 dreams
375 1476 41 34 of
441 1491 21 19 a
488 1475 245 35 book-lover.

197 1569 122 35 Write
359 1569 62 34 for
460 1584 21 18 a
522 1577 233 34 prospectus
793 1569 77 33 and
908 1583 78 27 you
1027 1583 88 27 may
1154 1576 66 34 yet
1258 1568 99 34 have
1397 1583 22 19 a

198 1628 149 34 chance
375 1635 39 27 to
442 1628 79 41 buy
550 1630 27 31 it
604 1627 62 34 for
693 1627 65 34 the
786 1627 235 42 publisher's
1050 1627 166 42 original
1244 1629 107 40 price
1380 1627 40 34 of

197 1695 66 26 ten
291 1700 45 20 or
362 1693 146 34 twenty
538 1685 144 35 dollars
711 1685 267 42 respectively.

511 1790 214 35 BRUNO'S
762 1791 222 41 WEEKLY,
1023 1791 78 34 Inc.

389 1873 72 33 No.
493 1875 50 31 10
569 1872 103 34 Fifth
699 1872 112 41 Ave.,
839 1873 94 34 New
959 1873 120 40 York,
1107 1873 45 34 N.
1180 1873 43 34 Y.

1558 399 310 73 Opposed
1896 411 68 48 to
1996 399 180 60 Birth
2206 398 268 61 Control

1648 484 203 34 WOMAN
1880 482 39 33 of
1948 483 108 32 about
2082 482 113 42 thirty
2222 482 82 33 who
2333 481 128 33 looked
2490 480 90 42 fifty,
2610 480 139 33 mother
2778 479 39 33 of
2844 479 70 34 five

1649 533 177 42 children,
1856 534 83 33 who
1967 533 132 42 helped
2131 540 151 34 support
2309 533 59 33 the
2397 531 133 43 family
2557 532 46 41 by
2630 529 170 42 working
2828 529 36 33 in
2895 541 20 21 a

1558 581 143 42 factory
1725 581 72 41 day
1820 580 35 33 in
1882 581 70 32 and
1978 581 72 40 day
2074 587 70 34 out,
2170 592 78 21 was
2275 580 108 32 asked
2409 580 46 40 by
2481 590 19 21 a
2526 578 111 33 social
2663 578 144 34 worker
2831 576 84 35 who

1557 628 73 33 had
1661 626 261 35 administered
1952 639 96 21 some
2078 626 88 34 relic
2194 634 34 26 to
2258 627 63 32 her
2350 625 121 42 newly
2498 626 90 32 born
2618 625 111 40 baby:

1747 673 124 43 Smith,
1898 675 15 32 I
1939 674 96 34 have
2061 674 131 34 known
2216 685 70 30 you
2312 673 59 32 for
2397 673 70 33 five
2493 684 107 30 years
2629 672 69 33 and
2724 683 70 30 you
2820 670 96 34 have

1560 734 20 21 a
1611 722 96 41 baby
1738 733 111 30 every
1878 733 100 30 year.
2034 721 81 32 You
2150 732 61 21 are
2247 719 140 42 always
2420 719 36 33 in
2489 720 141 40 danger
2663 717 39 34 of
2734 716 114 43 dying
2878 716 36 34 in

1559 768 200 34 childbirth
1792 768 70 33 and
1894 767 58 33 the
1985 766 208 43 physicians
2225 767 95 33 have
2352 766 76 33 told
2459 778 70 30 you
2562 778 48 21 so.
2665 766 58 31 Do
2754 771 61 26 not
2844 776 70 30 you

1559 816 73 33 find
1661 814 66 35 life
1755 815 115 33 under
1896 814 99 33 these
2023 813 203 34 conditions
2255 814 125 32 rather
2409 813 118 33 hard?
2580 813 111 32 Don't
2716 823 69 30 you
2814 810 103 34 think

1559 863 79 33 that
1670 875 70 30 you
1777 861 130 33 should
1943 868 169 35 separate
2150 860 96 33 from
2281 872 90 29 your
2406 860 168 33 husband
2611 858 59 33 for
2708 857 135 36 awhile
2879 857 36 33 in

1559 910 109 33 order
1699 917 35 25 to
1768 908 109 35 avoid
1910 907 143 34 similar
2084 907 204 34 conditions
2321 906 35 33 in
2387 907 59 33 the

1606 957 92 32 Mrs.
1729 955 113 34 Smith
1872 955 209 34 answered:
2251 954 89 33 dear
2370 953 97 42 lady,
2496 954 16 31 I
2542 952 73 42 just
2644 952 82 34 love
2756 959 35 26 to
2820 952 96 34 have

1562 1015 19 21 a
1608 1003 105 42 baby.
1762 1003 86 32 And
1875 1003 16 32 I
1920 1002 107 41 enjoy
2055 1001 26 33 it
2107 1013 99 21 more
2234 1000 97 33 from
2357 1011 89 31 year
2473 1007 35 26 to
2533 1011 101 30 year.
2685 1000 15 32 I
2730 999 83 33 look
2840 997 77 34 for-

1560 1051 106 33 ward
1694 1049 150 43 eagerly
1869 1056 35 26 to
1932 1049 88 33 each
2046 1047 209 34 childbirth.
2305 1047 124 33 Those
2457 1046 99 42 eight
2582 1047 90 41 days
2699 1046 15 33 I
2743 1056 67 23 can
2839 1053 80 34 stay

1560 1096 35 33 in
1617 1097 69 33 bed
1710 1097 71 32 and
1804 1103 73 26 rest
1899 1096 71 33 and
1993 1096 46 32 do
2060 1102 62 26 not
2142 1094 91 34 need
2256 1101 35 27 to
2313 1106 46 30 go
2380 1101 35 26 to
2436 1093 102 35 work
2561 1104 95 22 seem
2679 1092 71 34 like
2772 1092 144 35 heaven

1559 1151 35 26 to

1644 1225 54 33 At
1727 1225 101 33 THE
1858 1224 112 34 NEW
1999 1223 152 34 ROMA
2182 1221 340 35 RESTAURANT
2553 1221 42 34 of
2624 1220 133 35 health
2786 1220 132 35 where

1559 1285 78 28 you
1658 1278 66 27 eat
1743 1271 84 34 first
1844 1270 99 34 class
1964 1270 79 34 and
2065 1269 150 42 quality
2238 1269 41 34 of
2302 1269 137 34 Italian
2460 1268 78 34 and
2561 1268 215 33 American
2799 1267 118 34 cook-

1561 1320 66 39 ing
1653 1325 40 27 at
1718 1318 203 34 moderate
1948 1319 141 40 prices,
2117 1331 23 19 a
2164 1317 38 33 la
2230 1317 131 40 Carte,
2388 1329 76 20 run
2489 1315 51 41 by
2565 1315 68 33 the
2658 1315 88 33 well
2773 1314 146 34 known

1560 1366 161 33 PETER
1766 1364 164 41 ROMA,
1978 1364 166 41 nothing
2176 1364 75 33 will
2286 1364 48 33 be
2366 1362 207 42 neglected
2603 1361 94 34 with
2728 1361 68 34 the
2828 1361 89 34 belt

1560 1413 195 33 attention
1776 1418 42 27 to
1843 1411 238 42 everybody.
2135 1410 238 42 Everything
2398 1411 31 32 is
2453 1409 127 34 brand
2604 1422 87 20 new
2716 1408 78 34 and
2818 1409 101 33 sani-

1558 1466 100 34 tary.
1709 1459 181 40 Dancing
1910 1472 120 28 every
2050 1458 195 41 Saturday
2267 1458 77 33 and
2365 1457 171 41 Sunday.
2589 1456 134 34 Grand
2744 1455 89 34 Hall
2856 1455 63 34 for

1559 1507 208 40 Banquets,
1799 1505 226 40 Weddings,
2056 1512 74 26 etc.

1957 1552 41 33 P.
2046 1551 222 41 ROMA,
2329 1552 191 40 Manager

1673 1601 124 33 87-89
1824 1599 236 40 Macdougal
2086 1599 68 40 St.,
2182 1611 80 21 cor.
2289 1597 188 34 Bleecker
2503 1597 67 41 St.,
2598 1597 84 33 first
2706 1596 100 34 floor

1972 1645 228 42 Telephone
2226 1646 142 40 Spring
2399 1646 107 32 1324

1555 1700 392 7 ^-
2019 1700 46 7 .hum
2075 1700 37 11 !!
2119 1700 7 11 !
2135 1700 8 11 j
2160 1699 1 12 I
2171 1700 6 9 111
2190 1700 5 10 I
2210 1699 1 12 |
2220 1699 336 12 HIIIIIIWIBimWIIII^WWll!!
2582 1699 38 11 lIIIMI
2627 1699 1 12 I
2640 1699 10 11 II
2658 1699 12 11 111l
2679 1699 58 12 I!!
2747 1699 52 11 Ill

1559 1736 285 68 Readers
1873 1738 70 58 of
1973 1736 272 60 Bruno's
2275 1735 275 73 Weekly

1560 1853 107 37 are
1695 1829 202 61 asked

1562 1933 68 49 to
1663 1922 268 60 become
1967 1922 406 60 Subscribers

231 2067 220 60 Bruno
476 2067 185 73 Chap
689 2067 237 61 Books.

341 2150 292 42 Twenty-eight
658 2151 181 34 booklets
867 2152 228 41 containing
1121 2152 68 33 the
1217 2159 103 27 most
1346 2154 233 40 interesting
1606 2154 110 33 work
1743 2154 41 33 of
1808 2155 67 33 the
1902 2161 103 27 most
2031 2156 146 40 unique
2204 2156 152 32 writers
2383 2154 42 34 of
2448 2154 67 34 the
2540 2161 91 35 past
2654 2161 164 34 twenty-

229 2197 74 34 five
329 2211 127 28 years.

340 2244 132 34 Prices
493 2245 167 40 ranging
681 2244 103 34 from
807 2244 135 34 fifteen
964 2251 109 27 cents
1093 2251 42 28 to
1157 2245 86 41 fifty
1266 2252 121 27 cents.

340 2290 123 34 Write
486 2290 63 34 for
573 2291 208 40 catalgoue
805 2291 78 33 and
907 2292 96 32 send
1027 2298 185 27 one-cent
1236 2298 140 35 stamp.
1418 2293 31 33 It
1473 2295 183 32 contains
1683 2294 67 34 the
1777 2301 108 35 story
1914 2295 42 33 of
1980 2295 166 33 Bruno's
2173 2295 160 33 Garrett
2358 2294 104 34 from
2490 2308 23 19 a
2538 2294 133 41 public
2699 2307 119 28 grave

227 2337 171 41 digger's
417 2337 83 34 tool
522 2337 124 34 house
667 2344 41 27 to
728 2337 67 34 the
817 2337 218 34 exhibition
1056 2338 150 42 gallery
1227 2338 42 33 of
1290 2339 165 34 modern
1477 2340 146 34 artists'
1647 2340 123 34 work.

225 2413 273 61 Bruno's
524 2414 294 71 Weekly,
855 2415 80 59 10
962 2414 177 60 Fifth
1166 2414 294 74 Avenue,
1490 2415 162 63 New
1679 2418 178 60 York
1886 2418 170 72 City.

127 2561 296 62 OSCAR
447 2562 352 61 WILDE'S

124 2645 256 41 Impressions
406 2645 42 33 of
472 2645 187 33 America

123 2692 131 33 edited
282 2691 94 35 with
405 2705 51 20 an
486 2692 270 33 introduction
784 2692 51 41 by
865 2692 133 34 Stuart
1027 2693 151 33 Mason.

126 2752 80 33 One
232 2749 40 43 of
298 2750 60 35 the
387 2748 162 44 original
575 2758 67 34 500
671 2749 120 44 copies
816 2749 160 44 printed.

216 2796 94 35 This
338 2798 102 41 book,
470 2796 146 35 written
647 2798 46 41 by
722 2798 115 33 Oscar
866 2797 126 34 Wilde
1023 2810 96 30 upon
1149 2797 55 34 his
1234 2806 125 26 return
1389 2798 97 33 from

215 2845 82 34 that
332 2843 225 36 memorable
597 2844 136 35 lecture
770 2852 83 27 tour
891 2845 158 42 through
1087 2844 184 43 America,
1321 2844 165 35 contains

217 2903 97 23 some
342 2891 39 34 of
409 2892 59 34 the
496 2892 106 33 finest
629 2891 351 34 characterizations
1009 2892 39 33 of
1076 2891 185 35 America,
1292 2904 39 22 as
1359 2892 127 34 Wilde

217 2951 78 22 saw
322 2938 37 35 it.
410 2939 57 34 He
494 2938 71 34 hits
592 2938 227 43 mercilessly
848 2939 71 33 and
947 2939 43 34 he
1018 2938 141 43 praises
1188 2939 206 43 effusively.
1444 2940 42 33 In

215 2986 60 34 the
316 2985 186 44 appendix
541 2985 30 35 is
613 2998 45 21 an
699 2984 217 45 interesting
954 2985 191 35 collection
1187 2986 40 34 of
1267 2998 219 32 newspaper

216 3032 213 35 interviews
465 3032 91 36 with
592 3032 139 35 Wilde.

125 3081 32 33 It
188 3080 30 34 is
251 3092 20 22 a
303 3092 84 22 rare
419 3079 127 35 Wilde
578 3079 95 43 item,
705 3079 195 44 published
932 3081 46 41 by
1009 3092 66 22 one
1108 3080 39 34 of
1178 3080 158 35 Wilde's
1369 3081 117 34 oldest

124 3126 143 35 friends
305 3128 70 33 and
412 3127 56 34 his
501 3127 292 43 bibliographer.

124 3174 98 43 Only
244 3186 21 22 a
287 3174 74 35 few
384 3174 121 43 copies
529 3174 68 34 left
617 3173 122 37 which
760 3173 79 35 will
863 3175 42 33 be
930 3182 78 26 sent
1030 3182 35 26 to
1088 3175 101 34 those
1212 3175 123 34 whose
1359 3176 128 34 orders

126 3222 109 33 reach
263 3233 41 22 us
334 3229 36 26 at
399 3222 78 34 first
504 3222 60 33 for
590 3219 101 43 $1.00
721 3221 182 43 postpaid.

487 3269 267 34 SCHULTE'S
790 3270 139 33 BOOK
965 3269 158 34 STORE

600 3319 64 32 132
691 3318 40 33 E.
759 3320 89 31 23rd
878 3318 137 32 Street

691 3365 94 33 New
813 3364 109 34 York

119 3443 102 36 THE
246 3444 137 36 ONLY
407 3445 222 34 PRIVATE
652 3444 211 36 SCHOOL
888 3445 49 34 IN
963 3445 108 34 OUR
1095 3445 221 35 VILLAGE

169 3491 95 36 Miss
287 3491 176 36 Cornelia
485 3491 213 44 Kingsland
722 3493 170 34 Barstow
914 3491 80 36 will
1019 3504 157 31 re-open
1201 3493 65 34 her
1289 3493 121 34 school
1439 3501 35 26 at

121 3539 290 43 Twenty-seven
452 3540 105 34 West
598 3539 182 35 Eleventh
822 3540 126 41 Street,
990 3551 45 22 on
1075 3540 212 42 Thursday,
1329 3541 157 33 October

124 3586 92 42 12th,
244 3586 60 34 for
330 3586 167 35 children
524 3587 165 34 between
715 3586 71 35 five
816 3587 72 33 and
915 3586 169 35 fourteen
1111 3599 109 30 years
1246 3587 40 34 of
1314 3599 79 30 age.

215 3634 113 35 FIVE
354 3633 477 35 TEACHERSManual
862 3635 71 33 and
962 3635 71 33 Art
1059 3635 378 34 WorkFRENCH.

167 3681 125 35 There
322 3680 167 45 prevails
524 3693 20 22 a
578 3680 200 44 delightful
814 3681 229 43 atmosphere
1077 3681 39 34 of
1147 3681 59 35 the
1241 3681 244 35 school-room

122 3727 37 35 in
188 3739 21 23 a
237 3728 146 43 private
411 3728 117 35 home.

166 3777 112 30 Rates
312 3776 231 31 reasonable.

1700 2557 82 59 14
1808 2557 239 60 Stories
2075 2557 89 71 by
2190 2557 444 73 Maupassant,

1726 2641 76 33 For
1832 2641 52 34 35
1916 2648 111 27 cents
2056 2642 185 41 postpaid

1748 2698 147 35 Stories
1926 2699 41 34 of
1997 2698 66 35 the
2094 2699 182 42 Tragedy
2307 2700 77 33 and
2417 2699 175 42 Comedy
2625 2699 40 34 of
2695 2699 95 39 Life,
2822 2699 94 34 with

1692 2760 51 20 an
1771 2745 269 35 introduction
2068 2746 51 42 by
2149 2745 95 35 Paul
2272 2746 183 42 Bourget.
2501 2745 161 42 Prettily
2690 2745 158 43 printed
2878 2747 38 32 in

1691 2792 109 42 large
1838 2800 93 34 type
1969 2806 51 21 on
2059 2795 180 39 superior
2277 2807 134 27 paper,
2451 2792 94 35 with
2583 2793 256 34 illustrations
2878 2794 38 32 in

1693 2838 108 35 color
1839 2839 50 42 by
1929 2839 115 35 Clare
2081 2839 141 35 Victor
2259 2839 210 42 Dwiggins.
2533 2839 125 39 16mo,
2700 2839 79 34 stiff
2818 2839 98 34 dark

1693 2900 120 27 green
1842 2900 124 28 paper
1997 2900 127 24 cover,
2159 2886 126 42 rough
2316 2886 127 42 edges.
2484 2886 100 43 (196
2616 2885 156 43 pages.)
2824 2885 92 34 New

1691 2932 118 39 York,
1837 2933 49 34 M.
1914 2933 148 34 Walter
2086 2932 153 39 Dunne,
2276 2932 111 34 1914.
2436 2933 115 42 (Pub.
2581 2932 49 34 50
2658 2931 144 44 cents.)

1749 2980 226 41 Comprises
2010 2979 66 34 the
2112 2979 202 42 following
2350 2979 109 34 short
2496 2981 155 32 stories:
2686 2978 84 35 The
2807 2978 109 35 False

1689 3025 135 37 Gems;
1845 3025 93 35 Was
1960 3028 28 32 it
2009 3041 22 19 a
2055 3026 188 38 Dream?;
2267 3026 167 34 Simon's
2457 3026 142 41 Paper;
2625 3025 40 35 In
2689 3025 65 35 the
2779 3025 135 35 Moon-

1691 3072 113 42 light;
1831 3072 83 35 The
1942 3072 76 35 Old
2046 3073 121 38 Maid;
2195 3073 82 34 The
2305 3072 185 35 Lancer's
2516 3072 118 38 Wife;
2662 3072 84 34 The
2774 3072 141 41 Sequel

1691 3128 39 25 to
1771 3134 22 19 a
1834 3119 184 39 Divorce;
2059 3119 83 35 The
2183 3119 333 42 Englishwoman;
2558 3119 234 38 Sentiment;
2832 3117 84 35 The

1692 3165 243 39 Fishermen;
1969 3166 42 35 In
2044 3166 59 35 his
2138 3166 275 34 Sweetheart's
2446 3165 157 43 Livery;
2637 3165 159 38 Bertha;
2832 3164 83 35 Dis-

1692 3227 159 28 covery;
1872 3212 77 35 and
1968 3213 37 34 A
2026 3213 178 42 Message
2225 3213 41 34 of
2286 3212 115 34 Love.

1995 3260 256 35 CONDOR'S
2279 3260 144 34 BOOK
2450 3260 163 34 STORE

2135 3306 77 35 366
2243 3305 102 35 Fifth
2373 3306 98 35 Ave.

1698 3352 124 36 Write
1848 3352 61 36 for
1936 3355 231 40 interesting
2194 3353 207 42 catalogue
2429 3352 41 35 of
2495 3352 137 35 books.

1622 3458 77 59 R.
1727 3457 571 60 EDERHEIMER

2245 3538 259 61 PRINT
2536 3537 380 62 CABINET

1902 3624 80 33 366
2013 3622 146 34 FIFTH
2188 3622 133 40 AVE.,
2350 3622 115 34 NEW
2493 3620 143 36 YORK

1622 3679 294 72 Original
1956 3678 342 72 Drawings
2338 3678 89 71 by
2467 3676 131 62 Old
2639 3678 277 60 Masters

1618 3775 96 35 ALL
1729 3773 383 35 APPRECIATIVE
2128 3771 238 36 VISITORS
2394 3770 293 36 CORDIALLY
2710 3771 209 35 INVITED
