2329 3929
889 276 164 27 PIERRE
1084 273 181 29 MONTAN
1302 271 171 28 BERTON

177 284 85 41 420

182 378 112 42 L'un
316 377 77 42 des
416 376 214 53 premiers
653 370 202 53 employs
879 369 107 52 qu'il
1019 381 55 27 en
1110 365 48 42 fit
1189 365 65 41 fut
1293 365 53 40 de
1389 363 111 41 faire
1529 364 53 39 de
1619 358 305 54 magnifiques
1949 357 195 41 cadeaux
2170 361 20 36 à

182 456 98 31 tous
304 446 61 40 les
404 444 215 52 premiers
643 440 176 41 artistes
840 438 73 52 qui
940 438 177 39 avoient
1137 433 145 52 figuré
1303 433 113 40 dans
1446 430 228 57 Iphigème
1696 438 42 32 et
1759 429 54 40 de
1832 428 126 41 louer
1979 431 22 35 à
2020 426 9 40 1
2051 430 142 36 année

182 529 86 27 une
290 514 216 52 première
529 511 101 49 loge
649 513 20 35 à
695 506 197 54 l'Opéra,
916 520 58 38 qu
993 506 28 39 il
1045 518 55 27 ne
1123 517 199 39 manqua
1343 503 160 52 jamais
1528 501 24 40 d
1574 512 189 39 occuper
1785 499 133 52 jusqu
1939 511 53 26 au
2016 496 177 40 dernier

182 584 98 52 jour
311 583 52 39 de
386 595 47 26 sa
453 581 85 45 vie,
567 579 114 39 mais
717 574 104 56 qu'il
860 576 118 40 avoit
1011 574 201 52 toujours
1233 586 53 26 eu
1312 572 99 40 soin
1434 571 54 40 de
1511 570 159 40 laisser
1703 567 150 47 vuide,
1884 564 231 55 lorsqu'on
2139 578 54 27 ne

183 650 290 53 représentoit
496 661 80 40 pas
599 646 90 41 l'un
709 645 78 41 des
810 641 344 44 chefs-d'œuvre
1176 642 59 40 du
1260 640 113 41 Père
1392 640 54 40 de
1470 640 38 39 la
1528 637 225 52 Tragédie
1777 637 175 52 lyrique
1974 635 78 50 (1).

181 829 195 29 OEUVRES
411 830 55 26 DE
496 827 90 28 MON
623 818 128 45 PÈRE,
778 826 50 26 SA
870 822 279 29 NOMINATION
1187 824 24 25 A
1245 823 51 24 LA
1343 818 246 29 DIRECTION
1625 818 56 26 DE
1716 802 268 41 L'ACADÉMIE
2020 814 172 26 ROYALE

806 895 55 25 DE
884 892 202 33 MUSIQUE
1120 892 51 26 ET
1204 892 58 26 MA
1293 889 263 28 NAISSANCE.

234 1020 107 41 Mon
380 1025 118 48 père,
540 1019 113 40 ainsi
686 1030 86 40 que
795 1017 88 40 l'on
916 1017 120 39 vient
1069 1014 53 42 de
1160 1014 39 41 le
1221 1014 112 49 voir,
1359 1026 80 39 par
1469 1025 71 27 ses
1575 1013 144 39 talens
1757 1006 344 45 administratifs
2153 1017 40 31 et

179 1090 39 40 le
241 1091 156 38 mérite
433 1088 54 40 de
529 1101 69 27 ses
633 1087 199 40 diverses
865 1085 308 53 productions,
1188 1084 87 52 prit
1299 1096 87 27 une
1409 1090 99 44 part
1540 1081 140 39 active
1703 1080 114 40 dans
1839 1079 38 40 le
1902 1086 288 33 mouvement

180 1160 72 52 qui
278 1156 47 42 fît
350 1157 172 41 crouler
545 1157 38 40 le
605 1155 218 52 gothique
844 1160 193 47 système
1060 1153 52 40 de
1134 1160 126 33 notre
1283 1151 246 53 prétendue
1552 1151 210 51 musique
1787 1147 234 52 française.

234 1226 121 42 Pour
393 1226 146 52 parler
570 1223 401 42 convenablement
1007 1222 54 40 de
1103 1235 71 27 ses
1210 1233 177 28 œuvres
1424 1220 215 46 diverses,
1671 1226 41 32 et
1752 1219 139 39 éviter
1928 1216 24 40 d
1973 1219 91 37 être
2098 1220 96 36 taxé

178 1294 132 43 d'une
345 1294 222 54 partialité
600 1292 152 51 filiale,
778 1293 39 52 je
858 1294 114 39 crois
1009 1305 54 27 ne
1101 1291 190 52 pouvoir
1334 1291 148 39 mieux
1525 1287 110 42 faire
1670 1300 84 40 que
1782 1287 54 40 de
1865 1285 160 41 relater
2055 1286 52 40 ici
2148 1298 46 27 ce

178 1364 131 54 qu'en
329 1373 76 32 ont
426 1364 64 40 dit
512 1363 175 40 Choron
711 1371 41 32 et
772 1361 175 53 Fayolle
966 1361 112 40 dans
1101 1360 96 40 leur
1219 1357 305 42 Dictionnaire
1544 1357 72 40 des
1632 1355 235 41 Musiciens
1890 1356 115 39 ainsi
2025 1367 86 40 que
2131 1354 62 41 les

179 1434 174 41 articles
377 1433 77 40 des
479 1430 234 42 Mémoires
735 1432 50 39 de
804 1429 299 41 Bachaumont
1126 1435 57 35 où
1209 1442 83 27 son
1317 1441 105 27 nom
1444 1435 66 33 est
1543 1428 98 39 cité.

235 1503 31 40 Il
294 1511 66 33 est
395 1502 63 41 dit
482 1501 113 41 dans
619 1501 39 40 le
696 1499 301 41 Dictionnaire
1004 1531 9 18 ,
1046 1513 10 26 l
1066 1503 34 18 er
1122 1498 196 48 volume,
1348 1510 117 40 page
1486 1511 69 37 72,
1575 1500 22 36 à
1618 1493 184 43 l'article
1820 1493 151 41 Pierre
1992 1491 200 42 Montan-

178 1573 161 39 Berton
355 1586 11 25 :

237 1654 20 25 «
282 1639 61 42 La
365 1640 126 53 place
506 1640 55 40 de
586 1642 157 37 maître
766 1637 273 42 d'orchestre
1061 1637 54 40 de
1140 1635 179 53 l'Opéra
1339 1636 55 39 de
1413 1634 130 41 Paris
1567 1639 121 36 étant
1707 1647 143 27 venue
1872 1636 21 36 à
1919 1645 170 40 vaquer
2111 1632 78 50 (2),

179 1710 54 40 de
266 1708 140 42 l'aveu
429 1712 143 37 même
595 1707 148 41 de'ses
766 1708 168 47 rivaux,
956 1707 27 40 il
1006 1722 27 37 y
1056 1705 65 42 fut
1145 1710 182 37 nommé

238 1792 19 24 «
284 1777 31 41 Il
340 1777 144 41 obtint
505 1779 393 44 successivement,
922 1790 80 38 par
1022 1788 71 28 ses
1117 1774 159 46 talens,
1303 1774 38 40 la
1367 1774 125 52 place
1515 1773 55 40 de
1593 1776 159 37 maître
1776 1772 53 39 de
1850 1771 38 40 la
1908 1773 208 50 musique
2134 1771 56 40 du

181 1847 85 42 Roi
294 1855 42 33 et
375 1846 131 41 celles
541 1846 54 40 de
637 1846 311 40 surintendant
976 1845 53 40 de
1056 1844 38 40 la
1125 1845 209 51 musique
1368 1842 53 41 de
1446 1841 46 42 S.
1521 1842 62 40 M.
1609 1850 42 32 et
1688 1840 414 42 d'administrateur
2140 1840 52 40 de

181 1915 197 54 l'Opéra.

238 1999 20 24 «
280 1984 190 41 Comme
492 1985 319 51 compositeur,
846 1983 27 40 il
899 1983 147 40 donna
1074 1987 20 35 à
1118 1980 274 42 l'Académie
1413 1981 151 52 royale
1587 1980 55 40 de
1660 1981 226 51 musique,
1912 1993 54 26 en
1997 1991 118 39 1755,
2142 1991 51 27 en

180 2055 163 40 société
365 2067 105 26 avec
493 2051 186 49 Giraud,
723 2052 240 41 Deucalion
1000 2058 36 33 et
1060 2050 170 54 Pyrrha
1238 2082 9 16 ,
1280 2050 178 52 paroles
1486 2049 54 40 de
1575 2048 306 41 Sainle-Eoix.
1908 2048 68 40 Ln
2020 2052 119 46 1761,
2166 2047 27 39 il

182 2123 260 40 raccomoda
465 2131 41 31 et
540 2122 146 53 ajouta
724 2122 76 39 des
833 2121 178 41 chœurs
1034 2129 41 31 et
1117 2120 78 40 des
1236 2121 87 39 airs
1345 2119 53 40 de
1437 2119 140 40 danse
1601 2122 21 36 à
1649 2117 165 54 l'opéra
1839 2118 54 39 de
1919 2116 184 41 Camille
2110 2150 8 16 ,
2144 2117 50 39 de

183 2190 203 56 Campra.
425 2190 68 42 En
541 2194 103 48 1764
676 2190 29 40 il
747 2203 212 39 composa
1001 2190 38 39 la
1079 2190 212 51 partition
1331 2186 247 49 d'Erosine,
1606 2187 177 53 paroles
1822 2187 54 40 de
1899 2185 206 42 Moncrif.
2130 2185 65 40 En

187 2263 118 49 1766,
339 2260 29 40 il
393 2258 96 42 refît
515 2269 99 31 tous
644 2259 62 41 les
743 2259 180 41 chœurs
946 2268 41 31 et
1011 2260 89 38 airs
1123 2258 53 40 de
1200 2258 138 40 danse
1361 2257 54 41 de
1440 2256 262 54 Ylphigénie
1721 2271 50 25 en
1801 2255 189 41 Tauride
2009 2256 54 39 de
2094 2254 76 40 Des-

179 2335 169 34 marels.
374 2328 68 41 En
468 2331 118 49 1767,
604 2328 28 40 il
647 2327 62 49 fit,
734 2342 54 26 en
809 2329 164 40 société
991 2342 103 26 avec
1114 2326 139 45 Trial,
1274 2326 138 41 Silvie
1418 2357 9 19 ,
1448 2326 178 53 paroles
1646 2326 25 40 d
1679 2339 22 27 e
1716 2325 189 53 Laujon.
1928 2324 68 40 En
2027 2338 118 38 1771,
2168 2324 27 39 il

182 2396 48 42 fit
261 2399 253 49 également
538 2411 54 27 en
626 2399 163 39 société
826 2410 103 27 avec
953 2396 185 41 Granier
1157 2396 9 40 1
1188 2401 136 47 opéra
1345 2395 54 41 de
1428 2394 205 52 Thèonis,
1653 2395 179 53 paroles
1866 2395 54 39 de
1955 2394 237 40 Poinsinet.

181 2465 68 42 En
276 2478 120 40 1772,
423 2467 28 40 il
477 2479 217 38 arrangea
719 2479 104 28 avec
841 2465 189 42 l'auteur
1050 2466 77 40 des
1145 2465 149 40 Essais
1317 2480 73 25 sur
1410 2465 41 39 la
1470 2464 194 54 musique
1682 2463 210 41 ancienne
1924 2469 37 34 et
1977 2463 215 48 moderne,

183 2535 61 40 M.
270 2535 50 40 de
339 2535 40 40 la
405 2535 161 50 Borde,
591 2535 208 40 YAmadis
822 2535 71 40 des
931 2534 158 41 Gaules
1112 2534 54 40 de
1185 2533 127 53 Lully
1347 2534 60 49 (le
1449 2533 195 42 récitatif
1680 2535 217 50 excepté).
1924 2531 68 42 En
2021 2547 119 38 1773,
2166 2531 27 40 il

181 2616 212 40 composa
411 2618 54 26 en
489 2605 162 40 société
674 2616 104 28 avec
796 2603 39 40 la
867 2603 144 40 Borde
1032 2601 164 54 l'opéra
1222 2602 182 41 d'Adèle
1442 2603 51 40 de
1526 2602 218 41 Ponthieu
1752 2634 7 17 ,
1787 2602 177 53 paroles
2000 2602 58 40 du
2083 2615 84 26 mar-

185 2673 100 51 quis
308 2672 54 40 de
404 2670 295 42 Saint-Marc.
733 2670 67 42 En
830 2685 101 39 1774
971 2672 28 39 il
1039 2685 217 37 arrangea
1283 2673 137 47 aussi,
1448 2685 55 27 en
1525 2674 164 38 société
1719 2685 105 27 avec
1860 2670 187 41 Granier
2054 2701 8 16 ,
2084 2670 110 40 deux

186 2745 159 48 opéras
367 2754 113 40 pour
497 2740 39 42 le
559 2741 169 41 théâtre
750 2741 55 40 de
828 2740 39 41 la
888 2740 139 48 Cour,
1049 2739 285 52 Bellérophon
1355 2740 55 40 de
1430 2740 126 53 Lully
1575 2749 40 32 et
1639 2740 83 40 Issé
1743 2741 54 40 de
1821 2739 204 49 Campra.
2043 2736 149 52 Enfin,

185 2823 55 28 en
265 2822 118 40 1775,
400 2810 26 40 il
452 2808 47 42 fit
524 2818 99 33 tous
640 2810 63 40 les
726 2810 386 41 divertissements
1132 2810 55 40 de
1212 2808 183 54 Cythère
1421 2809 192 55 assiégée
1622 2841 7 17 ,
1650 2814 134 48 opéra
1804 2810 54 40 de
1883 2808 160 42 Gluck.

243 2891 20 25 «
285 2878 185 55 Jusqu'à
495 2892 47 27 sa
563 2887 130 39 mort,
714 2878 28 40 il
778 2879 102 40 s'est
921 2893 85 38 peu
1045 2879 150 40 donné
1219 2878 206 53 d'opéras
1456 2881 183 38 anciens
1670 2877 105 54 qu'il
1801 2876 72 55 n'y
1895 2880 58 39 ait
1977 2876 216 47 travaillé,

186 2949 86 40 soit
304 2960 113 40 pour
455 2947 62 41 les
554 2961 219 39 coupures
813 2961 55 28 ou
905 2961 115 40 pour
1054 2947 63 41 les
1154 2949 368 49 augmentations
1555 2949 155 52 jugées
1734 2949 293 45 nécessaires,
2054 2950 141 36 même

185 3016 113 41 dans
324 3015 153 41 Castor
502 3025 41 32 et
566 3016 113 41 dans
702 3015 231 42 Dardanus
956 3017 54 40 de
1034 3016 194 41 Rameau
1252 3017 109 40 dont
1384 3017 224 52 plusieurs
1634 3031 235 27 morceaux
1895 3017 171 52 ajoutés
2098 3023 97 32 sont

186 3085 54 41 de
272 3085 77 47 lui,
388 3093 278 33 notamment
705 3085 38 40 la
778 3085 228 41 chaconne
1030 3088 36 38 si
1099 3098 175 28 connue
1298 3099 106 28 sous
1427 3086 38 40 le
1489 3099 105 28 nom
1619 3086 55 40 de
1696 3085 233 42 Chaconne
1945 3086 51 39 de
2018 3084 174 41 Berton.

177 3152 4 62 t
243 3153 109 41 «Ce
372 3152 65 42 fut
459 3167 107 27 sous
589 3167 81 27 son
695 3154 363 42 administration
1099 3153 135 55 qu'on
1265 3155 158 53 appela
1447 3159 20 36 à
1491 3155 128 41 Paris
1644 3156 63 40 les
1743 3154 199 42 célèbres
1986 3152 135 43 Gluck
2156 3159 39 32 et

186 3222 175 41 Piccini
388 3231 42 33 et
451 3236 85 40 que
569 3221 174 54 s'opéra
766 3236 54 28 en
845 3224 168 40 France
1037 3224 38 40 la
1101 3224 251 41 révolution
1375 3225 230 40 musicale.

244 3305 21 25 «
290 3290 145 44 Gluck
459 3293 118 40 avoit
614 3300 92 33 tant
748 3292 53 41 de
837 3291 230 43 confiance
1091 3307 54 27 en
1169 3306 71 27 ses
1281 3293 160 50 talens,
1466 3291 108 55 qu'il
1611 3295 39 40 le
1689 3294 193 52 chargea
1907 3294 55 41 de
1984 3292 156 42 refaire
2160 3290 35 40 le

227 3457 49 43 (1)
298 3457 102 35 Cette
425 3457 175 35 anecdote
635 3457 91 34 n'est
757 3469 64 30 pas
856 3458 207 35 facilement
1100 3460 240 33 contrôlable.
1364 3459 56 43 J'y
1455 3459 83 33 vois
1569 3467 145 26 surtout
1735 3462 32 31 le
1786 3459 97 33 désir
1906 3457 157 43 qu'avait
2088 3453 106 36 Henri

187 3508 133 32 Berton
338 3507 170 34 d'exalter
533 3511 33 30 le
586 3508 204 43 gluckisme
816 3509 43 32 de
882 3520 65 22 son
968 3512 96 39 père.

226 3556 48 43 (2)
297 3558 65 31 Les
382 3565 145 26 auteurs
550 3558 46 32 du
630 3559 248 32 Dictionnaire,
907 3559 200 42 ajoutaient
1137 3568 6 23 :
1174 3568 20 24 <(
1213 3559 25 32 Il
1256 3570 37 22 se
1316 3560 170 40 présenta
1507 3570 43 22 au
1578 3570 195 22 concours.
1795 3569 18 23 »
1851 3561 98 31 Dans
1973 3565 78 27 tout
2071 3566 39 23 ce
2135 3552 59 45 qui

181 3606 71 34 suit
272 3606 23 33 il
321 3617 37 24 se
376 3615 127 26 trouve
522 3608 181 41 plusieurs
725 3608 182 34 variantes
934 3610 153 33 tendant
1112 3611 166 41 toujours
1304 3612 18 31 à
1350 3612 136 31 exalter
1508 3612 33 31 la
1564 3612 126 32 valeur
1706 3610 46 32 du
1770 3609 101 42 père.
