2329 3929
1120 235 89 43 LA

294 375 637 91 REVUE
1071 377 965 97 MUSICALE

365 536 206 48 (Honorée
594 537 118 37 d'une
736 538 282 45 souscription
1040 538 53 36 du
1117 539 216 37 Ministère
1357 541 47 35 de
1427 542 290 37 l'lnstruction
1738 543 228 46 publique.)

580 1145 350 43 Exécutions
965 1148 57 40 et
1055 1145 393 54 publications
1481 1148 280 42 récentes.

1696 1361 52 6 —
1767 1337 63 41 M.
1865 1336 85 42 Th.
1975 1335 186 49 Dubois,

167 1407 158 52 depuis
384 1406 106 54 qu'il
551 1422 21 26 a
628 1413 190 36 renoncé
871 1408 374 41 volontairement
1298 1421 83 26 aux
1443 1409 145 38 soucis
1631 1407 52 40 de
1742 1407 418 47 l'administration,

169 1475 171 42 semble
379 1476 129 41 s'être
547 1477 318 52 spécialement
902 1481 208 36 consacré
1145 1480 21 36 à
1193 1477 39 39 la
1270 1477 208 51 musique
1508 1475 328 52 symphonique
1860 1488 55 27 ou
1949 1479 21 35 à
2004 1475 40 39 la
2068 1488 63 26 mu-

167 1547 129 50 sique
318 1545 54 40 de
395 1545 228 41 chambre.
659 1545 32 40 Il
713 1547 120 39 vient
851 1546 53 40 de
929 1546 174 52 publier
1126 1559 87 27 une
1247 1543 160 42 Sonate
1434 1552 110 46 pour
1571 1543 132 52 piano
1728 1557 85 39 que
1849 1543 61 40 M.
1935 1541 51 42 E.
2015 1541 145 42 Risler

169 1622 74 32 eut
282 1611 234 45 l'occasion
537 1614 54 40 de
610 1613 108 41 faire
739 1614 213 41 entendre
975 1627 104 28 avec
1098 1614 142 51 grand
1275 1618 151 36 succès
1451 1616 21 36 à
1495 1613 39 39 la
1559 1611 62 41 fin
1641 1613 54 39 de
1716 1612 40 40 la
1777 1612 201 40 dernière
1997 1611 165 39 saison.

167 1681 127 43 Cette
330 1684 270 52 importante
642 1685 312 51 composition,
993 1696 136 40 parue
1165 1683 103 39 chez
1303 1681 201 41 l'éditeur
1529 1680 191 51 Heugel,
1761 1688 64 32 est
1869 1679 53 40 de
1954 1687 156 32 nature
2142 1682 20 35 à

166 1752 239 42 intéresser
430 1752 62 40 les
513 1753 187 41 lecteurs
723 1753 54 40 dé
793 1753 41 40 la
857 1752 143 41 Revue
1019 1751 201 40 musicale
1234 1762 12 30 :
1265 1751 83 40 elle
1371 1763 114 27 nous
1510 1754 143 48 paraît
1674 1750 175 39 mériter
1869 1761 85 27 une
1974 1748 194 39 sérieuse

168 1822 234 39 attention.

221 1888 209 43 L'oeuvre
452 1890 54 40 de
538 1889 61 40 M.
625 1889 85 41 Th.
733 1888 172 43 Dubois
929 1898 66 33 est
1019 1903 122 26 assez
1166 1888 270 53 développée
1460 1903 7 25 :
1488 1888 270 50 trente-cinq
1782 1898 139 40 pages
1949 1885 53 39 de
2040 1882 130 54 parti*

169 1960 90 39 tion
284 1973 112 38 pour
418 1959 63 40 les
506 1960 106 40 trois
632 1968 327 32 mouvements.
985 1956 209 43 L'auteur
1217 1955 69 43 n'a
1308 1971 79 38 pas
1411 1971 73 26 cru
1510 1956 155 39 devoir
1689 1957 93 37 rien
1802 1955 137 39 écrire
1962 1954 74 50 qui
2077 1965 67 27 cor-

166 2027 221 53 responde
408 2042 55 26 au
480 2027 168 41 scherzo
672 2028 53 41 de
748 2029 40 39 la
813 2037 154 32 sonate
990 2028 240 51 classique.
1263 2025 69 42 Un
1355 2026 192 52 premier
1567 2036 221 34 morceau,
1829 2022 166 52 allegro
2021 2020 113 39 mode-

165 2103 92 33 rato
281 2111 78 26 con
375 2098 131 51 fuoco
513 2128 10 21 ,
563 2112 58 26 un
656 2098 163 52 adagio
826 2129 9 16 ,
872 2112 60 26 un
946 2096 133 53 finale
1086 2128 8 14 ,
1111 2103 260 45 composent
1406 2102 120 33 toute
1547 2091 196 51 l'œuvre,
1769 2104 112 39 pour
1905 2088 189 53 laquelle
2128 2088 39 40 le

166 2167 302 51 compositeur
488 2164 68 42 n'a
581 2179 78 39 pas
681 2180 74 26 cru
769 2166 153 40 devoir
944 2178 89 27 non
1050 2165 100 51 plus
1173 2161 283 43 s'astreindre
1477 2166 22 35 à
1524 2161 38 40 la
1583 2160 140 40 forme
1746 2159 212 52 cyclique,
1998 2157 143 40 actuel-

167 2234 164 40 lement
352 2233 86 41 fort
464 2239 21 34 à
507 2234 39 40 la
568 2234 130 40 mode
720 2234 103 40 chez
844 2246 81 28 nos
958 2232 333 53 symphonistes
1314 2230 252 40 modernes.

226 2303 271 52 Remarque,
517 2317 54 26 au
596 2303 194 51 surplus,
818 2303 75 51 qui
910 2316 54 26 ne
985 2302 166 40 saurait
1174 2302 240 38 constituer
1431 2311 84 27 une
1540 2298 201 50 critique,
1761 2295 38 40 la
1822 2293 136 41 forme
1974 2292 196 53 cyclique

167 2387 54 27 ne
244 2377 255 48 présentant
525 2385 79 39 pas
626 2372 200 52 toujours
850 2371 76 40 des
960 2378 244 42 avantages
1228 2371 75 50 qui
1327 2374 289 44 compensent
1637 2363 326 42 suffisamment
1999 2362 38 39 la
2060 2373 81 28 con-

170 2443 158 40 trainte
353 2439 161 54 qu'elle
537 2442 173 51 impose
722 2440 112 40 dans
858 2437 40 44 le
920 2439 127 41 choix
1070 2438 77 41 des
1172 2438 171 40 thèmes
1364 2448 186 40 propres
1574 2438 21 36 à
1618 2432 172 41 fournir
1827 2432 39 39 le
1910 2430 261 51 développe*

165 2519 120 32 ment
308 2510 53 40 de
384 2509 222 52 plusieurs
630 2523 250 26 morceaux.
901 2508 122 40 Dans
1040 2507 40 40 la
1115 2514 155 33 sonate
1303 2505 53 40 de
1377 2503 61 41 M.
1476 2502 85 41 Th.
1597 2500 188 48 Dubois,
1827 2500 10 38 1
1858 2500 122 39 unité
2029 2502 142 48 paraît

168 2579 267 41 solidement
452 2577 162 41 établie
637 2591 104 27 sans
755 2586 64 32 cet
843 2575 168 42 artifice
1030 2587 9 39 ;
1065 2575 101 41 bien
1187 2588 87 40 que
1293 2574 63 39 les
1380 2573 108 40 trois
1512 2572 166 51 parties
1701 2570 202 52 puissent
1940 2571 90 35 être
2068 2579 76 27 con-

171 2648 193 41 sidérées
406 2646 252 51 isolément,
698 2647 40 39 le
773 2646 133 53 finale
941 2659 45 26 se
1023 2645 105 40 relie
1180 2644 288 41 directement
1508 2644 21 35 à
1567 2638 192 53 Yadagio
1795 2651 79 38 par
1916 2636 10 40 1
1946 2634 201 42 introduc-

169 2720 112 46 tion,
315 2715 219 42 débutant
565 2716 113 40 dans
697 2715 39 40 le
759 2723 74 32 ton
872 2712 54 42 de
960 2722 65 32 cet
1059 2710 164 55 adagio
1251 2724 114 39 pour
1402 2721 206 28 ramener
1628 2707 190 45 ensuite,
1846 2717 123 28 assez
2003 2703 145 52 rapide-

169 2794 137 39 ment,
331 2785 40 40 la
396 2784 184 41 tonalité
601 2781 261 55 principale.

226 2854 63 41 La
308 2862 155 33 sonate
480 2862 65 32 est
564 2867 54 27 en
639 2853 41 40 la
703 2851 189 41 mineur.
917 2849 115 42 Sans
1051 2849 197 53 prélude,
1275 2860 103 28 sans
1412 2846 321 47 introduction,
1759 2856 104 27 sans
1886 2842 283 53 préparation

170 2922 215 42 d'aucune
408 2931 133 42 sorte,
558 2923 39 40 le
620 2922 192 52 premier
833 2919 167 54 allegro
1020 2917 162 41 débute
1202 2930 82 38 par
1305 2913 298 54 l'exposition,
1632 2917 20 35 à
1675 2913 10 39 1
1706 2913 202 48 unisson,
1935 2911 57 40 du
2025 2911 145 38 thème

170 2992 234 52 principal,
428 2991 237 41 fortement
687 2989 191 54 rythmé,
903 2988 104 41 d'un
1024 2990 218 37 caractère
1267 2983 227 41 affirmatif
1510 2991 40 31 et
1569 2982 283 40 dominateur
1886 2978 69 53 (A,
1976 2992 69 27 ex.
2077 2975 56 54 i°)
2159 2989 9 27 i

280 3635 42 32 R.
350 3634 48 33 M.

2049 3625 10 21 I

226 1336 180 43 SONATE
440 1353 53 27 EN
529 1353 50 25 LA
612 1353 188 36 MINEUR,
835 1352 120 28 POUR
985 1352 145 32 PIANO,
1166 1353 55 25 DE
1255 1338 60 40 M.
1359 1338 83 40 TH.
1481 1338 190 42 DUBOIS.

2021 758 92 37 1908

1129 755 45 36 15
1202 755 146 38 Juillet

220 754 56 36 N°
304 754 64 37 14
396 753 259 40 (huitième
677 755 169 44 année)
