2905 4109
1160 339 243 34 BULLETIN
1451 337 240 45 FRANÇAIS
1735 339 63 31 DE
1845 336 61 32 LA
1953 335 38 33 S.
2041 333 30 33 I.
2120 332 50 32 M.

641 343 122 34 1102

637 508 248 52 ouvrage
941 486 268 71 complet,
1275 485 171 54 d'une
1503 482 378 57 information
1937 481 128 53 sûre
2121 482 59 51 et
2244 477 172 55 d'une
2473 476 212 60 lecture

637 569 280 73 agréable.

744 649 80 52 Le
855 645 152 71 petit
1045 644 228 54 volume
1307 644 69 54 de
1410 642 76 54 M.
1520 642 160 70 Augé
1715 642 70 54 de
1818 641 209 53 Lassus
2060 654 61 37 se
2153 637 267 69 présente
2465 651 221 41 comme

634 746 81 37 un
747 725 207 56 recueil
990 724 69 55 de
1091 727 194 50 toutes
1319 722 78 54 les
1433 724 305 53 anecdotes
1772 720 231 53 contées
2037 732 97 37 sur
2168 713 319 55 Boieldieu.
2525 713 90 58 On
2647 734 39 52 y

637 812 265 50 retrouve
934 807 195 50 toutes
1164 801 163 56 celles
1362 800 311 56 recueillies
1706 816 105 54 par
1846 797 201 69 Henry
2083 796 70 53 de
2171 792 346 71 Thannberg
2538 795 143 54 dans

633 886 59 53 la
730 884 281 54 brochure
1048 880 276 57 intitulée
1367 880 49 54 le
1463 878 323 56 Centenaire
1819 878 65 53 de
1919 873 314 68 Boieldieu,
2274 872 276 55 brochure
2586 873 98 70 qui

633 965 147 54 n'est
812 964 324 68 cependant
1165 978 104 53 pas
1299 958 370 56 mentionnée
1701 958 142 55 dans
1873 956 55 52 la
1971 955 118 53 très
2131 951 309 54 sommaire
2486 951 172 57 biblio-

631 1041 240 74 graphie
903 1042 70 54 de
1002 1041 56 53 la
1087 1058 146 53 page
1266 1051 122 56 125.
1423 1040 75 52 M.
1531 1039 161 69 Augé
1725 1039 70 53 de
1835 1036 212 52 Lassus
2079 1050 73 37 en
2182 1032 201 70 ajoute
2412 1031 273 70 quelques

633 1127 191 50 autres
857 1139 96 37 sur
983 1121 80 55 les
1570 1120 255 54 Voitures
2159 1116 201 57 versées
1628 1122 59 50 et
1719 1116 57 53 la
2083 1129 105 53 par
2220 1110 259 69 exemple
2538 1112 118 65 (sou-

635 1201 189 56 venirs
854 1201 70 53 de
951 1199 475 66 l'acteurVedel).
1458 1197 84 54 La
1570 1193 364 70 chronologie
1965 1192 98 55 des
2094 1188 174 58 fuites
2299 1207 76 37 ou
2411 1188 275 71 «fugues»

634 1281 69 55 de
750 1277 301 57 Boieldieu
1096 1293 127 40 vers
1272 1277 161 55 Paris
1479 1281 87 50 est
1608 1272 319 57 incertaine
1952 1293 14 45 ;
2016 1270 324 69 cependant
2381 1267 45 53 il
2470 1268 216 56 semble

629 1360 140 54 bien
804 1376 112 52 que
951 1357 276 71 l'épisode
1261 1355 276 72 poétique
1573 1359 58 50 et
1666 1353 313 54 charmant
2014 1350 235 52 raconté
2286 1364 107 54 par
2420 1346 57 70 J.
2508 1346 178 71 Janin

630 1440 145 70 perd
788 1444 167 49 toute
971 1437 461 55 vraisemblance
1461 1433 45 55 si
1537 1451 76 37 on
1641 1433 53 54 le
1715 1432 164 70 place
1903 1430 166 70 après
2092 1428 80 54 les
2188 1431 261 52 concerts
2472 1427 214 55 donnés

629 1535 108 55 par
775 1517 302 55 Boieldieu
1115 1517 35 52 à
1189 1516 204 53 Rouen
1435 1515 102 66 (1).
1578 1511 155 56 C'est
1772 1531 21 27 «
1830 1510 52 53 le
1919 1507 155 71 petit
2112 1506 168 56 Boiel
2321 1526 21 29 »
2383 1505 211 71 fuyant
2630 1507 57 53 la

631 1596 265 56 Maîtrise
936 1600 59 49 et
1034 1595 52 54 le
1127 1593 343 56 redoutable
1510 1590 247 67 Broche,
1799 1587 99 71 qui
1945 1586 218 58 dormit
2195 1586 145 53 dans
2373 1585 57 52 la
2458 1583 229 57 maison

634 1677 79 55 du
742 1677 202 69 berger
972 1680 58 49 et
1057 1691 118 38 non
1204 1674 52 54 le
1285 1672 169 70 jeune
1484 1667 677 69 virtuose-compositeur
2190 1666 71 54 de
2289 1680 73 39 20
2393 1681 122 38 ans.

743 1755 85 53 La
860 1755 109 53 Dot
1009 1754 64 53 de
1117 1755 210 53 Suzette
1371 1750 228 54 fut-elle
1633 1747 357 71 représentée
2023 1745 52 54 le
2108 1756 32 56 5
2174 1743 329 71 septembre
2547 1756 138 58 1795

637 1837 78 69 (p.
761 1835 93 65 21)
899 1851 75 37 ou
1016 1834 52 52 le
1111 1831 35 53 6
1188 1830 326 71 septembre
1559 1827 141 71 1798
1745 1828 80 68 (p.
1873 1823 131 68 126)
2037 1828 23 49 ?
2101 1823 43 52 il
2185 1822 261 56 faudrait
2478 1822 209 55 choisir

633 1919 161 49 entre
837 1912 57 52 la
940 1911 227 55 version
1254 1908 157 55 Fétis
1489 1912 59 51 et
1631 1907 57 52 la
1734 1903 228 56 version
2008 1902 241 70 Pougin.
2299 1901 175 54 Est-il
2519 1907 166 50 exact

635 1992 226 55 d'autre
894 1996 132 64 part
1062 2008 112 52 que
1208 1987 149 70 Jean
1392 1988 70 54 de
1498 1985 161 54 Paris
1694 1983 84 54 ait
1815 1980 285 72 dépouillé
2134 1981 347 68 Télémaque
2517 1981 170 54 d'une

633 2072 216 69 grande
877 2070 190 71 partie
1099 2070 71 53 de
1200 2085 64 36 sa
1296 2067 264 69 musique
1593 2067 76 68 (p.
1705 2066 92 70 44)
1833 2067 57 50 et
1922 2066 233 49 surtout
2188 2077 113 54 que
2333 2081 23 28 «
2388 2061 143 54 dans
2563 2060 98 55 l'es-

631 2166 144 54 pace
805 2150 69 53 de
903 2164 70 54 29
1002 2147 156 70 jours
1186 2146 58 53 la
1272 2146 179 53 Dame
1477 2142 252 55 Blanche
1769 2141 87 53 ait
1896 2141 92 53 été
2031 2140 154 54 enfin
2211 2138 197 69 écrite,
2440 2138 245 71 apprise,

633 2230 228 68 répétée
894 2234 59 49 et
974 2226 358 70 représentée
1352 2245 21 28 »
1412 2235 75 65 (p.
1524 2225 92 68 72)
1647 2227 23 48 ?
1706 2221 91 54 On
1829 2225 142 66 peut
2006 2221 207 53 douter
2247 2220 70 53 de
2350 2218 306 55 l'authenti-

633 2307 114 54 cité
784 2307 70 55 de
891 2321 92 40 ces
1019 2305 305 54 anecdotes
1363 2319 220 36 comme
1616 2301 71 54 de
1733 2300 137 54 celle
1903 2297 70 57 de
1999 2298 302 70 beaucoup
2332 2297 274 56 d'autres.

744 2389 77 52 M.
864 2386 160 70 Augé
1067 2385 69 54 de
1178 2385 208 52 Lassus
1429 2382 234 69 analyse
1702 2378 283 71 plusieurs
2025 2378 203 55 livrets
2277 2378 70 54 de
2389 2376 298 56 Boieldieu

634 2470 58 51 et
730 2469 232 50 surtout
997 2463 57 54 la
1560 2461 180 56 Dame
1992 2458 388 58 Blanche.Ces
1735 2458 232 70 poèmes
2018 2455 216 55 offrent
2272 2472 115 54 peu
2426 2456 70 54 de
2535 2472 113 54 mys-

633 2545 139 67 tère,
808 2550 58 48 et
901 2547 282 68 pourtant
1216 2541 50 55 le
1302 2541 150 68 style
1487 2540 69 54 de
1592 2540 76 53 M.
1708 2540 70 53 de
1814 2537 209 53 Lassus
2060 2541 87 49 est
2181 2536 47 53 si
2267 2537 337 66 contourné,
2639 2535 45 53 si

633 2623 157 55 riche
822 2641 70 36 en
920 2621 324 56 inversions
1275 2623 60 50 et
1367 2637 70 36 en
1468 2623 304 49 tournures
1805 2613 303 73 apprêtées
2143 2632 111 52 que
2284 2615 81 54 les
2393 2615 182 69 sujets
2609 2613 77 56 les

634 2702 128 73 plus
802 2700 166 56 clairs
1007 2706 59 50 et
1101 2700 82 54 les
1221 2698 128 72 plus
1388 2697 231 71 simples
1659 2714 70 35 en
1771 2693 349 56 deviennent
2161 2693 234 55 obscurs
2436 2698 59 50 et
2535 2710 113 37 com-

634 2781 243 71 pliqués.
908 2780 170 54 Nulle
1106 2780 183 53 forme
1317 2796 73 36 ne
1420 2775 309 55 convenait
1759 2773 188 55 moins
1978 2773 34 52 à
2040 2772 216 56 l'étude
2288 2775 139 53 d'un
2460 2773 226 54 homme

635 2866 59 50 et
725 2861 143 55 d'un
901 2858 279 55 musicien
1213 2856 365 54 absolument
1612 2852 272 56 naturels.
1922 2852 51 53 Il
2004 2851 215 56 semble
2253 2852 290 55 d'ailleurs
2577 2869 110 53 que

633 2940 251 54 l'auteur
911 2938 85 54 ait
1024 2940 184 70 prévu
1235 2955 62 35 ce
1326 2935 271 71 reproche
1623 2932 250 72 possible
1901 2951 72 36 en
1998 2931 264 54 écrivant
2288 2952 47 36 :«
2354 2933 116 54 Son
2487 2937 90 48 art
2601 2935 86 50 est

633 3018 205 70 simple
879 3022 75 61 et,
997 3017 116 54 très
1155 3020 245 51 souvent
1444 3015 76 53 du
1561 3011 208 68 moins,
1810 3027 144 37 nous
1994 3022 249 42 sommes
2279 3010 358 71 compliqués
2666 3029 21 29 »

637 3102 78 66 (p.
750 3100 146 64 120).
922 3097 108 55 Les
1061 3095 283 56 dernières
1372 3110 174 54 pages
1575 3096 58 51 et
1664 3091 276 71 quelques
1970 3096 194 48 autres
2195 3091 68 68 çà
2291 3096 60 49 et
2378 3091 57 53 là
2464 3092 145 53 dans
2637 3090 50 53 le

635 3176 229 56 volume
903 3180 132 49 sont
1071 3176 80 53 les
1190 3173 334 55 meilleures.
1565 3171 161 52 L'art
1753 3171 71 53 de
1848 3168 306 55 Boieldieu
2192 3170 253 67 «sain...,
2475 3186 188 53 sage...
2672 3222 13 24 }

634 3274 81 38 un
743 3272 113 54 peu
885 3253 387 72 bourgeois...,
1307 3251 288 71 gracieux,
1625 3267 80 37 un
1733 3266 113 53 peu
1875 3247 284 71 fragile...,
2178 3253 92 49 art
2289 3251 143 53 dont
2463 3248 57 54 la
2549 3266 138 52 qua-

750 3413 61 47 (1)
844 3409 82 40 Sur
954 3410 62 38 les
1046 3409 125 38 dates
1201 3408 53 39 de
1283 3419 71 28 ces
1382 3408 202 36 concerts
1612 3415 59 27 011
1699 3415 163 40 pourra
1890 3405 240 46 consulter,
2152 3407 111 38 dans
2291 3406 39 38 le
2360 3404 147 39 Précis
2537 3404 125 47 analy-

635 3472 115 50 tique
775 3472 69 37 des
870 3475 179 34 travaux
1073 3468 48 39 de
1148 3467 264 40 VAcadémie
1438 3466 69 37 des
1533 3466 198 44 sciences,
1760 3464 289 39 belles-lettres
2075 3468 37 34 et
2137 3470 87 37 arts
2250 3466 48 38 de
2322 3467 153 37 Rouen
2501 3463 189 52 pendant

636 3532 168 39 Vannée
835 3530 254 50 1907-1908,
1119 3530 75 49 qui
1220 3529 199 51 paraîtra
1443 3538 57 28 en
1531 3536 120 40 1909,
1680 3526 39 38 le
1746 3526 200 38 discours
1973 3526 54 38 de
2051 3526 234 54 réception
2311 3528 54 38 de
2391 3526 59 38 M.
2480 3526 58 37 H.
2566 3524 55 38 de
2647 3527 42 37 la

633 3591 265 39 Bunodière.
