2905 4109
2289 432 0 0 1065

1066 378 61 34 LA
1158 379 268 37 TRADITION

316 531 80 56 Le
441 528 283 57 musicien
770 529 275 58 moderne
1090 547 74 38 ne
1188 546 61 39 se
1293 537 276 53 contente
1612 536 150 71 plus,
1809 554 225 39 comme
2077 535 53 57 le
2176 536 90 54 vir-

202 616 169 52 tuose
405 611 179 57 vieux
617 611 117 71 jeu,
774 611 99 56 des
907 609 278 75 quelques
1222 611 316 57 douzaines
1581 617 72 55 de
1693 634 315 40 morceaux
2049 617 34 55 à
2124 615 164 72 effet,

202 697 169 51 notre
416 697 94 50 art
550 709 36 36 a
628 710 73 37 eu
741 706 92 41 ses
873 689 274 69 Homère,
1193 707 89 38 ses
1325 691 416 75 Shakespeare,
1785 715 90 40 ses
1918 697 268 74 Raphaël
2227 702 61 53 et

202 790 92 38 ses
336 773 298 56 Watteau.
682 772 163 56 Nous
889 771 247 57 voulons
1179 769 84 58 les
1305 773 302 57 connaître
1647 782 157 66 tous,
1828 783 59 53 et
1931 780 143 56 c'est
2117 781 172 71 grâce

203 872 120 38 aux
369 852 476 74 musicographes
908 869 113 54 que
1066 869 148 39 nous
1260 870 408 53 commençons
1715 858 35 54 à
1795 861 247 70 prendre
2087 877 118 55 peu
2249 861 36 55 à

202 950 117 54 peu
357 933 419 56 connaissance
816 935 101 55 des
953 933 214 55 trésors
1207 950 114 54 que
1362 950 148 38 nous
1548 941 106 48 ont
1692 936 194 73 légués
1923 957 108 39 nos
2068 941 217 72 grands

203 1017 239 53 maîtres
494 1016 80 54 du
623 1015 170 72 passé
844 1020 57 49 et
954 1031 113 53 que
1115 1030 148 39 nous
1315 1029 183 40 avons
1547 1020 136 66 trop
1731 1017 332 75 longtemps
2112 1021 172 56 laissé

203 1095 202 57 moisir
442 1112 135 40 sous
611 1095 59 54 la
706 1095 296 72 poussière
1040 1095 101 54 des
1178 1093 283 56 archives.

316 1176 401 68 Assurément,
757 1175 45 54 il
844 1181 87 51 est
973 1175 130 71 plus
1148 1175 120 54 aisé
1312 1180 59 50 et
1414 1175 129 71 plus
1586 1182 168 50 court
1800 1178 70 56 de
1912 1181 276 72 mépriser
2229 1182 59 56 la

203 1255 223 58 science
473 1275 113 53 que
633 1257 70 56 de
746 1255 327 73 l'acquérir.
1123 1256 51 52 Il
1217 1274 41 53 y
1303 1274 33 35 a
1382 1261 271 62 souvent,
1679 1257 146 57 dans
1867 1260 81 54 les
1992 1261 175 56 écrits
2215 1263 71 56 de

203 1355 92 39 ces
339 1359 22 28 «
403 1342 123 50 rats
568 1338 72 56 de
681 1336 439 72 bibliothèques
1153 1357 46 47 »,
1244 1336 129 71 plus
1420 1337 69 53 de
1531 1337 158 70 piété
1731 1344 59 49 et
1835 1340 265 57 d'amotir
2140 1359 148 56 pour

203 1421 58 53 la
295 1418 269 72 musique
597 1436 117 55 que
747 1417 145 56 dans
926 1417 83 55 les
1040 1416 143 56 feux
1219 1416 331 70 d'artifices,
1590 1417 145 55 dans
1768 1417 80 56 les
1882 1420 174 54 traits
2091 1424 195 53 outrés

205 1507 59 51 et
316 1500 145 54 dans
510 1498 82 56 les
626 1498 357 56 ritardandos
1034 1497 334 73 extatiques
1423 1500 68 53 de
1542 1497 221 56 maints
1819 1498 282 59 virtuoses
2152 1505 34 52 à
2233 1504 58 55 la

205 1581 190 61 mode.

1452 1659 239 54 Wanda
1730 1659 394 54 Landowska.
