2905 4109
1229 347 241 36 BULLETIN
1516 347 239 43 FRANÇAIS
1798 347 62 32 DE
1907 344 61 33 LA
2014 343 38 34 S.
2102 343 28 33 I.
2179 343 50 32 M.

698 356 121 48 1072

2750 3447 24 38 S

829 1193 51 55 Il
909 1193 128 56 faut
1062 1194 151 56 aussi
1244 1211 111 52 que
1389 1194 52 55 le
1471 1194 168 70 jeune
1678 1197 383 70 compositeur
2098 1195 150 55 fasse
2282 1195 135 55 bien
2447 1195 289 55 attention

720 1277 71 53 de
819 1291 72 37 ne
924 1273 207 70 jamais
1163 1273 191 71 placer
1388 1289 90 40 ces
1509 1275 149 53 deux
1691 1274 328 56 intervalles
2048 1274 285 56 ensemble
2361 1292 104 52 par
2499 1281 237 63 rapport

720 1371 112 53 que
863 1352 54 54 le
1194 1352 86 54 La
1068 1357 88 49 est
1189 1357 133 63 trop
1355 1352 104 53 bas
1492 1357 59 49 et
1571 1353 52 55 le
2606 1355 89 54 Fa
1777 1359 87 50 est
1897 1358 135 63 trop
2067 1353 163 66 haut,
2267 1353 119 53 cela
2420 1353 169 55 ferait
2622 1372 113 37 une

722 1430 331 56 dissonante
1070 1429 233 56 terrible
1951 1429 120 67 (sic)
1488 1434 96 71 (2).

827 1508 226 56 NOTA.
1196 1508 50 53 Il
1279 1508 127 53 faut
1440 1508 152 54 aussi
1625 1509 266 55 instruire
1925 1510 52 54 le
2010 1509 170 70 jeune
2215 1509 383 71 compositeur
2630 1528 106 52 par

719 1588 184 71 quelle
936 1587 189 54 raison
1158 1587 52 54 le
1243 1585 241 71 premier
1520 1588 107 53 Cor
1658 1606 72 35 ne
1764 1593 140 65 peut
1938 1606 105 50 pas
2078 1589 215 53 donner
2328 1589 45 52 si
2408 1589 327 57 facilement

715 1667 82 55 les
828 1665 330 56 intervalles
1191 1667 144 53 dans
1365 1665 52 55 le
1449 1667 105 52 bas
1589 1683 219 41 comme
1840 1667 53 55 le
1926 1668 210 52 second
2169 1667 107 53 Cor
2300 1687 14 47 ;
2348 1673 59 49 et
2440 1668 52 54 le
2525 1669 210 53 second

719 1745 106 55 Cor
848 1763 71 37 ne
943 1749 139 66 peut
1106 1743 207 70 jamais
1336 1743 287 56 atteindre
1645 1744 81 55 les
1749 1744 327 56 intervalles
2103 1748 142 52 dans
2268 1745 52 55 le
2344 1747 144 53 haut
2513 1763 221 42 comme

712 1823 56 56 le
806 1823 243 71 premier
1087 1823 107 53 Cor
1218 1843 14 47 ;
1271 1823 57 53 la
1366 1822 190 54 raison
1594 1841 71 36 en
1702 1829 87 48 est
1827 1829 165 50 toute
2031 1824 200 70 simple
2258 1844 11 32 :
2309 1824 425 57 l'embouchure

717 1902 79 54 du
838 1900 241 71 premier
1123 1902 106 53 Cor
1271 1903 163 52 étant
1478 1900 442 59 ordinairement
1963 1904 118 52 très
2123 1902 206 57 étroite
2370 1909 59 50 et
2473 1903 138 57 celle
2653 1904 80 55 du

717 1982 210 53 second
954 1980 108 54 Cor
1088 1980 118 54 très
1232 1980 171 70 large,
1435 1996 220 39 comme
1683 1997 146 38 vous
1854 1982 53 54 le
1935 1987 298 49 trouverez
2263 1983 145 54 dans
2433 1982 83 57 les
2542 1983 191 71 leçons

707 2058 313 56 suivantes.

824 2138 179 54 Chose
1056 2137 251 54 curieuse
1333 2157 11 33 :
1398 2142 133 48 tous
1581 2135 81 56 les
1713 2137 279 55 exercices
2045 2139 71 55 de
2165 2139 57 53 la
2274 2142 272 54 méthode
2597 2145 132 50 sont

707 2214 169 56 cérits
921 2232 95 38 sur
1060 2215 54 55 le
1158 2215 194 57 thème
1398 2214 203 70 simple
1647 2215 232 54 suivant
1906 2236 13 34 :

819 2372 36 46 (1
869 2372 11 46 )
902 2371 36 38 Il
956 2374 65 36 est
1039 2371 27 38 à
1081 2382 248 39 remarquer
1347 2382 84 38 que
1448 2371 61 37 les
1526 2373 125 37 notes
1670 2382 154 38 graves
1842 2384 54 26 en
1931 2373 84 39 clef
2032 2373 52 39 de
2101 2373 58 48 fa,
2179 2375 226 50 indiquées
2424 2389 78 38 par
2532 2387 109 29 nous
2667 2394 55 30 4.,

708 2429 165 40 étaient
898 2432 58 37 du
980 2434 144 46 temps
1150 2431 53 38 de
1227 2430 159 44 Punto,
1401 2429 56 38 où
1482 2430 87 38 Ton
1594 2441 55 28 ne
1673 2441 45 27 se
1742 2432 162 37 servait
1930 2432 57 38 du
2013 2443 73 28 cor
2111 2434 165 50 simple,
2302 2446 56 29 en
2380 2436 145 41 raison
2551 2436 54 38 de
2627 2436 94 40 leur

711 2489 180 44 surdité,
918 2493 174 35 surtout
1115 2500 74 28 sur
1212 2490 60 38 les
1297 2491 100 36 tons
1422 2490 54 36 de
1499 2488 213 50 rechange
1737 2500 181 38 moyens
1942 2494 46 35 et
2013 2491 79 39 bas
2118 2492 54 39 de
2194 2493 58 47 fa,
2280 2495 74 44 mi,
2382 2495 64 38 mi
2471 2500 34 48 y,
2532 2497 43 36 ré
2599 2498 37 34 et
2666 2499 56 42 iJ,

710 2547 131 39 d'une
867 2549 229 39 exécution
1123 2559 185 40 presque
1322 2547 260 51 impossible.
1612 2547 82 39 Les
1721 2547 110 40 bons
1858 2550 208 39 cornistes
2091 2552 227 40 modernes
2345 2556 261 48 parcourent
2620 2554 86 39 aisé-

710 2608 122 37 ment
865 2610 124 36 toute
1021 2608 216 39 rétendue
1269 2606 299 48 chromatique
1601 2606 54 39 de

1415 2776 28 36 -

702 2952 175 37 surtout
897 2961 73 28 sur
990 2952 39 39 le
1048 2954 80 37 ton
1150 2952 54 39 de
1222 2951 210 52 rechange
1453 2953 45 48 fa
1521 2954 87 51 qui,
1632 2954 26 37 à
1679 2954 115 49 juste
1813 2956 118 46 titre,
1956 2957 221 39 considéré
2198 2969 171 29 comme
2389 2959 40 39 le
2451 2959 194 40 meilleur
2680 2964 44 35 et

702 3010 40 38 le
765 3010 97 50 plus
886 3010 177 40 brillant
1084 3013 67 37 est
1177 3013 179 47 partant
1378 3012 38 39 le
1440 3012 162 50 préféré
1627 3013 74 39 des
1725 3015 218 39 cornistes.

819 3069 60 47 (2)
925 3067 36 39 Il
982 3072 68 36 est
1072 3069 87 39 fort
1179 3069 220 50 probable,
1424 3083 84 37 que
1533 3071 144 39 Punto
1700 3072 201 40 émettait
1924 3086 68 26 ces
2016 3075 116 39 deux
2154 3087 101 27 sons
2278 3076 27 37 à
2339 3078 194 49 pavillon
2553 3083 171 40 ouvert,

707 3138 49 28 ce
780 3128 74 49 qui
877 3128 202 50 explique
1102 3129 42 37 la
1169 3129 253 39 dissonance
1446 3132 74 47 qui
1544 3142 54 27 en
1621 3132 213 38 résultait.
1862 3132 80 39 Sur
1966 3134 39 38 le
2028 3146 74 26 cor
2129 3135 26 37 à
2179 3135 186 50 pistons,
2391 3148 70 28 ces
2487 3138 114 38 deux
2624 3148 100 27 sons

709 3188 101 36 sont
835 3186 148 39 faciles
1008 3186 27 38 à
1061 3187 162 39 donner
1248 3191 174 35 surtout
1446 3201 168 27 comme
1639 3193 125 35 notes
1791 3192 52 37 de
1869 3204 202 36 passages
2088 3208 10 23 :
