2905 4109
735 288 120 48 1052

1248 288 240 34 BULLETIN
1535 288 236 45 FRANÇAIS
1815 291 62 33 DE
1924 289 61 33 LA
2030 289 37 35 S.
2118 289 27 32 I.
2196 288 47 32 M.

735 437 91 66 (ici
868 436 56 53 la
964 433 241 72 guitare)
1248 432 97 69 qui
1390 432 205 55 double
1633 433 56 54 la
1729 435 136 53 voix
1907 436 101 65 (un
2046 432 266 70 soprano)
2345 435 58 49 et
2443 432 238 55 exécute
2724 436 32 53 à

735 516 305 53 découvert
1077 511 52 55 le
1168 516 191 47 cantus
1398 511 95 53 des
1530 511 354 55 ritournelles
1922 517 56 50 et
2024 510 332 56 interludes.
2396 508 81 54 La
2524 510 160 69 pièce
2720 530 32 36 a

731 593 89 53 été
866 590 236 53 haussée
1148 588 167 54 d'une
1360 587 175 55 tierce
1580 588 270 56 mineure.
1938 590 156 53 Avec
2140 605 113 37 une
2297 585 137 55 voix
2479 586 273 58 féminine

731 686 189 54 grave,
962 667 104 55 elle
1105 666 174 54 serait
1323 666 285 56 d'ailleurs
1647 667 334 56 exécutable
2006 666 134 56 telle
2178 665 203 69 quelle.

839 746 65 52 B.
1383 743 287 55 Chansons
2024 745 33 52 à
2160 745 141 52 deux
2505 745 139 67 voix,

730 823 215 70 paroles
978 825 33 50 à
1041 823 140 52 deux
1211 822 221 70 parties.

838 902 66 52 6°
1158 902 81 53 La
1385 902 132 52 belle
1703 919 53 35 se
1868 901 98 53 siet
2118 919 75 35 au
2323 902 92 69 pié
2564 902 61 52 de
2752 900 4 71 l
1961 901 280 67 (DUFAY).
2276 900 264 66 (Stainer.

750 982 112 51 and
1044 981 85 52 his
1289 980 489 68 contemporaries).

837 1058 161 55 Cette
1031 1057 159 71 pièce
1224 1058 259 69 présente
1519 1062 149 50 cette
1717 1057 395 70 particularité
2150 1056 178 53 d'être
2363 1056 191 67 écrite,
2608 1057 143 55 dans

726 1137 52 55 le
815 1142 175 61 texte,
1028 1154 145 52 pour
1202 1133 150 59 deux
1380 1136 134 54 voix
1540 1136 183 68 égales
1754 1134 127 68 (clef
1911 1133 123 56 d'ut
2063 1150 28 37 i
2096 1146 40 24 re
2160 1133 196 70 ligne),
2372 1138 192 51 toutes
2597 1133 150 57 deux

727 1214 214 69 parties
979 1212 367 72 mélodiques,
1369 1230 94 37 sur
1497 1232 109 35 une
1638 1213 185 69 partie
1860 1213 68 54 de
2178 1211 48 52 Il
2260 1211 99 70 n'y
2394 1228 33 36 a
2463 1212 147 53 donc
2641 1230 104 52 pas

729 1291 68 56 de
961 1297 271 48 contratenor
1233 1292 41 51 à
1275 1296 360 65 proprement
1675 1291 202 68 parler.
1921 1291 48 50 A
2008 1288 363 67 l'exécution,
2410 1289 52 54 le
2500 1291 245 68 premier

752 1377 189 46 cantus
970 1371 161 52 avait
1185 1371 91 52 été
1331 1371 175 52 confié
1552 1369 33 51 à
1627 1387 78 36 un
1735 1386 261 52 soprano,
2029 1368 51 53 le
2123 1369 211 52 second
2376 1367 34 52 à
2441 1386 80 37 un
2559 1369 181 54 ténor.

727 1449 163 54 Cette
926 1448 411 69 transposition
1366 1446 217 54 n'avait
1600 1463 216 37 aucune
1826 1446 375 69 importance,
2220 1461 77 38 vu
2317 1444 58 55 la
2409 1451 335 52 contexture

727 1526 374 69 harmonique
1138 1527 66 52 de
1239 1526 55 50 la
1328 1524 172 69 pièce,
1534 1524 95 69 qui
1668 1524 282 55 d'ailleurs
1977 1523 259 70 pourrait
2269 1523 118 55 être
2423 1524 150 54 aussi
2610 1524 134 58 bien

727 1606 211 52 rendue
974 1604 34 51 à
1045 1604 148 54 deux
1229 1602 141 53 voix
1402 1602 202 68 égales,
1648 1601 335 54 masculines
2024 1618 75 36 ou
2138 1601 322 55 féminines.

837 1682 77 53 Le
1093 1687 112 47 ténor
1206 1679 177 70 reproduit
1398 1679 56 52 la
1469 1678 239 55 mélodie
1726 1681 67 52 de
1808 1679 55 52 la
1878 1681 253 52 chanson
2143 1679 314 69 populaire,
2489 1681 115 53 très
2618 1697 94 53 per-

726 1759 244 69 ceptible
980 1759 73 52 ici
1070 1759 209 69 malgré
1294 1758 420 69 l'allongement
1733 1756 95 55 des
1845 1758 239 53 valeurs.
2152 1758 49 51 Il
2217 1758 99 69 n'y
2343 1776 35 35 a
2406 1776 104 51 pas
2535 1761 68 53 de
2618 1759 92 70 pré-

724 1837 133 54 lude
879 1836 424 66 instrumental,
1319 1834 57 55 ni
1408 1834 66 55 de
1506 1834 372 66 ritournelles,
1907 1834 56 55 ni
1997 1834 355 55 d'interlude.
2387 1834 355 57 L'ensemble

726 1921 85 48 est
851 1917 135 52 d'un
1022 1914 282 54 caractère
1338 1913 296 69 beaucoup
1670 1913 127 69 plus
1831 1913 202 70 simple
2069 1931 113 52 que
2215 1914 80 54 les
2331 1916 281 55 chansons
2648 1933 94 37 sur

724 1992 217 71 poésies
969 1993 33 51 à
1027 1993 178 52 forme
1232 1992 111 52 fixe
1370 1996 56 48 et
1454 1996 258 60 savante,
1740 1993 294 53 rondeaux
2060 2008 76 37 ou
2164 1997 192 49 autres
2381 1993 356 55 semblables.

833 2072 77 52 Le
1157 2076 96 47 ténor
1254 2069 97 54 était
1355 2070 204 68 exposé
1618 2087 73 34 au
1748 2068 346 56 violoncelle.
2142 2070 127 54 Une
2325 2070 222 70 guitare
2606 2074 136 65 (non

722 2148 237 69 obligée)
1002 2145 377 70 reproduisait
1418 2147 51 52 le
1508 2145 173 54 chant
1724 2144 77 57 du
1839 2147 243 67 premier
2123 2153 220 61 cantus,
2386 2166 112 37 une
2537 2154 203 50 octave

722 2225 355 68 au-dessous,
1149 2230 130 49 tout
1327 2242 70 35 en
1445 2224 279 55 doublant
1771 2224 469 55 simultanément
2300 2227 52 53 le
2602 2243 137 40 avec

721 2304 271 69 quelques
1026 2321 150 35 rares
1211 2319 379 37 consonances
1638 2303 69 53 de
1754 2302 381 71 remplissage.
2185 2304 83 52 La
2301 2304 244 56 tonalité
2582 2305 158 54 avait

716 2382 91 52 été
849 2382 237 52 haussée
1129 2380 170 55 d'une
1341 2384 220 64 quarte.

825 2459 95 53 Un
959 2458 233 54 tableau
1221 2460 69 52 de
1331 2457 296 66 Véronèse,
1657 2457 112 53 cité
1808 2474 104 51 par
1955 2457 171 71 Hugo
2169 2459 411 56 Leichtentritt

729 2535 142 55 cueil
1073 2538 63 51 de
1266 2537 57 50 la
1441 2538 56 52 S.
1624 2535 50 52 I.
1802 2538 103 63 M.,
1388 2534 313 69 avril-juin,
1721 2534 157 69 1906,
1910 2553 54 51 p.
1982 2539 127 62 323)
2145 2554 33 36 a
2208 2537 187 55 fourni
2429 2544 89 50 cet
2551 2556 158 38 arran-

719 2619 226 65 gement
979 2613 420 54 instrumental.
1441 2613 88 53 On
1566 2629 38 52 y
1639 2611 127 54 voit
1803 2614 149 52 deux
1989 2632 171 51 anges
2192 2615 280 55 chantant
2502 2636 71 35 en
2603 2618 109 53 s'ac-

720 2698 383 63 compagnant
1147 2691 121 54 l'un
1308 2708 95 37 sur
1442 2690 51 54 le
1535 2690 145 66 luth,
1715 2690 205 55 l'autre
1953 2708 95 37 sur
2082 2693 58 52 la
2183 2693 165 54 viole.
2375 2694 101 75 (Cf.
2512 2697 148 53 aussi
2688 2695 52 54 le

717 2788 235 52 passage
989 2772 67 52 de
1091 2770 256 54 Mathieu
1383 2769 358 69 d'Escouchy
1761 2789 9 31 :
1790 2789 21 27 «
1832 2788 135 36 ...un
1997 2770 130 54 luth
2161 2787 137 39 avec
2343 2772 150 55 deux
2524 2773 215 57 bonnes

724 2849 190 53 voix...
942 2850 41 65 »)
1014 2846 402 70 L'adjonction
1459 2845 66 56 de
1566 2846 55 53 la
1662 2846 147 55 viole
1851 2848 33 52 à
1925 2853 89 49 cet
2055 2850 287 56 ensemble
2381 2852 96 53 n'a
2514 2852 225 55 d'autre

717 2926 141 55 effet
895 2943 109 51 que
1044 2928 67 52 de
1147 2932 205 47 mettre
1388 2925 49 55 le
1473 2930 147 47 ténor
1652 2924 127 70 plus
1811 2943 71 37 en
1905 2924 202 56 dehors
2140 2933 56 47 et
2231 2928 287 57 d'accuser
2545 2930 193 56 mieux

720 3022 104 37 son
854 3004 139 53 effet
1026 3004 336 70 mélodique.

829 3095 32 54 7
871 3092 22 24 0
1144 3081 143 52 Mon
1494 3081 121 51 seul
1794 3079 170 54 voIoir
1454 3080 319 66 (CESARIS).
1912 3081 264 68 (Stainer,
2211 3099 54 54 p.
2301 3084 113 67 96).

828 3160 265 53 Chanson
1125 3177 96 36 sur
1256 3158 150 55 deux
1439 3163 207 62 textes,
1679 3159 50 54 le
1991 3165 56 48 et
2081 3161 52 54 le
2563 3168 175 67 ayant

717 3238 221 53 chacun
974 3236 96 55 des
1105 3236 221 70 paroles
1362 3235 345 57 différentes.
1747 3236 163 55 Cette
1943 3238 395 68 particularité
2373 3246 59 49 et
2469 3243 269 70 quelques

716 3320 190 50 autres
932 3315 67 55 de
1023 3315 55 53 la
1100 3316 262 69 musique
1381 3320 232 64 portent
1639 3316 33 51 à
1694 3315 175 55 croire
1884 3333 111 52 que
2014 3318 57 52 la
2093 3318 157 68 pièce
2270 3324 88 48 est
2380 3337 80 38 un
2481 3338 115 52 peu
2613 3320 124 70 plus

715 3393 274 55 ancienne
1012 3412 110 52 que
1145 3394 80 53 les
1257 3399 207 49 autres.
1496 3393 56 55 Si
1580 3410 113 52 peu
1714 3412 188 36 connu
1929 3413 110 52 que
2060 3395 113 55 soit
2207 3396 235 70 Cesaris,
2463 3399 44 52 il
2530 3396 208 57 semble

712 3473 172 54 d'une
896 3471 181 71 lignée
1093 3471 300 70 artistique
1408 3471 315 56 antérieure
1740 3473 34 52 à
1787 3471 144 71 l'âge
1947 3473 302 71 desDufay
2262 3480 58 50 et
2336 3478 100 53 des
2450 3475 285 59 Binchois.
