2905 4109
883 418 0 0 1068

1274 381 238 33 BULLETIN
1559 379 234 45 FRANÇAIS
1839 383 61 32 DE
1947 382 59 32 LA
2053 382 36 33 S.
2140 382 26 32 I.
2216 379 49 33 M.

765 527 148 53 deux
959 522 155 68 jours
1160 520 75 53 où
1280 519 103 55 elle
1430 520 187 54 aurait
1665 523 76 52 dû
1788 522 120 54 être
1959 522 181 68 jouée.
2192 520 211 51 Ramm
2462 523 57 50 et
2581 519 187 56 Punto

764 602 226 53 vinrent
1014 600 33 51 à
1067 597 116 58 moi
1207 598 143 53 dans
1371 598 53 52 la
1447 598 127 68 plus
1595 602 211 66 grande
1829 599 316 54 animation
2167 603 57 48 et
2247 614 91 37 me
2362 598 406 53 demandèrent

764 675 276 74 pourquoi
1071 692 76 37 on
1178 693 71 36 ne
1280 675 238 54 donnait
1551 693 103 52 pas
1683 694 95 40 ma
2646 694 21 28 «
2700 675 68 68 Je

762 758 130 53 n'en
927 754 111 53 sais
1071 753 118 54 rien
1217 773 13 47 ;
1265 755 139 54 c'est
1438 754 56 53 la
1527 755 272 69 première
1834 757 107 52 fois
1975 773 109 52 que
2119 755 115 69 j'en
2268 753 240 54 entends
2543 753 185 68 parler
2754 776 12 45 ;

762 834 56 69 je
844 851 69 35 ne
941 832 117 53 suis
1085 848 73 37 au
1186 837 242 48 courant
1471 834 68 52 de
1580 832 135 55 rien.
1746 854 21 28 »
1894 835 208 51 Ramm
2131 837 164 50 entra
2323 848 70 37 en
2421 830 193 55 fureur
2647 837 57 48 et
2733 851 33 34 a

762 910 250 70 exprimé
1058 927 103 38 son
1209 910 83 54 vif
1338 912 519 55 mécontentement
1905 929 95 36 sur
2047 913 78 52 Le
2173 910 162 65 Gros,
2384 926 71 36 en
2501 908 264 70 français,

764 992 143 53 dans
934 989 52 53 le
1014 988 160 70 foyer
1204 989 99 53 des
1332 988 246 67 artistes,
1611 989 188 55 disant
1830 1007 110 52 que
1970 1006 61 38 ce
2061 988 204 53 n'était
2295 1003 104 52 pas
2430 987 147 54 beau
2608 988 68 53 de
2705 1004 61 36 sa

762 1073 150 65 part,
951 1072 110 49 etc.

871 1145 73 55 Ce
979 1144 98 70 qui
1113 1162 90 37 me
1238 1144 281 55 contrarie
1552 1144 54 55 le
1640 1144 127 71 plus
1805 1148 142 52 dans
1981 1150 164 49 toute
2180 1143 261 66 l'affaire,
2481 1143 137 54 c'est
2656 1159 109 52 que

761 1224 80 55 Le
878 1224 141 53 Gros
1054 1241 71 36 ne
1162 1223 149 54 m'en
1349 1239 33 37 a
1418 1239 104 54 pas
1559 1223 83 54 dit
1679 1241 79 35 un
1795 1224 118 53 seul
1950 1229 122 48 mot
2108 1228 58 49 et
2204 1239 111 52 que
2351 1221 100 69 j'ai
2489 1223 78 52 dû
2604 1221 160 55 avoir

761 1303 124 53 l'air
916 1304 70 53 de
1016 1319 71 37 ne
1118 1301 118 55 rien
1268 1301 202 53 savoir.
1505 1301 57 54 Si
1593 1301 310 55 seulement
1934 1301 39 53 il
2004 1300 242 55 m'avait
2276 1299 107 55 fait
2415 1317 111 37 une

762 1398 103 51 par
888 1379 259 70 exemple
1171 1379 174 69 qu'on
1371 1379 141 53 était
1537 1385 131 64 trop
1694 1380 33 51 à
1753 1384 161 50 court
1942 1380 69 54 de
2035 1384 246 64 temps...
2309 1395 76 36 ou
2411 1383 162 48 autre
2600 1378 166 53 chose

765 1460 68 52 de
871 1475 63 36 ce
972 1474 222 52 genre...
1259 1473 143 39 mais
1439 1456 117 56 rien
1584 1459 9 51 !
1745 1458 74 53 Ce
1858 1475 109 51 que
2006 1458 54 67 je
2100 1456 160 66 crois,
2300 1456 139 54 c'est
2479 1473 112 51 que
2628 1456 138 55 c'est

764 1534 257 55 Cambini
1062 1531 96 73 qui
1198 1552 70 37 en
1308 1539 85 48 est
1435 1550 186 50 cause,
1663 1553 78 34 un
2051 1534 196 53 italien
2289 1534 99 68 qui
2428 1538 87 49 est
2555 1533 73 53 ici
2653 1553 13 46 ;
2709 1539 56 47 et

762 1613 118 56 cela
912 1629 166 52 parce
1111 1629 127 51 que,
1261 1610 130 55 bien
1423 1611 435 68 innocemment,
1876 1613 56 67 je
1961 1611 95 55 l'ai
2089 1611 107 54 mis
2227 1628 133 37 sous
2388 1610 315 70 l'éteignoir
2736 1611 32 51 à

762 1696 163 50 notre
957 1690 270 70 première
1260 1696 293 47 rencontre
1584 1691 133 54 chez
1743 1694 80 51 Le
1856 1690 160 53 Gros.
2035 1691 47 52 Il
2115 1708 33 35 a
2180 1690 106 53 fait
2321 1691 97 54 des
2451 1689 317 70 quintettes

761 1770 116 52 très
922 1768 127 69 jolis
1075 1789 12 46 ;
1136 1768 111 68 j'en
1296 1766 53 54 ai
1393 1769 252 52 entendu
1691 1785 77 35 un
1816 1769 35 51 à
1895 1768 347 66 Mannheim,
2290 1768 55 68 je
2392 1766 80 54 lui
2519 1766 247 55 adressai

762 1846 295 68 beaucoup
1090 1845 260 69 d'éloges,
1383 1850 57 50 et
1472 1845 55 69 je
1557 1862 89 38 me
1678 1845 108 56 mis
1819 1846 33 51 à
1882 1863 70 37 en
1984 1846 161 69 jouer
2174 1845 51 55 le
2257 1850 507 48 commencement.

764 1924 143 53 Mais
930 1924 39 52 il
1009 1942 38 50 y
1086 1923 156 53 avait
1269 1923 55 52 là
1352 1924 205 66 Ritter,
1588 1924 209 53 Ramm
1834 1929 59 48 et
1920 1923 191 54 Punto
2138 1924 96 68 qui
2262 1942 70 35 ne
2359 1940 91 37 me
2474 1923 291 53 laissèrent

764 2019 101 52 pas
897 2003 67 52 de
992 2018 182 51 repos,
1204 2018 90 35 me
1324 2006 257 63 pressant
1614 2003 69 52 de
1712 2001 297 55 continuer
2037 2008 57 48 et
2126 2001 323 55 d'inventer
2478 2018 62 37 ce
2569 2018 115 52 que
2713 2000 52 67 je

761 2097 71 36 ne
863 2079 188 53 savais
1081 2095 104 52 pas
1209 2099 14 46 ;
1255 2079 56 67 je
1340 2080 52 53 le
1424 2080 66 51 fis
1523 2081 164 64 donc,
1720 2085 57 48 et
1811 2079 258 54 Cambini
2102 2080 90 53 fut
2224 2080 133 53 hors
2392 2079 68 54 de
2492 2077 80 55 lui
2604 2084 58 49 et
2695 2097 70 35 ne

761 2163 107 64 put
908 2156 344 69 s'empêcher
1294 2157 69 54 de
1405 2156 115 55 dire
1548 2177 11 33 :

870 2253 23 28 «
1125 2234 197 68 Questaè
1749 2250 113 36 una
2073 2250 136 51 gran
2434 2239 129 47 testa
1749 2235 9 51 !
1810 2254 20 28 »
1876 2235 90 52 Eh
2009 2235 132 55 bien
2167 2236 10 51 !
2225 2234 296 56 l'incident
2566 2234 200 53 n'aura

762 2311 430 70 probablement
1230 2328 104 52 pas
1369 2312 89 52 été
1499 2314 68 52 de
1604 2328 103 36 son
1745 2312 159 69 goût.
1945 2333 20 28 »

871 2390 162 53 Cette
1355 2389 334 69 Symphonie
2070 2395 324 47 concertante
1758 2392 67 52 de
1848 2391 219 53 Mozart
2117 2391 96 53 n'a
2234 2409 104 52 pas
2359 2392 91 54 été
2470 2391 296 55 retrouvée

762 2466 280 71 jusqu'ici.

873 2545 48 53 Il
946 2551 88 48 est
1062 2544 283 57 vraiment
1373 2545 343 70 regrettable
1744 2563 109 52 que
1882 2546 190 55 Punto
2101 2547 142 54 n'ait
2274 2565 104 51 pas
2406 2547 130 54 saisi
2564 2546 172 55 l'occa-

762 2622 122 55 sion
921 2625 71 52 de
1028 2624 307 53 demander
1373 2624 33 50 à
1442 2624 216 54 Mozart
1698 2625 69 52 de
1801 2624 80 52 lui
1918 2641 292 52 composer
2247 2626 110 52 soit
2393 2643 114 36 une

761 2701 110 53 soit
913 2719 79 35 un
1321 2701 107 53 Concerto
1429 2718 122 52 pour
1552 2716 57 37 cor
1636 2721 14 46 ;
1693 2701 550 56 malheureusement
2286 2709 154 49 cette
2481 2702 142 68 idée,
2667 2701 95 69 qui

761 2795 143 37 nous
939 2778 100 55 eût
1077 2777 136 54 valu
1250 2795 79 36 un
1367 2777 407 55 chef-d'œuvre
1813 2780 72 53 de
1920 2780 129 68 plus
2087 2798 142 50 pour
2268 2786 91 48 cet
2398 2780 364 66 instrument,

761 2872 70 39 ne
874 2856 126 52 vint
1042 2872 105 53 pas
1186 2872 116 39 non
1343 2855 128 70 plus
1512 2856 33 51 à
1584 2855 216 70 l'esprit
1860 2859 67 53 de
1983 2859 236 53 Mozart.
2265 2859 109 53 Par
2431 2864 213 61 contre,
2688 2857 77 54 les

761 2933 269 56 relations
1052 2936 79 52 du
1152 2935 207 56 maître
1381 2950 139 38 avec
1545 2935 190 53 Punto
1771 2940 102 48 ont
1898 2936 90 53 été
2012 2936 213 55 fertiles
2247 2954 143 52 pour
2415 2937 52 55 le
2489 2935 243 71 composi-

760 3016 144 63 teur,
934 3026 95 40 car
1073 3011 132 55 elles
1249 3010 78 54 lui
1373 3011 306 70 permirent
1729 3013 68 54 de
1843 3013 292 56 connaître
2181 3015 34 52 à
2261 3013 141 56 fond
2446 3020 196 49 toutes
2685 3012 79 55 les

760 3105 311 39 ressources
1106 3088 331 70 techniques
1472 3091 78 53 du
1584 3106 114 51 cor,
1738 3090 138 69 qu'il
1913 3097 94 50 sut
2040 3092 286 70 employer
2364 3113 104 52 par
2516 3095 57 53 la
2619 3093 147 54 suite

760 3167 143 55 dans
925 3166 53 56 le
1014 3165 230 57 fameux
1272 3167 264 70 Quintette
1584 3184 142 53 pour
1773 3167 193 70 piano,
2002 3170 286 67 hautbois,
2323 3170 314 67 clarinette,
2672 3185 92 38 cor

758 3250 59 50 et
850 3245 226 67 basson,
1101 3247 145 52 dans
1272 3246 53 54 le
1966 3246 243 68 Quatuor
2506 3252 262 48 concertan
1960 3265 145 52 pour
2131 3248 289 69 hautbois,
2450 3248 312 66 clarinette,

757 3340 114 51 cor,
908 3323 207 54 basson
1150 3328 57 50 et
1244 3323 282 56 orchestre
1551 3345 13 47 ;
1611 3326 139 53 dans
1805 3325 51 55 le
2209 3344 145 52 pour
2395 3344 115 52 cor,
2554 3326 211 66 violon,

758 3402 152 53 deux
959 3401 146 54 altos
1147 3406 57 49 et
1249 3401 344 68 violoncelle,
1622 3401 141 56 ainsi
1791 3420 109 52 que
1942 3405 142 53 dans
2107 3405 81 54 les
2225 3420 36 53 4
2622 3419 139 54 pour

760 3496 94 38 cor
880 3483 58 51 et
965 3480 300 67 orchestre,
1283 3482 141 52 dans
1453 3497 86 38 ses
1569 3481 170 54 belles
1783 3482 364 69 symphonies
2176 3488 57 49 et
2266 3485 141 52 dans
2437 3500 87 38 ses
2549 3483 212 69 opéras.

870 3558 149 54 Pour
1052 3575 70 37 en
1148 3558 219 55 revenir
1402 3560 33 50 à
1466 3560 56 52 la
1556 3560 381 68 personnalité
1973 3562 68 53 de
2078 3561 208 68 Punto,
2305 3561 192 54 disons
2529 3560 142 70 qu'il
2705 3576 56 36 se
