2905 4109
799 360 0 0 1060

1191 320 240 34 BULLETIN
1478 320 239 45 FRANÇAIS
1760 324 62 33 DE
1870 322 59 33 LA
1977 322 38 36 S.
2066 322 27 33 I.
2143 321 48 32 M.

784 456 177 52 Entre
997 467 90 37 ces
1124 453 149 53 deux
1308 469 212 54 genres,
1557 471 75 37 on
1684 456 92 53 n'a
1813 471 103 53 pas
1952 458 119 50 tort
2112 452 68 54 de
2214 449 247 71 préférer
2495 448 51 55 le
2582 466 96 53 pre-

670 537 145 49 mier
858 530 95 72 qui
1000 527 108 54 fait
1151 530 185 55 moins
1379 530 217 58 bâiller.

784 612 106 52 Les
933 608 310 68 prétendus
1286 609 481 57 traditionalistes
1809 616 130 50 sont
1983 610 127 54 fiers
2155 607 178 56 d'être
2388 605 323 56 conformes

673 707 114 36 aux
824 703 250 38 nuances
1105 687 304 72 indiquées
1446 707 103 52 par
1585 690 78 55 les
1703 697 230 48 auteurs
1971 689 247 55 anciens.
2260 685 145 55 Mais
2442 687 56 53 la
2536 685 143 72 signi-

671 765 238 55 fication
962 764 96 55 des
1108 765 188 72 signes
1348 772 56 51 et
1459 768 96 56 des
1606 787 248 38 nuances
1905 787 33 36 a
1988 768 300 67 beaucoup
2340 764 234 71 changé.
2630 764 75 55 Le

677 862 157 53 grave
894 844 142 53 dans
1075 844 80 55 les
1185 844 347 57 Ouvertures
1568 848 307 69 françaises
1915 844 341 57 s'exécutait
2298 858 139 39 avec
2477 861 228 53 pompe,

675 923 148 56 mais
867 924 144 53 dans
1052 941 79 35 un
1173 932 370 48 mouvement
1586 944 242 54 presque
1873 928 96 53 vif.
2001 925 76 55 Le
2594 924 85 70 jus-

679 1003 136 70 qu'à
843 1002 240 67 Mozart,
1132 1008 86 49 est
1267 1023 79 36 un
1394 1011 312 49 ornement.
1736 1005 260 55 Certains
2046 1004 362 66 exécutants,
2456 1018 61 37 se
2566 1002 137 52 fiant

677 1099 74 35 au
804 1085 123 49 mot
1296 1088 147 62 courante,
1444 1091 143 63 prennent
1643 1087 140 53 dans
1835 1103 77 36 un
1964 1087 372 52 mouvement
2409 1079 85 55 vif
2559 1084 146 51 cette

677 1160 174 54 danse
891 1158 98 71 qui
1032 1160 145 52 était
1218 1162 54 53 la
1312 1163 128 68 plus
1478 1163 154 55 lente
1673 1164 68 54 de
1780 1167 193 51 toutes
2014 1162 79 54 les
2137 1162 203 53 danses
2381 1158 321 71 françaises,

675 1238 151 54 deux
851 1237 110 54 fois
986 1238 130 70 plus
1141 1239 153 56 lente
1320 1258 111 52 que
1455 1242 57 52 la
2415 1243 286 53 chaconne.

786 1318 105 52 Les
937 1318 308 68 prétendus
1291 1319 478 56 traditionalistes
1814 1324 131 50 sont
1992 1317 149 55 aussi
2188 1318 117 53 très
2352 1317 127 54 fiers
2527 1317 68 54 de
2635 1332 70 38 ne

673 1395 123 54 rien
838 1395 261 55 modifier
1140 1402 56 48 et
1240 1399 69 53 de
1350 1417 71 35 ne
1461 1399 122 55 rien
1624 1399 223 70 ajouter
1888 1416 116 36 aux
2047 1412 223 39 œuvres
2312 1395 317 57 anciennes.

786 1473 145 53 Mais
971 1474 139 55 c'est
1151 1493 201 38 encore
1389 1478 121 53 très
1545 1478 132 53 mal.

786 1552 90 54 On
920 1552 225 54 laissait
1193 1572 115 37 aux
1353 1571 131 38 xvn
1486 1568 20 23 e
1553 1562 57 48 et
1656 1571 155 39 xvm
1812 1568 20 24 e
1878 1555 193 54 siècles
2118 1554 301 70 beaucoup
2465 1554 124 70 plus
2637 1552 69 54 de

673 1630 204 55 liberté
923 1649 114 36 aux
1085 1633 340 56 exécutants
1472 1639 57 50 et
1576 1653 114 36 aux
1736 1634 155 53 chefs
1940 1634 348 55 d'orchestre
2334 1651 112 52 que
2494 1633 65 53 de
2603 1647 103 38 nos

674 1709 177 70 jours,
899 1709 152 55 aussi
1098 1710 132 56 bien
1278 1713 140 53 dans
1463 1713 50 54 le
1559 1714 169 52 choix
1775 1714 67 53 de
1888 1713 248 53 certains
2178 1712 374 54 instruments
2599 1728 110 52 que

679 1789 141 53 dans
875 1788 484 71 l'improvisation
1416 1793 95 52 des
1567 1794 273 53 cadences
1896 1797 57 49 et
2010 1793 144 52 dans
2207 1789 502 56 l'ornementation

678 1866 98 54 des
962 1865 198 71 adagios.
1161 1868 164 53 Parfois
1364 1869 200 69 même,
1604 1869 50 55 le
1694 1869 386 71 compositeur
2121 1870 242 54 donnait
2401 1869 305 55 seulement

675 1944 295 70 l'esquisse
1009 1964 69 36 en
1113 1946 259 55 invitant
1409 1948 352 56 l'exécutant
1803 1950 34 52 à
1878 1949 235 55 devenir
2151 1966 105 36 son
2294 1949 415 53 collaborateur

675 2040 148 51 pour
875 2024 341 55 l'invention
1271 2027 96 52 des
1418 2027 290 54 broderies
1759 2027 425 71 harmoniques.
2240 2029 79 52 Et
2371 2046 118 35 non
2540 2025 141 57 seule-

675 2107 160 48 ment
864 2101 80 55 les
971 2101 341 72 interprètes
1345 2104 217 56 étaient
1591 2112 169 48 tenus
1792 2107 33 52 à
1854 2105 228 55 réaliser
2109 2107 81 53 les
2218 2108 196 53 basses
2432 2105 279 69 chiffrées,

679 2180 34 52 à
754 2187 359 49 ornementer
1153 2183 80 53 les
1273 2184 218 69 parties
1531 2184 198 69 lentes,
1775 2185 34 52 à
1850 2185 234 70 remplir
2123 2185 80 55 les
2248 2185 162 56 vides
2456 2188 142 53 dans
2639 2185 70 54 les

673 2274 270 53 passages
979 2260 75 54 où
1088 2259 248 56 l'auteur
1370 2261 225 54 n'avait
1626 2263 242 70 indiqué
1905 2281 110 52 que
2049 2264 56 52 la
2142 2284 22 28 «
2201 2281 255 40 carcasse
2490 2264 183 55 harmo-

674 2335 175 74 nique
891 2354 178 54 »,—ce
1101 2357 109 52 que
1249 2357 144 37 nous
1431 2345 279 50 trouvons
1750 2359 200 37 encore
2007 2344 144 53 dans
2206 2344 80 53 les
2653 2343 58 53 de

675 2415 220 55 Mozart
936 2421 57 49 et
1028 2433 131 38 sans
1195 2418 138 70 quoi
1371 2419 280 55 certaines
1686 2434 222 41 œuvres
1943 2427 131 48 sont
2117 2423 378 68 incomplètes
2576 2421 136 55 mais

671 2493 244 55 l'ancien
974 2495 73 53 ad
1110 2495 215 53 libitum
1385 2498 318 70 équivalait
1775 2500 33 51 à
1863 2505 165 49 notre
2096 2518 157 52 soyez
2324 2519 200 36 comme
2601 2503 116 52 chez

689 2589 148 51 vous,
864 2573 177 69 qu'on
1079 2575 225 53 adresse
1355 2576 34 51 à
1439 2594 77 36 un
1562 2578 250 53 honnête
1850 2578 231 54 homme
2122 2580 142 52 dans
2326 2580 57 52 la
2434 2579 285 55 certitude

673 2649 141 70 qu'il
858 2668 71 37 ne
972 2669 273 51 poussera
1276 2670 104 52 pas
1412 2658 132 66 trop
1576 2655 118 53 loin
1724 2655 421 56 l'indiscrétion
2175 2662 59 50 et
2265 2675 71 37 ne
2369 2663 218 49 mettra
2617 2673 104 55 pas

671 2731 167 52 toute
873 2729 58 54 la
967 2729 225 56 maison
1226 2748 130 38 sens
1397 2733 193 53 dessus
1630 2735 249 54 dessous.

784 2806 477 71 Heureusement,
1314 2827 144 36 nous
1524 2814 241 52 n'avons
1820 2830 109 52 que
1978 2819 135 65 trop
2167 2815 70 54 de
2287 2815 173 55 livres
2514 2816 208 55 datant

677 2885 68 55 de
795 2885 265 72 l'époque
1111 2905 146 52 pour
1319 2907 144 36 nous
1513 2893 324 68 apprendre
1905 2893 142 54 dans
2099 2894 133 72 quel
2293 2896 144 69 goût
2489 2895 236 55 doivent

677 2962 119 56 être
842 2965 377 70 improvisées
1256 2966 78 55 les
1374 2969 273 54 cadences
1700 2975 57 48 et
1794 2970 260 55 réalisées
2090 2971 81 55 les
2208 2973 194 56 basses
2442 2974 280 66 chiffrées,

680 3049 290 52 comment
1012 3062 75 38 on
1129 3045 122 56 doit
1292 3048 268 53 exécuter
1597 3048 80 54 les
1719 3069 23 28 «
1771 3055 328 50 ornements
2132 3072 41 47 »,
2214 3056 59 50 et
2321 3053 34 53 à
2388 3053 133 71 quel
2560 3051 166 73 point

682 3136 76 39 on
793 3126 140 64 peut
974 3124 312 70 remplacer
1324 3124 81 54 tel
1441 3125 353 56 instrument
1833 3144 106 52 par
1980 3147 80 36 un
2098 3134 181 51 autre.

790 3200 106 53 Les
939 3220 22 30 «
1000 3219 120 38 non
1158 3203 489 57 traditionalistes
1690 3227 39 45 »,
1781 3208 347 68 préoccupés
2183 3215 247 50 souvent
2486 3209 208 71 unique-

680 3281 160 52 ment
891 3280 69 53 de
1008 3279 160 71 jouer
1220 3281 399 56 d'abondance
1670 3285 68 53 de
1788 3302 178 50 cœur,
2011 3293 286 62 prennent
2349 3290 99 55 des
2494 3289 235 54 libertés

682 3357 299 69 exagérées
1033 3374 143 39 avec
1229 3360 80 55 les
1362 3360 129 70 plus
1546 3364 211 67 grands
1812 3364 462 57 chefs-d'œuvre.
2333 3366 241 69 Berlioz,
2630 3366 99 71 qui

683 3432 207 56 n'était
919 3435 61 56 ni
1016 3455 80 37 un
1127 3454 315 38 amoureux
1478 3440 76 55 du
1586 3441 185 69 passé,
1785 3441 60 56 ni
1880 3460 82 37 un
1992 3444 226 56 modèle
2242 3445 72 55 de
2347 3445 382 66 modération,

678 3510 127 60 s'en
847 3515 275 56 révoltait
1168 3519 321 68 cependant
1534 3520 117 52 très
1693 3520 440 71 fréquemment.
