2905 4109
1008 263 234 34 GIOVANNI
1282 264 164 36 PUNTO

2276 319 0 0 1079

184 395 60 58 la
284 395 172 73 peine
501 395 134 56 d'en
677 394 191 73 parler
898 399 22 50 ?
964 394 205 56 Allons
1214 397 150 54 donc
1392 398 10 53 !
1450 399 154 56 C'est
1648 420 115 38 une
1804 402 291 73 bagatelle
2140 421 134 38 sans

189 478 367 71 importance
584 478 9 52 !

301 559 95 54 Eh
421 559 9 54 !
472 559 314 57 Messieurs
806 557 87 56 les
927 555 281 72 critiques
1234 557 8 53 !
1274 558 95 53 Un
1406 561 120 54 solo
1566 563 177 56 décor
1761 571 88 48 est
1868 563 154 57 aussi
2041 563 236 58 difficile

192 642 34 53 à
263 641 163 69 jouer
456 646 58 50 et
562 639 289 55 demande
896 639 71 55 de
1011 638 59 53 la
1091 643 134 65 part
1260 639 72 55 de
1362 638 360 75 l'interprète
1768 649 132 51 tout
1945 651 215 51 autant
2207 647 70 56 de

190 722 192 56 talent
421 727 60 48 et
526 719 317 59 d'habileté
882 737 113 53 que
1035 718 317 71 n'importe
1390 721 136 69 quel
1566 722 284 60 Concerto
1888 743 150 55 pour
2076 726 201 57 violon

193 822 77 37 ou
311 807 138 51 tout
495 807 169 49 autre
706 799 357 56 instrument
1091 799 10 54 !

306 886 85 52 La
428 884 219 55 Sonate
680 900 149 54 pour
866 898 118 51 cor,
1020 900 94 52 op.
1158 895 91 57 17,
1288 879 86 56 dit
1409 900 82 36 un
1526 888 211 51 auteur
1773 884 294 61 allemand
2103 889 107 69 (1),
2243 906 34 38 a

193 966 95 54 été
326 963 194 56 éditée
555 982 72 37 en
665 968 203 52 toutes
904 967 188 51 sortes
1130 962 504 70 d'arrangements
1671 981 149 55 pour
1856 982 248 56 presque
2140 973 138 52 tous

193 1048 84 55 les
297 1047 387 55 instruments
706 1051 58 49 et
787 1043 118 55 fort
928 1044 300 70 répandue
1255 1065 15 47 ;
1293 1042 190 57 même
1503 1061 78 37 au
1601 1049 193 68 temps
1820 1048 73 55 de
1911 1048 365 70 Beethoven,

195 1146 64 37 ce
285 1126 154 73 petit
468 1128 116 54 duo
614 1128 72 54 de
712 1126 400 54 circonstance
1141 1126 183 64 (???)
1355 1123 223 71 passait
1604 1142 150 54 pour
1779 1143 80 37 un
1887 1127 283 58 Concerto
2198 1129 79 69 (?)

197 1211 147 53 dans
376 1206 191 72 lequel
598 1207 55 56 le
683 1225 122 51 cor,
832 1204 359 56 instrument
1224 1203 189 56 favori
1448 1207 101 53 des
1580 1204 296 70 Concerts,
1907 1207 367 72 triomphait.

310 1288 92 55 En
443 1287 166 70 1801,
637 1288 217 66 Punto,
893 1286 174 71 après
1098 1302 115 38 une
1251 1284 247 58 absence
1538 1286 71 57 de
1646 1287 368 56 trente-trois
2046 1290 232 66 années,

199 1368 194 57 revint
437 1370 34 52 à
514 1368 245 73 Prague,
796 1368 78 54 où
907 1366 41 54 il
984 1368 197 54 donna
1216 1383 77 37 au
1326 1366 254 56 Théâtre
1614 1364 282 58 National
1928 1385 86 37 un
2046 1373 232 50 concert

200 1453 149 54 dans
379 1451 192 70 lequel
603 1469 65 36 sa
700 1448 369 74 prodigieuse
1100 1446 257 57 habileté
1388 1447 94 56 fut
1515 1447 255 56 admirée
1804 1450 72 54 de
1906 1453 135 50 tout
2071 1447 178 57 l'audi-

197 1532 172 56 toire.

311 1612 94 55 En
443 1611 343 72 compagnie
842 1611 80 54 du
993 1608 223 56 célèbre
1290 1607 676 72 pianiste-compositeur
2028 1608 250 69 Dussek,

199 1695 196 53 Punto
434 1692 197 56 donna
669 1691 156 56 aussi
861 1709 82 38 un
966 1695 234 52 concert
1225 1690 35 53 à
1285 1690 340 68 Tschaslau,
1648 1706 65 37 sa
1735 1688 135 55 ville
1893 1688 221 69 natale,
2132 1688 52 56 le
2211 1687 72 55 16

199 1775 332 71 septembre
578 1775 160 54 1802.
785 1771 198 61 Parmi
1023 1771 84 56 les
1149 1787 316 40 morceaux
1509 1772 80 55 du
1630 1787 373 55 programme
2043 1770 238 71 figurait

200 1855 157 56 aussi
383 1855 57 56 la
468 1856 219 55 Sonate
716 1855 72 54 de
815 1852 361 57 Beethoven.

313 1937 91 56 De
439 1942 200 50 retour
677 1936 34 53 à
748 1936 246 71 Prague,
1034 1932 195 57 Punto
1268 1950 60 39 se
1366 1932 286 71 disposait
1690 1932 34 55 à
1760 1930 229 58 revenir
2025 1931 36 53 à
2098 1928 184 70 Paris,

202 2017 148 57 mais
377 2035 114 38 une
518 2016 254 57 maladie
799 2032 59 40 se
889 2015 231 57 déclara
1148 2015 34 53 à
1206 2012 256 71 laquelle
1486 2012 40 55 il
1553 2012 315 56 succomba
1893 2011 57 60 le
1977 2010 73 57 16
2072 2010 214 55 février

204 2099 163 69 1803.
387 2097 118 57 Des
534 2099 287 71 obsèques
851 2095 387 73 magnifiques
1251 2093 82 58 lui
1364 2095 198 57 furent
1590 2093 175 59 faites
1790 2111 110 55 par
1929 2110 90 39 ses
2047 2107 196 55 compa-

202 2179 212 57 triotes
439 2200 10 34 :
485 2198 76 38 on
593 2198 40 53 y
664 2180 249 56 exécuta
945 2177 57 57 le
1030 2177 277 74 Requiem
1338 2177 74 56 de
1442 2177 228 55 Mozart
1702 2180 61 53 et
1792 2173 122 59 l'on
1944 2173 111 61 mit
2088 2189 97 39 sur
2217 2189 66 38 sa

199 2261 205 56 tombe
433 2279 63 37 ce
527 2260 254 72 distique
809 2259 150 54 latin
987 2280 10 32 :

597 2383 175 55 Omne
1023 2380 134 55 tulit
1361 2384 277 69 punctum
1976 2379 56 67 Punto,
2033 2377 168 68 (2)

399 2463 74 55 Ut
838 2460 223 75 plausit
1351 2460 144 69 vivo,
1708 2460 81 54 sic
1938 2459 265 55 moriente

315 2585 238 55 Comme
583 2584 263 54 virtuose
876 2581 137 56 hors
1042 2581 173 71 ligne,
1248 2580 196 54 Punto
1478 2598 34 36 a
1542 2580 402 54 énormément
1975 2573 309 58 contribué

202 2684 143 39 avec
383 2683 89 39 ses
510 2681 231 40 œuvres
777 2683 76 37 au
893 2662 489 72 développement
1417 2660 276 74 pratique
1731 2662 71 54 de
1836 2660 136 53 l'art
2011 2659 70 54 de
2118 2656 166 71 jouer

199 2747 53 56 le
284 2765 99 38 cor
416 2749 146 53 dont
593 2746 58 55 la
682 2744 317 72 technique
1021 2742 321 58 matérielle
1371 2742 99 55 n'a
1491 2759 109 55 pas
1630 2741 164 55 varié
1825 2737 222 74 depuis.
2065 2736 218 71 Malgré

202 2829 83 56 les
338 2830 308 57 modernes
698 2825 597 72 perfectionnements
1340 2822 123 72 qui,
1505 2841 75 37 au
1633 2840 215 54 moyen
1903 2821 102 55 des
2056 2817 231 71 pistons

204 2910 249 71 adaptés
501 2910 36 52 à
583 2909 424 65 l'instrument,
1028 2905 83 56 lui
1158 2910 361 67 permettent
1571 2906 70 54 de
1689 2900 251 75 pouvoir
1985 2896 301 74 parcourir

205 2990 285 60 aisément
526 2991 81 55 du
637 3007 178 54 grave
848 2989 38 53 à
914 2986 182 73 l'aigu
1128 2991 60 50 et
1223 2984 114 56 vice
1568 2982 259 59 l'échelle
1863 2982 71 56 de
1966 2981 57 53 la
2055 2995 235 56 gamme

204 3071 427 73 chromatique,
664 3068 317 59 l'émission
1016 3071 101 54 des
1149 3084 137 38 sons
1318 3073 90 49 est
1441 3073 60 50 et
1536 3068 272 54 demeure
1843 3060 240 58 difficile
2112 3075 178 57 parce

205 3153 210 72 qu'elle
454 3154 237 70 dépend
725 3149 386 57 entièrement
1153 3150 74 55 de
1260 3148 59 55 la
1356 3145 432 58 conformation
1827 3146 101 55 des
1963 3142 188 55 lèvres
2189 3155 101 40 sur

320 3336 61 48 (1)
412 3335 231 38 Beethoven
647 3365 10 15 ,
689 3345 92 27 von
811 3332 50 40 G.
894 3332 195 39 Mensch.

321 3397 62 47 (2)
412 3396 58 40 Ce
522 3395 195 51 distique
743 3395 126 44 latin,
901 3395 112 37 dont
1037 3393 45 38 la
1106 3392 162 50 langue
1294 3391 152 51 paraît
1471 3398 121 30 assez
1618 3387 219 41 médiocre
1865 3387 45 38 et
1959 3379 326 52 l'orthographe

205 3459 144 37 même
383 3455 261 49 discutable,
680 3458 110 48 peut
823 3454 111 39 ainsi
969 3464 45 28 se
1045 3453 199 38 traduire
1276 3463 57 27 en
1366 3450 189 49 français
1575 3463 8 24 :
1621 3462 18 25 <
1669 3447 142 39 Punto
1845 3459 26 24 a
1903 3445 181 49 emporté
2117 3445 90 33 tous
2227 3439 58 37 les

205 3518 223 51 suffrages,
454 3516 68 40 lui
546 3528 77 39 que
649 3516 44 39 la
716 3516 130 37 Muse
870 3515 49 38 de
941 3513 182 40 Bohême
1147 3527 26 24 a
1197 3511 217 51 applaudi
1436 3512 48 37 de
1507 3521 75 27 son
1607 3511 143 36 vivant
1771 3511 38 35 et
1830 3506 100 38 dont
1950 3504 79 39 elle
2053 3502 164 49 déplore
2243 3499 42 38 la

205 3583 107 36 mort
325 3601 28 25 ».
