2905 4109
1022 271 236 36 GIOVANNI
1298 274 163 37 PUNTO

2162 270 121 53 1075

195 414 281 56 Concerts
513 415 223 55 donnés
770 432 108 53 par
918 415 288 56 d'habiles
1242 418 282 58 cornistes
1558 421 254 72 français
1846 427 61 51 et
1943 422 301 70 étrangers
2267 441 17 49 ;

198 494 379 71 aujourd'hui
619 513 94 38 ces
755 513 233 40 œuvres
1027 497 169 54 n'ont
1238 498 133 71 plus
1412 502 185 70 qu'un
1635 502 216 57 intérêt
1893 499 390 74 rétrospectif.

311 577 94 54 En
452 591 143 57 1799
640 577 198 54 Punto
881 577 199 72 quitta
1124 578 469 61 définitivement
1635 584 59 55 la
1737 586 241 68 France,
2024 581 145 74 qu'il
2211 601 73 38 ne

198 655 202 56 devait
425 657 135 72 plus
584 655 209 59 revoir.
821 657 90 57 De
937 663 201 52 retour
1163 677 71 38 en
1258 659 361 74 Allemagne,
1647 663 40 55 il
1713 664 244 56 s'arrêta
1983 664 35 55 à
2043 662 241 57 Munich

198 737 76 56 où
307 737 42 54 il
384 739 199 55 donna
617 738 284 72 quelques
936 744 265 51 concerts
1239 742 100 67 (1).
1378 741 139 55 Puis
1549 744 339 59 finalement
1924 763 59 40 se
2018 744 195 59 rendit
2249 744 37 55 à

196 818 225 58 Vienne
466 819 212 70 (1800).
723 821 166 54 Dans
929 827 158 52 cette
1127 822 138 56 ville
1306 822 196 56 Punto
1544 824 70 55 fit
1653 826 59 56 la
1752 827 415 56 connaissance
2211 828 72 55 de

205 899 309 57 Beethoven
539 901 154 57 alors
725 903 105 70 âgé
866 903 71 55 de
970 902 169 72 vingt
1173 920 107 38 ans
1311 908 60 51 et
1407 904 147 54 dans
1583 909 172 54 toute
1784 906 58 56 la
1873 907 303 71 plénitude
2211 908 72 56 de

198 997 106 38 son
341 982 192 56 talent
572 982 361 72 prestigieux
972 984 74 56 de
1083 983 274 73 pianiste.
1399 983 362 71 Beethoven,
1802 1005 119 38 non
1959 987 324 60 seulement

198 1062 438 57 enthousiasmé
664 1082 108 54 par
800 1064 54 56 le
882 1066 191 56 talent
1106 1068 71 55 de
1207 1066 215 68 Punto,
1454 1066 150 56 mais
1633 1067 156 56 aussi
1817 1068 220 55 fasciné
2065 1086 106 53 par
2198 1068 85 57 les

198 1142 344 72 captivants
562 1146 177 56 récits
762 1147 71 55 de
853 1147 58 55 la
934 1146 245 58 carrière
1201 1147 451 56 mouvementée
1679 1148 78 55 du
1778 1147 223 57 célèbre
2021 1147 263 58 virtuose

198 1241 279 56 composa
515 1243 150 55 pour
702 1227 84 56 lui
821 1228 59 55 la
918 1228 207 55 Sonate
1163 1247 70 36 en
1271 1230 338 69 Fa-majeur
1646 1246 149 53 pour
1832 1230 111 55 Cor
1980 1235 58 50 et
2079 1228 203 70 Piano,

196 1322 98 55 op.
350 1320 69 57 17
469 1313 60 50 et
580 1308 71 55 ils
699 1310 423 55 l'exécutèrent
1174 1310 296 55 ensemble
1520 1327 77 38 au
1648 1315 235 50 concert
1936 1310 192 55 donné
2178 1325 108 56 par

200 1386 196 57 Punto
442 1406 76 38 au
930 1390 108 71 Burgtheater,
1039 1391 87 56 le
1127 1406 111 38 11
1239 1391 117 56 avril
1402 1391 161 56 1800.

312 1468 112 57 Les
477 1471 211 56 détails
739 1490 99 37 sur
887 1472 55 57 le
993 1486 373 60 programme
1419 1475 103 54 des
1574 1471 193 58 divers
1818 1487 315 41 morceaux
2184 1470 103 72 qui

198 1547 198 58 furent
439 1552 277 57 exécutés
760 1555 146 54 dans
950 1571 64 40 ce
1057 1560 235 51 concert
1336 1552 362 59 mémorable
1738 1551 132 58 font
1913 1552 374 56 absolument

199 1630 225 55 défaut.
463 1632 365 74 Cependant,
868 1637 149 55 dans
1050 1635 56 57 le
1141 1635 61 56 II
1205 1647 21 24 e
1261 1635 237 58 volume
1535 1636 72 56 de
1640 1633 60 56 la

196 1729 110 53 par
339 1711 335 61 Alexandre
708 1715 320 57 Wheelock
1063 1716 235 72 Thayer
1336 1717 57 71 (4
1394 1729 22 24 e
1447 1715 168 69 livre,
1654 1715 337 68 1800-1806,
2030 1712 47 56 I.
2115 1713 171 73 chap.

196 1809 152 54 page
389 1797 150 68 100),
581 1814 78 38 on
696 1796 71 56 lit
797 1818 10 33 :
849 1819 22 28 «
908 1797 204 56 Avant
1149 1797 58 56 la
1245 1797 82 56 fin
1367 1798 80 56 du
1484 1797 150 56 mois
1673 1793 230 72 d'avril,
1944 1793 344 58 Beethoven

195 1872 142 73 joua
382 1894 208 42 encore
636 1896 114 38 une
796 1878 112 56 fois
952 1898 72 39 en
1070 1878 219 74 public,
1315 1885 60 51 et
1422 1878 123 58 cela
1592 1880 147 56 dans
1783 1896 82 37 un
1897 1880 232 53 concert
2175 1892 114 55 que

198 1953 153 72 Jean
392 1956 177 71 Stich,
613 1976 196 40 connu
849 1976 137 40 sous
1026 1960 54 57 le
1120 1978 142 38 nom
1304 1961 72 56 de
1416 1960 191 56 Punto
1612 2005 16 25 ,
1671 1957 165 57 avait
1877 1956 285 74 organisé.
2207 1955 83 57 Le

198 2035 264 59 virtuose
491 2040 252 57 bohème
774 2042 170 71 après
975 2041 288 72 plusieurs
1295 2042 216 56 années
1543 2042 72 56 de
1646 2038 464 75 pérégrinations
2141 2033 149 59 était

198 2116 341 61 finalement
584 2122 189 55 arrivé
821 2125 70 56 de
934 2124 167 54 Paris
1132 2141 72 38 en
1247 2129 244 66 passant
1534 2139 109 56 par
1685 2120 259 70 Munich,
1969 2120 36 54 à
2046 2119 243 55 Vienne.

199 2197 241 59 Comme
477 2201 255 60 corniste
769 2202 42 56 il
848 2204 149 55 était
1035 2221 137 40 sans
1210 2205 151 54 rival
1397 2204 191 72 parmi
1626 2221 91 38 ses
1752 2201 441 74 prédécesseurs
2228 2202 62 52 et

199 2294 90 40 ses
316 2284 476 72 contemporains
817 2305 14 48 ;
861 2301 91 40 ses
976 2285 388 72 productions
1389 2301 229 44 comme
1644 2281 396 74 compositeur
2065 2279 225 57 étaient

199 2362 349 57 au-dessous
588 2366 72 56 de
697 2371 173 51 toute
900 2366 251 73 critique
1171 2367 8 54 !
1225 2367 93 55 On
1358 2365 116 58 sait
1513 2367 139 70 quel
1690 2365 217 58 intérêt
1945 2362 345 57 Beethoven

198 2442 224 70 portait
440 2446 36 52 à
490 2450 137 52 tous
640 2446 85 56 les
739 2446 503 60 instrumentistes
1257 2447 121 73 qui,
1394 2464 108 56 par
1516 2447 126 58 leur
1672 2444 277 69 habileté,
1964 2441 326 75 pouvaient

198 2519 82 57 lui
316 2524 222 58 donner
574 2526 236 59 d'utiles
848 2527 246 58 conseils
1117 2545 99 38 sur
1244 2526 262 74 l'emploi
1527 2533 61 52 et
1619 2526 85 57 les
1732 2526 175 56 effets
1938 2521 284 75 possibles
2251 2520 39 54 à

199 2604 276 69 produire
511 2624 108 55 par
657 2627 82 36 un
776 2609 359 57 instrument
1177 2611 71 55 de
1285 2609 358 57 l'orchestre.
1686 2606 52 56 Il
1774 2605 150 57 était
1963 2606 152 55 donc
2151 2604 138 53 tout

199 2686 234 56 naturel
480 2689 143 71 qu'il
670 2691 294 56 consentît
1011 2709 143 38 avec
1201 2695 458 67 empressement
1708 2690 35 53 à
1789 2703 305 57 composer
2138 2698 152 58 pour

203 2762 85 58 lui
315 2773 59 50 et
396 2769 195 57 Punto
618 2789 116 39 une
759 2773 221 57 Sonate
999 2771 175 74 qu'ils
1200 2773 317 55 voulurent
1536 2771 275 57 exécuter
1827 2765 295 61 ensemble
2142 2766 147 55 dans

200 2846 55 57 le
279 2856 234 50 concert
541 2869 114 55 que
679 2869 65 39 ce
772 2853 227 57 dernier
1023 2854 165 56 avait
1212 2853 268 73 organisé
1505 2870 149 55 pour
1677 2851 55 56 le
1759 2849 69 57 28
1855 2846 165 60 avril.
2049 2846 240 56 Comme

204 2927 140 59 Ries
368 2949 150 38 nous
541 2933 55 57 le
621 2940 260 65 raconte,
908 2934 56 57 le
989 2940 235 52 concert
1251 2934 148 56 était
1426 2933 265 57 annoncé
1717 2948 142 40 avec
1886 2934 157 53 cette
2070 2927 218 56 Sonate

202 3025 99 41 sur
330 3011 53 57 le
412 3029 372 57 programme
810 3038 14 48 ;
859 3015 221 59 celle-ci
1110 3015 212 56 n'était
1353 3033 110 54 pas
1493 3032 207 40 encore
1733 3009 386 61 commencée.
2154 3025 22 31 «
2207 3005 81 57 Le

314 3241 63 49 (1)
399 3241 333 42 Actuellement
753 3242 41 39 le
818 3243 186 40 fameux
1026 3242 194 39 corniste
1247 3240 150 39 Punto
1420 3251 46 28 se
1489 3243 162 36 trouve
1679 3239 56 38 ici
1766 3238 89 50 qui,
1881 3236 129 51 après
2033 3235 132 38 s'être
2187 3242 75 42 pro-

201 3301 98 39 duit
318 3300 103 52 déjà
438 3302 118 40 deux
574 3303 85 39 fois
676 3315 108 27 avec
802 3304 41 38 le
859 3304 103 51 plus
979 3303 144 49 grand
1141 3302 151 39 succès
1310 3301 87 39 àla
1416 3301 128 46 Cour,
1565 3312 27 27 a
1609 3299 170 41 obtenu
1798 3297 95 40 hier
1911 3298 111 39 dans
2054 3297 39 38 le
2110 3295 178 38 concert

202 3362 149 51 public
374 3363 111 39 dans
503 3364 44 39 la
566 3364 107 39 salle
694 3363 77 40 des
792 3362 246 48 Redoutes,
1061 3374 91 28 non
1173 3363 147 39 moins
1341 3361 54 40 de
1416 3361 165 51 grands
1602 3361 143 49 éloges
1765 3361 48 37 et
1832 3370 62 28 un
1913 3357 167 39 accueil
2098 3354 162 40 enthou-

202 3423 146 40 siaste.
374 3423 182 49 (Lettre,
581 3425 130 40 datée
733 3425 55 39 de
808 3424 198 46 Munich,
1028 3425 41 38 le
1089 3432 52 40 25
1167 3422 235 42 décembre
1429 3432 121 39 1799,
1574 3422 53 39 de
1649 3418 365 42 Franz-Antoine
2034 3418 54 37 de
2111 3414 173 44 Weber,

200 3485 102 50 père
322 3485 53 39 de
395 3484 337 42 Charles-Marie
753 3486 54 39 de
826 3483 174 48 Weber,
1023 3483 27 40 à
1068 3483 108 40 MM.
1200 3481 240 54 Breitkopf
1457 3486 46 36 et
1522 3482 159 39 Hârtel
1701 3481 27 38 à
1746 3479 192 51 Leipzig,
1960 3478 27 38 à
2004 3476 284 50 l'obligeance

200 3545 201 51 desquels
424 3558 113 29 nous
560 3558 194 29 sommes
774 3545 263 41 redevables
1061 3545 54 40 de
1139 3547 119 38 cette
1280 3545 294 40 intéressante
1597 3539 377 43 communication
1995 3553 10 31 ;
2028 3547 112 30 nous
2194 3536 93 37 leur

200 3617 54 28 en
282 3608 257 49 exprimons
563 3612 128 36 notre
720 3608 167 39 sincère
915 3606 259 51 gratitude).
