2905 4109
811 283 0 0 1110

1208 247 243 34 BULLETIN
1496 247 239 46 FRANÇAIS
1779 250 64 33 DE
1889 248 62 33 LA
1997 247 40 36 S.
2086 248 27 32 I.
2163 246 50 34 M.

798 396 424 70 L'importance
1250 392 388 57 considérable
1669 397 69 54 de
1763 396 56 53 la
1835 414 23 29 «
1873 395 251 54 division
2140 393 60 55 of
2228 392 221 55 Music»
2478 393 70 55 de
2576 400 153 49 cette

686 473 395 70 bibliothèque
1117 470 157 56 vient
1304 472 72 54 de
1404 489 144 37 nous
1578 472 119 57 être
1726 473 216 55 révélée
1972 490 107 53 par
2106 472 52 55 le
2188 471 301 71 catalogue
2519 472 212 70 spécial

689 555 340 52 récemment
1047 547 199 74 publié
1263 550 35 52 à
1312 548 382 74 Washington
1721 570 104 53 par
1854 557 167 50 notre
2049 550 256 71 collègue

805 630 89 56 On
918 633 143 65 peut
1094 645 39 52 y
1183 633 289 51 constater
1532 647 141 39 avec
1732 631 188 71 quelle
1967 630 408 70 persévérance
2423 633 59 51 et
2543 630 186 70 quelle

686 707 269 55 méthode
1006 706 517 57 l'administration
1572 708 135 56 s'est
1759 710 307 70 appliquée
2120 708 34 52 à
2206 707 248 56 enrichir
2478 707 55 55 le
2559 707 169 57 fonds

687 788 69 54 de
795 787 54 52 la
876 786 265 71 musique
1180 786 381 71 dramatique.
1591 788 79 54 Le
1708 790 300 70 catalogue
2047 787 70 55 de
2146 787 75 52 M.
2240 786 263 57 Sonneck
2527 787 168 56 inven-

686 866 166 66 torie,
887 884 69 36 en
988 865 163 67 effet,
1166 866 80 53 les
1277 865 311 69 partitions
1621 866 260 72 d'opéras
1899 866 261 71 acquises
2206 866 70 54 de
2310 881 140 55 1902
2484 867 35 51 à
2563 865 56 54 la
2648 866 81 56 fin

689 942 69 57 de
777 959 158 54 1907.
991 943 90 56 En
1097 959 162 54 1902,
1313 961 91 37 ces
1419 945 310 69 partitions
1757 964 71 36 ne
1857 945 366 69 dépassaient
2239 961 104 53 pas
2359 962 111 37 une
2501 945 195 54 soixan-

685 1021 160 56 taine
883 1042 14 47 ;
944 1040 71 37 en
1062 1022 160 69 1908,
1270 1040 76 38 on
1390 1030 229 63 compte
1664 1023 242 56 environ
1951 1022 107 69 360
2105 1028 236 50 auteurs
2389 1023 339 70 d'ouvrages

686 1101 273 70 lyriques,
1002 1101 142 56 dont
1186 1102 248 55 certains
1475 1107 132 51 sont
1649 1103 349 69 représentés
2037 1119 107 53 par
2182 1102 131 70 plus
2355 1100 70 57 de
2467 1116 69 39 20
2577 1119 114 36 com-

685 1180 301 69 positions.

798 1258 90 55 On
930 1275 33 35 a
1006 1260 326 53 commencé
1376 1258 69 55 de
1487 1258 57 54 la
1585 1263 154 50 sorte
1783 1258 56 54 la
1882 1258 386 56 constitution
2310 1258 419 70 systématique

689 1337 170 55 d'une
887 1336 252 54 manière
1167 1337 69 55 de
1265 1357 22 28 «
1326 1337 215 70 Corpus
1581 1357 22 28 »
1632 1337 70 55 de
1729 1337 56 52 la
1812 1337 265 70 musique
2106 1337 386 70 dramatique,
2534 1337 171 55 collec-

686 1415 127 55 tion
854 1413 268 57 d'autant
1161 1416 128 70 plus
1329 1416 288 70 précieuse
1656 1432 116 37 aux
1812 1416 336 54 chercheurs
2188 1416 206 70 qu'elle
2435 1420 110 63 est,
2586 1432 146 54 pour

686 1493 146 55 ainsi
868 1493 138 68 dire,
1039 1495 405 54 actuellement
1475 1493 217 70 unique
1724 1511 73 37 au
1828 1495 227 54 monde.

796 1572 384 71 Washington
1219 1573 257 70 possède,
1523 1575 99 52 dès
1664 1575 34 50 à
1740 1575 249 68 présent,
2033 1591 82 37 un
2154 1573 324 55 admirable
2517 1573 185 56 instru-

686 1657 159 50 ment
883 1651 68 56 de
986 1652 231 67 travail,
1255 1657 57 50 et
1346 1652 54 55 le
1435 1652 177 70 dépôt
1647 1651 332 67 américain,
2016 1669 104 52 par
2155 1670 65 35 sa
2256 1652 246 55 richesse
2538 1657 57 50 et
2632 1669 102 38 son

686 1731 262 66 étendue,
978 1736 140 65 peut
1147 1729 217 56 exciter
1392 1729 210 56 l'envie
1632 1731 69 54 de
1727 1729 138 56 bien
1894 1732 98 53 des
2019 1729 280 72 capitales
2328 1731 404 71 européennes.

796 1809 94 54 Du
930 1811 128 52 côté
1100 1808 69 56 de
1209 1811 214 70 l'opéra
1463 1808 221 68 ancien,
1724 1808 41 54 il
1806 1815 149 49 reste
1994 1826 201 38 encore
2233 1811 302 68 beaucoup
2578 1809 124 55 d'ac-

685 1886 307 70 quisitions
1007 1888 33 51 à
1054 1888 245 66 réaliser,
1326 1887 212 70 malgré
1572 1903 112 54 que
1716 1887 230 55 lesxvn
1947 1898 20 25 e
1983 1893 59 50 et
2069 1902 156 40 XVIII
2228 1900 20 23 6
2265 1888 195 55 siècles
2480 1887 252 67 italiens,

685 1964 247 69 français
964 1971 57 49 et
1054 1966 313 54 allemands
1398 1967 246 69 figurent
1679 1966 132 68 déjà
1843 1982 137 38 avec
2012 1967 150 55 leurs
2190 1982 278 55 ouvrages
2494 1966 82 54 les
2604 1966 128 71 plus

686 2043 380 70 significatifs.
1104 2043 103 67 Ici,
1242 2062 76 36 on
1354 2061 58 38 se
1445 2044 204 55 heurte
1684 2044 34 53 à
1754 2044 70 55 de
1859 2044 301 70 multiples
2197 2044 332 68 difficultés,
2547 2044 185 55 rareté

689 2121 97 56 des
818 2138 241 51 œuvres,
1091 2123 133 69 prix
1252 2122 240 56 excessif
1520 2123 234 69 qu'elles
1783 2122 325 72 atteignent
2140 2124 144 55 dans
2313 2124 52 55 le
2395 2140 338 52 commerce,

687 2206 78 62 et,
798 2201 34 52 à
863 2206 88 49 cet
982 2201 192 71 égard,
1207 2199 123 56 rien
1359 2202 147 53 n'est
1538 2202 128 70 plus
1696 2202 243 56 édifiant
1970 2220 113 52 que
2111 2202 57 53 la
2197 2203 219 55 lecture
2449 2203 98 55 des
2578 2207 128 50 cata-

690 2278 192 71 logues
927 2279 97 54 des
1064 2278 282 55 librairies
1388 2278 304 79 spéciales]:
1736 2279 517 72 Liepmannssohn,
2299 2281 164 67 Ellis,
2507 2281 194 54 Hierse-

686 2375 194 48 mann,
925 2358 166 66 Baer,
1134 2363 110 48 etc.
1299 2357 233 54 Comme
1570 2357 44 53 il
1650 2357 269 70 importe,
1978 2364 179 50 avant
2199 2364 154 64 tout,
2411 2359 69 56 de
2522 2376 211 55 gagner

686 2434 77 57 du
795 2442 210 65 temps,
1040 2453 77 40 on
1148 2437 136 54 s'est
1316 2437 162 68 placé
1513 2437 198 70 plutôt
1746 2437 35 52 à
1812 2456 83 37 un
1925 2437 168 71 point
2129 2439 70 54 de
2234 2455 112 39 vue
2381 2438 320 70 d'enseigne-

682 2519 160 51 ment
880 2521 57 48 et
978 2514 473 71 d'investigation
1486 2514 379 70 scientifique,
1904 2517 141 68 qu'à
2080 2536 80 35 un
2197 2517 168 70 point
2402 2518 71 55 de
2512 2535 112 36 vue
2662 2518 70 53 de

683 2593 270 55 curiosité
988 2598 59 51 et
1086 2594 69 55 de
1189 2593 383 70 bibliophilie.
1625 2593 189 67 Aussi,
1865 2594 294 70 lorsqu'on
2207 2615 73 36 ne
2328 2602 142 65 peut
2507 2613 59 37 se
2602 2612 96 55 pro-

683 2690 160 36 curer
882 2671 78 55 les
998 2671 253 57 éditions
1289 2672 323 70 originales,
1650 2671 43 53 il
1730 2677 88 49 est
1857 2673 236 71 suppléé
2110 2676 34 50 à
2183 2674 122 55 leur
2343 2676 244 54 absence
2627 2691 105 53 par

682 2751 56 52 la
774 2751 179 69 copie,
992 2768 74 37 ou
1099 2768 105 52 par
1238 2751 56 53 la
1330 2749 408 71 reproduction
1771 2752 502 71 photographique
2310 2754 70 55 de
2414 2752 314 72 partitions

685 2834 388 65 appartenant
1117 2831 34 50 à
1193 2831 68 53 de
1303 2829 244 70 grandes
1586 2829 428 71 bibliothèques
2058 2832 312 71 d'Europe,
2412 2832 162 56 telles
2616 2848 112 54 que

682 2907 80 54 les
794 2907 424 70 bibliothèques
1252 2908 69 53 de
1354 2907 194 54 Berlin
1580 2912 58 49 et
1674 2909 67 54 de
1774 2907 238 70 Vienne,
2046 2909 51 55 le
2130 2911 258 53 Britisch
2447 2911 280 67 Muséum,

682 2986 56 53 la
791 2986 397 71 bibliothèque
1217 2987 77 54 du
1325 2986 432 55 Conservatoire
1786 2987 68 54 de
1885 2988 180 70 Paris,
2097 2996 108 48 etc.

791 3064 237 56 L'ordre
1071 3064 214 71 adopté
1329 3066 142 53 dans
1513 3064 52 55 le
1607 3064 299 73 catalogue
1934 3073 88 48 est
2049 3068 365 56 strictement
2458 3068 237 70 alphabé-

682 3142 182 70 tique,
923 3148 59 50 et
1036 3162 112 36 une
1204 3143 273 55 heureuse
1534 3143 346 70 disposition
1933 3147 487 70 typographique,
2479 3147 249 54 obtenue

685 3238 101 55 par
819 3220 251 72 l'emploi
1114 3222 69 56 de
1240 3223 152 55 deux
1435 3223 313 55 caractères
1788 3223 320 71 différents,
2150 3227 198 70 sépare
2390 3226 115 54 très
2547 3229 150 52 nette-

683 3306 162 50 ment
879 3299 251 56 l'énoncé
1162 3300 80 54 du
1283 3300 141 55 titre
1459 3300 97 55 des
1595 3318 280 54 ouvrages
1908 3302 98 56 des
2033 3303 357 57 indications
2417 3304 279 70 bibliogra-

691 3379 258 70 phiques.

1892 3460 64 55 L.
1999 3476 83 40 DE
2115 3476 76 40 LA
2230 3463 383 54 LAURENCIE.
