<?xml version="1.0" encoding="UTF-8"?>
<alto xmlns:xsi="http://www.w3.org/2001/XMLSchema-instance" xmlns="http://www.loc.gov/standards/alto/ns-v2#" xsi:schemaLocation="http://www.loc.gov/standards/alto/ns-v2# http://www.loc.gov/standards/alto/alto-v2.0.xsd" xmlns:xlink="http://www.w3.org/1999/xlink">
	<Description>
		<MeasurementUnit>mm10</MeasurementUnit>
		<sourceImageInformation>
			<fileName>//fileserver7/IN2/Princeton/Batch3/bmtnabh/1908/10/15_01/00000169.tif</fileName>
		</sourceImageInformation>
		<OCRProcessing ID="OCRPROCESSING_1">
			<preProcessingStep>
				<processingSoftware>
					<softwareCreator>CCS Content Conversion Specialists GmbH, Germany</softwareCreator>
					<softwareName>CCS docWORKS</softwareName>
					<softwareVersion>6.6-1.18</softwareVersion>
				</processingSoftware>
			</preProcessingStep>
			<ocrProcessingStep>
				<processingSoftware>
					<softwareCreator>ABBYY (BIT Software), Russia</softwareCreator>
					<softwareName>FineReader</softwareName>
					<softwareVersion>10.0</softwareVersion>
				</processingSoftware>
			</ocrProcessingStep>
		</OCRProcessing>
	</Description>
	<Styles>
		<TextStyle ID="TXT_0" FONTSIZE="12" FONTFAMILY="Times New Roman" FONTSTYLE="bold"/>
		<TextStyle ID="TXT_1" FONTSIZE="16" FONTFAMILY="Times New Roman" FONTSTYLE="bold"/>
		<TextStyle ID="TXT_2" FONTSIZE="21" FONTFAMILY="Times New Roman"/>
		<TextStyle ID="TXT_3" FONTSIZE="21" FONTFAMILY="Times New Roman" FONTSTYLE="italics"/>
		<TextStyle ID="TXT_4" FONTSIZE="15" FONTFAMILY="Times New Roman"/>
		<TextStyle ID="TXT_5" FONTSIZE="15" FONTFAMILY="Times New Roman" FONTSTYLE="italics"/>
		<ParagraphStyle ID="PAR_LEFT" ALIGN="Left"/>
		<ParagraphStyle ID="PAR_RIGHT" ALIGN="Right"/>
	</Styles>
	<Layout>
		<Page ID="P63" PHYSICAL_IMG_NR="63" HEIGHT="4109" WIDTH="2905" PC="0.933">
			<TopMargin ID="P63_TM00001" HPOS="0" VPOS="0" WIDTH="2905" HEIGHT="312">
				<TextBlock ID="P63_TB00001" HPOS="1068" VPOS="254" WIDTH="213" HEIGHT="36" STYLEREFS="TXT_0 PAR_LEFT">
					<TextLine ID="P63_TL00001" HPOS="1068" VPOS="254" WIDTH="213" HEIGHT="36">
						<String ID="P63_ST00001" HPOS="1068" VPOS="254" WIDTH="60" HEIGHT="33" CONTENT="LE" WC="0.47" CC="64"/>
						<SP ID="P63_SP00001" HPOS="1128" VPOS="287" WIDTH="33"/>
						<String ID="P63_ST00002" HPOS="1161" VPOS="254" WIDTH="120" HEIGHT="36" CONTENT="MOIS" WC="0.98" CC="3030"/>
					</TextLine>
				</TextBlock>
				<TextBlock ID="P63_TB00002" HPOS="2090" VPOS="262" WIDTH="126" HEIGHT="50" STYLEREFS="TXT_1 PAR_RIGHT">
					<TextLine ID="P63_TL00002" HPOS="2091" VPOS="262" WIDTH="125" HEIGHT="49">
						<String ID="P63_ST00003" HPOS="2091" VPOS="262" WIDTH="125" HEIGHT="49" CONTENT="1103" WC="0.64" CC="2505"/>
					</TextLine>
				</TextBlock>
			</TopMargin>
			<LeftMargin ID="P63_LM00001" HPOS="0" VPOS="293" WIDTH="116" HEIGHT="3307"/>
			<RightMargin ID="P63_RM00001" HPOS="2219" VPOS="293" WIDTH="686" HEIGHT="3307"/>
			<BottomMargin ID="P63_BM00001" HPOS="0" VPOS="3600" WIDTH="2905" HEIGHT="509"/>
			<PrintSpace ID="P63_PS00001" HPOS="116" VPOS="293" WIDTH="2103" HEIGHT="3307">
				<TextBlock ID="P63_TB00003" HPOS="116" VPOS="380" WIDTH="2103" HEIGHT="2903" STYLEREFS="TXT_2 PAR_LEFT">
					<TextLine ID="P63_TL00003" HPOS="122" VPOS="380" WIDTH="2094" HEIGHT="76">
						<String ID="P63_ST00004" HPOS="122" VPOS="380" WIDTH="106" HEIGHT="55" CONTENT="lité" WC="0.74" CC="0046"/>
						<SP ID="P63_SP00002" HPOS="228" VPOS="435" WIDTH="33"/>
						<String ID="P63_ST00005" HPOS="261" VPOS="380" WIDTH="271" HEIGHT="71" CONTENT="suprême" WC="0.99" CC="0644005"/>
						<SP ID="P63_SP00003" HPOS="532" VPOS="451" WIDTH="39"/>
						<String ID="P63_ST00006" HPOS="571" VPOS="388" WIDTH="87" HEIGHT="51" CONTENT="est" WC="0.97" CC="105"/>
						<SP ID="P63_SP00004" HPOS="658" VPOS="451" WIDTH="38"/>
						<String ID="P63_ST00007" HPOS="696" VPOS="383" WIDTH="55" HEIGHT="56" CONTENT="le" WC="0.91" CC="10"/>
						<SP ID="P63_SP00005" HPOS="751" VPOS="451" WIDTH="37"/>
						<String ID="P63_ST00008" HPOS="788" VPOS="384" WIDTH="280" HEIGHT="56" CONTENT="sourire..." WC="0.99" CC="0061320302"/>
						<SP ID="P63_SP00006" HPOS="1068" VPOS="451" WIDTH="36"/>
						<String ID="P63_ST00009" HPOS="1104" VPOS="406" WIDTH="22" HEIGHT="29" CONTENT="»" WC="1.00" CC="0"/>
						<SP ID="P63_SP00007" HPOS="1126" VPOS="451" WIDTH="38"/>
						<String ID="P63_ST00010" HPOS="1164" VPOS="404" WIDTH="61" HEIGHT="37" CONTENT="se" WC="1.00" CC="00"/>
						<SP ID="P63_SP00008" HPOS="1225" VPOS="451" WIDTH="36"/>
						<String ID="P63_ST00011" HPOS="1261" VPOS="392" WIDTH="211" HEIGHT="54" CONTENT="trouve" WC="0.98" CC="565060"/>
						<SP ID="P63_SP00009" HPOS="1472" VPOS="451" WIDTH="40"/>
						<String ID="P63_ST00012" HPOS="1512" VPOS="395" WIDTH="344" HEIGHT="56" CONTENT="caractérisé" WC="1.00" CC="02000024100"/>
						<SP ID="P63_SP00010" HPOS="1856" VPOS="451" WIDTH="38"/>
						<String ID="P63_ST00013" HPOS="1894" VPOS="416" WIDTH="71" HEIGHT="38" CONTENT="en" WC="0.92" CC="10"/>
						<SP ID="P63_SP00011" HPOS="1965" VPOS="454" WIDTH="37"/>
						<String ID="P63_ST00014" HPOS="2002" VPOS="403" WIDTH="214" HEIGHT="53" CONTENT="termes" WC="0.99" CC="003120"/>
					</TextLine>
					<TextLine ID="P63_TL00004" HPOS="122" VPOS="461" WIDTH="1217" HEIGHT="61">
						<String ID="P63_ST00015" HPOS="122" VPOS="478" WIDTH="159" HEIGHT="38" CONTENT="assez" WC="0.99" CC="00006"/>
						<SP ID="P63_SP00012" HPOS="281" VPOS="516" WIDTH="34"/>
						<String ID="P63_ST00016" HPOS="315" VPOS="461" WIDTH="262" HEIGHT="58" CONTENT="heureux" WC="0.99" CC="6004000"/>
						<SP ID="P63_SP00013" HPOS="577" VPOS="519" WIDTH="34"/>
						<String ID="P63_ST00017" HPOS="611" VPOS="464" WIDTH="146" HEIGHT="55" CONTENT="dans" WC="0.99" CC="6000"/>
						<SP ID="P63_SP00014" HPOS="757" VPOS="519" WIDTH="36"/>
						<String ID="P63_ST00018" HPOS="793" VPOS="469" WIDTH="155" HEIGHT="51" CONTENT="cette" WC="1.00" CC="00001"/>
						<SP ID="P63_SP00015" HPOS="948" VPOS="520" WIDTH="34"/>
						<String ID="P63_ST00019" HPOS="982" VPOS="467" WIDTH="357" HEIGHT="55" CONTENT="conclusion." WC="0.99" CC="03600600811"/>
					</TextLine>
					<TextLine ID="P63_TL00005" HPOS="233" VPOS="541" WIDTH="1981" HEIGHT="92">
						<String ID="P63_ST00020" HPOS="233" VPOS="541" WIDTH="47" HEIGHT="54" CONTENT="L" WC="0.80" CC="1"/>
						<SP ID="P63_SP00016" HPOS="280" VPOS="595" WIDTH="24"/>
						<String ID="P63_ST00021" HPOS="304" VPOS="543" WIDTH="333" HEIGHT="73" CONTENT="esthétique" WC="0.99" CC="0006000562"/>
						<SP ID="P63_SP00017" HPOS="637" VPOS="616" WIDTH="40"/>
						<String ID="P63_ST00022" HPOS="677" VPOS="545" WIDTH="70" HEIGHT="55" CONTENT="de" WC="0.55" CC="35"/>
						<SP ID="P63_SP00018" HPOS="747" VPOS="616" WIDTH="39"/>
						<String ID="P63_ST00023" HPOS="786" VPOS="545" WIDTH="307" HEIGHT="57" CONTENT="Boieldieu" WC="0.75" CC="440020045"/>
						<SP ID="P63_SP00019" HPOS="1093" VPOS="616" WIDTH="39"/>
						<String ID="P63_ST00024" HPOS="1132" VPOS="548" WIDTH="34" HEIGHT="53" CONTENT="à" WC="1.00" CC="0"/>
						<SP ID="P63_SP00020" HPOS="1166" VPOS="616" WIDTH="37"/>
						<String ID="P63_ST00025" HPOS="1203" VPOS="553" WIDTH="136" HEIGHT="51" CONTENT="tout" WC="0.97" CC="0660"/>
						<SP ID="P63_SP00021" HPOS="1339" VPOS="616" WIDTH="37"/>
						<String ID="P63_ST00026" HPOS="1376" VPOS="555" WIDTH="247" HEIGHT="65" CONTENT="prendre" WC="0.98" CC="6500750"/>
						<SP ID="P63_SP00022" HPOS="1623" VPOS="620" WIDTH="38"/>
						<String ID="P63_ST00027" HPOS="1661" VPOS="563" WIDTH="88" HEIGHT="48" CONTENT="est" WC="0.99" CC="100"/>
						<SP ID="P63_SP00023" HPOS="1749" VPOS="620" WIDTH="39"/>
						<String ID="P63_ST00028" HPOS="1788" VPOS="576" WIDTH="159" HEIGHT="39" CONTENT="assez" WC="0.98" CC="00056"/>
						<SP ID="P63_SP00024" HPOS="1947" VPOS="620" WIDTH="38"/>
						<String ID="P63_ST00029" HPOS="1985" VPOS="559" WIDTH="229" HEIGHT="74" CONTENT="simple," WC="0.99" CC="0006217"/>
					</TextLine>
					<TextLine ID="P63_TL00006" HPOS="122" VPOS="623" WIDTH="2093" HEIGHT="80">
						<String ID="P63_ST00030" HPOS="122" VPOS="638" WIDTH="224" HEIGHT="39" CONTENT="comme" WC="0.99" CC="05300"/>
						<SP ID="P63_SP00025" HPOS="346" VPOS="677" WIDTH="38"/>
						<String ID="P63_ST00031" HPOS="384" VPOS="623" WIDTH="141" HEIGHT="57" CONTENT="celle" WC="1.00" CC="00200"/>
						<SP ID="P63_SP00026" HPOS="525" VPOS="680" WIDTH="39"/>
						<String ID="P63_ST00032" HPOS="564" VPOS="625" WIDTH="99" HEIGHT="55" CONTENT="des" WC="1.00" CC="100"/>
						<SP ID="P63_SP00027" HPOS="663" VPOS="680" WIDTH="37"/>
						<String ID="P63_ST00033" HPOS="700" VPOS="630" WIDTH="240" HEIGHT="51" CONTENT="auteurs" WC="0.99" CC="0700510"/>
						<SP ID="P63_SP00028" HPOS="940" VPOS="681" WIDTH="39"/>
						<String ID="P63_ST00034" HPOS="979" VPOS="628" WIDTH="597" HEIGHT="75" CONTENT="d'opéras-comiques" WC="1.00" CC="03280700300000740"/>
						<SP ID="P63_SP00029" HPOS="1576" VPOS="703" WIDTH="26"/>
						<String ID="P63_ST00035" HPOS="1602" VPOS="656" WIDTH="12" HEIGHT="45" CONTENT=";" WC="1.00" CC="9"/>
						<SP ID="P63_SP00030" HPOS="1614" VPOS="703" WIDTH="36"/>
						<String ID="P63_ST00036" HPOS="1650" VPOS="637" WIDTH="43" HEIGHT="52" CONTENT="il" WC="0.98" CC="00"/>
						<SP ID="P63_SP00031" HPOS="1693" VPOS="703" WIDTH="35"/>
						<String ID="P63_ST00037" HPOS="1728" VPOS="638" WIDTH="77" HEIGHT="55" CONTENT="l'a" WC="0.99" CC="010"/>
						<SP ID="P63_SP00032" HPOS="1805" VPOS="703" WIDTH="37"/>
						<String ID="P63_ST00038" HPOS="1842" VPOS="642" WIDTH="260" HEIGHT="56" CONTENT="résumée" WC="0.99" CC="0006040"/>
						<SP ID="P63_SP00033" HPOS="2102" VPOS="703" WIDTH="36"/>
						<String ID="P63_ST00039" HPOS="2138" VPOS="661" WIDTH="77" HEIGHT="38" CONTENT="ou" WC="0.52" CC="54"/>
					</TextLine>
					<TextLine ID="P63_TL00007" HPOS="121" VPOS="701" WIDTH="2093" HEIGHT="88">
						<String ID="P63_ST00040" HPOS="121" VPOS="704" WIDTH="36" HEIGHT="53" CONTENT="à" WC="1.00" CC="0"/>
						<SP ID="P63_SP00034" HPOS="157" VPOS="757" WIDTH="35"/>
						<String ID="P63_ST00041" HPOS="192" VPOS="719" WIDTH="117" HEIGHT="55" CONTENT="peu" WC="0.94" CC="808"/>
						<SP ID="P63_SP00035" HPOS="309" VPOS="774" WIDTH="37"/>
						<String ID="P63_ST00042" HPOS="346" VPOS="701" WIDTH="131" HEIGHT="73" CONTENT="près" WC="0.99" CC="0400"/>
						<SP ID="P63_SP00036" HPOS="477" VPOS="774" WIDTH="40"/>
						<String ID="P63_ST00043" HPOS="517" VPOS="704" WIDTH="146" HEIGHT="56" CONTENT="dans" WC="1.00" CC="0000"/>
						<SP ID="P63_SP00037" HPOS="663" VPOS="774" WIDTH="41"/>
						<String ID="P63_ST00044" HPOS="704" VPOS="723" WIDTH="65" HEIGHT="38" CONTENT="ce" WC="1.00" CC="00"/>
						<SP ID="P63_SP00038" HPOS="769" VPOS="774" WIDTH="37"/>
						<String ID="P63_ST00045" HPOS="806" VPOS="723" WIDTH="246" HEIGHT="55" CONTENT="passage" WC="0.99" CC="9000040"/>
						<SP ID="P63_SP00039" HPOS="1052" VPOS="778" WIDTH="41"/>
						<String ID="P63_ST00046" HPOS="1093" VPOS="709" WIDTH="175" HEIGHT="55" CONTENT="d'une" WC="0.98" CC="03630"/>
						<SP ID="P63_SP00040" HPOS="1268" VPOS="778" WIDTH="37"/>
						<String ID="P63_ST00047" HPOS="1305" VPOS="709" WIDTH="175" HEIGHT="57" CONTENT="lettre" WC="1.00" CC="000040"/>
						<SP ID="P63_SP00041" HPOS="1480" VPOS="778" WIDTH="39"/>
						<String ID="P63_ST00048" HPOS="1519" VPOS="713" WIDTH="35" HEIGHT="53" CONTENT="à" WC="1.00" CC="0"/>
						<SP ID="P63_SP00042" HPOS="1554" VPOS="778" WIDTH="36"/>
						<String ID="P63_ST00049" HPOS="1590" VPOS="715" WIDTH="78" HEIGHT="54" CONTENT="M." WC="0.77" CC="04"/>
						<SP ID="P63_SP00043" HPOS="1668" VPOS="778" WIDTH="42"/>
						<String ID="P63_ST00050" HPOS="1710" VPOS="717" WIDTH="280" HEIGHT="72" CONTENT="Bernard," WC="0.99" CC="60100404"/>
						<SP ID="P63_SP00044" HPOS="1990" VPOS="789" WIDTH="42"/>
						<String ID="P63_ST00051" HPOS="2032" VPOS="722" WIDTH="152" HEIGHT="57" CONTENT="direc" SUBS_TYPE="HypPart1" SUBS_CONTENT="directeur" WC="0.99" CC="00600"/>
						<HYP HPOS="2184" VPOS="722" WIDTH="30" CONTENT="-"/>
					</TextLine>
					<TextLine ID="P63_TL00008" HPOS="118" VPOS="785" WIDTH="2096" HEIGHT="88">
						<String ID="P63_ST00052" HPOS="118" VPOS="789" WIDTH="133" HEIGHT="51" CONTENT="teur" SUBS_TYPE="HypPart2" SUBS_CONTENT="directeur" WC="0.96" CC="7063"/>
						<SP ID="P63_SP00045" HPOS="251" VPOS="840" WIDTH="27"/>
						<String ID="P63_ST00053" HPOS="278" VPOS="785" WIDTH="74" HEIGHT="55" CONTENT="de" WC="1.00" CC="00"/>
						<SP ID="P63_SP00046" HPOS="352" VPOS="840" WIDTH="27"/>
						<String ID="P63_ST00054" HPOS="379" VPOS="785" WIDTH="522" HEIGHT="74" CONTENT="l'opéra-comique" WC="0.82" CC="434002030000070"/>
						<SP ID="P63_SP00047" HPOS="901" VPOS="859" WIDTH="30"/>
						<String ID="P63_ST00055" HPOS="931" VPOS="790" WIDTH="93" HEIGHT="65" CONTENT="(22" WC="1.00" CC="000"/>
						<SP ID="P63_SP00048" HPOS="1024" VPOS="859" WIDTH="29"/>
						<String ID="P63_ST00056" HPOS="1053" VPOS="792" WIDTH="323" HEIGHT="54" CONTENT="novembre" WC="0.99" CC="30200714"/>
						<SP ID="P63_SP00049" HPOS="1376" VPOS="859" WIDTH="16"/>
						<String ID="P63_ST00057" HPOS="1392" VPOS="792" WIDTH="189" HEIGHT="72" CONTENT="1827):" WC="0.64" CC="330562"/>
						<SP ID="P63_SP00050" HPOS="1581" VPOS="864" WIDTH="20"/>
						<String ID="P63_ST00058" HPOS="1601" VPOS="816" WIDTH="81" HEIGHT="34" CONTENT="«..." WC="0.99" CC="0204"/>
						<SP ID="P63_SP00051" HPOS="1682" VPOS="864" WIDTH="32"/>
						<String ID="P63_ST00059" HPOS="1714" VPOS="813" WIDTH="133" HEIGHT="41" CONTENT="sans" WC="1.00" CC="0000"/>
						<SP ID="P63_SP00052" HPOS="1847" VPOS="864" WIDTH="27"/>
						<String ID="P63_ST00060" HPOS="1874" VPOS="806" WIDTH="135" HEIGHT="67" CONTENT="trop" WC="1.00" CC="0100"/>
						<SP ID="P63_SP00053" HPOS="2009" VPOS="873" WIDTH="30"/>
						<String ID="P63_ST00061" HPOS="2039" VPOS="804" WIDTH="146" HEIGHT="55" CONTENT="sacri" SUBS_TYPE="HypPart1" SUBS_CONTENT="sacrifier" WC="0.99" CC="20010"/>
						<HYP HPOS="2185" VPOS="804" WIDTH="29" CONTENT="-"/>
					</TextLine>
					<TextLine ID="P63_TL00009" HPOS="120" VPOS="864" WIDTH="2091" HEIGHT="88">
						<String ID="P63_ST00062" HPOS="120" VPOS="864" WIDTH="101" HEIGHT="56" CONTENT="fier" SUBS_TYPE="HypPart2" SUBS_CONTENT="sacrifier" WC="0.99" CC="0005"/>
						<SP ID="P63_SP00054" HPOS="221" VPOS="920" WIDTH="30"/>
						<String ID="P63_ST00063" HPOS="251" VPOS="865" WIDTH="35" HEIGHT="54" CONTENT="à" WC="1.00" CC="0"/>
						<SP ID="P63_SP00055" HPOS="286" VPOS="920" WIDTH="28"/>
						<String ID="P63_ST00064" HPOS="314" VPOS="864" WIDTH="58" HEIGHT="53" CONTENT="la" WC="0.91" CC="10"/>
						<SP ID="P63_SP00056" HPOS="372" VPOS="920" WIDTH="28"/>
						<String ID="P63_ST00065" HPOS="400" VPOS="867" WIDTH="195" HEIGHT="68" CONTENT="mode," WC="0.99" CC="00044"/>
						<SP ID="P63_SP00057" HPOS="595" VPOS="935" WIDTH="37"/>
						<String ID="P63_ST00066" HPOS="632" VPOS="865" WIDTH="44" HEIGHT="55" CONTENT="il" WC="0.89" CC="02"/>
						<SP ID="P63_SP00058" HPOS="676" VPOS="935" WIDTH="33"/>
						<String ID="P63_ST00067" HPOS="709" VPOS="865" WIDTH="133" HEIGHT="57" CONTENT="faut" WC="0.97" CC="6070"/>
						<SP ID="P63_SP00059" HPOS="842" VPOS="935" WIDTH="30"/>
						<String ID="P63_ST00068" HPOS="872" VPOS="868" WIDTH="144" HEIGHT="57" CONTENT="faire" WC="0.99" CC="70020"/>
						<SP ID="P63_SP00060" HPOS="1016" VPOS="935" WIDTH="38"/>
						<String ID="P63_ST00069" HPOS="1054" VPOS="873" WIDTH="331" HEIGHT="67" CONTENT="cependant" WC="1.00" CC="000040000"/>
						<SP ID="P63_SP00061" HPOS="1385" VPOS="940" WIDTH="38"/>
						<String ID="P63_ST00070" HPOS="1423" VPOS="874" WIDTH="251" HEIGHT="70" CONTENT="quelque" WC="0.98" CC="0644360"/>
						<SP ID="P63_SP00062" HPOS="1674" VPOS="944" WIDTH="36"/>
						<String ID="P63_ST00071" HPOS="1710" VPOS="877" WIDTH="172" HEIGHT="57" CONTENT="chose" WC="1.00" CC="00000"/>
						<SP ID="P63_SP00063" HPOS="1882" VPOS="944" WIDTH="28"/>
						<String ID="P63_ST00072" HPOS="1910" VPOS="898" WIDTH="152" HEIGHT="54" CONTENT="pour" WC="0.97" CC="0564"/>
						<SP ID="P63_SP00064" HPOS="2062" VPOS="952" WIDTH="25"/>
						<String ID="P63_ST00073" HPOS="2087" VPOS="884" WIDTH="124" HEIGHT="56" CONTENT="elle." WC="0.99" CC="60100"/>
					</TextLine>
					<TextLine ID="P63_TL00010" HPOS="120" VPOS="945" WIDTH="2095" HEIGHT="79">
						<String ID="P63_ST00074" HPOS="120" VPOS="945" WIDTH="58" HEIGHT="56" CONTENT="Si" WC="1.00" CC="00"/>
						<SP ID="P63_SP00065" HPOS="178" VPOS="1001" WIDTH="31"/>
						<String ID="P63_ST00075" HPOS="209" VPOS="945" WIDTH="119" HEIGHT="56" CONTENT="l'on" WC="0.99" CC="0210"/>
						<SP ID="P63_SP00066" HPOS="328" VPOS="1001" WIDTH="28"/>
						<String ID="P63_ST00076" HPOS="356" VPOS="945" WIDTH="165" HEIGHT="57" CONTENT="n'eût" WC="0.98" CC="33410"/>
						<SP ID="P63_SP00067" HPOS="521" VPOS="1002" WIDTH="36"/>
						<String ID="P63_ST00077" HPOS="557" VPOS="964" WIDTH="108" HEIGHT="55" CONTENT="pas" WC="1.00" CC="000"/>
						<SP ID="P63_SP00068" HPOS="665" VPOS="1019" WIDTH="31"/>
						<String ID="P63_ST00078" HPOS="696" VPOS="948" WIDTH="92" HEIGHT="71" CONTENT="agi" WC="0.99" CC="030"/>
						<SP ID="P63_SP00069" HPOS="788" VPOS="1019" WIDTH="34"/>
						<String ID="P63_ST00079" HPOS="822" VPOS="948" WIDTH="150" HEIGHT="57" CONTENT="ainsi" WC="1.00" CC="00200"/>
						<SP ID="P63_SP00070" HPOS="972" VPOS="1019" WIDTH="28"/>
						<String ID="P63_ST00080" HPOS="1000" VPOS="950" WIDTH="71" HEIGHT="56" CONTENT="de" WC="0.96" CC="00"/>
						<SP ID="P63_SP00071" HPOS="1071" VPOS="1019" WIDTH="27"/>
						<String ID="P63_ST00081" HPOS="1098" VPOS="957" WIDTH="135" HEIGHT="49" CONTENT="tout" WC="0.96" CC="6560"/>
						<SP ID="P63_SP00072" HPOS="1233" VPOS="1019" WIDTH="28"/>
						<String ID="P63_ST00082" HPOS="1261" VPOS="957" WIDTH="196" HEIGHT="67" CONTENT="temps" WC="1.00" CC="00000"/>
						<SP ID="P63_SP00073" HPOS="1457" VPOS="1024" WIDTH="28"/>
						<String ID="P63_ST00083" HPOS="1485" VPOS="972" WIDTH="147" HEIGHT="38" CONTENT="nous" WC="0.97" CC="0470"/>
						<SP ID="P63_SP00074" HPOS="1632" VPOS="1024" WIDTH="29"/>
						<String ID="P63_ST00084" HPOS="1661" VPOS="976" WIDTH="72" HEIGHT="37" CONTENT="en" WC="1.00" CC="00"/>
						<SP ID="P63_SP00075" HPOS="1733" VPOS="1024" WIDTH="28"/>
						<String ID="P63_ST00085" HPOS="1761" VPOS="961" WIDTH="221" HEIGHT="58" CONTENT="serions" WC="0.99" CC="0101240"/>
						<SP ID="P63_SP00076" HPOS="1982" VPOS="1024" WIDTH="27"/>
						<String ID="P63_ST00086" HPOS="2009" VPOS="982" WIDTH="206" HEIGHT="40" CONTENT="encore" WC="1.00" CC="000310"/>
					</TextLine>
					<TextLine ID="P63_TL00011" HPOS="121" VPOS="1025" WIDTH="2093" HEIGHT="80">
						<String ID="P63_ST00087" HPOS="121" VPOS="1028" WIDTH="34" HEIGHT="52" CONTENT="à" WC="0.93" CC="0"/>
						<SP ID="P63_SP00077" HPOS="155" VPOS="1080" WIDTH="27"/>
						<String ID="P63_ST00088" HPOS="182" VPOS="1027" WIDTH="57" HEIGHT="53" CONTENT="la" WC="1.00" CC="00"/>
						<SP ID="P63_SP00078" HPOS="239" VPOS="1080" WIDTH="20"/>
						<String ID="P63_ST00089" HPOS="259" VPOS="1025" WIDTH="272" HEIGHT="73" CONTENT="musique" WC="0.99" CC="0604070"/>
						<SP ID="P63_SP00079" HPOS="531" VPOS="1098" WIDTH="28"/>
						<String ID="P63_ST00090" HPOS="559" VPOS="1029" WIDTH="71" HEIGHT="55" CONTENT="de" WC="0.80" CC="03"/>
						<SP ID="P63_SP00080" HPOS="630" VPOS="1098" WIDTH="26"/>
						<String ID="P63_ST00091" HPOS="656" VPOS="1028" WIDTH="172" HEIGHT="71" CONTENT="Lully" WC="0.77" CC="16003"/>
						<SP ID="P63_SP00081" HPOS="828" VPOS="1099" WIDTH="26"/>
						<String ID="P63_ST00092" HPOS="854" VPOS="1030" WIDTH="142" HEIGHT="68" CONTENT="(1)..." WC="0.79" CC="400213"/>
						<SP ID="P63_SP00082" HPOS="996" VPOS="1099" WIDTH="19"/>
						<String ID="P63_ST00093" HPOS="1015" VPOS="1051" WIDTH="22" HEIGHT="29" CONTENT="»" WC="1.00" CC="0"/>
						<SP ID="P63_SP00083" HPOS="1037" VPOS="1099" WIDTH="26"/>
						<String ID="P63_ST00094" HPOS="1063" VPOS="1030" WIDTH="51" HEIGHT="54" CONTENT="Il" WC="0.78" CC="40"/>
						<SP ID="P63_SP00084" HPOS="1114" VPOS="1099" WIDTH="26"/>
						<String ID="P63_ST00095" HPOS="1140" VPOS="1032" WIDTH="137" HEIGHT="56" CONTENT="n'en" WC="0.98" CC="6400"/>
						<SP ID="P63_SP00085" HPOS="1277" VPOS="1099" WIDTH="29"/>
						<String ID="P63_ST00096" HPOS="1306" VPOS="1033" WIDTH="180" HEIGHT="55" CONTENT="serait" WC="1.00" CC="005000"/>
						<SP ID="P63_SP00086" HPOS="1486" VPOS="1099" WIDTH="28"/>
						<String ID="P63_ST00097" HPOS="1514" VPOS="1053" WIDTH="107" HEIGHT="52" CONTENT="pas" WC="0.96" CC="900"/>
						<SP ID="P63_SP00087" HPOS="1621" VPOS="1105" WIDTH="21"/>
						<String ID="P63_ST00098" HPOS="1642" VPOS="1038" WIDTH="190" HEIGHT="56" CONTENT="moins" WC="1.00" CC="00000"/>
						<SP ID="P63_SP00088" HPOS="1832" VPOS="1105" WIDTH="28"/>
						<String ID="P63_ST00099" HPOS="1860" VPOS="1039" WIDTH="354" HEIGHT="63" CONTENT="intéressant" WC="1.00" CC="00007000000"/>
					</TextLine>
					<TextLine ID="P63_TL00012" HPOS="121" VPOS="1107" WIDTH="2092" HEIGHT="85">
						<String ID="P63_ST00100" HPOS="121" VPOS="1107" WIDTH="70" HEIGHT="55" CONTENT="de" WC="1.00" CC="00"/>
						<SP ID="P63_SP00089" HPOS="191" VPOS="1162" WIDTH="32"/>
						<String ID="P63_ST00101" HPOS="223" VPOS="1123" WIDTH="304" HEIGHT="55" CONTENT="comparer" WC="1.00" CC="20000205"/>
						<SP ID="P63_SP00090" HPOS="527" VPOS="1178" WIDTH="35"/>
						<String ID="P63_ST00102" HPOS="562" VPOS="1126" WIDTH="106" HEIGHT="39" CONTENT="son" WC="1.00" CC="000"/>
						<SP ID="P63_SP00091" HPOS="668" VPOS="1178" WIDTH="35"/>
						<String ID="P63_ST00103" HPOS="703" VPOS="1109" WIDTH="152" HEIGHT="71" CONTENT="style" WC="0.99" CC="00301"/>
						<SP ID="P63_SP00092" HPOS="855" VPOS="1180" WIDTH="37"/>
						<String ID="P63_ST00104" HPOS="892" VPOS="1110" WIDTH="34" HEIGHT="54" CONTENT="à" WC="0.78" CC="2"/>
						<SP ID="P63_SP00093" HPOS="926" VPOS="1180" WIDTH="36"/>
						<String ID="P63_ST00105" HPOS="962" VPOS="1110" WIDTH="144" HEIGHT="56" CONTENT="celui" WC="0.99" CC="01060"/>
						<SP ID="P63_SP00094" HPOS="1106" VPOS="1180" WIDTH="41"/>
						<String ID="P63_ST00106" HPOS="1147" VPOS="1114" WIDTH="70" HEIGHT="54" CONTENT="de" WC="0.63" CC="70"/>
						<SP ID="P63_SP00095" HPOS="1217" VPOS="1180" WIDTH="36"/>
						<String ID="P63_ST00107" HPOS="1253" VPOS="1129" WIDTH="88" HEIGHT="39" CONTENT="ses" WC="1.00" CC="000"/>
						<SP ID="P63_SP00096" HPOS="1341" VPOS="1180" WIDTH="33"/>
						<String ID="P63_ST00108" HPOS="1374" VPOS="1114" WIDTH="439" HEIGHT="70" CONTENT="prédécesseurs" WC="1.00" CC="0400000000730"/>
						<SP ID="P63_SP00097" HPOS="1813" VPOS="1184" WIDTH="33"/>
						<String ID="P63_ST00109" HPOS="1846" VPOS="1118" WIDTH="254" HEIGHT="74" CONTENT="français" WC="0.99" CC="64100000"/>
						<SP ID="P63_SP00098" HPOS="2100" VPOS="1192" WIDTH="36"/>
						<String ID="P63_ST00110" HPOS="2136" VPOS="1143" WIDTH="77" HEIGHT="39" CONTENT="ou" WC="0.90" CC="02"/>
					</TextLine>
					<TextLine ID="P63_TL00013" HPOS="116" VPOS="1187" WIDTH="1680" HEIGHT="67">
						<String ID="P63_ST00111" HPOS="116" VPOS="1187" WIDTH="239" HEIGHT="55" CONTENT="italiens" WC="1.00" CC="00000000"/>
						<SP ID="P63_SP00099" HPOS="355" VPOS="1242" WIDTH="33"/>
						<String ID="P63_ST00112" HPOS="388" VPOS="1188" WIDTH="78" HEIGHT="54" CONTENT="du" WC="0.67" CC="06"/>
						<SP ID="P63_SP00100" HPOS="466" VPOS="1242" WIDTH="32"/>
						<String ID="P63_ST00113" HPOS="498" VPOS="1204" WIDTH="161" HEIGHT="40" CONTENT="xviii" WC="0.88" CC="04000"/>
						<String ID="P63_ST00114" HPOS="661" VPOS="1202" WIDTH="21" HEIGHT="24" CONTENT="e" STYLE="superscript" WC="0.52" CC="4"/>
						<SP ID="P63_SP00101" HPOS="682" VPOS="1244" WIDTH="30"/>
						<String ID="P63_ST00115" HPOS="712" VPOS="1189" WIDTH="171" HEIGHT="57" CONTENT="siècle" WC="0.99" CC="002034"/>
						<SP ID="P63_SP00102" HPOS="883" VPOS="1246" WIDTH="29"/>
						<String ID="P63_ST00116" HPOS="912" VPOS="1198" WIDTH="60" HEIGHT="50" CONTENT="et" WC="0.69" CC="60"/>
						<SP ID="P63_SP00103" HPOS="972" VPOS="1248" WIDTH="33"/>
						<String ID="P63_ST00117" HPOS="1005" VPOS="1194" WIDTH="80" HEIGHT="54" CONTENT="du" WC="0.68" CC="06"/>
						<SP ID="P63_SP00104" HPOS="1085" VPOS="1248" WIDTH="32"/>
						<String ID="P63_ST00118" HPOS="1117" VPOS="1193" WIDTH="184" HEIGHT="56" CONTENT="début" WC="0.98" CC="04270"/>
						<SP ID="P63_SP00105" HPOS="1301" VPOS="1249" WIDTH="32"/>
						<String ID="P63_ST00119" HPOS="1333" VPOS="1196" WIDTH="80" HEIGHT="53" CONTENT="du" WC="0.66" CC="06"/>
						<SP ID="P63_SP00106" HPOS="1413" VPOS="1249" WIDTH="30"/>
						<String ID="P63_ST00120" HPOS="1443" VPOS="1209" WIDTH="114" HEIGHT="40" CONTENT="xix" WC="1.00" CC="000"/>
						<String ID="P63_ST00121" HPOS="1557" VPOS="1208" WIDTH="22" HEIGHT="23" CONTENT="e" STYLE="superscript" WC="0.69" CC="3"/>
						<SP ID="P63_SP00107" HPOS="1579" VPOS="1249" WIDTH="29"/>
						<String ID="P63_ST00122" HPOS="1608" VPOS="1197" WIDTH="188" HEIGHT="57" CONTENT="siècle." WC="0.99" CC="0020134"/>
					</TextLine>
					<TextLine ID="P63_TL00014" HPOS="233" VPOS="1268" WIDTH="1981" HEIGHT="76">
						<String ID="P63_ST00123" HPOS="233" VPOS="1268" WIDTH="78" HEIGHT="55" CONTENT="Le" WC="0.67" CC="15"/>
						<SP ID="P63_SP00108" HPOS="311" VPOS="1323" WIDTH="46"/>
						<String ID="P63_ST00124" HPOS="357" VPOS="1273" WIDTH="186" HEIGHT="51" CONTENT="secret" WC="0.99" CC="000540"/>
						<SP ID="P63_SP00109" HPOS="543" VPOS="1324" WIDTH="47"/>
						<String ID="P63_ST00125" HPOS="590" VPOS="1270" WIDTH="80" HEIGHT="55" CONTENT="du" WC="0.67" CC="06"/>
						<SP ID="P63_SP00110" HPOS="670" VPOS="1325" WIDTH="44"/>
						<String ID="P63_ST00126" HPOS="714" VPOS="1272" WIDTH="236" HEIGHT="70" CONTENT="progrès" WC="0.99" CC="0308320"/>
						<SP ID="P63_SP00111" HPOS="950" VPOS="1342" WIDTH="46"/>
						<String ID="P63_ST00127" HPOS="996" VPOS="1272" WIDTH="315" HEIGHT="72" CONTENT="artistique" WC="1.00" CC="0000000060"/>
						<SP ID="P63_SP00112" HPOS="1311" VPOS="1344" WIDTH="48"/>
						<String ID="P63_ST00128" HPOS="1359" VPOS="1273" WIDTH="70" HEIGHT="57" CONTENT="de" WC="0.96" CC="00"/>
						<SP ID="P63_SP00113" HPOS="1429" VPOS="1344" WIDTH="47"/>
						<String ID="P63_ST00129" HPOS="1476" VPOS="1274" WIDTH="306" HEIGHT="59" CONTENT="Boieldieu" WC="0.77" CC="560000106"/>
						<SP ID="P63_SP00114" HPOS="1782" VPOS="1344" WIDTH="45"/>
						<String ID="P63_ST00130" HPOS="1827" VPOS="1286" WIDTH="88" HEIGHT="48" CONTENT="est" WC="1.00" CC="000"/>
						<SP ID="P63_SP00115" HPOS="1915" VPOS="1344" WIDTH="47"/>
						<String ID="P63_ST00131" HPOS="1962" VPOS="1282" WIDTH="141" HEIGHT="56" CONTENT="dans" WC="0.99" CC="0006"/>
						<SP ID="P63_SP00116" HPOS="2103" VPOS="1344" WIDTH="47"/>
						<String ID="P63_ST00132" HPOS="2150" VPOS="1302" WIDTH="64" HEIGHT="37" CONTENT="sa" WC="1.00" CC="00"/>
					</TextLine>
					<TextLine ID="P63_TL00015" HPOS="120" VPOS="1347" WIDTH="2096" HEIGHT="80">
						<String ID="P63_ST00133" HPOS="120" VPOS="1347" WIDTH="291" HEIGHT="56" CONTENT="courtoise" WC="0.99" CC="057500010"/>
						<SP ID="P63_SP00117" HPOS="411" VPOS="1403" WIDTH="43"/>
						<String ID="P63_ST00134" HPOS="454" VPOS="1348" WIDTH="237" HEIGHT="57" CONTENT="rivalité" WC="1.00" CC="40000102"/>
						<SP ID="P63_SP00118" HPOS="691" VPOS="1405" WIDTH="46"/>
						<String ID="P63_ST00135" HPOS="737" VPOS="1367" WIDTH="143" HEIGHT="39" CONTENT="avec" WC="0.99" CC="0003"/>
						<SP ID="P63_SP00119" HPOS="880" VPOS="1406" WIDTH="47"/>
						<String ID="P63_ST00136" HPOS="927" VPOS="1353" WIDTH="256" HEIGHT="70" CONTENT="Rossini," WC="0.97" CC="02000000"/>
						<SP ID="P63_SP00120" HPOS="1183" VPOS="1423" WIDTH="49"/>
						<String ID="P63_ST00137" HPOS="1232" VPOS="1354" WIDTH="233" HEIGHT="56" CONTENT="Rossini" WC="0.86" CC="0400040"/>
						<SP ID="P63_SP00121" HPOS="1465" VPOS="1423" WIDTH="48"/>
						<String ID="P63_ST00138" HPOS="1513" VPOS="1356" WIDTH="143" HEIGHT="71" CONTENT="qu'il" WC="0.99" CC="06300"/>
						<SP ID="P63_SP00122" HPOS="1656" VPOS="1427" WIDTH="46"/>
						<String ID="P63_ST00139" HPOS="1702" VPOS="1357" WIDTH="409" HEIGHT="59" CONTENT="affectionnait" WC="1.00" CC="0000000400020"/>
						<SP ID="P63_SP00123" HPOS="2111" VPOS="1427" WIDTH="46"/>
						<String ID="P63_ST00140" HPOS="2157" VPOS="1369" WIDTH="59" HEIGHT="51" CONTENT="et" WC="1.00" CC="00"/>
					</TextLine>
					<TextLine ID="P63_TL00016" HPOS="121" VPOS="1428" WIDTH="2095" HEIGHT="85">
						<String ID="P63_ST00141" HPOS="121" VPOS="1428" WIDTH="286" HEIGHT="56" CONTENT="admirait" WC="1.00" CC="10060000"/>
						<SP ID="P63_SP00124" HPOS="407" VPOS="1484" WIDTH="39"/>
						<String ID="P63_ST00142" HPOS="446" VPOS="1430" WIDTH="325" HEIGHT="73" CONTENT="beaucoup." WC="0.99" CC="000704602"/>
						<SP ID="P63_SP00125" HPOS="771" VPOS="1503" WIDTH="47"/>
						<String ID="P63_ST00143" HPOS="818" VPOS="1453" WIDTH="79" HEIGHT="33" CONTENT="«..." WC="0.99" CC="0400"/>
						<SP ID="P63_SP00126" HPOS="897" VPOS="1503" WIDTH="46"/>
						<String ID="P63_ST00144" HPOS="943" VPOS="1433" WIDTH="163" HEIGHT="56" CONTENT="Nous" WC="0.98" CC="0360"/>
						<SP ID="P63_SP00127" HPOS="1106" VPOS="1503" WIDTH="42"/>
						<String ID="P63_ST00145" HPOS="1148" VPOS="1433" WIDTH="300" HEIGHT="57" CONTENT="voisinons" WC="0.99" CC="003311730"/>
						<SP ID="P63_SP00128" HPOS="1448" VPOS="1503" WIDTH="39"/>
						<String ID="P63_ST00146" HPOS="1487" VPOS="1437" WIDTH="270" HEIGHT="71" CONTENT="toujours" WC="0.98" CC="04645640"/>
						<SP ID="P63_SP00129" HPOS="1757" VPOS="1508" WIDTH="40"/>
						<String ID="P63_ST00147" HPOS="1797" VPOS="1444" WIDTH="60" HEIGHT="51" CONTENT="et" WC="1.00" CC="00"/>
						<SP ID="P63_SP00130" HPOS="1857" VPOS="1508" WIDTH="39"/>
						<String ID="P63_ST00148" HPOS="1896" VPOS="1442" WIDTH="131" HEIGHT="70" CONTENT="plus" WC="0.99" CC="0060"/>
						<SP ID="P63_SP00131" HPOS="2027" VPOS="1512" WIDTH="41"/>
						<String ID="P63_ST00149" HPOS="2068" VPOS="1443" WIDTH="56" HEIGHT="70" CONTENT="je" WC="0.65" CC="70"/>
						<SP ID="P63_SP00132" HPOS="2124" VPOS="1513" WIDTH="39"/>
						<String ID="P63_ST00150" HPOS="2163" VPOS="1444" WIDTH="53" HEIGHT="56" CONTENT="le" WC="1.00" CC="00"/>
					</TextLine>
					<TextLine ID="P63_TL00017" HPOS="118" VPOS="1509" WIDTH="2097" HEIGHT="87">
						<String ID="P63_ST00151" HPOS="118" VPOS="1509" WIDTH="261" HEIGHT="70" CONTENT="connais," WC="1.00" CC="51000001"/>
						<SP ID="P63_SP00133" HPOS="379" VPOS="1579" WIDTH="32"/>
						<String ID="P63_ST00152" HPOS="411" VPOS="1510" WIDTH="134" HEIGHT="73" CONTENT="plus" WC="0.96" CC="9060"/>
						<SP ID="P63_SP00134" HPOS="545" VPOS="1583" WIDTH="32"/>
						<String ID="P63_ST00153" HPOS="577" VPOS="1512" WIDTH="57" HEIGHT="71" CONTENT="je" WC="0.79" CC="40"/>
						<SP ID="P63_SP00135" HPOS="634" VPOS="1583" WIDTH="31"/>
						<String ID="P63_ST00154" HPOS="665" VPOS="1513" WIDTH="123" HEIGHT="70" CONTENT="m'y" WC="0.99" CC="020"/>
						<SP ID="P63_SP00136" HPOS="788" VPOS="1583" WIDTH="31"/>
						<String ID="P63_ST00155" HPOS="819" VPOS="1514" WIDTH="260" HEIGHT="56" CONTENT="attache." WC="0.99" CC="90000613"/>
						<SP ID="P63_SP00137" HPOS="1079" VPOS="1583" WIDTH="77"/>
						<String ID="P63_ST00156" HPOS="1156" VPOS="1516" WIDTH="51" HEIGHT="53" CONTENT="Il" WC="1.00" CC="00"/>
						<SP ID="P63_SP00138" HPOS="1207" VPOS="1583" WIDTH="30"/>
						<String ID="P63_ST00157" HPOS="1237" VPOS="1521" WIDTH="90" HEIGHT="50" CONTENT="est" WC="0.98" CC="600"/>
						<SP ID="P63_SP00139" HPOS="1327" VPOS="1583" WIDTH="31"/>
						<String ID="P63_ST00158" HPOS="1358" VPOS="1518" WIDTH="119" HEIGHT="52" CONTENT="très" WC="1.00" CC="0020"/>
						<SP ID="P63_SP00140" HPOS="1477" VPOS="1583" WIDTH="32"/>
						<String ID="P63_ST00159" HPOS="1509" VPOS="1518" WIDTH="119" HEIGHT="56" CONTENT="bon" WC="0.96" CC="540"/>
						<SP ID="P63_SP00141" HPOS="1628" VPOS="1583" WIDTH="31"/>
						<String ID="P63_ST00160" HPOS="1659" VPOS="1518" WIDTH="206" HEIGHT="59" CONTENT="enfant" WC="1.00" CC="004000"/>
						<SP ID="P63_SP00142" HPOS="1865" VPOS="1583" WIDTH="30"/>
						<String ID="P63_ST00161" HPOS="1895" VPOS="1527" WIDTH="60" HEIGHT="50" CONTENT="et" WC="1.00" CC="00"/>
						<SP ID="P63_SP00143" HPOS="1955" VPOS="1583" WIDTH="32"/>
						<String ID="P63_ST00162" HPOS="1987" VPOS="1542" WIDTH="72" HEIGHT="36" CONTENT="en" WC="0.90" CC="01"/>
						<SP ID="P63_SP00144" HPOS="2059" VPOS="1583" WIDTH="30"/>
						<String ID="P63_ST00163" HPOS="2089" VPOS="1542" WIDTH="95" HEIGHT="54" CONTENT="pre" SUBS_TYPE="HypPart1" SUBS_CONTENT="prenant" WC="0.99" CC="000"/>
						<HYP HPOS="2184" VPOS="1542" WIDTH="31" CONTENT="-"/>
					</TextLine>
					<TextLine ID="P63_TL00018" HPOS="120" VPOS="1590" WIDTH="2095" HEIGHT="79">
						<String ID="P63_ST00164" HPOS="120" VPOS="1594" WIDTH="144" HEIGHT="52" CONTENT="nant" SUBS_TYPE="HypPart2" SUBS_CONTENT="prenant" WC="0.99" CC="7000"/>
						<SP ID="P63_SP00145" HPOS="264" VPOS="1646" WIDTH="41"/>
						<String ID="P63_ST00165" HPOS="305" VPOS="1608" WIDTH="107" HEIGHT="38" CONTENT="son" WC="1.00" CC="000"/>
						<SP ID="P63_SP00146" HPOS="412" VPOS="1646" WIDTH="38"/>
						<String ID="P63_ST00166" HPOS="450" VPOS="1590" WIDTH="157" HEIGHT="73" CONTENT="parti" WC="1.00" CC="00400"/>
						<SP ID="P63_SP00147" HPOS="607" VPOS="1663" WIDTH="42"/>
						<String ID="P63_ST00167" HPOS="649" VPOS="1610" WIDTH="99" HEIGHT="38" CONTENT="sur" WC="0.96" CC="074"/>
						<SP ID="P63_SP00148" HPOS="748" VPOS="1663" WIDTH="40"/>
						<String ID="P63_ST00168" HPOS="788" VPOS="1594" WIDTH="100" HEIGHT="56" CONTENT="des" WC="0.98" CC="040"/>
						<SP ID="P63_SP00149" HPOS="888" VPOS="1663" WIDTH="39"/>
						<String ID="P63_ST00169" HPOS="927" VPOS="1594" WIDTH="186" HEIGHT="71" CONTENT="petits" WC="1.00" CC="000000"/>
						<SP ID="P63_SP00150" HPOS="1113" VPOS="1665" WIDTH="39"/>
						<String ID="P63_ST00170" HPOS="1152" VPOS="1613" WIDTH="286" HEIGHT="54" CONTENT="manques" WC="0.99" CC="0000707"/>
						<SP ID="P63_SP00151" HPOS="1438" VPOS="1667" WIDTH="41"/>
						<String ID="P63_ST00171" HPOS="1479" VPOS="1597" WIDTH="71" HEIGHT="56" CONTENT="de" WC="0.89" CC="02"/>
						<SP ID="P63_SP00152" HPOS="1550" VPOS="1667" WIDTH="39"/>
						<String ID="P63_ST00172" HPOS="1589" VPOS="1598" WIDTH="236" HEIGHT="71" CONTENT="formes," WC="0.99" CC="6600004"/>
						<SP ID="P63_SP00153" HPOS="1825" VPOS="1669" WIDTH="37"/>
						<String ID="P63_ST00173" HPOS="1862" VPOS="1601" WIDTH="45" HEIGHT="54" CONTENT="il" WC="1.00" CC="00"/>
						<SP ID="P63_SP00154" HPOS="1907" VPOS="1669" WIDTH="39"/>
						<String ID="P63_ST00174" HPOS="1946" VPOS="1608" WIDTH="88" HEIGHT="49" CONTENT="est" WC="1.00" CC="000"/>
						<SP ID="P63_SP00155" HPOS="2034" VPOS="1669" WIDTH="39"/>
						<String ID="P63_ST00175" HPOS="2073" VPOS="1604" WIDTH="142" HEIGHT="56" CONTENT="d'un" WC="0.98" CC="0260"/>
					</TextLine>
					<TextLine ID="P63_TL00019" HPOS="121" VPOS="1673" WIDTH="2095" HEIGHT="81">
						<String ID="P63_ST00176" HPOS="121" VPOS="1673" WIDTH="291" HEIGHT="53" CONTENT="caractère" WC="0.99" CC="005050040"/>
						<SP ID="P63_SP00156" HPOS="412" VPOS="1726" WIDTH="42"/>
						<String ID="P63_ST00177" HPOS="454" VPOS="1673" WIDTH="129" HEIGHT="71" CONTENT="égal" WC="0.99" CC="3000"/>
						<SP ID="P63_SP00157" HPOS="583" VPOS="1744" WIDTH="43"/>
						<String ID="P63_ST00178" HPOS="626" VPOS="1679" WIDTH="60" HEIGHT="50" CONTENT="et" WC="1.00" CC="00"/>
						<SP ID="P63_SP00158" HPOS="686" VPOS="1744" WIDTH="45"/>
						<String ID="P63_ST00179" HPOS="731" VPOS="1676" WIDTH="307" HEIGHT="55" CONTENT="commode" WC="0.99" CC="0000305"/>
						<SP ID="P63_SP00159" HPOS="1038" VPOS="1744" WIDTH="46"/>
						<String ID="P63_ST00180" HPOS="1084" VPOS="1677" WIDTH="78" HEIGHT="67" CONTENT="(2)" WC="0.85" CC="400"/>
						<SP ID="P63_SP00160" HPOS="1162" VPOS="1744" WIDTH="50"/>
						<String ID="P63_ST00181" HPOS="1212" VPOS="1706" WIDTH="41" HEIGHT="29" CONTENT="»." WC="0.78" CC="04"/>
						<SP ID="P63_SP00161" HPOS="1253" VPOS="1744" WIDTH="33"/>
						<String ID="P63_ST00182" HPOS="1286" VPOS="1678" WIDTH="222" HEIGHT="67" CONTENT="(Lettre" WC="0.99" CC="0560041"/>
						<SP ID="P63_SP00162" HPOS="1508" VPOS="1745" WIDTH="44"/>
						<String ID="P63_ST00183" HPOS="1552" VPOS="1679" WIDTH="36" HEIGHT="54" CONTENT="à" WC="1.00" CC="0"/>
						<SP ID="P63_SP00163" HPOS="1588" VPOS="1745" WIDTH="44"/>
						<String ID="P63_ST00184" HPOS="1632" VPOS="1679" WIDTH="235" HEIGHT="58" CONTENT="Turcas." WC="0.78" CC="0640004"/>
						<SP ID="P63_SP00164" HPOS="1867" VPOS="1745" WIDTH="48"/>
						<String ID="P63_ST00185" HPOS="1915" VPOS="1683" WIDTH="185" HEIGHT="71" CONTENT="Paris," WC="0.99" CC="600104"/>
						<SP ID="P63_SP00165" HPOS="2100" VPOS="1754" WIDTH="48"/>
						<String ID="P63_ST00186" HPOS="2148" VPOS="1702" WIDTH="68" HEIGHT="38" CONTENT="10" WC="0.64" CC="33"/>
					</TextLine>
					<TextLine ID="P63_TL00020" HPOS="120" VPOS="1750" WIDTH="768" HEIGHT="75">
						<String ID="P63_ST00187" HPOS="120" VPOS="1750" WIDTH="146" HEIGHT="73" CONTENT="juin," WC="0.98" CC="47004"/>
						<SP ID="P63_SP00166" HPOS="266" VPOS="1823" WIDTH="40"/>
						<String ID="P63_ST00188" HPOS="306" VPOS="1770" WIDTH="135" HEIGHT="38" CONTENT="sans" WC="1.00" CC="0000"/>
						<SP ID="P63_SP00167" HPOS="441" VPOS="1823" WIDTH="41"/>
						<String ID="P63_ST00189" HPOS="482" VPOS="1754" WIDTH="180" HEIGHT="55" CONTENT="doute" WC="0.99" CC="00700"/>
						<SP ID="P63_SP00168" HPOS="662" VPOS="1823" WIDTH="39"/>
						<String ID="P63_ST00190" HPOS="701" VPOS="1754" WIDTH="187" HEIGHT="71" CONTENT="1827)." WC="0.71" CC="440501"/>
					</TextLine>
					<TextLine ID="P63_TL00021" HPOS="231" VPOS="1833" WIDTH="1987" HEIGHT="78">
						<String ID="P63_ST00191" HPOS="231" VPOS="1833" WIDTH="172" HEIGHT="71" CONTENT="Déjà," WC="0.99" CC="40003"/>
						<SP ID="P63_SP00169" HPOS="403" VPOS="1904" WIDTH="25"/>
						<String ID="P63_ST00192" HPOS="428" VPOS="1839" WIDTH="186" HEIGHT="51" CONTENT="avant" WC="0.99" CC="07020"/>
						<SP ID="P63_SP00170" HPOS="614" VPOS="1904" WIDTH="35"/>
						<String ID="P63_ST00193" HPOS="649" VPOS="1836" WIDTH="59" HEIGHT="53" CONTENT="la" WC="0.98" CC="00"/>
						<SP ID="P63_SP00171" HPOS="708" VPOS="1904" WIDTH="37"/>
						<String ID="P63_ST00194" HPOS="745" VPOS="1852" WIDTH="188" HEIGHT="41" CONTENT="venue" WC="0.99" CC="00070"/>
						<SP ID="P63_SP00172" HPOS="933" VPOS="1904" WIDTH="38"/>
						<String ID="P63_ST00195" HPOS="971" VPOS="1838" WIDTH="69" HEIGHT="55" CONTENT="de" WC="1.00" CC="00"/>
						<SP ID="P63_SP00173" HPOS="1040" VPOS="1904" WIDTH="40"/>
						<String ID="P63_ST00196" HPOS="1080" VPOS="1838" WIDTH="235" HEIGHT="56" CONTENT="Rossini" WC="1.00" CC="0000000"/>
						<SP ID="P63_SP00174" HPOS="1315" VPOS="1904" WIDTH="39"/>
						<String ID="P63_ST00197" HPOS="1354" VPOS="1857" WIDTH="71" HEIGHT="38" CONTENT="en" WC="1.00" CC="00"/>
						<SP ID="P63_SP00175" HPOS="1425" VPOS="1904" WIDTH="37"/>
						<String ID="P63_ST00198" HPOS="1462" VPOS="1839" WIDTH="553" HEIGHT="72" CONTENT="France,Boieldieu" WC="1.00" CC="0300003400300106"/>
						<SP ID="P63_SP00176" HPOS="2015" VPOS="1911" WIDTH="35"/>
						<String ID="P63_ST00199" HPOS="2050" VPOS="1846" WIDTH="168" HEIGHT="54" CONTENT="avait" WC="0.98" CC="87000"/>
					</TextLine>
					<TextLine ID="P63_TL00022" HPOS="120" VPOS="1913" WIDTH="1754" HEIGHT="79">
						<String ID="P63_ST00200" HPOS="120" VPOS="1913" WIDTH="125" HEIGHT="55" CONTENT="subi" WC="0.98" CC="0700"/>
						<SP ID="P63_SP00177" HPOS="245" VPOS="1968" WIDTH="35"/>
						<String ID="P63_ST00201" HPOS="280" VPOS="1931" WIDTH="106" HEIGHT="39" CONTENT="son" WC="0.98" CC="050"/>
						<SP ID="P63_SP00178" HPOS="386" VPOS="1970" WIDTH="27"/>
						<String ID="P63_ST00202" HPOS="413" VPOS="1914" WIDTH="291" HEIGHT="57" CONTENT="influence" WC="0.99" CC="026860000"/>
						<SP ID="P63_SP00179" HPOS="704" VPOS="1971" WIDTH="29"/>
						<String ID="P63_ST00203" HPOS="733" VPOS="1922" WIDTH="60" HEIGHT="51" CONTENT="et" WC="0.76" CC="40"/>
						<SP ID="P63_SP00180" HPOS="793" VPOS="1973" WIDTH="33"/>
						<String ID="P63_ST00204" HPOS="826" VPOS="1916" WIDTH="274" HEIGHT="58" CONTENT="d'autant" WC="0.99" CC="03060020"/>
						<SP ID="P63_SP00181" HPOS="1100" VPOS="1974" WIDTH="31"/>
						<String ID="P63_ST00205" HPOS="1131" VPOS="1918" WIDTH="200" HEIGHT="56" CONTENT="mieux" WC="0.99" CC="00062"/>
						<SP ID="P63_SP00182" HPOS="1331" VPOS="1974" WIDTH="31"/>
						<String ID="P63_ST00206" HPOS="1362" VPOS="1919" WIDTH="198" HEIGHT="73" CONTENT="soigné" WC="0.99" CC="040021"/>
						<SP ID="P63_SP00183" HPOS="1560" VPOS="1992" WIDTH="30"/>
						<String ID="P63_ST00207" HPOS="1590" VPOS="1938" WIDTH="107" HEIGHT="40" CONTENT="son" WC="0.99" CC="030"/>
						<SP ID="P63_SP00184" HPOS="1697" VPOS="1992" WIDTH="28"/>
						<String ID="P63_ST00208" HPOS="1725" VPOS="1922" WIDTH="149" HEIGHT="57" CONTENT="Petit" WC="0.97" CC="65406" STYLEREFS="TXT_3"/>
					</TextLine>
					<TextLine ID="P63_TL00023" HPOS="121" VPOS="1994" WIDTH="2097" HEIGHT="77">
						<String ID="P63_ST00209" HPOS="121" VPOS="2011" WIDTH="168" HEIGHT="53" CONTENT="rouge" WC="0.96" CC="73556" STYLEREFS="TXT_3"/>
						<SP ID="P63_SP00185" HPOS="289" VPOS="2064" WIDTH="34"/>
						<String ID="P63_ST00210" HPOS="323" VPOS="1994" WIDTH="145" HEIGHT="70" CONTENT="qu'il" WC="0.99" CC="06400"/>
						<SP ID="P63_SP00186" HPOS="468" VPOS="2064" WIDTH="37"/>
						<String ID="P63_ST00211" HPOS="505" VPOS="1997" WIDTH="301" HEIGHT="54" CONTENT="redoutait" WC="0.99" CC="320260010"/>
						<SP ID="P63_SP00187" HPOS="806" VPOS="2064" WIDTH="35"/>
						<String ID="P63_ST00212" HPOS="841" VPOS="1998" WIDTH="132" HEIGHT="71" CONTENT="plus" WC="0.99" CC="0060"/>
						<SP ID="P63_SP00188" HPOS="973" VPOS="2069" WIDTH="50"/>
						<String ID="P63_ST00213" HPOS="1023" VPOS="1998" WIDTH="57" HEIGHT="55" CONTENT="la" WC="0.96" CC="00"/>
						<SP ID="P63_SP00189" HPOS="1080" VPOS="2069" WIDTH="37"/>
						<String ID="P63_ST00214" HPOS="1117" VPOS="1999" WIDTH="415" HEIGHT="72" CONTENT="comparaison" WC="1.00" CC="04003305000"/>
						<SP ID="P63_SP00190" HPOS="1532" VPOS="2071" WIDTH="36"/>
						<String ID="P63_ST00215" HPOS="1568" VPOS="2013" WIDTH="143" HEIGHT="44" CONTENT="avec" WC="0.99" CC="0003"/>
						<SP ID="P63_SP00191" HPOS="1711" VPOS="2071" WIDTH="36"/>
						<String ID="P63_ST00216" HPOS="1747" VPOS="2003" WIDTH="82" HEIGHT="55" CONTENT="les" WC="0.99" CC="300"/>
						<SP ID="P63_SP00192" HPOS="1829" VPOS="2071" WIDTH="38"/>
						<String ID="P63_ST00217" HPOS="1867" VPOS="2021" WIDTH="229" HEIGHT="39" CONTENT="œuvres" WC="0.99" CC="040030"/>
						<SP ID="P63_SP00193" HPOS="2096" VPOS="2071" WIDTH="42"/>
						<String ID="P63_ST00218" HPOS="2138" VPOS="2008" WIDTH="80" HEIGHT="54" CONTENT="du" WC="0.74" CC="05"/>
					</TextLine>
					<TextLine ID="P63_TL00024" HPOS="120" VPOS="2073" WIDTH="2098" HEIGHT="80">
						<String ID="P63_ST00219" HPOS="120" VPOS="2073" WIDTH="171" HEIGHT="71" CONTENT="jeune" WC="0.98" CC="40660"/>
						<SP ID="P63_SP00194" HPOS="291" VPOS="2144" WIDTH="36"/>
						<String ID="P63_ST00220" HPOS="327" VPOS="2074" WIDTH="211" HEIGHT="57" CONTENT="Maître" WC="1.00" CC="000030"/>
						<SP ID="P63_SP00195" HPOS="538" VPOS="2144" WIDTH="38"/>
						<String ID="P63_ST00221" HPOS="576" VPOS="2077" WIDTH="72" HEIGHT="54" CONTENT="de" WC="1.00" CC="00"/>
						<SP ID="P63_SP00196" HPOS="648" VPOS="2144" WIDTH="37"/>
						<String ID="P63_ST00222" HPOS="685" VPOS="2078" WIDTH="231" HEIGHT="55" CONTENT="Pesaro." WC="0.76" CC="6000432"/>
						<SP ID="P63_SP00197" HPOS="916" VPOS="2144" WIDTH="69"/>
						<String ID="P63_ST00223" HPOS="985" VPOS="2079" WIDTH="52" HEIGHT="54" CONTENT="A" WC="1.00" CC="0"/>
						<SP ID="P63_SP00198" HPOS="1037" VPOS="2144" WIDTH="34"/>
						<String ID="P63_ST00224" HPOS="1071" VPOS="2079" WIDTH="58" HEIGHT="54" CONTENT="la" WC="0.76" CC="40"/>
						<SP ID="P63_SP00199" HPOS="1129" VPOS="2144" WIDTH="38"/>
						<String ID="P63_ST00225" HPOS="1167" VPOS="2079" WIDTH="262" HEIGHT="56" CONTENT="dernière" WC="1.00" CC="00202200"/>
						<SP ID="P63_SP00200" HPOS="1429" VPOS="2144" WIDTH="36"/>
						<String ID="P63_ST00226" HPOS="1465" VPOS="2100" WIDTH="149" HEIGHT="53" CONTENT="page" WC="1.00" CC="0000"/>
						<SP ID="P63_SP00201" HPOS="1614" VPOS="2153" WIDTH="39"/>
						<String ID="P63_ST00227" HPOS="1653" VPOS="2083" WIDTH="78" HEIGHT="55" CONTENT="du" WC="0.65" CC="06"/>
						<SP ID="P63_SP00202" HPOS="1731" VPOS="2153" WIDTH="37"/>
						<String ID="P63_ST00228" HPOS="1768" VPOS="2086" WIDTH="324" HEIGHT="56" CONTENT="manuscrit" WC="1.00" CC="000600600"/>
						<SP ID="P63_SP00203" HPOS="2092" VPOS="2153" WIDTH="50"/>
						<String ID="P63_ST00229" HPOS="2142" VPOS="2105" WIDTH="76" HEIGHT="38" CONTENT="on" WC="0.58" CC="53"/>
					</TextLine>
					<TextLine ID="P63_TL00025" HPOS="118" VPOS="2156" WIDTH="2100" HEIGHT="81">
						<String ID="P63_ST00230" HPOS="118" VPOS="2159" WIDTH="141" HEIGHT="66" CONTENT="peut" WC="0.97" CC="8060"/>
						<SP ID="P63_SP00204" HPOS="259" VPOS="2225" WIDTH="26"/>
						<String ID="P63_ST00231" HPOS="285" VPOS="2173" WIDTH="207" HEIGHT="39" CONTENT="encore" WC="0.99" CC="052050"/>
						<SP ID="P63_SP00205" HPOS="492" VPOS="2225" WIDTH="25"/>
						<String ID="P63_ST00232" HPOS="517" VPOS="2156" WIDTH="123" HEIGHT="69" CONTENT="lire," WC="0.99" CC="00004"/>
						<SP ID="P63_SP00206" HPOS="640" VPOS="2225" WIDTH="30"/>
						<String ID="P63_ST00233" HPOS="670" VPOS="2157" WIDTH="217" HEIGHT="74" CONTENT="malgré" WC="0.99" CC="005820"/>
						<SP ID="P63_SP00207" HPOS="887" VPOS="2231" WIDTH="25"/>
						<String ID="P63_ST00234" HPOS="912" VPOS="2159" WIDTH="81" HEIGHT="56" CONTENT="les" WC="1.00" CC="000"/>
						<SP ID="P63_SP00208" HPOS="993" VPOS="2231" WIDTH="27"/>
						<String ID="P63_ST00235" HPOS="1020" VPOS="2166" WIDTH="225" HEIGHT="49" CONTENT="ratures" WC="0.99" CC="4006350"/>
						<SP ID="P63_SP00209" HPOS="1245" VPOS="2231" WIDTH="19"/>
						<String ID="P63_ST00236" HPOS="1264" VPOS="2181" WIDTH="9" HEIGHT="32" CONTENT=":" WC="1.00" CC="0"/>
						<SP ID="P63_SP00210" HPOS="1273" VPOS="2231" WIDTH="18"/>
						<String ID="P63_ST00237" HPOS="1291" VPOS="2182" WIDTH="23" HEIGHT="28" CONTENT="«" WC="1.00" CC="0"/>
						<SP ID="P63_SP00211" HPOS="1314" VPOS="2231" WIDTH="25"/>
						<String ID="P63_ST00238" HPOS="1339" VPOS="2161" WIDTH="112" HEIGHT="56" CONTENT="Fin" WC="1.00" CC="000"/>
						<SP ID="P63_SP00212" HPOS="1451" VPOS="2231" WIDTH="26"/>
						<String ID="P63_ST00239" HPOS="1477" VPOS="2163" WIDTH="80" HEIGHT="55" CONTENT="du" WC="0.65" CC="06"/>
						<SP ID="P63_SP00213" HPOS="1557" VPOS="2231" WIDTH="26"/>
						<String ID="P63_ST00240" HPOS="1583" VPOS="2166" WIDTH="158" HEIGHT="52" CONTENT="sacré" WC="0.99" CC="00040"/>
						<SP ID="P63_SP00214" HPOS="1741" VPOS="2231" WIDTH="28"/>
						<String ID="P63_ST00241" HPOS="1769" VPOS="2167" WIDTH="176" HEIGHT="69" CONTENT="opéra" WC="1.00" CC="00020"/>
						<SP ID="P63_SP00215" HPOS="1945" VPOS="2236" WIDTH="26"/>
						<String ID="P63_ST00242" HPOS="1971" VPOS="2166" WIDTH="99" HEIGHT="71" CONTENT="qui" WC="0.97" CC="060"/>
						<SP ID="P63_SP00216" HPOS="2070" VPOS="2237" WIDTH="30"/>
						<String ID="P63_ST00243" HPOS="2100" VPOS="2167" WIDTH="118" HEIGHT="55" CONTENT="m'a" WC="0.99" CC="030"/>
					</TextLine>
					<TextLine ID="P63_TL00026" HPOS="120" VPOS="2236" WIDTH="2096" HEIGHT="80">
						<String ID="P63_ST00244" HPOS="120" VPOS="2236" WIDTH="190" HEIGHT="56" CONTENT="donné" WC="0.99" CC="00004"/>
						<SP ID="P63_SP00217" HPOS="310" VPOS="2292" WIDTH="31"/>
						<String ID="P63_ST00245" HPOS="341" VPOS="2241" WIDTH="136" HEIGHT="51" CONTENT="tant" WC="1.00" CC="0000"/>
						<SP ID="P63_SP00218" HPOS="477" VPOS="2292" WIDTH="33"/>
						<String ID="P63_ST00246" HPOS="510" VPOS="2238" WIDTH="71" HEIGHT="56" CONTENT="de" WC="1.00" CC="00"/>
						<SP ID="P63_SP00219" HPOS="581" VPOS="2294" WIDTH="30"/>
						<String ID="P63_ST00247" HPOS="611" VPOS="2238" WIDTH="121" HEIGHT="55" CONTENT="mal" WC="1.00" CC="000"/>
						<SP ID="P63_SP00220" HPOS="732" VPOS="2294" WIDTH="30"/>
						<String ID="P63_ST00248" HPOS="762" VPOS="2260" WIDTH="41" HEIGHT="47" CONTENT="»," WC="0.55" CC="44"/>
						<SP ID="P63_SP00221" HPOS="803" VPOS="2307" WIDTH="29"/>
						<String ID="P63_ST00249" HPOS="832" VPOS="2239" WIDTH="155" HEIGHT="73" CONTENT="puis," WC="0.98" CC="06014"/>
						<SP ID="P63_SP00222" HPOS="987" VPOS="2312" WIDTH="32"/>
						<String ID="P63_ST00250" HPOS="1019" VPOS="2260" WIDTH="114" HEIGHT="37" CONTENT="une" WC="0.96" CC="602"/>
						<SP ID="P63_SP00223" HPOS="1133" VPOS="2312" WIDTH="32"/>
						<String ID="P63_ST00251" HPOS="1165" VPOS="2241" WIDTH="155" HEIGHT="72" CONTENT="ligne" WC="0.99" CC="40003"/>
						<SP ID="P63_SP00224" HPOS="1320" VPOS="2313" WIDTH="30"/>
						<String ID="P63_ST00252" HPOS="1350" VPOS="2243" WIDTH="347" HEIGHT="56" CONTENT="au-dessous" WC="0.99" CC="0710200260"/>
						<SP ID="P63_SP00225" HPOS="1697" VPOS="2313" WIDTH="36"/>
						<String ID="P63_ST00253" HPOS="1733" VPOS="2265" WIDTH="10" HEIGHT="33" CONTENT=":" WC="0.84" CC="1"/>
						<SP ID="P63_SP00226" HPOS="1743" VPOS="2313" WIDTH="34"/>
						<String ID="P63_ST00254" HPOS="1777" VPOS="2266" WIDTH="23" HEIGHT="28" CONTENT="«" WC="1.00" CC="0"/>
						<SP ID="P63_SP00227" HPOS="1800" VPOS="2313" WIDTH="29"/>
						<String ID="P63_ST00255" HPOS="1829" VPOS="2246" WIDTH="196" HEIGHT="70" CONTENT="Enfin," WC="0.99" CC="400004"/>
						<SP ID="P63_SP00228" HPOS="2025" VPOS="2316" WIDTH="29"/>
						<String ID="P63_ST00256" HPOS="2054" VPOS="2247" WIDTH="44" HEIGHT="52" CONTENT="il" WC="0.82" CC="03"/>
						<SP ID="P63_SP00229" HPOS="2098" VPOS="2316" WIDTH="30"/>
						<String ID="P63_ST00257" HPOS="2128" VPOS="2252" WIDTH="88" HEIGHT="51" CONTENT="est" WC="0.99" CC="300"/>
					</TextLine>
					<TextLine ID="P63_TL00027" HPOS="118" VPOS="2314" WIDTH="2022" HEIGHT="83">
						<String ID="P63_ST00258" HPOS="118" VPOS="2314" WIDTH="99" HEIGHT="56" CONTENT="fini" WC="0.98" CC="1140"/>
						<SP ID="P63_SP00230" HPOS="217" VPOS="2370" WIDTH="31"/>
						<String ID="P63_ST00259" HPOS="248" VPOS="2318" WIDTH="9" HEIGHT="52" CONTENT="!" WC="1.00" CC="0"/>
						<SP ID="P63_SP00231" HPOS="257" VPOS="2370" WIDTH="52"/>
						<String ID="P63_ST00260" HPOS="309" VPOS="2335" WIDTH="20" HEIGHT="31" CONTENT="»" WC="1.00" CC="0"/>
						<SP ID="P63_SP00232" HPOS="329" VPOS="2370" WIDTH="50"/>
						<String ID="P63_ST00261" HPOS="379" VPOS="2322" WIDTH="79" HEIGHT="65" CONTENT="et," WC="0.98" CC="004"/>
						<SP ID="P63_SP00233" HPOS="458" VPOS="2387" WIDTH="31"/>
						<String ID="P63_ST00262" HPOS="489" VPOS="2336" WIDTH="206" HEIGHT="38" CONTENT="encore" WC="0.99" CC="002630"/>
						<SP ID="P63_SP00234" HPOS="695" VPOS="2387" WIDTH="29"/>
						<String ID="P63_ST00263" HPOS="724" VPOS="2339" WIDTH="115" HEIGHT="36" CONTENT="une" WC="0.94" CC="752"/>
						<SP ID="P63_SP00235" HPOS="839" VPOS="2387" WIDTH="27"/>
						<String ID="P63_ST00264" HPOS="866" VPOS="2321" WIDTH="157" HEIGHT="72" CONTENT="ligne" WC="1.00" CC="00000"/>
						<SP ID="P63_SP00236" HPOS="1023" VPOS="2393" WIDTH="30"/>
						<String ID="P63_ST00265" HPOS="1053" VPOS="2323" WIDTH="342" HEIGHT="55" CONTENT="au-dessous" WC="0.99" CC="0640030060"/>
						<SP ID="P63_SP00237" HPOS="1395" VPOS="2393" WIDTH="24"/>
						<String ID="P63_ST00266" HPOS="1419" VPOS="2344" WIDTH="10" HEIGHT="33" CONTENT=":" WC="1.00" CC="0"/>
						<SP ID="P63_SP00238" HPOS="1429" VPOS="2393" WIDTH="20"/>
						<String ID="P63_ST00267" HPOS="1449" VPOS="2344" WIDTH="22" HEIGHT="28" CONTENT="«" WC="1.00" CC="0"/>
						<SP ID="P63_SP00239" HPOS="1471" VPOS="2393" WIDTH="29"/>
						<String ID="P63_ST00268" HPOS="1500" VPOS="2323" WIDTH="109" HEIGHT="57" CONTENT="Fin" WC="0.98" CC="004"/>
						<SP ID="P63_SP00240" HPOS="1609" VPOS="2393" WIDTH="33"/>
						<String ID="P63_ST00269" HPOS="1642" VPOS="2326" WIDTH="70" HEIGHT="54" CONTENT="de" WC="1.00" CC="00"/>
						<SP ID="P63_SP00241" HPOS="1712" VPOS="2393" WIDTH="28"/>
						<String ID="P63_ST00270" HPOS="1740" VPOS="2326" WIDTH="220" HEIGHT="71" CONTENT="l'opéra" WC="1.00" CC="0100030"/>
						<SP ID="P63_SP00242" HPOS="1960" VPOS="2397" WIDTH="30"/>
						<String ID="P63_ST00271" HPOS="1990" VPOS="2347" WIDTH="21" HEIGHT="30" CONTENT="»" WC="0.70" CC="2"/>
						<SP ID="P63_SP00243" HPOS="2011" VPOS="2397" WIDTH="30"/>
						<String ID="P63_ST00272" HPOS="2041" VPOS="2328" WIDTH="99" HEIGHT="68" CONTENT="(3)." WC="0.84" CC="1003"/>
					</TextLine>
					<TextLine ID="P63_TL00028" HPOS="229" VPOS="2398" WIDTH="1987" HEIGHT="80">
						<String ID="P63_ST00273" HPOS="229" VPOS="2398" WIDTH="187" HEIGHT="73" CONTENT="Après" WC="0.99" CC="00300"/>
						<SP ID="P63_SP00244" HPOS="416" VPOS="2471" WIDTH="36"/>
						<String ID="P63_ST00274" HPOS="452" VPOS="2399" WIDTH="59" HEIGHT="55" CONTENT="la" WC="1.00" CC="00"/>
						<SP ID="P63_SP00245" HPOS="511" VPOS="2471" WIDTH="51"/>
						<String ID="P63_ST00275" HPOS="562" VPOS="2402" WIDTH="470" HEIGHT="70" CONTENT="représentation" WC="1.00" CC="33040035000030"/>
						<SP ID="P63_SP00246" HPOS="1032" VPOS="2472" WIDTH="38"/>
						<String ID="P63_ST00276" HPOS="1070" VPOS="2405" WIDTH="80" HEIGHT="53" CONTENT="du" WC="0.65" CC="06"/>
						<SP ID="P63_SP00247" HPOS="1150" VPOS="2472" WIDTH="50"/>
						<String ID="P63_ST00277" HPOS="1200" VPOS="2403" WIDTH="242" HEIGHT="55" CONTENT="Barbier" WC="1.00" CC="0205000" STYLEREFS="TXT_3"/>
						<SP ID="P63_SP00248" HPOS="1442" VPOS="2472" WIDTH="48"/>
						<String ID="P63_ST00278" HPOS="1490" VPOS="2406" WIDTH="65" HEIGHT="53" CONTENT="de" WC="0.90" CC="01" STYLEREFS="TXT_3"/>
						<SP ID="P63_SP00249" HPOS="1555" VPOS="2472" WIDTH="47"/>
						<String ID="P63_ST00279" HPOS="1602" VPOS="2406" WIDTH="213" HEIGHT="56" CONTENT="Séville" WC="0.90" CC="0600000" STYLEREFS="TXT_3"/>
						<SP ID="P63_SP00250" HPOS="1815" VPOS="2472" WIDTH="50"/>
						<String ID="P63_ST00280" HPOS="1865" VPOS="2408" WIDTH="35" HEIGHT="52" CONTENT="à" WC="0.72" CC="2"/>
						<SP ID="P63_SP00251" HPOS="1900" VPOS="2472" WIDTH="49"/>
						<String ID="P63_ST00281" HPOS="1949" VPOS="2407" WIDTH="267" HEIGHT="71" CONTENT="l'Odéon," WC="0.72" CC="13304404"/>
					</TextLine>
					<TextLine ID="P63_TL00029" HPOS="120" VPOS="2477" WIDTH="2098" HEIGHT="79">
						<String ID="P63_ST00282" HPOS="120" VPOS="2477" WIDTH="34" HEIGHT="53" CONTENT="à" WC="0.75" CC="2"/>
						<SP ID="P63_SP00252" HPOS="154" VPOS="2530" WIDTH="25"/>
						<String ID="P63_ST00283" HPOS="179" VPOS="2496" WIDTH="215" HEIGHT="55" CONTENT="propos" WC="0.99" CC="046020"/>
						<SP ID="P63_SP00253" HPOS="394" VPOS="2551" WIDTH="17"/>
						<String ID="P63_ST00284" HPOS="411" VPOS="2478" WIDTH="100" HEIGHT="57" CONTENT="des" WC="1.00" CC="000"/>
						<SP ID="P63_SP00254" HPOS="511" VPOS="2551" WIDTH="437"/>
						<String ID="P63_ST00285" HPOS="948" VPOS="2479" WIDTH="138" HEIGHT="58" CONTENT="Troi" WC="0.92" CC="0003" STYLEREFS="TXT_3"/>
						<String ID="P63_ST00286" HPOS="675" VPOS="2501" WIDTH="25" HEIGHT="36" CONTENT="s" WC="0.22" CC="7"/>
						<SP ID="P63_SP00255" HPOS="1086" VPOS="2551" WIDTH="250"/>
						<String ID="P63_ST00287" HPOS="1336" VPOS="2481" WIDTH="226" HEIGHT="70" CONTENT="Genres," WC="1.00" CC="0012000" STYLEREFS="TXT_3"/>
						<String ID="P63_ST00288" HPOS="976" VPOS="2485" WIDTH="278" HEIGHT="71" CONTENT="prologue" WC="0.99" CC="03005860"/>
						<SP ID="P63_SP00256" HPOS="1562" VPOS="2556" WIDTH="-280"/>
						<String ID="P63_ST00289" HPOS="1282" VPOS="2485" WIDTH="143" HEIGHT="71" CONTENT="qu'il" WC="0.98" CC="06205"/>
						<SP ID="P63_SP00257" HPOS="1562" VPOS="2556" WIDTH="-108"/>
						<String ID="P63_ST00290" HPOS="1454" VPOS="2486" WIDTH="166" HEIGHT="54" CONTENT="avait" WC="1.00" CC="00000"/>
						<SP ID="P63_SP00258" HPOS="1620" VPOS="2556" WIDTH="29"/>
						<String ID="P63_ST00291" HPOS="1649" VPOS="2487" WIDTH="146" HEIGHT="55" CONTENT="écrit" WC="1.00" CC="00300"/>
						<SP ID="P63_SP00259" HPOS="1795" VPOS="2556" WIDTH="18"/>
						<String ID="P63_ST00292" HPOS="1813" VPOS="2506" WIDTH="72" HEIGHT="37" CONTENT="en" WC="0.81" CC="30"/>
						<SP ID="P63_SP00260" HPOS="1885" VPOS="2556" WIDTH="17"/>
						<String ID="P63_ST00293" HPOS="1902" VPOS="2490" WIDTH="285" HEIGHT="54" CONTENT="collabora" SUBS_TYPE="HypPart1" SUBS_CONTENT="collaboration" WC="1.00" CC="040000040"/>
						<HYP HPOS="2187" VPOS="2490" WIDTH="31" CONTENT="-"/>
					</TextLine>
					<TextLine ID="P63_TL00030" HPOS="118" VPOS="2557" WIDTH="2100" HEIGHT="79">
						<String ID="P63_ST00294" HPOS="118" VPOS="2557" WIDTH="127" HEIGHT="57" CONTENT="tion" SUBS_TYPE="HypPart2" SUBS_CONTENT="collaboration" WC="0.99" CC="1040"/>
						<SP ID="P63_SP00261" HPOS="245" VPOS="2614" WIDTH="56"/>
						<String ID="P63_ST00295" HPOS="301" VPOS="2561" WIDTH="259" HEIGHT="54" CONTENT="d'Auber" WC="0.88" CC="0106000"/>
						<SP ID="P63_SP00262" HPOS="560" VPOS="2615" WIDTH="55"/>
						<String ID="P63_ST00296" HPOS="615" VPOS="2580" WIDTH="147" HEIGHT="53" CONTENT="pour" WC="0.98" CC="0064"/>
						<SP ID="P63_SP00263" HPOS="762" VPOS="2633" WIDTH="54"/>
						<String ID="P63_ST00297" HPOS="816" VPOS="2563" WIDTH="461" HEIGHT="73" CONTENT="l'inauguration" WC="1.00" CC="54000607000030"/>
						<SP ID="P63_SP00264" HPOS="1277" VPOS="2636" WIDTH="54"/>
						<String ID="P63_ST00298" HPOS="1331" VPOS="2567" WIDTH="71" HEIGHT="53" CONTENT="de" WC="0.81" CC="03"/>
						<SP ID="P63_SP00265" HPOS="1402" VPOS="2636" WIDTH="52"/>
						<String ID="P63_ST00299" HPOS="1454" VPOS="2566" WIDTH="249" HEIGHT="57" CONTENT="l'Odéon" WC="0.93" CC="0300100"/>
						<SP ID="P63_SP00266" HPOS="1703" VPOS="2636" WIDTH="68"/>
						<String ID="P63_ST00300" HPOS="1771" VPOS="2579" WIDTH="226" HEIGHT="45" CONTENT="comme" WC="1.00" CC="03000"/>
						<SP ID="P63_SP00267" HPOS="1997" VPOS="2636" WIDTH="53"/>
						<String ID="P63_ST00301" HPOS="2050" VPOS="2571" WIDTH="168" HEIGHT="55" CONTENT="scène" WC="1.00" CC="00300"/>
					</TextLine>
					<TextLine ID="P63_TL00031" HPOS="118" VPOS="2637" WIDTH="2097" HEIGHT="83">
						<String ID="P63_ST00302" HPOS="118" VPOS="2637" WIDTH="246" HEIGHT="74" CONTENT="lyrique," WC="0.99" CC="20700614"/>
						<SP ID="P63_SP00268" HPOS="364" VPOS="2711" WIDTH="33"/>
						<String ID="P63_ST00303" HPOS="397" VPOS="2641" WIDTH="306" HEIGHT="57" CONTENT="Boieldieu" WC="0.80" CC="060100106"/>
						<SP ID="P63_SP00269" HPOS="703" VPOS="2711" WIDTH="49"/>
						<String ID="P63_ST00304" HPOS="752" VPOS="2642" WIDTH="249" HEIGHT="56" CONTENT="écrivait" WC="1.00" CC="00000000"/>
						<SP ID="P63_SP00270" HPOS="1001" VPOS="2711" WIDTH="52"/>
						<String ID="P63_ST00305" HPOS="1053" VPOS="2645" WIDTH="34" HEIGHT="53" CONTENT="à" WC="1.00" CC="0"/>
						<SP ID="P63_SP00271" HPOS="1087" VPOS="2711" WIDTH="50"/>
						<String ID="P63_ST00306" HPOS="1137" VPOS="2662" WIDTH="107" HEIGHT="38" CONTENT="son" WC="0.99" CC="020"/>
						<SP ID="P63_SP00272" HPOS="1244" VPOS="2711" WIDTH="50"/>
						<String ID="P63_ST00307" HPOS="1294" VPOS="2645" WIDTH="206" HEIGHT="57" CONTENT="ancien" WC="0.99" CC="402033"/>
						<SP ID="P63_SP00273" HPOS="1500" VPOS="2711" WIDTH="51"/>
						<String ID="P63_ST00308" HPOS="1551" VPOS="2647" WIDTH="160" HEIGHT="55" CONTENT="élève" WC="1.00" CC="00001"/>
						<SP ID="P63_SP00274" HPOS="1711" VPOS="2711" WIDTH="51"/>
						<String ID="P63_ST00309" HPOS="1762" VPOS="2648" WIDTH="194" HEIGHT="72" CONTENT="Boilly" WC="0.89" CC="300200"/>
						<SP ID="P63_SP00275" HPOS="1956" VPOS="2720" WIDTH="52"/>
						<String ID="P63_ST00310" HPOS="2008" VPOS="2650" WIDTH="207" HEIGHT="70" CONTENT="(Paris," WC="0.99" CC="0602003"/>
					</TextLine>
					<TextLine ID="P63_TL00032" HPOS="122" VPOS="2720" WIDTH="2094" HEIGHT="81">
						<String ID="P63_ST00311" HPOS="122" VPOS="2733" WIDTH="68" HEIGHT="40" CONTENT="10" WC="1.00" CC="00"/>
						<SP ID="P63_SP00276" HPOS="190" VPOS="2773" WIDTH="22"/>
						<String ID="P63_ST00312" HPOS="212" VPOS="2720" WIDTH="117" HEIGHT="54" CONTENT="mai" WC="1.00" CC="000"/>
						<SP ID="P63_SP00277" HPOS="329" VPOS="2774" WIDTH="23"/>
						<String ID="P63_ST00313" HPOS="352" VPOS="2721" WIDTH="188" HEIGHT="71" CONTENT="1824):" WC="0.79" CC="040340"/>
						<SP ID="P63_SP00278" HPOS="540" VPOS="2792" WIDTH="18"/>
						<String ID="P63_ST00314" HPOS="558" VPOS="2744" WIDTH="80" HEIGHT="33" CONTENT="«..." WC="0.97" CC="0443"/>
						<SP ID="P63_SP00279" HPOS="638" VPOS="2792" WIDTH="29"/>
						<String ID="P63_ST00315" HPOS="667" VPOS="2723" WIDTH="93" HEIGHT="55" CONTENT="On" WC="1.00" CC="00"/>
						<SP ID="P63_SP00280" HPOS="760" VPOS="2792" WIDTH="24"/>
						<String ID="P63_ST00316" HPOS="784" VPOS="2742" WIDTH="93" HEIGHT="37" CONTENT="me" WC="1.00" CC="00"/>
						<SP ID="P63_SP00281" HPOS="877" VPOS="2792" WIDTH="25"/>
						<String ID="P63_ST00317" HPOS="902" VPOS="2725" WIDTH="90" HEIGHT="54" CONTENT="dit" WC="1.00" CC="000"/>
						<SP ID="P63_SP00282" HPOS="992" VPOS="2792" WIDTH="26"/>
						<String ID="P63_ST00318" HPOS="1018" VPOS="2742" WIDTH="113" HEIGHT="54" CONTENT="que" WC="0.97" CC="070"/>
						<SP ID="P63_SP00283" HPOS="1131" VPOS="2796" WIDTH="24"/>
						<String ID="P63_ST00319" HPOS="1155" VPOS="2744" WIDTH="134" HEIGHT="36" CONTENT="sans" WC="1.00" CC="0000"/>
						<SP ID="P63_SP00284" HPOS="1289" VPOS="2796" WIDTH="19"/>
						<String ID="P63_ST00320" HPOS="1308" VPOS="2725" WIDTH="202" HEIGHT="57" CONTENT="imiter" WC="0.99" CC="000036"/>
						<SP ID="P63_SP00285" HPOS="1510" VPOS="2796" WIDTH="27"/>
						<String ID="P63_ST00321" HPOS="1537" VPOS="2727" WIDTH="257" HEIGHT="70" CONTENT="Rossini," WC="0.91" CC="00000204"/>
						<SP ID="P63_SP00286" HPOS="1794" VPOS="2797" WIDTH="26"/>
						<String ID="P63_ST00322" HPOS="1820" VPOS="2746" WIDTH="64" HEIGHT="38" CONTENT="ce" WC="0.73" CC="05"/>
						<SP ID="P63_SP00287" HPOS="1884" VPOS="2797" WIDTH="24"/>
						<String ID="P63_ST00323" HPOS="1908" VPOS="2747" WIDTH="112" HEIGHT="54" CONTENT="que" WC="0.96" CC="063"/>
						<SP ID="P63_SP00288" HPOS="2020" VPOS="2801" WIDTH="24"/>
						<String ID="P63_ST00324" HPOS="2044" VPOS="2730" WIDTH="56" HEIGHT="70" CONTENT="je" WC="0.78" CC="40"/>
						<SP ID="P63_SP00289" HPOS="2100" VPOS="2801" WIDTH="24"/>
						<String ID="P63_ST00325" HPOS="2124" VPOS="2747" WIDTH="92" HEIGHT="39" CONTENT="me" WC="1.00" CC="00"/>
					</TextLine>
					<TextLine ID="P63_TL00033" HPOS="120" VPOS="2802" WIDTH="2094" HEIGHT="79">
						<String ID="P63_ST00326" HPOS="120" VPOS="2802" WIDTH="260" HEIGHT="69" CONTENT="garderai" WC="0.99" CC="90005600"/>
						<SP ID="P63_SP00290" HPOS="380" VPOS="2871" WIDTH="45"/>
						<String ID="P63_ST00327" HPOS="425" VPOS="2803" WIDTH="138" HEIGHT="55" CONTENT="bien" WC="0.98" CC="2310"/>
						<SP ID="P63_SP00291" HPOS="563" VPOS="2871" WIDTH="43"/>
						<String ID="P63_ST00328" HPOS="606" VPOS="2803" WIDTH="71" HEIGHT="56" CONTENT="de" WC="1.00" CC="00"/>
						<SP ID="P63_SP00292" HPOS="677" VPOS="2871" WIDTH="40"/>
						<String ID="P63_ST00329" HPOS="717" VPOS="2803" WIDTH="167" HEIGHT="70" CONTENT="faire," WC="0.98" CC="400634"/>
						<SP ID="P63_SP00293" HPOS="884" VPOS="2873" WIDTH="43"/>
						<String ID="P63_ST00330" HPOS="927" VPOS="2811" WIDTH="59" HEIGHT="49" CONTENT="et" WC="0.84" CC="30"/>
						<SP ID="P63_SP00294" HPOS="986" VPOS="2873" WIDTH="42"/>
						<String ID="P63_ST00331" HPOS="1028" VPOS="2824" WIDTH="148" HEIGHT="53" CONTENT="pour" WC="0.97" CC="0066"/>
						<SP ID="P63_SP00295" HPOS="1176" VPOS="2877" WIDTH="42"/>
						<String ID="P63_ST00332" HPOS="1218" VPOS="2824" WIDTH="192" HEIGHT="50" CONTENT="cause," WC="0.98" CC="006254"/>
						<SP ID="P63_SP00296" HPOS="1410" VPOS="2877" WIDTH="44"/>
						<String ID="P63_ST00333" HPOS="1454" VPOS="2825" WIDTH="92" HEIGHT="38" CONTENT="ces" WC="0.98" CC="040"/>
						<SP ID="P63_SP00297" HPOS="1546" VPOS="2877" WIDTH="43"/>
						<String ID="P63_ST00334" HPOS="1589" VPOS="2808" WIDTH="299" HEIGHT="56" CONTENT="nouvelles" WC="0.99" CC="007013540"/>
						<SP ID="P63_SP00298" HPOS="1888" VPOS="2877" WIDTH="41"/>
						<String ID="P63_ST00335" HPOS="1929" VPOS="2810" WIDTH="250" HEIGHT="71" CONTENT="composi" SUBS_TYPE="HypPart1" SUBS_CONTENT="compositions," WC="0.99" CC="3409000"/>
						<HYP HPOS="2179" VPOS="2810" WIDTH="35" CONTENT="-"/>
					</TextLine>
					<TextLine ID="P63_TL00034" HPOS="118" VPOS="2878" WIDTH="2097" HEIGHT="82">
						<String ID="P63_ST00336" HPOS="118" VPOS="2878" WIDTH="177" HEIGHT="73" CONTENT="tions," SUBS_TYPE="HypPart2" SUBS_CONTENT="compositions," WC="0.99" CC="045104"/>
						<SP ID="P63_SP00299" HPOS="295" VPOS="2951" WIDTH="41"/>
						<String ID="P63_ST00337" HPOS="336" VPOS="2888" WIDTH="196" HEIGHT="51" CONTENT="toutes" WC="0.99" CC="006000"/>
						<SP ID="P63_SP00300" HPOS="532" VPOS="2951" WIDTH="41"/>
						<String ID="P63_ST00338" HPOS="573" VPOS="2883" WIDTH="215" HEIGHT="73" CONTENT="légères" WC="0.99" CC="0303310"/>
						<SP ID="P63_SP00301" HPOS="788" VPOS="2956" WIDTH="43"/>
						<String ID="P63_ST00339" HPOS="831" VPOS="2886" WIDTH="239" HEIGHT="71" CONTENT="qu'elles" WC="1.00" CC="06000300"/>
						<SP ID="P63_SP00302" HPOS="1070" VPOS="2957" WIDTH="39"/>
						<String ID="P63_ST00340" HPOS="1109" VPOS="2892" WIDTH="155" HEIGHT="64" CONTENT="sont," WC="0.99" CC="05004"/>
						<SP ID="P63_SP00303" HPOS="1264" VPOS="2957" WIDTH="57"/>
						<String ID="P63_ST00341" HPOS="1321" VPOS="2893" WIDTH="104" HEIGHT="49" CONTENT="ont" WC="0.99" CC="010"/>
						<SP ID="P63_SP00304" HPOS="1425" VPOS="2957" WIDTH="42"/>
						<String ID="P63_ST00342" HPOS="1467" VPOS="2888" WIDTH="79" HEIGHT="55" CONTENT="du" WC="0.66" CC="06"/>
						<SP ID="P63_SP00305" HPOS="1546" VPOS="2957" WIDTH="41"/>
						<String ID="P63_ST00343" HPOS="1587" VPOS="2890" WIDTH="198" HEIGHT="70" CONTENT="chant," WC="0.99" CC="350004"/>
						<SP ID="P63_SP00306" HPOS="1785" VPOS="2960" WIDTH="56"/>
						<String ID="P63_ST00344" HPOS="1841" VPOS="2891" WIDTH="80" HEIGHT="55" CONTENT="du" WC="0.65" CC="07"/>
						<SP ID="P63_SP00307" HPOS="1921" VPOS="2960" WIDTH="50"/>
						<String ID="P63_ST00345" HPOS="1971" VPOS="2890" WIDTH="244" HEIGHT="56" CONTENT="brillant" WC="0.99" CC="54413040"/>
					</TextLine>
					<TextLine ID="P63_TL00035" HPOS="122" VPOS="2961" WIDTH="2092" HEIGHT="81">
						<String ID="P63_ST00346" HPOS="122" VPOS="2961" WIDTH="352" HEIGHT="58" CONTENT="d'orchestre" WC="1.00" CC="02030500050"/>
						<SP ID="P63_SP00308" HPOS="474" VPOS="3019" WIDTH="34"/>
						<String ID="P63_ST00347" HPOS="508" VPOS="2970" WIDTH="61" HEIGHT="49" CONTENT="et" WC="0.81" CC="30"/>
						<SP ID="P63_SP00309" HPOS="569" VPOS="3019" WIDTH="35"/>
						<String ID="P63_ST00348" HPOS="604" VPOS="2984" WIDTH="114" HEIGHT="36" CONTENT="une" WC="0.96" CC="603"/>
						<SP ID="P63_SP00310" HPOS="718" VPOS="3020" WIDTH="35"/>
						<String ID="P63_ST00349" HPOS="753" VPOS="2966" WIDTH="399" HEIGHT="56" CONTENT="déclamation" WC="1.00" CC="03000000240"/>
						<SP ID="P63_SP00311" HPOS="1152" VPOS="3022" WIDTH="35"/>
						<String ID="P63_ST00350" HPOS="1187" VPOS="2985" WIDTH="158" HEIGHT="38" CONTENT="assez" WC="0.99" CC="00006"/>
						<SP ID="P63_SP00312" HPOS="1345" VPOS="3023" WIDTH="35"/>
						<String ID="P63_ST00351" HPOS="1380" VPOS="2968" WIDTH="174" HEIGHT="72" CONTENT="juste." WC="0.99" CC="360002"/>
						<SP ID="P63_SP00313" HPOS="1554" VPOS="3040" WIDTH="39"/>
						<String ID="P63_ST00352" HPOS="1593" VPOS="2968" WIDTH="58" HEIGHT="56" CONTENT="Si" WC="1.00" CC="00"/>
						<SP ID="P63_SP00314" HPOS="1651" VPOS="3040" WIDTH="37"/>
						<String ID="P63_ST00353" HPOS="1688" VPOS="2970" WIDTH="57" HEIGHT="70" CONTENT="je" WC="0.78" CC="40"/>
						<SP ID="P63_SP00315" HPOS="1745" VPOS="3040" WIDTH="33"/>
						<String ID="P63_ST00354" HPOS="1778" VPOS="2971" WIDTH="132" HEIGHT="71" CONTENT="puis" WC="0.99" CC="0600"/>
						<SP ID="P63_SP00316" HPOS="1910" VPOS="3042" WIDTH="35"/>
						<String ID="P63_ST00355" HPOS="1945" VPOS="2971" WIDTH="269" HEIGHT="70" CONTENT="toujours" WC="0.99" CC="04640640"/>
					</TextLine>
					<TextLine ID="P63_TL00036" HPOS="120" VPOS="3042" WIDTH="2094" HEIGHT="81">
						<String ID="P63_ST00356" HPOS="120" VPOS="3042" WIDTH="208" HEIGHT="56" CONTENT="réussir" WC="0.99" CC="1460003"/>
						<SP ID="P63_SP00317" HPOS="328" VPOS="3098" WIDTH="42"/>
						<String ID="P63_ST00357" HPOS="370" VPOS="3046" WIDTH="34" HEIGHT="52" CONTENT="à" WC="1.00" CC="0"/>
						<SP ID="P63_SP00318" HPOS="404" VPOS="3098" WIDTH="40"/>
						<String ID="P63_ST00358" HPOS="444" VPOS="3046" WIDTH="198" HEIGHT="56" CONTENT="réunir" WC="0.98" CC="407005"/>
						<SP ID="P63_SP00319" HPOS="642" VPOS="3102" WIDTH="40"/>
						<String ID="P63_ST00359" HPOS="682" VPOS="3064" WIDTH="93" HEIGHT="38" CONTENT="ces" WC="1.00" CC="000"/>
						<SP ID="P63_SP00320" HPOS="775" VPOS="3102" WIDTH="41"/>
						<String ID="P63_ST00360" HPOS="816" VPOS="3054" WIDTH="341" HEIGHT="67" CONTENT="avantages," WC="1.00" CC="0000000054"/>
						<SP ID="P63_SP00321" HPOS="1157" VPOS="3121" WIDTH="43"/>
						<String ID="P63_ST00361" HPOS="1200" VPOS="3048" WIDTH="56" HEIGHT="72" CONTENT="je" WC="0.80" CC="40"/>
						<SP ID="P63_SP00322" HPOS="1256" VPOS="3121" WIDTH="42"/>
						<String ID="P63_ST00362" HPOS="1298" VPOS="3050" WIDTH="148" HEIGHT="53" CONTENT="crois" WC="0.98" CC="05410"/>
						<SP ID="P63_SP00323" HPOS="1446" VPOS="3121" WIDTH="41"/>
						<String ID="P63_ST00363" HPOS="1487" VPOS="3067" WIDTH="116" HEIGHT="54" CONTENT="que" WC="0.96" CC="064"/>
						<SP ID="P63_SP00324" HPOS="1603" VPOS="3121" WIDTH="39"/>
						<String ID="P63_ST00364" HPOS="1642" VPOS="3056" WIDTH="168" HEIGHT="51" CONTENT="notre" WC="0.98" CC="04650"/>
						<SP ID="P63_SP00325" HPOS="1810" VPOS="3121" WIDTH="41"/>
						<String ID="P63_ST00365" HPOS="1851" VPOS="3051" WIDTH="200" HEIGHT="72" CONTENT="public" WC="0.99" CC="060000"/>
						<SP ID="P63_SP00326" HPOS="2051" VPOS="3123" WIDTH="41"/>
						<String ID="P63_ST00366" HPOS="2092" VPOS="3052" WIDTH="122" HEIGHT="55" CONTENT="s'en" WC="0.99" CC="0300"/>
					</TextLine>
					<TextLine ID="P63_TL00037" HPOS="120" VPOS="3125" WIDTH="2094" HEIGHT="77">
						<String ID="P63_ST00367" HPOS="120" VPOS="3128" WIDTH="360" HEIGHT="65" CONTENT="contentera," WC="1.00" CC="00000200404"/>
						<SP ID="P63_SP00327" HPOS="480" VPOS="3193" WIDTH="27"/>
						<String ID="P63_ST00368" HPOS="507" VPOS="3142" WIDTH="98" HEIGHT="39" CONTENT="car" WC="0.98" CC="005"/>
						<SP ID="P63_SP00328" HPOS="605" VPOS="3193" WIDTH="20"/>
						<String ID="P63_ST00369" HPOS="625" VPOS="3125" WIDTH="45" HEIGHT="54" CONTENT="il" WC="0.90" CC="20"/>
						<SP ID="P63_SP00329" HPOS="670" VPOS="3193" WIDTH="22"/>
						<String ID="P63_ST00370" HPOS="692" VPOS="3145" WIDTH="73" HEIGHT="37" CONTENT="ne" WC="0.89" CC="02"/>
						<SP ID="P63_SP00330" HPOS="765" VPOS="3193" WIDTH="23"/>
						<String ID="P63_ST00371" HPOS="788" VPOS="3127" WIDTH="132" HEIGHT="55" CONTENT="faut" WC="0.98" CC="4060"/>
						<SP ID="P63_SP00331" HPOS="920" VPOS="3193" WIDTH="23"/>
						<String ID="P63_ST00372" HPOS="943" VPOS="3145" WIDTH="108" HEIGHT="53" CONTENT="pas" WC="1.00" CC="000"/>
						<SP ID="P63_SP00332" HPOS="1051" VPOS="3198" WIDTH="24"/>
						<String ID="P63_ST00373" HPOS="1075" VPOS="3128" WIDTH="52" HEIGHT="55" CONTENT="le" WC="1.00" CC="00"/>
						<SP ID="P63_SP00333" HPOS="1127" VPOS="3198" WIDTH="23"/>
						<String ID="P63_ST00374" HPOS="1150" VPOS="3128" WIDTH="148" HEIGHT="56" CONTENT="faire" WC="0.99" CC="50010"/>
						<SP ID="P63_SP00334" HPOS="1298" VPOS="3198" WIDTH="23"/>
						<String ID="P63_ST00375" HPOS="1321" VPOS="3130" WIDTH="131" HEIGHT="71" CONTENT="plus" WC="0.98" CC="0070"/>
						<SP ID="P63_SP00335" HPOS="1452" VPOS="3201" WIDTH="25"/>
						<String ID="P63_ST00376" HPOS="1477" VPOS="3130" WIDTH="276" HEIGHT="71" CONTENT="exigeant" WC="1.00" CC="00040000"/>
						<SP ID="P63_SP00336" HPOS="1753" VPOS="3201" WIDTH="24"/>
						<String ID="P63_ST00377" HPOS="1777" VPOS="3131" WIDTH="145" HEIGHT="71" CONTENT="qu'il" WC="0.99" CC="06300"/>
						<SP ID="P63_SP00337" HPOS="1922" VPOS="3202" WIDTH="23"/>
						<String ID="P63_ST00378" HPOS="1945" VPOS="3132" WIDTH="170" HEIGHT="55" CONTENT="n'est." WC="0.99" CC="040003"/>
						<SP ID="P63_SP00338" HPOS="2115" VPOS="3202" WIDTH="28"/>
						<String ID="P63_ST00379" HPOS="2143" VPOS="3131" WIDTH="71" HEIGHT="70" CONTENT="Je" WC="1.00" CC="00"/>
					</TextLine>
					<TextLine ID="P63_TL00038" HPOS="121" VPOS="3205" WIDTH="2093" HEIGHT="78">
						<String ID="P63_ST00380" HPOS="121" VPOS="3205" WIDTH="342" HEIGHT="71" CONTENT="m'aperçois" WC="1.00" CC="0300530400"/>
						<SP ID="P63_SP00339" HPOS="463" VPOS="3276" WIDTH="47"/>
						<String ID="P63_ST00381" HPOS="510" VPOS="3207" WIDTH="190" HEIGHT="56" CONTENT="même" WC="1.00" CC="0000"/>
						<SP ID="P63_SP00340" HPOS="700" VPOS="3276" WIDTH="45"/>
						<String ID="P63_ST00382" HPOS="745" VPOS="3214" WIDTH="135" HEIGHT="49" CONTENT="tous" WC="0.99" CC="0060"/>
						<SP ID="P63_SP00341" HPOS="880" VPOS="3276" WIDTH="45"/>
						<String ID="P63_ST00383" HPOS="925" VPOS="3208" WIDTH="81" HEIGHT="56" CONTENT="les" WC="0.98" CC="040"/>
						<SP ID="P63_SP00342" HPOS="1006" VPOS="3276" WIDTH="45"/>
						<String ID="P63_ST00384" HPOS="1051" VPOS="3210" WIDTH="161" HEIGHT="71" CONTENT="jours" WC="0.98" CC="44600"/>
						<SP ID="P63_SP00343" HPOS="1212" VPOS="3281" WIDTH="47"/>
						<String ID="P63_ST00385" HPOS="1259" VPOS="3210" WIDTH="145" HEIGHT="72" CONTENT="qu'il" WC="0.99" CC="06400"/>
						<SP ID="P63_SP00344" HPOS="1404" VPOS="3282" WIDTH="42"/>
						<String ID="P63_ST00386" HPOS="1446" VPOS="3211" WIDTH="218" HEIGHT="56" CONTENT="n'aime" WC="1.00" CC="023000"/>
						<SP ID="P63_SP00345" HPOS="1664" VPOS="3282" WIDTH="61"/>
						<String ID="P63_ST00387" HPOS="1725" VPOS="3212" WIDTH="56" HEIGHT="55" CONTENT="la" WC="0.33" CC="48"/>
						<SP ID="P63_SP00346" HPOS="1781" VPOS="3282" WIDTH="46"/>
						<String ID="P63_ST00388" HPOS="1827" VPOS="3214" WIDTH="269" HEIGHT="69" CONTENT="musique" WC="0.99" CC="0600060"/>
						<SP ID="P63_SP00347" HPOS="2096" VPOS="3283" WIDTH="47"/>
						<String ID="P63_ST00389" HPOS="2143" VPOS="3215" WIDTH="71" HEIGHT="53" CONTENT="de" WC="1.00" CC="00"/>
					</TextLine>
				</TextBlock>
				<TextBlock ID="P63_TB00004" HPOS="121" VPOS="3364" WIDTH="2091" HEIGHT="236" STYLEREFS="TXT_4 PAR_RIGHT">
					<TextLine ID="P63_TL00039" HPOS="236" VPOS="3365" WIDTH="1644" HEIGHT="55">
						<String ID="P63_ST00390" HPOS="236" VPOS="3365" WIDTH="38" HEIGHT="47" CONTENT="(i" WC="0.51" CC="44"/>
						<SP ID="P63_SP00348" HPOS="274" VPOS="3412" WIDTH="27"/>
						<String ID="P63_ST00391" HPOS="301" VPOS="3369" WIDTH="48" HEIGHT="36" CONTENT="et" WC="0.67" CC="60"/>
						<SP ID="P63_SP00349" HPOS="349" VPOS="3412" WIDTH="24"/>
						<String ID="P63_ST00392" HPOS="373" VPOS="3368" WIDTH="45" HEIGHT="48" CONTENT="2)" WC="0.81" CC="30"/>
						<SP ID="P63_SP00350" HPOS="418" VPOS="3416" WIDTH="25"/>
						<String ID="P63_ST00393" HPOS="443" VPOS="3367" WIDTH="246" HEIGHT="51" CONTENT="Catalogue" WC="0.98" CC="060464674"/>
						<SP ID="P63_SP00351" HPOS="689" VPOS="3418" WIDTH="24"/>
						<String ID="P63_ST00394" HPOS="713" VPOS="3368" WIDTH="369" HEIGHT="52" CONTENT="d'autographes," WC="0.99" CC="04070315067003"/>
						<SP ID="P63_SP00352" HPOS="1082" VPOS="3420" WIDTH="26"/>
						<String ID="P63_ST00395" HPOS="1108" VPOS="3369" WIDTH="255" HEIGHT="50" CONTENT="Charavay." WC="0.85" CC="070000032"/>
						<SP ID="P63_SP00353" HPOS="1363" VPOS="3420" WIDTH="108"/>
						<String ID="P63_ST00396" HPOS="1471" VPOS="3370" WIDTH="178" HEIGHT="41" CONTENT="Lettres" WC="0.99" CC="4703500"/>
						<SP ID="P63_SP00354" HPOS="1649" VPOS="3420" WIDTH="24"/>
						<String ID="P63_ST00397" HPOS="1673" VPOS="3372" WIDTH="207" HEIGHT="39" CONTENT="inédites." WC="0.99" CC="254110004"/>
					</TextLine>
					<TextLine ID="P63_TL00040" HPOS="237" VPOS="3428" WIDTH="1973" HEIGHT="54">
						<String ID="P63_ST00398" HPOS="237" VPOS="3428" WIDTH="63" HEIGHT="47" CONTENT="(3)" WC="0.54" CC="661"/>
						<SP ID="P63_SP00355" HPOS="300" VPOS="3475" WIDTH="34"/>
						<String ID="P63_ST00399" HPOS="334" VPOS="3428" WIDTH="74" HEIGHT="38" CONTENT="Un" WC="0.64" CC="07"/>
						<SP ID="P63_SP00356" HPOS="408" VPOS="3475" WIDTH="24"/>
						<String ID="P63_ST00400" HPOS="432" VPOS="3429" WIDTH="163" HEIGHT="49" CONTENT="regard" WC="1.00" CC="200010"/>
						<SP ID="P63_SP00357" HPOS="595" VPOS="3478" WIDTH="26"/>
						<String ID="P63_ST00401" HPOS="621" VPOS="3441" WIDTH="75" HEIGHT="27" CONTENT="sur" WC="0.96" CC="063"/>
						<SP ID="P63_SP00358" HPOS="696" VPOS="3478" WIDTH="28"/>
						<String ID="P63_ST00402" HPOS="724" VPOS="3429" WIDTH="191" HEIGHT="39" CONTENT="l'œuvre" WC="0.98" CC="3428064"/>
						<SP ID="P63_SP00359" HPOS="915" VPOS="3478" WIDTH="27"/>
						<String ID="P63_ST00403" HPOS="942" VPOS="3430" WIDTH="220" HEIGHT="39" CONTENT="d'Adrien" WC="1.00" CC="04001000"/>
						<SP ID="P63_SP00360" HPOS="1162" VPOS="3478" WIDTH="28"/>
						<String ID="P63_ST00404" HPOS="1190" VPOS="3430" WIDTH="251" HEIGHT="47" CONTENT="Boieldieu," WC="0.68" CC="6400500077"/>
						<SP ID="P63_SP00361" HPOS="1441" VPOS="3478" WIDTH="29"/>
						<String ID="P63_ST00405" HPOS="1470" VPOS="3444" WIDTH="80" HEIGHT="38" CONTENT="par" WC="0.96" CC="504"/>
						<SP ID="P63_SP00362" HPOS="1550" VPOS="3482" WIDTH="29"/>
						<String ID="P63_ST00406" HPOS="1579" VPOS="3433" WIDTH="58" HEIGHT="38" CONTENT="M." WC="0.81" CC="03"/>
						<SP ID="P63_SP00363" HPOS="1637" VPOS="3482" WIDTH="20"/>
						<String ID="P63_ST00407" HPOS="1657" VPOS="3432" WIDTH="151" HEIGHT="39" CONTENT="l'abbé" WC="0.98" CC="640005"/>
						<SP ID="P63_SP00364" HPOS="1808" VPOS="3482" WIDTH="27"/>
						<String ID="P63_ST00408" HPOS="1835" VPOS="3432" WIDTH="234" HEIGHT="39" CONTENT="Bourdon." WC="0.99" CC="60020484"/>
						<SP ID="P63_SP00365" HPOS="2069" VPOS="3482" WIDTH="21"/>
						<String ID="P63_ST00409" HPOS="2090" VPOS="3431" WIDTH="96" HEIGHT="49" CONTENT="(Pré" SUBS_TYPE="HypPart1" SUBS_CONTENT="(Précis" WC="0.96" CC="7574" STYLEREFS="TXT_5"/>
						<HYP HPOS="2186" VPOS="3431" WIDTH="24" CONTENT="-"/>
					</TextLine>
					<TextLine ID="P63_TL00041" HPOS="122" VPOS="3485" WIDTH="2090" HEIGHT="55">
						<String ID="P63_ST00410" HPOS="122" VPOS="3485" WIDTH="60" HEIGHT="38" CONTENT="cis" SUBS_TYPE="HypPart2" SUBS_CONTENT="(Précis" WC="0.96" CC="612" STYLEREFS="TXT_5"/>
						<SP ID="P63_SP00366" HPOS="182" VPOS="3523" WIDTH="22"/>
						<String ID="P63_ST00411" HPOS="204" VPOS="3487" WIDTH="255" HEIGHT="53" CONTENT="analytique" WC="0.99" CC="0750060376" STYLEREFS="TXT_5"/>
						<SP ID="P63_SP00367" HPOS="459" VPOS="3540" WIDTH="40"/>
						<String ID="P63_ST00412" HPOS="499" VPOS="3488" WIDTH="72" HEIGHT="39" CONTENT="des" WC="1.00" CC="000" STYLEREFS="TXT_5"/>
						<SP ID="P63_SP00368" HPOS="571" VPOS="3540" WIDTH="22"/>
						<String ID="P63_ST00413" HPOS="593" VPOS="3494" WIDTH="184" HEIGHT="34" CONTENT="travaux" WC="0.97" CC="7756570" STYLEREFS="TXT_5"/>
						<SP ID="P63_SP00369" HPOS="777" VPOS="3540" WIDTH="39"/>
						<String ID="P63_ST00414" HPOS="816" VPOS="3490" WIDTH="50" HEIGHT="38" CONTENT="de" WC="0.52" CC="08" STYLEREFS="TXT_5"/>
						<SP ID="P63_SP00370" HPOS="866" VPOS="3540" WIDTH="23"/>
						<String ID="P63_ST00415" HPOS="889" VPOS="3488" WIDTH="269" HEIGHT="42" CONTENT="VAcadémie" WC="0.67" CC="503007137" STYLEREFS="TXT_5"/>
						<SP ID="P63_SP00371" HPOS="1158" VPOS="3540" WIDTH="23"/>
						<String ID="P63_ST00416" HPOS="1181" VPOS="3492" WIDTH="72" HEIGHT="38" CONTENT="des" WC="0.99" CC="030" STYLEREFS="TXT_5"/>
						<SP ID="P63_SP00372" HPOS="1253" VPOS="3540" WIDTH="21"/>
						<String ID="P63_ST00417" HPOS="1274" VPOS="3494" WIDTH="200" HEIGHT="45" CONTENT="sciences," WC="0.99" CC="070966004" STYLEREFS="TXT_5"/>
						<SP ID="P63_SP00373" HPOS="1474" VPOS="3540" WIDTH="26"/>
						<String ID="P63_ST00418" HPOS="1500" VPOS="3493" WIDTH="291" HEIGHT="39" CONTENT="belles-lettres" WC="0.99" CC="88000030086980" STYLEREFS="TXT_5"/>
						<SP ID="P63_SP00374" HPOS="1791" VPOS="3540" WIDTH="21"/>
						<String ID="P63_ST00419" HPOS="1812" VPOS="3497" WIDTH="38" HEIGHT="35" CONTENT="et" WC="0.72" CC="05" STYLEREFS="TXT_5"/>
						<SP ID="P63_SP00375" HPOS="1850" VPOS="3540" WIDTH="20"/>
						<String ID="P63_ST00420" HPOS="1870" VPOS="3497" WIDTH="87" HEIGHT="33" CONTENT="arts" WC="0.99" CC="0030" STYLEREFS="TXT_5"/>
						<SP ID="P63_SP00376" HPOS="1957" VPOS="3540" WIDTH="22"/>
						<String ID="P63_ST00421" HPOS="1979" VPOS="3492" WIDTH="48" HEIGHT="38" CONTENT="de" WC="1.00" CC="00" STYLEREFS="TXT_5"/>
						<SP ID="P63_SP00377" HPOS="2027" VPOS="3540" WIDTH="32"/>
						<String ID="P63_ST00422" HPOS="2059" VPOS="3491" WIDTH="153" HEIGHT="39" CONTENT="Rouen" WC="0.97" CC="05656" STYLEREFS="TXT_5"/>
					</TextLine>
					<TextLine ID="P63_TL00042" HPOS="122" VPOS="3546" WIDTH="711" HEIGHT="54">
						<String ID="P63_ST00423" HPOS="122" VPOS="3546" WIDTH="191" HEIGHT="48" CONTENT="pendant" WC="0.98" CC="0870760" STYLEREFS="TXT_5"/>
						<SP ID="P63_SP00378" HPOS="313" VPOS="3594" WIDTH="33"/>
						<String ID="P63_ST00424" HPOS="346" VPOS="3549" WIDTH="171" HEIGHT="39" CONTENT="Vannée" WC="0.98" CC="600760" STYLEREFS="TXT_5"/>
						<SP ID="P63_SP00379" HPOS="517" VPOS="3594" WIDTH="38"/>
						<String ID="P63_ST00425" HPOS="555" VPOS="3552" WIDTH="278" HEIGHT="48" CONTENT="1906-1907)." WC="0.73" CC="10064105503"/>
					</TextLine>
				</TextBlock>
			</PrintSpace>
		</Page>
	</Layout>
</alto>
