2905 4109
820 314 301 37 FESTSPIELE
1157 321 64 34 DE
1257 321 265 41 BAYREUTH

2086 323 124 65 1087

137 441 81 55 Le
249 459 185 55 rayon
465 446 78 55 du
573 444 180 59 Graal
783 453 326 67 rapproche
1138 451 82 55 les
1253 456 155 59 deux
1440 477 229 42 œuvres
1700 470 60 51 et
1791 467 81 55 les
1890 468 151 70 joint
2064 472 146 59 dans

140 539 114 37 une
306 539 187 38 merne
543 528 375 71 atmosphère
973 547 199 38 sacree
1224 544 278 50 amenant
1548 543 256 58 d'autres
1857 553 336 70 rapproche*
2193 586 14 8 -

137 604 190 53 ments
373 605 165 55 entre
579 602 56 55 la
669 605 286 74 musique,
990 609 60 56 la
1093 613 212 69 poesie,
1366 615 56 57 la
1481 624 369 72 psychologie
1911 628 97 54 des
2053 630 150 58 deux

140 681 248 55 drames.
429 680 51 56 Il
515 699 72 38 en
622 689 89 51 est
750 685 484 65 d'extrêmement
1271 699 528 74 caractéristiques,
1838 708 364 72 témoignant

138 775 106 56 par
284 759 125 58 leur
446 762 416 72 prolongation
902 785 76 40 ou
992 769 122 57 leur
1130 771 362 70 persistance
1530 780 145 56 dans
1712 783 268 58 Parsival
1984 835 12 23 ,
2037 792 72 53 de
2145 792 58 56 la

137 836 359 73 profondeur
546 842 72 56 de
667 842 124 59 leur
837 848 352 71 conception
1236 853 283 68 première
1595 860 149 55 dans
1818 867 318 71 Lohengrin
2184 891 15 33 :

137 917 84 58 les
258 920 334 57 harmonies
630 924 78 53 du
748 925 190 69 Cygne
976 929 72 57 de
1086 945 63 38 ce
1187 931 217 68 drame,
1444 952 58 38 se
1561 942 337 58 retrouvent
1956 966 246 54 presque

133 996 337 73 identiques
499 1001 35 52 à
551 1000 279 72 l'épisode
862 1006 79 54 du
970 1008 196 68 Cygne
1192 1009 186 57 blessé
1411 1014 146 56 dans
1587 1015 210 60 l'autre
1821 1042 14 47 ;
1867 1023 81 54 les
1976 1027 226 56 thèmes

142 1079 71 54 de
251 1076 176 59 haine
462 1084 61 51 et
564 1083 68 54 de
670 1085 233 57 sombre
937 1088 457 58 enchantement
1436 1095 71 56 de
1544 1095 268 59 Frédéric
1850 1107 59 49 et
1948 1103 254 60 Ortrude

138 1173 73 39 ne
244 1161 136 52 sont
415 1175 108 54 pas
557 1160 256 71 éloignés
847 1164 72 56 de
952 1182 146 40 ceux
1136 1169 70 56 de
1243 1169 277 72 Klingsor
1554 1178 59 51 et
1651 1175 250 75 Kundry
1940 1184 148 56 dans
2121 1184 81 56 les

381 1237 429 63 circonstances
837 1264 14 48 ;
876 1244 84 57 les
987 1248 265 68 rythmes
1279 1250 99 55 des
1406 1250 228 59 chœurs
1661 1255 283 59 délicieux
1968 1263 233 57 saluant

138 1312 268 59 l'arrivée
442 1317 385 60 miraculeuse
863 1324 82 56 du
979 1325 292 57 chevalier
1308 1347 76 38 au
1418 1330 199 70 Cygne
1648 1339 137 52 sont
1818 1340 138 51 tout
1991 1342 211 68 pareils

141 1395 34 52 à
202 1413 146 38 ceux
366 1397 101 70 qui
486 1399 297 58 célèbrent
810 1403 57 55 la
889 1405 377 60 communion
1290 1425 79 40 au
1394 1410 219 73 temple
1641 1414 81 56 du
1747 1415 195 70 Graal,
1968 1423 63 49 et
2056 1437 149 54 pour

140 1477 134 53 tout
312 1475 142 71 dire,
489 1476 45 54 il
570 1480 178 56 serait
786 1479 254 73 difficile,
1077 1484 171 58 sinon
1283 1486 306 61 téméraire
1627 1494 71 55 de
1738 1494 220 56 vouloir
1991 1502 214 54 mettre

141 1552 84 56 les
253 1571 179 54 pages
458 1559 75 54 de
562 1557 322 72 Lohengrin
909 1578 57 38 se
992 1568 336 66 rapportant
1356 1566 33 52 à
1417 1566 59 56 la
1502 1566 191 59 divine
1723 1569 224 72 légende
1973 1580 49 49 et
2050 1577 34 52 à
2116 1593 87 39 ses

141 1635 302 56 chevaliers
486 1655 71 38 en
602 1641 236 56 dessous
880 1643 72 55 de
994 1644 165 56 celles
1204 1649 70 52 de
1314 1645 278 70 Parsifal.
1637 1649 155 57 Elles
1834 1658 122 63 ont,
2028 1655 58 70 je
2149 1657 56 54 le

142 1714 222 70 répète,
405 1714 55 56 le
500 1716 189 57 même
731 1721 295 57 caractèie
1067 1725 181 67 sacré,
1293 1724 56 56 la
1390 1726 190 60 même
1619 1730 259 70 onction,
1921 1733 57 56 la
2018 1734 188 60 même

143 1794 206 70 pureté
386 1799 60 51 et
482 1799 319 67 procèdent
842 1800 71 55 de
950 1801 57 57 la
1044 1803 91 54 mê
1148 1819 86 39 me
1267 1822 235 42 essence
1528 1828 14 47 ;
1577 1808 139 57 elles
1749 1815 135 55 sont
1921 1817 167 53 toute
2122 1811 57 56 lu-

141 1870 176 58 mière
350 1879 59 49 et
442 1879 134 52 tout
611 1878 316 58 harmonie.

253 1951 193 73 Asusi,
475 1959 62 52 et
569 1956 534 70 particulièrement
1134 1961 35 54 à
1200 1978 173 42 cause
1404 1965 73 57 de
1506 1980 66 42 sa
1601 1968 403 71 remarquable
2027 1968 153 58 inter-

142 2030 319 72 prétation,
862 2035 35 70 Lohengrin
898 2055 66 37 a
965 2041 250 69 supporté
1249 2059 138 40 sans
1423 2041 54 58 le
1514 2043 264 61 moindre
1817 2048 306 72 dommage
2156 2048 56 57 le

147 2109 296 73 voisinage
474 2115 342 57 redoutable
847 2119 71 56 de
1760 2118 287 71 Parsival,
1262 2125 59 52 et
1349 2121 293 73 peut-être
1666 2123 189 58 même
1881 2126 300 59 saisissons-

145 2206 146 40 nous
329 2191 198 57 mieux
564 2212 207 40 encore
810 2214 64 39 sa
912 2201 404 70 remarquable
1354 2201 294 60 élévation
1685 2222 74 40 en
1793 2204 55 58 le
1886 2212 225 66 voyant
2161 2204 50 58 si

145 2269 139 54 clair
322 2274 60 51 et
418 2273 461 72 resplendissant
917 2276 268 71 toujours
1222 2281 35 54 à
1295 2279 130 57 côté
1462 2281 83 58 du
1580 2302 25 30 «
1632 2285 200 57 drame
1871 2290 198 54 sacré»
2104 2303 107 57 par

146 2349 338 58 excellence.
531 2354 148 56 Mais
722 2355 176 70 aussi,
941 2374 225 41 comme
1205 2359 53 57 le
1303 2361 87 56 dit
1434 2363 45 53 si
1523 2361 137 61 bien
1702 2365 76 57 M.
1822 2369 111 55 Ed.
1994 2366 216 60 Schuré

148 2431 145 55 dans
333 2446 108 41 son
480 2431 154 56 beau
673 2433 147 57 livre
860 2452 100 38 sur
1003 2436 70 54 R.
1119 2439 277 70 Wagner;
1432 2458 23 29 «
1493 2441 211 59 l'unité
1749 2448 69 54 de
1860 2446 352 74 conception

147 2529 20 29 «
206 2525 39 52 y
273 2514 86 51 est
386 2510 46 55 si
460 2511 255 73 parfaite
738 2514 181 70 qu'on
942 2533 64 39 se
1031 2518 293 59 demande
1351 2519 46 53 si
1425 2519 82 57 les
1531 2524 230 69 paroles
1788 2530 105 52 ont
1918 2528 95 54 été
2036 2528 174 57 faites

146 2609 23 31 «
207 2604 150 53 pour
392 2590 57 56 la
486 2591 268 73 musique
790 2610 80 40 ou
904 2595 57 56 la
998 2596 268 71 musique
1302 2617 147 53 pour
1483 2600 84 57 les
1603 2605 226 70 paroles
1851 2627 17 48 ;
1918 2623 77 41 on
2032 2608 179 56 dirait

147 2688 22 30 «
209 2667 181 70 qu'au
433 2671 129 70 plus
622 2673 145 55 haut
816 2674 168 72 degré
1046 2678 69 57 de
1166 2676 377 73 l'expression
1582 2684 296 72 poétique,
1912 2685 60 55 la
2013 2688 198 71 parole

151 2769 20 28 «
207 2751 166 52 toute
400 2750 270 58 vibrante
689 2753 190 57 d'âme
900 2760 61 50 et
980 2756 70 56 de
1065 2755 235 71 passion
1314 2775 60 39 se
1389 2758 112 58 fait
1512 2761 247 59 mélodie
1777 2764 392 57 d'elle-même.
2188 2786 22 29 »

151 2825 245 56 D'autre
430 2835 157 66 part,
620 2848 66 37 ce
717 2833 103 69 qui
857 2852 34 35 a
921 2835 94 53 été
1049 2835 203 57 réalisé
1284 2839 35 55 à
1352 2839 305 72 Bayreuth
1688 2861 147 54 pour
1865 2843 58 56 la
1959 2844 148 57 mise
2138 2862 72 39 en

153 2906 187 69 scène,
376 2906 81 57 les
495 2910 219 69 décors,
749 2911 53 57 le
833 2920 386 65 groupement
1256 2920 100 54 des
1392 2919 230 58 chœurs
1652 2927 92 50 est
1779 2941 111 38 une
1926 2923 285 57 véritable

152 2985 308 58 merveille.
494 2988 226 72 Depuis
754 2991 153 56 deux
940 3010 127 52 ans,
1101 2994 76 53 M.
1211 2995 287 71 Siegfried
1528 3000 250 70 Wagner
1806 3019 75 37 en
1911 3021 34 38 a
1975 3000 200 73 longue-

153 3068 159 53 ment
348 3066 200 59 étudié
584 3074 60 48 et
679 3071 245 71 préparé
959 3074 58 56 la
1051 3074 361 71 réalisation,
1449 3083 63 49 et
1544 3078 45 54 il
1620 3079 132 57 faut
1787 3079 124 57 dire
1947 3080 142 70 qu'il
2121 3081 90 73 s'y

153 3149 88 48 est
263 3149 224 53 montré
508 3167 79 38 un
606 3148 282 73 régisseur
908 3154 68 56 de
994 3156 255 69 premier
1261 3159 193 53 ordre.
1473 3158 154 70 Déjà
1644 3177 72 40 en
1735 3159 161 70 1894,
1915 3178 76 38 on
2027 3160 184 69 avait,

156 3224 277 72 paraît-il,
466 3229 178 57 réussi
660 3248 149 54 pour
841 3233 320 71 Lohengrin
1189 3236 248 73 quelque
1468 3239 170 55 chose
1670 3242 70 54 de
1769 3240 119 55 tirés
1919 3239 251 71 complet
2197 3259 14 47 ;

156 3304 168 72 mais,
359 3313 154 50 cette
546 3306 131 71 fois,
715 3328 76 39 au
824 3313 127 54 dire
985 3315 71 56 de
1093 3332 144 38 ceux
1274 3316 100 69 qui
1413 3324 103 48 ont
1550 3335 83 54 pu
1664 3335 318 54 comparer,
2023 3337 62 37 ce
2121 3316 92 55 fut

159 3399 201 42 encore
381 3386 335 60 infiniment
740 3390 134 70 plus
893 3391 174 70 beau,
1091 3398 59 49 et
1177 3412 76 37 au
1275 3394 132 70 fait,
1432 3413 75 38 on
1528 3413 75 39 ne
1624 3400 141 69 peut
1788 3395 123 59 rien
1930 3395 284 73 imaginer

166 3464 67 53 de
254 3464 129 70 plus
406 3468 405 69 harmonieux,
838 3471 69 55 de
927 3471 131 72 plus
1079 3471 229 72 vivant,
1335 3476 69 55 de
1426 3475 130 71 plus
1578 3474 125 55 vrai
1727 3493 113 53 que
1858 3492 66 38 ce
1942 3475 101 71 qui
2069 3490 143 41 nous

160 3540 93 57 fut
288 3548 207 57 donné.
532 3550 84 52 La
651 3549 154 54 seule
841 3550 275 70 question
1149 3554 99 55 des
1266 3555 218 68 décors,
1506 3556 70 55 de
1608 3553 325 71 l'éclairage
1962 3559 61 51 et
2057 3556 70 55 de
2158 3554 55 52 la
