2905 4109
1152 247 243 35 BULLETIN
1445 246 240 44 FRANÇAIS
1729 249 62 31 DE
1840 247 59 32 LA
1948 246 38 34 S.
2036 247 28 33 I.
2115 245 50 34 M.

628 249 123 49 1092

632 401 246 50 souvent
924 411 111 52 que
1080 392 80 54 les
1216 390 442 56 chefs-d'œuvre
1711 390 296 56 consacrés
2053 392 132 50 sont
2238 404 108 53 par
2398 405 113 36 eux
2563 386 120 72 pris

635 479 221 50 commè
903 489 223 37 mesure
1174 486 303 38 commune
1526 475 57 48 et
1631 487 222 36 comme
2361 466 98 67 Et,
2507 466 46 53 si
2603 466 80 55 les

626 554 248 54 théories
920 550 329 67 abstraites,
1297 550 264 54 déduites
1607 551 76 53 du
1728 550 152 54 culte
1924 550 70 53 de
2035 545 302 71 l'héritage
2382 545 299 71 classique,

628 637 132 50 sont
803 630 185 71 parmi
1037 646 111 37 eux
1192 627 185 56 moins
1420 628 490 70 prédominantes,
1951 626 44 53 il
2037 626 135 55 n'en
2215 628 88 51 est
2346 641 107 54 pas
2496 623 187 56 moins

630 710 121 54 vrai
802 726 110 52 que
958 708 52 55 le
1056 707 362 55 ressouvenir
1468 708 97 55 des
1611 708 211 54 trésors
1868 706 249 71 préférés
2168 705 69 54 de
2285 708 91 50 cet
2425 703 259 72 héritage

632 790 233 54 devient
915 786 217 72 parfois
1179 787 302 70 importun
1531 794 58 48 et
1640 788 284 69 engendre
1975 785 249 71 quelque
2277 782 403 71 dogmatisme.

630 868 304 67 Pourtant,
991 884 77 37 on
1122 884 367 52 remarquera
1543 871 248 50 souvent
1847 882 112 37 une
2015 862 274 56 curiosité
2343 862 130 70 plus
2528 861 156 71 large

628 951 58 50 et
729 947 98 54 des
866 945 185 71 partis
1090 945 119 71 pris
1249 945 186 54 moins
1471 945 475 56 indéracinables.
1992 943 70 69 Je
2101 961 71 36 ne
2214 941 160 70 parle
2410 940 96 69 ici,
2547 941 137 54 bien

629 1026 272 66 entendu,
945 1042 112 51 que
1100 1025 71 54 de
1212 1023 56 54 la
1317 1042 282 51 moyenne
1653 1025 71 54 de
1764 1025 58 53 la
1875 1022 247 70 critique
2167 1020 338 56 d'actualité
2533 1041 12 47 ;
2590 1039 94 35 car

624 1103 43 53 il
706 1110 87 48 est
833 1105 239 53 nombre
1113 1103 268 70 d'esprits
1421 1103 340 56 hautement
1802 1103 177 55 doués
2021 1100 281 71 auxquels
2354 1119 69 35 ne
2463 1100 221 54 saurait

630 1183 351 72 s'appliquer
1024 1183 56 54 la
1124 1182 442 71 généralisation
1609 1182 295 56 ci-dessus.
1954 1180 191 54 Parmi
2194 1197 130 51 eux,
2379 1180 55 69 je
2482 1178 202 56 citerai

632 1269 367 48 notamment
1039 1263 136 54 MM.
1220 1263 243 67 Hadow,
1507 1263 231 55 Vernon
1778 1262 352 66 Blackburn,
2173 1260 223 54 Arthur
2435 1260 249 70 Symons

629 1360 81 36 un
753 1341 355 71 polygraphe
1179 1341 96 70 qui
1326 1341 269 70 pratique
1640 1342 57 52 la
1743 1340 249 71 critique
2037 1337 276 60 musicale
2359 1352 141 40 avec
2547 1336 110 54 assi-

630 1421 179 67 duité,
845 1426 58 48 et
940 1422 141 54 dont
1112 1420 43 52 il
1189 1437 90 37 me
1314 1420 267 54 souvient
1621 1420 220 57 d'avoir
1874 1418 59 56 lu
1970 1421 97 52 des
2102 1417 229 56 articles
2364 1417 115 55 fort
2515 1416 141 71 origi-

634 1517 158 37 naux
821 1501 142 53 dans
990 1500 56 53 la
1526 1500 280 68 Saturday
2142 1500 213 53 Review
1625 1502 96 65 (i),
1753 1501 209 52 Ernest
1989 1498 300 66 Newman,
2319 1501 59 51 et
2407 1496 277 72 quelques

634 1584 193 49 autres
863 1580 143 53 dont
1042 1577 204 73 j'aurai
1287 1578 33 52 à
1354 1577 244 71 signaler
1634 1578 78 55 les
1747 1584 254 48 travaux
2036 1576 371 70 aujourd'hui
2446 1594 75 36 ou
2556 1575 128 71 plus

632 1658 151 54 tard.

743 1736 50 53 Il
840 1737 129 54 faut
1018 1745 327 61 remarquèr
1395 1754 202 37 encore
1648 1737 172 70 qu'en
1868 1736 336 70 Angleterre
2252 1736 81 53 les
2404 1736 172 70 goûts
2624 1740 60 49 et

630 1816 82 55 les
743 1815 285 72 opinions,
1060 1829 72 42 en
1175 1815 240 54 matière
1441 1817 69 54 de
1542 1816 281 70 musique,
1848 1817 314 67 procèdent
2194 1832 105 54 par
2332 1815 185 69 larges
2552 1831 99 37 cou-

632 1900 180 62 rants,
854 1895 188 53 variés
1079 1898 198 65 certes,
1319 1893 144 55 mais
1501 1896 75 52 où
1616 1900 320 65 manquent
1974 1895 80 54 les
2093 1893 323 56 continuels
2455 1892 229 57 conflits

637 1972 284 55 d'œuvres
962 1978 58 50 et
1065 1972 212 55 d'idées
1320 1972 117 70 qui,
1481 1972 196 55 mieux
1719 1991 110 52 que
1872 1978 165 50 toute
2081 1975 186 67 chose,
2312 1972 372 56 contribuent

632 2051 34 51 à
703 2051 263 70 aiguiser,
986 2051 214 70 parfois
1237 2051 230 70 jusqu'à
1503 2051 226 70 l'excès,
1752 2052 80 55 les
1868 2053 246 55 facultés
2154 2055 69 53 de
2263 2051 421 57 discernement

630 2136 59 48 et
746 2132 352 69 engendrent
1153 2131 186 54 même
1395 2147 112 40 une
1559 2132 363 70 inquiétude,
1985 2133 275 54 salutaire
2316 2150 133 37 sans
2507 2132 177 55 doute

635 2229 71 35 en
743 2210 82 54 fin
863 2211 70 53 de
971 2215 247 63 compte,
1258 2210 146 53 mais
1443 2227 95 37 sur
1574 2213 51 51 le
1663 2217 259 50 moment
1964 2213 461 54 déconcertante.
2468 2211 180 70 Cepen-

637 2288 161 66 dant,
854 2305 76 38 on
982 2306 39 52 y
1073 2293 87 49 est
1216 2305 153 38 assez
1423 2290 397 54 franchement
1875 2291 416 74 sympathique
2346 2292 34 51 à
2434 2288 249 56 certains

635 2371 272 51 courants
959 2384 325 52 nouvea.ux,
1340 2373 56 49 et
1451 2370 249 53 maintes
1755 2387 224 37 œuvres
2032 2372 323 67 modernes,
2411 2386 139 38 avec
2601 2370 83 53 les

630 2445 158 54 idées
832 2446 353 71 esthétiques
1237 2447 98 70 qui
1391 2466 71 36 en
1512 2453 130 49 sont
1687 2448 359 56 l'inévitable
2092 2452 245 69 cortège,
2384 2452 89 67 s'y
2516 2447 140 56 accli-

634 2528 290 52 materont
972 2525 136 55 bien
1156 2526 128 69 plus
1336 2526 277 54 aisément
1665 2527 346 68 qu'ailleurs.

741 2927 50 52 Il
838 2946 39 52 y
925 2946 33 34 a
1009 2928 132 69 déjà
1187 2927 325 70 longtemps
1560 2944 112 52 que
1719 2928 283 70 plusieurs
2050 2932 257 55 éditeurs
2356 2932 221 71 anglais
2626 2950 59 38 se

629 3011 131 48 sont
802 3006 110 53 mis
954 3007 35 51 à
1028 3006 225 71 publier
1296 3007 97 52 des
1436 3005 327 55 collections
1807 3010 69 53 de
1917 3011 443 71 monographies
2402 3012 98 70 qui
2544 3013 113 53 s'ac-

633 3083 277 55 croissent
970 3085 456 71 régulièrement.
1488 3085 171 68 Telle,
1720 3104 107 52 par
1888 3091 278 69 exemple,
2228 3091 56 53 la
2345 3092 339 54 charmante

642 3163 317 54 Miniature
1367 3165 165 52 sériés
1787 3165 56 67 of
1982 3163 327 68 musicians,
1680 3166 68 53 de
1794 3167 137 52 MM.
1979 3167 142 70 Bell,
2168 3171 144 53 série
2359 3170 326 71 d'agréable

629 3247 59 50 et
722 3242 141 55 utile
898 3242 421 71 vulgarisation
1349 3242 88 53 s'il
1471 3261 70 36 en
1573 3243 91 55 fut
1694 3264 8 31 :
1742 3245 70 54 de
1843 3246 183 70 petits
2061 3248 259 56 volumes
2355 3252 34 52 à
2425 3266 28 37 1
2489 3250 68 53 fr.
2595 3261 89 57 25,

747 3382 63 48 (1)
840 3382 122 38 Tout
989 3381 288 47 récemment,
1295 3381 31 39 il
1356 3381 125 39 vient
1511 3382 78 48 d'y
1615 3386 280 36 reconnaître
1925 3384 26 38 à
1979 3386 191 40 M.Paul
2193 3384 162 44 Dukas
2384 3401 87 28 une
2499 3387 163 41 sensibi-

628 3441 79 40 lité
742 3443 380 42 communicative
1159 3443 108 51 qu'il
1301 3441 145 41 refuse
1481 3441 27 39 à
1542 3441 131 40 César
1707 3443 192 47 Franck,
1935 3447 113 41 mais
2083 3449 187 39 accorde
2304 3450 28 37 à
2365 3448 322 51 Moussorgsky

625 3505 47 37 et
698 3501 26 38 à
749 3501 58 40 M.
832 3501 225 52 Debussy.
