3030 4275
791 1046 91 71 A
934 1047 429 74 Travers
1416 1048 94 71 la
1561 1050 545 83 Quinzaine

314 1235 164 64 Ayant
508 1235 170 63 déposé
703 1255 48 29 sa
780 1239 161 46 besace
969 1241 159 45 durcie
1159 1259 77 42 par
1264 1241 40 46 le
1333 1242 144 62 givre,
1506 1241 42 45 le
1576 1240 304 48 Bonhomme
1919 1243 182 57 Janvier
2141 1260 58 28 en
2240 1243 137 45 retire
2416 1242 64 46 les
2519 1241 206 62 présents

170 1322 92 44 que
292 1323 116 43 pour
438 1324 116 28 nous
582 1308 30 44 il
640 1310 149 44 tenait
816 1328 59 27 en
905 1310 192 47 réserve.
1141 1312 69 46 Le
1250 1314 120 43 voici
1409 1313 80 60 qui
1530 1328 118 29 nous
1686 1310 130 61 offre,
1845 1311 187 63 piquées
2059 1314 112 45 dans
2197 1312 42 47 la
2265 1314 137 61 gerbe
2431 1313 77 45 des
2535 1314 158 45 innom-

172 1376 179 47 brables
377 1378 200 61 récitals,
602 1378 64 48 les
692 1380 247 47 rutilantes
959 1382 196 46 corolles
1176 1383 55 44 de
1252 1382 225 62 quelques
1496 1381 195 47 sociétés
1710 1399 61 29 ou
1793 1385 297 44 associations
2111 1384 54 45 de
2186 1394 230 36 concerts.
2440 1383 284 46 Nullement

164 1446 201 64 jalouses
393 1449 55 45 de
476 1451 208 59 disputer
711 1450 25 46 à
762 1451 123 47 leurs
913 1453 160 46 rivales
1101 1453 102 61 plus
1230 1454 177 45 hâtives
1433 1453 42 45 la
1502 1452 152 62 palme
1682 1453 55 45 de
1765 1453 42 45 la
1835 1453 248 61 précocité,
2106 1453 63 47 les
2189 1455 321 45 retardataires
2528 1472 167 29 ressem-

171 1517 131 48 blent
340 1519 25 46 à
404 1536 76 30 ces
519 1521 137 47 fleurs
695 1524 77 59 qui
814 1521 367 62 s'épanouissent
1208 1542 59 27 au
1306 1524 102 60 plus
1446 1524 91 45 fort
1577 1524 56 45 de
1668 1522 125 61 l'été,
1822 1523 109 47 elles
1957 1536 104 33 sont
2089 1541 186 29 comme
2302 1542 76 29 ces
2405 1525 134 45 fruits
2564 1526 158 45 tardifs

168 1589 117 46 dont
313 1590 41 46 la
382 1591 224 46 maturité
633 1592 214 47 s'achève
876 1594 263 46 lentement
1167 1595 112 46 dans
1306 1593 394 48 l'arrière-saison.
1731 1593 200 48 D'avoir
1959 1595 186 45 montré
2184 1606 102 35 tant
2313 1595 54 46 de
2397 1595 324 47 nonchalance

167 1660 25 45 à
217 1660 213 61 s'ouvrir,
458 1680 58 27 en
546 1665 295 45 seront-elles
869 1665 101 60 plus
996 1664 205 64 gonflées
1227 1665 55 45 de
1308 1664 121 60 sève,
1459 1664 171 47 d'éclat
1656 1677 45 33 et
1729 1666 57 44 de
1812 1666 207 60 parfums
2041 1664 14 46 ?

313 1733 278 64 Voyageurs
617 1747 180 35 errants
824 1736 55 45 de
907 1735 42 46 la
971 1737 229 60 musique,
1223 1735 64 47 les
1313 1740 527 42 Concerts-Sechiari
1861 1737 244 59 viennent,
2127 1736 129 61 après
2275 1738 127 44 avoir
2424 1735 294 64 emménagé,

167 1802 55 46 de
264 1805 252 60 reprendre
558 1804 123 48 leurs
719 1806 190 47 séances
949 1806 320 48 dominicales.
1311 1806 68 47 Le
1419 1806 83 46 fait
1541 1808 55 44 de
1636 1806 178 47 n'avoir
1834 1806 182 60 trouvé,
2043 1825 58 27 en
2130 1824 51 29 ce
2210 1806 126 47 Paris
2362 1807 62 45 du
2461 1807 258 63 vingtième

165 1874 156 61 siècle,
346 1893 92 45 que
466 1875 42 46 le
537 1877 33 24 u
592 1876 148 47 Palais
767 1877 78 46 des
1087 1878 55 45 de
1175 1876 42 47 la
1257 1895 81 28 rue
1377 1877 345 47 Saint-Martin
1762 1895 116 43 pour
1905 1896 29 46 y
1961 1877 204 47 installer
2204 1879 181 45 cuivres
2422 1889 46 34 et
2507 1879 210 58 batterie,

167 1963 120 29 nous
314 1947 126 45 force
469 1945 25 47 à
521 1959 236 34 constater
786 1965 92 29 une
906 1948 86 46 fois
1019 1949 54 44 de
1101 1947 102 62 plus
1229 1949 221 45 combien
1477 1948 43 46 la
1540 1947 333 47 ville-lumière
1898 1959 66 36 est
1982 1965 171 44 pauvre
2174 1966 57 28 en
2255 1947 131 47 salles
2407 1948 55 45 de
2484 1949 232 60 musique.

167 2015 71 48 Ce
267 2034 219 30 nouveau
513 2016 118 48 local
661 2030 130 49 porte
824 2036 65 28 un
917 2020 108 44 titre
1066 2020 104 44 bien
1214 2036 238 44 pompeux
1493 2020 78 60 qui
1612 2018 256 63 s'applique
1906 2020 57 45 ici
2005 2019 26 46 à
2070 2036 65 29 un
2179 2019 136 46 cadre
2349 2020 236 59 spacieux,
2628 2020 88 61 gai,

165 2088 317 47 fraîchement
509 2088 186 61 décoré,
722 2089 245 61 approprié
991 2101 186 35 surtout
1202 2107 93 29 aux
1331 2091 253 61 spectacles
1611 2091 62 45 du
1713 2090 283 59 music-hall,
2024 2090 62 46 du
2113 2090 413 62 cinématographe
2553 2101 46 34 et
2625 2107 92 29 aux

160 2159 219 64 joyeuses
405 2159 224 47 réunions
656 2161 55 44 de
740 2160 250 63 thé-tango
1017 2178 61 28 ou
1104 2175 154 32 autres
1292 2162 209 46 maxixes
1538 2179 59 28 en
1626 2178 166 47 vogue.
1837 2161 91 47 Les
1967 2161 197 61 grandes
2199 2161 236 45 auditions
2473 2160 244 47 musicales

165 2230 66 47 lui
260 2231 326 46 conviennent
613 2232 171 59 moins,
811 2248 60 29 en
898 2232 150 45 raison
1077 2231 142 46 d'une
1258 2233 271 60 acoustique
1571 2233 176 45 rendue
1788 2231 301 47 défectueuse
2127 2249 79 44 par
2246 2231 40 45 le
2326 2230 390 62 développement

166 2312 105 36 tout
299 2319 59 28 en
387 2300 235 64 longueur
649 2314 47 33 et
723 2319 79 44 par
830 2301 41 46 le
899 2320 89 43 peu
1016 2302 56 45 de
1100 2303 200 46 hauteur
1328 2304 63 45 du
1418 2303 207 61 plafond.
1656 2303 125 47 Loin
1811 2303 55 46 de
1894 2320 45 29 se
1978 2302 165 47 fondre
2172 2302 112 45 dans
2322 2302 289 61 l'ensemble,
2651 2301 66 47 les

168 2372 152 47 divers
346 2390 202 44 groupes
574 2371 361 48 d'instruments
959 2390 30 47 y
1016 2385 281 35 conservent
1323 2373 101 47 leur
1463 2373 199 48 crudité.
1691 2373 314 62 Trompettes
2041 2385 46 34 et
2125 2373 286 59 trombones,
2451 2373 269 45 fracassants

168 2443 25 47 à
222 2443 189 61 l'excès,
443 2460 57 29 ne
528 2444 41 45 le
596 2444 173 46 cèdent
796 2461 58 27 en
885 2460 212 30 vacarme
1125 2460 89 44 que
1242 2444 172 47 devant
1439 2462 96 29 une
1560 2445 267 60 percussion
1854 2444 460 47 tumultueusement
2345 2443 371 47 assourdissante.

165 2514 64 48 Et
267 2531 120 30 nous
425 2532 59 28 en
523 2514 234 47 souffrons
794 2513 215 47 d'autant
1049 2516 101 59 plus
1188 2516 240 45 vivement
1466 2515 180 63 qu'une
1685 2516 230 62 phalange
1956 2516 192 45 ardente
2191 2526 46 34 et
2280 2513 159 62 souple
2478 2531 30 46 y
2546 2513 166 47 évolue

165 2585 292 48 docilement
481 2603 108 29 sous
617 2585 42 46 la
686 2586 220 62 baguette
933 2586 269 46 sobrement
1230 2587 257 60 expressive
1515 2587 56 45 de
1597 2604 83 29 son
1709 2587 122 58 chef,
1861 2585 78 47 M.
1969 2585 155 47 Pierre
2151 2584 219 47 Sechiari.

310 2657 70 47 La
407 2655 255 64 Symphonie
688 2674 58 28 en
773 2656 35 46 si
834 2655 136 47 bémol
991 2655 219 48 d'Ernest
1240 2657 245 47 Chausson
1513 2658 183 45 ouvrait
1722 2657 40 45 la
1790 2657 92 45 fête
1908 2674 180 28 sonore.
2120 2655 190 46 Œuvre
2332 2657 56 43 de
2411 2657 139 43 haute
2572 2666 141 34 tenue

165 2740 47 35 et
240 2729 55 45 de
322 2728 169 61 pensée
520 2728 222 45 hautaine
864 2726 63 46 où
953 2726 42 45 le
1017 2739 178 49 respect
1223 2728 78 46 des
1339 2729 172 45 formes
1538 2728 246 61 classiques
1824 2726 240 47 n'entrave
2086 2726 165 63 jamais
2289 2725 40 46 le
2369 2726 344 45 frémissement

163 2799 144 47 d'une
354 2799 213 46 émotion
614 2798 156 46 tantôt
814 2810 255 47 contenue,
1116 2798 167 61 parfois
1329 2799 102 61 plus
1475 2799 197 63 lyrique,
1720 2810 45 34 et
1811 2798 201 45 n'arrête
2051 2814 77 43 pas
2169 2797 256 61 davantage
2465 2796 42 45 la
2533 2797 180 45 chaude

163 2871 211 46 clameur
412 2871 57 46 de
496 2869 43 47 la
565 2868 254 48 sensibilité
857 2870 77 60 qui
962 2867 250 62 s'épanche
1252 2869 58 60 là,
1339 2887 136 45 grave
1503 2881 47 34 et
1578 2869 308 46 douloureuse
2007 2867 87 46 elle
2123 2868 70 44 fut
2221 2867 225 46 exécutée
2472 2884 111 28 avec
2621 2885 93 27 une

162 2943 196 60 superbe
386 2942 193 61 fougue.
609 2940 233 47 L'ivresse
870 2940 304 63 dyonisiaque
1201 2939 147 46 éclata
1375 2942 181 44 ensuite
1586 2942 333 61 bruyamment
1948 2939 112 45 dans
2099 2937 41 47 la
2167 2937 226 47 délirante
2433 2937 284 47 bacchanale

165 3014 62 45 du
257 3012 251 62 Vénusberg
531 3012 55 45 de
615 3012 234 62 Wagner,
878 3010 152 46 tandis
1056 3027 90 44 que
1174 3010 29 45 l'
1212 3008 256 49 Ouverture
1492 3012 52 45 de
1570 3010 188 46 Léonore
1784 3011 71 61 (n°
1883 3010 48 62 3)
1958 3010 56 45 de
2042 3009 274 46 Beethoven
2359 3010 87 44 mit
2473 3026 58 28 en
2559 3008 158 46 valeur

165 3083 43 47 la
247 3085 225 61 piquante
512 3082 206 64 légèreté
757 3082 79 46 des
874 3081 176 46 cordes.
1092 3079 149 48 Entre
1280 3099 77 29 ces
1394 3083 111 45 trois
1543 3098 224 46 ouvrages
1805 3091 251 49 purement
2092 3080 385 62 symphoniques,
2507 3096 45 30 se
2579 3078 140 47 firent

163 3156 232 45 entendre
434 3154 61 47 M
499 3152 61 27 elle
598 3154 211 46 Yvonne
850 3151 163 48 Dubel
1052 3164 47 33 et
1139 3169 92 29 une
1270 3154 201 45 virtuose
1499 3152 62 46 du
1590 3151 292 47 violoncelle.
1912 3150 71 48 La
2004 3151 107 45 voix
2138 3151 56 45 de
2220 3149 43 47 la
2284 3151 141 64 jeune
2465 3151 254 45 cantatrice

166 3243 118 30 nous
311 3227 186 61 parvint
525 3226 141 46 claire
693 3236 46 35 et
767 3223 280 60 lumineuse,
1076 3222 187 61 pareille
1290 3222 25 47 à
1343 3241 64 28 un
1436 3224 126 45 doux
1590 3239 143 47 rayon
1762 3221 188 46 d'étoile
1977 3220 272 47 illuminant
2270 3221 43 45 la
2385 3222 104 45 nuit
2515 3220 179 61 resplen-

165 3297 202 47 dissante
457 3297 56 45 de
554 3295 229 51 Gounod.
828 3293 141 49 Cette
1011 3293 239 46 Cantilène
1285 3295 52 44 de
1377 3292 292 64 Cinq-Mars
1706 3292 236 61 précédait
1979 3309 94 29 une
2113 3292 203 47 mélodie
2343 3292 56 45 de
2426 3292 292 59 Schumann,

167 3367 45 47 A
251 3387 72 27 ma
363 3367 187 47 Fiancée
553 3405 12 22 ,
607 3365 201 48 chantée
838 3383 58 28 en
935 3363 253 48 allemand.
1231 3363 401 47 L'orchestration
1673 3363 108 45 faite
1821 3380 78 44 par
1927 3363 77 47 M.
2034 3361 58 49 L.
2121 3363 163 47 Narici
2312 3363 240 63 témoigne
2578 3362 143 46 d'une

168 3438 185 47 louable
381 3439 255 47 discrétion
662 3438 26 47 à
715 3436 202 63 laquelle
940 3436 48 63 je
1014 3436 293 61 reprocherai
1336 3435 220 46 toutefois
1579 3452 49 29 sa
1653 3435 149 45 teinte
1826 3436 117 61 grise
1970 3445 48 35 et
2044 3451 80 44 par
2162 3447 104 48 trop
2305 3446 147 35 terne.
2493 3433 128 47 Mais
2658 3432 64 47 les

166 3511 216 46 ovations
407 3510 200 47 allèrent
635 3507 398 65 principalement
1069 3507 26 46 à
1134 3504 61 49 M
1200 3510 50 21 me
1279 3504 534 64 Caponsacchi-Jeisler.
1854 3504 137 48 D'un
2018 3506 162 46 archet
2217 3503 84 62 fin,
2327 3521 103 31 sans
2466 3505 180 45 vibrato
2673 3504 47 44 ni

171 3580 233 61 mollesse,
446 3581 89 47 elle
576 3580 256 62 interpréta
870 3595 112 31 avec
1020 3595 65 29 un
1126 3578 191 46 charme
1355 3575 384 48 délicieusement
1778 3577 221 62 pudique,
2028 3575 40 47 le
2110 3576 206 47 Concerto
2346 3576 55 46 de
2428 3574 120 48 Lalo
2573 3586 62 48 et,
2662 3591 59 29 en
