3030 4275
1502 224 63 69 S.
1633 225 54 68 I.
1754 225 107 68 M.

424 247 103 69 24

418 371 177 61 scène
628 372 72 60 de
734 372 508 60 divertissements
1293 373 159 59 avait
1508 371 93 59 été
1658 370 271 82 sculptée
1964 395 15 48 ;
2037 372 46 57 il
2133 393 76 37 ne
2258 387 153 45 reste
2469 393 118 60 que
2643 373 56 57 la
2750 373 193 80 partie

419 461 324 59 inférieure
778 476 59 44 et
869 463 83 57 les
985 475 190 45 traces
1208 462 142 60 d'un
1386 462 217 60 second
1640 462 269 80 registre.
1948 462 89 58 Le
2069 477 163 43 mort
2280 465 137 58 assis
2451 485 98 38 sur
2583 485 82 37 un
2700 461 163 84 siège
2911 462 32 60 à

417 551 170 81 pieds
637 573 75 36 en
761 550 196 61 forme
1009 550 73 58 de
1133 566 194 66 pattes
1383 552 73 60 de
1510 554 146 71 lion,
1698 551 300 81 regardait
2055 552 83 59 les
2189 552 205 60 danses
2451 551 492 84 qu'exécutaient

419 640 221 58 devant
673 642 87 56 lui
795 640 159 58 deux
988 639 303 73 hommes,
1326 664 83 36 un
1442 640 308 61 troisième
1786 640 216 58 battait
2023 641 55 57 la
2103 663 237 38 mesure
2369 665 71 36 en
2476 641 287 83 frappant
2798 641 145 60 dans

417 749 87 39 ses
538 731 210 59 mains.
776 731 104 57 Au
915 730 250 79 registre
1198 729 310 75 inférieur,
1543 733 82 58 les
1658 731 204 59 danses
1895 750 57 38 se
1989 733 414 77 poursuivent,
2431 730 319 62 exécutées
2783 745 160 46 cette

418 818 116 59 fois
586 842 105 58 par
742 821 141 79 cinq
940 818 255 59 femmes
1245 820 402 80 représentées
1698 821 144 59 dans
1893 842 116 37 une
2062 823 257 57 attitude
2370 844 120 59 que
2544 824 125 58 l'on
2727 837 216 44 trouve

412 923 306 45 rarement
751 909 143 57 dans
926 909 83 57 les
1042 907 200 59 scènes
1287 912 339 80 analogues.
1667 913 189 57 Leurs
1889 929 103 61 pas
2041 924 135 45 sont
2225 912 445 81 accompagnés
2727 933 108 60 par
2884 913 56 57 le

414 998 336 58 battement
783 998 72 58 de
889 999 195 57 mains
1117 998 72 57 de
1223 998 160 60 deux
1415 999 273 61 femmes.
1728 1002 87 57 La
1871 998 260 60 coiffure
2164 999 101 61 des
2316 1002 311 60 danseuses
2679 1018 86 44 est
2820 1016 90 44 ter-

411 1086 203 59 minée
648 1110 104 58 par
786 1108 117 37 une
935 1088 224 79 longue
1194 1102 197 59 tresse,
1425 1088 32 60 à
1494 1091 258 80 laquelle
1802 1105 86 43 est
1943 1089 338 80 suspendue
2327 1114 117 36 une
2495 1092 175 72 balle,
2705 1093 110 82 qui
2863 1115 76 35 au

408 1196 175 38 cours
618 1177 99 57 des
748 1175 341 59 évolutions
1123 1177 72 57 de
1227 1177 55 57 la
1315 1177 178 60 danse
1527 1178 325 60 entraînait
1885 1180 55 57 la
1975 1194 177 44 tresse
2199 1181 377 80 rapidement
2610 1196 222 45 autour
2865 1181 74 60 de

407 1267 56 56 la
517 1266 302 60 danseuse.
873 1267 58 57 A
990 1263 134 61 côté
1178 1266 100 58 des
1334 1267 300 61 offrandes
1691 1269 353 59 nécessaires
2095 1267 31 60 à
2182 1270 56 59 la
2289 1272 96 57 vie
2441 1270 357 73 matérielle,
2854 1294 80 37 on

405 1355 230 57 veillait
691 1355 155 60 donc
880 1354 31 59 à
962 1354 235 58 fournir
1246 1378 75 35 au
1371 1373 161 44 mort
1588 1359 100 58 des
1740 1360 231 79 plaisirs
2028 1357 373 83 esthétiques
2436 1375 78 57 et,
2549 1362 47 58 si
2651 1383 77 37 on
2782 1382 153 38 nous

404 1459 235 64 permet
672 1444 407 81 l'expression,
1106 1465 79 37 on
1218 1443 320 62 enfermait
1573 1469 73 37 au
1675 1449 285 57 tombeau
2008 1448 101 58 des
2144 1449 206 60 danses
2383 1472 75 37 en
2491 1451 82 59 les
2606 1450 329 61 exécutant

404 1531 348 60 réellement
786 1533 32 59 à
851 1531 333 61 l'intérieur
1236 1534 72 58 de
1340 1535 57 59 la
1453 1535 285 61 demeure
1773 1535 320 61 d'éternité
2130 1559 75 37 au
2262 1554 277 45 moment
2599 1542 100 57 des
2755 1539 144 61 funé-

408 1623 215 58 railles.

879 1724 75 79 (J.
996 1728 240 78 Capart.
1406 1730 117 57 Une
1556 1750 99 37 rue
1686 1730 66 58 de
1783 1730 287 59 tombeaux
2103 1754 35 34 a
2172 1732 297 58 Sakkarah
2476 1782 14 22 ,
2536 1733 211 80 1907.)

1290 3003 490 28 BALLADINE

1290 3068 216 43 OSTRACON
1544 3082 57 26 DU
1639 3068 136 40 MUSÉE
1812 3082 51 26 DE
1898 3084 135 27 TURIN
