3030 4275
831 473 131 66 La
1015 469 281 70 mode
1350 473 54 62 à
1452 474 377 62 travers
1881 465 143 69 les
2076 464 231 69 Arts

447 693 77 43 Au
553 692 103 44 coin
687 691 138 43 d'une
854 706 192 41 avenue,
1077 689 36 56 je
1143 688 143 44 croise
1314 704 90 26 une
1428 687 141 61 jeune
1597 686 172 43 femme
1798 684 74 59 qui
1902 696 128 47 porte
2067 700 91 27 une
2196 681 176 45 toilette
2410 677 181 45 dernier
2619 692 79 41 cri,
2744 690 74 29 car

310 763 39 44 la
378 761 100 55 jolie
515 777 303 44 promeneuse
855 776 43 27 se
938 760 193 58 projette
1173 776 56 26 en
1270 757 251 45 avant-toit
1559 773 58 26 en
1655 772 45 28 se
1737 755 192 61 rejetant
1962 771 55 26 en
2051 752 180 46 arrière.
2262 751 91 46 Cet
2380 747 124 59 effet,
2534 761 213 29 nouveau
2775 757 43 32 et

308 832 359 45 contradictoire
695 832 52 43 de
777 831 40 43 la
842 829 246 45 silhouette
1117 842 65 32 est
1209 829 176 43 obtenu
1406 843 77 44 par
1505 827 39 44 le
1569 826 194 60 drapage
1784 836 158 33 savant
1965 823 53 44 de
2041 823 42 44 la
2099 824 125 62 jupe.
2248 821 36 45 Il
2307 820 209 60 souligne
2540 815 277 62 également,

309 901 365 61 l'amplification
715 901 76 44 des
827 901 201 44 hanches
1063 912 111 33 et...
1206 900 53 43 de
1300 898 97 44 leur
1437 910 253 47 entourage
1730 895 38 45 le
1811 906 305 32 mouvement
2155 891 152 46 rentré
2344 892 75 43 des
2440 888 177 64 jambes
2644 886 176 43 minces

308 973 173 61 qu'une
505 973 125 43 fente
660 970 323 45 bienveillante
1013 982 177 46 permet
1218 968 259 45 d'admirer.

449 1043 85 45 Sur
580 1042 39 44 la
659 1042 108 61 jupe
815 1041 52 43 de
915 1039 180 45 velours
1126 1039 104 45 bleu
1259 1040 116 58 nuit,
1397 1038 225 61 s'étagent
1649 1037 121 44 deux
1799 1034 177 46 volants
2016 1051 55 26 en
2103 1033 274 44 mousseline
2400 1031 53 44 de
2474 1030 92 45 soie
2587 1025 233 62 soulignes

310 1113 139 45 d'une
487 1113 161 44 étroite
686 1111 144 44 bande
874 1110 53 44 de
967 1110 215 44 zibeline.
1215 1110 109 44 Une
1360 1121 159 32 courte
1552 1120 121 32 veste
1713 1123 55 27 en
1798 1104 198 45 zibeline
2025 1103 84 44 elle
2154 1103 131 58 aussi,
2314 1102 154 44 donne
2514 1100 11 43 1
2550 1096 268 62 impression

312 1201 75 42 par
414 1201 46 27 sa
486 1182 179 62 largeur
693 1180 235 47 anormale
957 1198 86 42 que
1074 1197 51 28 ce
1154 1196 177 28 cocasse
1361 1180 114 59 petit
1503 1190 218 33 manteau
1749 1176 115 44 n'est
1894 1191 76 43 pas
1991 1175 23 43 à
2041 1174 41 43 la
2110 1173 120 43 taille
2259 1173 54 43 de
2341 1171 112 45 celle
2482 1171 76 59 qui
2598 1168 38 44 le
2674 1178 144 48 porte.

311 1253 35 45 Il
375 1253 189 45 s'écarte
602 1251 333 47 sensiblement
970 1251 76 44 des
1084 1250 183 59 épaules
1305 1262 44 31 et
1380 1249 183 45 s'arrête
1600 1260 77 31 net
1705 1248 53 43 de
1788 1248 176 57 chaque
1992 1243 105 46 coté
2125 1260 113 42 pour
2266 1242 149 45 laisser
2442 1242 95 42 voir
2566 1239 40 44 le
2634 1253 186 43 corsage

310 1324 262 60 représenté
600 1340 77 43 par
707 1340 88 26 une
825 1322 140 44 haute
994 1321 208 45 ceinture
1231 1320 53 43 de
1311 1321 114 43 satin
1456 1319 175 60 Tango
1659 1318 110 44 dans
1808 1315 193 61 laquelle
2044 1332 44 26 se
2128 1313 191 60 perdent
2358 1312 120 44 deux
2520 1308 210 46 bretelles
2766 1307 53 43 de

311 1394 276 45 mousseline
634 1394 54 43 de
728 1394 91 42 soie
859 1391 255 45 échancrée
1154 1390 89 44 très
1289 1408 54 26 en
1369 1391 173 58 pointe.
1574 1386 171 48 L'effet
1773 1387 59 44 du
1861 1385 283 59 décolletage
2174 1382 114 45 n'est
2315 1380 190 47 atténué
2533 1396 77 43 par
2638 1394 181 29 aucune

310 1467 201 58 guimpe.
621 1463 68 45 Ce
709 1463 179 44 dernier
910 1474 44 32 et
976 1461 108 44 frêle
1107 1472 200 48 rempart
1329 1477 24 27 a
1370 1460 131 44 vécu.
1611 1458 82 45 Pas
1721 1459 54 43 de
1803 1456 118 44 voile
1949 1473 92 27 non
2072 1454 99 60 plus
2191 1470 72 27 sur
2286 1453 274 44 l'amusante
2580 1449 240 45 frimousse

311 1534 260 58 insensible,
600 1532 273 46 semble-t-il
902 1532 22 44 à
953 1531 39 45 la
1022 1533 89 43 bise
1140 1530 189 62 glaciale
1357 1531 77 58 qui
1464 1531 151 59 rougit
1644 1530 75 43 des
1747 1545 87 27 nez
1864 1528 151 42 moins
2043 1523 223 62 protégés.

456 1606 127 43 Vous
611 1603 242 56 n'ignorez
881 1620 89 42 pas,
1000 1620 55 25 en
1086 1600 122 58 effet,
1238 1618 86 42 que
1351 1602 32 42 si
1413 1600 62 44 les
1503 1604 194 40 femmes
1723 1615 44 28 se
1796 1597 275 45 dévêtissent
2093 1596 178 59 chaque
2294 1594 102 61 jour
2424 1592 269 58 davantage,
2723 1587 98 45 leur

312 1676 147 47 visage
519 1689 65 30 est
638 1675 59 43 du
752 1675 151 42 moins
946 1673 377 50 soigneusement
1368 1683 242 32 recouvert
1662 1670 53 43 de
1761 1668 175 45 crèmes
1980 1679 44 31 et
2071 1666 52 43 de
2170 1664 194 59 poudres
2415 1662 321 43 bienfaisantes
2777 1669 45 32 et

405 1717 27 19 O
1015 1714 26 19 O

310 1744 294 46 invisibles...
635 1744 178 45 croient
840 1742 107 45 elles
973 1740 7 47 !

453 1816 75 43 Ne
555 1814 228 45 concluez
810 1830 75 42 pas
913 1813 76 44 des
1016 1811 305 61 décolletages
1347 1810 24 45 à
1398 1810 165 45 l'ordre
1592 1811 59 43 du
1682 1810 97 57 jour
1818 1825 87 43 que
1942 1823 115 28 nous
2086 1804 119 46 voilà
2240 1819 196 29 revenus
2469 1820 23 26 a
2514 1801 11 43 1
2549 1817 176 43 epoque
2761 1798 61 44 du

314 1885 264 45 Directoire
613 1898 43 31 et
696 1884 227 61 épargnez
954 1900 115 27 nous
1102 1883 61 43 les
1201 1881 227 45 habituels
1455 1880 169 45 clichés
1649 1897 74 27 sur
1752 1881 29 23 u
1804 1879 90 45 Les
1922 1876 350 45 Merveilleuses
2349 1890 111 27 avec
2489 1871 57 45 M
2553 1873 48 19 nie
2642 1871 22 43 I
2684 1869 136 45 allien

312 1956 23 43 à
363 1956 96 43 leur
488 1956 92 43 tête
702 1954 116 44 Bien
848 1971 88 42 que
966 1953 38 44 le
1032 1952 159 46 récent
1218 1968 199 45 ouvrage
1444 1951 54 44 de
1526 1951 235 59 Turquan
1789 1949 99 45 leur
1911 1949 154 43 donne
2093 1963 61 28 un
2185 1945 152 61 regain
2368 1944 53 43 de
2448 1952 278 34 nouveauté.

454 2025 89 45 Les
570 2024 217 45 toillettes
815 2024 75 44 des
916 2024 210 56 femmes,
1155 2040 56 26 en
1248 2037 144 46 1914,
1420 2039 43 26 se
1491 2020 257 46 réclament
1775 2020 54 44 de
1861 2034 183 30 sources
2065 2018 75 59 qui
2165 2017 181 43 flattent
2384 2010 436 47 l'intellectualisme

312 2097 75 43 des
429 2095 139 45 belles
606 2096 247 44 auditrices
893 2095 52 42 de
988 2093 74 45 M.
1094 2093 204 61 Bergson
1340 2105 43 31 et
1425 2092 61 44 les
1526 2090 236 45 habituées
1799 2090 75 43 des
1909 2087 300 47 conférences
2241 2084 287 45 mondaines.
2557 2081 126 46 Elles
2712 2095 110 29 vous

312 2167 153 43 diront
493 2166 120 44 donc
642 2163 112 62 qu'il
783 2182 25 44 y
838 2182 24 26 a
890 2164 99 59 près
1016 2165 54 42 de
1098 2165 105 57 cinq
1236 2162 124 44 mille
1388 2179 81 27 ans
1495 2161 62 45 les
1584 2160 321 62 Egyptiennes
1991 2159 228 59 portaient
2241 2156 76 44 des
2339 2156 128 43 robes
2488 2163 335 48 transparentes

311 2250 43 30 et
383 2238 210 42 ornaient
630 2235 97 44 leur
766 2236 210 43 cheveux
1009 2234 53 44 de
1105 2233 239 44 bandeaux
1388 2231 98 45 d'or
1521 2231 223 45 incrustés
1782 2231 54 42 de
1876 2229 234 59 pièrreries
2202 2227 111 44 ainsi
2352 2223 136 62 qu'en
2518 2222 235 61 témoigné
2783 2219 41 45 la

308 2319 148 32 statue
486 2307 52 43 de
568 2305 40 45 la
635 2305 233 45 Princesse
897 2302 242 64 Nefer-Ta
1166 2304 77 59 qui
1272 2302 138 45 vécut
1430 2319 56 27 en
1517 2302 60 43 les
1604 2314 148 46 temps
1780 2300 229 44 lointains.

451 2375 123 45 Elles
616 2392 111 28 vous
766 2375 249 44 relateront
1052 2386 109 47 peut
1197 2373 95 44 être
1332 2372 263 61 également
1634 2372 40 43 le
1716 2372 129 58 point
1882 2370 53 43 de
1976 2368 161 61 départ
2173 2366 350 61 philosophique
2553 2363 58 43 du
2641 2361 181 63 pyjama

311 2446 190 60 qu'elles
528 2446 216 44 arborent
771 2446 296 43 maintenant
1095 2444 109 44 dans
1232 2443 96 44 leur
1357 2442 235 58 intérieur,
1623 2455 43 30 et
1695 2441 75 59 qui
1800 2439 244 44 démontre
2071 2439 98 44 leur
2198 2438 182 60 logique
2400 2435 24 44 à
2459 2434 200 45 rebours.
2691 2432 42 44 N
2760 2443 64 32 est

312 2517 26 43 il
378 2533 75 43 pas
485 2516 197 59 naturel,
722 2514 232 62 lorsqu'on
994 2526 128 48 porte
1159 2531 56 27 en
1253 2513 121 59 plein
1406 2514 126 43 hiver
1560 2512 23 44 à
1611 2512 40 44 la
1680 2510 103 44 ville
1813 2511 75 43 des
1926 2511 129 43 robes
2083 2507 274 46 décolletées
2394 2506 54 43 de
2486 2504 195 44 réserver
2710 2517 114 44 pour

312 2587 38 44 le
380 2588 104 43 coin
514 2587 58 43 du
602 2587 74 42 feu
714 2585 39 45 le
793 2586 150 44 chaud
985 2583 218 61 pantalon
1243 2596 45 31 et
1324 2583 40 44 la
1398 2581 286 46 confortable
1719 2598 186 27 vareuse
1933 2596 11 28 r
1973 2579 79 60 Et,
2080 2579 152 60 quand
2270 2595 59 27 on
2366 2575 149 45 revele
2550 2591 56 27 au
2646 2584 180 49 passant

313 2658 208 43 inconnu
551 2670 101 30 tous
678 2673 67 27 ses
771 2657 275 43 charmes...
1080 2672 58 27 ou
1168 2671 206 42 presque,
1404 2654 53 43 de
1488 2653 61 44 les
1577 2652 191 44 dérober
1798 2650 311 63 jalousement
2149 2650 110 43 dans
2297 2646 238 46 l'intimité
2556 2644 61 44 du
2657 2643 127 61 foyer
2815 2638 7 47 !

453 2726 68 45 La
561 2726 135 44 mode
736 2726 52 44 de
830 2726 185 44 demain
1056 2725 117 43 n'est
1215 2741 75 43 pas
1328 2740 168 28 encore
1534 2721 139 59 sortie,
1719 2723 113 42 mais
1870 2721 63 44 les
2025 2718 160 45 détails
2276 2719 234 59 changent
2549 2728 43 30 et
2634 2712 51 44 ils
2721 2723 105 33 sont

312 2796 167 61 légion.
528 2796 146 45 Telles
701 2796 64 44 les
802 2797 233 44 ceintures
1072 2796 77 59 qui
1180 2795 212 44 donnent
1430 2810 93 28 une
1564 2805 107 31 note
1712 2790 289 61 personnelle
2041 2790 24 44 à
2104 2791 176 57 chaque
2321 2800 223 33 costume.
2578 2783 33 44 Il
2643 2800 24 45 y
2706 2800 24 26 a
2766 2781 61 45 les

312 2867 216 59 écharpes
552 2866 215 58 sultanes,
798 2866 258 62 bayadères,
1086 2881 224 43 persanes,
1354 2878 310 45 mauresques,
1700 2874 151 32 toutes
1886 2860 269 58 remaniées,
2184 2856 295 62 transposées,
2503 2853 324 61 parisianisees.

313 2936 82 46 On
435 2953 215 28 annonce
688 2939 112 41 aussi
842 2954 86 42 que
969 2935 40 45 la
1049 2934 234 45 Princesse
1324 2934 155 45 XXX
1509 2933 60 44 du
1599 2932 162 47 Gotha
1787 2932 303 59 authentique
2118 2944 43 29 et
2190 2930 76 43 des
2302 2928 99 60 plus
2444 2941 183 29 comme
2657 2922 28 45 il
2714 2925 112 54 faut,

311 3008 165 58 adopte
505 3006 296 45 décidément
839 3005 42 45 la
909 3007 137 43 mode
1074 3005 78 45 des
1183 3005 126 59 pieds
1337 3021 86 28 nus
1450 3003 110 45 dans
1587 3002 40 45 le
1672 3003 229 43 cothurne
1926 3023 10 35 ;
1981 3001 29 44 il
2038 3019 28 44 y
2093 3018 25 27 a
2145 2999 262 61 également
2434 2996 11 44 1
2467 2994 256 61 apparition
2754 2993 75 44 des

312 3078 258 44 manchons
597 3077 101 44 faits
726 3076 137 45 d'une
893 3075 143 46 touffe
1066 3075 54 44 de
1148 3075 180 59 plumes
1354 3091 142 44 rouge
1524 3072 218 60 cardinal,
1772 3090 60 26 ou
1859 3071 140 45 violet
2028 3071 189 59 évêque.

453 3146 90 45 Ces
570 3147 121 44 deux
720 3146 209 45 couleurs
966 3145 301 46 sacerdotales
1293 3146 235 43 orientent
1556 3142 61 45 les
1644 3142 187 61 pensées
1871 3142 53 44 de
1952 3141 42 45 la
2032 3140 261 46 séduisante
2384 3149 251 47 tangueuse
2730 3150 99 29 vers

310 3216 223 45 l'interdit
561 3218 75 58 qui
667 3234 192 27 menace
885 3234 80 27 son
996 3215 166 61 plaisir.

451 3286 103 45 Elle
583 3300 65 32 est
676 3287 172 45 arrivée
879 3288 168 44 devant
1076 3285 40 44 le
1146 3288 29 22 u
1198 3285 78 47 thé
1303 3285 140 45 select
1542 3283 58 45 où
1629 3283 40 45 la
1708 3282 76 45 file
1824 3283 76 44 des
1937 3294 131 33 autos
2105 3280 236 60 s'allonge.
2384 3278 89 44 Son
2515 3287 218 33 manteau
2775 3275 52 43 de

309 3356 201 45 zibeline
555 3356 178 61 enlevé,
771 3374 79 28 son
900 3358 129 43 buste
1090 3357 245 43 charmant
1390 3372 44 28 se
1477 3366 183 32 montre
1709 3354 111 44 dans
1858 3370 46 28 sa
1949 3351 162 45 nudité
2149 3350 24 45 à
2212 3350 134 60 peine
2373 3346 263 47 dissimulée
2663 3363 76 42 par
2769 3345 62 44 les

310 3428 224 59 draperies
562 3428 53 43 de
645 3427 278 45 mousseline
952 3428 54 43 de
1034 3428 93 44 soie
1155 3427 74 59 qui
1260 3424 362 60 l'enveloppent.
1655 3424 130 44 C'est
1813 3422 232 46 d'ailleurs
2071 3439 92 27 une
2181 3433 119 31 sorte
2319 3417 283 45 d'uniforme
2627 3438 11 35 ;
2658 3415 172 61 quelles

310 3515 85 43 que
423 3498 149 43 soient
600 3497 63 45 les
689 3499 130 43 robes
846 3497 40 45 le
916 3515 184 43 corsage
1130 3510 66 31 est
1223 3496 207 62 toujours
1451 3494 218 59 composé
1697 3494 371 45 exclusivement
2087 3490 138 45 d'une
2246 3490 209 44 ceinture
2473 3501 45 31 et
2540 3487 54 45 de
2617 3487 214 43 kimonos

311 3568 53 44 de
393 3567 128 59 tulle,
551 3568 53 44 de
634 3567 201 45 dentelle
864 3585 60 27 ou
952 3568 55 44 de
1036 3566 277 46 mousseline
1343 3567 53 43 de
1424 3566 92 43 soie
1548 3565 23 44 à
1599 3565 124 45 clair.

453 3637 66 45 Le
549 3650 140 50 tango
717 3651 109 46 peut
855 3638 278 59 disparaître,
1175 3636 62 46 les
1276 3636 201 45 toilettes
1516 3636 76 44 des
1631 3635 195 45 femmes
1865 3635 78 59 qui
1985 3633 40 44 le
2064 3630 244 47 dansèrent
2337 3629 274 44 demeurent
2638 3640 45 32 et
2709 3628 31 44 si
2772 3626 61 44 les

313 3710 164 58 petites
503 3706 116 46 filles
647 3707 147 46 d'Eve
824 3726 57 26 ne
909 3708 196 61 goûtent
1133 3707 99 60 plus
1267 3725 56 26 au
1364 3706 109 44 fruit
1497 3706 217 57 défendu,
1745 3705 108 44 elles
1879 3715 188 34 sauront
2094 3719 53 27 en
2180 3701 211 60 grapiller
2419 3717 62 27 un
2510 3711 144 33 autre.

453 3779 71 43 Ne
556 3778 95 44 leur
680 3791 113 31 reste
823 3777 66 45 t'il
920 3795 89 42 pas,
1039 3795 55 27 en
1125 3776 107 46 effet
1260 3776 41 45 la
1332 3777 195 44 Maxixe
1551 3791 12 29 r

2241 3781 101 40 Jan
2377 3780 66 39 de
2474 3780 52 39 la
2558 3780 153 38 Tour.
