3954 3782
563 276 264 39 POESIA

1654 482 300 104 DAL
2043 482 621 108 CROATO

1186 752 287 45 SPLEEN

551 888 164 46 Densa
750 887 46 46 la
832 887 172 46 nebbia
1040 886 27 45 è
1112 887 183 56 caduta,
1332 886 390 61 piovigginando.
1763 884 130 61 Ogni
1942 901 122 41 casa,

550 970 47 44 di
632 978 125 36 sotto
792 968 46 46 al
874 968 118 45 cielo
1027 968 47 45 di
1110 967 207 60 piombo,
1356 982 146 46 sorge
1538 967 250 44 fantasima
1824 966 224 53 immane;

548 1064 206 45 passano
790 1047 65 61 gli
891 1047 179 46 uomini
1107 1047 118 45 muti
1242 1065 9 28 :
1284 1046 131 46 molti
1451 1046 87 46 che
1573 1055 102 35 sete
1710 1046 159 44 hanno
1905 1061 26 29 e
1968 1046 136 53 fame,

550 1130 45 44 in
632 1128 155 60 quelle
821 1127 195 46 tenebre
1051 1127 113 55 fitte,
1202 1142 158 30 vanno
1397 1127 232 45 cercando
1665 1142 62 28 un
1765 1141 136 44 pane.

848 1220 7 17 t

551 1243 133 45 Cade
719 1241 78 61 più
834 1243 147 43 densa
1017 1241 45 45 la
1100 1241 184 57 nebbia,
1320 1241 117 45 cade
1472 1240 45 45 la
1552 1239 193 61 pioggia
1782 1238 78 61 più
1903 1239 134 54 lieve,

549 1323 220 45 sembran
808 1322 199 60 sepolcri
1043 1321 43 45 le
1122 1337 122 38 case,
1271 1321 127 45 larve
1433 1321 46 44 di
1516 1336 122 43 cupo
1674 1319 163 45 dolore

547 1403 66 60 gli
652 1402 192 45 uomini.
884 1401 139 45 Vedo
1059 1400 45 46 la
1140 1410 163 45 morte,
1342 1401 86 44 che
1465 1400 165 45 incede
1664 1399 153 60 rigida
1852 1415 26 28 e
1914 1398 141 59 lenta,

548 1479 202 47 l'ultimo
787 1481 188 45 rantolo
1013 1490 137 35 sento
1187 1478 295 47 dell'infelice
1517 1479 85 44 che
1638 1495 178 28 muore.

549 1594 115 46 Alta
700 1612 26 28 e
763 1594 199 46 solenne
997 1594 91 45 ella
1123 1610 156 44 passa,
1315 1602 194 50 sparuta
1545 1593 45 43 in
1627 1592 144 53 volto,
1811 1608 83 44 per
1929 1591 91 59 via,

548 1690 140 30 scava
724 1674 44 45 la
806 1674 125 45 fossa
967 1690 28 29 a
1032 1674 72 44 chi
1142 1673 154 54 soffre,
1333 1683 165 34 stanco
1535 1672 74 44 del
1645 1671 159 45 vivere
1841 1687 175 29 umano
2039 1688 9 35 ;

551 1763 179 50 spettro
766 1753 228 59 beffardo,
1022 1753 90 45 ella
1136 1753 169 44 chiude
1329 1752 66 61 gli
1421 1752 130 44 occhi
1576 1768 28 28 a
1629 1751 73 44 chi
1728 1748 26 46 Y
1768 1750 163 45 ultimo
1956 1767 151 45 sogna

548 1849 155 45 sogno
738 1833 169 45 dorato
943 1848 26 29 e
1004 1833 248 59 bugiardo,
1291 1848 88 28 con
1416 1831 45 44 la
1498 1847 85 28 sua
1618 1829 159 61 gelida
1814 1846 154 30 mano.

1231 1966 189 48 SERA

554 2104 36 44 Il
628 2102 101 47 sole
765 2102 27 46 è
827 2103 79 61 già
941 2102 44 46 al
1021 2112 240 35 tramonto
1297 2118 26 29 e
1358 2100 28 46 Y
1409 2103 163 44 ombre
1610 2102 157 45 fosche

550 2198 226 45 sorgono,
814 2198 134 29 come
983 2182 180 59 spettri,
1202 2180 122 46 dalle
1359 2182 162 44 tombe
1539 2199 8 35 ;

550 2278 96 29 una
682 2262 209 44 mestizia
926 2277 172 29 arcana
1135 2261 118 44 sulla
1288 2270 140 44 terra,

550 2341 73 45 sul
659 2357 129 29 mare
825 2341 231 44 incombe.

550 2455 90 44 Per
675 2455 46 43 lo
758 2464 231 50 spavento
1027 2455 74 43 dei
1138 2453 233 55 fantasmi,
1409 2455 44 43 ai
1490 2455 112 53 nidi,

551 2533 183 61 fuggon
771 2533 66 61 gli
875 2532 187 62 augelli,
1102 2534 44 43 in
1185 2549 108 29 core
1328 2533 254 60 trepidanti
1601 2551 9 36 ;

548 2628 150 44 apron
735 2612 43 45 le
813 2612 147 59 stelle,
999 2613 59 44 ad
1098 2629 93 28 una
1227 2613 62 44 ad
1325 2629 108 41 una,
1474 2613 45 44 in
1556 2613 131 54 cielo,

548 2692 66 60 gli
650 2692 130 45 occhi
817 2691 286 61 smaglianti.

550 2822 27 27 e
615 2806 193 44 inviano
835 2805 44 45 al
917 2805 178 45 mondo
1134 2805 122 44 dolci
1293 2806 140 59 sogni
1470 2822 26 28 e
1533 2816 149 36 meste

550 2900 233 43 romanze,
823 2886 140 58 piene
999 2884 47 44 di
1082 2883 321 59 melanconia;

550 2980 94 28 una
679 2979 230 45 campana
946 2963 45 45 in
1029 2963 283 45 lontananza
1347 2980 150 29 suona

548 3042 122 46 Fave
708 3043 152 45 Maria
878 3043 7 46 !

550 3156 186 45 Scende
771 3156 45 45 la
853 3172 120 41 sera,
1013 3156 123 45 nella
1171 3166 134 35 veste
1340 3157 166 55 bruna,

548 3252 89 28 con
675 3234 108 47 l'ala
818 3246 177 44 stanca,
1034 3246 144 47 muta,
1216 3235 220 46 dolorosa
1453 3253 8 35 ;

550 3314 196 46 Fultima
782 3332 197 44 spegne,
1020 3332 87 28 con
1146 3316 43 44 la
1227 3332 141 29 mano
1404 3315 188 60 scialba,

552 3394 125 45 nube
712 3394 47 44 di
796 3410 122 30 rosa.

2792 754 217 45 UMOR
3044 755 231 44 NERO!

2453 887 179 54 Fiume,
2671 904 90 29 ove
2799 889 152 45 corri?
2987 890 238 46 Arrestati
3263 906 62 28 un
3362 896 243 40 momento

2453 966 151 46 Forse
2639 965 210 62 l'amore,
2888 969 45 44 la
2968 985 225 43 speranza
3229 970 91 60 pia,

2450 1045 46 46 la
2531 1045 56 46 fe'
2628 1046 34 45 ti
2700 1047 172 61 spinge
2907 1064 136 29 verso
3081 1049 31 44 il
3147 1065 102 29 mar
3285 1047 265 63 d'argento,

2453 1125 120 46 dove
2609 1126 113 60 ogni
2761 1143 137 43 pena,
2938 1127 112 60 ogni
3086 1127 135 46 dolor
3258 1126 209 48 s'oblia?

2453 1227 103 45 Con
2594 1228 162 44 occhio
2792 1229 133 45 triste
2963 1230 45 44 io
3045 1246 149 44 seguo
3231 1229 45 46 la
3311 1239 82 37 tua
3428 1232 93 50 via;

2450 1305 47 45 in
2535 1322 75 28 me
2646 1304 194 47 l'amore
2876 1308 78 59 già
2990 1308 60 44 da
3086 1308 148 62 lungo
3271 1308 26 46 è
3333 1319 183 50 spento,

2451 1383 45 45 la
2534 1384 107 46 fede
2676 1385 254 46 affievolita
2966 1403 26 28 e
3027 1385 158 47 l'alma
3221 1389 93 43 mia

2450 1479 95 29 non
2582 1481 140 43 spera
2760 1464 80 60 più
2858 1482 7 35 ;
2906 1482 118 29 sono
3061 1482 95 29 una
3192 1467 143 61 foglia
3371 1467 43 45 al
3451 1477 154 38 vento.

2453 1564 91 46 Nel
2580 1581 134 30 corso
2752 1576 96 48 tuo,
2887 1567 113 46 fatai
3034 1568 304 60 vertiginoso,

2449 1646 256 45 soffermati
2742 1662 62 29 un
2845 1648 170 45 istante
3037 1665 10 38 ;
3086 1648 28 45 il
3151 1648 94 46 mio
3281 1648 164 46 dolore

2453 1726 200 52 troverà,
2695 1724 75 46 nel
2806 1735 82 35 tuo
2924 1742 99 38 sen,
3061 1742 116 43 pace
3212 1743 26 28 e
3274 1727 173 61 riposo.

2451 1826 192 46 Eccomi
2660 1844 9 29 :
2705 1836 50 36 tu
2794 1827 63 45 mi
2893 1827 187 46 cullerai
3116 1827 233 47 sull'onda

2450 1921 27 28 e
2514 1905 29 45 il
2581 1922 128 28 mare
2746 1922 191 30 azzurro
2972 1924 27 28 a
3034 1916 49 36 te
3119 1909 116 44 darà
3271 1907 26 45 1'
3321 1924 163 30 amore

2450 2000 27 29 e
2514 1994 151 35 morte
2702 2001 28 29 a
2766 2001 88 37 me,
2896 1985 122 45 nella
3053 1986 163 46 tomba
3252 1986 245 59 profonda.

2603 2121 48 56 È
2686 2133 268 45 MORTO
2992 2134 103 44 UN
3131 2134 308 46 ANGELO

2932 3321 62 48 R.
3142 3321 433 48 Katalinic=Jeretov

2939 3402 277 57 Giuseppe
3561 3402 69 47 de
3766 3402 1 57 P
3647 3402 60 57 aitoni,
3716 3402 42 57 traa.

2450 2266 141 46 Nella
2628 2277 175 46 stari2a,
2843 2270 308 53 tristemente,

2517 2346 150 46 ardon
2703 2347 105 47 ceri.
2849 2347 146 45 Fuori

2517 2425 197 59 splende
2751 2426 28 44 il
2815 2426 114 53 sole;
2966 2426 71 46 sul
3072 2427 188 57 feretro,

2519 2503 104 46 tutt'
2637 2505 202 58 intorno,
2878 2505 117 49 fiori.

2450 2605 41 44 E
2528 2604 29 45 il
2594 2605 226 46 bambino
2857 2606 294 45 dolcemente

2517 2684 27 45 è
2581 2695 72 36 tra
2691 2686 12 45 i
2740 2685 85 47 fior
2860 2688 179 58 spirato
3056 2703 10 42 ;

2516 2764 95 61 già,
2638 2780 85 45 per
2747 2775 169 50 questa
2938 2775 143 48 terra,
3103 2780 62 30 un
3192 2765 172 61 angelo

2521 2859 93 29 non
2652 2854 142 49 potea
2818 2860 127 30 esser
2984 2854 109 34 nato
3111 2844 7 46 !

2454 2944 140 46 Batte
2631 2944 29 46 il
2697 2944 85 60 sol,
2807 2944 71 46 col
2915 2945 168 61 raggio
3118 2945 211 55 ardente,

2519 3024 71 46 sul
2627 3041 87 29 suo
2750 3025 100 45 viso
2886 3024 124 46 bello
3028 3042 8 37 ;

2523 3105 246 46 scendono
2804 3105 65 60 gli
2906 3104 155 62 angeli
3098 3104 77 46 dal
3210 3104 115 46 cielo

2520 3199 88 44 per
2643 3183 29 46 il
2709 3184 71 46 lor
2816 3183 196 47 fratello.

2073 3545 134 26 20
