3954 3782
3221 221 268 40 POESIA

708 351 223 95 LE
1008 341 1010 101 RANOCCHIE
2092 333 931 102 TURCHINE

318 517 150 45 Dolce
503 533 247 44 convegno
788 516 44 44 in
871 512 245 62 acquitrini
1152 511 181 45 arsicci:

384 596 168 46 dentro
589 595 43 46 al
669 595 255 60 giuncheto
962 608 63 29 un
1062 589 347 47 ranocchiaccio
1446 588 46 44 in
1529 598 152 41 trono,

385 674 445 61 sdottrineggiando
869 673 45 43 in
950 669 225 61 languido
1211 668 298 52 abbandono,

385 770 259 45 scompone
678 752 146 46 d'una
860 768 85 28 sua
980 750 241 45 maitresse
1258 748 12 43 i
1307 747 119 44 ricci.

322 891 40 43 E
399 890 120 44 dice:
560 916 63 7 —
663 889 43 43 C)
745 885 236 63 reginella,
1023 883 270 46 finalmente

391 970 44 44 io
473 969 62 45 mi
571 984 142 44 posso
750 965 144 46 cullar
929 981 54 28 su
1020 964 45 44 la
1100 973 82 34 tua
1217 963 145 43 bocca
1380 976 9 37 ;

392 1049 43 44 io
473 1048 61 44 mi
572 1063 143 43 posso
750 1044 145 46 cullar
931 1060 54 28 su
1023 1042 45 45 la
1103 1051 82 36 tua
1220 1042 145 43 bocca

391 1125 190 62 piccola,
621 1142 28 27 o
686 1123 224 51 sensitiva
946 1118 373 50 adolescente!...

324 1262 210 44 Vibrano
571 1259 144 45 l'erbe
752 1273 132 29 come
919 1256 241 45 laminette

391 1339 287 45 sottilissime
713 1354 27 28 a
778 1353 62 28 un
879 1336 162 44 fischio
1077 1334 97 45 alto
1210 1335 46 43 di
1293 1343 154 42 vento,

393 1419 13 44 i
443 1417 120 61 grilli
600 1416 165 45 inermi
803 1416 44 43 in
884 1414 101 45 loro
1021 1414 110 44 zirlo
1168 1413 126 44 lento

393 1497 268 44 secondano
698 1494 159 45 l'urlar
893 1493 120 45 delle
1049 1493 202 45 vedette.

2011 505 83 45 Ma
2130 504 45 44 la
2210 503 174 61 regina,
2424 500 160 54 allora,
2625 500 46 45 in
2709 514 174 45 magna
2918 512 177 44 pompa

2077 581 272 47 scivolando
2385 590 72 36 tra
2491 576 147 49 l'erbe
2673 594 27 29 e
2734 587 72 36 tra
2842 576 43 46 le
2921 592 141 36 rame,

2079 670 297 37 cautamente
2411 659 145 61 fugge
2593 655 76 47 dal
2706 672 159 30 reame

2079 755 137 30 scuro
2251 755 27 30 e
2312 738 206 62 garrisce
2552 752 89 29 ove
2677 735 44 45 la
2756 734 113 44 luna
2904 733 217 58 irrompa.

2014 842 41 44 E
2091 841 103 45 leva
2229 856 85 29 sue
2349 837 189 62 querele
2574 837 44 44 in
2657 834 161 62 picciol
2855 849 123 31 coro.

2084 919 267 46 L'amatore
2385 918 46 46 la
2465 917 179 59 stringe
2678 932 27 29 e
2740 914 365 59 l'accompagna,

2083 998 188 47 avvolto
2306 998 46 46 in
2390 1013 94 29 una
2518 995 224 46 lucidetta
2777 1008 149 45 ragna

2083 1088 123 37 tutta
2240 1077 184 47 stellata
2460 1075 47 46 di
2544 1073 160 47 monili
2740 1073 148 49 d'oro,

2015 1196 27 29 e
2077 1178 207 46 sollecita
2320 1177 44 46 la
2400 1176 130 62 regal
2566 1191 86 29 sua
2687 1173 151 46 druda

2085 1257 94 46 fino
2216 1256 91 46 allo
2343 1266 170 50 stagno
2549 1255 181 44 adorno
2766 1251 47 44 di
2850 1249 232 61 fogliame,

2085 1354 88 28 ove
2210 1337 44 43 in
2292 1351 62 29 un
2391 1332 229 47 brulichio
2655 1331 173 45 scende
2862 1328 47 45 di
2946 1343 130 30 rame

2085 1416 43 44 la
2164 1415 122 52 luna,
2326 1430 26 29 e
2387 1413 185 57 l'acqua
2607 1409 141 46 verde
2785 1406 295 61 s'impaluda.

2765 1510 206 48 Enrico
3250 1508 117 47 Cavacchioli.

2599 1595 212 25 VINCITORE
2835 1594 76 22 DEL
2935 1593 27 22 II
2988 1592 203 24 CONCORSO
3215 1592 40 23 DI
3323 1590 134 25 POESIA
3475 1608 21 14 ,,

1246 1695 1293 106 ANNE-MARIE

267 1880 84 45 Ma
385 1879 104 53 fille,
530 1889 81 34 ton
648 1876 169 61 regard
854 1891 58 30 au
950 1875 173 44 monde
1159 1871 256 47 s'habitué.

266 1949 70 43 La
370 1949 75 44 vie
479 1946 197 60 étrange
711 1944 157 45 s'orne
902 1959 58 29 en
997 1959 52 28 se
1084 1941 170 44 livrant
1288 1940 28 44 à
1352 1938 80 47 toi.

262 2016 75 43 Tu
374 2016 147 43 aimes
555 2012 43 46 le
634 2012 217 46 moineau
888 2010 80 59 qui
1004 2020 134 34 sauté
1174 2024 78 29 sur
1288 2006 43 46 le
1366 2006 100 52 toit,

268 2083 70 45 La
367 2083 144 60 jeune
549 2081 155 44 chatte
739 2078 124 61 agile
898 2088 47 35 et
979 2076 46 45 la
1059 2076 140 61 poule
1235 2085 176 49 pattue.

264 2152 74 43 Tu
376 2151 146 44 aimes
558 2148 67 46 les
661 2148 156 46 brebis
852 2154 262 44 trottantes,
1153 2144 44 45 le
1231 2143 135 44 chien
1404 2140 113 54 noir,

267 2219 67 45 Le
363 2218 157 60 jardin
557 2227 47 34 et
639 2215 43 46 le
718 2214 84 46 ciel
838 2213 280 46 floconneux
1152 2213 59 43 de
1247 2225 192 44 nuages,

267 2288 69 43 La
371 2285 133 61 place
539 2285 231 45 herbeuse
805 2281 61 46 où
903 2281 148 45 crient
1085 2280 66 45 les
1188 2278 185 47 enfants
1407 2278 63 43 du
1508 2275 184 61 village,

268 2354 92 44 Les
395 2352 153 61 linges
583 2349 186 47 remués
804 2350 60 44 de
899 2358 124 41 vent,
1063 2358 47 34 et
1146 2346 43 45 le
1225 2346 158 43 miroir

267 2420 77 46 Où
383 2431 83 35 ton
502 2420 162 59 visage
699 2417 110 46 clair
845 2415 184 61 appelle
1065 2425 81 35 ton
1183 2415 176 58 visage.

268 2524 84 43 Ma
386 2521 104 54 fille,
531 2532 83 35 ton
651 2519 170 61 regard
858 2534 74 29 me
968 2515 197 47 trouble.
1200 2515 51 60 Je
1287 2513 152 45 revois

268 2591 69 45 Le
371 2590 108 44 bleu
517 2589 178 44 sourire
732 2587 43 45 d'
794 2601 91 30 une
922 2586 155 59 image
1117 2581 296 47 d'autrefois.

270 2659 43 45 O
353 2656 224 46 mémoire
592 2657 10 46 !
640 2665 70 35 tes
747 2655 132 44 traits
915 2664 108 34 sont
1058 2667 117 30 ceux
1211 2651 58 43 de
1306 2665 109 29 mon
1452 2646 161 53 aieule,

267 2725 141 45 Amie
442 2726 28 43 à
506 2723 80 60 qui
623 2739 109 28 mon
769 2736 128 31 coeur
925 2720 164 60 jaloux
1125 2717 34 46 s'
1176 2716 115 47 était
1325 2726 178 42 ouvert,

267 2794 62 45 Et
366 2792 81 60 qui
483 2792 118 44 dans
638 2806 52 28 sa
724 2789 182 45 maison
943 2787 284 51 silencieuse,
1269 2783 140 53 seule,

271 2862 206 49 Mourut,
518 2868 47 36 et
601 2873 76 29 me
711 2855 143 61 légua
888 2855 43 45 le
967 2854 254 46 sentiment
1255 2853 84 43 des
1374 2867 120 29 vers.

270 2930 62 45 Et
369 2927 303 49 maintenant,
713 2939 183 31 comme
931 2921 226 61 toujours,
1198 2919 166 60 depuis
1400 2919 84 44 des
1518 2916 127 61 àges,

272 2999 67 43 Le
376 3012 78 30 roc
488 2995 124 45 brise
648 2993 46 45 la
728 3008 165 29 source
927 3007 59 29 en
1023 2991 83 43 des
1142 2987 265 61 poussières
1443 2986 151 52 d'eau,

268 3066 112 45 Aux
417 3064 189 45 tendres
640 3060 220 46 buissons
897 3059 133 44 nains
1071 3059 222 43 broutent
1329 3055 67 44 les
1437 3054 191 45 chèvres
1670 3068 148 44 sages,

272 3135 67 43 Le
376 3132 150 45 fleuve
562 3127 160 47 désolé
758 3144 50 29 se
844 3127 204 43 lainente
1084 3141 92 28 aux
1211 3125 237 57 barrages,

271 3202 62 43 Et
369 3200 44 44 la
449 3208 134 35 route
619 3195 214 59 s'épuise
870 3195 28 44 à
934 3202 184 36 monter
1153 3191 42 44 le
1230 3200 179 35 coteau.

272 3269 116 45 Mon
426 3266 151 47 aieule
611 3263 114 47 était
760 3263 151 45 douce
945 3271 47 35 et
1028 3276 51 29 se
1115 3258 226 46 nommait
1379 3255 262 46 Clémence.

272 3337 97 44 Son
405 3334 106 46 àme
546 3332 221 47 continue
802 3329 59 46 où
898 3328 43 46 la
978 3328 158 46 tienne
1170 3339 293 32 commence:

273 3404 52 47 C'
346 3414 72 36 est
452 3402 89 47 elle
577 3400 80 60 qui
694 3398 35 45 s'
750 3398 209 59 exprime
995 3412 111 29 avec
1141 3404 71 36 tes
1246 3409 122 45 yeux
1404 3407 260 30 nouveaux.

1954 1867 47 44 A
2038 1863 114 47 neuf
2183 1879 85 28 ans
2302 1860 88 46 elle
2425 1860 70 45 fut
2529 1856 243 63 orpheline
2806 1856 60 45 de
2902 1854 141 47 mère.

1957 1933 134 44 Dans
2128 1947 62 28 un
2228 1929 280 60 pensionnat
2542 1926 172 45 obscur
2748 1923 89 45 elle
2871 1939 28 28 a
2935 1921 180 60 grandi.

1958 1997 307 47 Pleurait-elle
2301 2004 198 37 souvent
2516 1992 17 46 ?
2571 1994 78 44 On
2687 2008 58 28 ne
2782 2006 75 30 me
2891 1989 74 45 l'a
3001 1990 134 58 point
3170 1989 80 44 dit.

1958 2067 170 59 Quelle
2162 2080 220 29 romance
2416 2062 65 45 lui
2517 2058 216 63 plaisait?
2771 2057 171 60 Quelle
2978 2056 202 46 chimère

1957 2132 313 48 Avoua-t-elle
2305 2133 28 44 à
2367 2147 53 30 sa
2455 2145 262 44 compagne
2752 2127 84 44 des
2866 2124 156 61 jeudis
3040 2124 17 45 ?

1958 2201 131 47 Rève
2124 2202 267 43 charmant:
2430 2213 52 30 sa
2518 2197 113 44 robe
2667 2212 63 28 un
2767 2210 90 44 peu
2895 2190 207 47 déteinte
3138 2207 185 43 passe...

1958 2300 65 4 —
2061 2271 82 44 Ma
2179 2268 103 52 fille,
2317 2267 87 59 j'ai
2439 2281 154 30 connu
2629 2279 53 30 sa
2715 2259 244 52 vieillesse.
2994 2260 50 60 Je
3079 2260 92 45 sais

1959 2337 187 61 Qu'elle
2180 2353 28 28 a
2242 2334 125 47 chéri
2402 2334 271 60 longtemps
2707 2331 43 46 le
2786 2331 121 44 banc
2941 2329 58 44 de
3035 2344 52 28 sa
3123 2338 213 40 terrasse,

1959 2408 61 43 Et
2056 2406 42 45 le
2135 2404 203 60 langage
2372 2417 103 45 pur,
2494 2401 85 45 des
2615 2399 163 59 poètes
2816 2396 211 46 francais.

1959 2474 62 44 Et
2051 2474 49 58 je
2135 2471 92 46 sais
2262 2480 106 48 trop
2404 2484 92 44 que
2532 2483 109 29 mon
2679 2464 149 48 ai'eule
2865 2464 70 44 fut
2969 2461 217 47 sensible.

1954 2564 51 60 Je
2041 2563 105 44 sais.
2184 2561 74 45 Tu
2296 2558 258 62 grandiras.
2588 2558 37 58 J'
2645 2556 42 46 ai
2724 2570 128 46 peur.
2893 2554 37 44 Il
2965 2564 71 34 est
3072 2551 207 61 possible

1961 2632 109 58 Que
2104 2641 50 35 tu
2192 2627 197 47 souffres
2425 2643 61 28 un
2517 2626 120 60 jour,
2678 2640 183 29 comme
2897 2621 99 53 elle,
3036 2621 59 44 de
3130 2620 46 45 la
3210 2620 117 45 fleur

1961 2698 295 61 Agonisante
2292 2710 112 32 sans
2439 2692 226 47 mémoire
2700 2692 118 45 dans
2847 2690 43 44 le
2926 2688 143 52 sable,

1963 2767 78 43 Du
2077 2765 134 45 triste
2244 2763 133 46 chien
2414 2762 146 51 battu,
2601 2759 58 46 de
2695 2758 133 46 l'àne
2863 2753 262 55 misérable,

1962 2834 61 45 Et
2057 2833 60 45 de
2151 2829 239 47 toi-mème
2425 2856 65 6 —
2526 2839 47 33 et
2602 2843 93 45 que
2729 2838 49 33 tu
2818 2825 145 45 aimes
2997 2834 49 35 ta
3086 2820 197 47 douleur
3299 2822 8 44 !

1962 2902 120 44 Sans
2118 2900 145 45 doute
2297 2908 50 36 tu
2383 2897 205 45 voudras
2623 2893 322 61 comprendre,
2985 2907 112 29 avec
3133 2890 67 45 les
3236 2906 163 29 causes

1963 2968 60 45 D'
2042 2984 62 28 un
2141 2968 94 44 soir
2270 2974 168 52 pesant
2472 2964 282 60 d'angoisse
2790 2978 61 28 ou
2888 2960 44 45 d'
2952 2975 63 30 un
3051 2958 145 44 matin
3234 2973 140 37 amer,

1963 3035 236 60 Pourquoi
2235 3034 43 45 le
2312 3033 216 45 bourdon
2566 3033 97 43 ivre
2697 3030 159 60 expire
2890 3029 120 43 dans
3045 3025 67 46 les
3148 3041 131 30 roses

1964 3104 234 44 Humides
2234 3116 181 31 comme
2449 3110 49 34 ta
2527 3100 143 60 jeune
2706 3097 183 45 bouche
2924 3096 60 43 de
3018 3093 139 45 chair.

1963 3172 93 45 Les
2090 3170 172 45 treilles
2297 3168 243 46 frémiront
2573 3182 111 31 sous
2721 3181 92 29 une
2848 3162 181 46 chaude
3064 3160 137 60 pluie,

1961 3240 77 44 Au
2076 3238 254 45 colombier
2366 3236 172 45 fuiront
2574 3236 67 44 les
2679 3234 197 59 pigeons
2912 3243 58 33 en
3007 3228 135 52 emoi,

1963 3308 62 43 Et
2060 3317 49 34 tu
2146 3304 295 61 sangloteras
2476 3320 109 27 sans
2621 3303 155 50 doute,
2816 3295 326 52 Anne-Marie,

1964 3374 198 46 Comme
2197 3373 100 50 elle,
2338 3382 133 35 notre
2505 3369 150 46 ai'eule
2691 3377 161 42 morte,
2893 3375 47 36 et
2974 3379 182 29 comme
3191 3361 107 45 moi.

3112 3440 233 47 Francis
3380 3440 138 47 Éon.

1781 3565 220 36 19
