3528 4394
1774 141 61 55 38

214 274 178 61 stedt,
435 275 150 50 Musik
628 294 85 32 von
759 277 79 51 W.
871 275 263 53 Taubert
1168 277 51 68 (3
1253 278 122 67 Mal).
1482 278 143 52 Unter
1669 279 87 52 den

213 374 90 32 neu
334 358 294 50 einstudirten
658 359 95 50 sind
1115 362 93 49 und
1252 362 174 58 „Julius
1665 381 90 35 yon

216 441 417 67 Shakespeare
677 460 56 31 zu
773 441 262 60 bemerken,
1073 443 131 66 jener
1234 462 84 32 von
1347 444 405 66 Dingelstedt,

216 521 147 50 dieser
393 538 87 35 von
506 524 59 46 H.
595 523 198 50 Laube
823 526 71 48 für
923 524 70 50 die
1022 527 160 48 Bühne
1211 526 306 66 eingerichtet.

339 607 51 47 In
420 606 80 48 der
529 606 158 66 Oper
731 625 154 33 waren
926 626 88 32 neu
1345 627 87 33 von
1460 611 291 67 Lortzing

217 684 49 70 (3
299 686 107 67 Mal)
430 717 64 8 —
934 709 87 33 von
1051 693 52 49 R.
1138 692 257 66 Wagner
1425 693 92 66 (10
1550 693 108 66 Mal)

223 769 115 56 „Die
658 789 86 33 von
776 773 302 50 Donizetti
1119 773 44 68 (1
1202 775 124 64 Mal).
1369 775 100 49 Neu
1512 776 238 49 einstudirt

584 869 88 34 von
703 855 50 49 C.
783 856 61 49 M.
876 872 37 33 v.
947 855 216 50 Weber
1194 856 44 66 (I
1279 856 122 67 Mal).

338 935 62 47 Im
432 935 354 68 Schauspiel
813 937 259 50 erschienen
1094 938 58 49 im
1171 938 180 50 Ganzen
1375 956 43 32 u.
1442 938 56 50 A.
1525 940 226 67 Angely

216 1015 29 49 5
279 1016 106 58 Mal,
415 1017 371 52 Bauernfeld
818 1020 50 59 3,
899 1021 265 49 Benedix
1197 1021 50 60 5,
1290 1022 459 51 Birch-Pfeil'fer

214 1096 51 61 7,
297 1100 187 48 Göthe
524 1101 87 58 12,
642 1102 285 51 Gutzkow
957 1103 45 58 1,
1034 1103 381 51 Hackländer
1441 1105 48 59 2,
1519 1105 228 51 Hebbel

219 1180 50 59 1,
293 1181 314 51 Kotzebue
632 1183 50 61 3,
708 1186 251 66 Lessing
984 1185 50 58 2,
1058 1186 336 51 Mosenthal
1417 1186 51 61 3,
1497 1189 250 66 Nestroy

214 1258 51 63 3,
313 1263 268 50 Schiller
617 1265 88 61 12,
749 1267 213 50 Scribe
999 1266 88 61 10,
1131 1267 276 50 Schleich
1441 1269 50 59 8,
1536 1270 175 49 Shake-

208 1360 215 52 speare
475 1346 86 62 18,
604 1349 286 52 Sheridan
920 1350 352 70 (Lästerschule)
1323 1352 46 60 1,
1413 1352 332 69 Sophokles

207 1426 263 70 (Antigone)
508 1430 21 49 1
567 1431 106 50 Mal.

321 1511 55 50 In
418 1511 81 50 der
542 1512 161 69 Oper
744 1512 329 70 (vollständig):
1117 1516 181 50 Adam
1336 1516 20 50 1
1395 1517 106 60 Mal,
1545 1517 200 51 Auber

207 1590 89 61 10,
325 1594 164 49 Balle
526 1595 47 58 1,
604 1596 346 51 Beethoven
990 1598 46 59 1,
1075 1599 220 49 Bellini
1329 1599 50 61 5,
1422 1601 320 50 Boieldieu

205 1672 47 60 1,
297 1675 310 52 Donizetti
644 1679 89 58 11,
776 1697 110 34 yon
926 1680 236 51 Flotow
1209 1681 49 60 6,
1304 1683 206 49 Grisar
1543 1683 49 58 2,
1637 1685 78 47 lla-

198 1755 133 69 levy
367 1758 47 58 1,
459 1759 49 48 C.
539 1760 300 51 Kreutzer
872 1763 50 58 2,
965 1763 293 66 Lortzing
1290 1764 52 60 4,
1387 1765 353 50 Marschner

198 1838 52 59 2,
279 1839 362 67 Meyerbeer
672 1843 87 61 11,
788 1845 230 48 Mozart
1046 1845 52 60 4,
1133 1846 77 51 W.
1244 1846 215 50 Müller
1496 1848 46 59 1,
1571 1848 133 49 Niko-

193 1919 77 49 lai
299 1921 207 68 (Lustige
539 1924 208 68 Weiber)
783 1924 49 62 7,
861 1926 237 51 Rossini
1133 1928 49 59 2,
1213 1928 231 52 Schenk
1479 1929 46 61 1,
1569 1932 126 64 Wag-

190 2019 107 33 ner
332 2005 88 59 10,
463 2008 219 51 Weber
715 2008 30 49 5
778 2009 107 51 Mal.

312 2088 65 48 Im
409 2088 211 51 Ballet
649 2107 94 33 war
772 2108 89 33 neu
901 2092 115 58 „Die
1406 2112 86 34 yon
1521 2095 215 49 Perrot

193 2166 53 68 (4
277 2169 171 69 Mal)*).

310 2253 101 47 Von
443 2253 169 49 Gästen
642 2253 245 53 bemerken
928 2257 81 49 wir
1041 2276 42 30 u.
1114 2257 57 49 A.
1204 2258 151 49 Fräul.
1385 2259 182 50 Marie
1597 2258 102 51 Cru-

186 2332 134 48 velli
359 2333 51 67 (5
446 2335 105 66 Mal)
584 2337 90 48 und
707 2337 67 49 die
806 2339 313 50 Tänzerinnen
1149 2340 208 49 Lucile
1390 2342 212 48 Grahn
1632 2342 90 67 (21

184 2414 133 67 Mal!)
349 2417 91 49 und
470 2417 214 67 Pepita
715 2419 86 66 (11
842 2419 123 68 Mal).

522 2672 166 46 Zum
726 2672 112 46 27.
876 2672 226 46 Januar
1140 2672 187 46 1856.

358 2803 79 38 Am
466 2803 481 53 siebenundzwanzigsten
975 2805 150 40 Januar

364 2870 55 41 Es
447 2871 100 40 wird
576 2873 103 38 heut'
708 2874 144 49 gerade
882 2874 172 39 hundert
1082 2875 96 39 Jahr

283 2940 194 41 Besuchte
506 2941 40 38 in
574 2942 190 53 Salzburg
792 2949 95 34 trotz
918 2945 303 51 Sturmgebraus

288 3011 86 39 Und
404 3011 339 52 Schneegestöber
771 3014 69 39 der
867 3015 139 39 Storch
1037 3015 63 39 ein
1129 3016 124 39 Haus.

359 3100 127 46 „Herr
515 3100 320 42 Unter-Director
863 3104 69 38 der
962 3102 244 54 Capelle!**)

280 3167 69 40 Ich
378 3170 135 38 schritt
541 3171 99 38 über
668 3172 124 38 Eures
821 3172 155 40 Hauses
1006 3174 194 40 Schwelle

280 3238 74 41 Mit
382 3240 128 38 einem
541 3241 185 41 Kindlein
755 3255 74 27 von
861 3249 113 45 guter
1002 3243 85 49 Art,

280 3309 112 40 Doch
421 3311 149 39 freilich
680 3325 42 26 so
752 3313 108 40 will's
889 3315 105 39 Euer
1022 3316 126 40 Name

355 3397 164 47 „„Herr
548 3398 159 40 Storch!
736 3400 82 43 Hat
844 3401 55 38 Er
927 3402 146 40 wieder
1100 3405 188 49 gebracht
1315 3419 22 28 a
1365 3406 150 48 Madel,

279 3467 51 39 So
360 3480 88 38 mag
477 3480 40 28 es
547 3468 83 40 sich
660 3469 151 40 nähren
840 3482 77 27 von
945 3472 68 39 der

283 3537 176 47 „Addio!
490 3539 49 38 So
569 3541 92 49 geht
689 3541 101 38 doch
820 3552 76 28 nur
923 3541 41 39 in
992 3543 63 38 die
1083 3543 127 41 Stub'!

280 3608 55 39 Es
363 3608 51 39 ist
443 3609 62 38 ein
534 3609 350 42 herzallerliebster
910 3612 140 40 Bub'."

240 3760 32 47 *)
298 3759 70 41 Bei
397 3759 78 41 den
503 3759 195 39 Ballets
743 3762 213 39 vermissen
985 3763 73 39 wir
1086 3764 71 39 auf
1178 3765 71 40 der
1585 3772 70 40 der
1680 3773 37 39 k.

305 3820 468 42 Hoftheater-Intendanz
802 3824 63 38 die
887 3825 168 50 Angabe
1086 3826 71 38 der
1180 3825 280 53 Componisten
1484 3831 71 40 der
1575 3833 143 42 Musik.

305 3881 107 41 Oder
440 3882 133 38 hatten
602 3882 56 40 sie
687 3882 115 40 keine
832 3884 358 52 Original-Musik?
1301 3889 97 40 Die
1434 3891 204 43 Redact.

228 3942 55 51 **)
305 3943 170 51 Leopold
498 3944 162 47 Mozart,
691 3943 72 41 seit
793 3946 100 38 1743
918 3947 286 50 Hof-Musicus,
1233 3952 132 50 später
1387 3951 332 54 Hof-Componist

305 4005 82 36 und
415 4003 203 41 Anführer
645 4004 68 40 des
744 4004 241 50 Orchesters,
1022 4009 158 40 endlich
1208 4009 414 55 Vicc-Capellmeister
1647 4017 69 40 des

306 4063 273 41 Erzbischofes
607 4065 228 52 Sigismund
865 4079 49 28 zu
941 4068 200 52 Salzburg.

2037 284 105 40 Herr
2169 286 150 40 Mozart
2343 288 124 51 jubelt
2495 293 81 36 und
2608 292 96 40 wird
2734 294 201 42 behender

1956 353 86 40 Und
2072 355 113 40 reisst
2214 370 72 26 von
2317 359 69 38 der
2417 360 130 39 Wand
2576 362 77 39 den
2680 363 144 53 klugen
2856 368 220 48 Kalender;

1952 423 55 38 Er
2036 427 124 46 sucht,
2190 428 190 40 welchem
2408 430 186 52 Heiligen
2624 434 128 40 dieser
2781 435 96 52 Tag,

1951 493 79 40 Der
2059 498 287 49 segensreiche,
2375 501 174 49 gehören
2576 515 102 39 mag.

2026 583 199 42 Johannes
2257 587 301 51 Chrysostomus
2665 592 98 39 lies't
2792 606 42 26 er
2862 595 80 39 und
2972 597 116 45 sinnt,

1949 651 86 39 Und
2207 657 104 39 dann
2337 659 220 50 jauchzend
2587 674 46 26 zu
2662 663 146 40 Mutter
2834 666 82 37 und
2946 667 119 38 Kind.

1949 723 158 46 „„Was
2137 727 174 39 meinst?
2343 729 206 49 Giovanni,
2579 733 114 47 Juan,
2721 735 283 40 Johannes!

1949 791 377 54 Bedeutungsvoller
2354 798 125 41 Name
2509 802 68 38 des
2606 802 157 40 kleinen

2023 882 103 39 Frau
2156 884 151 40 Mozart
2335 887 115 39 nickt.
2480 891 174 47 „„Dann
2685 891 419 52 Chrysostomus!

1947 952 66 38 Ich
2043 954 135 38 drück'
2206 957 69 37 auf
2299 957 74 38 den
2406 957 225 42 Goldmund
2663 963 75 38 den
2769 969 128 34 ersten
2928 965 117 39 Kuss.

1948 1022 89 38 Wie
2067 1023 136 40 Süsses
2234 1027 158 38 werden
2423 1040 73 26 von
2526 1030 134 40 diesen
2690 1032 151 51 Lippen

1947 1092 70 39 Die
2045 1095 353 53 Mädchen,-sogar
2427 1100 63 38 die
2518 1101 142 40 Musen

2022 1182 73 40 Die
2126 1184 131 40 Gattin
2287 1193 208 45 entgegnet
2523 1203 68 36 gar
2618 1190 115 40 leise:
2760 1194 78 45 „Es
2868 1195 78 38 sei!

1943 1253 91 38 Nun
2062 1255 268 49 Amadeus,
2361 1259 105 39 dann
2495 1260 88 38 sind
2612 1273 40 27 es
2680 1262 107 40 ihrer
2815 1264 96 39 drei.

1942 1322 134 40 Heisst
2106 1324 171 40 Gottlieb
2308 1340 43 26 er
2378 1329 95 39 oder
2503 1329 250 51 Gottgeliebt,

1945 1392 111 40 Wird
2087 1395 116 39 Trost
2230 1396 95 48 ihm,
2356 1410 115 27 wenn
2499 1399 110 40 Alles
2636 1401 177 50 ringsum

2018 1481 166 47 „„Vom
2212 1482 268 43 Vaternamen
2509 1488 86 38 erbt
2623 1489 122 39 schon
2774 1503 42 27 er
2844 1491 68 40 das
2940 1499 131 41 zart;

1940 1549 127 40 Was?
2098 1551 221 41 Sanftmuth
2349 1555 82 38 und
2458 1556 124 40 Milde
2610 1557 169 41 vierfach
2808 1563 193 48 gepaart?

1940 1618 115 40 Solch
2086 1622 247 41 weichlicher
2360 1626 454 55 Namengebungspott'
2844 1632 75 39 ich.

1938 1688 268 42 Dissonanzen
2236 1693 90 39 her!
2356 1695 142 49 Etwas,
2528 1698 68 39 das
2625 1700 91 38 wild
2744 1702 83 38 und
2855 1702 137 51 zottig!

2015 1780 124 47 „„Ich
2168 1787 108 45 trage
2304 1796 42 27 so
2376 1785 113 50 lange
2518 1787 75 38 den
2623 1788 187 51 Leopold,

1936 1848 126 40 Drum
2091 1851 68 39 bin
2186 1853 62 39 ich
2277 1854 89 39 dem
2396 1855 151 40 Namen
2578 1858 129 51 wenig
2735 1859 105 40 hold.

1935 1916 69 39 Bei
2033 1918 205 42 Bernhard
2269 1923 99 39 wird
2397 1925 75 38 mir
2502 1926 63 39 die
2594 1927 115 40 Brust
2737 1930 120 39 schon
2888 1930 146 48 weiter,

1938 1986 111 41 Doch
2077 1991 139 40 fürcht'
2245 1993 61 39 ich
2338 1994 114 40 dabei
2483 1996 75 39 den
2587 1997 282 42 Bärenhäuter.

2005 2078 132 48 „„Ha,
2171 2081 291 52 Wolfgang!
2491 2085 46 38 In
2565 2086 209 40 Frankfurt
2801 2101 62 26 am
2893 2090 108 40 Main
3031 2092 47 38 da
3108 2093 151 40 drüben

2008 2149 53 38 Es
2090 2149 87 40 sind
2206 2164 80 27 nun
2317 2159 98 32 etwa
2445 2155 69 38 der
2543 2156 118 39 Jahre
2689 2158 134 38 sieben

1931 2219 79 39 Hat
2037 2220 99 39 auch
2168 2220 139 49 Göthe,
2337 2223 62 38 ein
2429 2224 114 47 Rath,
2573 2226 68 38 der
2671 2227 67 39 des
2768 2227 166 42 Hechtes
2965 2231 129 52 pflegt,

1935 2290 95 38 Dem
2060 2290 108 38 Sohn
2197 2290 133 42 diesen
2359 2293 152 40 Namen
2542 2296 205 52 beigelegt.

2009 2378 134 46 „„Das
2173 2377 48 39 ist
2249 2380 69 38 der
2347 2382 142 38 rechte.
2519 2383 51 38 So
2601 2384 94 39 wird
2727 2399 41 26 er
2794 2388 157 49 getauft.
2954 2392 23 16 44

1933 2445 127 38 Kaum
2091 2446 65 39 hat
2184 2447 104 39 Herr
2315 2449 149 39 Mozart
2492 2452 81 38 sich
2604 2458 119 35 etwas
2752 2457 260 47 verschnauft,

1931 2516 58 38 Da
2017 2517 105 38 nahn
2152 2518 62 38 die
2245 2518 215 47 Genossen,
2491 2534 65 26 um
2588 2522 302 49 einzusludiren,

1934 2587 93 38 Was
2057 2587 187 40 nächsten
2274 2590 143 40 Abend
2448 2591 46 39 ist
2524 2593 272 41 aufzuführen.

2503 2651 4 11 •
3177 2652 8 10 %

2006 2673 52 38 So
2088 2674 72 40 wie
2190 2676 63 38 die
2284 2676 152 52 Geigen
2465 2678 223 52 Stimmung
2716 2681 244 49 erheischen,

1928 2742 170 53 Beginnt
2124 2746 182 39 daneben
2334 2747 70 39 der
2434 2748 98 39 Bub'
2561 2762 49 25 zu
2639 2749 218 42 kreischen.

1925 2813 53 39 Es
2008 2814 49 38 ist
2084 2815 68 39 das
2182 2815 163 53 richtige
2442 2832 429 33 a,was
2549 2832 42 27 er
2618 2822 145 39 schreit

1924 2881 87 41 Und
2039 2883 143 40 immer
2208 2887 252 40 und-immer
2488 2888 148 40 wieder
2663 2895 150 36 erneut.

2000 2973 105 41 Herr
2131 2974 151 41 Mozart
2309 2977 111 39 senkt
2448 2978 106 41 dann
2580 2981 70 39 mit
2679 2982 127 40 edelm
2836 2984 103 41 Stolz

1921 3043 79 39 Der
2028 3044 378 52 Tact-Unkundigen
2434 3047 248 50 Marterholz,

1920 3114 89 39 Und
2036 3115 167 51 spricht:
2232 3116 136 47 „„Der
2398 3116 97 41 wird
2522 3120 76 38 mir
2625 3119 91 41 kein
2745 3123 332 52 Ünter-Director,

1920 3182 80 40 Der
2028 3184 98 39 wird
2154 3185 123 39 schon
2307 3186 132 40 finden
2469 3186 136 41 seinen
2632 3189 214 43 Protector.

1996 3271 151 49 „„Sein
2177 3273 130 39 harret
2335 3275 104 40 wohl
2467 3275 88 41 eine
2583 3279 157 41 bessere
2768 3280 131 49 Stelle,

1917 3340 73 39 Als
2018 3340 65 41 bei
2114 3341 70 40 der
2213 3342 347 42 erzbischöflichen
2589 3346 172 52 Capelle.

1916 3412 147 51 Apollo
2091 3412 66 40 hat
2184 3414 108 39 seine
2321 3416 150 51 Lippen
2500 3420 182 49 geweiht.

1916 3482 160 47 Schrei',
2105 3483 229 53 Wolfgang!
2363 3487 71 41 Dir
2462 3489 122 40 winkt

1864 3570 188 40 Hamm.

2796 3580 43 40 F.
2878 3582 66 40 W.
2981 3583 268 52 Klappert.

2354 3789 444 60 Mozartfeier.

1931 3890 159 51 Wenn
2133 3891 82 50 wir
2258 3897 227 62 erwägen,
2530 3894 101 51 dass
2674 3895 42 50 in
2762 3895 154 52 diesen
2945 3900 156 65 Tagen
3143 3902 43 49 in
3229 3904 118 52 allen

1809 3970 248 51 deutschen
2085 3975 187 50 Landen
2315 3993 88 33 von
2432 3977 80 48 der
2540 3977 147 50 Nord-
2719 3979 91 51 und
2841 3980 203 51 Ost-See
3072 3983 68 51 bis
3172 4005 54 30 zu
3259 3988 88 50 den

1808 4054 149 69 Alpen
1996 4057 89 49 und
2118 4057 99 52 dem
2249 4058 296 52 adriatischen
2573 4060 169 63 Meere,
2779 4062 62 66 ja,
2885 4063 113 51 auch
3038 4065 185 66 jenseits
3267 4069 80 50 der
