3528 4394
2775 4147 31 48 5

364 141 1448 219 Niederrheiuisdie
1954 136 1184 259 Musik-Zeitung

733 426 193 86 für
974 421 866 91 Kunstfreunde
1894 416 238 83 und
2183 408 584 89 Künstler.

190 624 446 86 Herausgegeben
674 640 104 40 von
823 620 272 56 Professor
2085 619 60 53 L.
2267 614 245 75 Bischoff.
1638 610 197 85 Verlag
1877 609 91 55 der
2005 609 66 55 M.
2108 604 554 69 DuMo/il~Sch((t/bci£
2680 600 158 57 sehen
2877 597 422 84 Buchhandlung

1422 808 173 80 KÖLN,
1634 814 47 57 2.
1720 813 212 57 Februar
1970 808 142 58 1856.

2885 802 80 57 IV.
3001 800 279 74 Jahrgang.

225 829 84 59 Nr.
346 830 45 58 5.

540 1007 183 42 Mozarl's
766 1006 155 51 Wiege.
963 1005 92 39 Von
1097 1004 43 39 L.
1170 1001 153 41 Bisch
1336 1000 83 40 off.
1523 997 181 41 Berliner
1732 995 130 40 Briefe
1900 992 187 52 (Richard
2116 990 206 50 Wagner's
2352 985 286 52 Tannhäuser).
2675 985 92 39 Von
2796 983 47 42 G.
2875 985 47 38 E.
3029 982 85 39 Aus
3142 982 203 41 München

156 1072 509 51 (Theater-Vorstellungen
705 1068 56 41 im
801 1068 120 40 Jahre
965 1067 130 48 1855).
1134 1086 45 6 -
1219 1065 98 38 Zum
1359 1062 65 38 27.
1462 1061 150 39 Januar
1656 1058 113 40 1856.
1812 1054 170 42 Gedicht
2021 1066 74 26 von
2137 1052 44 39 F.
2226 1052 65 37 W.
2334 1049 266 50 Klappert.
2630 1068 45 7 -
2705 1044 264 42 Mozartfeier.
3014 1044 89 38 Von
3143 1043 40 39 L.
3216 1043 44 39 B.
3306 1066 39 5 -

156 1139 177 47 Tages-
376 1134 98 40 und
503 1129 558 51 Unterhaltungsblatt
1097 1124 265 51 (Mozartfeier
1389 1123 41 39 in
1460 1123 105 38 Köln
1597 1119 115 40 —in
1741 1118 126 39 Bonn.
1974 1112 194 43 Mülheim
2196 1123 35 27 a.
2260 1110 88 47 Rh.,
2379 1110 169 39 Concert
2577 1120 75 26 von
2680 1108 50 38 A.
2760 1106 164 51 Meyer).

263 1015 211 37 Inhalt.

696 1442 235 61 Mozart’s
980 1439 174 74 Wiege.

627 1593 108 40 Den
780 1590 63 38 27.
886 1588 195 39 Januar
1126 1584 115 39 1756.

279 1714 104 50 Von
414 1708 154 51 Süden
597 1706 98 57 her,
726 1698 280 55 erbrausend
1039 1697 217 57 fessellos,

160 1799 157 49 Stürzt
347 1795 89 49 sich
470 1794 79 48 der
578 1788 132 51 Föhn
740 1787 79 48 mit
850 1801 153 48 argem
1034 1778 285 54 Uebermuth

156 1882 52 49 In
239 1880 123 49 eines
394 1876 144 51 stillen
570 1870 296 68 Alpenthaies
898 1866 216 56 Schooss,

160 1964 99 50 Wo
290 1960 116 52 noch
437 1959 71 49 die
536 1956 107 50 Erd'
672 1955 44 48 in
747 1952 150 50 tiefem
928 1947 177 51 Schlafe
1134 1943 123 51 ruht.

286 2072 73 48 An
390 2069 142 48 ihrem
563 2067 149 63 Lager
743 2060 123 51 steht
897 2058 69 49 ein
998 2064 169 42 starrer
1196 2054 153 54 Mann,

163 2154 182 50 Gehüllt
375 2152 43 48 in
450 2149 152 50 seinen
632 2144 168 52 Mantel
833 2141 121 50 dicht
983 2157 85 34 von
1100 2136 206 56 Schnee;

156 2238 73 50 Vo
246 2255 28 31 n
306 2234 208 50 blankem
545 2230 77 50 Eis
653 2228 77 48 hat
761 2244 48 31 er
841 2225 86 49 den
958 2225 174 46 Panzer
1162 2235 56 33 an

161 2319 106 51 Und
301 2317 93 49 ruft
424 2315 102 50 dem
559 2314 184 48 Sturme
775 2309 85 48 fest
891 2313 251 58 entgegen:

300 2427 150 59 „Was
480 2422 135 51 willst
645 2421 60 48 du
737 2420 154 54 schon,
922 2416 61 49 du
1013 2413 166 50 kecker
1208 2407 341 69 Mittagswind?

164 2515 115 48 Lass
311 2510 79 51 ab!
423 2507 93 51 und
546 2521 131 52 spare
710 2502 68 50 die
813 2498 241 68 vergeb'ne
1083 2493 135 52 Müh!

164 2596 96 48 Der
292 2590 217 66 Frühling
545 2586 175 57 schläft,
752 2585 79 48 der
860 2581 124 51 Erde
1015 2578 156 50 holdes
1200 2575 135 57 Kind,

166 2676 103 51 Und
298 2675 122 51 Kind
450 2671 92 51 und
571 2671 174 48 Mutter
777 2665 172 51 weckst
978 2662 61 50 du
1069 2660 122 52 nicht
1220 2676 51 32 so
1303 2656 124 49 früh!

305 2784 175 59 „Dazu,
509 2775 320 68 Verweg'ner!
861 2774 113 48 hat's
1003 2769 118 51 noch
1152 2768 129 64 lange
1312 2764 98 48 Zeit

170 2868 80 49 Ich
282 2873 122 43 setze
434 2862 131 59 mich,
596 2860 78 50 das
705 2857 164 68 glaube
898 2872 103 42 nur,
1031 2869 80 33 zur
1143 2849 175 52 Wehr:

171 2949 85 50 Die
284 2963 173 34 warme
488 2945 138 49 Sonn'
655 2942 59 48 ist
744 2938 214 52 wahrlich
987 2934 114 51 auch
1130 2931 117 51 noch
1279 2929 119 57 weit,

171 3032 106 51 Und
307 3028 268 53 Wunder
604 3024 96 67 gibt
729 3041 48 31 es
808 3023 249 61 heutzutag
1085 3017 121 50 nicht

295 3138 133 51 Doch
458 3135 117 50 sieh!
607 3133 80 51 der
718 3133 158 49 Sturm
904 3130 45 48 in
978 3126 165 51 milden
1173 3122 162 51 Hauch
1364 3118 217 60 verweht,

174 3226 53 48 In
255 3220 264 53 Rosenlicht
547 3217 82 50 der
657 3215 149 67 Alpen
834 3213 160 49 Krone
1022 3208 154 68 glüht:

173 3309 119 47 Dem
324 3304 176 50 Schnee
531 3297 208 70 entquillt
767 3296 69 49 ein
867 3292 183 51 frisches
1081 3287 315 57 Blumenbeet,

174 3390 107 49 Von
309 3385 364 66 Frühlingsgrün
702 3378 94 51 und
825 3372 312 53 Sommerduft
1166 3370 226 50 umblüht.

300 3499 86 50 Die
411 3499 125 48 Rose
566 3495 171 64 beuget
766 3490 91 50 sich
888 3484 197 53 darüber
1114 3484 91 58 hin,

176 3582 237 68 Maiglock'
446 3579 94 51 und
566 3575 215 52 Veilchen
811 3570 227 70 spriessen
1067 3566 78 50 auf
1171 3565 60 51 im
1259 3566 88 58 Nu,

175 3667 87 51 Die
291 3665 148 67 Myrte
467 3660 131 51 blüht
625 3658 94 49 und
748 3655 141 51 winkt
916 3652 80 50 mit
1024 3649 149 51 tiefem
1200 3648 109 51 Sinn

178 3751 118 48 Dem
324 3744 179 54 Lorber
531 3743 96 49 ihre
658 3740 114 50 stille
800 3737 211 66 Neigung
1039 3749 71 33 zu.

303 3856 103 51 Und
434 3856 45 50 in
508 3853 81 50 der
618 3851 131 49 Mitte
776 3848 124 56 ruht,
930 3861 86 34 von
1045 3842 131 51 Moos
1208 3837 298 58 umschwellt,

182 3941 82 50 Ein
293 3940 160 49 holder
483 3933 175 59 Knabe,
687 3928 207 54 lächelnd
925 3926 105 51 mild
1059 3923 93 51 und
1180 3922 119 50 lind:

180 4025 94 49 Zur
303 4019 334 53 wunderbaren
665 4013 172 65 Wiege
866 4008 116 54 wird
1011 4007 79 51 das
1119 4005 100 49 Zelt

180 4107 107 53 Von
315 4100 430 69 Frühlingsblumen
775 4093 71 51 für
875 4093 79 50 das
985 4085 338 59 Wunderkind.

1928 1338 71 48 Da
2028 1335 141 50 öffnet
2198 1350 55 32 an
2285 1331 101 50 dem
2419 1329 164 50 weiten
2612 1327 355 50 Himmelsraum

1805 1423 104 49 Von
1939 1415 389 53 Sonnenstrahlen
2360 1413 90 50 sich
2480 1413 69 48 ein
2582 1411 202 66 gold'nes
2814 1410 153 48 Thor:

1805 1503 101 49 Und
1937 1500 203 52 Wolken
2170 1496 172 51 senken
2372 1495 93 50 sich
2602 1512 85 31 von
2718 1493 142 48 ihrem
2892 1493 139 48 Saum

1803 1588 169 47 Ertönt
2000 1584 81 49 der
2111 1579 387 67 Seraphstimmen
2530 1576 138 51 voller
2700 1575 149 48 Chor:

1939 1693 116 57 „Du
2087 1689 128 51 sollst
2243 1705 48 31 es
2323 1687 198 57 schau'n,
2549 1684 77 50 das
2657 1683 95 50 Bild
2785 1683 79 50 des
2896 1680 116 67 ewig
3044 1679 223 57 Schönen,

1803 1778 120 47 Dess
1954 1773 194 51 Anblick
2177 1788 87 33 nur
2294 1771 87 50 den
2412 1768 181 66 Seligen
2625 1766 231 67 gewährt:

1805 1858 116 50 Dein
1952 1857 61 51 sei
2043 1857 79 50 des
2151 1853 204 51 Zaubers
2386 1849 242 60 Allmacht,
2659 1849 82 49 der
2770 1848 43 51 in
2841 1848 206 48 Tönen

1803 1942 96 48 Das
1932 1934 400 72 unaussprechlich
2361 1933 180 66 Heilige
2570 1931 223 49 verklärt!

1939 2049 169 59 „Kühn
2137 2050 179 62 mögest
2347 2045 57 48 du
2438 2044 84 49 den
2554 2040 325 51 Himmlischen
2911 2045 258 51 vertrauen,

1803 2133 87 49 Die
1920 2131 128 51 deine
2080 2130 168 65 Wiege
2278 2126 207 51 weihend
2516 2125 60 50 du
2607 2124 187 66 gesehn,

1805 2215 102 50 Und
1939 2214 71 51 bei
2041 2214 86 48 den
2156 2214 196 47 Sternen
2382 2209 67 48 dir
2480 2208 69 49 die
2579 2205 259 65 Wohnung
2874 2202 164 59 bauen,

1807 2300 159 51 Wenn
1996 2296 99 51 dich
2127 2295 70 50 die
2228 2291 298 51 Erdensöhne
2555 2290 122 50 nicht
2706 2286 238 51 verstehn!

1946 2406 179 59 „Allein
2154 2404 77 50 das
2261 2401 158 50 Leben
2450 2406 127 58 wogt
2606 2398 43 48 in
2678 2398 117 48 Lust
2824 2394 93 50 und
2948 2394 301 50 Schmerzen:

1810 2492 62 50 Es
1902 2489 102 51 darf
2028 2488 103 50 dem
2163 2486 228 49 Irdischen
2423 2482 102 49 kein
2558 2481 127 49 Geist
2715 2477 230 59 entfliehn,

1812 2577 116 47 Dess
1960 2571 221 65 Sendung
2208 2569 144 49 lautet
2381 2585 56 30 an
2468 2566 81 48 der
2577 2562 249 51 Menschen
2855 2562 201 56 Herzen,

1812 2657 87 48 Um
1929 2656 64 49 sie
2023 2670 103 33 zum
2159 2649 258 51 Göttlichen
2449 2663 158 51 empor
2639 2662 55 31 zu
2725 2643 143 48 ziehn.

1946 2761 115 59 „Die
2088 2760 166 65 Menge
2287 2757 135 50 weiss
2451 2755 146 51 nichts
2626 2771 88 32 von
2743 2751 103 50 dem
2875 2752 178 63 ew'gen
3085 2746 179 51 Glühen

1812 2848 95 47 Der
1935 2844 192 65 heil'gen
2156 2841 235 50 Flammen
2421 2839 41 49 in
2489 2837 80 50 des
2601 2835 240 49 Künstlers
2870 2834 168 47 Brust:

1812 2928 78 50 Sie
1918 2926 58 50 ist
2005 2925 93 51 sich
2128 2925 60 48 im
2219 2924 179 48 Genuss
2428 2921 81 49 der
2536 2916 307 52 Harmonieen

1811 3011 99 49 Nur
1937 3009 155 66 eigner
2121 3009 129 56 Lust,
2282 3022 87 33 nur
2402 3004 151 65 eignes
2582 3000 165 51 Weh's
2779 2997 221 50 bewusst.

1948 3117 189 61 „Willst
2167 3116 59 48 du
2257 3114 78 49 des
2365 3109 246 52 Menschen
2642 3107 130 49 Seele
2803 3104 82 51 tief
2908 3103 303 58 erschüttern,

1814 3204 63 49 So
1909 3202 133 57 fühle,
2073 3216 94 34 was
2197 3198 79 50 des
2304 3193 246 52 Menschen
2578 3192 126 48 Herz
2733 3189 211 65 bewegt;

1814 3287 93 48 Des
1939 3283 266 51 Schmerzes
2235 3278 141 57 Weh,
2407 3276 80 50 der
2517 3273 259 51 Sehnsucht
2804 3271 173 67 banges
3007 3268 190 60 Zittern,

1817 3368 85 50 Die
1932 3362 329 58 Leidenschaft,
2292 3361 69 49 die
2391 3359 107 50 alles
2530 3358 171 48 Grosse
2732 3356 133 64 hegt;

1952 3478 122 58 „Des
2104 3471 230 51 Glaubens
2365 3467 146 59 Kraft,
2541 3466 88 50 den
2658 3462 132 52 Muth
2819 3461 45 50 in
2893 3461 333 67 Ungewittern,

1816 3561 97 49 Der
1941 3558 189 50 raschen
2158 3555 119 48 That
2306 3550 214 52 erhab'ne
2548 3544 306 68 Freudigkeit,

1815 3643 87 49 Die
1932 3639 271 52 Lebenslust
2233 3635 115 50 auch
2377 3634 149 48 hinter
2555 3627 363 65 Kerkergittern,

1814 3724 97 51 Der
1939 3720 198 56 Freiheit
2165 3720 172 62 Drang,
2369 3715 80 50 der
2475 3711 141 51 Liebe
2647 3707 214 68 Seligkeit
2874 3709 11 48 !

1949 3828 257 61 „Verachte
2229 3824 127 68 jedes
2390 3822 206 51 Wahnes
2625 3834 117 51 enge
2771 3817 277 57 Schranken,

1816 3913 76 51 Ob
1923 3912 114 51 auch
2068 3911 69 49 die
2169 3907 128 53 Welt
2328 3907 66 48 dir
2424 3904 160 50 keinen
2614 3900 283 53 Weihrauch
2926 3903 161 51 streut,

1815 3996 103 49 Und
1947 3994 80 51 mit
2056 3993 81 50 der
2167 3988 203 53 Gottheit
2399 3987 177 66 ewigen
2605 3982 246 53 Gedanken

1815 4077 268 53 Durchmiss
2115 4074 68 53 die
2211 4076 191 55 Räume,
2432 4071 71 49 die
2534 4067 129 53 dein
2692 4063 198 55 Himmel
2918 4062 136 51 beut!
