2486 3314
202 353 50 26 Der
273 352 139 27 Charakter
423 352 43 26 der
486 351 172 30 Dekoration,
679 349 40 26 die
744 348 42 26 der
809 348 44 25 der
880 348 189 35 gleichzeitigen

202 392 150 27 Venetianer
366 391 194 27 Bucheinbände
574 388 130 28 verwandt
719 388 42 31 ist,
782 387 86 26 macht
882 397 24 15 es
921 387 48 26 mir
982 387 71 26 wahr-

202 431 150 32 scheinlich,
381 431 54 27 dafs
465 429 123 27 dieselben
616 429 70 25 nicht
715 427 26 26 in
767 426 114 36 Bologna
910 426 109 26 sondern
1044 427 26 26 in

202 471 115 37 Venedig
334 471 71 26 ihren
423 472 131 35 Ursprung
572 469 51 26 hat.
651 466 144 36 Eigenartig
815 465 54 26 und
890 465 132 26 verwandt
1043 466 27 25 in

202 510 43 26 der
255 509 135 37 Wirkung
404 510 31 26 ist
446 510 54 26 eine
511 509 89 26 andere
612 509 114 32 Gattung
740 514 53 17 von
803 505 124 30 Rahmen,
939 504 39 26 bei
991 504 78 26 denen

202 551 50 24 wie
274 550 159 36 gleichzeitig
453 549 66 26 auch
539 547 40 27 bei
603 547 42 25 der
666 544 160 27 Dekoration
847 553 51 17 von
920 544 150 36 Bologneser

202 591 100 25 Truhen
316 606 34 3 —
364 590 40 25 die
418 588 131 26 zierlichen
560 588 155 24 Ornamente
729 585 25 24 in
770 583 42 26 das
823 583 67 26 Holz
905 582 98 27 vertieft
1019 584 50 25 und

202 629 68 26 dann
287 629 48 26 mit
354 629 67 26 einer
439 627 83 26 hellen
537 628 82 24 Masse
638 622 137 37 ausgefüllt
794 622 64 27 sind.
887 624 52 24 Aus
954 623 116 35 gleichen

202 668 159 27 stilistischen
376 667 122 27 Gründen
511 666 50 26 wie
579 664 40 26 bei
638 663 48 26 den
704 668 189 29 vorgenannten
909 663 116 25 Rahmen
1039 663 32 26 ist

202 709 66 25 auch
288 707 40 27 bei
348 707 83 27 diesen
450 715 78 27 gegen
548 703 68 27 Ende
636 702 41 27 des
697 702 174 36 Cinquecento
890 701 179 26 entstandenen

202 748 116 25 Rahmen
329 747 39 26 die
379 745 166 35 Profilierung
557 742 114 28 ziemlich
686 741 65 26 flach
765 740 53 27 und
830 740 100 36 bewegt
943 740 126 36 gehalten.

262 787 47 25 Die
323 786 123 36 Stellung,
462 784 40 27 die
516 784 115 35 Bologna
644 782 36 25 im
694 780 158 26 siebzehnten
862 779 167 34 Jahrhundert
1042 780 27 26 in

202 826 42 26 der
255 826 105 26 Malerei
372 825 139 31 einnimmt,
523 823 81 27 erhält
615 821 66 27 auch
691 821 26 25 in
728 820 42 26 der
777 819 111 36 Bildung
898 818 44 26 der
952 819 117 26 Rahmen

201 866 71 25 ihren
283 864 248 28 charakteristischen
536 861 141 28 Ausdruck.
688 861 48 25 Die
747 858 174 27 akademische
929 857 140 37 Richtung,

202 905 41 26 die
257 906 27 25 in
299 905 43 26 der
356 905 155 34 Anlehnung
526 912 30 17 an
572 902 39 26 die
626 900 151 27 klassischen
791 898 103 25 Meister
909 897 43 25 der
965 898 90 25 Renais-

202 955 72 16 sance
287 943 42 27 für
343 944 47 26 den
406 944 103 35 Mangel
529 943 97 35 eigener
640 939 137 35 Erfindung
793 937 50 26 und
859 939 82 23 Kunst
955 937 39 25 ihr
1008 937 61 25 Heil

202 984 82 30 sucht,
312 984 85 26 macht
425 983 53 27 sich
505 983 27 25 in
559 980 129 27 ähnlicher
707 978 88 27 Weise
822 977 27 26 in
876 976 48 25 den
952 976 117 25 Rahmen

202 1024 43 25 der
265 1023 80 26 Bilder
363 1022 114 37 geltend,
498 1021 97 27 welche
614 1029 51 17 von
685 1019 42 25 der
748 1016 190 37 gleichzeitigen
958 1015 96 26 Barock-

204 1062 157 26 architektur
384 1062 78 26 kaum
483 1060 157 30 beeinflusst,
656 1058 35 27 als
704 1058 136 25 nüchterne
854 1055 215 35 Nachbildungen

202 1102 44 26 der
264 1101 155 27 einfachsten
439 1099 260 28 Renaissancemotive
717 1097 53 25 sich
789 1094 196 27 kennzeichnen.
1018 1096 49 24 Das

202 1142 124 35 häufigste
334 1143 86 25 Motiv
434 1142 30 25 ist
477 1141 42 25 der
530 1138 114 27 einfache
656 1135 142 37 vergoldete
809 1133 202 27 Leistenrahmen
1020 1133 47 27 mit

202 1180 160 37 regelmäfsig
381 1181 97 30 breiter,
494 1179 90 27 flacher
603 1176 162 29 Mittelleiste,
786 1173 51 26 und
851 1172 95 37 glatten
958 1172 108 26 Profilen

202 1231 43 15 zur
260 1220 75 27 Seite:
351 1221 81 25 einem
450 1220 111 26 höheren
574 1217 65 26 nach
658 1214 98 30 aufsen,
776 1214 83 25 einem
873 1212 127 26 kleineren
1014 1211 52 26 und

202 1260 128 36 niedrigen
341 1260 65 26 nach
418 1260 88 30 innen;
517 1259 39 25 die
566 1254 156 29 Mittelleiste
732 1253 125 27 dekoriert
870 1253 45 24 mit
926 1252 76 25 leicht
1014 1252 40 25 ein-

202 1307 149 29 gepunzten,
366 1299 103 26 seltener
479 1298 47 26 mit
537 1295 166 36 aufgesetzten
715 1292 168 37 geschnitzten
895 1292 172 25 Ornamenten

203 1341 26 24 in
251 1338 47 27 den
312 1338 84 27 Ecken
418 1337 52 27 und
491 1338 26 25 in
539 1336 41 26 der
594 1335 83 25 Mitte.
713 1332 46 26 Die
774 1331 163 35 Profilierung
958 1331 31 25 ist
1009 1340 44 16 aus-

202 1378 138 31 druckslos,
356 1378 40 26 die
410 1376 165 38 Vergoldung
588 1372 137 36 einförmig
739 1371 53 26 und
807 1370 51 27 hell
875 1370 27 26 in
917 1369 86 32 Farbe,
1024 1369 42 27 das

202 1420 83 25 Ganze
300 1417 148 36 langweilig
461 1417 51 25 wie
526 1415 40 26 die
580 1422 76 28 ganze
671 1412 150 35 Bologneser
828 1412 81 24 Kunst
918 1409 77 27 dieser
1002 1409 63 27 Zeit.

261 1458 124 26 Aehnlich
400 1456 66 27 wird
482 1457 42 25 das
532 1451 266 29 Fruchtkranz-Motiv
812 1450 42 25 der
866 1449 201 27 venetianischen

202 1496 232 27 Hochrenaissance
445 1496 25 26 in
478 1490 237 31 schablonenhafter
721 1491 88 25 Weise
817 1490 25 25 in
849 1490 112 35 Bologna
966 1489 86 26 weiter-

201 1535 118 37 gebildet,
334 1535 122 27 während
472 1545 23 16 es
507 1531 157 40 gleichzeitig
676 1531 25 26 in
712 1529 113 37 Venedig
836 1529 151 36 wenigstens
1000 1528 67 27 noch

201 1576 53 25 eine
266 1575 74 26 derbe
351 1575 144 26 dekorative
506 1572 132 35 Wirkung
649 1571 69 36 zeigt.
753 1571 62 25 Hier
826 1569 50 27 lebt
888 1569 39 26 die
938 1569 112 26 Rahmen-

201 1614 120 27 bildnerei
336 1616 65 25 auch
418 1621 70 19 sonst
502 1623 50 17 von
567 1612 48 26 den

200 1653 238 37 Ueberlieferungen
453 1654 43 26 der
509 1652 90 27 Renais-

201 1704 81 16 sance.
331 1693 166 27 Namentlich
521 1691 92 27 beliebt

200 1734 32 25 ist
253 1732 42 27 der
312 1732 77 27 breite
406 1734 72 25 meist
499 1731 114 38 prächtig

200 1772 143 37 vergoldete
348 1771 265 31 Blattrahmen,dessen

201 1811 96 36 kräftig
320 1812 122 25 stilisierte
460 1811 104 30 Blätter,
588 1810 25 26 in

199 1852 44 25 der
254 1854 111 34 späteren
373 1852 54 25 Zeit
438 1852 74 25 meist
521 1851 78 25 durch-

200 1886 123 36 brochen,
355 1901 52 16 von
442 1897 77 20 unten
548 1889 65 26 nach

200 1930 65 27 oben
277 1929 148 28 aufranken.
451 1932 52 24 Erst
514 1930 34 25 im
561 1930 35 24 An-

200 1969 63 37 fang
287 1970 42 26 des
354 1970 164 26 achtzehnten
543 1968 56 34 Jahr-

199 2008 118 28 hunderts
329 2009 85 26 macht
425 2008 52 27 sich
492 2008 27 25 in
530 2007 66 26 Ober-

199 2049 95 30 italien,
303 2048 153 27 namentlich
464 2048 27 26 in
498 2046 113 35 Venedig

198 2089 41 26 der
251 2088 104 27 Einflufs
370 2088 43 26 des
425 2086 184 27 französischen

198 2128 165 37 Spätbarocks
378 2127 108 37 geltend,
503 2126 42 26 der
558 2124 53 27 sich

198 2167 156 27 namentlich
376 2167 25 26 in
416 2167 48 26 den
484 2164 127 29 schmalen

198 2207 133 27 zierlichen
351 2206 260 28 Canaletto-Rahmen

199 2247 35 26 bis
250 2256 80 27 gegen
344 2246 69 26 Ende
432 2246 41 26 des
486 2246 111 34 Jahrhun-

199 2287 64 25 derts
279 2286 86 26 erhält.

259 2326 110 29 Aechte,
414 2323 199 38 wirkungsvolle

199 2365 195 27 Barockmotive
422 2365 64 35 zeigt
512 2363 101 26 Florenz

201 2405 26 26 in
247 2405 84 26 seinen
353 2405 115 26 Rahmen
489 2413 44 16 aus
555 2402 58 25 dem

199 2444 159 27 siebzehnten
381 2444 50 26 und
449 2441 103 36 Anfang
571 2441 42 25 des

200 2484 163 26 achtzehnten
373 2481 187 36 Jahrhunderts,
573 2480 39 25 die

200 2524 112 36 weniger
331 2523 78 25 durch
428 2523 39 25 die
488 2520 125 35 damalige

199 2563 154 26 Florentiner
363 2562 106 26 Malerei
483 2560 35 27 als
533 2560 80 26 durch

200 2603 48 26 den
282 2601 171 28 Sammeleifer
484 2599 52 27 und
566 2598 47 27 den

200 2644 84 25 Luxus
298 2642 43 26 der
359 2641 182 35 Grofsherzöge
562 2648 51 17 von

199 2684 116 24 Toscana
342 2681 36 26 ins
403 2681 82 26 Leben
509 2677 105 39 gerufen

1150 346 116 27 wurden.
1294 346 72 25 Diese
1380 343 123 30 Rahmen,
1516 341 25 26 in
1555 337 95 39 grofser
1661 336 61 27 Zahl
1737 336 35 26 im
1787 335 101 26 Palazzo
1903 335 57 24 Pitti
1976 344 26 15 er-

1150 386 100 30 halten,
1276 385 55 26 sind
1355 381 146 29 wesentlich
1530 377 158 30 verschieden
1711 385 51 17 von
1787 373 47 27 den
1858 373 153 26 Florentiner

1150 423 248 28 Barockrahmendes
1407 420 160 28 sechzehnten
1575 415 184 37 Jahrhunderts.
1770 415 97 25 Waren
1874 415 52 32 jene
1933 412 79 26 durch

1151 464 185 37 phantastische
1352 462 149 34 Erfindung,
1523 454 234 38 Mannigfaltigkeit
1777 452 52 26 und
1849 451 163 27 Zierlichkeit

1151 505 197 35 ausgezeichnet,
1359 512 28 17 so
1400 500 54 28 sind
1469 500 65 26 diese
1548 500 111 34 späteren
1668 494 117 27 Arbeiten
1796 492 58 25 eher
1864 489 147 36 einförmig,

1150 545 74 25 dabei
1246 544 56 26 aber
1324 541 152 27 übertrieben
1497 539 71 29 breit,
1584 534 110 39 prächtig
1715 532 51 27 und
1788 529 119 38 glänzend
1926 530 27 26 in
1967 528 44 26 der

1151 583 178 36 Vergoldung,
1353 591 77 18 wenn
1454 579 64 27 auch
1541 576 107 28 einzelne
1669 573 98 27 Motive
1794 572 36 25 im
1856 568 83 27 Detail
1965 578 45 16 aus

1151 625 81 32 jenem
1253 620 264 37 Michelangelosehen
1537 615 97 29 Barock
1656 613 111 27 entlehnt
1791 609 52 27 und
1867 608 129 26 weiterent-

1150 661 107 27 wickelt
1274 661 62 27 sind.
1374 659 58 28 Auf
1447 658 59 28 derb
1520 656 52 28 und
1590 653 67 39 grofs
1673 651 154 39 profilierter,
1847 648 55 26 sehr
1922 647 88 25 breiter

1150 701 146 37 Unterlage,
1311 701 40 26 die
1365 700 40 27 die
1415 698 154 28 Mittelleiste
1583 704 62 28 ganz
1658 688 189 39 ausgeschieden
1861 688 52 28 hat,
1928 686 81 35 liegen

1150 740 85 36 grofse
1250 740 124 30 Voluten,
1389 739 74 27 Stäbe
1480 738 53 26 und
1548 735 51 37 dgl.
1614 735 25 25 in
1654 729 192 41 phantastischer
1857 727 86 25 Weise
1956 725 53 26 sich

1150 778 235 28 durchschneidend
1400 778 50 26 und
1463 777 88 36 häufig
1566 776 46 25 mit
1623 770 134 29 Muscheln
1772 770 24 24 in
1811 767 47 26 den
1868 765 84 26 Ecken
1967 774 28 25 ge-

1149 819 142 26 schmückt.
1306 821 38 24 Im
1352 817 107 27 Aufbau
1470 816 53 27 und
1534 817 26 25 in
1571 815 41 26 der
1619 811 131 34 Wirkung
1761 808 53 26 sind
1822 806 64 26 diese
1893 804 116 27 Rahmen

1149 859 71 25 nicht
1242 858 142 27 unähnlich
1405 858 47 26 den
1469 856 61 27 eben
1551 852 188 29 beschriebenen
1759 848 93 26 breiten
1872 850 123 20 venetiani-

1149 898 76 25 schen
1237 897 244 27 Blattwerkrahmen
1492 896 42 26 der
1548 893 111 38 gleichen
1671 891 61 26 Zeit.
1755 887 61 27 Wie
1827 886 40 25 bei
1878 884 90 29 diesen,
1980 892 28 15 so

1149 935 59 27 fällt
1219 937 65 26 auch
1295 937 54 26 hier
1360 937 147 26 allmählich
1518 935 40 25 die
1567 931 133 35 Unterlage
1711 928 51 27 fort
1772 926 51 27 und
1836 925 38 26 die
1885 923 124 34 kraftigen

1150 977 158 26 Ornamente
1322 976 102 27 werden
1439 974 191 28 durchbrochen
1645 969 139 38 gearbeitet.

1482 1061 20 22 #
1573 1058 21 23 *
1665 1056 20 22 #

1147 1128 115 79 DIE
1274 1133 217 36 geschmackvolle
1500 1130 149 38 eigenartige
1657 1124 202 34 Weiterbildung
1866 1121 40 26 des
1915 1119 79 28 Bilder-

1243 1174 117 25 rahmens
1380 1173 60 36 geht
1460 1173 47 25 mit
1522 1171 56 26 dem
1593 1168 186 28 siebenzehnten
1791 1160 172 38 Jahrhundert,
1977 1168 28 16 so

1148 1213 67 26 reich
1235 1212 53 26 und
1307 1213 114 36 prächtig
1439 1211 157 37 gleichzeitig
1613 1209 41 26 die
1672 1207 113 27 Rahmen
1800 1201 66 28 noch
1881 1210 25 16 in
1920 1197 86 27 Italien

1148 1251 138 37 geschnitzt
1300 1251 52 27 und
1367 1251 129 37 vergoldet
1510 1249 109 30 werden,
1634 1246 48 28 auf
1692 1246 47 26 den
1753 1241 105 29 Norden
1872 1240 68 28 über,
1955 1238 51 25 und

1147 1301 68 17 zwar
1235 1291 155 27 übernimmt
1407 1292 54 26 hier
1479 1287 179 30 Frankreich
1672 1286 40 26 die
1725 1281 122 30 führende
1861 1279 82 27 Rolle.
1969 1278 39 23 Im

1147 1329 119 38 Anfange
1284 1330 41 26 des
1344 1331 162 26 sechzehnten
1527 1326 185 37 Jahrhunderts,
1733 1329 66 21 etwa
1816 1318 123 28 zwischen
1960 1317 47 24 den

1146 1371 90 33 Jahren
1253 1381 29 25 15
1291 1379 10 19 1
1308 1381 16 16 o
1336 1370 36 26 bis
1392 1379 70 26 1525
1479 1369 69 26 hatte
1559 1367 39 27 die
1609 1363 152 30 italienische
1771 1363 161 25 Renaissance
1943 1356 63 25 auch

1148 1410 27 26 in
1186 1410 43 27 der
1239 1411 149 35 Zeichnung
1399 1410 42 25 der
1452 1409 114 26 Rahmen
1578 1406 69 26 ihren
1657 1401 104 30 Einflufs
1772 1398 48 29 auf
1827 1398 39 26 die
1876 1395 131 28 nordische

1148 1451 83 26 Kunst
1251 1450 131 36 ausgeübt.
1412 1451 49 24 Der
1480 1446 175 28 Altarrahmen
1676 1443 99 25 kommt
1795 1436 96 29 freilich
1910 1444 47 17 nur
1976 1442 30 16 zu

1148 1490 68 26 einer
1242 1490 138 38 spärlichen
1405 1489 52 26 und
1482 1485 127 37 dürftigen
1629 1480 192 34 Entwicklung;
1845 1485 40 17 am
1908 1480 86 20 interes-

1148 1537 125 19 santesten
1286 1530 32 25 ist
1332 1539 33 21 er,
1377 1538 76 17 wenn
1468 1527 39 25 die
1517 1524 126 30 Künstler,
1656 1522 50 27 wie
1721 1522 78 24 Dürer
1813 1516 37 26 bei
1865 1522 81 18 seinen
1965 1515 28 22 be-

1149 1568 112 28 kannten
1275 1569 116 26 Rahmen
1406 1577 57 17 zum
1475 1561 253 38 Allerheiligenbilde,
1739 1567 47 17 nur
1796 1565 36 17 im
1842 1554 163 34 allgemeinen

1602 1601 105 28 Aufbau
1733 1598 53 25 sich
1810 1604 31 16 an
1864 1598 39 20 die
1924 1598 69 19 italie-

1600 1640 101 28 nischen
1731 1635 113 28 Rahmen
1875 1630 128 27 anlehnen.

1600 1684 73 22 Sonst
1694 1677 94 37 pflegen
1813 1673 34 26 sie
1872 1669 83 27 weder
1979 1668 26 26 in

1601 1721 46 26 den
1675 1713 180 30 Verhältnissen
1885 1709 67 26 noch
1978 1707 27 26 in

1600 1760 48 25 den
1672 1759 169 24 Ornamenten
1867 1747 137 37 glücklich,

1601 1797 138 34 überhaupt
1746 1802 47 17 nur
1803 1791 52 25 eine
1865 1787 139 29 schwache,

1600 1837 39 28 oft
1672 1829 215 32 mifsverstandene
1915 1826 72 26 Nach-

1600 1878 111 32 ahmung
1744 1867 164 31 italienischer
1939 1866 49 24 Vor-

1601 1916 76 27 bilder
1687 1922 29 18 zu
1727 1911 59 27 sein.
1800 1910 117 33 Dagegen
1926 1904 78 26 erhält

1600 1956 42 26 der
1658 1949 196 32 Leistenrahmen
1869 1950 70 21 unter
1956 1943 48 26 den

1600 1994 111 38 gleichen
1718 1988 135 28 Einflüssen
1860 1985 61 29 eine,
1926 1993 77 16 wenn

1600 2034 64 27 auch
1672 2038 76 20 etwas
1759 2025 157 34 einförmige,
1925 2021 64 27 nüch-

1600 2081 81 20 terne,
1712 2079 28 16 so
1767 2065 65 27 doch
1860 2069 59 30 gute
1949 2060 53 27 und

1599 2105 196 39 wirkungsvolle
1809 2106 80 26 Form,
1902 2101 38 25 die
1952 2100 52 26 sich

1599 2152 42 25 der
1679 2150 71 25 Form
1788 2144 43 26 der
1871 2140 129 37 gotischen

1599 2191 114 26 Rahmen
1752 2180 148 30 anschliefst.
1954 2181 50 23 Der

1599 2230 91 26 breiten
1720 2224 95 27 flachen
1849 2218 155 28 Mittelleiste

1598 2268 67 37 giebt
1687 2274 57 18 man
1768 2261 63 27 nach
1856 2258 87 28 aufsen
1963 2258 39 25 ein

1599 2305 117 29 schmales
1724 2302 57 28 aber
1791 2298 113 28 ziemlich
1915 2297 89 30 hohes,

1597 2346 64 28 nach
1676 2345 74 25 innen
1762 2341 40 26 ein
1816 2338 92 26 kleines
1920 2336 83 32 Profil,

1597 2386 41 26 das
1653 2384 52 27 fein
1718 2379 133 39 gegliedert
1868 2377 50 26 und
1933 2376 71 26 meist

1597 2422 127 38 vergoldet
1747 2421 43 28 ist,
1815 2416 121 27 während
1964 2415 40 27 die

1597 2462 152 28 Mittelleiste
1760 2456 157 37 regelmäfsig
1932 2456 72 25 einen

1596 2502 49 27 hell
1691 2501 141 25 schwarzen
1878 2495 126 31 Anstrich,

1595 2542 76 27 selten
1712 2539 72 26 einen
1827 2534 178 37 mattfarbigen

1596 2581 60 26 oder
1669 2577 103 29 weifsen
1783 2575 119 27 Anstrich
1916 2574 88 31 erhält,

1595 2618 49 29 auf
1660 2619 56 26 dem
1739 2617 26 26 in
1786 2617 47 25 den
1854 2614 83 27 Ecken
1953 2614 51 27 und

1596 2661 25 25 in
1642 2658 41 26 der
1704 2657 76 27 Mitte
1805 2657 153 26 Ornamente
1979 2655 26 26 in

1214 2869 21 0 251
