2486 3314
612 1163 122 48 DAS
773 1161 404 47 PLASTISCHE
1220 1154 398 55 ORNAMENT

465 1361 30 23 IE
510 1357 120 36 Skulptur
648 1355 96 26 konnte
758 1364 51 17 von
828 1355 43 26 der
889 1355 114 35 mächtig
1017 1353 45 28 auf-

478 1396 144 28 strebenden
648 1394 163 27 dekorativen
834 1397 96 28 Kunst,
959 1394 40 26 die
1022 1394 54 26 sich

478 1436 83 27 zumal
579 1437 25 25 in
619 1435 101 36 Belgien
734 1433 102 31 äufsert,
851 1434 71 26 nicht
936 1434 140 26 unberührt

478 1475 107 27 bleiben.
624 1476 28 25 In
680 1473 105 28 anderen
810 1473 114 27 Ländern
951 1473 66 27 wird
1042 1474 34 25 sie

479 1515 80 26 bisher
573 1524 51 17 von
638 1514 43 27 der
695 1524 81 16 neuen
787 1515 146 35 Bewegung
947 1523 44 26 arg
1005 1512 60 28 stief-

479 1554 145 28 mütterlich
643 1553 142 27 behandelt.
821 1553 60 26 Eine
900 1555 92 34 Menge
1008 1552 55 27 Bild-

478 1596 79 27 hauer
568 1593 171 37 beschäftigen
750 1594 53 26 sich
817 1595 46 25 mit
877 1594 48 30 ihr,
940 1593 59 27 aber
1010 1593 66 26 ohne

204 1637 175 27 sonderlichen
389 1639 116 29 Nutzen;
520 1646 24 16 es
559 1635 67 36 giebt
637 1633 224 38 Kleinskulpturen
875 1635 26 24 in
914 1632 162 27 unendlicher

204 1677 77 30 Fülle,
300 1676 111 27 reizende
430 1675 164 30 Sachelchen,
614 1673 40 28 die
674 1684 59 17 man
753 1673 132 28 dekorativ
904 1679 90 25 nennt,
1015 1673 61 27 weil

204 1717 34 25 sie
253 1716 110 26 niedlich
377 1716 68 33 sind;
464 1715 44 25 das
522 1724 54 17 was
591 1713 147 27 dekorative
752 1712 123 38 Skulptur
889 1712 83 33 heifst,
992 1713 84 27 davon

204 1756 81 26 haben
299 1756 75 26 heute
388 1765 48 15 nur
450 1754 99 35 wenige
564 1754 71 26 einen
650 1753 194 27 bestimmbaren
858 1751 101 38 Begriff.

264 1795 57 27 Und
334 1805 24 15 es
372 1795 44 26 hat
430 1794 69 26 doch
513 1794 52 25 mal
579 1794 55 26 eine
655 1793 120 37 gegeben,
790 1793 96 26 damals
901 1794 26 24 in
938 1792 43 26 der
991 1792 71 26 Blüte-

204 1835 45 26 zeit
257 1834 59 27 aller
322 1836 89 29 Kunst,
422 1834 64 26 nach
495 1833 42 27 der
545 1833 49 27 wir
602 1833 88 26 immer
698 1833 163 35 sehnsüchtig
871 1831 204 31 zurückblicken,

203 1875 39 25 die
261 1884 46 16 uns
322 1872 48 28 auf
381 1883 63 17 neue
458 1874 87 26 Zeiten
559 1883 30 16 zu
603 1872 89 27 hoffen
706 1872 96 37 gelehrt
817 1872 57 31 hat;
895 1872 25 25 in
935 1872 43 25 der
993 1870 81 28 Gotik

204 1914 48 36 gab
272 1924 24 15 es
311 1913 66 26 diese
392 1915 46 24 Art
458 1913 157 26 Bildhauerei
637 1912 50 26 und
702 1913 35 25 sie
751 1922 55 16 war
823 1911 71 26 nicht
912 1911 91 26 zuletzt
1022 1911 52 29 das,

203 1964 53 16 was
271 1954 43 26 der
329 1953 107 26 Norden
450 1963 46 16 vor
511 1952 57 26 dem
589 1951 155 26 blendenden
758 1950 94 27 Glänze
870 1949 99 27 Italiens
984 1960 90 16 voraus

202 1994 78 26 hatte.
314 1994 29 24 In
358 1993 39 26 ihr
417 1994 43 24 hat
478 1992 53 26 sich
550 1991 42 25 das
608 1993 198 23 Germanentum
821 1990 25 25 in
862 1990 68 25 Stein
949 1990 124 35 gehauen,

203 2033 34 26 sie
251 2032 49 37 gab
320 2032 47 26 den
379 2032 139 26 Welschen
537 2031 48 29 ein,
604 2029 47 26 den
671 2029 132 36 gotischen
817 2028 46 26 Stil
883 2028 47 26 den
949 2028 44 26 der
1012 2030 46 24 Bar-

204 2072 75 26 baren
287 2082 30 16 zu
329 2082 108 21 nennen;
449 2070 140 27 barbarisch
597 2068 94 26 mufste
699 2069 35 24 sie
745 2066 48 27 auf
801 2067 76 26 dieses
886 2067 70 26 Volk
965 2068 107 30 wirken,

204 2122 30 16 an
249 2111 57 27 dem
325 2111 87 26 bereits
431 2111 43 26 der
488 2111 96 25 Wurm
598 2107 146 27 raffinierter
759 2107 173 26 Sonderkunst
946 2117 31 16 zu
991 2117 81 26 nagen

204 2152 111 35 begann;
337 2152 34 25 sie
386 2160 55 17 war
452 2150 43 26 das
506 2148 117 30 Stärkste,
643 2157 54 17 was
712 2147 50 26 wir
781 2147 26 25 in
820 2149 66 33 jener
904 2146 99 27 starken
1019 2148 54 25 Zeit

203 2201 29 16 zu
248 2191 79 36 geben
340 2191 96 26 hatten.

264 2232 61 25 Man
336 2231 45 25 hat
392 2230 39 26 die
443 2229 81 27 Gotik
535 2229 46 26 seit
591 2227 59 27 bald
662 2227 82 26 einem
755 2225 200 28 Menschenalter
965 2225 92 27 wieder-

204 2270 90 31 belebt,
309 2270 33 26 sie
358 2270 31 26 ist
403 2270 27 25 in
444 2269 48 26 den
507 2267 157 38 Engländern
678 2266 52 27 und
742 2264 48 28 auf
801 2265 58 27 dem
869 2265 141 27 Kontinent
1024 2275 32 27 po-

204 2309 72 37 pulär
287 2308 150 38 geworden;
453 2308 49 27 alle
513 2308 103 28 Gebiete
627 2306 82 28 haben
720 2307 53 25 sich
784 2306 60 26 über
855 2306 34 25 sie
900 2305 171 36 hergemacht,

204 2349 40 26 die
269 2348 97 32 Musik,
391 2347 40 28 die
454 2348 146 30 Litteratur,
621 2347 40 26 die
680 2345 171 31 Architektur,
874 2345 40 26 die
938 2344 135 27 bildenden

204 2391 96 23 Künste
315 2398 46 16 vor
375 2387 93 27 Allem.
502 2390 64 23 Man
577 2387 44 26 hat
635 2387 67 26 noch
717 2386 70 27 nicht
803 2396 30 16 an
847 2388 65 33 jenes
925 2384 91 28 Gebiet
1030 2394 29 26 ge-

204 2429 79 30 rührt,
298 2438 52 17 von
364 2428 58 26 dem
436 2427 66 26 diese
513 2427 200 35 Betrachtungen
728 2425 135 37 ausgehen,
877 2441 34 4 —
924 2424 74 28 wohl
1012 2423 61 28 weil

204 2468 41 27 die
259 2467 73 27 Kraft
347 2467 61 27 dazu
429 2466 134 36 mangelte,
579 2465 128 26 vielleicht
721 2465 62 27 weil
802 2475 59 17 man
880 2465 53 26 sich
953 2464 119 29 schämte,

205 2507 43 27 das
263 2507 187 27 schwächliche
464 2504 177 32 Aufwärmen,
662 2505 58 25 dem
734 2515 60 16 man
812 2505 59 26 alles
885 2505 89 26 andere
988 2510 72 19 unter-

204 2546 77 32 warf,
302 2547 65 26 auch
390 2545 46 28 auf
452 2546 67 26 diese
536 2544 119 30 keusche,
674 2544 93 36 heilige
788 2547 80 24 Kunst
889 2543 183 30 anzuwenden;

205 2596 42 17 am
266 2585 276 30 wahrscheinlichsten,
563 2584 60 27 weil
644 2584 66 27 diese
728 2587 189 34 Kunstgattung
933 2583 139 34 überhaupt

204 2627 71 25 nicht
289 2626 71 26 mehr
375 2625 116 26 existiert.

263 2668 52 23 Der
330 2662 269 33 Dornröschenschlaf,
610 2663 48 26 den
673 2664 53 26 sich
738 2664 40 26 die
789 2663 105 36 übrigen
906 2660 165 29 dekorativen

204 2707 97 25 Künste
314 2705 61 36 jetzt
392 2705 115 35 langsam
524 2714 43 16 aus
587 2704 48 25 den
651 2706 90 33 Augen
756 2703 92 30 reiben,
867 2702 85 26 schien
971 2698 40 27 für
1030 2698 41 26 die

1157 1354 124 35 Skulptur
1294 1364 58 17 zum
1362 1351 232 28 Todesschlummer
1607 1344 136 39 geworden
1754 1352 28 16 zu
1796 1350 58 16 sein.
1886 1340 48 24 Der
1943 1338 48 24 Vor-

1156 1394 74 27 wurf
1246 1394 41 27 des
1306 1396 143 26 Unnützen,
1468 1390 48 26 den
1530 1398 58 17 man
1606 1387 42 25 der
1661 1382 138 29 abstrakten
1818 1381 79 24 Kunst
1915 1377 82 25 macht

1156 1434 31 26 ist
1202 1433 115 34 nirgends
1333 1433 70 26 mehr
1412 1430 137 35 berechtigt
1560 1427 34 26 als
1604 1426 59 29 hier,
1677 1433 44 17 wo
1736 1418 130 38 eigentlich
1880 1425 46 17 nur
1939 1418 68 21 noch

1156 1472 43 27 für
1213 1473 125 27 abstrakte
1352 1471 108 28 Zwecke
1478 1464 178 31 zweifelhafter
1670 1464 45 24 Art
1728 1458 131 38 gearbeitet
1873 1454 64 28 wird
1966 1454 39 23 die

1156 1512 137 28 Lichthöfe
1315 1512 41 26 der
1373 1509 192 34 Ausstellungen
1583 1504 51 27 und
1656 1502 47 26 den
1721 1494 184 36 Staatsauftrag.
1943 1494 62 23 Man

1156 1554 86 26 macht
1257 1551 159 31 Denkmäler,
1431 1549 40 26 die
1484 1549 36 24 im
1533 1542 155 30 schreienden
1703 1542 134 32 Gegensatz
1849 1543 30 17 zu
1894 1539 110 19 unserem

1156 1592 188 31 Strafsenleben,
1359 1600 30 17 zu
1404 1588 63 27 allen
1478 1586 133 27 modernen
1622 1577 120 39 Begriffen
1756 1575 82 27 stehen
1852 1571 50 27 und
1917 1570 87 36 pflanzt

1157 1633 25 26 in
1202 1632 40 27 die
1256 1631 125 28 verderbte
1395 1626 159 29 Architektur
1571 1619 155 29 öffentlicher
1741 1615 91 27 Paläste
1845 1610 145 33 beziehungs-

1156 1672 52 26 lose
1224 1674 102 24 Statuen
1340 1669 94 27 hinein.
1468 1668 28 24 In
1513 1665 42 25 der
1568 1664 81 24 Masse
1662 1656 54 28 sind
1730 1664 48 17 wir
1790 1652 63 27 auch
1864 1650 78 26 hierin
1956 1648 46 25 den

1155 1711 130 26 Italienern
1301 1709 50 27 und
1366 1717 89 18 unsern
1468 1705 87 27 Ahnen
1574 1698 136 35 überlegen.
1741 1695 61 25 Man
1820 1690 83 26 macht
1918 1689 68 25 Denk-

1155 1750 79 27 mäler
1248 1751 25 25 in
1287 1751 100 34 Menge.
1417 1748 28 24 In
1464 1745 56 26 dem
1534 1741 118 27 kleinsten
1665 1737 62 25 Nest
1745 1731 75 27 findet
1836 1738 56 17 man
1911 1726 42 27 div
1979 1736 24 15 se

1155 1789 245 36 Symbolisierungen
1421 1793 98 19 unserer
1539 1776 173 43 patriotischen
1734 1770 108 28 Gefühle
1875 1777 26 16 in
1922 1765 80 27 Berlin

1155 1830 55 26 sind
1224 1830 35 25 sie
1273 1828 49 27 fast
1336 1828 47 26 mit
1397 1825 42 27 der
1453 1816 219 42 Regelmäfsigkeit
1686 1822 65 27 jener
1761 1808 126 28 Anstalten
1898 1804 103 30 vertedt,

1154 1869 41 27 die
1209 1869 92 26 andern
1316 1867 111 35 weniger
1444 1863 134 27 erhabenen
1593 1852 169 32 Bedürfnissen
1892 1861 33 4 ~

1154 1908 94 27 zwickt
1269 1908 31 26 ist
1321 1907 42 26 der
1380 1901 95 39 Begriff
1490 1902 41 25 des
1549 1897 135 27 modernen
1704 1887 133 31 Denkmals
1854 1884 146 35 überhaupt,

1153 1949 68 25 noch
1235 1945 169 29 verzwickter,
1420 1952 52 16 was
1486 1940 52 27 sich
1552 1945 82 19 unsere
1649 1932 128 27 Bildhauer
1791 1937 33 16 im
1839 1925 162 36 allgemeinen

1154 1987 115 26 darunter
1284 1985 138 27 vorstellen.
1456 1983 62 24 Man
1538 1976 83 28 macht
1639 1982 52 18 eine
1705 1966 157 31 Architektur
1876 1963 51 27 und
1941 1968 49 19 setz

1153 2028 54 25 eine
1218 2027 73 35 Figur
1301 2023 98 30 darauf,
1411 2023 40 25 das
1465 2021 29 25 ist
1504 2028 43 27 gar
1558 2016 69 26 nicht
1635 2012 65 29 übel,
1710 2017 74 19 wenn
1796 2006 38 25 die
1841 2001 159 29 Architektur

1152 2077 31 16 zu
1198 2067 42 25 der
1255 2065 120 36 Skulptur
1394 2062 95 36 gehört,
1510 2066 74 18 wenn
1599 2051 104 29 derselbe
1716 2051 76 26 Geist,
1810 2041 104 29 dieselbe
1928 2041 71 26 Faust

1153 2107 26 25 in
1194 2106 57 26 dem
1262 2106 70 24 einen
1347 2102 49 27 wie
1411 2101 26 26 in
1450 2100 55 25 dem
1520 2095 90 28 andern
1624 2087 164 31 wiederkehrt

1213 2145 42 26 Bei
1268 2154 46 16 uns
1329 2144 30 24 ist
1373 2139 81 28 beides
1468 2139 26 24 in
1511 2136 43 26 der
1568 2130 75 37 Regel
1657 2125 130 31 zweierlei;
1806 2121 64 28 auch
1885 2128 74 17 wenn
1974 2127 23 16 es

1153 2184 109 27 derselbe
1272 2182 114 38 gemacht
1396 2180 55 29 hat;
1463 2173 125 29 entweder
1595 2172 39 24 die
1642 2164 159 31 Architektur
1812 2167 30 20 ist
1853 2169 37 17 ein
1897 2161 89 23 Riesen

1152 2224 117 26 bombast
1272 2194 16 26 B
1302 2220 48 29 auf
1364 2220 55 25 dem
1438 2217 51 25 sich
1507 2215 41 24 der
1566 2209 113 38 gefeierte
1693 2194 175 56 Ausgeh-en,
1881 2196 116 30 befindet,

1152 2265 51 25 wie
1224 2264 42 26 der
1279 2260 139 29 versilberte
1439 2248 180 38 Zuckerknopf
1633 2244 48 29 auf
1695 2252 80 19 einem

1152 2303 109 30 kuchen,
1280 2300 60 27 oder
1354 2308 23 16 es
1395 2298 30 25 ist
1444 2295 41 26 der
1499 2290 82 38 grofse
1595 2291 82 24 Reiter
1697 2281 46 29 auf
1757 2281 41 26 der

1152 2343 52 26 und
1219 2343 66 25 dann
1300 2341 30 25 ist
1344 2348 23 16 es
1382 2338 26 24 in
1422 2335 41 26 der
1477 2330 75 37 Regel
1566 2327 66 28 noch
1645 2323 147 28 schlimmer.
1817 2320 47 24 Der
1878 2322 60 20 erste
1949 2318 49 22 Fall

1263 2379 101 26 weitem
1384 2375 42 25 der
1445 2345 137 61 häufigere;
1602 2376 25 16 er
1646 2366 133 33 entspringt
1801 2357 56 25 dem
1876 2355 122 63 «htgn

1152 2419 115 30 Instinkt,
1282 2416 52 28 dafs
1349 2416 40 25 die
1402 2412 126 36 Skulptur,
1544 2408 50 26 wie
1607 2414 33 17 sie
1654 2410 65 28 gang
1733 2398 50 27 und
1797 2396 61 36 gäbe
1872 2401 39 24 ist,
1928 2396 69 23 nicht

1152 2424 69 63 St
1235 2456 132 29 ausreicht,
1388 2451 52 28 dafs
1456 2459 57 17 man
1527 2448 33 25 sie
1572 2441 138 30 verstecken
1724 2437 66 27 mufs
1940 2434 44 24 Ein

1152 2498 79 28 druck
1242 2507 50 16 von
1304 2493 98 27 Würde
1413 2500 29 17 zu
1455 2496 124 26 erzeugen,
1590 2483 46 26 den
1648 2489 56 18 man
1715 2476 63 28 will.
1799 2476 38 24 Sie
1848 2480 32 19 ist
1890 2482 30 16 zu
1931 2476 66 22 klein

1152 2521 41 44 ar
1207 2537 64 26 diese
1282 2532 115 29 Zwecke,
1409 2539 50 17 von
1472 2530 65 33 jener
1547 2520 134 30 Kleinheit,
1692 2517 38 26 die
1744 2525 44 17 um
1803 2523 27 17 so
1845 2511 154 27 miserabeler

1152 2576 77 30 wird,
1249 2576 25 24 in
1294 2576 20 31 je
1331 2569 125 38 gröfseren
1475 2563 175 29 Dimensionen
1670 2566 33 17 sie
1721 2554 104 27 auftritt.
1850 2554 38 23 Sie
1908 2558 29 19 ist
1955 2560 45 16 vor

1152 2616 74 26 allem
1240 2624 28 16 zu
1283 2609 134 39 griechisch
1433 2606 59 26 oder
1505 2601 117 29 römisch,
1633 2608 30 16 zu
1676 2604 85 26 wenig
1771 2602 50 18 von
1835 2601 65 26 jener
1911 2592 75 34 Eigen-

1152 2662 36 19 art
1209 2654 39 26 die
1262 2653 53 26 sich
1325 2649 73 26 dreist
1407 2647 73 25 sehen
1494 2643 78 26 lassen
1587 2636 62 33 darf,
1661 2636 38 25 die
1710 2633 65 27 nach
1785 2631 100 37 grofsen
1896 2633 87 23 Dimen-

1151 2695 86 25 sionen
1251 2692 92 26 dürstet
1357 2686 51 28 und
1422 2686 27 25 in
1463 2683 42 26 der
1518 2681 119 26 kleinsten
1649 2673 194 34 Verkleinerung
1859 2675 141 32 imponiert.

562 937 73 11 GEORGE
647 936 64 13 MINNE,
723 934 168 12 BRUNNENAUFSATZ

1218 2888 12 0 257
