2486 3314
284 333 85 28 Schon
388 334 49 28 fast
455 338 151 36 priesterlich
626 339 123 25 erscheint
767 339 38 25 die
820 337 114 26 Inbrunst
952 336 43 26 der
1009 339 73 23 Entsa-

224 375 78 31 gung,
317 372 41 28 die
369 374 136 37 gefordert,
521 388 29 15 zu
566 378 41 26 der
621 378 41 26 die
672 377 74 27 Kraft
760 377 87 27 erfleht
858 377 65 26 wird
938 377 34 25 im
984 378 110 24 Neuen

225 410 258 41 Ausfahrtsegen.
522 417 84 26 Schon
625 417 49 26 fast
693 417 150 37 priesterlich
864 417 39 25 die
916 417 114 34 Strenge,
1056 415 39 26 die

226 450 237 37 unerbittlichkeit,
488 456 49 26 mit
557 456 43 27 der
614 455 145 28 verworfen
773 456 79 32 wird,
867 466 53 16 wer
938 455 52 27 sich
1010 465 31 16 an
1055 455 40 25 die

223 487 72 28 Welt
316 493 114 31 verliert,
452 495 81 27 schon
553 494 51 28 fast
621 496 155 37 priesterlich
797 495 39 27 die
858 495 173 36 Mahnung,
1054 494 39 25 die

225 526 57 28 dem
296 531 120 29 Eroberer
431 535 190 36 entgegentritt:

377 585 54 23 War
449 593 24 15 so
493 586 62 23 denn
572 586 104 24 wirklich
696 587 52 23 dein
767 587 117 23 erstritten
903 587 66 23 land?

377 618 22 22 O
417 619 114 23 überhöre
549 620 69 29 jenen
635 620 176 30 lockungschrei

376 650 55 23 Und
450 660 38 22 sag
505 652 65 23 nicht
588 652 49 23 dass
655 653 53 22 dein
726 653 46 22 leid
792 653 53 22 dein
863 653 79 23 führer
959 653 32 22 sei

375 683 57 24 Und
450 685 97 22 Wechsel
565 685 65 22 nicht
647 686 37 22 ein
702 686 113 30 würdiges
833 686 103 30 gewand.

283 726 138 30 Glücklich
436 731 32 26 ist
482 731 53 26 hier
546 741 56 22 nur,
619 742 52 16 wer
682 742 49 16 von
744 731 59 27 aller
814 733 116 26 Schwere
941 731 46 27 frei
998 732 26 26 in
1035 731 57 27 dem

222 765 109 35 luftigen
344 768 113 37 Abglanz
472 770 44 26 der
526 771 83 36 Dinge
624 771 77 27 webt.
730 770 189 28 Schattenküsse
933 771 102 37 spendet
1050 770 40 27 das

222 800 66 29 Kind
310 805 102 30 leichter
432 809 99 27 Wolke
555 810 54 26 und
633 810 88 26 lichter
739 810 74 26 Plane
834 810 58 26 dem
909 811 181 36 Entsagenden,

221 843 42 24 der
277 845 52 26 rein
345 847 51 26 und
408 849 122 36 geheiligt
541 860 45 15 vor
597 849 42 26 der
650 852 75 24 Muse
735 850 72 30 steht,
823 850 56 25 dem
890 850 40 25 die
940 850 135 36 geheimnis-

221 880 84 30 vollen
320 887 104 27 Mächte
439 888 43 26 das
496 891 96 24 Wesen
607 890 42 25 der
664 889 72 26 Welt
749 890 37 25 im
800 890 88 25 Schein
903 889 137 26 enthüllen.

340 938 73 23 Siehst
433 940 31 23 du
482 940 33 23 im
533 941 49 22 takt
599 941 39 22 des
657 941 115 22 Strauches
789 941 54 22 laub
861 941 69 22 schon
949 941 85 22 zittern

341 971 55 23 Und
415 973 45 22 auf
474 973 41 22 der
533 974 88 29 glatten
639 974 72 22 fluten
730 974 155 30 dunkelglanz

340 1003 45 24 Die
405 1005 78 23 dünne
500 1007 149 22 nebelmauer
667 1006 46 23 sich
731 1007 157 30 zersplittern?

339 1037 74 23 Hörst
431 1038 32 23 du
482 1039 39 23 das
538 1040 111 22 elfenlied
667 1047 55 15 zum
741 1039 131 23 elfentanz?

341 1089 75 23 Schon
434 1090 108 23 scheinen
560 1091 73 23 durch
652 1092 41 22 der
709 1092 88 30 zweige
814 1091 181 23 zackenrahmen

340 1122 49 23 Mit
406 1124 186 22 Sternenstädten
610 1125 68 30 selige
697 1124 90 31 gefilde,

341 1154 49 24 Der
408 1157 76 22 Zeiten
503 1157 47 30 flug
568 1158 94 21 verliert
680 1157 36 23 die
735 1158 61 22 alten
814 1165 84 14 namen

341 1188 54 23 Und
415 1197 66 15 räum
498 1190 49 22 und
566 1190 76 22 dasein
660 1190 92 22 bleiben
770 1198 44 14 nur
831 1190 32 22 im
880 1190 68 22 bilde.

279 1233 60 26 Nur
353 1235 35 26 im
399 1235 78 33 Bilde,
492 1246 48 16 nur
554 1237 25 25 in
593 1237 68 26 einer
676 1237 149 36 Spiegelung
839 1236 65 27 wird
919 1237 43 25 das
976 1236 110 26 Erlebnis

220 1268 170 33 Seelenbesitz.
428 1276 60 25 Dies
697 1277 40 25 des
753 1276 142 26 Erkennens
915 1276 52 26 und
982 1275 42 27 der
1037 1278 34 25 Ge-

220 1307 184 43 rühlsdeutung
423 1316 123 25 erscheint
565 1317 54 25 hier
634 1316 111 26 bewufst
763 1316 35 26 als
813 1314 185 39 schöpferische
1013 1314 72 27 Kraft

218 1347 101 31 gefafst.
341 1354 47 24 Ein
400 1354 188 27 unerbittliches
600 1355 273 36 Schönheitsbegehren
885 1366 44 16 um
939 1355 71 36 jeden
1021 1355 64 26 Preis

218 1392 31 19 ■st
263 1388 40 27 ihr
317 1392 119 36 einziges,
461 1394 58 26 aber
533 1394 38 26 ein
587 1394 129 27 furchtbar
731 1401 105 30 strenges
852 1398 95 24 Gesetz.
985 1397 32 24 So
1032 1400 40 20 ent-

217 1428 71 26 stand
304 1430 42 26 der
535 1433 57 27 dem
607 1434 152 26 Gedächtnis
775 1435 121 36 Ludwigs
916 1434 41 26 des
973 1434 112 26 Zweiten

217 1469 124 31 geweiht,
361 1471 36 27 im
417 1472 70 27 Bilde
509 1473 41 26 des
572 1473 194 26 wundersamen
785 1476 149 34 Imperators
954 1471 131 29 überreifer

216 1503 106 32 Reiche:

338 1535 73 23 Nicht
428 1537 127 23 ohnmacht
571 1542 35 18 rät
623 1538 45 22 mir
685 1539 27 22 ab
730 1547 46 14 von
794 1547 79 14 eurem
892 1538 98 23 handeln

334 1567 40 24 Ich
393 1569 57 23 habe
468 1578 71 15 euren
557 1571 94 22 handeis
669 1571 67 22 wahn
753 1571 89 28 erfasst,

335 1601 22 22 O
376 1602 41 22 lass
436 1603 59 23 mich
514 1604 142 30 ungerühmt
672 1604 49 22 und
739 1604 128 31 ungehasst,

335 1633 55 24 Und
408 1635 46 22 frei
471 1636 24 23 in
514 1636 45 23 den
577 1637 126 30 bedingten
721 1637 90 22 bahnen
829 1637 112 23 wandeln.

274 1679 98 27 Darum
382 1681 84 27 wölbt
477 1682 54 27 sich
542 1689 73 20 unter
626 1682 42 27 der
679 1683 60 26 Erde
750 1684 52 25 sein
813 1683 172 31 Zauberreich,
996 1689 87 20 unter

214 1714 48 26 den
286 1718 98 28 Tritten
408 1721 43 26 der
474 1724 97 24 Wesen
599 1722 94 26 breiten
723 1723 53 26 sich
799 1724 67 25 seine
891 1722 190 36 schweigenden

212 1753 146 31 schwarzen
373 1762 103 29 Gärten,
492 1761 67 26 seine
573 1761 152 27 blinkenden
740 1763 63 30 Säle,
818 1761 53 27 fern
886 1772 50 17 von
951 1762 65 26 allen
1027 1764 36 24 An-

212 1796 124 30 sprüchen
356 1798 41 27 des
416 1801 130 35 gemeinen
560 1801 108 32 Lebens,
690 1801 159 27 verschieden
864 1812 50 16 von
933 1802 47 25 den
994 1803 65 24 Wün-

211 1833 75 27 schen
301 1836 44 27 der
356 1840 94 35 Menge
461 1856 31 2 —
504 1841 150 26 verachtend
665 1841 74 27 weifs
751 1852 36 17 er:
806 1841 34 27 sie
853 1841 82 27 haben
946 1843 70 25 Korn
1027 1840 52 26 und

211 1871 82 29 haben
308 1877 186 38 Fechterspiele.
522 1881 59 25 Nur
594 1890 46 17 um
654 1891 51 17 von
719 1881 94 27 seinem
824 1883 78 25 Gotte
916 1880 47 27 den
977 1882 85 25 immer-

210 1912 115 30 gleichen
339 1918 80 35 Segen
434 1929 30 16 zu
479 1918 161 38 empfangen,
655 1930 49 16 nur
717 1930 42 16 um
775 1931 39 15 am
829 1919 126 27 frühesten
969 1922 109 33 Morgen

210 1956 20 17 lr
230 1958 5 16 >
248 1951 49 28 den
307 1956 69 26 noch
386 1958 104 36 nächtig
504 1957 95 28 kühlen
607 1959 92 26 Hallen
712 1961 83 25 seinen
806 1960 106 26 Tauben
923 1959 39 26 die
973 1958 105 28 weifsen

210 1989 99 30 Körner
318 2004 31 17 zu
357 2002 109 26 streuen,
480 1997 102 27 verläfst
589 2008 25 16 er
622 1999 84 26 seinen
715 2000 176 26 Wunderbau.
913 2001 58 24 Nur
981 2000 96 24 einem

210 2028 129 32 Genofsen
365 2036 137 26 erschliefst
526 2037 52 26 sich
598 2038 123 27 zuweilen
742 2040 67 25 seine
830 2039 78 26 Seele:
932 2038 82 27 Selber
1038 2036 39 27 die

209 2070 119 34 Vestalin,
345 2074 39 27 die
399 2077 166 35 priesterliche
577 2077 132 36 Jungfrau,
724 2079 31 25 ist
770 2079 78 25 seiner
863 2084 110 21 unwert:

325 2133 49 23 Am
392 2134 90 22 markte
499 2135 38 22 sah
555 2135 36 23 ich
610 2143 45 15 erst
673 2136 36 23 die
728 2137 142 23 würdevolle

326 2165 44 23 Die
389 2167 105 22 schönste
512 2176 39 14 aus
570 2168 41 23 der
628 2169 95 23 weissen
741 2170 138 22 Schwestern
897 2177 51 23 zug,

324 2198 53 23 Wie
395 2199 179 24 fürstenmantel
591 2201 56 32 hing
665 2202 36 23 die
719 2203 108 22 schlichte
845 2202 67 22 wolle

325 2230 47 24 Um
390 2232 60 23 ihres
466 2233 100 23 nackens
583 2234 61 23 ihrer
662 2234 116 24 schultern
797 2236 53 30 bug.

324 2276 36 24 Im
378 2277 126 33 Schauspiel
522 2279 61 23 dann
601 2281 31 22 als
649 2281 48 23 sich
715 2281 36 23 die
770 2281 67 30 opfer
854 2280 104 23 mehrten

325 2309 55 24 Und
399 2312 102 30 zügellos
519 2312 37 23 die
574 2321 83 23 menge
675 2314 78 23 beifall
770 2313 48 24 rief

324 2342 45 24 Die
388 2344 172 24 todberufenen
580 2346 46 23 den
643 2350 61 19 Cäsar
721 2347 93 23 ehrten:

323 2375 59 24 IHR
400 2385 58 23 äuge
477 2377 61 23 blieb
556 2379 101 31 gelassen
676 2386 77 24 streng
770 2380 50 22 und
836 2378 50 24 tief.

323 2421 76 24 Wenn
417 2422 36 23 ich
472 2423 40 23 der
530 2424 88 24 kurzen
636 2426 112 30 Werbung
765 2425 79 23 rausch
864 2423 110 25 bedenke!

323 2453 39 23 Ich
381 2455 40 22 riss
439 2456 37 22 die
494 2456 121 31 priesterin
633 2466 47 15 von
698 2459 54 22 dem
770 2459 63 27 altar,

323 2486 55 24 Und
397 2489 42 21 alle
458 2489 80 23 länder
555 2491 110 22 brachten
685 2491 201 30 brautgeschenke.

323 2519 39 23 Ich
381 2521 41 22 bot
439 2522 23 22 in
481 2522 85 23 bächen
585 2524 55 30 gold
658 2524 48 23 und
724 2525 85 22 baisam
827 2524 41 22 dar
878 2519 11 35 .
899 2540 5 5 .
914 2519 9 35 .

323 2565 54 23 Und
395 2567 127 24 zweifelnd
539 2570 30 22 ob
588 2570 38 22 das
643 2578 60 14 neue
720 2570 69 30 glück
807 2569 45 23 mir
868 2567 76 24 werde

322 2598 88 24 Erfand
428 2600 36 23 ich
483 2609 44 15 nur
545 2602 45 23 den
609 2603 61 29 quell
688 2603 42 22 der
747 2610 76 15 neuen
841 2601 52 31 quäl
906 2618 5 5 .
921 2598 11 34 .
942 2616 5 5 .

321 2630 40 23 Ich
379 2633 81 23 sandte
478 2634 31 22 sie
527 2636 88 22 zurück
633 2643 30 15 zu
681 2636 72 22 ihrem
771 2635 76 27 herde,

321 2663 35 23 Sie
373 2664 64 24 hatte
455 2667 44 22 wie
516 2667 37 23 die
571 2668 100 23 anderen
689 2669 37 22 ein
743 2669 54 21 mal.

1233 335 50 24 Um
1297 331 41 27 der
1352 329 133 28 Schönheit
1499 325 93 31 willen,
1608 334 42 17 um
1664 323 45 26 den
1718 322 84 35 Alltag
1816 320 65 36 ewig
1895 319 54 27 fern
1963 329 49 16 von

1173 375 54 24 ihm
1241 382 30 17 zu
1285 371 97 30 halten,
1401 373 61 22 tötet
1482 377 23 15 er
1519 366 40 26 das
1577 364 59 35 selig
1650 358 163 30 entschlafene
1827 362 58 24 Paar
1899 359 44 25 mit
1957 358 55 26 dem

1173 411 71 29 Gifte
1258 412 40 25 des
1312 417 84 19 treuen
1410 408 104 35 Ringes,
1532 403 56 28 läfst
1603 414 23 16 er
1640 413 42 19 zu,
1700 400 52 26 dafs
1768 400 37 25 die
1818 397 139 28 Geladenen
1972 407 40 16 am

1173 452 67 26 Ende
1261 451 41 25 des
1321 452 74 24 Festes
1415 448 25 26 in
1458 448 79 26 Rosen
1559 441 128 29 ertrinken.
1724 441 41 24 Ich
1784 436 70 28 weifs
1873 437 81 29 nicht,
1979 436 32 25 ob

1173 494 98 33 George
1285 486 215 30 berauschenderes
1514 483 121 37 gedichtet
1647 482 43 26 hat
1708 479 33 26 als
1760 478 78 26 diesen
1852 474 158 28 Rosen-Tod.

1295 547 84 23 Becher
1397 553 35 15 am
1450 543 81 27 boden,
1640 540 74 22 Rosen
1731 543 90 24 regnen,

1294 581 59 22 Lose
1371 577 145 33 geschmeide.
1639 572 116 29 Purpurne
1773 574 55 16 satte

1294 614 87 22 Frauen
1399 611 79 23 dirnen
1639 604 42 23 Die
1699 601 127 24 liebkosen?

1294 646 108 23 Schlanke
1420 642 110 24 schenken
1638 636 81 24 Weisse
1737 640 69 17 matte

1293 679 73 22 Müde
1383 677 45 23 sich
1445 675 90 26 senken,
1638 668 61 25 Euch
1716 675 29 15 zu
1762 666 79 23 laben?

1293 712 74 29 Ledig
1384 710 37 23 die
1437 708 66 23 lende
1637 702 143 23 Malvenrote

1293 746 73 21 Busen
1383 743 47 23 und
1449 740 70 29 hüfte,
1638 734 70 24 Gelbe
1725 739 59 17 tote:

1293 778 45 22 Um
1357 777 35 22 die
1410 775 84 23 Stirnen
1636 766 160 25 Manen-kusse

1293 811 47 22 Der
1358 811 81 21 kränze
1458 813 50 16 rest.
1637 800 61 23 Euch
1714 806 29 15 zu
1760 803 89 25 segnen.

1292 861 155 25 Schläfernder
1464 858 84 24 broden
1636 852 53 25 Auf
1703 850 35 23 die
1755 845 123 27 schleusen!

1291 894 143 24 Traufender
1451 891 72 24 dufte.
1636 885 53 23 Und
1706 891 38 14 aus
1761 889 78 15 reusen

1291 927 145 29 Wein-könig
1453 922 99 25 scheide!
1636 919 92 29 Regnen
1745 922 70 19 rosen,

1290 961 65 24 Aller
1371 959 58 23 ende
1635 952 69 21 Güsse
1722 948 62 23 flüsse

1290 993 62 23 Ende
1371 993 37 22 das
1425 990 53 23 fest!
1635 984 42 22 Die
1694 981 115 31 begraben.

1227 1044 54 24 Den
1294 1043 135 32 Imperator
1446 1036 85 29 selber,
1550 1033 41 27 der
1608 1040 46 18 nur
1670 1028 65 28 noch
1753 1027 25 25 in
1797 1024 40 26 der
1855 1021 145 28 Rückschau

1167 1082 26 26 in
1208 1082 50 26 sein
1270 1080 68 27 ferne
1351 1078 125 37 gelegenes
1490 1071 161 30 Blumenalter
1668 1069 39 25 ein
1725 1063 176 30 schmerzliches
1918 1061 82 26 Gluck

1167 1120 138 35 empfinden
1320 1119 74 29 kann,
1409 1120 96 23 müssen
1520 1113 38 25 die
1568 1120 48 18 von
1626 1105 147 30 Weltflucht
1783 1103 49 27 und
1843 1098 158 39 glorreichem

1166 1159 98 28 Sterben
1283 1156 149 38 klingenden
1447 1154 101 27 Weisen
1569 1151 40 26 der
1626 1146 156 39 ägyptischen
1796 1138 166 38 Flötenspieler
1974 1146 26 16 in

1166 1201 46 25 den
1228 1199 127 26 endlichen
1369 1195 151 27 Schlummer
1533 1191 104 34 wiegen.

1223 1242 30 23 Es
1273 1237 66 27 kann
1360 1236 68 26 nicht
1447 1232 131 34 verborgen
1599 1227 106 28 bleiben,
1728 1221 51 28 dafs
1800 1220 62 26 diese
1882 1216 116 28 Gedichte

1165 1279 120 32 gewissen
1299 1275 220 33 Zeitstimmungen
1533 1267 164 37 entsprechen;
1712 1263 54 26 aber
1776 1269 49 17 wie
1835 1268 33 16 s.e
1881 1260 117 22 einerseits

1165 1319 65 29 dem,
1244 1326 53 17 was
1311 1315 72 26 vieler
1399 1314 91 34 Lippen
1504 1307 150 29 stammelten
1665 1306 70 24 Form
1749 1299 49 27 und
1809 1294 127 30 Ausdruck
1947 1303 39 16 ver-

1163 1358 91 29 liehen,
1272 1366 27 16 so
1317 1363 84 17 waren
1420 1352 32 25 sie
1471 1347 139 29 andrerseits
1628 1353 47 17 nur
1688 1341 38 27 die
1740 1337 92 28 zeithch
1849 1331 135 38 umgefärbt

1163 1397 71 26 Blüte
1249 1394 122 27 derselben
1383 1389 250 38 Jugendschwermut,
1653 1383 37 25 die
1704 1390 34 16 im
1752 1376 113 27 Werther
1879 1374 38 25 die
1930 1374 66 32 Zuge

1163 1437 66 25 einer
1248 1435 90 26 andren
1363 1430 70 27 Welt
1451 1427 86 28 beseelt
1554 1424 50 27 und
1621 1423 48 25 wie
1689 1419 74 26 dieser
1783 1424 78 17 einem
1880 1421 66 17 inner
1957 1410 39 25 ich

1162 1474 134 38 gesunden,
1308 1474 79 25 dauer-
1399 1468 49 28 und
1459 1459 262 37 fruchtverbürgenden
1731 1459 92 23 Stamm
1834 1450 161 63 entwachsen.

1163 1515 120 27 Manches
1298 1511 56 28 läfst
1367 1507 133 29 zweifellos
1515 1503 64 27 noch
1593 1504 94 31 Ringen
1702 1495 50 28 und
1767 1490 178 39 Ungewifs>t
1958 1497 24 16 er-

1162 1555 109 29 kennen;
1283 1561 73 18 wenn
1368 1550 38 25 die
1413 1540 237 38 Schilderungende,
1658 1531 232 41 Gegenständlichen
1903 1529 33 34 (*
1949 1527 45 25 den

1161 1591 183 30 Liebesmahlen
1353 1589 58 26 oder
1418 1587 25 25 in
1452 1585 40 26 der
1499 1579 175 33 Beschreibung
1685 1584 46 17 von
1741 1567 239 65 AlgabalsM^hen

1161 1633 78 31 Sälen)
1254 1630 61 27 viele
1325 1626 162 29 Einzelheiten
1501 1615 219 36 zusammenfügen,
1736 1612 38 25 die
1786 1615 77 30 spater
1877 1606 55 26 dem
1948 1611 44 19 mit

1160 1644 26 56 J
1201 1673 43 33 nig
1258 1666 160 30 Stoffmitteln
1436 1662 129 27 erreichten
1580 1651 165 38 Hintergrund
1759 1648 109 28 weichen
1889 1653 92 18 müssen

1159 1712 52 27 Wer
1226 1711 55 26 aber
1294 1707 65 26 noch
1374 1705 33 26 als
1421 1697 159 32 Selbstzweck
1594 1695 148 28 erscheinen;
1758 1688 58 27 oder
1829 1695 72 16 wenn
1916 1683 75 26 durch

1320 1745 99 27 seltener
1437 1741 51 27 und
1505 1747 72 18 neuer
1594 1736 88 25 Worte
1700 1730 41 25 der
1760 1729 77 24 Kunst
1848 1734 11 16 e
1861 1734 10 16 r
1874 1739 11 4 .
1891 1725 18 24 E
1911 1723 79 34 hrge,z

1159 1789 130 35 befriedigt
1304 1786 45 26 den
1363 1780 120 30 Profanen
1498 1773 133 32 erschreckt
1645 1770 47 27 und
1707 1766 150 28 zurückhält.

1565 1859 21 25 *

1214 1944 46 27 Die
1273 1941 131 34 folgenden
1424 1938 33 26 als
1475 1934 85 27 zweite
1573 1927 107 36 Trilogie
1695 1922 146 36 vereinigten
1854 1916 135 33 »Bücher

1154 1987 52 26 der
1221 1953 107 57 Hirten
1346 1978 58 28 und
1419 1970 220 39 Preisgedichte
1658 1966 39 26 der
1712 1965 91 33 Sagen
1820 1957 57 28 und
1891 1959 95 32 Sänge

1154 2024 59 28 und
1235 2023 49 25 der
1304 2015 184 39 Hängenden
1662 1999 325 61 zeigen'!«*«»£££

1153 2064 112 34 Färbung
1278 2061 38 26 ein
1331 2028 134 57 Erwachen
1479 2061 41 18 aus
1534 2035 374 79 *%£<%£%£?£
1921 2032 64 66 S

1153 2103 65 28 doch
1232 2101 68 26 nicht
1314 2099 85 26 immer
1413 2100 124 20 entrinnen
1552 2088 73 26 kann.
1648 2087 62 22 Dem
1721 2089 33 17 ers
1767 2087 27 16 en
1928 2110 14 26 d

1152 2143 42 27 der
1208 2139 106 28 Vorrede
1327 2144 88 24 „unsre
1427 2131 66 28 noch
1507 2124 183 31 unentwegten
1704 2118 85 28 Thal«
1789 2114 80 28 •**
1869 2114 32 24 W
1918 2114 50 23 Ider

1151 2181 109 27 erstehen
1295 2178 72 25 bietet
1388 2174 39 26 das
1448 2167 135 30 antikische
1603 2162 78 28 Leben
1702 2164 45 21 mit
1770 2155 40 26 der
1830 2153 154 26 Einfachheit

1161 2271 16 16 n
1191 2260 55 26 dem
1277 2264 68 19 unsre
1356 2247 216 33 mittelalterlichen
1708 2235 50 28 sich
1769 2231 104 39 spiegeln
1885 2230 77 26 ut&t-

1148 2379 27 65 an
1157 2379 9 65 d
1166 2379 16 65 C
1197 2416 108 26 ebeteren
1442 2406 51 26 sich
1509 2413 29 16 -
1559 2401 76 26 einem
1654 2390 152 32 orientalisch
1820 2385 129 40 prunkend
1964 2396 17 15 n

1148 2451 216 30 geheimnisvollen
1383 2440 185 33 Märchenreich
1588 2435 138 30 verdichtet.
1763 2434 48 22 Das
1835 2434 58 19 erste
1914 2434 65 17 Buen

1147 2461 186 32 geheimnisvoll
1484 2481 88 31 taubeg
1574 2473 133 31 lückenden
1725 2469 87 27 Farben
1833 2467 40 25 des
1889 2473 90 28 jungen

1145 2537 21 25 T
1167 2494 119 66 lfdie
1358 2529 29 24 M
1388 2495 85 56 Sern
1484 2490 127 60 Lmbjens
1625 2513 49 27 und
1686 2509 122 29 Toskanas
1823 2504 46 28 lieb
1883 2512 96 22 waren;

1146 2545 53 55 übe'
1226 2571 54 26 dem
1299 2567 102 28 zweiten
1418 2564 58 34 liegt
1493 2570 22 17 es
1533 2558 48 26 wie
1599 2555 40 25 das
1657 2547 129 31 Zwielicht
1803 2544 176 67 grossen«

1145 2605 270 34 weihrauchzitternder
1434 2604 94 24 Räume
1548 2596 58 26 oder
1625 2593 40 25 das
1686 2599 39 17 nie
1741 2583 111 56 gehellte:
1861 2583 102 26 Verdam-

1144 2662 39 17 me
1196 2661 16 16 n
1231 2650 63 25 eines
1310 2644 153 34 Herbsttages
1482 2638 76 28 voller
1574 2630 189 31 Todesschauer;
1787 2634 33 16 im
1841 2622 89 27 dritten
1949 2628 29 18 .st

1209 2847 30 0 233
