2486 3314
609 619 345 28 DRUCKVERMERK:
981 619 175 27 VIERTER
1181 619 224 37 JAHRGANG,
1427 622 165 30 VIERTES
1613 624 113 28 HEFT:
1752 634 268 23 es®«*»««»««»«»»

607 676 46 28 ES
674 677 179 28 WURDEN
875 676 220 28 GEDRUCKT
1111 677 80 28 VON
1211 677 144 29 DIESEM
1372 680 113 28 HEFT:
1510 681 374 31 ACHTUNDDREISSIG
1901 684 99 29 NUME-

612 734 144 28 RIERTE
781 734 241 28 EXEMPLARE
1048 735 83 27 AUF
1151 735 291 33 KAISERLICHEM
1465 740 122 38 JAPAN
1602 735 81 34 FÜR
1706 742 66 27 DIE
1796 736 199 36 KÜNSTLER-

606 793 191 33 AUSGABE,
817 786 392 36 FÜNFUNDSIEBENZIG
1225 795 260 31 NUMERIERTE
1501 800 243 29 EXEMPLARE
1760 801 83 28 AUF
1853 802 145 28 KUPFER-

610 851 140 27 DRUCK
783 845 81 33 FÜR
888 851 66 27 DIE
979 850 378 38 VORZUGSAUSGABE,
1369 856 510 33 EINTAUSENDEINHUNDERT
1900 861 99 28 EXEM-

609 909 129 29 PLARE
762 909 83 28 AUF
866 908 296 31 KUPFERDRUCK
1179 906 81 34 FÜR
1285 913 65 28 DIE
1374 915 254 29 ALLGEMEINE
1652 917 184 28 AUSGABE

604 967 83 27 DER
701 967 268 28 ZWEIFARBIGE
983 967 465 33 ORIGINALHOLZSCHNITT
1460 974 110 27 NACH
1584 970 171 34 BÖCKLIN
1770 977 79 28 VON
1863 978 157 28 ALBERT

603 1020 168 34 KRÜGER
789 1025 150 28 WURDE
959 1026 217 29 GEDRUCKT
1191 1030 37 27 IN
1247 1031 81 27 DER
1344 1032 288 29 KAISERLICHEN
1646 1034 370 31 REICHSDRUCKEREI

602 1084 38 27 IN
664 1083 141 28 BERLIN
834 1091 697 30 §^S^<^C^<^<^<g^<i^<^<^%^c^^

602 1142 67 27 DIE
694 1140 423 31 ORIGINALRADIERUNG
1145 1145 84 29 VON
1258 1147 30 28 C.
1311 1148 63 28 TH.
1400 1149 281 29 MEYER-BASEL
1708 1151 60 28 BEI
1793 1151 34 28 O.
1852 1153 163 29 FELSING

601 1199 38 27 IN
666 1199 151 33 BERLIN,
845 1199 83 28 VON
952 1200 157 30 ALBERT
1130 1204 236 28 BAERTSOEN
1391 1207 60 27 BEI
1471 1208 21 35 J.
1519 1208 29 28 B.
1575 1209 79 27 VAN
1679 1209 276 30 CAMPENHOUT
1977 1213 38 27 IN

600 1316 66 27 DIE
691 1316 283 30 LICHTDRUCKE
998 1320 111 28 NACH
1133 1320 165 29 LUDWIG
1319 1322 79 28 VON
1422 1324 206 34 HOFMANN,
1656 1320 360 37 FRÜHLINGSSTURM

601 1374 85 29 UND
717 1375 159 28 SPIEGEL
905 1376 127 30 SOWIE
1062 1379 112 28 NACH
1204 1380 82 28 DEN
1316 1381 171 29 RAHMEN
1517 1383 60 27 BEI
1606 1384 167 29 ALBERT
1792 1385 156 30 'FRISCH
1975 1388 40 28 IN

600 1434 139 28 BERLIN
763 1442 54 22 <m>
841 1436 81 28 DER
948 1437 261 28 LICHTDRUCK
1233 1439 112 28 NACH
1369 1441 36 27 H.
1431 1441 125 33 HAHN,
1581 1442 146 36 JUDITH
1752 1444 37 27 IN
1814 1445 82 27 DER
1922 1446 69 28 VER-

600 1493 286 29 LAGSANSTALT
908 1497 58 27 FR.
987 1496 248 28 BRUCKMANN
1254 1497 38 27 IN
1313 1492 196 34 MÜNCHEN

599 1552 66 28 DIE
691 1553 249 29 AUTOTYPIEN
966 1554 85 28 UND
1073 1554 138 28 ZINKOS
1236 1555 83 28 DER
1342 1557 281 28 ABBILDUNGEN
1646 1559 43 27 IM
1709 1559 108 28 TEXT
1838 1562 176 29 WURDEN

600 1612 288 28 HERGESTELLT
904 1613 61 27 BEI
985 1613 33 28 G.
1037 1607 249 34 BÜXENSTEIN
1306 1614 27 28 &
1355 1615 59 27 CO.
1438 1615 82 28 UND
1541 1617 35 27 A.
1593 1617 139 28 FRISCH
1752 1618 38 28 IN
1811 1619 139 29 BERLIN

599 1671 69 27 DIE
687 1672 305 36 JAPANPAPIERE
1016 1672 86 28 DER
1126 1666 421 35 KÜNSTLERAUSGABE
1576 1674 86 28 UND
1692 1676 86 28 DER
1806 1678 180 29 VORZUGS-

599 1729 166 28 DRUCKE
785 1731 192 27 LIEFERTE
1000 1731 33 27 R.
1055 1730 175 29 WAGNER
1249 1732 38 27 IN
1308 1732 151 32 BERLIN,
1485 1732 78 28 DAS
1584 1734 428 32 KUPFERDRUCKPAPIER

598 1788 32 27 E.
652 1787 101 29 OBST
773 1788 27 28 &
822 1788 67 33 CO.,
911 1788 415 29 STRASSBURG-BERLIN

597 1846 67 27 DIE
682 1846 194 28 AUFLAGE
894 1846 144 28 SELBST
1054 1846 137 37 (SOWIE
1209 1848 81 27 DER
1307 1848 230 39 UMSCHLAG)
1557 1850 151 29 WURDE
1732 1852 288 30 HERGESTELLT

603 1905 37 28 IN
665 1905 83 28 DER
775 1905 154 28 OFFIZIN
960 1906 43 29 W.
1024 1905 204 30 DRUGULIN
1254 1907 38 28 IN
1312 1908 156 34 LEIPZIG,
1496 1908 215 30 GEBUNDEN
1727 1911 38 28 IN
1788 1911 83 28 DER
1894 1912 93 29 BUCH-

597 1963 665 31 BINDEREI-AKTIENGESELLSCHAFT
1286 1966 188 29 VORMALS
1507 1966 34 29 G.
1567 1967 215 29 FRITZSCHE
1801 1970 38 28 IN
1866 1972 145 28 LEIPZIG

598 2021 81 28 UND
701 2022 104 28 WIRD
830 2021 263 30 AUSGEGEBEN
1118 2023 60 28 BEI
1202 2023 28 30 F.
1250 2023 183 29 FONTÄNE
1452 2024 28 29 &
1501 2025 61 29 CO.
1583 2026 38 28 IN
1640 2026 140 28 BERLIN
1796 2037 215 23 &®qm<m&&

601 2080 42 28 IM
668 2080 194 29 AUFTRAG
888 2081 83 27 DER
998 2081 365 29 GENOSSENSCHAFT
1383 2082 78 29 PAN

596 2139 65 27 DIE
682 2139 245 29 REDAKTION:
949 2142 139 28 BERLIN
1109 2143 42 27 W
1169 2151 50 27 35.,
1238 2137 440 33 KURFÜRSTENSTRASSE
1693 2154 37 25 44

594 2197 63 28 DR.
680 2193 131 33 CÄSAR
833 2199 245 29 FLAISCHLEN

594 2256 62 28 AM
689 2250 309 36 FÜNFZEHNTEN
1032 2259 122 27 APRIL
1187 2259 794 33 EINTAUSENDACHTHUNDERTNEUNUND-

594 2314 173 29 NEUNZIG
780 2323 856 25 <^<^<ä^s^«^s^&^s^£^%^§^a^®^s^B^e^

1185 2845 0 0 268
