2486 3314
191 340 87 36 seitige
292 338 150 37 Entfaltung
463 338 77 25 dieses
561 336 57 27 Stils
633 335 79 27 durch
726 335 174 27 verschiedene
918 335 42 26 der
974 335 87 27 hohen

192 382 186 24 Kunstmäcene
387 379 77 25 dieser
472 373 65 38 Zeit:
547 377 26 25 in
580 375 121 31 Dresden,
710 373 127 31 Potsdam,
845 374 216 37 Nymphenburg,

191 418 148 36 Würzburg
353 429 26 16 u.
391 429 18 16 s.
421 416 28 32 f.,
464 416 108 27 sondern
587 415 64 26 auch
663 414 42 26 der
717 413 79 27 damit
807 413 255 27 zusammenfallende

192 456 173 28 Sammeleifer
389 456 42 27 für
460 456 75 27 ältere
558 454 137 30 Gemälde,
723 454 72 25 meist
818 463 32 16 an
874 453 48 26 den
946 454 116 35 gleichen

192 498 111 30 Plätzen,
318 498 66 25 einer
398 496 101 27 reichen
509 494 182 34 Entwicklung
706 493 41 26 des
759 491 233 28 Rokokorahmens
1007 494 55 26 sehr

192 548 30 16 zu
236 544 91 19 statten
342 536 67 26 kam.
444 538 28 23 In
487 534 112 27 Dresden
613 532 71 27 führt
698 532 40 26 die
752 531 148 37 grofsartige
911 532 151 36 Schöpfung

193 577 42 26 der
249 576 216 36 Gemäldegalerie
485 585 28 16 zu
533 574 41 26 der
589 571 163 35 Einführung
770 572 65 25 eines
854 572 209 36 gleichmäfsigen

193 616 215 27 Galerierahmens
427 613 42 27 für
483 615 41 25 die
541 611 83 39 grofse
638 610 132 28 Mehrzahl
784 611 43 25 der
841 611 93 31 Bilder,
954 611 43 27 der
1014 622 49 16 nur

191 659 23 33 je
237 655 66 27 nach
328 655 65 26 ihrer
423 653 90 28 Grofse
543 652 86 36 wenig
652 650 130 27 verändert
806 650 38 26 ist.
885 651 89 26 Durch
999 652 67 25 seine

192 694 144 37 Magerkeit
362 694 52 26 und
438 694 40 25 die
502 694 31 25 Be-

193 734 170 26 scheidenheit
395 734 41 26 des
464 735 68 24 Orna-

193 780 80 19 ments
288 773 79 26 wirkt
386 773 78 26 dieser
478 771 53 27 Rah-

193 823 58 16 men
272 813 70 25 nicht
367 812 113 31 störend,
502 821 45 17 wo

193 862 26 17 er
237 853 70 26 nicht
327 862 44 26 gar
389 862 30 16 zu
439 852 55 25 sehr
513 852 35 25 im

193 894 140 34 Gegensatz
358 893 47 25 mit
430 892 42 25 der
493 892 55 25 Zeit

194 931 52 27 und
274 931 92 27 Grofse
397 931 43 26 der
469 931 81 26 Bilder

193 971 73 26 steht.
305 973 70 24 Ganz
396 970 154 26 besonderen

193 1012 77 24 Wert
291 1010 65 36 legte
376 1009 124 27 Friedrich
519 1011 30 25 IL

195 1049 48 27 auf
261 1050 53 25 eine
336 1050 136 25 vornehme
491 1049 44 26 Ein-

194 1090 127 35 rahmung
348 1090 78 24 seiner
450 1088 98 26 reichen

194 1128 277 36 Bildererwerbungen;
493 1128 56 26 aber

195 1169 36 25 im
246 1170 137 33 Gegensatz
401 1178 29 15 zu
448 1169 101 34 August

194 1207 59 26 dem
267 1207 105 27 Starken
386 1207 52 26 und
456 1207 94 25 seinem

194 1246 160 36 Nachfolger
365 1246 88 27 strebte
469 1256 24 15 er
505 1245 29 26 da-

194 1286 40 26 bei
254 1286 152 36 möglichste
428 1285 104 35 Mannig-

195 1324 128 38 faltigkeit
349 1335 44 21 an,
414 1328 23 32 ja
463 1323 86 27 suchte

195 1366 25 25 in
245 1366 44 25 der
309 1367 74 24 Form
403 1363 52 27 und
476 1365 73 24 Farbe

195 1405 41 25 des
248 1406 127 24 Rahmens
391 1404 69 25 nicht
473 1402 77 26 selten

195 1454 75 26 sogar
284 1445 58 25 dem
353 1442 139 28 Charakter
508 1441 42 26 der

195 1483 129 26 einzelnen
342 1483 83 26 Bilder
449 1481 100 36 gerecht

194 1533 31 16 zu
239 1523 114 30 werden,
370 1522 50 27 wie
435 1527 98 20 nament-

194 1562 52 26 lich
257 1563 40 25 die
306 1562 80 26 Bilder
397 1561 43 26 der
451 1561 99 27 Galerie

195 1612 52 16 von
265 1602 131 26 Sanssouci
414 1601 132 26 beweisen.

195 1642 59 25 Dies
278 1642 31 25 ist
330 1641 39 26 bei
393 1640 157 26 zahlreichen

194 1681 98 25 Bildern
308 1681 42 26 der
364 1679 185 27 französischen

194 1721 91 25 Schule
300 1721 40 25 des
360 1721 104 34 vorigen
480 1720 56 33 Jahr-

193 1759 130 31 hunderts,
335 1759 51 27 wie
397 1759 40 26 bei
448 1759 101 26 Rubens

194 1798 53 27 und
266 1799 84 26 seinen
365 1798 121 26 Schülern
508 1808 28 26 ge-

193 1838 101 36 glückt;
318 1838 40 26 die
379 1837 68 27 noch
468 1837 68 27 erhal-

193 1885 88 24 tenen,
312 1878 55 25 sehr
394 1875 140 38 mannigfal-

193 1918 69 35 tigen
276 1917 115 26 Rahmen
410 1916 78 26 dieser
502 1918 47 24 Art

193 1958 112 35 gehören
325 1966 59 17 zum
404 1957 144 28 schönsten,

193 2006 55 17 was
267 1996 42 26 das
329 1995 115 27 Rokoko
463 1996 25 24 in
507 1994 42 25 der

193 2036 175 35 Einrahmung
382 2045 50 16 von
447 2034 100 27 Bildern

193 2075 111 37 geleistet
318 2075 52 27 hat.
398 2074 79 27 Sollte
491 2073 58 27 aber

193 2116 43 24 der
267 2113 135 27 Ausdruck
434 2113 42 27 des
503 2114 30 25 Er-

194 2154 114 26 habenen
336 2154 61 26 oder
425 2157 122 22 Düsteren

194 2193 205 31 wiedergegeben
437 2193 111 30 werden,

193 2234 53 26 wie
259 2243 21 17 z.
295 2235 25 24 B.
337 2233 39 26 bei
391 2233 81 26 einem
492 2233 57 25 dem
563 2234 38 26 M.
617 2231 31 27 da
663 2233 159 33 Caravaggio
840 2230 223 36 zugeschriebenen

194 2271 101 38 grofsen
314 2272 172 31 Abendmahl,
506 2282 29 17 so
553 2271 93 28 wirkte
665 2271 88 36 gerade
772 2270 39 25 die
827 2269 177 35 Originalität,
1022 2271 42 25 die

194 2322 60 16 man
268 2312 130 31 anstrebte,
414 2310 145 28 abstofsend
574 2311 60 27 oder
648 2310 124 26 komisch.

254 2351 60 27 Bald
327 2352 65 25 nach
404 2351 43 26 der
457 2352 76 25 Mitte
544 2352 41 25 des
596 2349 178 36 Jahrhunderts
785 2348 104 36 beginnt
898 2348 41 26 das
948 2348 115 27 Rokoko

193 2392 27 25 in
239 2391 42 26 der
298 2391 110 36 Bildung
422 2391 42 26 der
479 2392 115 25 Rahmen
608 2398 120 27 magerer,
743 2389 26 25 in
784 2388 42 26 der
840 2387 159 26 Dekoration
1014 2398 34 16 un-

194 2431 101 36 ruhiger
309 2431 51 26 und
376 2430 148 26 kleinlicher
538 2440 30 15 zu
582 2429 116 30 werden;
717 2427 85 27 solche
817 2427 116 26 Rahmen
948 2431 117 33 genügen

194 2480 49 16 nur
261 2470 69 26 noch
348 2470 48 26 den
410 2469 187 27 Pastellbildern
616 2467 52 26 und
683 2468 170 29 Miniaturen,
872 2465 40 27 die
926 2467 71 25 mehr
1012 2467 52 25 und

195 2510 70 26 mehr
285 2520 31 16 an
331 2509 39 27 die
385 2509 73 27 Stelle
474 2509 41 26 der
529 2509 27 25 in
574 2506 124 38 spielende
712 2505 169 37 Leichtigkeit
895 2505 53 26 und
963 2507 88 25 Leicht-

194 2548 129 37 fertigkeit
334 2548 163 27 ausartenden
511 2547 150 27 Oelmalerei
673 2553 85 19 treten.
780 2546 48 25 Die
838 2547 82 24 Kunst
931 2545 69 27 hatte
1011 2547 54 25 sich

195 2588 141 37 ausgelebt;
351 2598 51 17 von
416 2588 43 26 der
469 2586 195 37 Wiedergeburt
679 2595 44 17 aus
739 2586 42 26 der
791 2584 94 27 Antike
900 2595 32 16 an
946 2585 70 27 hatte
1029 2586 36 26 sie

195 2628 47 26 alle
265 2629 94 25 Phasen
382 2627 211 37 durchgemacht,
618 2625 36 27 bis
676 2625 49 31 sie,
750 2625 144 27 ernüchtert
915 2624 79 27 durch
1016 2625 49 27 den

194 2668 108 26 Taumel
314 2669 41 25 der
366 2667 136 27 äufsersten
510 2666 104 27 Freiheit
625 2665 50 26 und
684 2664 240 38 Ungebundenheit,
936 2664 52 27 sich
999 2664 66 27 ihrer

1141 334 118 37 Anfänge
1286 330 237 30 zurückzuerinnern
1547 328 105 36 begann.
1693 327 51 24 Zur
1767 325 118 26 Reinheit
1913 324 91 26 wollte

1141 385 60 16 man
1219 373 200 28 zurückkehren:
1440 379 41 17 zur
1495 368 116 28 Reinheit
1625 366 42 26 der
1680 363 177 38 Empfindung,
1872 362 42 27 für
1929 362 74 27 deren

1141 413 71 27 Tiefe
1230 413 51 27 und
1299 415 72 24 Ernst
1386 411 55 26 aber
1461 409 39 26 die
1513 404 237 30 Unschulds-Bilder
1765 404 64 25 eines
1844 405 95 24 Greuze
1955 402 47 26 den

1141 453 182 27 bedenklichen
1342 450 121 28 Mafsstab
1485 447 121 37 abgeben;
1627 455 43 17 zur
1689 443 116 28 Reinheit
1825 441 42 26 der
1887 443 114 28 Formen,

1142 494 39 26 die
1208 503 59 16 man
1288 494 26 24 in
1335 496 128 31 strengster
1483 486 181 35 Nachbildung
1685 484 42 25 der
1746 482 142 26 römischen
1908 479 94 27 Antike

1141 532 262 37 wiederzugewinnen
1421 528 109 38 glaubte,
1545 526 51 27 und
1618 525 66 25 doch
1706 523 29 26 ist
1756 532 23 16 es
1801 521 64 26 auch
1885 520 54 25 hier
1953 529 49 16 nur

1143 573 55 26 eine
1212 583 63 16 neue
1291 571 164 29 Dekoration,
1469 568 39 26 die
1523 567 56 27 dem
1594 565 66 27 alten
1675 565 95 34 Körper
1784 558 127 38 angepafst
1925 558 74 26 wird.

1201 613 47 26 Die
1263 612 68 27 hohe
1342 613 81 24 Kunst
1437 609 60 36 ging
1508 607 86 26 weiter
1602 602 102 31 zurück,
1718 601 57 27 aber
1785 600 43 26 das
1839 598 148 26 Kunsthand-

1146 651 80 31 werk,
1234 652 42 25 das
1285 649 149 28 imßokoko
1442 649 77 26 schon
1528 647 52 26 eine
1589 644 40 27 der
1636 643 119 27 höchsten
1761 639 86 27 Stufen
1855 638 147 26 derVollen-

1651 683 68 34 düng
1739 679 103 27 erreicht
1862 678 81 28 hatte,
1959 686 28 25 ge-

1651 731 76 18 wann
1734 727 71 19 unter
1814 717 186 35 LudwigXVl.,

1651 761 83 27 indem
1740 770 23 15 es
1772 760 34 25 im
1812 755 188 28 Wesentlichen

1651 801 40 27 für
1710 800 38 26 die
1767 798 113 37 gleichen
1898 793 89 28 Bedürf-

1651 842 62 25 nisse
1728 838 79 35 thätig
1822 846 53 17 war
1892 834 51 27 und
1961 833 39 26 die

1652 880 114 37 gleichen
1789 879 103 24 Formen
1916 872 71 27 beibe-

1652 920 73 29 hielt,
1745 917 76 27 durch
1841 915 41 27 das
1897 911 104 29 Vorbild

1654 960 39 26 des
1712 957 100 28 antiken
1832 953 106 31 Dekors,
1954 952 46 26 den

1653 1010 23 16 es
1688 1000 25 25 in
1723 997 106 37 grüfster
1839 993 108 28 Feinheit
1960 991 42 26 der

1654 1039 146 33 Zeichnung
1808 1035 50 26 und
1866 1034 46 25 mit
1921 1031 64 27 höch-

1654 1086 47 20 ster
1723 1075 153 28 technischer
1899 1071 89 27 Vollen-

1680 1118 69 35 dung
1772 1110 203 37 wiederzugeben

1654 1157 102 29 wufste,
1772 1156 67 25 ohne
1853 1152 71 27 dabei
1938 1150 64 26 seine

1655 1196 162 37 Originalität
1840 1190 161 37 aufzugeben,

1655 1238 72 25 einen
1750 1232 159 36 womöglich
1936 1229 66 26 noch

1655 1277 110 26 höheren
1788 1269 157 38 Standpunkt
1967 1267 35 27 als

1655 1317 35 25 im
1700 1313 115 28 Zeitalter
1822 1310 118 34 Ludwigs
1948 1308 52 26 XV.

1655 1356 46 25 Die
1711 1351 183 29 Bilderrahmen
1905 1345 96 28 freilich

1655 1394 79 27 haben
1756 1390 71 27 dabei
1846 1398 48 17 nur
1913 1387 25 25 in
1959 1385 28 26 be-

1653 1431 143 29 schränkter
1834 1428 86 26 Weise
1959 1434 28 26 ge-

1654 1480 120 20 wonnen.
1789 1471 29 23 Es
1829 1477 54 17 war
1894 1474 28 17 zu
1933 1462 68 27 Ende

1653 1511 47 27 mit
1726 1510 42 26 der
1797 1506 84 27 hohen
1907 1505 92 28 Kunst;

1654 1551 63 26 auch
1732 1549 42 25 das
1786 1544 86 28 Pastell
1883 1548 116 21 entartete

1653 1589 51 27 und
1714 1586 89 29 wurde
1813 1583 134 29 nüchtern;
1960 1580 40 25 die

1652 1625 178 35 Nachbildung
1844 1622 42 26 der
1897 1619 102 28 Malerei

1652 1670 35 24 im
1706 1662 168 40 Kupferstich,
1895 1657 104 36 anfangs

1652 1709 36 25 im
1714 1704 111 35 farbigen
1850 1699 81 30 Stich,
1959 1707 40 16 zur

1652 1747 54 27 Zeit
1732 1744 41 27 der
1796 1737 125 40 Republik
1948 1736 51 27 und

1652 1787 40 25 des
1700 1783 96 36 Empire
1811 1782 34 24 im
1855 1778 144 35 hellgrauen

1653 1821 150 32 Linienstich
1811 1820 57 25 kam
1877 1826 42 17 zur
1927 1818 58 24 Herr-

1651 1862 87 30 schaft.
1776 1862 45 24 Für
1848 1858 39 26 die
1912 1863 87 18 erstere

1651 1903 52 28 und
1736 1900 41 27 für
1807 1898 39 27 die
1881 1895 118 38 pikanten

1651 1943 90 27 Farben
1778 1937 52 27 und
1863 1934 136 28 Tonstiche

1652 1984 64 26 eines
1740 1979 155 27 Debucourt,
1917 1974 80 28 Eisen,

1652 2025 106 24 Moreau
1786 2027 24 16 u.
1836 2025 21 16 a.
1886 2014 42 26 hat
1956 2011 43 26 der

1652 2061 74 27 Louis
1745 2058 63 26 XVI.
1815 2054 130 27 -Rahmen
1971 2051 27 25 in

1651 2102 83 26 seinen
1747 2096 167 27 bestimmten,
1930 2100 55 27 gera-

1652 2140 47 26 den
1725 2135 72 38 (oder
1817 2133 101 34 ovalen)
1940 2131 45 24 For-

1651 2188 67 20 men,
1738 2177 25 24 in
1778 2174 41 26 der
1833 2170 109 28 Feinheit
1957 2168 42 27 der

1145 2232 178 37 Profilierung,
1344 2232 25 25 in
1388 2230 42 26 der
1448 2224 99 29 Schärfe
1566 2222 51 27 und
1631 2217 149 29 Delikatesse
1795 2213 41 26 der
1851 2210 25 26 kl
1893 2219 9 16 s
1937 2208 61 27 chen

1145 2245 222 54 Ornamente'und
1388 2269 27 25 in
1436 2267 41 26 der
1492 2268 56 26 Art,
1566 2263 50 26 wie
1636 2269 24 16 er
1679 2267 18 16 «
1700 2266 12 16 e

1145 2312 77 26 leicht
1236 2312 108 28 variiert,
1358 2308 51 27 wie
1422 2316 51 18 von
1485 2305 42 26 der
1537 2295 219 34 ausdrucksvollen
1767 2291 134 27 Kartusche
1918 2297 25 16 m
1957 2288 30 25 de

1145 2351 76 26 Mitte
1239 2351 43 26 der
1300 2349 92 26 oberen
1408 2346 79 27 Leiste
1508 2344 40 25 ein
1567 2349 58 30 paar
1641 2334 111 30 zierliche
1770 2333 94 24 Kranze
1882 2327 59 26 über
1960 2326 24 25 d.

1144 2390 84 27 Ecken
1247 2389 187 34 herabhängen,
1454 2385 50 26 wie
1524 2382 39 26 die
1578 2378 53 38 (oft
1647 2377 26 26 in
1687 2370 195 31 verschiedenem
1896 2365 103 35 Tonen)

1145 2429 148 37 ausgeführt
1307 2429 39 29 ist,
1362 2428 53 24 eine
1426 2423 169 32 Einrahmung
1609 2413 133 41 gefunden,
1757 2411 39 25 die
1811 2408 68 26 nicht
1894 2406 107 26 schöner

1145 2468 74 27 dafür
1233 2468 101 27 erdacht
1349 2465 100 28 werden
1464 2462 100 26 konnte.

1204 2511 51 23 Das
1272 2507 107 35 blutige,
1400 2502 74 37 grelle
1495 2501 160 33 Morgenrot,
1677 2489 104 29 welches
1797 2487 41 25 das
1857 2494 60 17 neue
1929 2484 58 33 Jahr-

1144 2548 109 26 hundert
1261 2517 130 56 scho/vor
1399 2543 41 26 der
1449 2540 52 27 Zeit
1509 2535 157 30 verkündete,
1675 2530 82 27 führte
1765 2535 71 18 einen
1841 2526 55 34 Tag
1902 2522 98 31 herauf,

1145 2588 85 26 dessen
1250 2586 72 26 Licht
1341 2584 41 27 der
1400 2579 148 34 Entfaltung
1568 2576 41 25 der
1628 2575 80 24 Kunst
1727 2567 69 27 nicht
1815 2571 102 30 gunstig
1937 2572 54 17 war

1145 2629 50 24 Das
1214 2624 165 37 Jahrhundert
1398 2622 44 25 hat
1460 2625 71 19 unter
1548 2616 57 26 dem
1623 2614 68 24 Stern
1716 2607 42 26 der
1778 2605 144 60 Forschung
1947 2601 53 26 und

1145 2666 42 27 der
1200 2664 197 34 Entdeckungen
1411 2657 49 29 auf
1470 2658 56 26 dem
1541 2654 90 28 weiten
1646 2648 101 29 Gebiete
1761 2645 41 27 der
1816 2639 185 32 Wissenschaft

822 2150 143 15 FRANZÖSISCHER
977 2154 51 12 LOUIS
1040 2155 36 11 XVI.
1087 2155 86 14 RAHMEN,
1186 2155 39 11 GEZ.
1236 2155 37 11 VON
1285 2155 18 11 A.
1314 2151 72 15 KRÜGER

1209 2860 30 0 255
