2486 3314
172 2120 228 28 architektonische
411 2120 117 26 Rahmen
542 2117 69 27 noch
622 2116 42 26 der
674 2115 210 27 vorherrschende
895 2115 53 27 und
962 2115 77 27 daher

171 2161 37 26 im
225 2159 181 28 wesentlichen
425 2159 67 27 auch
513 2158 42 26 der
576 2155 191 31 bestimmende,
789 2154 31 27 da
840 2154 26 26 in
887 2153 78 27 dieser
984 2155 55 26 Zeit

172 2200 69 26 noch
260 2200 91 25 immer
373 2199 40 26 die
437 2198 84 37 grofse
542 2196 132 28 Mehrzahl
698 2195 43 26 der
761 2192 154 28 Tafelbilder
935 2192 42 27 für
998 2193 41 27 die

172 2240 110 26 Kirchen
293 2238 94 37 gemalt
403 2238 73 26 wird.
502 2240 51 24 Der
567 2236 175 28 Altarrahmen
752 2234 52 27 wie
818 2232 43 26 der
872 2232 152 27 Tabernakel-

172 2280 105 26 rahmen
288 2278 66 26 wird
365 2278 26 25 in
402 2278 101 25 Florenz
514 2277 46 26 seit
571 2277 58 26 dem
640 2275 106 28 zweiten
757 2273 93 27 Viertel
861 2272 40 27 des
915 2275 109 31 Quattro-

172 2325 87 23 cento,
274 2319 27 24 in
316 2317 165 31 Oberitalien,
497 2317 132 26 besonders
644 2317 25 25 in
680 2314 123 36 Venedig,
818 2313 45 26 seit
877 2312 58 26 dem
950 2313 89 25 letzten

172 2357 92 27 Viertel
279 2357 41 26 des
333 2356 179 35 Jahrhunderts
526 2357 27 25 in
570 2357 55 25 sehr
640 2352 200 39 mannigfacher,
854 2352 91 27 ebenso
960 2351 80 27 feiner

172 2397 52 27 wie
245 2396 149 37 glänzender
415 2396 87 26 Weise
522 2395 169 36 ausgebildet,
712 2394 69 27 dank
806 2393 42 26 der
871 2392 86 27 hohen
978 2393 47 25 Ent-

172 2435 135 37 wicklung
321 2435 42 27 der
375 2435 202 27 Bildschnitzerei
591 2435 52 26 und
658 2435 43 27 der
715 2432 173 36 Mitwirkung
903 2432 42 25 der
959 2431 81 26 Maler

172 2475 81 27 selbst.
282 2477 89 24 Wenn
392 2475 48 26 wir
460 2475 66 26 eines
546 2477 67 33 jener
631 2474 172 37 prachtvollen
818 2471 154 27 Tabernakel
993 2471 47 25 mit

172 2516 94 25 seinem
277 2515 66 26 alten
354 2514 70 26 Bilde
435 2515 27 25 in
473 2515 66 25 einer
551 2514 100 26 Galerie
662 2514 127 26 zwischen
800 2512 91 27 andern
901 2510 138 28 Gemälden

172 2555 88 30 sehen,
277 2564 28 16 so
324 2555 85 25 macht
428 2563 24 17 es
470 2563 48 16 uns
536 2553 78 26 leicht
632 2554 72 25 einen
722 2552 160 27 überreichen
896 2548 143 31 Eindruck;

173 2594 43 26 der
232 2595 117 25 Rahmen
364 2594 122 25 erscheint
500 2603 31 16 zu
545 2593 138 26 bedeutend
699 2592 41 26 für
755 2592 42 26 das
812 2590 63 32 Bild,
890 2590 43 25 das
948 2598 24 16 er
987 2589 39 24 ein-

172 2634 92 27 rahmt.
288 2634 41 26 An
341 2635 48 24 Ort
399 2633 54 26 und
464 2633 74 25 Stelle
549 2642 55 17 war
614 2633 40 25 die
665 2631 131 36 Wirkung
807 2629 57 27 aber
874 2629 54 26 eine
940 2627 98 29 andere,

173 2673 120 36 richtige,
311 2673 32 26 da
362 2673 42 26 das
425 2673 115 26 Gehäuse
559 2682 52 17 von
625 2672 71 26 Altar
715 2672 51 25 wie
783 2667 154 28 Tabernakel
951 2667 27 24 in
995 2665 43 26 der

731 772 101 79 ZU
854 772 73 28 freier
948 774 184 37 Entwicklung
1155 774 103 27 kommt
1284 774 45 26 der
1349 772 82 27 Bilder-

818 815 105 25 rahmen
944 821 47 19 erst
1013 815 123 26 während
1159 815 43 26 der
1227 815 165 25 Renaissance
1418 812 25 25 in

730 852 89 27 Italien
840 854 127 30 dadurch,
988 854 55 26 dafs
1064 854 40 26 die
1125 854 106 26 Malerei
1251 854 53 25 sich
1326 863 50 16 von
1398 852 47 25 den

732 892 158 27 kirchlichen
909 893 102 27 Banden
1031 894 70 26 mehr
1121 893 52 26 und
1192 893 70 27 mehr
1282 892 48 27 frei
1351 892 93 29 macht,

732 931 81 27 neben
841 932 49 27 den
917 933 134 36 religiösen
1078 931 158 28 Vorwürfen
1264 932 90 27 immer
1381 940 65 17 neue

732 972 104 25 Gebiete
854 971 41 26 des
910 972 94 26 Lebens
1025 972 52 26 und
1098 972 41 26 der
1156 971 73 27 Fabel
1249 973 27 24 in
1295 972 70 25 ihren
1381 973 49 23 Dar-

732 1010 188 37 stellungskreis
940 1012 66 25 zieht
1027 1012 51 26 und
1096 1013 71 25 nicht
1192 1021 48 17 nur
1262 1011 41 26 die
1327 1010 118 30 Kirchen,

732 1050 110 26 sondern
857 1051 65 25 auch
937 1050 41 26 die
988 1051 105 30 Paläste,
1109 1051 40 26 die
1164 1049 165 28 öffentlichen
1340 1049 52 27 wie
1407 1049 39 26 die

733 1090 125 36 privaten,
891 1090 48 25 mit
969 1091 71 25 ihren
1068 1089 209 28 Tafelmalereien
1305 1095 140 21 ausstattet.

734 1130 46 25 Die
799 1128 155 26 italienische
973 1131 82 24 Kunst
1072 1130 79 26 dieser
1169 1130 69 30 Zeit,
1259 1129 98 27 freilich
1376 1127 71 26 nicht

734 1168 67 26 ohne
828 1168 182 27 wesentlichen
1035 1168 87 27 Anteil
1149 1168 40 28 des
1217 1169 47 26 mit
1290 1168 42 27 der
1357 1167 72 26 Hoch-

733 1207 152 26 renaissance
901 1207 232 36 parallelaufenden
1144 1208 51 27 und
1211 1208 53 27 sich
1279 1207 152 28 vermischen-

734 1247 47 26 den
800 1246 173 27 Frühbarocks
994 1257 51 16 von
1067 1248 203 36 Michelangelo,
1288 1248 44 25 hat
1350 1256 24 16 es
1393 1255 41 16 ver-

734 1285 117 31 standen,
870 1285 47 26 den
932 1286 118 26 Rahmen
1065 1287 26 25 in
1109 1297 28 16 so
1152 1284 294 39 zweckentsprechender

734 1325 53 26 und
798 1324 115 37 zugleich
926 1325 26 26 in
963 1335 29 16 so
1003 1325 192 37 mannigfacher
1204 1327 87 26 Weise
1302 1325 64 27 nach
1375 1326 72 24 Form

735 1365 52 25 und
802 1364 74 25 Farbe
894 1373 29 16 zu
942 1364 133 36 gestalten,
1095 1365 55 26 dafs
1169 1367 35 25 sie
1223 1367 42 25 das
1281 1364 106 28 Vorbild
1405 1362 42 26 für

735 1404 47 26 alle
794 1402 137 37 folgenden
940 1405 87 25 Zeiten
1039 1405 141 35 geworden
1191 1406 39 26 ist.
1253 1406 37 25 Zu
1302 1404 84 26 keiner
1393 1402 54 26 Zeit

735 1444 31 26 ist
785 1442 48 27 auf
850 1443 40 26 die
904 1444 168 36 Ausstattung
1092 1444 43 26 der
1149 1444 83 28 Bilder
1249 1455 29 16 so
1299 1443 48 27 viel
1366 1444 80 23 Kunst

735 1482 144 28 verwendet
897 1483 120 31 worden,
1040 1483 84 27 haben
1147 1484 41 27 die
1207 1483 118 28 Künstler
1342 1480 104 28 dieselbe

735 1523 48 26 mit
809 1533 28 16 so
863 1522 49 27 viel
933 1522 112 37 Sorgfalt
1069 1524 53 26 und
1145 1524 74 26 Liebe
1243 1522 144 27 überwacht
1412 1519 34 27 als

735 1563 122 26 während
873 1562 42 27 der
929 1564 166 25 Renaissance
1111 1564 25 25 in
1151 1564 95 25 Italien.

795 1605 47 24 Für
853 1603 40 25 die
904 1603 275 26 Frührenaissance
1191 1602 52 27 und
1254 1611 58 16 zum
1320 1599 52 28 Teil
1381 1597 67 28 auch

736 1642 43 27 für
800 1643 47 26 den
868 1641 105 37 Anfang
994 1642 42 26 der
1056 1643 232 25 Hochrenaissance
1308 1638 76 27 bleibt
1405 1637 42 26 der

1119 2116 91 26 Kirche
1235 2114 69 27 nicht
1331 2120 48 17 nur
1403 2109 54 26 eine
1484 2104 113 28 einfache
1622 2104 172 35 Einrahmung
1819 2103 53 26 sein
1899 2103 82 32 sollte,

1118 2155 107 26 sondern
1239 2154 47 26 mit
1305 2151 57 26 dem
1377 2147 67 28 Bilde
1458 2154 143 18 zusammen
1615 2144 40 25 ein
1670 2142 170 27 bedeutsames
1859 2143 107 26 Kirchen-

1118 2194 85 26 möbel
1218 2191 130 28 darstellte.
1373 2188 58 26 Dies
1445 2186 139 26 bestimmte
1598 2183 48 25 den
1661 2180 104 28 Aufbau
1779 2181 54 27 und
1848 2182 41 26 die
1904 2182 66 27 Profi-

1120 2234 107 35 lierung,
1243 2232 39 26 die
1296 2230 51 26 sich
1362 2229 35 24 im
1411 2224 180 28 wesentlichen
1605 2232 51 17 von
1670 2221 48 26 den
1729 2221 85 27 Altar-
1825 2222 53 26 und
1889 2222 79 27 Taber-

1119 2271 270 32 nakeleinrahmungen
1404 2266 27 25 in
1445 2264 67 26 Stein
1526 2263 71 26 nicht
1611 2260 199 31 unterscheiden,
1825 2261 53 27 und
1893 2272 49 17 nur
1956 2263 27 26 in

1120 2313 42 25 der
1176 2309 163 33 Behandlung
1357 2304 78 27 durch
1453 2303 39 26 die
1510 2303 46 26 Art
1574 2302 43 26 der
1636 2301 179 26 Schnitzarbeit
1834 2302 51 25 wie
1904 2302 80 27 durch

1120 2352 39 25 die
1170 2350 134 33 Bemalung
1319 2345 51 27 und
1382 2342 164 36 Vergoldung
1560 2341 58 26 dem
1629 2341 116 25 Material
1761 2341 100 35 gerecht
1873 2341 110 28 werden.

1120 2391 58 25 Dies
1193 2390 45 32 gilt
1249 2385 101 28 sowohl
1361 2383 42 27 für
1414 2383 100 25 Florenz
1528 2380 51 27 und
1591 2380 82 31 Siena,
1685 2379 43 27 das
1740 2379 27 27 in
1778 2379 57 28 dem
1846 2380 138 27 Bildhauer

1120 2429 78 27 Barile
1222 2427 48 26 den
1291 2424 184 27 berühmtesten
1496 2420 239 26 Rahmenschnitzer
1756 2418 41 27 der
1816 2421 167 27 Renaissance

1119 2467 87 30 besafs,
1219 2467 50 26 wie
1283 2463 41 27 für
1335 2460 120 36 Venedig,
1467 2469 45 17 wo
1528 2459 39 26 die
1579 2459 174 28 Altarrahmen
1764 2460 115 35 weniger
1889 2470 77 16 monu-

1119 2506 92 28 mental
1232 2504 50 26 und
1304 2501 132 27 besonders
1456 2499 100 26 zierlich
1577 2500 27 25 in
1625 2499 43 26 der
1686 2498 160 27 Dekoration
1867 2500 117 35 gehalten

1118 2545 116 28 wurden,
1254 2543 57 26 aber
1329 2540 66 27 doch
1414 2539 72 26 einen
1505 2549 62 25 ganz
1586 2539 135 26 ähnlichen
1736 2538 139 27 Charakter
1895 2539 89 28 haben.

1118 2585 73 26 Diese
1215 2584 46 26 Art
1285 2581 42 25 der
1347 2579 116 27 Rahmen
1488 2579 88 36 gehört
1598 2578 76 27 daher
1703 2578 26 28 in
1751 2578 43 26 das
1817 2579 100 37 Kapitel
1942 2579 43 27 der

1117 2622 162 28 Architektur
1296 2619 52 26 und
1364 2618 166 26 Dekoration.
1555 2620 30 24 Es
1606 2622 103 32 genügt,
1724 2618 40 26 ein
1779 2628 59 27 paar
1852 2613 133 33 besonders

1117 2662 65 26 feine
1198 2660 117 28 Arbeiten
1330 2668 61 17 vom
1408 2658 67 26 Ende
1495 2658 41 26 des
1555 2653 166 31 fünfzehnten
1739 2659 192 33 Jahrhunderts,
1946 2659 40 27 die

911 2047 167 11 FLORBNTINISCHBR
1090 2047 77 11 RAHMEN
1179 2046 25 11 UM
1217 2045 39 15 1500

1183 2857 11 0 247
