2486 3314
478 360 222 36 Originalrahmen
715 364 107 26 wurden
835 365 114 38 beseitigt
963 367 52 27 und
1029 370 130 25 sämtliche
1170 371 89 30 Bilder,
1275 373 64 25 nach

478 400 142 27 Schinckels
640 402 103 36 eigenen
756 404 164 33 Entwürfen,
940 406 26 27 in
985 407 39 27 die
1043 408 96 36 gleiche
1157 409 122 27 Uniform
1298 422 28 25 ge-

477 439 92 31 steckt,
589 450 47 17 nur
657 442 82 36 einige
756 445 174 35 Hauptstücke
955 446 80 27 durch
1057 448 200 37 Achselklappen
1278 450 61 26 oder

476 478 117 27 ähnliche
604 480 140 27 Abzeichen
756 482 131 28 besonders
899 487 193 34 ausgezeichnet.
1115 490 50 23 Der
1176 489 149 29 „Schinckel-

613 520 63 35 zeigt
690 522 39 24 ein
744 520 132 29 formloses
891 525 190 36 Wellenprofil,
1096 526 42 26 das
1154 527 39 26 die
1207 527 132 38 Wirkung

475 566 51 16 von
541 558 146 27 Hohlkehle
701 561 52 25 und
766 562 129 26 Rundstab
911 565 143 35 vereinigen
1066 566 81 31 sollte,
1160 566 110 27 dadurch
1282 568 56 26 aber

475 595 25 26 in
517 597 135 26 Wahrheit
666 598 39 26 die
719 599 104 37 richtige
838 602 132 36 Wirkung
988 604 40 25 des
1044 605 127 26 Rahmens
1186 606 151 37 vollständig

475 632 117 34 aufhebt;
612 637 34 25 als
661 638 149 37 Verzierung
828 641 54 26 sind
902 642 110 37 dürftige
1031 643 203 38 Zinkpalmetten
1248 647 26 24 in
1289 646 47 26 den

475 672 83 28 Ecken
574 676 50 25 und
645 677 118 27 teilweise
781 680 64 26 auch
863 690 32 16 an
915 682 46 25 den
977 683 81 26 Seiten
1073 682 136 37 aufgesetzt
1228 685 51 25 und
1294 685 42 26 das

475 715 83 23 Ganze
575 715 31 24 ist
620 715 47 26 mit
684 717 81 26 einem
782 719 135 36 stumpfen,
933 721 49 25 wie
998 723 92 25 Bronze
1104 722 149 27 wirkenden
1268 725 68 25 Gold

474 753 125 26 versehen.
627 754 84 27 Dieser
725 758 123 35 Triumph
869 759 41 26 des
1194 773 55 16 war
1267 764 69 25 nicht

473 800 52 16 von
535 791 85 37 langer
629 795 96 31 Dauer;
737 795 39 26 die
788 798 134 35 Neugotik
933 798 41 27 der
984 801 186 25 romantischen
1176 802 55 25 Zeit
1242 802 94 26 wufste

473 830 53 25 ihm
541 831 54 26 eine
609 831 164 38 erfolgreiche
792 837 49 25 und
861 838 115 35 würdige
991 839 165 26 Konkurrenz
1171 850 30 16 zu
1221 842 114 29 machen,

474 869 81 27 indem
569 871 34 26 sie
618 871 48 26 auf
676 873 47 26 den
743 875 172 27 Holzrahmen
936 887 51 16 von
1008 879 102 25 ähnlich
1125 879 210 27 charakterlosem

473 908 75 26 Profil
569 908 76 28 bunte
663 914 160 26 Musterchen
843 915 26 26 in
888 915 78 27 Stuck
984 916 130 32 aufsetzte,
1133 918 40 25 die
1194 920 141 34 gotischem

473 948 232 29 Fenstermafswerk
718 953 175 36 nachgebildet
908 965 94 16 waren.

530 988 76 26 Nach
631 990 43 25 der
697 992 76 26 Mitte
801 992 41 27 des
866 994 178 33 Jahrhunderts
1071 996 98 35 begann
1197 997 47 25 mit
1269 997 66 26 einer

470 1031 139 30 strengeren
624 1028 167 29 historischen
806 1033 142 36 Forschung
966 1033 49 27 auf
1030 1035 57 25 dem
1101 1035 180 36 Kunstgebiete
1294 1036 40 26 die

470 1064 137 27 Rückkehr
622 1077 29 16 zu
667 1069 90 27 älteren
772 1072 112 30 Formen,
900 1082 30 16 zu
945 1072 152 28 wirklichen
1110 1074 222 28 Rahmenformen.

470 1104 95 31 Zuerst,
580 1107 51 25 und
646 1117 68 17 zwar
728 1109 25 26 in
768 1110 156 32 Frankreich,
939 1121 30 16 zu
990 1112 48 26 den
1052 1113 217 31 Galerierahmen,
1283 1115 51 25 wie

469 1151 35 17 sie
523 1143 40 26 die
583 1146 54 25 Zeit
654 1147 121 37 Ludwigs
794 1149 40 26 des
850 1151 65 25 XIV.
937 1151 50 25 und
1005 1152 78 25 seiner
1100 1151 159 38 Nachfolger
1277 1163 43 16 aus-

470 1181 110 36 gebildet
603 1185 81 32 hatte;
707 1190 79 33 später
813 1189 54 25 und
895 1190 110 26 daneben
1029 1201 30 15 zu
1087 1190 47 27 den
1162 1200 170 27 sogenannten

469 1221 170 29 italienischen
660 1227 268 27 Renaissancerahmen
950 1239 43 16 aus
1013 1228 47 27 frei
1081 1231 170 34 geschnitzten
1269 1232 53 25 stili-

469 1260 100 27 siertem
576 1262 143 28 Blattwerk.
735 1266 66 26 Aber
812 1267 49 26 wie
870 1278 58 16 man
939 1268 40 27 die
990 1267 131 28 einfachen
1130 1269 201 28 Barockrahmen

469 1308 46 17 nur
525 1310 29 16 zu
567 1301 39 26 oft
618 1301 77 27 durch
707 1304 229 29 mifsverstandenes
949 1307 50 26 und
1012 1308 225 27 überwucherndes
1249 1312 67 24 Orna-

469 1345 76 24 ment,
560 1339 79 28 durch
651 1344 161 36 Herstellung
825 1345 126 27 desselben
966 1346 26 26 in
1004 1346 78 27 Stuck
1098 1348 51 25 und
1164 1348 78 26 durch
1257 1350 75 34 grelle

467 1377 60 26 oder
545 1380 106 26 unechte
669 1383 165 37 Vergoldung
852 1385 114 31 verdarb,
988 1395 29 16 so
1038 1387 78 25 nahm
1137 1397 60 17 man
1218 1387 42 27 für
1278 1390 53 33 jene

468 1416 163 36 angeblichen
646 1422 267 28 Renaissancerahmen
933 1425 45 25 mit
997 1424 46 26 frei
1060 1426 177 35 gearbeitetem
1252 1428 66 25 Blatt-

468 1455 71 27 werk
559 1458 202 36 Spiegelrahmen
780 1462 43 26 der
840 1466 123 33 spätesten
981 1463 143 28 Verfallzeit
1143 1475 58 16 zum
1215 1466 116 31 Vorbild,

467 1493 144 29 karrikierte
619 1498 34 25 sie
661 1499 80 27 durch
749 1501 142 36 Magerkeit
902 1503 53 25 und
963 1502 160 37 Spiefsigkeit
1131 1504 42 26 der
1182 1505 149 26 Schnitzerei

467 1533 52 27 und
538 1536 103 26 verdarb
659 1538 40 26 die
718 1539 131 38 Wirkung
867 1541 65 35 jedes
950 1542 93 30 Bildes,
1062 1553 31 15 an
1114 1543 57 26 dem
1192 1543 139 37 überhaupt

467 1579 78 20 etwas
563 1584 30 16 zu
612 1577 132 27 verderben
764 1588 67 23 war,
850 1580 78 26 durch
946 1581 39 26 die
1175 1582 97 27 Politur
1289 1582 41 28 des

466 1612 102 27 Goldes.

526 1654 132 26 Während
671 1656 65 26 auch
746 1656 40 26 die
801 1658 236 36 hervorragendsten
1049 1659 116 27 Künstler
1180 1661 24 26 in
1216 1661 113 36 England

467 1690 50 25 und
531 1692 162 33 Frankreich,
712 1695 75 27 selbst
801 1697 144 26 Koloristen
964 1698 53 26 und
1033 1699 232 37 Stimmungsmaler
1280 1701 50 26 wie

467 1730 146 33 Constable,
628 1733 97 31 Millet,
740 1737 143 29 Rousseau,
898 1738 118 33 Troyon,
1038 1738 52 26 sich
1109 1737 48 27 fast
1171 1739 159 36 regelmäfsig

467 1769 67 25 noch
558 1770 47 26 mit
633 1772 112 26 solchem
768 1775 151 26 Machwerk
944 1775 131 32 behalfen,
1103 1777 85 26 hatten
1212 1779 117 30 einzelne,

467 1809 153 27 namentlich
635 1812 91 25 Pariser
740 1814 121 26 Sammler
875 1814 61 27 alter
950 1816 121 26 Gemälde
1086 1826 51 16 von
1150 1817 165 36 hervorragen-

466 1844 58 28 dem
538 1849 86 30 Wert,
643 1859 50 17 von
712 1852 81 26 denen
811 1853 105 27 manche
934 1855 68 25 noch
1019 1854 52 26 ihre
1089 1856 111 25 schönen
1214 1857 114 26 Rahmen

466 1884 40 26 des
521 1887 103 35 vorigen
636 1889 60 26 oder
710 1891 148 36 vorvorigen
869 1893 177 33 Jahrhunderts
1062 1893 146 28 bewahrten
1223 1896 51 26 und
1288 1897 42 25 die

465 1924 55 25 sehr
531 1925 48 27 viel
590 1928 186 28 vorteilhaftere
788 1931 169 37 Erscheinung
972 1933 112 26 deutlich
1094 1943 56 17 zum
1161 1934 168 27 Bewufstsein

466 1961 131 35 brachten,
618 1967 53 25 ihre
690 1969 81 25 Bilder
792 1970 94 26 wieder
906 1971 132 36 allgemein
1060 1974 46 24 mit
1126 1974 67 25 alten
1212 1974 115 27 Rahmen

464 2001 61 26 oder
544 2011 117 28 getreuen
679 2007 213 38 Nachbildungen
913 2010 98 26 danach
1032 2021 30 16 zu
1079 2013 115 26 versehen
1214 2013 113 36 gesucht.

464 2041 38 25 Im
520 2042 134 28 Anschlufs
673 2046 88 32 daran,
782 2047 57 27 aber
857 2049 26 25 in
901 2050 162 35 eigenartiger
1077 2051 101 31 Weise,
1198 2051 130 37 begannen

465 2089 45 16 vor
536 2088 66 20 etwa
623 2083 101 38 dreifsig
746 2087 88 32 Jahren
859 2089 173 26 verschiedene
1055 2090 94 31 Maler,
1173 2092 155 26 namentlich

465 2120 169 32 Münchener,
649 2123 39 26 die
702 2126 71 25 meist
792 2127 75 25 selbst
881 2128 120 26 Sammler
1020 2129 61 26 alter
1095 2130 122 26 Gemälde
1231 2140 95 22 waren,

464 2156 49 27 alte
527 2161 115 26 Rahmen
657 2173 50 15 von
722 2165 129 26 malerisch
866 2167 147 26 wirkenden
1027 2167 108 28 Profilen
1149 2169 54 26 und
1216 2168 52 27 fein
1284 2180 29 26 ge-

464 2203 123 21 stimmter
604 2202 163 37 Vergoldung
790 2214 57 16 zum
866 2206 106 26 Vorbild
997 2206 41 27 für
1063 2207 38 27 die
1122 2209 115 25 Rahmen
1261 2210 66 25 ihrer

464 2244 102 25 eigenen
579 2239 78 26 Bilder
672 2250 29 17 zu
716 2243 115 26 nehmen.
860 2244 66 27 Aber
939 2246 50 26 wie
1004 2246 65 26 diese
1082 2248 119 25 Künstler
1216 2248 26 25 in
1256 2249 70 25 ihren

465 2274 97 27 Bildern
581 2278 71 26 nicht
672 2280 76 26 selten
769 2283 218 36 nachgedunkelte
1006 2286 53 25 und
1077 2287 179 25 verschmutzte
1278 2288 48 25 alte

464 2314 120 27 Gemälde
606 2317 46 26 mit
672 2319 222 39 herausgeputzten
915 2322 101 38 Köpfen
1036 2326 173 30 nachahmen,
1235 2336 28 16 so
1283 2326 29 26 be-

464 2352 94 26 streben
574 2355 33 25 sie
621 2357 53 26 sich
689 2359 24 24 in
729 2359 47 26 den
787 2362 214 37 Nachbildungen
1016 2363 43 26 der
1073 2364 66 26 alten
1150 2366 115 25 Rahmen
1281 2376 44 16 vor

464 2389 72 27 allem
551 2394 64 25 auch
630 2395 47 26 den
692 2398 118 27 Schmutz
823 2401 219 37 wiederzugeben,
1062 2403 84 27 indem
1160 2405 34 25 sie
1209 2405 39 25 die
1264 2407 46 24 Ver-

464 2429 114 38 goldung
598 2434 118 27 teilweise
737 2436 36 27 bis
790 2438 49 27 auf
856 2439 47 27 den
921 2448 72 19 roten
1012 2442 89 26 Grund
1121 2450 131 29 verputzen
1272 2444 52 26 und

464 2467 66 26 dann
555 2471 47 25 mit
624 2474 185 33 Beinschwarz,
830 2479 108 31 Bronze,
959 2479 138 28 Kaffeesatz
1117 2482 52 26 und
1190 2483 134 26 ähnlichen

463 2507 195 30 Zaubermitteln
679 2513 56 26 dem
756 2515 116 28 Rahmen
894 2519 66 29 „den
981 2520 111 26 schönen
1114 2521 66 26 alten
1294 2532 29 16 zu

463 2545 78 34 geben
558 2550 99 26 suchen.
683 2554 97 26 Andere
792 2556 116 26 Künstler
922 2559 74 25 sehen
1007 2559 49 27 wir
1067 2560 45 26 seit
1126 2561 98 35 einigen
1234 2562 88 33 Jahren

464 2584 112 33 bestrebt,
587 2588 52 26 ihre
650 2593 121 25 Gemälde
782 2594 46 25 mit
839 2596 88 25 echten
938 2597 73 30 alten,
1023 2599 190 35 einigermafsen
1225 2610 84 27 passen-

463 2624 47 24 den
525 2626 114 27 Rahmen
653 2638 29 16 zu
697 2631 129 31 versehen,
841 2634 39 25 ein
895 2634 137 28 Verfahren
1047 2637 78 27 durch
1143 2638 42 26 das
1200 2638 42 27 der
1258 2641 48 24 Vor-

463 2668 36 18 rat
520 2672 31 16 an
573 2673 75 26 guten
666 2668 67 26 alten
747 2671 116 27 Rahmen
880 2671 97 29 freilich
996 2675 57 27 bald
1073 2677 126 37 erschöpft
1220 2679 102 26 werden

1418 375 75 26 wird.
1515 377 75 26 Auch
1601 377 81 26 haben
1694 388 47 15 nur
1752 379 227 36 verhältnismäfsig
1990 381 110 36 Wenige
2112 380 168 36 Gelegenheit,

1418 414 53 26 sich
1486 414 48 27 alte
1553 416 114 26 Rahmen
1687 427 30 15 zu
1735 417 162 28 verschaffen.
1925 420 47 24 Die
1989 420 131 26 Mehrzahl
2137 420 42 26 der
2192 420 88 28 Maler,

1418 453 39 26 die
1479 455 54 25 eine
1547 455 170 37 Empfindung
1736 456 74 27 dafür
1824 458 92 31 haben,
1932 458 53 26 dafs
1999 459 71 26 nicht
2082 459 65 35 jedes
2162 459 118 34 beliebige

1418 492 74 27 Profil
1507 493 52 26 und
1572 494 54 35 jede
1641 495 164 36 Vergoldung
1819 495 41 26 für
1872 497 125 34 jedwedes
2012 497 54 27 Bild
2081 497 73 38 pafst,
2171 498 109 36 begnügt

1417 531 54 27 sich
1491 532 77 26 daher
1588 533 91 31 damit,
1702 535 38 25 bei
1761 536 81 25 einem
1863 536 216 27 Rahmenmacher
2099 539 39 24 ein
2160 537 60 27 oder
2241 537 40 25 ein

1418 580 57 26 paar
1490 571 112 26 Modelle
1623 573 65 25 nach
1710 574 90 26 älteren
1816 576 113 25 Mustern
1948 576 179 26 auszuwählen
2145 576 52 26 und
2217 575 63 27 diese

1418 609 174 27 abwechselnd
1604 610 41 27 für
1656 612 43 25 das
1710 613 53 25 eine
1775 613 59 26 oder
1846 613 89 27 andere
1947 614 64 27 ihrer
2019 615 79 26 Bilder
2109 625 30 16 zu
2152 615 128 26 benutzen.

1418 649 118 26 Dadurch
1551 651 101 25 werden
1666 652 34 25 sie
1715 652 57 25 aber
1786 663 50 15 von
1851 652 48 27 den
1910 653 235 27 Rahmenmachern
2159 654 51 26 und
2219 656 46 24 Ver-

1416 688 104 35 goldern
1529 689 136 36 abhängig,
1672 691 39 25 die
1718 701 48 16 nur
1773 692 76 25 selten
1857 698 60 29 gute
1923 692 131 26 Vorbilder
2061 693 129 31 benutzen,
2197 692 83 26 indem

1416 727 34 26 sie
1461 727 65 26 diese
1537 729 202 31 modernisieren,
1748 730 24 26 d.
1782 731 24 26 h.
1819 731 138 31 entstellen,
1966 732 39 25 die
2013 733 149 25 Schnitzerei
2173 733 71 25 meist
2254 732 26 25 in

1416 766 77 25 Stuck
1505 767 151 26 nachbilden
1667 769 51 26 und
1729 769 26 25 in
1767 768 42 27 der
1816 770 166 36 Vergoldung
1993 770 46 26 den
2050 772 111 25 schönen
2169 773 56 24 Ton
2238 770 42 25 der

1415 805 67 25 alten
1500 806 115 26 Rahmen
1634 807 104 27 niemals
1757 809 136 31 erreichen,
1915 810 64 24 auch
1998 819 77 17 wenn
2094 812 35 24 sie
2147 810 131 26 denselben

1415 844 82 25 direkt
1517 854 30 16 zu
1568 845 120 36 kopieren
1709 847 100 26 suchen.
1844 848 48 25 Die
1911 855 99 19 neueste
2031 850 131 35 Richtung
2181 858 98 17 unserer

1414 884 106 25 Malerei
1540 884 44 26 hat
1606 885 61 31 eine,
1686 895 76 16 wenn
1784 887 65 25 auch
1871 886 81 27 bisher
1969 897 48 16 nur
2037 888 83 26 kleine
2142 889 62 26 Zahl
2228 897 50 17 von

1414 922 137 26 Künstlern
1567 923 76 27 dahin
1657 923 111 37 geführt,
1783 926 53 25 ihre
1850 927 115 25 Rahmen
1980 926 73 26 selbst
2070 937 31 16 zu
2116 928 125 29 bemalen,
2256 930 21 31 ja

1415 961 119 27 teilweise
1550 962 73 26 selbst
1638 973 30 16 zu
1683 965 126 25 schnitzen
1825 966 51 24 und
1895 965 39 26 die
1949 967 165 35 Vergoldung
2128 967 149 29 abzutönen,

1414 1010 43 16 um
1472 1001 34 25 sie
1521 1001 46 26 mit
1581 1001 71 26 ihren
1665 1003 97 25 Bildern
1778 1004 26 25 in
1815 1004 124 35 Einklang
1954 1014 29 16 zu
1999 1005 112 36 bringen.
2136 1008 30 24 Es
2182 1007 30 25 ist
2226 1005 50 26 dies

1413 1038 138 28 zweifellos
1573 1040 39 26 ein
1626 1043 82 34 Weg,
1728 1042 43 25 der
1788 1052 57 16 zum
1860 1043 67 25 Ziele
1949 1042 92 28 führen
2060 1044 77 28 kann.
2170 1045 66 26 Aber
2251 1045 24 25 in

1413 1078 93 26 diesem
1527 1078 169 38 berechtigten
1711 1081 100 26 Streben
1833 1083 78 34 gehen
1927 1083 114 26 Einzelne
2059 1083 70 27 nicht
2150 1084 76 26 selten
2247 1094 28 16 zu

1413 1118 61 25 weit
1489 1117 61 27 oder
1563 1128 43 26 gar
1624 1118 65 31 fehl,
1709 1121 86 25 indem
1813 1121 34 26 sie
1868 1121 47 26 den
1929 1122 115 26 Rahmen
2064 1122 80 27 durch
2158 1124 104 36 phantas-

1413 1156 77 26 tische
1506 1156 77 26 bunte
1597 1159 231 36 Ausschmückung
1843 1160 53 26 eine
1910 1170 30 16 zu
1960 1160 83 37 grofse
2059 1161 146 37 Bedeutung
2220 1162 55 26 dem

1412 1195 69 26 Bilde
1501 1196 142 36 gegenüber
1660 1198 76 35 geben
1753 1199 59 26 oder
1830 1199 44 26 ihn
1891 1209 30 16 zu
1943 1200 55 26 sehr
2016 1200 46 26 mit
2076 1201 58 25 dem
2149 1201 69 26 Bilde
2232 1210 29 16 zu-

1412 1236 192 34 sammengehen
1623 1237 90 31 lassen,
1734 1237 126 27 wodurch
1887 1248 25 16 er
1934 1240 65 25 seine
2020 1241 190 35 ursprüngliche
2232 1242 30 23 Be-

1412 1273 113 36 deutung
1540 1275 120 27 teilweise
1674 1276 118 27 einbüfst.

1469 1430 61 25 Wie
1545 1430 81 26 haben
1640 1440 24 16 es
1679 1431 65 26 denn
1760 1431 39 27 die
1813 1432 66 26 alten
1894 1433 102 26 Meister
2010 1435 47 25 mit
2075 1435 69 25 ihren
2159 1436 115 25 Rahmen

1411 1468 129 36 gehalten?
1560 1469 43 26 Ich
1618 1470 60 26 höre
1694 1469 38 27 bei
1747 1470 77 27 dieser
1838 1478 77 19 etwas
1930 1472 256 28 schulmeisterlichen
2201 1475 73 33 Frage

1409 1508 41 25 die
1470 1508 130 30 Künstler,
1625 1519 75 16 wenn
1722 1510 52 25 sich
1795 1510 85 26 solche
1900 1518 73 19 unter
1997 1513 81 25 meine
2098 1514 71 25 Leser
2189 1513 84 27 verirrt

1409 1546 81 26 haben
1505 1546 103 32 sollten,
1629 1548 123 35 ärgerlich
1766 1549 47 26 den
1828 1549 120 26 Einwurf
1960 1552 117 25 machen:
2097 1561 52 16 nun
2164 1552 48 26 soll
2226 1560 47 17 uns

1409 1585 94 26 wieder
1518 1586 92 27 einmal
1625 1587 185 36 eingetrichtert
1825 1588 116 32 werden,
1956 1590 51 26 wie
2021 1591 49 25 wir
2085 1600 23 16 es
2123 1601 30 16 zu
2168 1591 104 26 machen

1410 1624 89 27 haben.
1528 1626 39 25 Sie
1581 1625 102 26 können
1699 1627 135 35 unbesorgt
1849 1628 88 26 weiter
1951 1628 80 30 lesen,
2051 1629 31 26 da
2097 1630 42 26 ich
2153 1630 61 26 weit
2227 1629 30 26 da-

1410 1673 49 17 von
1468 1662 106 28 entfernt
1584 1664 50 32 bin,
1645 1675 87 16 unsern
1741 1666 98 26 Malern
1850 1668 65 25 nach
1926 1667 77 26 dieser
2011 1668 138 36 Richtung,
2158 1668 114 35 sowenig

1409 1703 51 26 wie
1477 1704 64 25 nach
1559 1704 68 25 einer
1645 1705 101 31 andern,
1765 1705 40 26 die
1825 1706 65 25 alten
1904 1707 103 25 Meister
2021 1717 43 16 zur
2082 1708 189 34 Nachahmung

1409 1741 157 37 aufdrängen
1584 1752 30 16 zu
1634 1743 105 27 wollen.
1783 1745 44 25 Die
1844 1746 201 36 Beantwortung
2064 1749 66 32 jener
2147 1749 75 34 Frage
2241 1746 30 26 ist

1409 1781 56 25 aber
1479 1782 65 25 nach
1558 1783 191 26 verschiedenen
1763 1784 162 35 Richtungen
1940 1795 51 15 von
2004 1787 129 24 Interesse:
2149 1787 51 24 Zur
2211 1787 44 24 Ver-

1408 1820 206 36 vollständigung
1645 1821 42 27 des
1715 1823 197 26 Verständnisses
1943 1823 42 27 der
2011 1824 105 26 Malerei
2149 1824 42 26 der
2219 1834 38 16 ver-

1407 1859 148 26 schiedenen
1569 1861 98 29 Zeiten,
1682 1871 42 15 zur
1738 1862 198 36 Beantwortung
1950 1862 43 27 der
2007 1865 83 34 Frage,
2104 1864 50 25 wie
2169 1864 49 26 wir
2231 1863 39 26 die

1407 1898 68 26 alten
1484 1899 121 26 Gemälde
1613 1900 26 25 in
1646 1900 48 26 den
1703 1899 164 28 öffentlichen
1875 1901 181 37 Sammlungen
2067 1903 102 25 rahmen
2180 1902 89 29 sollen,

1408 1938 50 24 und
1470 1947 43 17 aus
1529 1938 165 36 allgemeinen
1711 1938 242 28 kunsthistorischen
1968 1942 50 24 und
2033 1940 236 27 kunsttechnischen

1407 1976 177 28 Rücksichten.
1610 1977 141 37 Allerdings
1766 1979 66 26 wird
1847 1980 65 25 auch
1926 1980 42 25 der
1982 1981 119 26 moderne
2112 1981 118 26 Künstler
2243 1981 26 24 in

1407 2015 46 26 den
1474 2016 194 37 mannigfachen
1688 2019 147 34 Lösungen,
1853 2019 40 25 die
1912 2019 40 25 die
1968 2019 67 26 alten
2049 2020 104 26 Meister
2170 2019 43 27 für
2230 2019 39 25 die

1407 2056 73 34 Frage
1498 2054 128 37 gefunden
1644 2056 95 32 haben,
1761 2058 106 25 manche
1886 2060 137 34 Anregung
2041 2058 42 26 für
2103 2059 53 26 sich
2177 2058 91 30 finden,

1407 2093 78 27 durch
1501 2095 39 26 die
1555 2104 24 17 er
1593 2096 66 25 seine
1849 2106 78 17 wenn
1945 2107 25 16 er
1983 2098 54 25 eine
2051 2098 85 26 solche
2150 2097 118 28 wirklich

1406 2133 93 31 besitzt,
1514 2134 70 25 nicht
1599 2133 211 37 beeinträchtigen
1824 2136 108 26 sondern
1945 2135 125 37 kräftigen
2084 2137 75 28 wird.

1466 2173 46 25 Die
1523 2175 61 24 Lust
1595 2173 51 26 und
1661 2174 48 25 den
1719 2176 58 24 Mut
1788 2184 33 16 an
1832 2175 78 26 dieser
1921 2176 72 25 Stelle
2005 2177 54 25 eine
2070 2178 198 32 Beantwortung

1406 2211 77 26 dieser
1496 2214 74 34 Frage
1588 2222 30 16 zu
1633 2214 148 29 versuchen,
1795 2215 90 25 nehme
1906 2215 42 25 ich
1965 2225 44 16 aus
2027 2215 44 26 der
2086 2215 181 37 langjährigen,

1406 2249 99 27 freilich
1523 2261 46 16 nur
1584 2252 149 36 beiläufigen
1747 2252 196 37 Beschäftigung
1961 2254 48 26 mit
2026 2254 50 31 ihr,
2095 2264 30 17 zu
2144 2255 42 26 der
2201 2253 66 27 mich

1406 2290 81 25 meine
1507 2291 113 35 Stellung
1640 2291 39 25 bei
1698 2292 42 25 der
1760 2292 106 26 Berliner
1885 2292 97 27 Galerie
1996 2293 133 26 veranlafst
2147 2294 51 25 hat.
2227 2292 40 27 Bei

1406 2328 41 26 der
1462 2330 155 35 Einreihung
1632 2341 48 15 neu
1695 2331 157 26 erworbener
1866 2331 182 27 unvorteilhaft
2063 2332 60 26 oder
2136 2342 44 27 gar
2197 2332 70 26 nicht

1404 2369 141 34 gerahmter
1556 2369 80 26 Bilder
1649 2369 53 36 galt
1713 2380 23 16 es
1752 2369 40 27 die
1803 2370 194 37 Entscheidung,
2009 2372 50 25 wie
2073 2373 34 24 sie
2122 2382 30 15 zu
2164 2372 102 25 rahmen

1404 2408 73 25 seien.
1502 2407 61 26 Dafs
1575 2408 36 25 im
1622 2408 262 27 Schinckel-Rahmen
1896 2408 41 27 für
1948 2409 40 26 die
1999 2410 109 26 Berliner
2119 2411 96 26 Galerie
2226 2410 39 25 ein

1403 2446 215 27 Normalrahmen
1629 2446 126 37 gefunden
1770 2449 43 30 sei,
1825 2449 50 25 wie
1886 2455 67 20 etwa
1965 2450 35 24 im
2011 2450 186 26 Pitti-Rahmen
2207 2449 59 26 oder

1403 2485 36 25 im
1451 2485 271 33 Dresdener-Rahmen,
1739 2486 95 27 konnte
1848 2488 41 25 ich
1904 2497 27 16 so
1943 2489 86 35 wenig
2043 2488 158 26 anerkennen
2215 2488 49 25 wie

1403 2524 67 26 mein
1485 2526 153 35 Vorgänger.
1667 2526 183 36 Ebensowenig
1861 2526 97 26 konnte
1970 2528 40 25 ich
2025 2528 68 25 mich
2107 2528 57 26 aber
2178 2537 29 17 zu
2223 2526 40 26 der

1402 2573 51 16 von
1472 2563 93 27 diesem
1583 2563 129 38 befolgten
1732 2565 183 36 Nachbildung
1932 2566 61 26 alter
2009 2568 115 25 Rahmen
2144 2568 26 24 in
2187 2564 76 28 Stuck

1402 2602 52 26 und
1469 2603 47 26 mit
1530 2604 117 25 unechter
1659 2604 163 36 Vergoldung
1837 2605 182 27 entschliessen.
2044 2608 38 23 Da
2094 2607 47 24 mir
2150 2616 52 15 nun
2214 2613 49 18 von

1402 2641 149 26 vornherein
1569 2643 35 25 im
1623 2643 174 26 Kunsthandel
1816 2644 26 25 in
1860 2644 86 26 Italien
1967 2645 50 25 wie
2038 2645 26 25 in
2084 2645 108 26 London
2210 2642 53 28 und

1402 2681 65 25 Paris
1481 2682 67 25 noch
1562 2689 59 28 gute
1636 2682 47 25 alte
1699 2683 220 35 Originalrahmen
1933 2693 43 16 aus
1992 2683 46 26 den
2053 2684 210 26 verschiedensten

1441 2873 0 0 244
