<?xml version="1.0" encoding="UTF-8"?>
<alto xmlns:xsi="http://www.w3.org/2001/XMLSchema-instance" xsi:noNamespaceSchemaLocation="http://schema.ccs-gmbh.com/metae/alto-1-4.xsd" xmlns:xlink="http://www.w3.org/1999/xlink">
	<Description>
		<MeasurementUnit>mm10</MeasurementUnit>
		<sourceImageInformation>
			<fileName>//wks3/IN2/Princetonian/Pan/1898/02/01_01/PAN_1898-02-01_374.tif</fileName>
		</sourceImageInformation>
		<OCRProcessing ID="OCRPROCESSING_1">
			<preProcessingStep>
				<processingSoftware>
					<softwareCreator>CCS Content Conversion Specialists GmbH, Germany</softwareCreator>
					<softwareName>CCS docWORKS</softwareName>
					<softwareVersion>6.4-3.1</softwareVersion>
				</processingSoftware>
			</preProcessingStep>
			<ocrProcessingStep>
				<processingSoftware>
					<softwareCreator>ABBYY (BIT Software), Russia</softwareCreator>
					<softwareName>FineReader</softwareName>
					<softwareVersion>8.1</softwareVersion>
				</processingSoftware>
			</ocrProcessingStep>
		</OCRProcessing>
	</Description>
	<Styles>
		<TextStyle ID="TXT_0" FONTSIZE="12" FONTFAMILY="Times New Roman"/>
		<TextStyle ID="TXT_1" FONTSIZE="5" FONTFAMILY="Times New Roman"/>
		<TextStyle ID="TXT_2" FONTSIZE="27" FONTFAMILY="Arial"/>
		<ParagraphStyle ID="PAR_LEFT" ALIGN="Left"/>
		<ParagraphStyle ID="PAR_RIGHT" ALIGN="Right"/>
	</Styles>
	<Layout>
		<Page ID="P30" PHYSICAL_IMG_NR="30" HEIGHT="3314" WIDTH="2486" PRINTED_IMG_NR="224" PC="0.959">
			<TopMargin ID="P30_TM00001" HPOS="0" VPOS="0" WIDTH="2486" HEIGHT="395"/>
			<LeftMargin ID="P30_LM00001" HPOS="0" VPOS="395" WIDTH="675" HEIGHT="2504"/>
			<RightMargin ID="P30_RM00001" HPOS="2063" VPOS="395" WIDTH="423" HEIGHT="2504"/>
			<BottomMargin ID="P30_BM00001" HPOS="0" VPOS="2899" WIDTH="2486" HEIGHT="415"/>
			<PrintSpace ID="P30_PS00001" HPOS="675" VPOS="395" WIDTH="1388" HEIGHT="2504">
				<TextBlock ID="P30_TB00001" HPOS="675" VPOS="395" WIDTH="1388" HEIGHT="1532" STYLEREFS="TXT_0 PAR_LEFT">
					<TextLine ID="P30_TL00001" HPOS="686" VPOS="398" WIDTH="1373" HEIGHT="46">
						<String ID="P30_ST00001" HPOS="686" VPOS="401" WIDTH="60" HEIGHT="32" CONTENT="mir" WC="0.98" CC="040"/>
						<SP ID="P30_SP00001" HPOS="746" VPOS="433" WIDTH="30"/>
						<String ID="P30_ST00002" HPOS="776" VPOS="412" WIDTH="39" HEIGHT="21" CONTENT="zu" WC="0.92" CC="01"/>
						<SP ID="P30_SP00002" HPOS="815" VPOS="433" WIDTH="29"/>
						<String ID="P30_ST00003" HPOS="844" VPOS="401" WIDTH="88" HEIGHT="43" CONTENT="eigen" WC="0.99" CC="00004"/>
						<SP ID="P30_SP00003" HPOS="932" VPOS="444" WIDTH="28"/>
						<String ID="P30_ST00004" HPOS="960" VPOS="400" WIDTH="100" HEIGHT="44" CONTENT="giebst" WC="0.78" CC="043005"/>
						<SP ID="P30_SP00004" HPOS="1060" VPOS="444" WIDTH="30"/>
						<String ID="P30_ST00005" HPOS="1090" VPOS="401" WIDTH="66" HEIGHT="32" CONTENT="und" WC="0.96" CC="630"/>
						<SP ID="P30_SP00005" HPOS="1156" VPOS="444" WIDTH="31"/>
						<String ID="P30_ST00006" HPOS="1187" VPOS="400" WIDTH="84" HEIGHT="33" CONTENT="mich" WC="1.00" CC="0000"/>
						<SP ID="P30_SP00006" HPOS="1271" VPOS="444" WIDTH="32"/>
						<String ID="P30_ST00007" HPOS="1303" VPOS="399" WIDTH="186" HEIGHT="34" CONTENT="aufnimmst" WC="1.00" CC="020000000"/>
						<SP ID="P30_SP00007" HPOS="1489" VPOS="444" WIDTH="29"/>
						<String ID="P30_ST00008" HPOS="1518" VPOS="411" WIDTH="53" HEIGHT="21" CONTENT="aus" WC="0.98" CC="320"/>
						<SP ID="P30_SP00008" HPOS="1571" VPOS="444" WIDTH="32"/>
						<String ID="P30_ST00009" HPOS="1603" VPOS="399" WIDTH="53" HEIGHT="33" CONTENT="der" WC="0.97" CC="026"/>
						<SP ID="P30_SP00009" HPOS="1656" VPOS="444" WIDTH="24"/>
						<String ID="P30_ST00010" HPOS="1680" VPOS="400" WIDTH="96" HEIGHT="32" CONTENT="Leere" WC="1.00" CC="00000"/>
						<SP ID="P30_SP00010" HPOS="1776" VPOS="444" WIDTH="30"/>
						<String ID="P30_ST00011" HPOS="1806" VPOS="399" WIDTH="33" HEIGHT="33" CONTENT="in" WC="0.39" CC="56"/>
						<SP ID="P30_SP00011" HPOS="1839" VPOS="444" WIDTH="32"/>
						<String ID="P30_ST00012" HPOS="1871" VPOS="399" WIDTH="50" HEIGHT="33" CONTENT="die" WC="1.00" CC="000"/>
						<SP ID="P30_SP00012" HPOS="1921" VPOS="444" WIDTH="28"/>
						<String ID="P30_ST00013" HPOS="1949" VPOS="398" WIDTH="110" HEIGHT="33" CONTENT="leichte" WC="0.99" CC="3020050"/>
					</TextLine>
					<TextLine ID="P30_TL00002" HPOS="685" VPOS="456" WIDTH="557" HEIGHT="43">
						<String ID="P30_ST00014" HPOS="685" VPOS="457" WIDTH="66" HEIGHT="32" CONTENT="und" WC="0.98" CC="600"/>
						<SP ID="P30_SP00013" HPOS="751" VPOS="489" WIDTH="23"/>
						<String ID="P30_ST00015" HPOS="774" VPOS="456" WIDTH="93" HEIGHT="33" CONTENT="lichte" WC="1.00" CC="000200"/>
						<SP ID="P30_SP00014" HPOS="867" VPOS="489" WIDTH="25"/>
						<String ID="P30_ST00016" HPOS="892" VPOS="457" WIDTH="82" HEIGHT="32" CONTENT="Fülle" WC="0.99" CC="00040"/>
						<SP ID="P30_SP00015" HPOS="974" VPOS="489" WIDTH="25"/>
						<String ID="P30_ST00017" HPOS="999" VPOS="457" WIDTH="53" HEIGHT="32" CONTENT="der" WC="0.99" CC="002"/>
						<SP ID="P30_SP00016" HPOS="1052" VPOS="489" WIDTH="24"/>
						<String ID="P30_ST00018" HPOS="1076" VPOS="456" WIDTH="166" HEIGHT="43" CONTENT="Ewigkeit." WC="1.00" CC="003000251"/>
					</TextLine>
					<TextLine ID="P30_TL00003" HPOS="1350" VPOS="534" WIDTH="47" HEIGHT="33">
						<String ID="P30_ST00019" HPOS="1350" VPOS="534" WIDTH="47" HEIGHT="33" CONTENT="IV" WC="0.65" CC="60"/>
					</TextLine>
					<TextLine ID="P30_TL00004" HPOS="802" VPOS="616" WIDTH="1257" HEIGHT="48">
						<String ID="P30_ST00020" HPOS="802" VPOS="620" WIDTH="120" HEIGHT="33" CONTENT="Unsere" WC="1.00" CC="000050"/>
						<SP ID="P30_SP00017" HPOS="922" VPOS="653" WIDTH="34"/>
						<String ID="P30_ST00021" HPOS="956" VPOS="619" WIDTH="133" HEIGHT="45" CONTENT="Begriffe" WC="0.99" CC="13040070"/>
						<SP ID="P30_SP00018" HPOS="1089" VPOS="664" WIDTH="36"/>
						<String ID="P30_ST00022" HPOS="1125" VPOS="620" WIDTH="68" HEIGHT="32" CONTENT="sind" WC="0.97" CC="0570"/>
						<SP ID="P30_SP00019" HPOS="1193" VPOS="664" WIDTH="30"/>
						<String ID="P30_ST00023" HPOS="1223" VPOS="619" WIDTH="87" HEIGHT="33" CONTENT="nicht" WC="0.98" CC="06014"/>
						<SP ID="P30_SP00020" HPOS="1310" VPOS="664" WIDTH="35"/>
						<String ID="P30_ST00024" HPOS="1345" VPOS="617" WIDTH="126" HEIGHT="46" CONTENT="gröfser," WC="0.72" CC="04290130"/>
						<SP ID="P30_SP00021" HPOS="1471" VPOS="664" WIDTH="36"/>
						<String ID="P30_ST00025" HPOS="1507" VPOS="619" WIDTH="41" HEIGHT="32" CONTENT="als" WC="1.00" CC="000"/>
						<SP ID="P30_SP00022" HPOS="1548" VPOS="664" WIDTH="34"/>
						<String ID="P30_ST00026" HPOS="1582" VPOS="629" WIDTH="110" HEIGHT="22" CONTENT="unsere" WC="1.00" CC="000000"/>
						<SP ID="P30_SP00023" HPOS="1692" VPOS="664" WIDTH="27"/>
						<String ID="P30_ST00027" HPOS="1719" VPOS="618" WIDTH="106" HEIGHT="32" CONTENT="Hand." WC="0.99" CC="46000"/>
						<SP ID="P30_SP00024" HPOS="1825" VPOS="664" WIDTH="56"/>
						<String ID="P30_ST00028" HPOS="1881" VPOS="617" WIDTH="59" HEIGHT="31" CONTENT="Die" WC="0.99" CC="010"/>
						<SP ID="P30_SP00025" HPOS="1940" VPOS="664" WIDTH="28"/>
						<String ID="P30_ST00029" HPOS="1968" VPOS="616" WIDTH="91" HEIGHT="33" CONTENT="Welt" WC="0.99" CC="0033"/>
					</TextLine>
					<TextLine ID="P30_TL00005" HPOS="684" VPOS="672" WIDTH="1375" HEIGHT="47">
						<String ID="P30_ST00030" HPOS="684" VPOS="685" WIDTH="169" HEIGHT="23" CONTENT="antwortet" WC="1.00" CC="700003300"/>
						<SP ID="P30_SP00026" HPOS="853" VPOS="708" WIDTH="23"/>
						<String ID="P30_ST00031" HPOS="876" VPOS="686" WIDTH="67" HEIGHT="28" CONTENT="nur," WC="0.98" CC="0550"/>
						<SP ID="P30_SP00027" HPOS="943" VPOS="714" WIDTH="19"/>
						<String ID="P30_ST00032" HPOS="962" VPOS="686" WIDTH="65" HEIGHT="22" CONTENT="was" WC="1.00" CC="000"/>
						<SP ID="P30_SP00028" HPOS="1027" VPOS="714" WIDTH="22"/>
						<String ID="P30_ST00033" HPOS="1049" VPOS="675" WIDTH="59" HEIGHT="33" CONTENT="wir" WC="0.95" CC="741"/>
						<SP ID="P30_SP00029" HPOS="1108" VPOS="714" WIDTH="25"/>
						<String ID="P30_ST00034" HPOS="1133" VPOS="674" WIDTH="115" HEIGHT="45" CONTENT="fragen." WC="1.00" CC="0040000"/>
						<SP ID="P30_SP00030" HPOS="1248" VPOS="719" WIDTH="48"/>
						<String ID="P30_ST00035" HPOS="1296" VPOS="675" WIDTH="74" HEIGHT="33" CONTENT="Wir" WC="0.98" CC="006"/>
						<SP ID="P30_SP00031" HPOS="1370" VPOS="719" WIDTH="24"/>
						<String ID="P30_ST00036" HPOS="1394" VPOS="674" WIDTH="114" HEIGHT="33" CONTENT="wollen" WC="0.99" CC="000306"/>
						<SP ID="P30_SP00032" HPOS="1508" VPOS="719" WIDTH="24"/>
						<String ID="P30_ST00037" HPOS="1532" VPOS="673" WIDTH="101" HEIGHT="33" CONTENT="nichts" WC="0.99" CC="000550"/>
						<SP ID="P30_SP00033" HPOS="1633" VPOS="719" WIDTH="23"/>
						<String ID="P30_ST00038" HPOS="1656" VPOS="674" WIDTH="127" HEIGHT="32" CONTENT="anderes" WC="1.00" CC="0300000"/>
						<SP ID="P30_SP00034" HPOS="1783" VPOS="719" WIDTH="24"/>
						<String ID="P30_ST00039" HPOS="1807" VPOS="672" WIDTH="106" HEIGHT="38" CONTENT="hören," WC="0.99" CC="205060"/>
						<SP ID="P30_SP00035" HPOS="1913" VPOS="719" WIDTH="25"/>
						<String ID="P30_ST00040" HPOS="1938" VPOS="672" WIDTH="40" HEIGHT="31" CONTENT="als" WC="0.96" CC="630"/>
						<SP ID="P30_SP00036" HPOS="1978" VPOS="719" WIDTH="24"/>
						<String ID="P30_ST00041" HPOS="2002" VPOS="672" WIDTH="57" HEIGHT="31" CONTENT="wir" WC="0.96" CC="353"/>
					</TextLine>
					<TextLine ID="P30_TL00006" HPOS="682" VPOS="727" WIDTH="1377" HEIGHT="40">
						<String ID="P30_ST00042" HPOS="682" VPOS="730" WIDTH="75" HEIGHT="33" CONTENT="sind." WC="0.99" CC="02700"/>
						<SP ID="P30_SP00037" HPOS="757" VPOS="763" WIDTH="49"/>
						<String ID="P30_ST00043" HPOS="806" VPOS="731" WIDTH="61" HEIGHT="32" CONTENT="Die" WC="0.99" CC="021"/>
						<SP ID="P30_SP00038" HPOS="867" VPOS="763" WIDTH="25"/>
						<String ID="P30_ST00044" HPOS="892" VPOS="731" WIDTH="118" HEIGHT="32" CONTENT="Göttin" WC="0.98" CC="006026"/>
						<SP ID="P30_SP00039" HPOS="1010" VPOS="763" WIDTH="22"/>
						<String ID="P30_ST00045" HPOS="1032" VPOS="730" WIDTH="91" HEIGHT="33" CONTENT="Echo" WC="1.00" CC="0000"/>
						<SP ID="P30_SP00040" HPOS="1123" VPOS="763" WIDTH="25"/>
						<String ID="P30_ST00046" HPOS="1148" VPOS="730" WIDTH="53" HEIGHT="33" CONTENT="das" WC="1.00" CC="000"/>
						<SP ID="P30_SP00041" HPOS="1201" VPOS="763" WIDTH="23"/>
						<String ID="P30_ST00047" HPOS="1224" VPOS="731" WIDTH="40" HEIGHT="32" CONTENT="ist" WC="0.99" CC="200"/>
						<SP ID="P30_SP00042" HPOS="1264" VPOS="763" WIDTH="29"/>
						<String ID="P30_ST00048" HPOS="1293" VPOS="730" WIDTH="79" HEIGHT="33" CONTENT="eben" WC="0.98" CC="0007"/>
						<SP ID="P30_SP00043" HPOS="1372" VPOS="763" WIDTH="25"/>
						<String ID="P30_ST00049" HPOS="1397" VPOS="730" WIDTH="48" HEIGHT="32" CONTENT="die" WC="1.00" CC="000"/>
						<SP ID="P30_SP00044" HPOS="1445" VPOS="763" WIDTH="23"/>
						<String ID="P30_ST00050" HPOS="1468" VPOS="729" WIDTH="138" HEIGHT="38" CONTENT="Zurede," WC="1.00" CC="0500000"/>
						<SP ID="P30_SP00045" HPOS="1606" VPOS="767" WIDTH="31"/>
						<String ID="P30_ST00051" HPOS="1637" VPOS="728" WIDTH="119" HEIGHT="33" CONTENT="welche" WC="1.00" CC="001020"/>
						<SP ID="P30_SP00046" HPOS="1756" VPOS="767" WIDTH="23"/>
						<String ID="P30_ST00052" HPOS="1779" VPOS="728" WIDTH="58" HEIGHT="32" CONTENT="wir" WC="0.96" CC="055"/>
						<SP ID="P30_SP00047" HPOS="1837" VPOS="767" WIDTH="22"/>
						<String ID="P30_ST00053" HPOS="1859" VPOS="727" WIDTH="116" HEIGHT="33" CONTENT="wieder" WC="0.99" CC="060001"/>
						<SP ID="P30_SP00048" HPOS="1975" VPOS="767" WIDTH="31"/>
						<String ID="P30_ST00054" HPOS="2006" VPOS="738" WIDTH="53" HEIGHT="21" CONTENT="aus" WC="0.98" CC="230"/>
					</TextLine>
					<TextLine ID="P30_TL00007" HPOS="682" VPOS="782" WIDTH="1377" HEIGHT="48">
						<String ID="P30_ST00055" HPOS="682" VPOS="786" WIDTH="76" HEIGHT="32" CONTENT="allen" WC="0.98" CC="60203"/>
						<SP ID="P30_SP00049" HPOS="758" VPOS="818" WIDTH="25"/>
						<String ID="P30_ST00056" HPOS="783" VPOS="787" WIDTH="126" HEIGHT="43" CONTENT="Dingen" WC="0.99" CC="050006"/>
						<SP ID="P30_SP00050" HPOS="909" VPOS="830" WIDTH="24"/>
						<String ID="P30_ST00057" HPOS="933" VPOS="786" WIDTH="198" HEIGHT="32" CONTENT="vernehmen." WC="1.00" CC="0024100052"/>
						<SP ID="P30_SP00051" HPOS="1131" VPOS="830" WIDTH="47"/>
						<String ID="P30_ST00058" HPOS="1178" VPOS="787" WIDTH="81" HEIGHT="32" CONTENT="Was" WC="1.00" CC="000"/>
						<SP ID="P30_SP00052" HPOS="1259" VPOS="830" WIDTH="24"/>
						<String ID="P30_ST00059" HPOS="1283" VPOS="785" WIDTH="57" HEIGHT="33" CONTENT="wir" WC="0.98" CC="004"/>
						<SP ID="P30_SP00053" HPOS="1340" VPOS="830" WIDTH="30"/>
						<String ID="P30_ST00060" HPOS="1370" VPOS="785" WIDTH="93" HEIGHT="32" CONTENT="heute" WC="0.99" CC="20400"/>
						<SP ID="P30_SP00054" HPOS="1463" VPOS="830" WIDTH="33"/>
						<String ID="P30_ST00061" HPOS="1496" VPOS="796" WIDTH="41" HEIGHT="20" CONTENT="zu" WC="1.00" CC="00"/>
						<SP ID="P30_SP00055" HPOS="1537" VPOS="830" WIDTH="32"/>
						<String ID="P30_ST00062" HPOS="1569" VPOS="785" WIDTH="61" HEIGHT="31" CONTENT="den" WC="0.98" CC="006"/>
						<SP ID="P30_SP00056" HPOS="1630" VPOS="830" WIDTH="32"/>
						<String ID="P30_ST00063" HPOS="1662" VPOS="782" WIDTH="239" HEIGHT="45" CONTENT="vergänglichen" WC="0.99" CC="0040256040105"/>
						<SP ID="P30_SP00057" HPOS="1901" VPOS="830" WIDTH="31"/>
						<String ID="P30_ST00064" HPOS="1932" VPOS="783" WIDTH="127" HEIGHT="42" CONTENT="Dingen" WC="0.99" CC="040018"/>
					</TextLine>
					<TextLine ID="P30_TL00008" HPOS="682" VPOS="837" WIDTH="1377" HEIGHT="48">
						<String ID="P30_ST00065" HPOS="682" VPOS="853" WIDTH="100" HEIGHT="32" CONTENT="sagen," WC="0.99" CC="060240"/>
						<SP ID="P30_SP00058" HPOS="782" VPOS="885" WIDTH="30"/>
						<String ID="P30_ST00066" HPOS="812" VPOS="842" WIDTH="117" HEIGHT="43" CONTENT="spricht" WC="1.00" CC="0033000"/>
						<SP ID="P30_SP00059" HPOS="929" VPOS="885" WIDTH="29"/>
						<String ID="P30_ST00067" HPOS="958" VPOS="842" WIDTH="65" HEIGHT="32" CONTENT="ihre" WC="0.99" CC="2110"/>
						<SP ID="P30_SP00060" HPOS="1023" VPOS="885" WIDTH="24"/>
						<String ID="P30_ST00068" HPOS="1047" VPOS="842" WIDTH="211" HEIGHT="43" CONTENT="Wanderung" WC="1.00" CC="000000030"/>
						<SP ID="P30_SP00061" HPOS="1258" VPOS="885" WIDTH="33"/>
						<String ID="P30_ST00069" HPOS="1291" VPOS="841" WIDTH="64" HEIGHT="33" CONTENT="und" WC="0.97" CC="700"/>
						<SP ID="P30_SP00062" HPOS="1355" VPOS="885" WIDTH="25"/>
						<String ID="P30_ST00070" HPOS="1380" VPOS="839" WIDTH="192" HEIGHT="34" CONTENT="Geschichte" WC="1.00" CC="0200410020"/>
						<SP ID="P30_SP00063" HPOS="1572" VPOS="885" WIDTH="31"/>
						<String ID="P30_ST00071" HPOS="1603" VPOS="839" WIDTH="87" HEIGHT="33" CONTENT="nicht" WC="1.00" CC="01020"/>
						<SP ID="P30_SP00064" HPOS="1690" VPOS="885" WIDTH="31"/>
						<String ID="P30_ST00072" HPOS="1721" VPOS="850" WIDTH="60" HEIGHT="21" CONTENT="aus." WC="0.99" CC="0400"/>
						<SP ID="P30_SP00065" HPOS="1781" VPOS="885" WIDTH="48"/>
						<String ID="P30_ST00073" HPOS="1829" VPOS="839" WIDTH="65" HEIGHT="31" CONTENT="Der" WC="0.97" CC="026"/>
						<SP ID="P30_SP00066" HPOS="1894" VPOS="885" WIDTH="33"/>
						<String ID="P30_ST00074" HPOS="1927" VPOS="837" WIDTH="132" HEIGHT="32" CONTENT="Mensch" WC="0.99" CC="004003"/>
					</TextLine>
					<TextLine ID="P30_TL00009" HPOS="680" VPOS="893" WIDTH="1379" HEIGHT="48">
						<String ID="P30_ST00075" HPOS="680" VPOS="897" WIDTH="40" HEIGHT="32" CONTENT="ist" WC="0.98" CC="006"/>
						<SP ID="P30_SP00067" HPOS="720" VPOS="929" WIDTH="24"/>
						<String ID="P30_ST00076" HPOS="744" VPOS="897" WIDTH="83" HEIGHT="33" CONTENT="noch" WC="0.98" CC="6001"/>
						<SP ID="P30_SP00068" HPOS="827" VPOS="930" WIDTH="17"/>
						<String ID="P30_ST00077" HPOS="844" VPOS="897" WIDTH="87" HEIGHT="33" CONTENT="nicht" WC="0.99" CC="00060"/>
						<SP ID="P30_SP00069" HPOS="931" VPOS="930" WIDTH="15"/>
						<String ID="P30_ST00078" HPOS="946" VPOS="898" WIDTH="42" HEIGHT="32" CONTENT="alt" WC="0.96" CC="064"/>
						<SP ID="P30_SP00070" HPOS="988" VPOS="930" WIDTH="16"/>
						<String ID="P30_ST00079" HPOS="1004" VPOS="909" WIDTH="112" HEIGHT="32" CONTENT="genug," WC="0.99" CC="004500"/>
						<SP ID="P30_SP00071" HPOS="1116" VPOS="941" WIDTH="16"/>
						<String ID="P30_ST00080" HPOS="1132" VPOS="909" WIDTH="56" HEIGHT="20" CONTENT="um" WC="0.80" CC="30"/>
						<SP ID="P30_SP00072" HPOS="1188" VPOS="941" WIDTH="23"/>
						<String ID="P30_ST00081" HPOS="1211" VPOS="896" WIDTH="103" HEIGHT="44" CONTENT="grofse" WC="0.92" CC="040000"/>
						<SP ID="P30_SP00073" HPOS="1314" VPOS="941" WIDTH="14"/>
						<String ID="P30_ST00082" HPOS="1328" VPOS="895" WIDTH="120" HEIGHT="34" CONTENT="Zahlen" WC="0.98" CC="037306"/>
						<SP ID="P30_SP00074" HPOS="1448" VPOS="941" WIDTH="24"/>
						<String ID="P30_ST00083" HPOS="1472" VPOS="906" WIDTH="40" HEIGHT="21" CONTENT="zu" WC="1.00" CC="00"/>
						<SP ID="P30_SP00075" HPOS="1512" VPOS="941" WIDTH="23"/>
						<String ID="P30_ST00084" HPOS="1535" VPOS="895" WIDTH="112" HEIGHT="32" CONTENT="lernen." WC="0.99" CC="0040040"/>
						<SP ID="P30_SP00076" HPOS="1647" VPOS="941" WIDTH="33"/>
						<String ID="P30_ST00085" HPOS="1680" VPOS="893" WIDTH="65" HEIGHT="33" CONTENT="Mit" WC="1.00" CC="000"/>
						<SP ID="P30_SP00077" HPOS="1745" VPOS="941" WIDTH="23"/>
						<String ID="P30_ST00086" HPOS="1768" VPOS="894" WIDTH="136" HEIGHT="32" CONTENT="anderen" WC="0.99" CC="0100507"/>
						<SP ID="P30_SP00078" HPOS="1904" VPOS="941" WIDTH="16"/>
						<String ID="P30_ST00087" HPOS="1920" VPOS="893" WIDTH="139" HEIGHT="31" CONTENT="Worten" WC="0.98" CC="005607"/>
					</TextLine>
					<TextLine ID="P30_TL00010" HPOS="681" VPOS="948" WIDTH="1378" HEIGHT="49">
						<String ID="P30_ST00088" HPOS="681" VPOS="953" WIDTH="62" HEIGHT="31" CONTENT="will" WC="0.98" CC="0116"/>
						<SP ID="P30_SP00079" HPOS="743" VPOS="984" WIDTH="30"/>
						<String ID="P30_ST00089" HPOS="773" VPOS="964" WIDTH="64" HEIGHT="21" CONTENT="was" WC="0.96" CC="900"/>
						<SP ID="P30_SP00080" HPOS="837" VPOS="985" WIDTH="30"/>
						<String ID="P30_ST00090" HPOS="867" VPOS="962" WIDTH="122" HEIGHT="35" CONTENT="gestern" WC="1.00" CC="0000032"/>
						<SP ID="P30_SP00081" HPOS="989" VPOS="997" WIDTH="31"/>
						<String ID="P30_ST00091" HPOS="1020" VPOS="952" WIDTH="211" HEIGHT="44" CONTENT="vorüberging" WC="1.00" CC="00100000050"/>
						<SP ID="P30_SP00082" HPOS="1231" VPOS="997" WIDTH="30"/>
						<String ID="P30_ST00092" HPOS="1261" VPOS="951" WIDTH="68" HEIGHT="33" CONTENT="und" WC="0.96" CC="730"/>
						<SP ID="P30_SP00083" HPOS="1329" VPOS="997" WIDTH="28"/>
						<String ID="P30_ST00093" HPOS="1357" VPOS="962" WIDTH="133" HEIGHT="32" CONTENT="morgen" WC="0.99" CC="003037"/>
						<SP ID="P30_SP00084" HPOS="1490" VPOS="997" WIDTH="29"/>
						<String ID="P30_ST00094" HPOS="1519" VPOS="949" WIDTH="60" HEIGHT="34" CONTENT="auf" WC="0.99" CC="300"/>
						<SP ID="P30_SP00085" HPOS="1579" VPOS="997" WIDTH="27"/>
						<String ID="P30_ST00095" HPOS="1606" VPOS="951" WIDTH="72" HEIGHT="32" CONTENT="dem" WC="1.00" CC="000"/>
						<SP ID="P30_SP00086" HPOS="1678" VPOS="997" WIDTH="24"/>
						<String ID="P30_ST00096" HPOS="1702" VPOS="950" WIDTH="107" HEIGHT="42" CONTENT="Wege" WC="1.00" CC="0000"/>
						<SP ID="P30_SP00087" HPOS="1809" VPOS="997" WIDTH="28"/>
						<String ID="P30_ST00097" HPOS="1837" VPOS="949" WIDTH="40" HEIGHT="31" CONTENT="ist" WC="0.98" CC="202"/>
						<SP ID="P30_SP00088" HPOS="1877" VPOS="997" WIDTH="34"/>
						<String ID="P30_ST00098" HPOS="1911" VPOS="948" WIDTH="148" HEIGHT="43" CONTENT="gedeutet" WC="1.00" CC="00017001"/>
					</TextLine>
					<TextLine ID="P30_TL00011" HPOS="680" VPOS="1002" WIDTH="1376" HEIGHT="45">
						<String ID="P30_ST00099" HPOS="680" VPOS="1009" WIDTH="133" HEIGHT="32" CONTENT="werden." WC="1.00" CC="0420000"/>
						<SP ID="P30_SP00089" HPOS="813" VPOS="1041" WIDTH="48"/>
						<String ID="P30_ST00100" HPOS="861" VPOS="1009" WIDTH="120" HEIGHT="32" CONTENT="Unsere" WC="1.00" CC="030000"/>
						<SP ID="P30_SP00090" HPOS="981" VPOS="1041" WIDTH="24"/>
						<String ID="P30_ST00101" HPOS="1005" VPOS="1008" WIDTH="83" HEIGHT="33" CONTENT="Seele" WC="0.99" CC="00060"/>
						<SP ID="P30_SP00091" HPOS="1088" VPOS="1041" WIDTH="31"/>
						<String ID="P30_ST00102" HPOS="1119" VPOS="1008" WIDTH="73" HEIGHT="32" CONTENT="aber" WC="0.98" CC="0045"/>
						<SP ID="P30_SP00092" HPOS="1192" VPOS="1041" WIDTH="23"/>
						<String ID="P30_ST00103" HPOS="1215" VPOS="1008" WIDTH="109" HEIGHT="32" CONTENT="wurde" WC="0.99" CC="04100"/>
						<SP ID="P30_SP00093" HPOS="1324" VPOS="1041" WIDTH="30"/>
						<String ID="P30_ST00104" HPOS="1354" VPOS="1018" WIDTH="61" HEIGHT="24" CONTENT="erst" WC="0.99" CC="0400"/>
						<SP ID="P30_SP00094" HPOS="1415" VPOS="1042" WIDTH="30"/>
						<String ID="P30_ST00105" HPOS="1445" VPOS="1008" WIDTH="93" HEIGHT="32" CONTENT="heute" WC="0.99" CC="60400"/>
						<SP ID="P30_SP00095" HPOS="1538" VPOS="1042" WIDTH="30"/>
						<String ID="P30_ST00106" HPOS="1568" VPOS="1017" WIDTH="54" HEIGHT="21" CONTENT="aus" WC="0.96" CC="470"/>
						<SP ID="P30_SP00096" HPOS="1622" VPOS="1042" WIDTH="29"/>
						<String ID="P30_ST00107" HPOS="1651" VPOS="1005" WIDTH="73" HEIGHT="32" CONTENT="dem" WC="1.00" CC="000"/>
						<SP ID="P30_SP00097" HPOS="1724" VPOS="1042" WIDTH="25"/>
						<String ID="P30_ST00108" HPOS="1749" VPOS="1003" WIDTH="106" HEIGHT="33" CONTENT="Meere" WC="0.99" CC="00060"/>
						<SP ID="P30_SP00098" HPOS="1855" VPOS="1042" WIDTH="27"/>
						<String ID="P30_ST00109" HPOS="1882" VPOS="1002" WIDTH="174" HEIGHT="45" CONTENT="geschöpft." WC="1.00" CC="0100500050"/>
					</TextLine>
					<TextLine ID="P30_TL00012" HPOS="681" VPOS="1059" WIDTH="1377" HEIGHT="44">
						<String ID="P30_ST00110" HPOS="681" VPOS="1064" WIDTH="75" HEIGHT="32" CONTENT="Wir" WC="0.99" CC="011"/>
						<SP ID="P30_SP00099" HPOS="756" VPOS="1096" WIDTH="22"/>
						<String ID="P30_ST00111" HPOS="778" VPOS="1065" WIDTH="111" HEIGHT="32" CONTENT="wissen" WC="1.00" CC="030000"/>
						<SP ID="P30_SP00100" HPOS="889" VPOS="1097" WIDTH="24"/>
						<String ID="P30_ST00112" HPOS="913" VPOS="1063" WIDTH="101" HEIGHT="33" CONTENT="nichts" WC="0.98" CC="400560"/>
						<SP ID="P30_SP00101" HPOS="1014" VPOS="1097" WIDTH="23"/>
						<String ID="P30_ST00113" HPOS="1037" VPOS="1075" WIDTH="67" HEIGHT="21" CONTENT="von" WC="0.97" CC="007"/>
						<SP ID="P30_SP00102" HPOS="1104" VPOS="1097" WIDTH="24"/>
						<String ID="P30_ST00114" HPOS="1128" VPOS="1063" WIDTH="60" HEIGHT="32" CONTENT="den" WC="0.97" CC="015"/>
						<SP ID="P30_SP00103" HPOS="1188" VPOS="1097" WIDTH="17"/>
						<String ID="P30_ST00115" HPOS="1205" VPOS="1063" WIDTH="141" HEIGHT="33" CONTENT="Göttern" WC="0.99" CC="0003066"/>
						<SP ID="P30_SP00104" HPOS="1346" VPOS="1097" WIDTH="23"/>
						<String ID="P30_ST00116" HPOS="1369" VPOS="1064" WIDTH="66" HEIGHT="32" CONTENT="und" WC="0.98" CC="310"/>
						<SP ID="P30_SP00105" HPOS="1435" VPOS="1097" WIDTH="23"/>
						<String ID="P30_ST00117" HPOS="1458" VPOS="1062" WIDTH="100" HEIGHT="33" CONTENT="ihrem" WC="0.99" CC="40600"/>
						<SP ID="P30_SP00106" HPOS="1558" VPOS="1097" WIDTH="15"/>
						<String ID="P30_ST00118" HPOS="1573" VPOS="1061" WIDTH="107" HEIGHT="42" CONTENT="Wege" WC="1.00" CC="0000"/>
						<SP ID="P30_SP00107" HPOS="1680" VPOS="1103" WIDTH="25"/>
						<String ID="P30_ST00119" HPOS="1705" VPOS="1059" WIDTH="53" HEIGHT="33" CONTENT="der" WC="1.00" CC="000"/>
						<SP ID="P30_SP00108" HPOS="1758" VPOS="1103" WIDTH="14"/>
						<String ID="P30_ST00120" HPOS="1772" VPOS="1059" WIDTH="165" HEIGHT="43" CONTENT="Ewigkeit." WC="1.00" CC="000000260"/>
						<SP ID="P30_SP00109" HPOS="1937" VPOS="1103" WIDTH="33"/>
						<String ID="P30_ST00121" HPOS="1970" VPOS="1059" WIDTH="88" HEIGHT="32" CONTENT="Weil" WC="0.99" CC="0024"/>
					</TextLine>
					<TextLine ID="P30_TL00013" HPOS="679" VPOS="1114" WIDTH="1379" HEIGHT="48">
						<String ID="P30_ST00122" HPOS="679" VPOS="1119" WIDTH="42" HEIGHT="32" CONTENT="sie" WC="0.99" CC="030"/>
						<SP ID="P30_SP00110" HPOS="721" VPOS="1151" WIDTH="24"/>
						<String ID="P30_ST00123" HPOS="745" VPOS="1119" WIDTH="93" HEIGHT="32" CONTENT="heute" WC="0.99" CC="21000"/>
						<SP ID="P30_SP00111" HPOS="838" VPOS="1151" WIDTH="24"/>
						<String ID="P30_ST00124" HPOS="862" VPOS="1118" WIDTH="87" HEIGHT="33" CONTENT="nicht" WC="0.99" CC="40020"/>
						<SP ID="P30_SP00112" HPOS="949" VPOS="1151" WIDTH="24"/>
						<String ID="P30_ST00125" HPOS="973" VPOS="1118" WIDTH="89" HEIGHT="33" CONTENT="mehr" WC="1.00" CC="0000"/>
						<SP ID="P30_SP00113" HPOS="1062" VPOS="1151" WIDTH="24"/>
						<String ID="P30_ST00126" HPOS="1086" VPOS="1129" WIDTH="40" HEIGHT="22" CONTENT="an" WC="0.69" CC="06"/>
						<SP ID="P30_SP00114" HPOS="1126" VPOS="1151" WIDTH="22"/>
						<String ID="P30_ST00127" HPOS="1148" VPOS="1130" WIDTH="59" HEIGHT="21" CONTENT="uns" WC="0.96" CC="730"/>
						<SP ID="P30_SP00115" HPOS="1207" VPOS="1151" WIDTH="16"/>
						<String ID="P30_ST00128" HPOS="1223" VPOS="1118" WIDTH="247" HEIGHT="44" CONTENT="vorübergehen," WC="1.00" CC="0060016005000"/>
						<SP ID="P30_SP00116" HPOS="1470" VPOS="1162" WIDTH="24"/>
						<String ID="P30_ST00129" HPOS="1494" VPOS="1117" WIDTH="134" HEIGHT="44" CONTENT="glauben" WC="0.99" CC="0525004"/>
						<SP ID="P30_SP00117" HPOS="1628" VPOS="1162" WIDTH="15"/>
						<String ID="P30_ST00130" HPOS="1643" VPOS="1116" WIDTH="57" HEIGHT="32" CONTENT="wir" WC="0.97" CC="006"/>
						<SP ID="P30_SP00118" HPOS="1700" VPOS="1162" WIDTH="24"/>
						<String ID="P30_ST00131" HPOS="1724" VPOS="1114" WIDTH="88" HEIGHT="33" CONTENT="nicht" WC="0.99" CC="00055"/>
						<SP ID="P30_SP00119" HPOS="1812" VPOS="1162" WIDTH="24"/>
						<String ID="P30_ST00132" HPOS="1836" VPOS="1114" WIDTH="88" HEIGHT="33" CONTENT="mehr" WC="0.98" CC="0206"/>
						<SP ID="P30_SP00120" HPOS="1924" VPOS="1162" WIDTH="25"/>
						<String ID="P30_ST00133" HPOS="1949" VPOS="1126" WIDTH="38" HEIGHT="21" CONTENT="an" WC="0.75" CC="50"/>
						<SP ID="P30_SP00121" HPOS="1987" VPOS="1162" WIDTH="23"/>
						<String ID="P30_ST00134" HPOS="2010" VPOS="1114" WIDTH="48" HEIGHT="32" CONTENT="ihr" WC="0.98" CC="301"/>
					</TextLine>
					<TextLine ID="P30_TL00014" HPOS="679" VPOS="1169" WIDTH="1378" HEIGHT="48">
						<String ID="P30_ST00135" HPOS="679" VPOS="1175" WIDTH="122" HEIGHT="32" CONTENT="Dasein." WC="0.99" CC="0400260"/>
						<SP ID="P30_SP00122" HPOS="801" VPOS="1207" WIDTH="48"/>
						<String ID="P30_ST00136" HPOS="849" VPOS="1175" WIDTH="42" HEIGHT="32" CONTENT="Es" WC="1.00" CC="00"/>
						<SP ID="P30_SP00123" HPOS="891" VPOS="1207" WIDTH="24"/>
						<String ID="P30_ST00137" HPOS="915" VPOS="1175" WIDTH="39" HEIGHT="31" CONTENT="ist" WC="0.96" CC="505"/>
						<SP ID="P30_SP00124" HPOS="954" VPOS="1207" WIDTH="23"/>
						<String ID="P30_ST00138" HPOS="977" VPOS="1174" WIDTH="94" HEIGHT="33" CONTENT="leicht" WC="0.99" CC="400060"/>
						<SP ID="P30_SP00125" HPOS="1071" VPOS="1207" WIDTH="23"/>
						<String ID="P30_ST00139" HPOS="1094" VPOS="1186" WIDTH="40" HEIGHT="20" CONTENT="zu" WC="1.00" CC="00"/>
						<SP ID="P30_SP00126" HPOS="1134" VPOS="1207" WIDTH="16"/>
						<String ID="P30_ST00140" HPOS="1150" VPOS="1174" WIDTH="142" HEIGHT="43" CONTENT="leugnen," WC="0.99" CC="02570010"/>
						<SP ID="P30_SP00127" HPOS="1292" VPOS="1217" WIDTH="24"/>
						<String ID="P30_ST00141" HPOS="1316" VPOS="1186" WIDTH="64" HEIGHT="20" CONTENT="was" WC="0.99" CC="020"/>
						<SP ID="P30_SP00128" HPOS="1380" VPOS="1217" WIDTH="24"/>
						<String ID="P30_ST00142" HPOS="1404" VPOS="1173" WIDTH="87" HEIGHT="32" CONTENT="nicht" WC="0.99" CC="30020"/>
						<SP ID="P30_SP00129" HPOS="1491" VPOS="1217" WIDTH="17"/>
						<String ID="P30_ST00143" HPOS="1508" VPOS="1172" WIDTH="90" HEIGHT="33" CONTENT="mehr" WC="0.98" CC="0045"/>
						<SP ID="P30_SP00130" HPOS="1598" VPOS="1217" WIDTH="23"/>
						<String ID="P30_ST00144" HPOS="1621" VPOS="1172" WIDTH="39" HEIGHT="31" CONTENT="da" WC="0.64" CC="07"/>
						<SP ID="P30_SP00131" HPOS="1660" VPOS="1217" WIDTH="24"/>
						<String ID="P30_ST00145" HPOS="1684" VPOS="1171" WIDTH="45" HEIGHT="32" CONTENT="ist." WC="0.97" CC="5063"/>
						<SP ID="P30_SP00132" HPOS="1729" VPOS="1217" WIDTH="49"/>
						<String ID="P30_ST00146" HPOS="1778" VPOS="1171" WIDTH="94" HEIGHT="31" CONTENT="Denn" WC="0.99" CC="0006"/>
						<SP ID="P30_SP00133" HPOS="1872" VPOS="1217" WIDTH="24"/>
						<String ID="P30_ST00147" HPOS="1896" VPOS="1170" WIDTH="50" HEIGHT="32" CONTENT="die" WC="0.98" CC="041"/>
						<SP ID="P30_SP00134" HPOS="1946" VPOS="1217" WIDTH="16"/>
						<String ID="P30_ST00148" HPOS="1962" VPOS="1169" WIDTH="95" HEIGHT="32" CONTENT="Leere" WC="0.99" CC="00060"/>
					</TextLine>
					<TextLine ID="P30_TL00015" HPOS="679" VPOS="1225" WIDTH="1379" HEIGHT="48">
						<String ID="P30_ST00149" HPOS="679" VPOS="1239" WIDTH="170" HEIGHT="23" CONTENT="antwortet" WC="1.00" CC="004000001"/>
						<SP ID="P30_SP00135" HPOS="849" VPOS="1262" WIDTH="23"/>
						<String ID="P30_ST00150" HPOS="872" VPOS="1230" WIDTH="88" HEIGHT="32" CONTENT="nicht" WC="0.99" CC="01050"/>
						<SP ID="P30_SP00136" HPOS="960" VPOS="1262" WIDTH="23"/>
						<String ID="P30_ST00151" HPOS="983" VPOS="1229" WIDTH="72" HEIGHT="33" CONTENT="dem" WC="0.99" CC="020"/>
						<SP ID="P30_SP00137" HPOS="1055" VPOS="1262" WIDTH="16"/>
						<String ID="P30_ST00152" HPOS="1071" VPOS="1229" WIDTH="191" HEIGHT="44" CONTENT="Klagenden." WC="0.99" CC="0050360011"/>
						<SP ID="P30_SP00138" HPOS="1262" VPOS="1273" WIDTH="48"/>
						<String ID="P30_ST00153" HPOS="1310" VPOS="1229" WIDTH="80" HEIGHT="32" CONTENT="Leer" WC="0.98" CC="0403"/>
						<SP ID="P30_SP00139" HPOS="1390" VPOS="1273" WIDTH="15"/>
						<String ID="P30_ST00154" HPOS="1405" VPOS="1228" WIDTH="82" HEIGHT="33" CONTENT="steht" WC="0.99" CC="01030"/>
						<SP ID="P30_SP00140" HPOS="1487" VPOS="1273" WIDTH="16"/>
						<String ID="P30_ST00155" HPOS="1503" VPOS="1228" WIDTH="49" HEIGHT="32" CONTENT="die" WC="1.00" CC="000"/>
						<SP ID="P30_SP00141" HPOS="1552" VPOS="1273" WIDTH="16"/>
						<String ID="P30_ST00156" HPOS="1568" VPOS="1227" WIDTH="92" HEIGHT="33" CONTENT="Welt" WC="0.98" CC="0134"/>
						<SP ID="P30_SP00142" HPOS="1660" VPOS="1273" WIDTH="23"/>
						<String ID="P30_ST00157" HPOS="1683" VPOS="1227" WIDTH="58" HEIGHT="31" CONTENT="seit" WC="0.99" CC="0003"/>
						<SP ID="P30_SP00143" HPOS="1741" VPOS="1273" WIDTH="14"/>
						<String ID="P30_ST00158" HPOS="1755" VPOS="1226" WIDTH="55" HEIGHT="32" CONTENT="der" WC="0.98" CC="024"/>
						<SP ID="P30_SP00144" HPOS="1810" VPOS="1273" WIDTH="17"/>
						<String ID="P30_ST00159" HPOS="1827" VPOS="1225" WIDTH="155" HEIGHT="43" CONTENT="Rückzug" WC="1.00" CC="0000050"/>
						<SP ID="P30_SP00145" HPOS="1982" VPOS="1273" WIDTH="21"/>
						<String ID="P30_ST00160" HPOS="2003" VPOS="1225" WIDTH="55" HEIGHT="31" CONTENT="der" WC="0.98" CC="005"/>
					</TextLine>
					<TextLine ID="P30_TL00016" HPOS="680" VPOS="1278" WIDTH="1377" HEIGHT="49">
						<String ID="P30_ST00161" HPOS="680" VPOS="1285" WIDTH="118" HEIGHT="33" CONTENT="Götter" WC="1.00" CC="000003"/>
						<SP ID="P30_SP00146" HPOS="798" VPOS="1318" WIDTH="23"/>
						<String ID="P30_ST00162" HPOS="821" VPOS="1287" WIDTH="31" HEIGHT="31" CONTENT="in" WC="0.50" CC="36"/>
						<SP ID="P30_SP00147" HPOS="852" VPOS="1318" WIDTH="25"/>
						<String ID="P30_ST00163" HPOS="877" VPOS="1286" WIDTH="63" HEIGHT="32" CONTENT="dies" WC="1.00" CC="0100"/>
						<SP ID="P30_SP00148" HPOS="940" VPOS="1318" WIDTH="26"/>
						<String ID="P30_ST00164" HPOS="966" VPOS="1285" WIDTH="106" HEIGHT="32" CONTENT="Chaos" WC="1.00" CC="03000"/>
						<SP ID="P30_SP00149" HPOS="1072" VPOS="1318" WIDTH="28"/>
						<String ID="P30_ST00165" HPOS="1100" VPOS="1284" WIDTH="137" HEIGHT="43" CONTENT="beginnt." WC="0.99" CC="00044591"/>
						<SP ID="P30_SP00150" HPOS="1237" VPOS="1327" WIDTH="49"/>
						<String ID="P30_ST00166" HPOS="1286" VPOS="1285" WIDTH="63" HEIGHT="31" CONTENT="Das" WC="1.00" CC="000"/>
						<SP ID="P30_SP00151" HPOS="1349" VPOS="1327" WIDTH="25"/>
						<String ID="P30_ST00167" HPOS="1374" VPOS="1284" WIDTH="109" HEIGHT="32" CONTENT="Heute" WC="0.99" CC="30150"/>
						<SP ID="P30_SP00152" HPOS="1483" VPOS="1327" WIDTH="24"/>
						<String ID="P30_ST00168" HPOS="1507" VPOS="1283" WIDTH="39" HEIGHT="32" CONTENT="ist" WC="0.99" CC="300"/>
						<SP ID="P30_SP00153" HPOS="1546" VPOS="1327" WIDTH="19"/>
						<String ID="P30_ST00169" HPOS="1565" VPOS="1281" WIDTH="167" HEIGHT="44" CONTENT="Abgrund," WC="0.98" CC="00965502"/>
						<SP ID="P30_SP00154" HPOS="1732" VPOS="1327" WIDTH="24"/>
						<String ID="P30_ST00170" HPOS="1756" VPOS="1279" WIDTH="72" HEIGHT="33" CONTENT="aber" WC="0.98" CC="4005"/>
						<SP ID="P30_SP00155" HPOS="1828" VPOS="1327" WIDTH="25"/>
						<String ID="P30_ST00171" HPOS="1853" VPOS="1280" WIDTH="54" HEIGHT="32" CONTENT="der" WC="1.00" CC="000"/>
						<SP ID="P30_SP00156" HPOS="1907" VPOS="1327" WIDTH="25"/>
						<String ID="P30_ST00172" HPOS="1932" VPOS="1278" WIDTH="125" HEIGHT="34" CONTENT="Glaube" WC="1.00" CC="000103"/>
					</TextLine>
					<TextLine ID="P30_TL00017" HPOS="679" VPOS="1334" WIDTH="1378" HEIGHT="49">
						<String ID="P30_ST00173" HPOS="679" VPOS="1341" WIDTH="77" HEIGHT="32" CONTENT="sieht" WC="0.98" CC="03064"/>
						<SP ID="P30_SP00157" HPOS="756" VPOS="1373" WIDTH="32"/>
						<String ID="P30_ST00174" HPOS="788" VPOS="1341" WIDTH="131" HEIGHT="32" CONTENT="darüber" WC="0.99" CC="0520036"/>
						<SP ID="P30_SP00158" HPOS="919" VPOS="1373" WIDTH="30"/>
						<String ID="P30_ST00175" HPOS="949" VPOS="1341" WIDTH="126" HEIGHT="42" CONTENT="hinweg" WC="1.00" CC="010000"/>
						<SP ID="P30_SP00159" HPOS="1075" VPOS="1383" WIDTH="29"/>
						<String ID="P30_ST00176" HPOS="1104" VPOS="1340" WIDTH="33" HEIGHT="32" CONTENT="in" WC="0.50" CC="26"/>
						<SP ID="P30_SP00160" HPOS="1137" VPOS="1383" WIDTH="32"/>
						<String ID="P30_ST00177" HPOS="1169" VPOS="1340" WIDTH="52" HEIGHT="32" CONTENT="das" WC="0.98" CC="040"/>
						<SP ID="P30_SP00161" HPOS="1221" VPOS="1383" WIDTH="32"/>
						<String ID="P30_ST00178" HPOS="1253" VPOS="1339" WIDTH="136" HEIGHT="33" CONTENT="Gestern" WC="0.98" CC="0003458"/>
						<SP ID="P30_SP00162" HPOS="1389" VPOS="1383" WIDTH="29"/>
						<String ID="P30_ST00179" HPOS="1418" VPOS="1339" WIDTH="67" HEIGHT="32" CONTENT="und" WC="0.96" CC="630"/>
						<SP ID="P30_SP00163" HPOS="1485" VPOS="1383" WIDTH="30"/>
						<String ID="P30_ST00180" HPOS="1515" VPOS="1338" WIDTH="146" HEIGHT="43" CONTENT="Morgen." WC="0.99" CC="0040350"/>
						<SP ID="P30_SP00164" HPOS="1661" VPOS="1383" WIDTH="47"/>
						<String ID="P30_ST00181" HPOS="1708" VPOS="1336" WIDTH="106" HEIGHT="32" CONTENT="Erlöst" WC="0.99" CC="051103"/>
						<SP ID="P30_SP00165" HPOS="1814" VPOS="1383" WIDTH="30"/>
						<String ID="P30_ST00182" HPOS="1844" VPOS="1335" WIDTH="133" HEIGHT="44" CONTENT="glauben" WC="0.99" CC="0255006"/>
						<SP ID="P30_SP00166" HPOS="1977" VPOS="1383" WIDTH="31"/>
						<String ID="P30_ST00183" HPOS="2008" VPOS="1334" WIDTH="49" HEIGHT="32" CONTENT="die" WC="0.98" CC="050"/>
					</TextLine>
					<TextLine ID="P30_TL00018" HPOS="679" VPOS="1389" WIDTH="1378" HEIGHT="46">
						<String ID="P30_ST00184" HPOS="679" VPOS="1396" WIDTH="131" HEIGHT="32" CONTENT="Thoren" WC="0.75" CC="000527"/>
						<SP ID="P30_SP00167" HPOS="810" VPOS="1428" WIDTH="23"/>
						<String ID="P30_ST00185" HPOS="833" VPOS="1408" WIDTH="39" HEIGHT="20" CONTENT="zu" WC="0.86" CC="11"/>
						<SP ID="P30_SP00168" HPOS="872" VPOS="1428" WIDTH="24"/>
						<String ID="P30_ST00186" HPOS="896" VPOS="1397" WIDTH="72" HEIGHT="38" CONTENT="sein," WC="0.99" CC="03041"/>
						<SP ID="P30_SP00169" HPOS="968" VPOS="1435" WIDTH="17"/>
						<String ID="P30_ST00187" HPOS="985" VPOS="1396" WIDTH="70" HEIGHT="32" CONTENT="weil" WC="0.99" CC="0005"/>
						<SP ID="P30_SP00170" HPOS="1055" VPOS="1435" WIDTH="24"/>
						<String ID="P30_ST00188" HPOS="1079" VPOS="1396" WIDTH="42" HEIGHT="31" CONTENT="sie" WC="0.98" CC="040"/>
						<SP ID="P30_SP00171" HPOS="1121" VPOS="1435" WIDTH="15"/>
						<String ID="P30_ST00189" HPOS="1136" VPOS="1395" WIDTH="150" HEIGHT="32" CONTENT="verlassen" WC="0.99" CC="005300006"/>
						<SP ID="P30_SP00172" HPOS="1286" VPOS="1435" WIDTH="16"/>
						<String ID="P30_ST00190" HPOS="1302" VPOS="1394" WIDTH="134" HEIGHT="40" CONTENT="werden," WC="1.00" CC="0050010"/>
						<SP ID="P30_SP00173" HPOS="1436" VPOS="1435" WIDTH="24"/>
						<String ID="P30_ST00191" HPOS="1460" VPOS="1395" WIDTH="42" HEIGHT="31" CONTENT="sie" WC="0.99" CC="020"/>
						<SP ID="P30_SP00174" HPOS="1502" VPOS="1435" WIDTH="25"/>
						<String ID="P30_ST00192" HPOS="1527" VPOS="1393" WIDTH="108" HEIGHT="33" CONTENT="freuen" WC="0.98" CC="850206"/>
						<SP ID="P30_SP00175" HPOS="1635" VPOS="1435" WIDTH="25"/>
						<String ID="P30_ST00193" HPOS="1660" VPOS="1392" WIDTH="73" HEIGHT="39" CONTENT="sich," WC="1.00" CC="02000"/>
						<SP ID="P30_SP00176" HPOS="1733" VPOS="1435" WIDTH="20"/>
						<String ID="P30_ST00194" HPOS="1753" VPOS="1403" WIDTH="64" HEIGHT="20" CONTENT="von" WC="0.98" CC="005"/>
						<SP ID="P30_SP00177" HPOS="1817" VPOS="1435" WIDTH="27"/>
						<String ID="P30_ST00195" HPOS="1844" VPOS="1391" WIDTH="54" HEIGHT="32" CONTENT="der" WC="0.98" CC="006"/>
						<SP ID="P30_SP00178" HPOS="1898" VPOS="1435" WIDTH="16"/>
						<String ID="P30_ST00196" HPOS="1914" VPOS="1389" WIDTH="143" HEIGHT="33" CONTENT="Schwere" WC="1.00" CC="0000030"/>
					</TextLine>
					<TextLine ID="P30_TL00019" HPOS="679" VPOS="1444" WIDTH="1378" HEIGHT="51">
						<String ID="P30_ST00197" HPOS="679" VPOS="1450" WIDTH="119" HEIGHT="40" CONTENT="befreit," WC="1.00" CC="00010050"/>
						<SP ID="P30_SP00179" HPOS="798" VPOS="1490" WIDTH="24"/>
						<String ID="P30_ST00198" HPOS="822" VPOS="1453" WIDTH="54" HEIGHT="32" CONTENT="des" WC="1.00" CC="000"/>
						<SP ID="P30_SP00180" HPOS="876" VPOS="1490" WIDTH="24"/>
						<String ID="P30_ST00199" HPOS="900" VPOS="1452" WIDTH="92" HEIGHT="43" CONTENT="Flugs" WC="0.98" CC="06500"/>
						<SP ID="P30_SP00181" HPOS="992" VPOS="1495" WIDTH="24"/>
						<String ID="P30_ST00200" HPOS="1016" VPOS="1451" WIDTH="66" HEIGHT="32" CONTENT="und" WC="0.95" CC="660"/>
						<SP ID="P30_SP00182" HPOS="1082" VPOS="1495" WIDTH="26"/>
						<String ID="P30_ST00201" HPOS="1108" VPOS="1449" WIDTH="106" HEIGHT="33" CONTENT="fühlen" WC="0.99" CC="006205"/>
						<SP ID="P30_SP00183" HPOS="1214" VPOS="1495" WIDTH="32"/>
						<String ID="P30_ST00202" HPOS="1246" VPOS="1451" WIDTH="50" HEIGHT="32" CONTENT="die" WC="1.00" CC="010"/>
						<SP ID="P30_SP00184" HPOS="1296" VPOS="1495" WIDTH="23"/>
						<String ID="P30_ST00203" HPOS="1319" VPOS="1450" WIDTH="100" HEIGHT="33" CONTENT="Hand" WC="0.97" CC="4540"/>
						<SP ID="P30_SP00185" HPOS="1419" VPOS="1495" WIDTH="23"/>
						<String ID="P30_ST00204" HPOS="1442" VPOS="1448" WIDTH="104" HEIGHT="39" CONTENT="nicht," WC="0.99" CC="020301"/>
						<SP ID="P30_SP00186" HPOS="1546" VPOS="1495" WIDTH="30"/>
						<String ID="P30_ST00205" HPOS="1576" VPOS="1447" WIDTH="118" HEIGHT="34" CONTENT="welche" WC="0.99" CC="003030"/>
						<SP ID="P30_SP00187" HPOS="1694" VPOS="1495" WIDTH="23"/>
						<String ID="P30_ST00206" HPOS="1717" VPOS="1447" WIDTH="53" HEIGHT="33" CONTENT="das" WC="0.98" CC="060"/>
						<SP ID="P30_SP00188" HPOS="1770" VPOS="1495" WIDTH="25"/>
						<String ID="P30_ST00207" HPOS="1795" VPOS="1446" WIDTH="149" HEIGHT="33" CONTENT="Gottlose" WC="1.00" CC="00302000"/>
						<SP ID="P30_SP00189" HPOS="1944" VPOS="1495" WIDTH="25"/>
						<String ID="P30_ST00208" HPOS="1969" VPOS="1444" WIDTH="88" HEIGHT="33" CONTENT="wirft" WC="0.98" CC="02405"/>
					</TextLine>
					<TextLine ID="P30_TL00020" HPOS="679" VPOS="1501" WIDTH="1377" HEIGHT="48">
						<String ID="P30_ST00209" HPOS="679" VPOS="1517" WIDTH="54" HEIGHT="21" CONTENT="aus" WC="0.97" CC="510"/>
						<SP ID="P30_SP00190" HPOS="733" VPOS="1538" WIDTH="24"/>
						<String ID="P30_ST00210" HPOS="757" VPOS="1507" WIDTH="54" HEIGHT="32" CONTENT="der" WC="0.97" CC="033"/>
						<SP ID="P30_SP00191" HPOS="811" VPOS="1539" WIDTH="25"/>
						<String ID="P30_ST00211" HPOS="836" VPOS="1507" WIDTH="97" HEIGHT="33" CONTENT="Höhe" WC="0.98" CC="6020"/>
						<SP ID="P30_SP00192" HPOS="933" VPOS="1540" WIDTH="22"/>
						<String ID="P30_ST00212" HPOS="955" VPOS="1508" WIDTH="47" HEIGHT="31" CONTENT="ins" WC="0.96" CC="560"/>
						<SP ID="P30_SP00193" HPOS="1002" VPOS="1540" WIDTH="25"/>
						<String ID="P30_ST00213" HPOS="1027" VPOS="1506" WIDTH="213" HEIGHT="33" CONTENT="Lebensmeer." WC="1.00" CC="02006000050"/>
						<SP ID="P30_SP00194" HPOS="1240" VPOS="1540" WIDTH="49"/>
						<String ID="P30_ST00214" HPOS="1289" VPOS="1503" WIDTH="235" HEIGHT="46" CONTENT="Ausgeworfen" WC="1.00" CC="05002010100"/>
						<SP ID="P30_SP00195" HPOS="1524" VPOS="1549" WIDTH="16"/>
						<String ID="P30_ST00215" HPOS="1540" VPOS="1503" WIDTH="81" HEIGHT="33" CONTENT="wird" WC="0.98" CC="0360"/>
						<SP ID="P30_SP00196" HPOS="1621" VPOS="1549" WIDTH="24"/>
						<String ID="P30_ST00216" HPOS="1645" VPOS="1503" WIDTH="55" HEIGHT="32" CONTENT="der" WC="0.96" CC="044"/>
						<SP ID="P30_SP00197" HPOS="1700" VPOS="1549" WIDTH="24"/>
						<String ID="P30_ST00217" HPOS="1724" VPOS="1501" WIDTH="134" HEIGHT="33" CONTENT="Mensch" WC="0.99" CC="033005"/>
						<SP ID="P30_SP00198" HPOS="1858" VPOS="1549" WIDTH="23"/>
						<String ID="P30_ST00218" HPOS="1881" VPOS="1513" WIDTH="67" HEIGHT="20" CONTENT="von" WC="0.97" CC="007"/>
						<SP ID="P30_SP00199" HPOS="1948" VPOS="1549" WIDTH="23"/>
						<String ID="P30_ST00219" HPOS="1971" VPOS="1505" WIDTH="68" HEIGHT="39" CONTENT="gött" SUBS_TYPE="HypPart1" SUBS_CONTENT="göttlichen" WC="0.99" CC="0055"/>
						<HYP HPOS="2039" VPOS="1505" WIDTH="17" CONTENT="-"/>
					</TextLine>
					<TextLine ID="P30_TL00021" HPOS="679" VPOS="1556" WIDTH="1378" HEIGHT="47">
						<String ID="P30_ST00220" HPOS="679" VPOS="1561" WIDTH="99" HEIGHT="33" CONTENT="lichen" SUBS_TYPE="HypPart2" SUBS_CONTENT="göttlichen" WC="0.99" CC="050006"/>
						<SP ID="P30_SP00200" HPOS="778" VPOS="1594" WIDTH="30"/>
						<String ID="P30_ST00221" HPOS="808" VPOS="1562" WIDTH="137" HEIGHT="33" CONTENT="Händen" WC="0.97" CC="647008"/>
						<SP ID="P30_SP00201" HPOS="945" VPOS="1595" WIDTH="32"/>
						<String ID="P30_ST00222" HPOS="977" VPOS="1562" WIDTH="72" HEIGHT="32" CONTENT="dem" WC="1.00" CC="010"/>
						<SP ID="P30_SP00202" HPOS="1049" VPOS="1595" WIDTH="26"/>
						<String ID="P30_ST00223" HPOS="1075" VPOS="1560" WIDTH="144" HEIGHT="34" CONTENT="Senkblei" WC="0.99" CC="00670000"/>
						<SP ID="P30_SP00203" HPOS="1219" VPOS="1595" WIDTH="29"/>
						<String ID="P30_ST00224" HPOS="1248" VPOS="1560" WIDTH="112" HEIGHT="43" CONTENT="gleich," WC="1.00" CC="0001040"/>
						<SP ID="P30_SP00204" HPOS="1360" VPOS="1603" WIDTH="31"/>
						<String ID="P30_ST00225" HPOS="1391" VPOS="1559" WIDTH="66" HEIGHT="34" CONTENT="dafs" WC="0.75" CC="0090"/>
						<SP ID="P30_SP00205" HPOS="1457" VPOS="1603" WIDTH="30"/>
						<String ID="P30_ST00226" HPOS="1487" VPOS="1571" WIDTH="31" HEIGHT="21" CONTENT="er" WC="0.93" CC="01"/>
						<SP ID="P30_SP00206" HPOS="1518" VPOS="1603" WIDTH="32"/>
						<String ID="P30_ST00227" HPOS="1550" VPOS="1559" WIDTH="102" HEIGHT="33" CONTENT="werde" WC="0.99" CC="00600"/>
						<SP ID="P30_SP00207" HPOS="1652" VPOS="1603" WIDTH="31"/>
						<String ID="P30_ST00228" HPOS="1683" VPOS="1558" WIDTH="50" HEIGHT="32" CONTENT="ein" WC="0.98" CC="006"/>
						<SP ID="P30_SP00208" HPOS="1733" VPOS="1603" WIDTH="28"/>
						<String ID="P30_ST00229" HPOS="1761" VPOS="1556" WIDTH="83" HEIGHT="34" CONTENT="Mafs" WC="0.75" CC="0090"/>
						<SP ID="P30_SP00209" HPOS="1844" VPOS="1603" WIDTH="31"/>
						<String ID="P30_ST00230" HPOS="1875" VPOS="1557" WIDTH="53" HEIGHT="31" CONTENT="der" WC="0.99" CC="002"/>
						<SP ID="P30_SP00210" HPOS="1928" VPOS="1603" WIDTH="24"/>
						<String ID="P30_ST00231" HPOS="1952" VPOS="1557" WIDTH="105" HEIGHT="43" CONTENT="Dinge" WC="0.99" CC="03300"/>
					</TextLine>
					<TextLine ID="P30_TL00022" HPOS="679" VPOS="1612" WIDTH="1376" HEIGHT="44">
						<String ID="P30_ST00232" HPOS="679" VPOS="1618" WIDTH="65" HEIGHT="32" CONTENT="und" WC="0.99" CC="300"/>
						<SP ID="P30_SP00211" HPOS="744" VPOS="1650" WIDTH="25"/>
						<String ID="P30_ST00233" HPOS="769" VPOS="1618" WIDTH="53" HEIGHT="32" CONTENT="des" WC="0.99" CC="020"/>
						<SP ID="P30_SP00212" HPOS="822" VPOS="1650" WIDTH="25"/>
						<String ID="P30_ST00234" HPOS="847" VPOS="1618" WIDTH="134" HEIGHT="38" CONTENT="Meeres," WC="0.99" CC="0065000"/>
						<SP ID="P30_SP00213" HPOS="981" VPOS="1656" WIDTH="32"/>
						<String ID="P30_ST00235" HPOS="1013" VPOS="1616" WIDTH="92" HEIGHT="33" CONTENT="fallen" WC="0.98" CC="062608"/>
						<SP ID="P30_SP00214" HPOS="1105" VPOS="1656" WIDTH="28"/>
						<String ID="P30_ST00236" HPOS="1133" VPOS="1615" WIDTH="83" HEIGHT="33" CONTENT="mufs" WC="0.83" CC="0600"/>
						<SP ID="P30_SP00215" HPOS="1216" VPOS="1656" WIDTH="29"/>
						<String ID="P30_ST00237" HPOS="1245" VPOS="1616" WIDTH="54" HEIGHT="32" CONTENT="der" WC="0.97" CC="025"/>
						<SP ID="P30_SP00216" HPOS="1299" VPOS="1656" WIDTH="24"/>
						<String ID="P30_ST00238" HPOS="1323" VPOS="1614" WIDTH="206" HEIGHT="34" CONTENT="Verworfene" WC="0.99" CC="0230040080"/>
						<SP ID="P30_SP00217" HPOS="1529" VPOS="1656" WIDTH="23"/>
						<String ID="P30_ST00239" HPOS="1552" VPOS="1625" WIDTH="66" HEIGHT="22" CONTENT="von" WC="0.99" CC="001"/>
						<SP ID="P30_SP00218" HPOS="1618" VPOS="1656" WIDTH="24"/>
						<String ID="P30_ST00240" HPOS="1642" VPOS="1613" WIDTH="117" HEIGHT="33" CONTENT="Schuld" WC="0.98" CC="004650"/>
						<SP ID="P30_SP00219" HPOS="1759" VPOS="1656" WIDTH="24"/>
						<String ID="P30_ST00241" HPOS="1783" VPOS="1624" WIDTH="39" HEIGHT="21" CONTENT="zu" WC="0.80" CC="03"/>
						<SP ID="P30_SP00220" HPOS="1822" VPOS="1656" WIDTH="26"/>
						<String ID="P30_ST00242" HPOS="1848" VPOS="1612" WIDTH="117" HEIGHT="33" CONTENT="Schuld" WC="1.00" CC="000400"/>
						<SP ID="P30_SP00221" HPOS="1965" VPOS="1656" WIDTH="23"/>
						<String ID="P30_ST00243" HPOS="1988" VPOS="1612" WIDTH="67" HEIGHT="32" CONTENT="und" WC="0.98" CC="230"/>
					</TextLine>
					<TextLine ID="P30_TL00023" HPOS="679" VPOS="1667" WIDTH="1376" HEIGHT="48">
						<String ID="P30_ST00244" HPOS="679" VPOS="1673" WIDTH="59" HEIGHT="31" CONTENT="wie" WC="0.98" CC="050"/>
						<SP ID="P30_SP00222" HPOS="738" VPOS="1704" WIDTH="30"/>
						<String ID="P30_ST00245" HPOS="768" VPOS="1671" WIDTH="62" HEIGHT="34" CONTENT="tief" WC="0.98" CC="5004"/>
						<SP ID="P30_SP00223" HPOS="830" VPOS="1705" WIDTH="27"/>
						<String ID="P30_ST00246" HPOS="857" VPOS="1685" WIDTH="32" HEIGHT="20" CONTENT="er" WC="0.68" CC="06"/>
						<SP ID="P30_SP00224" HPOS="889" VPOS="1705" WIDTH="32"/>
						<String ID="P30_ST00247" HPOS="921" VPOS="1672" WIDTH="91" HEIGHT="33" CONTENT="fallen" WC="0.98" CC="050208"/>
						<SP ID="P30_SP00225" HPOS="1012" VPOS="1705" WIDTH="31"/>
						<String ID="P30_ST00248" HPOS="1043" VPOS="1683" WIDTH="85" HEIGHT="32" CONTENT="mag," WC="0.99" CC="0400"/>
						<SP ID="P30_SP00226" HPOS="1128" VPOS="1715" WIDTH="31"/>
						<String ID="P30_ST00249" HPOS="1159" VPOS="1671" WIDTH="32" HEIGHT="32" CONTENT="in" WC="0.75" CC="04"/>
						<SP ID="P30_SP00227" HPOS="1191" VPOS="1715" WIDTH="30"/>
						<String ID="P30_ST00250" HPOS="1221" VPOS="1672" WIDTH="116" HEIGHT="32" CONTENT="diesem" WC="1.00" CC="000000"/>
						<SP ID="P30_SP00228" HPOS="1337" VPOS="1715" WIDTH="26"/>
						<String ID="P30_ST00251" HPOS="1363" VPOS="1670" WIDTH="105" HEIGHT="33" CONTENT="Meere" WC="0.99" CC="01050"/>
						<SP ID="P30_SP00229" HPOS="1468" VPOS="1715" WIDTH="29"/>
						<String ID="P30_ST00252" HPOS="1497" VPOS="1669" WIDTH="76" HEIGHT="44" CONTENT="geht" WC="0.97" CC="0335"/>
						<SP ID="P30_SP00230" HPOS="1573" VPOS="1715" WIDTH="30"/>
						<String ID="P30_ST00253" HPOS="1603" VPOS="1669" WIDTH="85" HEIGHT="33" CONTENT="doch" WC="0.99" CC="0004"/>
						<SP ID="P30_SP00231" HPOS="1688" VPOS="1715" WIDTH="28"/>
						<String ID="P30_ST00254" HPOS="1716" VPOS="1668" WIDTH="104" HEIGHT="32" CONTENT="keiner" WC="0.98" CC="504701"/>
						<SP ID="P30_SP00232" HPOS="1820" VPOS="1715" WIDTH="27"/>
						<String ID="P30_ST00255" HPOS="1847" VPOS="1679" WIDTH="41" HEIGHT="21" CONTENT="zu" WC="0.39" CC="65"/>
						<SP ID="P30_SP00233" HPOS="1888" VPOS="1715" WIDTH="24"/>
						<String ID="P30_ST00256" HPOS="1912" VPOS="1667" WIDTH="143" HEIGHT="33" CONTENT="Grunde." WC="0.99" CC="0125003"/>
					</TextLine>
					<TextLine ID="P30_TL00024" HPOS="679" VPOS="1722" WIDTH="1376" HEIGHT="47">
						<String ID="P30_ST00257" HPOS="679" VPOS="1727" WIDTH="33" HEIGHT="32" CONTENT="In" WC="0.48" CC="54"/>
						<SP ID="P30_SP00234" HPOS="712" VPOS="1759" WIDTH="28"/>
						<String ID="P30_ST00258" HPOS="740" VPOS="1727" WIDTH="52" HEIGHT="33" CONTENT="das" WC="0.99" CC="020"/>
						<SP ID="P30_SP00235" HPOS="792" VPOS="1760" WIDTH="25"/>
						<String ID="P30_ST00259" HPOS="817" VPOS="1728" WIDTH="108" HEIGHT="33" CONTENT="Blinde" WC="0.99" CC="507300"/>
						<SP ID="P30_SP00236" HPOS="925" VPOS="1761" WIDTH="30"/>
						<String ID="P30_ST00260" HPOS="955" VPOS="1728" WIDTH="90" HEIGHT="32" CONTENT="kehrt" WC="0.99" CC="00050"/>
						<SP ID="P30_SP00237" HPOS="1045" VPOS="1761" WIDTH="30"/>
						<String ID="P30_ST00261" HPOS="1075" VPOS="1727" WIDTH="52" HEIGHT="32" CONTENT="das" WC="0.98" CC="050"/>
						<SP ID="P30_SP00238" HPOS="1127" VPOS="1761" WIDTH="28"/>
						<String ID="P30_ST00262" HPOS="1155" VPOS="1726" WIDTH="133" HEIGHT="33" CONTENT="sehende" WC="1.00" CC="0120200"/>
						<SP ID="P30_SP00239" HPOS="1288" VPOS="1761" WIDTH="25"/>
						<String ID="P30_ST00263" HPOS="1313" VPOS="1727" WIDTH="93" HEIGHT="42" CONTENT="Auge" WC="0.99" CC="0600"/>
						<SP ID="P30_SP00240" HPOS="1406" VPOS="1769" WIDTH="28"/>
						<String ID="P30_ST00264" HPOS="1434" VPOS="1726" WIDTH="126" HEIGHT="37" CONTENT="zurück," WC="0.99" CC="0630001"/>
						<SP ID="P30_SP00241" HPOS="1560" VPOS="1769" WIDTH="24"/>
						<String ID="P30_ST00265" HPOS="1584" VPOS="1725" WIDTH="32" HEIGHT="32" CONTENT="in" WC="0.48" CC="46"/>
						<SP ID="P30_SP00242" HPOS="1616" VPOS="1769" WIDTH="24"/>
						<String ID="P30_ST00266" HPOS="1640" VPOS="1724" WIDTH="54" HEIGHT="33" CONTENT="das" WC="0.98" CC="040"/>
						<SP ID="P30_SP00243" HPOS="1694" VPOS="1769" WIDTH="23"/>
						<String ID="P30_ST00267" HPOS="1717" VPOS="1723" WIDTH="129" HEIGHT="33" CONTENT="Dunkel" WC="0.99" CC="045002"/>
						<SP ID="P30_SP00244" HPOS="1846" VPOS="1769" WIDTH="25"/>
						<String ID="P30_ST00268" HPOS="1871" VPOS="1723" WIDTH="52" HEIGHT="32" CONTENT="des" WC="1.00" CC="000"/>
						<SP ID="P30_SP00245" HPOS="1923" VPOS="1769" WIDTH="23"/>
						<String ID="P30_ST00269" HPOS="1946" VPOS="1722" WIDTH="109" HEIGHT="32" CONTENT="Todes" WC="1.00" CC="00000"/>
					</TextLine>
					<TextLine ID="P30_TL00025" HPOS="678" VPOS="1776" WIDTH="1377" HEIGHT="51">
						<String ID="P30_ST00270" HPOS="678" VPOS="1782" WIDTH="108" HEIGHT="33" CONTENT="taucht" WC="0.98" CC="246060"/>
						<SP ID="P30_SP00246" HPOS="786" VPOS="1815" WIDTH="25"/>
						<String ID="P30_ST00271" HPOS="811" VPOS="1783" WIDTH="49" HEIGHT="33" CONTENT="die" WC="1.00" CC="000"/>
						<SP ID="P30_SP00247" HPOS="860" VPOS="1816" WIDTH="23"/>
						<String ID="P30_ST00272" HPOS="883" VPOS="1784" WIDTH="132" HEIGHT="43" CONTENT="goldene" WC="0.99" CC="0020060"/>
						<SP ID="P30_SP00248" HPOS="1015" VPOS="1827" WIDTH="22"/>
						<String ID="P30_ST00273" HPOS="1037" VPOS="1781" WIDTH="140" HEIGHT="34" CONTENT="Leuchte" WC="1.00" CC="0010300"/>
						<SP ID="P30_SP00249" HPOS="1177" VPOS="1827" WIDTH="24"/>
						<String ID="P30_ST00274" HPOS="1201" VPOS="1782" WIDTH="58" HEIGHT="39" CONTENT="ein," WC="0.99" CC="0500"/>
						<SP ID="P30_SP00250" HPOS="1259" VPOS="1827" WIDTH="23"/>
						<String ID="P30_ST00275" HPOS="1282" VPOS="1782" WIDTH="32" HEIGHT="32" CONTENT="in" WC="0.70" CC="50"/>
						<SP ID="P30_SP00251" HPOS="1314" VPOS="1827" WIDTH="24"/>
						<String ID="P30_ST00276" HPOS="1338" VPOS="1782" WIDTH="84" HEIGHT="32" CONTENT="seine" WC="0.99" CC="00260"/>
						<SP ID="P30_SP00252" HPOS="1422" VPOS="1827" WIDTH="21"/>
						<String ID="P30_ST00277" HPOS="1443" VPOS="1779" WIDTH="96" HEIGHT="34" CONTENT="Tiefe" WC="0.99" CC="05000"/>
						<SP ID="P30_SP00253" HPOS="1539" VPOS="1827" WIDTH="23"/>
						<String ID="P30_ST00278" HPOS="1562" VPOS="1779" WIDTH="83" HEIGHT="33" CONTENT="mufs" WC="0.82" CC="0700"/>
						<SP ID="P30_SP00254" HPOS="1645" VPOS="1827" WIDTH="25"/>
						<String ID="P30_ST00279" HPOS="1670" VPOS="1779" WIDTH="52" HEIGHT="32" CONTENT="das" WC="0.98" CC="040"/>
						<SP ID="P30_SP00255" HPOS="1722" VPOS="1827" WIDTH="27"/>
						<String ID="P30_ST00280" HPOS="1749" VPOS="1776" WIDTH="199" HEIGHT="45" CONTENT="Geschöpfte" WC="1.00" CC="0000500050"/>
						<SP ID="P30_SP00256" HPOS="1948" VPOS="1827" WIDTH="24"/>
						<String ID="P30_ST00281" HPOS="1972" VPOS="1777" WIDTH="83" HEIGHT="33" CONTENT="noch" WC="0.98" CC="5003"/>
					</TextLine>
					<TextLine ID="P30_TL00026" HPOS="679" VPOS="1831" WIDTH="1376" HEIGHT="49">
						<String ID="P30_ST00282" HPOS="679" VPOS="1838" WIDTH="111" HEIGHT="32" CONTENT="einmal" WC="1.00" CC="005000"/>
						<SP ID="P30_SP00257" HPOS="790" VPOS="1870" WIDTH="38"/>
						<String ID="P30_ST00283" HPOS="828" VPOS="1837" WIDTH="237" HEIGHT="39" CONTENT="zurücklaufen," WC="1.00" CC="0320002660070"/>
						<SP ID="P30_SP00258" HPOS="1065" VPOS="1876" WIDTH="34"/>
						<String ID="P30_ST00284" HPOS="1099" VPOS="1836" WIDTH="66" HEIGHT="34" CONTENT="dafs" WC="0.88" CC="0400"/>
						<SP ID="P30_SP00259" HPOS="1165" VPOS="1876" WIDTH="25"/>
						<String ID="P30_ST00285" HPOS="1190" VPOS="1849" WIDTH="31" HEIGHT="20" CONTENT="es" WC="0.94" CC="10"/>
						<SP ID="P30_SP00260" HPOS="1221" VPOS="1876" WIDTH="31"/>
						<String ID="P30_ST00286" HPOS="1252" VPOS="1838" WIDTH="49" HEIGHT="31" CONTENT="die" WC="0.98" CC="004"/>
						<SP ID="P30_SP00261" HPOS="1301" VPOS="1876" WIDTH="30"/>
						<String ID="P30_ST00287" HPOS="1331" VPOS="1835" WIDTH="231" HEIGHT="45" CONTENT="schöpferische" WC="1.00" CC="0040001360053"/>
						<SP ID="P30_SP00262" HPOS="1562" VPOS="1880" WIDTH="23"/>
						<String ID="P30_ST00288" HPOS="1585" VPOS="1834" WIDTH="156" HEIGHT="34" CONTENT="Weisheit" WC="0.99" CC="01005015"/>
						<SP ID="P30_SP00263" HPOS="1741" VPOS="1880" WIDTH="33"/>
						<String ID="P30_ST00289" HPOS="1774" VPOS="1834" WIDTH="44" HEIGHT="32" CONTENT="im" WC="0.67" CC="60"/>
						<SP ID="P30_SP00264" HPOS="1818" VPOS="1880" WIDTH="34"/>
						<String ID="P30_ST00290" HPOS="1852" VPOS="1831" WIDTH="203" HEIGHT="34" CONTENT="Bewufstsein" WC="0.69" CC="00949000107"/>
					</TextLine>
					<TextLine ID="P30_TL00027" HPOS="679" VPOS="1892" WIDTH="133" HEIGHT="33">
						<String ID="P30_ST00291" HPOS="679" VPOS="1892" WIDTH="133" HEIGHT="33" CONTENT="erbeute." WC="0.99" CC="25506400"/>
					</TextLine>
				</TextBlock>
				<TextBlock ID="P30_TB00002" HPOS="843" VPOS="2723" WIDTH="431" HEIGHT="38" STYLEREFS="TXT_1 PAR_LEFT">
					<TextLine ID="P30_TL00028" HPOS="846" VPOS="2726" WIDTH="403" HEIGHT="15">
						<String ID="P30_ST00292" HPOS="846" VPOS="2726" WIDTH="71" HEIGHT="12" CONTENT="LUDWIG" WC="0.97" CC="088963"/>
						<SP ID="P30_SP00265" HPOS="917" VPOS="2738" WIDTH="11"/>
						<String ID="P30_ST00293" HPOS="928" VPOS="2727" WIDTH="36" HEIGHT="11" CONTENT="VON" WC="0.95" CC="048"/>
						<SP ID="P30_SP00266" HPOS="964" VPOS="2738" WIDTH="12"/>
						<String ID="P30_ST00294" HPOS="976" VPOS="2727" WIDTH="96" HEIGHT="14" CONTENT="HOFMANN," WC="0.99" CC="20312064"/>
						<SP ID="P30_SP00267" HPOS="1072" VPOS="2741" WIDTH="11"/>
						<String ID="P30_ST00295" HPOS="1083" VPOS="2728" WIDTH="166" HEIGHT="12" CONTENT="STRANDSCHLUCHT" WC="0.99" CC="27845041505740"/>
					</TextLine>
				</TextBlock>
				<TextBlock ID="P30_TB00003" HPOS="1287" VPOS="2853" WIDTH="164" HEIGHT="46" STYLEREFS="TXT_2 PAR_RIGHT">
					<TextLine ID="P30_TL00029" HPOS="1451" VPOS="2899" WIDTH="0" HEIGHT="0">
						<String ID="P30_ST00296" HPOS="1451" VPOS="2899" WIDTH="0" HEIGHT="0" CONTENT="224" WC="0.98" CC="000"/>
					</TextLine>
				</TextBlock>
				<ComposedBlock ID="P30_CB00001" HPOS="828" VPOS="1992" WIDTH="1090" HEIGHT="727" STYLEREFS="TXT_0 PAR_LEFT" TYPE="Illustration">
					<GraphicalElement ID="P30_CB00001_SUB" HPOS="828" VPOS="1992" WIDTH="1090" HEIGHT="727"/>
				</ComposedBlock>
			</PrintSpace>
		</Page>
	</Layout>
</alto>
