3472 4341
1675 199 97 48 147

190 329 106 37 neu,
326 313 111 49 aber
463 332 84 31 von
576 322 132 56 guter
733 319 243 66 Wirkung.
1007 324 91 48 Der
1120 327 175 49 Marsch
1327 330 124 49 ahmt
1479 332 69 47 die
1575 335 79 47 Ein-

192 387 194 50 fachheit
423 391 123 47 einer
588 393 428 53 Processionsmusik
1055 401 219 62 glücklich
1312 407 128 59 nach,
1489 410 191 48 Melodie

188 463 91 47 und
308 466 251 47 Harmonie
586 467 230 50 desselben
847 470 157 50 dürfen
1035 477 204 47 offenbar
1281 498 84 29 nur
1397 499 81 30 von
1515 485 164 48 diesem

189 539 373 65 Gesichtspunkte
593 559 77 30 aus
702 543 240 51 beurtheilt
976 551 195 48 werden.
1218 555 90 45 Der
1337 557 229 59 Gedanke,
1602 561 78 48 das

186 614 138 47 Motiv
344 614 76 49 des
440 618 226 47 Marsches
691 621 89 47 und
802 622 78 47 das
901 626 136 46 Motiv
1060 626 75 48 des
1161 628 140 47 Chors
1323 649 51 28 zu
1403 632 79 47 der
1503 636 147 48 Durch-

186 689 205 63 führung
419 691 76 48 des
524 710 167 45 ganzen
720 697 185 48 zweiten
934 701 177 47 Theiles
1145 720 50 29 zu
1229 703 233 57 benutzen,
1491 710 90 47 also
1611 712 69 47 die

185 766 362 50 unterbrochene
584 771 88 47 und
715 772 113 48 doch
865 776 160 47 immer
1061 777 167 48 wieder
1266 780 276 64 beginnende
1568 787 82 48 Pro-

183 842 167 45 cessen
383 844 212 47 während
625 847 78 47 der
739 849 345 50 verschiedenen
1121 854 180 49 Stadien
1340 857 75 47 des
1445 860 234 50 Gewitters

181 918 212 61 gewisser
432 920 207 49 Maassen
679 923 59 47 im
777 926 306 62 Tongemälde
1126 928 308 60 darzustellen,
1477 936 53 47 ist
1578 954 96 31 vom

183 992 316 64 (Komponisten
523 997 80 47 mit
626 997 249 49 bekannter
891 1002 324 48 Meisterschaft
1237 1006 39 45 in
1301 1007 79 47 der
1398 1009 165 49 Factur
1587 1013 87 47 und

178 1069 408 67 Instrumentirung
608 1073 335 65 durchgeführt
971 1078 198 48 worden.
1200 1082 84 46 Die
1307 1084 160 49 Motive
1495 1088 180 48 werden

179 1141 104 50 bald
311 1162 82 30 von
428 1148 145 56 Bass-,
602 1148 104 47 bald
735 1167 83 30 von
849 1152 527 63 Sopran-Instrumenten
1407 1159 79 49 der
1506 1163 166 57 Bläser,

179 1219 103 48 bald
311 1221 190 58 einfach,
539 1223 105 48 bald
672 1225 43 46 in
744 1227 137 47 voller
910 1229 262 57 Harmonie,
1209 1233 87 47 und
1329 1234 42 47 in
1401 1239 249 49 verschiede-

175 1310 85 31 nen
289 1296 263 49 Momenten
581 1298 105 48 bald
715 1301 131 53 sanft,
886 1301 102 49 bald
1026 1304 372 53 leidenschaftlich
1434 1313 88 47 und
1552 1317 119 45 stark

175 1369 140 48 durch
345 1371 70 49 die
433 1374 186 63 Wogen
649 1375 76 47 des
755 1378 202 48 Sturmes
988 1380 89 47 und
1107 1383 201 48 Wetters
1336 1385 42 47 in
1407 1387 82 48 den
1514 1390 131 49 Scxto-

171 1446 297 66 len-Figuren
495 1458 240 57 getragen;
759 1453 79 48 der
862 1455 121 48 Chor
1004 1456 80 47 der
1105 1459 216 48 Stimmen
1343 1463 192 66 erklingt
1557 1468 113 47 noch

174 1522 106 47 zwei
312 1524 111 47 oder
451 1524 92 49 drei
574 1528 90 47 Mal
694 1528 294 58 dazwischen,
1020 1531 299 51 aber—sehr
1347 1540 248 65 verständig

175 1616 86 30 nur
301 1601 78 46 mit
415 1601 100 48 dem
555 1602 164 50 kurzen
759 1606 318 65 Haupt-Motiv
1119 1610 75 47 des
1221 1614 326 58 Marienliedes,
1592 1619 78 47 das

175 1675 127 47 letzte
325 1677 90 47 Mal
446 1676 129 65 (nach
606 1680 123 48 einer
752 1681 339 68 beruhigenden
1115 1688 192 47 Melodie
1332 1689 113 48 beim
1470 1694 172 47 Schwin-

174 1750 86 48 den
289 1751 75 48 des
393 1754 256 66 Gewitters)
688 1757 42 46 in
768 1757 80 49 der
876 1761 257 62 Tonregion
1172 1761 80 48 der
1291 1765 380 64 eingestrichenen

172 1826 169 48 Octave
580 1827 127 66 (H-dur),
708 1832 110 49 während
848 1835 70 47 ein
947 1836 348 50 Flöten-Triller
1323 1841 80 46 auf
1425 1841 97 49 dem
1554 1845 92 47 drei-

170 1903 311 61 gestrichenen
597 1907 343 63 fisdrei
720 1911 137 47 Tacte
885 1912 105 64 lang
1020 1912 198 49 darüber
1246 1916 212 50 schwebt.
1495 1921 180 49 Darauf

170 1978 201 50 schliesst
399 1981 69 48 die
496 1983 169 49 Stretta
692 1985 44 47 in
772 1981 35 29 n
808 1975 27 77 j
836 2017 17 26 a
858 2014 18 9 -
882 1987 126 57 Tact,
1031 1987 182 60 H-dur,
1237 1992 127 47 mehr
1384 1994 198 49 lärmend
1606 1999 61 47 als

171 2053 174 66 kräftig.

282 2133 86 46 Die
397 2133 289 66 Einwebung
712 2136 78 48 des
820 2138 144 47 Chors
992 2141 53 47 ist
1074 2144 121 46 nicht
1225 2144 115 48 bloss
1369 2147 96 46 eine
1495 2149 168 57 Laune,

166 2206 70 47 ein
265 2208 240 63 gesuchter
532 2210 161 57 Effect,
721 2213 193 47 sondern
945 2215 61 47 sie
1034 2217 54 47 ist
1116 2221 268 47 wesentlich.
1422 2222 84 47 Die
1535 2225 96 47 Wir-

164 2282 124 66 kung
316 2283 81 48 der
424 2286 175 65 Klänge
628 2287 234 52 desselben
887 2292 394 67 Mariengesanges
1319 2297 126 48 führt
1470 2301 191 47 nämlich

162 2358 42 47 in
230 2359 78 47 der
331 2362 127 62 Oper
479 2361 69 48 die
571 2363 252 64 glückliche
838 2367 411 67 Schlusswendung
1272 2372 170 56 herbei,
1465 2373 69 49 die
1553 2376 79 47 Hei-

162 2437 110 62 lung
299 2438 266 55 Dinorah's;
606 2441 62 47 sie
703 2443 159 62 glaubt
901 2444 91 49 sich
1036 2446 117 48 beim
1191 2450 156 45 Hören
1385 2448 77 49 des
1501 2452 157 48 Liedes

161 2513 113 46 nach
306 2513 145 48 einem
479 2516 162 63 langen
672 2519 199 47 Traume
912 2522 114 47 noch
1061 2523 83 47 auf
1173 2523 101 48 dem
1301 2526 256 62 Brautzuge
1586 2545 71 32 am

160 2588 286 65 vorjährigen
484 2591 289 52 Ablassfeste.
828 2596 138 48 Sollte
1007 2597 70 48 die
1117 2599 350 50 Zuhörerschaft
1507 2603 148 47 diesen

162 2664 230 48 Eindruck
444 2665 230 65 begreifen
727 2671 89 47 und
870 2672 212 62 gewisser
1125 2676 204 47 Maassen
1376 2677 181 57 theilen,
1610 2696 47 30 so

158 2748 168 41 musste
349 2742 204 49 derselbe
576 2744 181 66 Gesang
783 2747 115 48 auch
928 2765 83 31 von
1040 2749 85 47 ihr
1152 2751 134 48 schon
1310 2752 162 48 einmal
1497 2754 160 64 gehört

160 2817 185 48 worden
382 2819 109 56 sein,
534 2820 92 47 und
666 2820 79 50 das
788 2823 78 48 hat
904 2823 81 48 der
1014 2825 260 65 Componist
1309 2828 83 47 auf
1421 2829 103 47 sehr
1552 2831 78 47 wir-

158 2892 260 66 kungsvolle
434 2895 159 49 Weise
613 2897 141 49 durch
783 2898 155 49 dessen
967 2902 319 64 Einflechtung
1313 2903 43 47 in
1385 2903 70 48 die
1478 2906 145 48 Ouver-

152 2977 100 40 türe
273 2972 207 48 erreicht.
510 2973 76 48 Ob
614 2973 79 48 das
722 2992 88 32 neu
837 2977 54 48 ist
919 2977 109 48 oder
1055 2979 136 57 nicht,
1220 2980 165 47 darauf
1409 2982 171 48 kommt
1606 2999 45 31 es

152 3044 173 49 hierbei
353 3063 84 48 gar
463 3048 122 48 nicht
613 3066 76 40 an;
735 3068 46 31 es
816 3053 55 47 ist
898 3052 114 48 eben
1050 3071 48 31 so
1127 3055 224 56 verkehrt,
1387 3058 264 63 Meyerbeer

152 3138 159 48 wegen
340 3123 80 48 der
447 3124 197 48 Neuheit
670 3126 70 49 ein
768 3128 117 57 Lob,
917 3129 63 47 als
1009 3147 158 48 wegen
1195 3130 76 49 des
1301 3133 235 63 Vorgangs
1564 3151 83 30 von

150 3199 222 48 Donizetti
402 3200 44 47 in
480 3201 114 56 „Les
887 3205 131 48 einen
1046 3208 137 47 Tadel
1213 3226 53 29 zu
1294 3209 209 64 spenden.
1533 3212 114 47 Dass

150 3290 45 32 es
225 3275 174 50 hübsch
433 3278 54 47 ist
523 3278 90 48 und
649 3278 142 50 durch
819 3281 286 50 Einfachheit
1144 3284 147 57 wirkt,
1333 3285 55 47 ist
1426 3285 79 48 das
1533 3288 76 48 We-

151 3351 228 50 sentliche.

263 3430 66 46 Im
353 3430 245 48 Orchester
618 3430 252 66 gebraucht
893 3434 266 65 Meyerbeer
1186 3435 96 47 hier
1309 3435 92 48 und
1423 3436 152 65 häufig
1602 3439 42 46 in

147 3501 81 50 der
256 3505 127 65 Oper
412 3507 34 47 4
473 3507 163 50 Flöten
674 3506 48 66 (2
754 3525 153 47 grosse
934 3509 89 49 und
1056 3510 30 50 2
1117 3510 178 65 kleine),
1331 3510 29 50 3
1393 3513 162 48 Oboen
1592 3513 43 66 (1

146 3581 247 64 englisches
415 3584 131 48 Horn
574 3584 94 49 und
696 3585 30 47 2
758 3585 198 65 Oboen),
985 3585 31 51 3
1049 3586 270 48 Clarinetten
1348 3586 49 65 (2
1427 3589 186 63 gewöhn-

145 3655 114 49 liche
287 3659 92 47 und
414 3659 20 48 1
468 3660 398 66 Bass-Clarinette)
895 3661 90 48 und
1009 3664 160 54 Harfe;
1197 3662 70 49 die
1295 3665 322 48 Metall-Instru-

145 3740 149 42 mente
322 3735 87 47 wie
437 3737 284 63 gewöhnlich
750 3739 71 48 bei
849 3739 108 57 ihm,
987 3739 113 49 doch
1127 3739 121 49 nicht
1276 3739 277 66 übermässig

146 3808 162 50 einmal
336 3810 215 49 kommen
581 3814 167 63 jedoch
787 3816 121 47 fünf
940 3817 182 47 Hörner
1157 3833 94 39 vor,
1290 3816 43 47 in
1361 3815 79 48 der
1469 3817 142 47 Einlei-

142 3891 113 60 tung
291 3905 101 30 zum
433 3887 164 50 dritten
637 3891 127 48 Acte.
816 3894 103 47 Den
960 3894 179 48 Marsch
1182 3894 43 47 in
1266 3892 79 49 der
1384 3894 255 48 Ouvertüre

137 3961 129 63 spielt
307 3962 78 51 das
432 3965 412 64 Geigen-Quartett
891 3968 90 49 und
1027 3968 70 50 die
1139 3968 376 50 Bass-Clarinette
1559 3970 79 48 mit

141 4036 216 53 Pizzicato
386 4040 80 49 der
492 4042 150 48 Bässe.

1865 342 105 46 Man
2008 344 110 47 wird
2157 345 136 48 schon
2335 366 78 30 aus
2450 352 142 48 dieser
2620 358 190 63 Analyse
2851 358 80 49 der
2959 362 270 59 Ouvertüre,

1752 416 125 46 sollte
1906 416 67 49 ich
2004 419 190 57 meinen,
2222 424 202 56 ersehen,
2453 426 98 47 dass
2573 446 80 30 von
2677 433 140 47 einem
2843 435 195 49 anderen
3062 439 143 65 Meyer-

1754 490 123 57 beer,
1916 495 62 44 als
2006 494 80 48 der
2117 496 218 66 bisherige
2366 517 108 39 war,
2514 503 115 48 eben
2659 523 47 30 so
2737 510 143 64 wenig
2908 513 62 46 als
2998 529 84 32 von
3111 517 122 47 einer

1751 566 244 50 Rückkehr
2020 588 51 28 zu
2113 573 282 53 „classischer
2753 583 67 47 die
2838 585 123 48 Rede
2983 589 93 47 sein
3099 589 132 50 kann.

1750 641 72 46 Ich
1843 642 284 59 wiederhole,
2152 647 99 47 dass
2272 649 67 47 die
2362 651 253 50 Ouvertüre
2638 655 67 47 ein
2729 659 215 63 tüchtiges
2974 664 86 47 und
3085 665 127 48 elfect-

1750 719 131 45 volles
1905 720 133 47 Stück
2063 722 239 49 moderner
2325 727 146 46 Musik
2502 729 73 54 ist;
2606 731 112 47 aber
2744 733 113 48 eben
2885 752 46 31 so
2960 740 145 64 wenig
3128 758 105 47 mag

1751 791 65 47 ich
1860 796 254 55 verhehlen,
2156 799 97 47 dass
2295 800 68 48 die
2414 805 406 65 lanz-Rhythmen,
2864 813 165 48 welche
3071 816 40 45 in
3153 816 80 49 der

1749 884 166 45 ganzen
1930 871 139 63 Oper,
2093 874 82 46 wie
2198 875 80 47 fast
2301 877 39 45 in
2366 879 113 45 allen
2505 896 193 32 neueren
2724 882 319 54 französischen
3060 891 169 63 Opern,

1747 942 263 59 dominiren,
2039 948 135 47 schon
2206 950 95 47 hier
2330 951 236 65 beginnen,
2606 957 89 46 und
2733 959 98 47 dass
2872 962 61 45 oft
2969 980 84 31 nur
3088 966 139 48 durch

1747 1017 69 48 die
1844 1020 373 63 eigentümliche
2232 1026 248 48 Harmonie
2504 1030 84 45 und
2615 1032 402 69 Instrumentirung
3040 1040 75 47 das
3140 1044 58 44 Ge-

1746 1094 264 56 wöhnliche,
2050 1116 73 29 um
2155 1101 118 47 nicht
2302 1120 49 28 zu
2382 1120 158 47 sagen:
2583 1106 75 47 das
2698 1110 188 47 Triviale
2922 1112 77 47 der
3035 1115 191 49 Melodie

1745 1169 207 49 verdeckt
1980 1172 132 56 wird;
2155 1176 162 56 ferner,
2353 1177 98 48 dass
2486 1180 70 47 die
2596 1182 218 48 wohlfeile
2841 1185 268 68 Steigerung
3137 1192 89 46 und

1746 1246 330 67 Vorbereitung
2110 1267 178 47 grosser
2324 1255 362 50 Kraft-Eintritte
2723 1258 137 50 durch
2907 1263 322 52 chromatische

1745 1321 285 49 Crescendo's
2072 1327 112 46 auch
2226 1328 93 46 hier
2359 1329 120 49 nicht
2514 1332 216 48 verbannt
2772 1336 88 47 und
2900 1336 139 49 durch
3069 1341 158 56 Mittel,

1743 1395 83 47 wie
1854 1398 60 46 sie
1943 1399 170 47 Mozart
2141 1402 89 47 und
2254 1403 265 59 Beethoven,
2749 1411 87 45 und
2865 1412 199 63 Spontini
3095 1432 105 31 anzu-

1743 1472 187 47 wenden
1959 1482 210 49 wussten,
2198 1487 156 39 ersetzt
2380 1481 64 45 ist.

1855 1550 95 45 Der
1978 1550 177 65 Aufzug
2183 1552 75 48 des
2288 1555 261 64 Vorhanges
2577 1559 111 64 zeigt
2723 1577 80 31 uns
2832 1563 95 47 eine
2956 1564 146 55 wilde,
3146 1585 50 45 ge-

1743 1620 172 66 birgige
1943 1624 287 58 Landschaft,
2272 1629 110 47 links
2419 1639 130 38 unter
2577 1633 139 47 einem
2747 1636 155 48 Felsen
2931 1639 96 47 eine
3058 1642 166 56 Höhle,

1742 1696 70 49 die
1839 1717 50 29 zu
1920 1700 121 47 einer
2071 1703 250 66 Wohnung
2351 1708 330 62 umgeschaffen
2716 1712 65 45 ist.
2836 1714 71 46 Sie
2935 1716 160 62 gehört
3121 1717 101 48 dem

1741 1773 411 66 Dudelsackpfeifer
2183 1779 255 48 Corentin
2469 1782 199 66 (Tenor),
2696 1784 79 48 der
2803 1788 61 46 sie
2893 1789 77 46 mit
2997 1789 100 48 dem
3125 1793 64 46 Du-

1741 1848 175 49 delsack
1938 1869 80 31 von
2042 1854 164 47 seinem
2230 1856 162 49 Oheim
2414 1859 103 46 Ivon
2541 1860 156 63 geerbt
2719 1862 87 48 hat.
2829 1864 84 46 Die
2936 1865 255 50 Abenddäm-

1742 1940 188 50 merung
1958 1928 53 47 ist
2038 1928 71 55 da,
2152 1930 68 47 ein
2251 1931 122 47 Chor
2400 1949 81 31 von
2511 1935 292 57 Landleuten,
2833 1938 169 48 hübsch
3032 1942 81 47 auf
3135 1943 85 47 den

1740 2001 162 47 Höhen
1933 2006 217 63 gruppirt,
2180 2006 173 65 besingt
2375 2009 82 47 den
2483 2010 221 48 Abschied
2726 2013 117 47 eines
2865 2015 193 48 schönen
3076 2019 146 62 Tages

1740 2076 89 47 und
1856 2079 115 47 zieht
1996 2081 89 46 sich
2114 2083 182 54 zurück,
2323 2084 146 47 indem
2499 2102 48 29 er
2574 2086 80 47 auf
2676 2086 77 47 das
2775 2090 157 46 Nahen
2961 2091 78 46 der
3066 2109 153 31 armen

1740 2152 275 49 Verrückten
2044 2155 166 56 deutet,
2239 2156 68 48 die
2335 2159 120 47 ihrer
2481 2160 134 64 Ziege
2644 2163 234 48 nachläuft.
2916 2166 85 47 Die
3029 2168 190 48 Melodie

1736 2226 53 47 ist
1813 2229 197 47 ziemlich
2042 2231 143 56 frisch,
2215 2232 78 47 der
2315 2234 250 64 Rhythmus
2596 2244 136 40 etwas
2761 2240 185 61 gesucht
2973 2241 89 47 und
3091 2245 99 62 polo-

1732 2302 271 65 naisenartig
2250 2304 151 63 (B-dur,
2536 2311 19 45 In
2584 2311 141 47 einem
2756 2314 345 50 Zwischensatze
3128 2334 85 33 von

1732 2378 124 47 sechs
1872 2381 387 50 Frauenstimmen
2282 2385 77 46 mit
2375 2386 209 47 Pizzicato
2605 2386 78 47 der
2696 2389 202 47 Violinen
2922 2391 90 47 und
3032 2394 153 47 Hände-

1732 2453 225 50 klatschen
1986 2457 79 47 der
2093 2460 179 47 Bauern
2302 2460 182 65 beginnt
2509 2462 136 47 schon
2668 2464 69 47 die
2758 2466 228 48 Künstelei
3008 2475 103 42 statt
3138 2469 79 48 der

1731 2531 160 54 Kunst,
1920 2531 76 48 das
2018 2533 202 58 Pikante,
2249 2536 98 47 dem
2380 2537 81 46 wir
2488 2554 85 30 nur
2598 2540 108 45 allzu
2738 2540 151 65 häufig
2916 2542 58 47 im
3002 2544 211 48 Verlaufe

1729 2605 75 47 des
1835 2607 178 47 Ganzen
2043 2608 249 65 begegnen,
2320 2618 103 40 statt
2450 2611 74 48 des
2554 2613 310 49 Melodischen.

1841 2682 141 48 Unter
2022 2683 100 49 dem
2160 2687 183 47 Säuseln
2384 2687 78 47 der
2499 2688 382 65 Violin-Figuren,
2921 2693 166 47 welche
3123 2695 85 48 wir

1727 2757 135 47 schon
1891 2775 79 30 aus
1997 2759 100 47 dem
2127 2762 204 63 Anfange
2361 2763 77 47 der
2466 2765 253 47 Ouvertüre
2749 2766 187 57 kennen,
2965 2768 74 47 eilt
3066 2770 112 49 Dino-

1726 2833 78 46 rah
1837 2833 112 48 über
1971 2834 76 49 das
2071 2837 208 56 Theater,
2309 2838 88 47 und
2428 2839 67 47 bei
2526 2839 100 49 dem
2650 2841 252 65 hüpfenden
2925 2843 151 57 Motiv,
3105 2845 100 48 dem

1727 2908 350 64 Haupt-Thema
2114 2912 79 47 der
2221 2914 269 55 Ouvertüre,
2531 2917 169 62 springt
2739 2917 69 48 die
2834 2918 134 64 Ziege
2996 2918 113 50 über
3137 2921 71 48 die

1723 2984 158 64 Berge.
1910 2987 200 47 Dinorah
2142 2988 130 47 kehrt
2297 2991 181 55 zurück,
2507 2991 89 47 ruft
2622 2992 126 47 ihren
2776 2992 204 65 Liebling
3008 2994 92 49 und
3128 3012 80 32 en-

1721 3133 94 65 digt
1843 3135 77 47 mit
1947 3137 122 47 einer
2095 3138 174 49 kleinen
2300 3140 195 49 Rakete:

1719 3293 193 48 welcher
1940 3294 69 48 die
2039 3297 141 48 kleine
2208 3299 127 47 Flöte
2362 3300 312 58 nachschiesst,
2683 3304 140 46 —ein
2851 3306 234 48 Pröbchen
3113 3323 90 32 von

1718 3368 79 48 der
1823 3370 442 51 charakteristischen
2288 3375 295 59 Einfachheit,
2625 3378 68 48 die
2734 3380 84 46 wir
2851 3382 43 45 in
2935 3380 80 49 der
3053 3384 153 47 Partie

1718 3443 80 48 der
1818 3445 118 49 Mad.
1962 3448 136 47 Cabel
2119 3467 52 29 zu
2194 3457 221 40 erwarten
2438 3452 160 48 haben.
2626 3454 128 47 Doch
2784 3454 41 47 in
2855 3455 78 47 der
2960 3458 135 56 That,
3124 3458 84 48 das

1719 3520 285 65 Wiegenlied
2043 3524 43 47 in
2546 3525 166 61 G-dur,
2335 3523 13 26 2
2349 3527 200 58 /4-Tact,
2596 3528 77 49 das
2711 3530 61 47 sie
2803 3530 80 49 der
2908 3533 136 65 Ziege
3072 3535 134 64 singt,

1716 3595 69 48 die
1812 3598 61 47 sie
1900 3598 43 47 in
1972 3600 283 48 Schlummer
2288 3604 247 47 versunken
2570 3605 165 57 wähnt,
2775 3607 54 47 ist
2867 3608 105 48 sehr
3012 3610 193 56 einfach,

1714 3670 70 50 die
1815 3674 158 48 Tacte:

1709 4045 167 49 könnte
1905 4061 103 32 man
2036 4061 133 50 sogar
2196 4045 155 66 simpel
2378 4062 195 44 nennen,
2601 4049 90 48 und
2724 4049 68 49 die
2820 4051 152 47 Stelle:

2632 4120 74 64 [*]
