2626 4008
271 3722 69 35 LA
367 3711 123 46 CITÉ

1364 3712 85 48 146

2232 3736 102 35 MAI
2366 3736 80 35 1921

654 1435 207 27 PLANCHE
884 1437 19 24 2
926 1432 163 33 (SUITE).
1114 1437 267 28 HABITATION
1406 1438 24 26 B
1454 1438 23 27 C
1499 1438 27 27 A
1550 1440 119 25 POUR
1692 1440 374 26 FONCTIONNAIRE.

377 1559 54 43 de
467 1571 259 40 commerce,
764 1563 102 39 sont
901 1566 186 38 souvent
1125 1564 25 40 à
1188 1563 149 56 étage;
1379 1564 110 41 dans
1526 1576 50 30 ce
1612 1576 77 30 cas
1727 1564 39 42 le
1803 1566 398 43 rez-de-chaussée
2237 1569 69 44 est
2341 1568 27 42 à

370 1644 140 45 usage
542 1633 54 43 de
626 1632 197 43 bureaux
854 1646 56 29 ou
942 1634 243 56 magasins,
1218 1638 41 39 et
1290 1634 161 57 l'étage
1482 1640 89 39 sert
1604 1637 292 42 d'habitation
1929 1649 54 31 au
2016 1637 230 43 directeur.

499 1703 125 44 Dans
661 1704 40 43 le
737 1717 78 30 cas
853 1704 53 43 de
942 1704 215 44 bâtiment
1195 1708 25 40 à
1258 1706 144 56 étage,
1441 1708 42 42 la
1521 1720 112 45 cage
1671 1708 230 43 d'escalier
1939 1722 49 30 se
2025 1710 129 55 place
2192 1710 39 43 le
2267 1710 100 56 plus

372 1781 185 40 souvent
586 1790 106 31 sous
723 1780 41 42 la
792 1779 227 43 vérandah
1050 1783 43 39 et
1122 1792 74 30 sur
1226 1780 87 42 l'un
1346 1780 77 42 des
1454 1781 205 55 pignons.
1694 1781 91 42 Des
1816 1781 100 51 fois,
1950 1794 55 29 on
2035 1781 219 56 aménage
2283 1794 85 32 une

372 1861 111 45 cage
522 1849 228 43 d'escalier
788 1850 245 43 intérieure.

496 1921 29 41 11
557 1921 97 42 faut
685 1921 292 43 évidemment
1008 1922 218 54 proscrire
1259 1922 63 41 les
1356 1921 270 43 habitations
1661 1925 24 39 à
1719 1925 128 55 étage
1880 1925 55 41 où
1972 1924 396 43 rez-de-chaussée

373 1995 41 39 et
443 1992 129 56 étage
600 1996 101 38 sont
729 1994 190 53 occupés
950 2005 80 42 par
1058 1994 77 40 des
1163 1994 212 54 ménages
1405 1994 247 43 différents.
1684 1994 81 41 Les
1793 1995 198 42 maisons
2024 1995 112 43 dites
2167 2009 23 26 «
2211 1996 131 55 jumei-

373 2063 90 42 lées
483 2077 23 26 »
544 2076 55 29 ne
632 2066 102 39 sont
767 2076 81 42 pas
882 2076 85 29 non
1004 2065 99 53 plus
1138 2066 25 39 à
1198 2065 242 42 conseiller.
1480 2065 70 49 Ici,
1587 2076 55 31 au
1679 2065 171 56 Congo,
1884 2067 56 41 où
1977 2066 42 43 la
2052 2067 70 42 vie
2156 2077 48 31 se
2234 2079 134 43 passe

376 2137 151 52 portes
566 2137 41 39 et
646 2136 192 40 fenêtres
876 2138 217 47 ouvertes,
1134 2136 26 40 il
1201 2138 104 51 peut
1343 2137 93 41 être
1472 2137 219 52 importun
1736 2136 166 43 d'avoir
1944 2137 77 42 des
2062 2138 168 42 voisins
2270 2140 99 54 trop

376 2204 212 56 bruyants
628 2218 57 30 ou
729 2206 368 42 incommodants.
1143 2207 29 41 Il
1215 2207 98 41 faut
1353 2204 130 44 isoler
1526 2206 290 43 l'habitation.

920 2272 5 11 \

382 2347 319 44 ECONOMIE

503 2456 81 40 Les
641 2456 324 42 constructions
1024 2456 241 42 coloniales
1309 2456 176 42 doivent
1526 2458 90 40 être
1658 2457 195 55 simples,
1896 2462 94 38 tant
2029 2471 81 43 par
2154 2461 114 43 suite
2311 2461 56 43 du

372 2540 191 43 manque
607 2527 237 43 d'habileté
887 2527 54 43 de
983 2528 41 41 la
1064 2528 341 42 main-d'œuvre
1445 2528 123 42 noire
1610 2538 86 45 que
1737 2540 80 43 par
1836 2529 147 42 raison
2018 2531 285 43 d'économie.

369 2667 240 45 FORMES
643 2667 412 45 EXTERIEURES.
1125 2689 46 9 -
1209 2668 165 44 PARTI
1407 2669 579 57 ARCHITECTONIQUE.

495 2759 81 42 Les
607 2759 353 56 photographies
991 2759 215 43 ci-contre
1239 2761 193 43 donnent
1464 2763 77 43 des
1574 2767 224 53 exemples
1832 2767 318 44 d'habitations
2183 2771 181 54 simples

368 2833 88 41 très
482 2830 428 44 recommandables.

499 2904 57 41 Le
589 2903 143 57 grand
768 2905 67 41 art
870 2904 193 42 consiste
1098 2905 24 40 à
1157 2904 101 42 tirer
1292 2905 39 41 le
1365 2908 239 42 maximum
1642 2909 151 42 d'effet
1830 2910 57 42 du
1921 2913 225 42 minimum
2184 2914 53 43 de
2273 2927 70 30 res-

370 2988 195 34 sources,
598 2979 94 38 tant
721 2989 51 29 en
802 2976 343 41 main-d'œuvre
1174 2978 129 53 qu'en
1331 2980 256 42 matériaux-
1616 2982 123 54 (Voir
1767 2983 190 54 planche
1990 2985 54 54 1.)

486 3050 184 41 Formes
694 3046 280 45 extérieures.
1091 3049 26 41 Il
1144 3050 96 41 faut
1263 3050 160 42 choisir
1450 3051 76 42 des
1550 3053 165 43 formes
1742 3055 71 55 qui
1837 3055 292 45 conviennent
2156 3058 38 42 le
2217 3058 145 42 mieux

369 3121 23 40 à
425 3121 41 41 la
497 3121 181 41 matière
710 3120 242 53 employée,
984 3121 95 41 tout
1111 3133 52 29 en
1196 3120 215 56 adaptant
1444 3123 274 44 l'habitation
1753 3128 26 39 à
1812 3138 51 30 sa
1897 3126 281 46 destination.

491 3190 80 40 Les
603 3191 129 52 plans
764 3190 252 53 reproduits
1049 3190 110 42 dans
1192 3191 38 42 le
1262 3194 116 39 texte
1411 3199 262 38 concernent
1708 3208 81 30 une
1823 3197 247 44 habitation
2104 3201 24 41 à
2161 3201 141 55 ériger
2334 3203 25 40 à

369 3261 222 43 Kinshasa
618 3265 41 39 et
685 3262 155 42 Borna.
870 3264 57 40 Le
951 3264 101 40 coût
1079 3275 51 30 en
1157 3275 97 30 sera
1282 3264 52 41 de
1360 3265 164 43 47.000
1552 3267 148 42 francs
1727 3270 25 39 à
1780 3270 235 52 Kinshasa,
2044 3275 42 39 et
2114 3272 53 42 de
2194 3274 164 42 37.000

369 3336 149 41 francs
543 3337 24 40 à
594 3335 154 43 Borna.

1467 3411 52 42 G.
1554 3412 391 53 BOGHEMANS,
1980 3417 261 52 Architecte,

1220 3481 196 44 Ex-chef
1437 3483 54 42 de
1512 3486 167 42 service
1700 3487 24 41 à
1749 3487 40 42 la
1812 3486 43 44 S.
1881 3487 49 43 B.
1954 3488 49 43 C.
2029 3490 54 41 de
2104 3490 42 41 la
2168 3490 197 44 Colonie.
