2301 4079
181 197 93 55 604

895 209 58 29 LE
989 207 242 31 MERCURE
1267 207 218 31 MUSICAL

184 434 99 53 pas
314 418 88 49 mé
429 413 254 53 réfouser
714 426 186 54 quane
928 409 37 53 il
997 426 165 36 saura
1197 413 108 66 qué
1330 407 100 54 z'ai
1464 407 99 54 fait
1597 407 51 53 la
1681 406 309 70 mousiqué
2028 407 67 51 dé
2132 425 57 35 sa

180 491 172 70 pièce.
406 491 192 51 Est-cé
648 505 116 52 pas,
819 504 146 36 nous
999 485 182 62 irone,
1533 485 20 51 ?
1611 484 74 52 Zé
1731 482 156 54 souis
1942 482 247 54 cértaine

184 570 175 67 qué...
385 565 163 61 Mais,
595 564 271 69 qu'est-cé
894 566 108 66 qué
1042 566 59 48 cé
1136 561 374 53 tinntamarre
1538 561 19 50 ?

255 645 206 51 AUBER.
609 640 83 70 Ça
717 642 19 51 ?
763 640 154 54 C'est
943 640 226 68 l'orgue.

260 720 245 51 ROSSINI.
632 716 168 55 Oune
1069 716 629 70 organo?...

254 797 207 51 AUBER.
585 792 330 62 Comment,
949 810 140 36 vous
1116 792 178 51 n'êtes
1331 809 98 52 pas
1478 807 70 36 au
1597 801 237 42 courant
1854 791 19 51 ?
1921 787 235 73 Figurez-

183 890 143 36 vous
358 889 109 52 que
493 887 61 36 ce
587 887 129 54 gros
738 868 391 66 Allemand,...
1149 867 280 54 Barkch...
1453 866 250 53 Bâche...
1829 865 202 69 jamais
2055 865 48 68 je
2122 884 67 34 ne

187 947 373 73 prononcerai
585 965 60 34 ce
684 946 224 55 mot-là.
1039 946 194 66 Enfin,
1274 962 143 36 vous
1468 961 161 37 savez
1655 943 100 71 qui
1788 942 47 69 je
1879 961 146 34 veux
2053 942 140 65 dire,

184 1026 227 52 n'est-ce
444 1042 99 53 pas
578 1025 19 52 ?

258 1103 247 52 ROSSINI.
630 1102 75 51 Zé
729 1106 90 48 mé
843 1100 268 54 souviène
1136 1116 101 53 pas
1262 1098 113 54 dou
1402 1110 126 42 tout
1552 1098 51 52 lé
1634 1114 235 38 nome...

254 1181 207 51 AUBER.
588 1177 145 53 Mais
759 1178 46 52 si
841 1192 11 38 :
891 1176 259 53 Bâche...
1173 1176 289 70 Rappelez
1486 1194 100 52 pas
1611 1176 21 51 ?
1658 1173 323 68 D'ailleurs,
2018 1192 62 50 ça
2102 1175 89 52 n'a

194 1272 100 54 pas
321 1255 433 71 d'importance.
783 1253 150 68 Bref,
956 1268 132 39 avec
1135 1253 98 52 des
1272 1268 257 46 roseaux,
1557 1252 76 52 du
1685 1251 200 71 papier
1933 1251 159 53 roulé
2127 1267 69 36 en

184 1346 212 56 tuyaux
421 1343 53 41 et
508 1345 189 39 autres
730 1331 352 71 ingrédients
1138 1328 381 66 hétéroclites,
1568 1327 38 53 il
1661 1346 29 33 a
1733 1327 182 53 réussi
1977 1332 29 47 à
2060 1345 99 35 con-

184 1407 208 53 struire
415 1423 79 37 un
513 1425 173 53 orgue
712 1407 369 65 mirobolant,
1105 1421 80 37 un
1201 1404 272 54 véritable
1493 1421 174 53 orgue
1703 1404 67 52 de
1811 1403 383 53 cathédrale...

753 1502 98 52 pas
876 1484 52 51 la
954 1481 261 54 nouvelle
1241 1482 20 51 ?
1280 1482 44 52 Il
1346 1498 38 54 y
1404 1500 30 33 a
1446 1493 271 60 pourtant
1745 1481 127 69 plus
1892 1481 136 53 d'un
2053 1479 143 54 mois

183 1563 68 51 de
289 1575 163 39 notre
491 1561 332 53 calendrier.
860 1558 153 58 C'est
1041 1558 122 55 vrai
1196 1576 108 53 que
1330 1576 142 37 vous
1516 1564 117 47 êtes
1660 1557 45 53 si
1732 1558 318 53 casanier...

254 1638 249 53 ROSSINI.
632 1637 92 53 Eh
747 1643 7 47 !
785 1655 170 35 mone
988 1652 109 47 cer,
1123 1651 107 35 one
1265 1647 85 41 est
1375 1633 47 55 si
1448 1634 133 54 bién
1606 1652 93 36 cez
1726 1633 101 53 soi.

253 1717 207 51 AUBER.
581 1714 77 52 Et
682 1713 147 71 puis,
875 1732 70 36 au
971 1724 512 54 commencement,
1520 1710 38 54 il
1592 1710 135 54 était
1752 1712 191 70 plutôt
1980 1710 180 54 embar-

183 1794 152 50 rassé
367 1806 147 53 pour
538 1789 49 51 le
618 1789 140 52 faire
791 1789 277 54 marcher.
1091 1790 255 68 Marsyas
1387 1788 321 71 empêchait
1769 1787 284 72 Olympos
2107 1788 89 70 d'y

185 1877 316 49 retourner,
526 1877 73 54 et,
626 1878 168 39 avant
811 1882 110 53 que
960 1877 86 39 cet
1070 1864 343 55 hustuberlu
1440 1865 69 51 de
1550 1865 288 52 Franck...

259 1943 248 53 ROSSINI.
637 1942 263 53 Frannke
926 1944 100 51 ?cé
1081 1958 172 56 grane
1304 1940 254 55 moussié
1597 1945 30 50 à
1652 1939 252 56 favouris
1944 1942 137 69 qu'il
2105 1945 61 49 ré-

187 2019 172 70 gardé
392 2030 272 41 touzours
700 2036 104 35 ane
832 2017 160 53 l'air?

254 2097 207 52 AUBER.
599 2094 155 55 C'est
786 2113 62 51 ça
881 2097 186 49 même
1092 2108 13 38 :
1135 2112 134 35 avec
1293 2095 99 52 des
1415 2094 302 71 pantalons
1751 2105 127 59 trop
1905 2107 208 42 courts.
2151 2094 45 51 Il

187 2174 129 52 s'est
341 2170 281 55 constitué
649 2188 104 36 son
778 2171 275 54 souffleur
1077 2189 70 37 en
1168 2170 151 73 pied.
1347 2170 239 71 Depuis,
1620 2188 60 34 ce
1708 2171 184 53 Bâche
1912 2170 127 69 joue
2071 2184 125 38 tous

187 2251 80 51 les
300 2249 154 67 jours
475 2262 72 53 et,
583 2249 193 70 quand
809 2249 79 52 les
922 2250 236 52 damnés
1183 2250 77 52 du
1284 2249 237 52 Tartare
1547 2248 161 52 n'ont
1735 2267 99 52 pas
1859 2262 127 56 trop
2003 2248 191 70 pleuré

188 2325 53 53 la
263 2324 165 53 veille
454 2337 54 40 et
541 2342 109 50 que
689 2324 50 53 le
761 2337 188 58 temps
974 2339 84 39 est
1081 2343 109 47 sec,
1215 2343 75 34 on
1330 2324 247 53 l'entend
1610 2321 283 74 jusqu'ici.

264 2403 249 50 ROSSINI.
649 2399 79 56 Cé
753 2405 70 47 né
848 2404 92 49 mé
966 2401 276 52 sammblé
1284 2418 101 53 pas
1439 2404 114 48 très
1596 2400 128 53 zoli.
1756 2401 46 52 Il
1832 2401 93 70 n'y
1949 2419 29 33 a
2006 2418 98 53 pas
2130 2401 66 52 dé

190 2476 353 55 méloudie...
569 2476 91 54 Eh
691 2481 9 47 !
726 2476 59 54 ni
811 2476 534 71 d'accompagnéma
1377 2494 149 34 none
1550 2476 169 70 plous
1750 2484 57 46 !..
1846 2476 224 69 Qué?...

260 2556 208 51 AUBER.
595 2552 154 55 C'est
772 2570 112 37 une
909 2554 169 70 fugue
1110 2570 11 40 :
1149 2554 37 52 il
1227 2570 69 36 ne
1319 2554 130 67 joue
1483 2572 109 52 que
1625 2572 79 50 ça.

263 2631 247 52 ROSSINI.
640 2630 298 53 Touzours
952 2635 111 64 qué
1084 2631 99 52 des
1209 2630 240 70 fougues
1479 2636 9 46 !
1516 2627 151 56 C'est
1727 2630 132 53 bién
1900 2630 293 53 courioux.

193 2706 79 56 Cé
298 2706 120 53 doit
444 2709 116 50 être
607 2723 150 36 oune
783 2706 273 53 anciénne
1081 2706 246 71 prémier
1357 2705 126 71 prix
1521 2707 68 52 dé
1624 2706 502 55 Counsérvatoire.

260 2786 207 51 AUBER.
493 2813 71 10 —
603 2785 155 53 Pour
802 2801 80 52 ça,
913 2789 142 48 non!
1092 2784 238 71 D'après
1356 2782 338 70 Chérubini,
1751 2785 48 52 le
1844 2785 348 53 bonhomme

193 2860 183 53 aurait
397 2861 98 52 des
517 2860 395 71 dispositions,
950 2860 145 53 mais
1116 2862 135 51 c'est
1269 2860 351 63 incohérent,
1641 2861 236 71 braque,
2006 2875 54 38 et
2093 2879 95 52 pas

193 2955 147 52 pour
361 2955 80 36 un
466 2937 137 54 liard
631 2939 67 52 de
720 2937 221 55 métier.
964 2939 208 63 Même,
1203 2939 240 69 Halévy,
1472 2937 98 70 qui
1597 2940 82 68 s'y
1699 2940 249 66 connaît,
1976 2940 216 51 déclare

195 3031 108 52 que
331 3031 61 33 ce
419 3013 292 69 garçon-là
734 3015 90 49 n'a
849 3011 200 69 jamais
1081 3033 66 34 su
1175 3013 172 54 écrire
1379 3031 113 36 une
1517 3015 191 70 fugue.
1749 3015 374 62 Néanmoins,
2155 3013 36 53 il

193 3109 34 52 y
253 3107 30 33 a
326 3088 70 54 ici
432 3091 97 51 des
561 3106 137 54 gens
731 3090 99 70 qui
871 3090 323 53 l'admirent
1237 3107 131 36 avec
1393 3091 326 63 exaltation,
1761 3106 54 38 et
1840 3091 48 69 je
1923 3091 123 55 dois
2079 3091 115 53 dire

195 3184 110 53 que
345 3166 123 53 leur
491 3166 239 53 nombre
753 3184 69 35 ne
851 3166 100 54 fait
973 3168 453 70 qu'augmenter.

267 3245 247 52 ROSSINI.
532 3273 67 11 —
627 3242 362 71 Cependane,
1018 3261 110 37 one
1154 3248 69 49 né
1255 3248 67 66 pé
1345 3247 171 67 guéré
1543 3243 291 56 discouter
1867 3246 291 70 lacoumpé-

195 3325 157 48 tèncé
378 3322 69 51 dé
482 3321 431 66 Froumènthal,
956 3321 136 71 qu'il
1125 3340 31 34 a
1208 3322 99 52 fait
1340 3322 49 51 lé
1439 3321 232 54 famoux
1700 3323 196 52 Traité
1942 3323 68 52 dé
2053 3322 108 55 Ché-

197 3397 294 55 roubini...

263 3478 204 49 AUBER.
593 3472 427 69 Evidemment,
1060 3474 230 54 n'est-ce
1324 3474 131 70 pas?
1490 3476 157 53 Pour
1683 3476 133 67 moi,
1849 3494 90 34 ces
1972 3476 191 53 choses-

194 3551 52 50 là
279 3551 398 70 m'échappent
703 3567 80 36 un
805 3568 131 53 peu,
971 3551 50 67 je
1046 3552 50 52 le
1117 3552 256 53 confesse
1410 3567 11 38 :
1459 3552 132 52 c'est
1618 3566 129 57 trop
1777 3567 214 38 savant.
2032 3553 63 52 Je
2128 3567 65 34 ne

194 3628 150 52 m'en
377 3627 118 53 suis
521 3627 199 68 jamais
753 3628 296 69 beaucoup
1087 3632 211 66 occupé
1326 3628 204 53 là-bas.

267 3704 247 54 ROSSINI.
538 3703 210 56 —Oh!
775 3704 116 54 moi
917 3721 150 37 none
1100 3706 188 68 plous,
1323 3722 142 36 vous
1493 3723 183 36 savez.

265 3782 205 52 AIJBER.
592 3782 90 52 Eh
703 3781 132 53 bien
857 3787 12 48 !
894 3798 146 37 nous
1067 3798 175 37 avons
1280 3788 279 63 peut-être
1582 3801 69 35 eu
1677 3795 136 54 tort,
1840 3782 250 54 Rossini.
2122 3781 71 50 Le
