2301 4079
756 238 161 30 REVUE
953 241 62 27 DE
1052 242 55 27 LA
1144 242 263 35 QUINZAINE

1971 238 84 51 643

91 434 180 41 cations
306 436 280 43 intéressées
609 441 125 41 aussi
753 455 92 41 peu
870 458 89 40 que
999 446 61 39 du
1098 446 132 54 génie
1261 447 219 54 poétique
1519 447 55 42 de
1613 448 63 41 M.
1706 449 202 53 Jacques
1937 449 92 39 Nor-

90 496 162 42 mand.
288 511 21 26 »

148 559 62 38 Le
245 559 104 52 plus
405 559 87 54 gai,
543 562 109 40 c'est
692 578 89 39 que
824 565 67 41 les
939 568 219 53 critiques
1209 569 281 42 eux-mêmes
1543 581 104 31 sont
1699 570 219 55 critiqués
1947 585 8 36 ;
1999 571 60 40 tel

92 619 62 40 M.
182 620 409 51 Ernest-Charles,
621 637 75 26 sur
715 625 40 40 le
779 636 184 45 compte
990 630 55 39 de
1071 630 77 52 qui
1175 630 62 40 M.
1270 632 101 38 Van
1398 632 143 40 Bever
1560 646 118 26 nous
1701 632 134 41 édifie
1869 635 23 37 à
1914 633 145 53 grand

88 681 176 40 renfort
287 682 299 42 d'anecdotes
617 685 238 42 acidulées
883 701 7 25 :
922 706 20 20 «
974 690 71 39 Un
1078 691 103 52 jour
1207 704 59 26 on
1289 691 64 40 lui
1379 692 65 39 dit
1470 706 9 26 :
1505 693 128 40 Vous
1659 693 182 41 devriez
1864 693 110 40 faire
1995 707 64 26 un

90 741 159 41 article
276 757 77 26 sur
376 743 152 40 Ribot.
623 747 90 50 Qui
736 761 51 38 ça
816 748 165 41 Ribot?
999 751 40 39 le
1079 752 168 52 député
1272 752 17 41 ?
1382 753 123 49 Non,
1532 753 40 41 le
1598 754 346 53 philosophe.—
1971 754 35 39 Il
2032 769 26 39 y

89 816 24 26 a
139 803 121 41 donc
279 818 64 26 un
379 804 282 56 philosophe
684 809 78 53 qui
785 809 219 54 s'appelle
1028 813 137 40 Ribot
1188 812 17 40 ?
1322 815 389 40 Ernest-Charles
1746 815 247 53 l'ignorait.
2021 815 35 39 Il

89 877 181 33 envoya
309 879 64 26 un
407 867 54 39 de
489 881 73 26 ses
586 870 269 40 secrétaires
882 875 92 46 (car
999 872 31 40 il
1083 874 100 39 ade
1230 875 261 39 nombreux
1517 876 285 52 secrétaires)
1850 875 156 53 copier
2032 879 22 36 à

93 925 44 41 la
163 926 333 54 Bibliothèque
545 929 248 42 Nationale
833 931 42 41 la
911 933 101 41 liste
1060 935 78 39 des
1186 948 183 28 œuvres
1413 936 54 40 de
1517 937 154 50 Ribot,
1721 946 43 30 et
1808 950 62 26 un

87 987 196 49 ensuite,
317 988 64 40 les
408 989 187 41 acheter
632 991 111 41 chez
767 993 165 43 Alcan.
967 995 70 40 En
1061 995 115 40 trois
1215 996 126 53 jours
1388 996 29 40 il
1459 997 65 40 les
1550 997 68 40 lut
1649 1007 43 31 et
1716 997 30 40 il
1790 997 160 42 écrivit
1993 1011 63 26 un

86 1048 176 42 article.
287 1062 22 27 »

140 1109 117 41 Mais
290 1110 65 41 les
381 1110 199 43 lecteurs
607 1114 61 40 du
719 1116 212 39 Mercure
956 1117 194 40 musical
1167 1117 372 42 s'intéresseront
1578 1128 182 31 surtout
1797 1133 89 27 aux
1924 1119 106 54 juge-

88 1180 149 31 ments
260 1172 157 53 portés
438 1186 78 26 sur
559 1173 43 41 la
623 1175 214 54 musique
864 1189 79 40 par
967 1177 64 41 les
1051 1178 296 43 littérateurs.

144 1232 216 40 L'auteur
407 1232 54 42 de
489 1234 41 40 la
553 1234 284 56 Symphonie
857 1251 105 26 avec
999 1239 177 40 chœurs
1201 1240 96 41 doit
1341 1254 46 27 se
1428 1250 242 31 contenter
1706 1242 27 39 d
1750 1255 90 27 une
1879 1241 175 54 unique

87 1291 191 42 citation
304 1293 55 40 de
386 1294 63 41 M.
478 1295 161 54 Henry
664 1298 244 40 Bordeaux
935 1312 7 24 :
979 1317 18 19 «
1024 1300 121 40 C'est
1178 1301 36 39 si
1234 1301 132 49 beau,
1390 1302 136 40 disait
1553 1302 282 50 Beethoven,
1858 1302 54 40 de
1930 1302 124 41 vivre

85 1353 125 41 mille
227 1353 88 41 fois
343 1354 41 40 la
410 1355 70 41 vie
503 1356 7 39 !
556 1358 124 39 Tout
710 1358 144 53 grand
881 1359 156 41 artiste
1071 1361 97 40 doit
1198 1362 124 40 vivre
1349 1363 125 40 mille
1501 1363 89 40 fois
1615 1363 43 40 la
1684 1363 85 40 vie.
1797 1377 22 26 »

141 1415 62 39 M.
235 1415 193 42 Camille
457 1418 242 50 Mauclair,
720 1418 78 53 qui
825 1420 154 41 étudie
1018 1422 41 39 la
1086 1422 213 53 musique
1323 1436 55 26 en
1417 1422 152 54 poète,
1602 1425 103 52 juge
1749 1425 41 38 la
1813 1423 161 54 poésie
1997 1437 56 26 en

86 1476 213 54 musique
320 1493 8 24 :
355 1491 20 25 «
403 1478 94 39 Mes
523 1491 103 28 vers
648 1488 98 31 sont
789 1481 78 39 des
894 1495 99 26 vers
1027 1482 55 40 de
1109 1482 277 48 mélomane,
1432 1496 50 27 ce
1534 1493 105 30 sont
1668 1484 80 39 des
1785 1483 243 54 improvisa-

85 1546 124 30 tions
237 1550 76 27 sur
339 1538 80 40 des
449 1539 205 53 rythmes
682 1540 54 40 de
774 1541 275 41 Schumann
1089 1557 20 25 »
1158 1545 62 38 Ce
1247 1544 147 40 même
1426 1544 263 41 mélomane
1729 1544 161 41 estime
1915 1545 138 53 qu'on

86 1597 98 40 doit
216 1599 129 53 juger
379 1613 60 26 un
466 1600 92 40 lied
605 1614 181 27 comme
832 1617 64 26 un
937 1603 184 41 tableau
1151 1618 7 26 :
1188 1621 19 20 «
1244 1604 34 39 Il
1317 1603 98 41 faut
1454 1605 135 53 qu'en
1624 1605 277 40 s'adressant
1928 1606 22 38 à
1990 1618 63 27 un

85 1658 242 47 musicien,
352 1660 39 40 le
417 1661 198 54 critique
642 1662 157 52 puisse
826 1663 64 41 lui
917 1664 95 41 dire
1038 1678 56 27 en
1121 1665 65 40 lui
1209 1674 234 31 montrant
1466 1679 63 26 un
1555 1665 224 42 Whistler
1808 1680 7 26 :
1846 1667 123 39 C'est
1990 1667 63 40 du

87 1719 291 43 Schumann.
414 1737 20 22 »

137 1782 51 40 Je
222 1795 56 27 ne
302 1783 181 52 perdrai
506 1796 80 40 pas
631 1798 109 27 mon
762 1794 148 45 temps
955 1787 24 39 à
1014 1787 248 40 conseiller
1308 1801 57 26 au
1393 1787 272 54 symboliste
1694 1797 164 31 auteur
1883 1789 53 40 de
1976 1801 75 27 ces

83 1841 146 54 lignes
256 1843 41 40 la
329 1843 174 42 lecture
527 1845 54 40 de
600 1846 42 39 la
664 1847 206 55 Logique
892 1848 75 40 des
990 1850 266 38 sentiments
1279 1862 81 40 par
1376 1849 63 39 M.
1465 1848 153 45 Ribot,
1637 1849 119 41 celui
1775 1849 278 55 qu'ignorait

84 1903 62 40 M.
182 1905 385 41 Ernest-Charles
593 1921 9 36 ;
631 1907 40 53 je
699 1907 114 40 dirai
844 1909 258 40 seulement
1124 1923 8 27 :
1165 1911 85 39 Les
1286 1923 100 28 vers
1409 1911 56 39 de
1488 1911 62 38 M.
1593 1911 228 40 Mauclair
1846 1911 125 40 étant
1991 1911 61 40 du

83 1965 288 51 Schumann,
395 1975 43 31 et
464 1966 268 42 Schumann
755 1969 125 40 étant
904 1970 98 53 égal
1029 1972 22 38 à
1071 1971 239 51 Whistler,
1338 1971 86 54 j'en
1450 1971 190 41 conclus
1661 1985 88 39 que
1770 1974 58 38 M.
1859 1972 192 41 Camille

85 2025 226 40 Mauclair
334 2036 68 31 est
427 2041 90 26 une
543 2027 203 42 manière
769 2030 54 39 de
845 2031 237 41 Whistler.
1112 2033 72 39 On
1211 2031 221 41 s'instruit
1456 2041 104 31 tous
1600 2032 65 40 les
1689 2034 141 51 jours.

143 2088 163 40 Tandis
340 2102 88 40 que
449 2090 291 40 José-Maria
765 2092 54 39 de
848 2091 204 42 Hérédia
1076 2103 196 44 regrette
1299 2092 260 41 l'influence
1595 2094 231 54 mystique
1863 2095 54 40 de
1939 2097 74 39 Wa-

82 2161 113 40 gner
221 2162 76 26 sur
324 2163 22 27 «
372 2150 287 48 Verhaeren,
696 2152 145 40 Henri
871 2152 54 40 de
974 2154 212 54 Régnier,
1230 2154 336 48 Viélé-Griffin,
1602 2155 199 41 Gustave
1849 2156 134 40 Kahn
2011 2172 37 36 »,

82 2208 110 54 qu'il
215 2210 182 40 déclare
424 2220 105 31 tous
556 2220 161 44 quatre
744 2230 21 19 «
798 2213 160 53 poètes
991 2215 54 40 de
1070 2215 144 40 talent
1242 2215 111 48 »,M.
1381 2215 190 41 Charles
1600 2216 176 40 Morice
1800 2217 138 52 opine
1961 2231 88 40 que

82 2269 163 41 l'école
264 2272 327 53 wagnérienne
617 2283 76 31 eut
720 2274 60 40 du
800 2274 119 52 bon;
946 2275 132 53 mais,
1104 2275 268 53 ajoute-t-il,
1393 2277 88 40 elle
1505 2278 112 39 dure
1642 2286 103 45 trop
1771 2277 278 55 longtemps,

83 2332 231 40 s'attarde.
343 2366 8 7 .

140 2393 192 53 Hugues
360 2394 177 51 Rebell,
565 2410 18 23 «
612 2408 52 28 ce
710 2398 144 51 grand
876 2398 135 52 jeune
1047 2398 187 40 homme
1284 2399 288 53 voluptueux
1618 2413 87 26 aux
1748 2399 169 41 allures
1946 2400 72 41 dis-

82 2453 146 41 crètes
254 2469 38 35 »,
316 2455 201 40 trouvait
543 2472 20 21 «
592 2457 81 40 des
697 2471 219 40 passages
935 2459 124 40 aussi
1086 2460 149 40 beaux
1261 2473 88 41 que
1383 2460 198 40 certains
1608 2461 55 40 de
1691 2460 216 41 Mozart»
1935 2462 113 40 dans

81 2523 72 32 cet
175 2513 261 43 Ofïenbach
449 2517 141 51 qu'un
609 2518 239 53 épistolier
873 2519 179 49 sémite,
1078 2521 114 40 mais
1221 2533 245 42 anonyme,
1489 2523 61 39 du
1573 2525 209 37 Mercure
1799 2523 54 40 de
1872 2523 177 40 France

80 2576 227 53 reproche
333 2576 256 54 aigrement
621 2580 24 39 à
664 2580 64 41 M.
755 2580 161 54 Henry
938 2581 313 41 Gauthier-Vil
1262 2582 88 40 lars
1376 2582 174 41 d'avoir
1581 2582 202 54 étiqueté
1818 2599 18 21 «
1872 2584 177 53 youpin

79 2636 177 54 périmé
289 2651 38 26 ».

138 2698 288 41 M.Fernand
444 2700 301 54 Gregh(àqui
769 2702 459 42 M.Mauclairrefuse
1245 2711 101 31 tout
1370 2703 159 53 talent)
1545 2716 46 27 se
1618 2703 226 40 demande
1861 2717 21 27 «
1905 2716 115 40 pour-

81 2758 112 54 quoi
221 2768 131 32 notre
377 2761 159 52 poésie
560 2775 54 26 ne
642 2761 189 41 suivrait
861 2776 80 39 pas
988 2762 271 41 l'évolution
1307 2764 55 39 de
1388 2764 40 39 la
1458 2763 214 53 musique
1719 2763 78 53 qui
1833 2772 68 31 est
1933 2764 114 40 allée

78 2820 214 53 toujours
332 2834 57 26 en
423 2834 46 27 se
515 2821 215 52 libérant,
784 2823 164 53 depuis
1004 2823 41 40 le
1095 2824 288 52 plain-chant
1428 2824 180 54 jusqu'à
1636 2825 217 53 Debussy
1873 2841 20 21 »
1921 2826 6 38 !
1958 2826 89 38 Car

79 2881 43 40 la
148 2880 248 41 confusion
424 2882 79 40 des
525 2883 120 39 deux
670 2883 161 40 modes
857 2883 318 54 d'expression
1208 2884 258 54 esthétique
1510 2894 67 31 est
1619 2885 141 40 chose
1815 2894 227 32 courante

80 2942 111 40 chez
232 2942 65 40 les
332 2960 20 20 «
388 2956 226 40 penseurs
640 2957 22 27 »
690 2944 55 40 de
769 2944 41 40 la
835 2945 136 51 jeune
997 2944 287 54 génération.

137 3004 89 39 Sur
250 3003 41 40 la
315 3005 167 39 Louise
506 3004 55 40 de
590 3005 201 41 Gustave
817 3005 321 54 Charpentier,
1165 3005 65 41 les
1254 3005 218 53 opinions
1499 3005 272 55 divergent:
1803 3007 43 39 M
1915 3008 97 39 Mau-

78 3064 93 40 rice
198 3065 61 39 Le
297 3064 148 42 Blond
466 3066 41 39 la
528 3066 179 53 préfère
730 3083 18 20 «
777 3080 86 26 aux
888 3066 259 54 princesses
1193 3066 179 53 glacées
1404 3068 108 38 d'un
1555 3068 199 40 Gustave
1786 3068 194 40 Moreau
2004 3085 40 34 »,

76 3125 152 41 tandis
255 3139 89 41 que
372 3127 62 40 M.
469 3128 157 39 Stuart
652 3127 176 40 Merrill
856 3141 26 26 n
900 3141 28 40 y
946 3127 110 47 voit,
1084 3141 22 26 «
1133 3127 170 54 malgré
1329 3127 374 41 l'incontestable
1746 3127 145 41 talent
1941 3142 68 26 mu-

80 3186 109 40 sical
214 3188 54 39 de
291 3188 60 40 M.
376 3187 322 54 Charpentier,
747 3189 170 52 qu'une
955 3186 333 55 transcription
1335 3188 55 41 de
1429 3188 187 41 Tristan
1659 3196 42 32 et
1733 3188 155 41 Yseult
1925 3202 121 40 pour

78 3247 273 55 concierges
380 3264 37 25 ».

134 3309 168 49 Quand
326 3322 119 26 nous
469 3310 196 39 sera-t-il
698 3309 153 40 donné
878 3310 54 39 de
958 3309 81 40 lire
1063 3322 63 27 un
1148 3308 207 55 florilège
1376 3309 77 40 des
1473 3310 259 53 jugements
1764 3311 156 52 portés
1964 3325 81 39 par

75 3370 66 40 les
170 3368 258 41 musiciens
475 3383 76 26 sur
597 3370 67 40 les
686 3370 280 40 littérateurs
993 3369 17 41 ?

1444 3431 39 41 J.
1509 3432 257 40 D'AUTREY.

135 3551 124 39 C'est
302 3563 93 28 une
435 3551 267 41 traduction
748 3551 221 54 intégrale
997 3552 79 39 des
1120 3551 157 40 lettres
1324 3564 166 40 parues
1538 3551 377 54 précédemment
1951 3569 86 39 que

81 3612 61 39 M.
169 3612 53 40 G.
250 3610 214 56 Khnopfif
484 3621 180 31 soumet
697 3612 293 54 aujourd'hui
1014 3626 54 26 au
1094 3612 157 54 public
1277 3612 216 40 français.
1523 3613 211 40 L'œuvre
1762 3614 54 40 de
1841 3615 202 54 Wagner

80 3681 68 30 est
172 3673 187 53 publiée
403 3686 109 28 avec
543 3687 62 26 un
650 3673 129 40 souci
806 3682 215 32 constant
1061 3673 54 40 de
1168 3672 143 41 vérité
1350 3682 43 31 et
1429 3672 55 40 de
1528 3673 158 52 clarté,
1732 3674 35 41 si
1800 3675 191 43 difficile
2019 3678 23 40 à

80 3734 210 39 soutenir
316 3734 115 40 dans
463 3748 91 27 une
600 3748 139 39 prose
783 3736 55 40 de
864 3743 117 33 cette
1031 3734 181 53 espèce.
1242 3733 99 41 Elle
1365 3743 69 31 est
1484 3734 250 53 complète,
1769 3737 273 43 c'est-à-dire
