2301 4079
235 166 90 52 6Ï4

935 175 59 30 LE
1030 174 241 31 MERCURE
1305 173 218 32 MUSICAL

239 380 255 50 Thomas
522 389 53 39 et
608 376 250 66 Delibes,
900 375 98 71 qui
1029 375 265 55 venaient
1330 393 143 35 vous
1509 380 293 65 présenter
1843 377 151 51 leurs
2036 394 186 53 respec-

240 469 173 37 tueux
465 452 392 70 hommages...
905 452 77 52 Ils
1037 451 384 55 souhaitaient
1472 452 353 55 vivement...
1871 452 106 52 J'ai
2029 454 120 69 pris
2205 455 47 52 la

239 531 198 51 liberté
472 531 66 51 de
571 530 79 51 les
683 529 269 54 retenir...

306 609 279 50 WAGNER.
608 637 67 7 —•
706 607 159 52 Vous
893 624 130 34 avez
1069 606 114 52 fort
1215 606 132 52 bien
1392 607 120 68 fait,
1556 607 133 54 cher
1738 609 133 52 ami.
1916 606 332 66 Messieurs,

235 700 170 52 soyez
438 684 79 49 les
546 682 314 52 bienvenus
902 682 134 52 chez
1059 684 279 68 Wagner.

305 764 205 48 AUBER.
642 760 168 52 Voilà
835 776 79 37 un
946 774 185 56 temps
1164 760 162 53 infini
1360 760 168 71 qu'ils
1556 777 69 36 en
1643 761 295 71 grillaient
1971 762 278 55 d'envie...

240 835 348 64 Seulement,
628 836 69 51 ils
747 849 128 39 sont
912 854 81 35 un
1031 854 107 52 peu
1180 836 231 53 timides
1454 852 11 37 :
1515 836 70 52 ils
1619 837 281 54 n'osaient
1939 856 160 52 pas...
2152 857 100 53 par

236 912 329 52 discrétion.

305 991 280 51 WAGNER.
703 990 75 50 Et
822 988 285 70 pourquoi
1138 991 19 51 ?
1206 988 209 69 Suis-je
1464 992 145 51 donc
1643 992 46 52 si
1722 993 231 52 terrible
1976 995 19 49 ?
2036 995 64 50 Je
2135 992 115 55 suis

237 1065 253 53 heureux
522 1077 52 40 et
606 1066 116 65 fier,
759 1065 329 66 Messieurs,
1119 1066 214 53 d'offrir
1366 1071 30 48 à
1427 1086 101 33 vos
1561 1068 204 52 talents
1810 1068 242 69 français
2076 1070 145 52 l'hos-

236 1141 217 71 pitalité
486 1143 75 52 du
595 1142 164 67 génie
790 1143 279 52 allemand
1096 1161 68 34 en
1197 1145 117 52 l'un
1356 1146 98 51 des
1495 1146 128 68 plus
1657 1146 183 54 beaux
1863 1146 155 70 jours
2052 1148 66 51 de
2152 1165 91 34 ma

235 1218 148 54 vie...

303 1297 206 51 AUBER.
641 1296 160 52 Hum
825 1302 73 47 !...

303 1373 280 52 WAGNER.
602 1402 70 8 —
706 1372 251 54 Hein?...
987 1373 158 53 Vous
1180 1373 194 67 disiez,
1403 1374 194 54 Auber
1622 1377 19 49 ?

306 1449 204 52 AUBER.
656 1448 159 52 Moi?
861 1447 165 68 Rien,
1067 1449 183 55 rien...
1289 1449 288 69 Toujours
1614 1467 93 37 ma
1758 1452 299 71 laryngite,
2105 1472 140 36 vous

237 1542 220 36 savez...
488 1524 165 65 Mais,
681 1524 143 52 dites
851 1526 166 64 donc,
1046 1526 132 53 cher
1200 1527 132 66 ami,
1370 1546 141 35 vous
1539 1546 130 35 avez
1691 1528 124 52 l'air
1848 1534 233 63 enroué,
2105 1550 139 35 vous

237 1602 172 52 aussi.

306 1679 184 51 LISZT.
626 1677 136 67 Oui,
797 1691 61 40 tu
891 1679 183 69 parles
1115 1697 245 55 presque
1392 1700 223 35 comme
1641 1683 213 67 Auber,
1887 1684 267 54 Richard.
2183 1687 61 52 Je

237 1753 116 52 suis
394 1758 96 47 sûr
522 1772 109 49 que
664 1767 60 39 tu
752 1773 58 32 as
846 1760 216 65 attrapé
1096 1774 110 33 une
1236 1757 309 53 extinction
1578 1760 66 51 de
1676 1759 148 54 voix.

303 1830 278 52 WAGNER.
716 1830 52 51 A
792 1830 51 51 la
869 1830 196 68 vérité,
1100 1829 49 69 je
1175 1851 91 34 me
1290 1852 130 34 sens
1446 1852 78 34 un
1552 1853 109 52 peu
1695 1837 144 53 las...

302 1907 258 52 THOMAS.
578 1938 68 7 —
672 1908 491 53 Permettez-nous
1190 1912 67 50 de
1286 1913 243 67 prendre
1556 1918 196 66 congé,
1780 1913 219 54 illustre
2017 1917 222 66 Maître,

235 1983 112 51 afin
380 2000 108 51 que
542 2000 141 35 vous
730 1983 248 70 puissiez
1017 1988 245 67 prendre
1300 1988 49 51 le
1390 2004 167 54 repos
1604 1990 138 52 dont
1784 2008 139 36 vous
1962 1992 281 68 paraissez

236 2063 279 66 éprouver
540 2077 78 35 un
644 2060 199 52 besoin
879 2075 204 56 urgent
1124 2075 52 39 et
1209 2064 300 53 manifeste
1549 2079 197 40 autant
1771 2084 110 51 que
1909 2069 329 53 nécessaire.

302 2136 281 52 WAGNER.
750 2136 218 70 Croyez
1008 2157 108 51 que
1168 2138 295 72 j'apprécie
1497 2155 156 40 toute
1702 2144 49 51 la
1806 2144 329 55 délicatesse
2175 2148 65 51 de

232 2225 158 40 votre
421 2213 380 69 proposition,
830 2215 296 52 Monsieur
1159 2216 47 51 le
1242 2218 328 70 Directeur;
1606 2219 49 69 je
1688 2238 141 36 vous
1857 2238 69 36 en
1953 2224 285 53 remercie.

234 2290 91 50 En
348 2289 185 53 effet...
569 2289 165 65 Mais,
769 2289 235 71 j'espère
1039 2291 131 52 bien
1211 2294 125 68 qu'à
1361 2294 51 52 la
1445 2295 306 69 prochaine
1775 2298 324 56 occasion...

302 2368 205 52 AUBER.
626 2365 446 70 Certainement,
1102 2371 429 68 certainement,
1559 2370 47 69 je
1631 2392 142 34 vous
1801 2375 78 52 les
1905 2378 331 53 ramènerai.

231 2444 90 51 Au
355 2441 205 67 revoir,
598 2444 132 51 cher
754 2442 131 54 ami.
914 2444 414 71 Soignez-vous
1355 2463 10 37 :
1389 2450 75 51 du
1487 2449 174 52 bâton
1688 2451 66 51 de
1782 2453 252 68 réglisse,
2061 2467 175 53 tenez,

232 2520 131 49 c'est
397 2519 315 53 souverain.
749 2522 51 50 A
832 2521 236 54 bientôt.

298 2595 278 53 WAGNER.
752 2596 205 67 Adieu,
1016 2599 326 67 Messieurs,
1396 2601 224 55 adieu...
1686 2604 394 68 Décidément,
2152 2625 86 35 ces

234 2671 266 67 Français
535 2685 128 38 sont
696 2674 96 49 des
816 2690 136 52 gens
984 2674 325 54 charmants
1343 2691 11 37 :
1392 2677 263 69 toujours
1683 2681 137 52 d'un
1853 2695 172 42 tact...

300 2747 203 54 AUBER.
645 2749 145 50 Mais
830 2750 115 66 oui,
997 2750 37 52 il
1072 2765 186 39 rentre
1314 2756 28 48 à
1387 2754 50 52 la
1470 2754 281 57 minute...
1787 2759 261 70 Wagner
2076 2766 7 45 !
2112 2761 126 50 c'est

231 2822 286 71 Olympos
551 2825 98 68 qui
674 2844 141 33 vous
849 2827 300 52 demande.

298 2902 276 52 WAGNER.
601 2931 69 13 —•
702 2901 283 72 Olympos
1015 2906 74 52 ?...
1119 2907 84 50 Va
1225 2907 145 52 donc
1396 2909 142 64 voir,
1570 2928 162 52 papa.
1758 2911 139 65 Moi,
1929 2914 47 66 je
2001 2931 66 35 ne
2095 2914 141 53 tiens

230 2977 128 69 plus
390 2978 277 52 debout...
703 2980 92 50 Eh
822 2980 130 52 bien
980 2982 18 51 ?

302 3053 183 52 LISZT.
615 3053 43 54 C
684 3067 83 40 est
795 3055 291 71 singulier,
1116 3076 57 34 ce
1206 3058 137 70 petit
1368 3060 350 72 Olympos...
1747 3065 64 51 Je
1839 3083 66 34 ne
1934 3067 179 52 savais
2141 3086 94 51 pas

232 3130 135 69 qu'il
396 3131 206 68 parlait
635 3131 251 56 italien...
933 3135 253 69 Presque
1223 3154 129 34 sans
1389 3152 212 52 accent,
1638 3157 93 36 ma
1769 3142 77 52 foi
1878 3149 8 44 !
1926 3143 44 51 Il
2005 3157 230 58 apporte

228 3222 111 36 une
367 3206 174 53 caisse
568 3224 147 53 pour
739 3210 142 53 toi...
916 3229 26 33 «
1697 3229 108 50 per
1963 3212 42 52 il
2092 3212 160 70 signo
2036 3239 25 33 »

297 3283 278 55 WAGNER.
696 3283 283 73 Olympos
1003 3288 81 54 ?...
1123 3287 152 55 C'est
1309 3291 66 51 de
1402 3291 256 54 Phidias.

300 3361 184 52 LISZT.
616 3362 139 69 Déjà
785 3368 9 47 !
834 3364 45 51 Il
904 3382 29 35 a
966 3382 68 36 eu
1059 3366 112 52 vite
1196 3366 121 53 fait.

296 3437 279 53 WAGNER.
616 3438 226 55 —Oh!
880 3458 86 35 ces
1003 3441 173 54 Grecs
1210 3458 130 39 sont
1359 3446 167 52 d'une
1551 3446 245 54 habileté
1822 3456 75 47 !...

298 3514 184 52 LISZT.
608 3516 46 50 Il
695 3533 68 35 en
787 3517 149 53 avait
968 3536 129 34 sans
1131 3521 171 52 doute
1330 3540 69 33 en
1431 3524 277 69 magasin.

296 3591 280 54 WAGNER.
692 3593 75 52 Ils
796 3607 130 39 sont
943 3594 192 55 inouïs
1162 3603 75 47 !...
1263 3599 92 51 Tu
1380 3598 338 73 n'imagines
1746 3621 161 51 pas...
1949 3606 89 51 Eh
2065 3606 126 52 bien
2220 3611 6 44 !

227 3665 144 53 mais
396 3685 60 34 ce
479 3669 142 52 n'est
648 3687 97 52 pas
773 3671 51 52 la
849 3672 166 70 peine
1043 3674 66 51 de
1136 3673 207 53 défaire
1385 3677 47 51 le
1469 3691 229 56 paquet,
1733 3679 173 54 hein?
1947 3682 151 55 C'est
2123 3686 107 48 très

227 3757 371 53 proprement
631 3748 259 52 emballé.
933 3748 80 70 Ça
1046 3752 258 67 pourrait
1337 3752 220 54 abîmer
1580 3756 49 52 le
1662 3757 233 68 papier;
1925 3772 53 38 et
2012 3759 143 68 puis,
2183 3756 46 68 je
