2301 4079
556 652 470 84 MIETTES
1150 652 791 99 HISTORIQUES

484 1115 621 44 CORRESPONDANCE
1138 1107 395 55 THÉATRALE
1578 1119 86 43 DU
1712 1120 158 43 XVIIe
1907 1107 233 57 SIÈCLE

1191 1303 53 51 II

292 1439 289 73 Théagène
626 1449 52 45 et
710 1442 304 66 Chariclêe,
1046 1457 168 56 ayant
1262 1446 126 53 subi
1428 1447 67 52 de
1529 1447 164 70 longs
1741 1449 242 67 retards,
2034 1467 70 33 ne
2136 1449 82 54 fut

205 1518 188 52 donné
429 1536 107 51 que
564 1518 47 51 le
658 1519 184 52 mardi
899 1538 58 33 12
994 1521 139 52 avril
1173 1522 135 68 i6gs
1338 1535 54 39 et
1434 1540 116 35 non
1577 1524 48 51 le
1676 1526 27 49 3
1732 1523 225 69 février,
1992 1543 224 36 comme

205 1593 140 52 l'ont
362 1596 279 66 prétendu
678 1596 157 52 Félix
860 1594 281 69 Clément,
1181 1597 193 54 Pierre
1402 1601 282 50 Larousse
1727 1613 53 38 et
1835 1602 150 51 leurs
2041 1602 146 52 conti-

202 1683 293 54 nuateurs,
517 1672 219 68 d'après
763 1673 97 51 des
893 1672 342 53 indications
1258 1678 264 50 erronées
1547 1691 317 53 provenant
1891 1695 129 34 sans
2043 1679 172 52 doute

204 1747 167 52 d'une
395 1748 125 51 date
555 1747 302 70 imprimée
876 1766 97 35 sur
998 1750 48 50 le
1072 1749 179 65 livret,
1268 1750 127 51 date
1431 1756 210 64 prévue
1665 1757 30 47 à
1721 1753 249 53 l'avance
1997 1768 54 38 et
2076 1756 137 67 qu'il

202 1823 85 53 fut
311 1823 334 71 impossible
669 1825 66 52 de
757 1838 301 57 respecter.
1096 1827 80 52 La
1205 1843 210 52 preuve
1439 1830 67 51 de
1540 1842 142 39 cette
1712 1848 194 36 erreur
1933 1850 56 33 se
2015 1844 198 41 trouve

205 1900 143 52 dans
373 1900 51 51 la
449 1900 162 54 lettre
644 1900 256 55 suivante
927 1903 67 52 de
1017 1903 286 53 Ladvocat
1327 1908 29 48 à
1379 1904 180 53 l'abbé
1590 1907 197 52 Dubos
1813 1924 10 39 :

1069 2086 24 26 «
1120 2065 51 50 A
1219 2065 183 66 Paris,
1459 2083 60 35 ce
1554 2065 230 54 Samedi
1818 2069 64 51 16
1915 2086 85 34 av.

274 2215 24 28 «
338 2194 44 51 Il
418 2192 184 54 auroit
628 2198 85 48 été
766 2195 223 53 difficile
1022 2195 296 55 monsieur
1335 2198 67 50 de
1421 2215 141 35 vous
1591 2199 173 52 écrire
1784 2200 128 69 plus
1954 2201 258 69 tostpuis

202 2286 244 54 quapres
477 2288 111 33 une
608 2271 304 69 répétition
941 2274 278 68 generalle
1257 2293 130 34 avec
1413 2275 79 51 les
1520 2276 295 54 machines
1841 2276 37 52 il
1906 2279 141 51 dura
2072 2280 139 52 trois

198 2363 223 54 grosses
444 2345 203 53 heures
680 2359 55 39 et
759 2347 184 52 demie
965 2363 53 38 et
1037 2366 146 52 pour
1215 2349 259 69 adjouter
1511 2370 70 35 au
1608 2352 264 53 malheur
1886 2355 190 51 dunne
2098 2355 84 52 bri-

197 2440 106 53 gue
325 2441 109 52 peu
461 2421 308 69 judicieuse
797 2443 74 34 on
896 2444 70 33 en
992 2427 122 51 refit
1131 2444 153 35 unne
1318 2427 159 52 lundi
1500 2446 73 35 ou
1594 2429 95 52 lon
1714 2431 233 51 convint
1972 2432 67 51 de
2071 2431 137 55 faire

198 2500 277 68 quelques
508 2501 482 53 retranchements
1018 2505 139 51 dont
1183 2505 79 51 les
1282 2505 275 53 autheurs
1581 2506 236 55 navoint
1850 2525 109 52 peu
1987 2509 226 53 souffrir

195 2592 80 37 un
307 2576 145 51 mois
486 2592 348 54 auparavant
876 2580 51 51 la
961 2580 151 52 seule
1144 2581 382 69 proposition.
1594 2584 172 50 Enfin
1811 2601 75 33 on
1929 2585 48 51 le
2018 2603 160 52 repré-

197 2666 160 38 senta
374 2651 308 55 mardi.On
701 2652 84 55 fut
811 2655 220 70 surpris
1056 2674 70 34 au
1159 2657 273 70 prologue
1453 2660 96 49 des
1573 2660 360 53 décorations
1961 2662 97 69 qui
2083 2675 127 39 sont

197 2728 138 52 dans
369 2728 51 51 la
452 2728 155 70 pièce
642 2747 153 35 asses
827 2731 175 52 belles
1035 2732 152 54 aussi
1215 2733 131 53 bien
1365 2753 109 50 que
1503 2735 82 52 les
1611 2736 190 52 habits
1850 2739 97 68 qui
1992 2756 37 51 y
2081 2750 130 41 sont

193 2803 133 54 bien
358 2805 278 69 imagines
678 2819 52 38 et
752 2824 298 36 nouveaux
1073 2808 140 52 dans
1247 2810 148 52 leurs
1446 2811 276 55 desseins.
1754 2813 109 51 Les
1917 2815 291 52 machines

190 2900 36 52 y
259 2895 128 39 sont
407 2882 132 52 bien
564 2897 289 40 executees
881 2904 29 33 a
936 2886 317 70 lexception
1288 2888 118 52 dun
1431 2888 238 70 poisson
1719 2907 97 35 sur
1863 2892 185 69 lequel
2072 2892 138 52 etoit

192 2960 236 67 perchée
459 2960 135 52 Mad
598 2960 52 38 lle
669 2962 324 52 Desmatins
1037 2976 52 38 et
1116 2963 50 51 la
1205 2965 222 68 gueulle
1464 2966 66 51 de
1561 2966 180 52 lenfer
1774 2967 99 70 qui
1921 2986 29 33 a
1985 2973 85 47 été
2097 2981 110 39 très

190 3033 492 70 ingénieusement
715 3038 326 69 supprimée
1074 3040 153 53 aussi
1255 3041 129 52 bien
1431 3060 108 51 que
1591 3043 79 51 les
1704 3045 244 50 momies
1971 3062 109 51 que
2114 3046 94 52 lon

192 3111 144 52 avait
369 3125 262 39 trouvées
664 3114 140 51 dans
828 3116 96 51 des
966 3116 162 70 pieds
1154 3117 234 53 destaux
1446 3118 69 51 de
1571 3120 279 52 certaines
1883 3121 324 70 pyramides

190 3188 98 71 qui
315 3191 305 68 occupoint
647 3191 50 50 le
720 3191 195 53 milieu
950 3193 73 54 du
1060 3193 217 54 theatre
1312 3208 52 39 et
1387 3212 69 35 en
1484 3211 275 38 souvrant
1790 3198 417 70 representoint

188 3264 97 52 des
320 3267 208 68 figures
555 3266 322 53 illuminées
899 3286 107 52 que
1041 3268 283 71 plusieurs
1357 3271 198 67 jeunes
1576 3273 241 54 femmes
1851 3274 192 54 avoint
2069 3291 138 55 peur

189 3343 67 52 de
305 3361 55 33 se
409 3356 203 39 mettre
641 3346 139 50 dans
806 3344 431 71 l'imagination.
1275 3349 134 51 Mad
1412 3349 47 30 lle
1484 3349 202 54 Guiart
1709 3370 37 51 y
1770 3353 243 51 trembla
2038 3353 136 52 beau-

188 3434 146 54 coup
378 3432 55 38 et
459 3437 37 51 y
527 3421 207 52 chanta
780 3438 152 35 asses
973 3424 132 51 mal.
1144 3426 77 49 Le
1255 3438 146 40 reste
1442 3427 98 52 des
1572 3440 220 40 acteurs
1826 3441 380 40 executterent

188 3512 152 36 asses
363 3495 130 53 bien
519 3497 150 52 leurs
696 3498 169 52 rolles
896 3499 219 52 hormis
1150 3502 300 52 Dumesnil
1486 3504 97 69 qui
1637 3504 192 54 oublia
1879 3507 163 51 doter
2103 3522 101 36 son

185 3589 165 54 espee
377 3591 70 35 au
476 3575 25 51 5
510 3582 17 21 e
552 3588 117 38 acte
693 3593 74 35 ou
783 3575 96 53 lon
893 3577 48 51 le
964 3577 158 52 doibt
1149 3581 248 50 sacrifier
1428 3600 31 33 a
1483 3579 206 56 Osiris.
1712 3582 251 54 Cariclee
1997 3582 207 53 nestoit

185 3648 163 68 point
378 3649 323 56 enchainée.
727 3652 234 70 Joignes
985 3672 29 34 a
1047 3667 211 42 touttes
1300 3675 87 34 ses
1439 3658 181 53 fautes
1647 3659 52 52 la
1731 3659 325 71 lignorance
2108 3661 94 50 des

189 3738 344 55 spectateurs
588 3747 284 53 occuppes
899 3732 66 52 de
1014 3732 53 50 la
1098 3732 404 71 magnificence
1536 3735 66 53 de
1632 3735 78 54 M,
1761 3737 226 52 Foissin
2020 3749 52 40 et
2107 3751 96 53 par
