2301 4079
374 1172 642 86 DIALOGUES
1085 1182 191 81 DES
1342 1184 388 84 MORTS

1041 1648 51 48 V

534 1797 461 68 R
995 1797 125 68 ossini,
1138 1797 89 68 Auber
1245 1797 36 68 et
1299 1797 143 68 quelques
1460 1797 125 68 autres.

158 2001 240 52 ROSSINI.
941 2002 409 59 Illustrissimoßiccardo...

156 2077 201 51 AUBER.
476 2077 45 51 Il
562 2079 140 50 n'est
741 2098 96 51 pas
876 2083 70 62 là,
982 2083 138 52 mais
1147 2102 60 49 ça
1247 2102 66 34 ne
1358 2086 95 52 fait
1480 2088 133 52 rien.
1650 2089 207 52 Entrez
1884 2093 162 64 donc,

97 2150 249 53 Rossini.

161 2226 242 53 ROSSINI.
534 2229 90 50 Ah
652 2231 10 48 !
1306 2231 344 53 canssimo...
1086 2232 124 69 Qué
1508 2236 310 55 Commane
1845 2258 63 33 va
1936 2241 19 50 ?

156 2302 201 52 AUBER.
391 2305 489 67 —Asseyez-vous
907 2307 164 61 donc,
1106 2310 130 51 cher
1263 2311 130 51 ami.
1414 2312 108 51 Pas
1556 2325 126 57 trop
1708 2314 132 66 mal,
1861 2316 192 65 merci,

94 2394 94 50 pas
212 2390 123 54 trop
361 2378 110 51 mal
502 2394 10 35 :
541 2380 254 66 toujours
827 2400 77 33 un
936 2383 112 51 filet
1085 2386 65 50 de
1185 2385 125 52 voix
1341 2400 51 38 et
1419 2405 90 33 ma
1552 2389 291 69 laryngite,
1891 2392 162 65 mais,

94 2470 104 49 que
224 2453 358 54 voulez-vous
607 2457 18 48 ?
647 2456 62 51 Je
742 2458 310 54 mourrai...
1087 2477 71 35 ou
1185 2461 199 67 plutôt,
1412 2462 49 68 je
1487 2464 115 52 suis
1628 2479 149 37 mort
1799 2484 144 34 avec.
1981 2467 74 51 Et

94 2545 154 44 vous,
273 2545 135 34 mon
435 2533 109 47 très
578 2531 131 61 bon,
736 2532 48 50 la
803 2537 153 46 santé
986 2535 81 50 ?...

163 2602 244 52 ROSSINI.
996 2604 198 65 Piano,
1442 2606 170 67 piano
1630 2625 20 46 ;
1007 2625 145 35 oune
1180 2627 70 51 po
1274 2608 317 56 meilloré...

161 2681 201 48 AUBER.
487 2679 153 51 Vous
672 2698 128 33 avez
833 2686 82 47 été
941 2684 217 51 malade
1191 2687 19 50 ?
1236 2687 72 50 Et
1332 2687 113 51 moi
1470 2688 96 69 qui
1598 2705 89 34 me
1726 2691 327 53 demandais

94 2770 56 34 ce
184 2771 107 51 que
319 2771 135 34 vous
482 2754 261 51 deveniez
774 2756 195 68 depuis
996 2776 104 33 une
1127 2759 270 54 huitaine.

164 2829 240 51 ROSSINI.
546 2829 200 51 Z'étais
791 2833 28 48 à
866 2831 383 54 l'innfirmérie
1293 2852 13 34 :
1357 2841 143 47 ouné
1553 2838 169 67 pétite
1776 2839 248 54 inndizes-

95 2903 215 52 tione...
338 2904 142 51 Mais
525 2918 84 37 cet
642 2904 379 70 Hippoucrate
1066 2921 80 38 est
1179 2926 145 34 oune
1371 2912 234 63 broutai,
1652 2913 36 51 il
1721 2918 67 47 né
1821 2916 103 50 sait
1957 2933 97 51 pas

95 2982 87 47 mé
206 2978 209 53 traiter.
454 2979 193 66 Oussi,
691 2985 58 46 zé
784 2980 251 52 vénais...
1086 2982 149 53 C'est
1268 2984 127 54 bién
1443 2988 320 52 énnouioux
1793 2994 106 64 qué
1927 2992 96 52 Ric-

95 3054 164 51 cardo
300 3053 35 51 il
370 3057 67 48 né
470 3054 105 52 soit
603 3073 94 50 pas
732 3060 28 46 à
785 3055 50 51 la
871 3055 312 55 maisone...

169 3134 196 47 AUBER.
484 3129 122 55 Oh!
636 3132 36 49 il
699 3149 66 33 en
798 3149 28 33 a
864 3149 145 51 pour
1033 3133 313 70 longtemps
1369 3157 12 38 ;
1416 3153 76 34 un
1527 3140 365 52 rendez-vous
1926 3143 129 49 chez

97 3203 77 52 les
211 3204 191 65 Grecs,
435 3223 128 33 avec
595 3208 95 49 des
724 3206 426 69 philosophes...
1180 3220 152 41 toute
1363 3228 108 34 une
1498 3212 340 54 ribambelle.
1876 3215 44 51 Il
1947 3218 108 49 m'a

97 3279 255 68 expliqué
376 3280 64 51 de
468 3280 130 69 quoi
625 3280 36 51 il
687 3281 299 69 s'agissait;
1012 3283 141 50 mais
1180 3285 130 50 c'est
1340 3303 108 34 une
1475 3286 230 54 histoire
1738 3307 151 33 assez
1910 3308 108 34 com-

98 3354 220 68 pliquée
341 3366 68 51 et,
445 3372 91 34 ma
568 3355 75 51 foi
667 3359 9 48 !
706 3373 216 35 comme
974 3358 46 63 je
1061 3358 205 50 n'avais
1312 3377 97 50 pas
1437 3364 109 48 très
1575 3363 127 50 bien
1738 3365 243 68 compris
2007 3366 47 51 le

98 3444 497 48 commencement,
631 3431 47 66 je
705 3450 136 35 vous
869 3450 171 35 avoue
1067 3450 105 50 que
1205 3433 47 66 je
1279 3436 108 50 n'ai
1421 3455 97 50 pas
1541 3441 190 49 écouté
1759 3440 46 50 le
1844 3454 207 39 reste...

95 3504 201 50 J'avais
320 3523 74 33 un
417 3523 104 49 peu
549 3507 110 50 mal
691 3510 28 48 à
746 3507 49 51 la
821 3513 172 45 tête...
1038 3507 322 69 Meyerbeer
1398 3524 82 38 est
1515 3529 143 36 venu
1692 3513 47 50 le
1771 3514 280 53 chercher.

169 3581 243 52 ROSSINI.
550 3581 330 53 Giacomo?!

165 3656 202 51 AUBER.
493 3656 418 53 Parfaitement.
951 3659 253 67 Wagner
1226 3659 76 52 lui
1329 3678 28 33 a
1381 3660 97 52 fait
1504 3662 203 52 cadeau
1734 3665 162 51 d'une
1926 3666 129 52 robe

99 3730 64 52 de
189 3731 284 66 chambre,
501 3745 52 38 et
583 3732 69 51 ils
683 3749 126 38 sont
847 3735 76 51 les
951 3734 285 52 meilleurs
1277 3735 139 53 amis
1449 3737 74 52 du
1562 3741 225 51 monde.
1818 3740 78 67 Ça
1920 3760 135 36 vous

220 3847 45 23 LE
289 3847 180 25 MERCURE
496 3849 162 24 MUSICAL

1863 3855 53 34 40
