2301 4079
510 1359 364 83 REVUE
943 1361 134 81 DE
1146 1361 129 78 LA
1341 1361 653 99 QUINZAINE

353 1772 137 48 LES
518 1772 398 49 CONCERTS

272 1907 169 33 Concerts
473 1906 219 33 Chevillard.
793 1907 171 32 Concerts
989 1908 174 32 Colonne.
1275 1909 130 32 Schola
1442 1909 206 33 Cantorum.
1731 1908 95 34 MM.
1865 1909 115 33 Emile
2002 1909 163 34 Mendeis
2189 1916 31 26 et

226 1956 232 32 Plamondon.
532 1956 51 32 M.
604 1955 130 33 Risler.
812 1956 96 33 MM.
930 1957 161 39 Marneff,
1110 1957 140 42 Fliege,
1273 1957 186 33 Delacroix
1475 1966 34 24 et
1522 1958 68 33 M®
1590 1965 10 13 6
1618 1958 43 32 C.
1684 1957 179 34 Fourrier.
1938 1959 282 33 Conservatoire.

281 2004 139 32 Société
442 2004 325 41 Philharmonique.
785 2005 112 32 —M.
919 2004 84 33 Bret
1024 2013 34 24 et
1075 2006 36 32 M
1116 2005 35 22 Uo
1172 2005 118 34 Selva.

283 2116 49 42 Si
353 2116 157 55 j'avais
537 2117 42 41 le
597 2116 116 56 goût
736 2117 81 41 des
835 2117 318 56 parallèles,je
1172 2132 58 28 ne
1255 2118 335 57 laisseraispas
1604 2120 236 55 échapper
1853 2121 122 42 celui
1995 2122 80 54 qui
2093 2122 128 42 vient

223 2180 26 40 à
263 2178 179 56 l'esprit
463 2187 130 33 entre
609 2179 44 41 la
673 2180 291 55 Symphonie
987 2194 58 28 en
1066 2181 70 41 sol
1153 2180 187 43 mineur
1361 2182 56 41 de
1438 2183 183 41 Mozart
1640 2190 45 33 et
1702 2183 42 41 le
1766 2183 202 43 Prélude
1978 2189 26 36 à
2023 2183 199 57 VAprès-

223 2241 126 42 Midi
382 2241 103 42 d'un
511 2243 163 40 Faune
680 2276 8 17 ,
718 2243 56 41 de
800 2243 238 54 Debussy,
1078 2243 136 54 joués
1240 2244 95 41 l'un
1362 2253 44 32 et
1444 2244 163 42 l'autre
1634 2258 59 28 au
1719 2255 193 33 concert
1951 2246 271 43 Chevillard

223 2303 62 42 du
305 2303 54 42 26
386 2304 273 41 novembre.
690 2304 37 40 Il
751 2317 57 29 va
830 2317 108 28 sans
962 2304 100 42 dire
1087 2305 112 55 qu'il
1223 2321 29 40 y
1271 2320 24 27 a
1317 2307 82 41 des
1419 2305 278 45 différences
1721 2321 8 30 :
1752 2308 60 42 ici
1828 2319 94 31 une
1945 2309 275 55 rigoureuse

224 2364 236 54 symétrie,
487 2365 80 41 des
594 2366 197 54 phrases
815 2375 295 33 exactement
1136 2368 304 54 équilibrées,
1477 2378 43 33 et
1546 2369 44 41 là
1613 2383 94 28 une
1734 2371 207 42 mélodie
1959 2370 260 45 affranchie

223 2427 55 42 de
302 2436 132 33 toute
469 2441 204 40 carrure,
699 2429 80 54 qui
804 2429 92 41 suit
920 2428 255 43 librement
1196 2444 86 27 son
1305 2431 122 50 rêve,
1456 2440 44 32 et
1524 2445 58 29 ne
1605 2432 182 43 revient
1808 2434 166 54 jamais
2002 2448 59 28 au
2084 2436 136 54 point

221 2490 57 41 de
322 2490 164 54 départ
513 2505 8 37 ;
551 2504 66 27 un
651 2491 111 54 plan
799 2493 94 40 très
938 2500 95 45 net,
1052 2506 65 27 un
1139 2492 383 43 cloisonnement
1550 2493 94 44 très
1670 2495 153 54 précis
1864 2497 116 41 dans
2011 2498 45 40 la
2078 2499 107 55 Sym-

217 2552 184 56 phonie,
430 2560 44 32 et
517 2565 59 27 au
602 2553 250 50 contraire,
886 2554 116 41 dans
1040 2554 42 42 le
1110 2555 170 54 poème
1325 2556 368 56 symphonique,
1736 2572 93 28 une
1872 2559 219 56 musique
2140 2561 80 54 qui

223 2613 120 42 croît
363 2623 44 32 et
439 2613 79 55 qui
544 2614 178 56 change
750 2615 209 55 d'aspect
983 2630 85 41 par
1117 2618 165 54 degrés
1319 2617 285 44 insensibles
1626 2634 9 40 ;
1665 2629 44 33 et
1733 2620 128 42 enfin
1902 2636 62 27 on
2006 2636 58 28 ne
2089 2632 104 33 trou-

220 2688 111 30 vera
356 2676 117 41 dans
500 2677 184 41 Mozart
708 2677 47 41 ni
799 2686 120 33 cette
966 2678 112 42 flûte
1105 2693 90 27 aux
1218 2680 191 43 timides
1435 2681 167 51 désirs,
1628 2682 49 41 ni
1707 2683 152 41 l'écho
1897 2698 234 42 moqueur
2159 2687 61 40 du

221 2751 83 29 cor
328 2737 197 55 anglais,
553 2738 47 42 ni
633 2739 44 41 la
720 2741 211 41 dauceur
957 2742 184 54 apaisée
1169 2743 80 41 des
1277 2744 127 41 deux
1435 2758 106 28 cors
1583 2745 80 54 qui
1711 2745 225 43 chantent
1961 2748 256 42 au-dessus

221 2801 83 41 des
329 2801 201 40 seconds
555 2801 205 44 violons.
786 2804 87 41 Les
896 2804 123 41 deux
1052 2818 187 29 œuvres
1273 2815 108 32 sont
1407 2820 57 27 en
1485 2805 109 43 effet
1620 2809 56 40 de
1704 2809 237 42 caractère
1969 2810 95 41 très
2091 2810 106 42 diffé-

224 2871 119 42 rent,
361 2863 204 56 puisque
591 2864 124 42 l'une
739 2873 69 34 est
847 2865 283 57 descriptive
1162 2876 43 33 et
1220 2867 164 43 l'autre
1406 2878 104 33 tout
1532 2870 223 42 abstraite
1781 2886 9 39 ;
1812 2872 117 41 mais
1953 2872 115 42 elles
2094 2874 100 42 révè-

226 2925 99 41 lent
362 2926 267 54 cependant
654 2927 82 42 des
764 2927 168 55 esprits
966 2929 57 41 de
1049 2930 153 41 même
1242 2930 195 54 famille,
1465 2945 85 42 par
1577 2932 44 41 la
1645 2935 138 53 grâce
1807 2933 202 44 candide
2044 2935 83 42 des
2152 2935 44 42 in-

225 2987 276 55 spirations,
523 3002 86 41 par
644 2989 44 41 la
713 2990 191 55 logique
929 2992 232 42 naturelle
1189 2993 81 41 des
1312 2994 202 54 pensées
1541 2994 81 56 (ici
1654 2995 107 55 plus
1797 2996 281 52 discursive,
2100 3006 45 33 et
2175 2998 41 41 là

222 3050 107 54 plus
356 3050 243 54 continue)
628 3060 45 33 et
698 3052 127 41 enfin
863 3067 84 41 par
982 3053 44 42 la
1051 3055 175 53 qualité
1254 3057 62 40 du
1343 3070 85 28 son
1456 3065 43 33 et
1521 3057 45 41 la
1602 3058 200 42 couleur
1835 3059 112 42 d'un
1978 3060 238 42 orchestre

219 3119 106 34 tout
366 3112 55 41 de
466 3112 214 51 lumière,
715 3116 61 39 où
803 3129 82 41 pas
922 3129 93 29 une
1051 3126 111 32 note
1188 3119 120 40 n'est
1331 3120 195 53 perdue,
1551 3120 60 41 où
1653 3129 102 33 tout
1792 3131 70 33 est
1903 3136 58 28 en
1989 3124 158 41 valeur
2173 3131 43 34 et

219 3175 190 41 charme
432 3175 198 42 l'oreille
654 3186 139 33 avant
818 3191 91 40 que
936 3179 55 41 de
1009 3179 155 54 parler
1190 3194 58 28 au
1273 3195 160 40 cœur;
1458 3183 109 55 jeux
1592 3182 170 52 divins,
1790 3185 181 42 visions
1998 3187 56 40 de
2079 3199 108 42 para-

220 3237 88 51 dis,
335 3236 218 57 musique
582 3239 56 40 de
666 3239 138 42 soleil
845 3248 44 33 et
920 3241 428 55 d'enchantement,
1385 3245 169 54 auprès
1599 3246 57 40 de
1682 3246 205 56 laquelle
1913 3248 44 41 la
1998 3248 214 56 tragique

217 3307 254 35 ouverture
499 3300 56 42 de
577 3300 211 43 Léonore
813 3304 179 41 semble
1020 3305 290 56 enveloppée
1346 3307 56 41 de
1427 3317 108 31 tous
1551 3307 66 42 les
1644 3321 176 43 nuages
1849 3311 58 41 de
1926 3311 43 41 la
1983 3311 228 55 tempête;

219 3370 45 33 et
288 3370 168 45 certes,
481 3362 32 41 il
544 3378 29 40 y
599 3377 25 26 a
647 3377 94 28 une
782 3365 169 42 beauté
978 3367 115 41 dans
1120 3368 67 40 les
1229 3370 339 53 grondements
1595 3371 63 41 du
1682 3379 224 34 tonnerre
1940 3382 43 32 et
2014 3373 44 41 la
2082 3373 131 40 noire

217 3437 193 29 menace
438 3425 56 41 de
520 3425 242 56 l'ouragan
790 3441 9 39 ;
828 3428 117 41 mais
971 3428 103 42 l'art
1115 3429 42 42 le
1200 3430 106 55 plus
1350 3445 89 41 pur
1463 3432 177 41 n'est-il
1674 3446 83 42 pas
1785 3435 121 41 celui
1932 3435 81 55 qui
2049 3436 163 55 ignore

216 3493 131 35 toute
379 3485 266 44 souffrance
670 3486 17 42 ?

272 3549 85 40 J'ai
383 3549 157 55 goûté,
567 3552 23 39 à
635 3565 51 28 ce
714 3551 154 43 même
895 3561 210 44 concert,
1128 3554 42 42 le
1196 3563 107 33 tour
1355 3556 172 42 délicat
1552 3565 45 34 et
1635 3557 381 44 l'orchestration
2042 3572 141 31 savou-

217 3622 136 30 reuse
380 3612 81 41 des
510 3613 139 42 Trois
689 3613 219 44 mélodies
950 3616 55 42 de
1028 3617 66 42 M.
1130 3617 116 43 Jean
1294 3618 118 56 Gay,
1459 3620 274 54 présentées
1773 3636 85 40 par
1905 3623 99 41 Mlie
2048 3624 165 40 Emma

223 3671 248 56 Grégoire;
516 3675 42 41 le
583 3676 196 54 prélude
824 3678 63 41 du
911 3690 49 42 4e
983 3687 98 34 acte
1107 3680 57 41 de
1186 3681 253 51 Messidor,
1470 3697 21 26 «
1532 3683 285 55 symphonie
1852 3686 63 41 du
1943 3685 265 54 Printemps

221 3733 228 54 religieux
471 3745 45 33 et
535 3739 129 40 sacré
683 3753 41 38 »,
739 3748 70 34 est
831 3753 94 29 une
948 3754 183 42 grosse,
1155 3742 94 43 très
1267 3757 164 41 grosse
1451 3753 45 34 et
1520 3746 183 54 épaisse
1729 3746 236 56 musique,
1985 3746 225 43 chaussée
