2827 3048
1272 2347 46 43 65

476 536 43 41 0
580 532 261 46 Empfänden
861 531 75 35 wir
955 531 60 35 als
1036 531 151 35 Nation
1208 529 77 34 den
1305 529 143 43 Drang
1466 528 108 35 nach
1594 529 93 35 dem
1703 530 161 36 Besitze
1885 544 83 24 von
1984 534 127 35 Kunst-

477 583 180 43 werken,
681 583 80 35 wie
789 583 64 34 die
879 583 205 34 Griechen
1112 583 68 34 ihn
1211 578 257 46 empfanden,
1493 578 144 37 hätten
1662 581 74 35 wir
1764 580 55 35 im
1843 583 144 36 Lande
2016 584 120 35 einen

477 634 186 46 einzigen
691 633 309 46 gemeinsamen
1030 633 151 38 Cultus,
1206 629 178 35 welcher
1411 629 108 34 ohne
1548 629 64 34 die
1641 631 260 35 äußerlichen
1930 634 206 37 Bildnisse

477 686 265 45 angebeteter
770 683 82 35 und
880 684 207 35 verehrter
1109 679 375 36 Persönlichkeiten
1509 678 114 36 nicht
1647 681 197 36 bestehen
1869 682 167 44 könnte,
2057 686 79 35 wie

476 737 86 34 dies
580 746 49 24 zu
650 734 79 36 den
748 734 142 35 Zeiten
910 734 72 36 der
1001 731 278 39 italienischen
1300 729 275 35 Kunstblüthe
1600 729 70 35 der
1688 732 87 34 Fall
1796 743 96 31 war,
1913 742 45 24 so
1981 732 154 38 könnte

474 785 208 36 vielleicht
710 785 64 35 die
802 785 233 43 Erziehung
1062 782 71 34 der
1156 781 193 34 Künstler
1375 790 70 24 zur
1473 779 453 48 Staatsangelegenheit
1952 783 180 42 werden,

475 836 188 45 obgleich
682 836 58 34 sie
762 846 42 24 es
824 837 139 35 weder
980 835 40 34 in
1037 830 301 37 Griechenland
1356 830 108 34 noch
1483 830 41 34 in
1540 830 144 34 Italien
1705 842 193 33 gewesen
1914 834 63 35 ist.
1998 833 134 35 Allein

475 887 64 35 die
559 887 164 45 heutige
740 887 146 41 Kunst,
903 886 63 34 die
986 884 40 34 in
1047 883 71 34 der
1132 881 124 35 freien
1273 881 222 34 Phantasie
1512 880 70 34 der
1597 881 194 35 Künstler
1805 884 85 35 lebt
1904 885 82 35 und
2002 884 132 36 dieser

473 938 178 35 Willkür
669 937 154 43 bedarf,
840 947 67 25 um
927 933 213 45 lebendige
1161 933 176 33 Früchte
1357 942 48 23 zu
1425 935 156 40 tragen,
1598 930 63 34 die
1682 941 76 23 nur
1780 932 40 34 in
1841 934 72 34 der
1930 936 201 45 geistigen

473 988 292 47 Befriedigung
789 989 125 37 derer,
939 984 159 35 welche
1123 983 57 35 sie
1209 982 194 40 ausüben,
1424 980 83 35 und
1530 981 54 33 im
1609 980 187 36 Genüsse
1820 982 128 43 derer,
1973 986 159 34 welche

475 1039 63 35 die
554 1039 271 35 Kunstwerke
845 1035 223 41 erwerben,
1084 1035 85 34 ihre
1189 1032 191 35 Existenz
1399 1031 138 42 findet,
1556 1031 108 35 diese
1680 1031 131 35 Kunst
1830 1032 109 36 kann
1960 1037 144 44 unmög-

472 1091 82 35 lich
573 1091 63 33 für
659 1089 78 35 den
758 1089 114 35 Staat
893 1097 93 24 zum
1007 1082 289 47 Gegenstände
1325 1083 71 34 der
1414 1082 191 34 Vorliebe
1630 1082 229 44 hingestellt
1883 1085 180 41 werden,
2085 1096 46 25 so

472 1140 137 45 wenig
639 1140 59 34 als
731 1150 119 35 sogar
882 1137 64 35 die
977 1134 261 40 Dichtkunst,
1267 1132 157 35 welche
1459 1131 105 35 doch
1596 1141 80 25 von
1709 1132 105 34 allen
1844 1133 185 35 Künsten
2063 1146 66 23 am

472 1190 201 35 höchsten
693 1190 121 34 steht.
1983 1185 146 43 ©©©

470 1244 42 42 0
573 1240 153 37 Treten
754 1237 192 38 Künstler
979 1234 196 47 (Dichter,
1205 1232 144 41 Maler,
1375 1232 231 41 Bildhauer,
1629 1245 43 14 =
1699 1232 98 35 oder
1824 1234 177 35 welcher
2029 1234 106 36 Stoff

472 1304 84 24 nun
581 1293 146 35 immer
748 1301 93 24 zum
861 1288 155 44 Träger
1038 1284 107 34 ihrer
1163 1283 124 34 Ideen
1311 1284 246 33 auserkoren
1581 1283 161 45 wurde)
1766 1284 40 33 in
1831 1284 134 35 einem
1985 1285 144 36 Lande

472 1343 77 40 auf,
569 1343 52 33 ist
645 1342 64 34 die
728 1340 116 34 Kraft
869 1335 211 38 derselben
1105 1344 44 24 so
1173 1333 235 34 umfassend
1431 1333 82 34 und
1533 1333 82 40 tief,
1637 1334 77 33 daß
1732 1334 85 34 ihre
1838 1334 290 47 Schöpfungen

470 1404 48 24 zu
548 1392 131 34 einem
707 1389 144 36 Theile
880 1389 71 33 des
978 1383 269 47 allgemeinen
1281 1383 198 45 geistigen
1509 1383 269 35 Reichthums
1810 1385 180 43 werden,
2020 1387 108 35 dann

470 1444 128 34 bietet
617 1441 64 35 die
696 1439 194 44 Stellung,
906 1437 155 35 welche
1081 1434 137 35 solche
1234 1433 176 34 Männer
1426 1433 258 42 einnehmen,
1700 1433 147 35 keinen
1863 1435 189 36 Maßstab
2068 1439 62 33 für

471 1494 61 35 die
549 1490 272 44 Behandlung
835 1488 179 45 weniger
1028 1484 196 45 begabter
1240 1484 197 34 Naturen.
1454 1483 156 36 Weder
1625 1484 60 34 ihr
1703 1484 130 35 hoher
1847 1485 121 47 Rang
1987 1486 140 47 (wenn

471 1556 42 24 er
531 1544 124 35 ihnen
676 1540 252 47 eingeräumt
946 1535 119 47 wird)
1085 1534 109 35 noch
1213 1534 85 36 ihre
1316 1534 306 36 Verlassenheit
1642 1534 142 47 (wenn
1804 1536 125 35 ihnen
1950 1537 111 36 diese
2078 1549 49 23 zu

469 1595 119 36 Theil
607 1592 119 48 wird)
746 1590 110 47 giebt
874 1588 62 34 für
955 1586 163 36 Andere
1139 1585 89 34 eine
1248 1585 186 44 Präjudiz
1454 1587 62 33 ab.
1538 1586 149 35 Solche
1708 1587 161 34 Geister
1887 1588 135 34 haben
2042 1588 85 34 ihre

470 1647 173 46 eigenen
670 1638 387 40 unberechenbaren
1083 1634 244 36 Schicksale.
1355 1635 298 35 Meistentheils
1675 1637 50 34 ist
1753 1647 44 24 es
1824 1639 155 42 großen
2001 1637 100 35 Dich-

469 1702 88 30 tern
584 1696 81 36 und
688 1693 220 38 Künstlern
932 1686 119 39 elend
1073 1695 136 36 genug
1236 1695 218 36 ergangen.
1483 1686 137 34 Daran
1648 1686 51 34 ist
1721 1686 149 44 jedoch
1895 1687 139 36 weder
2062 1688 64 37 die

468 1748 170 34 Bosheit
662 1746 71 34 der
752 1742 229 37 Menschen
1002 1737 106 36 noch
1133 1736 62 34 die
1220 1736 239 35 fehlerhafte
1482 1735 268 45 Einrichtung
1775 1736 71 34 des
1869 1736 235 50 Staatsorga-

467 1798 154 35 nismus
641 1794 151 37 Schuld
812 1800 201 40 gewesen.
1035 1790 83 32 Der
1138 1786 138 35 Grund
1299 1786 96 46 liegt
1419 1786 124 42 darin,
1570 1786 75 34 daß
1669 1786 137 35 solche
1831 1787 176 38 Männer
2032 1791 93 34 dem

466 1847 260 47 praktischen
747 1846 141 34 Leben
909 1842 68 35 des
996 1839 135 45 Tages
1149 1836 182 36 wirklich
1354 1837 132 35 nichts
1510 1836 133 35 bieten
1667 1836 177 45 können,
1867 1841 175 34 sondern
2067 1841 60 34 als

466 1897 219 45 allgemein
709 1894 209 36 wirkende
942 1891 124 47 große
1089 1888 165 34 Mächte
1280 1887 208 35 dastehen.
1513 1886 217 36 Während
1753 1888 69 43 sie,
1848 1900 52 25 an
1924 1891 64 34 die
2012 1891 92 45 Jahr-

466 1947 203 37 hunderte
685 1944 201 41 denkend,
903 1944 77 34 den
997 1941 89 45 Tag
1104 1948 232 36 vergessen,
1353 1938 115 34 rächt
1487 1937 84 35 sich
1591 1937 70 35 der
1675 1938 90 46 Tag
1786 1941 83 34 und
1883 1943 244 45 verweigert

466 2001 125 34 ihnen
621 1997 83 41 das,
730 2004 86 25 was
837 2004 43 25 er
908 1993 132 35 denen
1069 2002 45 24 so
1144 1988 188 36 reichlich
1360 1988 194 46 gewährt,
1579 1988 158 36 welche
1766 1991 108 35 ohne
1903 1992 222 36 Gedanken

464 2062 54 23 an
542 2049 179 36 nachher
744 2045 82 36 und
848 2044 150 35 vorher
1022 2043 71 35 der
1116 2042 250 45 Gegenwart
1388 2040 73 33 mit
1487 2039 103 34 allen
1615 2039 168 36 Kräften
1806 2053 50 24 zu
1881 2043 146 35 dienen
2056 2043 46 36 be-

463 2101 130 36 strebt
612 2099 101 35 sind.
1980 2096 42 43 ©
2032 2097 41 40 ©
2084 2097 40 39 ©

463 2156 43 39 0
570 2151 188 36 Nehmen
773 2147 173 35 Männer
961 2144 76 35 den
1052 2144 142 35 Thron
1214 2141 69 35 des
1298 2140 162 35 Landes
1481 2139 74 42 ein,
1572 2140 159 36 welche
1753 2142 63 37 die
1835 2144 152 36 höhere
2003 2145 96 34 Nütz-

461 2202 169 36 lichkeit
657 2201 129 35 dieser
808 2196 161 36 Geister
996 2193 228 46 empfinden
1251 2190 82 36 und
1357 2190 77 36 den
1459 2190 135 35 Ruhm
1618 2190 56 36 im
1697 2192 162 38 Voraus
1879 2195 146 40 fühlen,
2046 2193 78 37 den
