2865 3048
1322 2356 43 37 51

510 539 174 38 standen
716 538 69 40 sie,
815 534 83 36 und
931 534 62 41 da,
1023 543 68 24 wo
1124 541 95 26 man
1249 527 87 35 sich
1369 535 72 25 aus
1470 524 93 35 dem
1587 523 178 37 Verfalle
1797 525 197 35 aufraffen
2021 524 150 42 wollte,

510 594 222 32 stemmten
751 587 58 35 sie
828 585 88 36 sich
936 585 184 44 dagegen
1140 581 73 36 mit
1231 578 114 35 ihren
1363 576 141 35 todten
1523 575 242 46 Principien.
2026 577 41 41 ©
2078 577 42 40 ©
2131 578 42 39 ©

509 644 42 41 ©
612 640 194 36 Indessen
834 636 85 35 dies
938 635 109 35 Alles
1075 632 87 37 sind
1188 637 258 36 vergangene
1470 624 145 45 Dinge,
1634 626 84 35 und
1745 625 57 36 sie
1828 623 144 36 hatten
2002 626 104 35 auch
2133 625 40 34 in

509 694 107 33 ihrer
634 687 290 38 Verkehrtheit
949 686 89 35 eine
1063 683 118 38 Seite,
1203 679 64 35 die
1291 677 111 36 nicht
1424 685 221 35 vergessen
1668 676 167 34 werden
1858 674 96 35 darf.
1976 676 199 35 Mochten

512 743 63 35 die
595 738 236 41 Ansichten,
857 737 64 35 die
944 748 96 23 man
1066 729 260 39 dictatorisch
1352 728 77 35 den
1449 725 196 35 Schülern
1667 726 219 45 einprägte,
1906 725 108 34 noch
2034 735 46 24 so
2101 738 48 22 un-

510 792 144 44 richtig
673 790 96 40 sein,
791 799 43 24 es
854 799 139 24 waren
1012 783 106 37 doch
1137 782 145 34 immer
1302 779 101 35 feste
1418 777 238 34 Ansichten.
1678 776 230 45 Derjenige,
1931 775 69 35 der
2015 775 70 33 auf
2096 776 78 33 den

511 841 254 38 Akademien
790 839 137 35 malen
950 838 137 37 lernte,
1106 832 151 34 konnte
1281 828 126 36 falsch
1430 826 216 45 angeleitet
1673 826 181 42 werden,
1875 826 97 35 aber
1996 836 41 25 er
2059 825 115 34 ward

512 892 230 46 angeleitet,
773 901 43 24 er
843 899 87 26 war
955 887 55 34 im
1038 882 162 41 Stande,
1231 880 63 35 ein
1323 878 92 36 Bild
1441 888 49 24 zu
1518 876 148 41 malen,
1696 876 71 34 das
1799 877 264 35 bestimmten
2089 875 56 35 An-

512 944 270 36 forderungen
813 942 186 41 genügte,
1028 933 82 36 und
1143 942 74 25 vor
1249 930 103 35 allen
1384 929 174 44 Dingen,
1588 937 42 24 er
1660 926 111 34 hatte
1804 927 145 45 richtig
1980 927 195 35 zeichnen

513 995 167 46 gelernt.
2029 980 41 40 ©
2081 979 42 40 ©
2133 979 41 40 ©

512 1049 40 40 ©
618 1044 138 34 Heute
788 1042 52 33 ist
872 1037 63 35 die
966 1035 144 35 Macht
1142 1033 127 35 dieser
1296 1029 213 35 Anstalten
1540 1027 191 42 vorüber;
1768 1027 123 33 selbst
1922 1037 123 25 wenn
2077 1037 97 24 man

513 1096 147 39 wollte,
677 1094 152 33 könnte
852 1099 97 25 man
971 1086 112 36 nicht
1105 1096 49 23 zu
1178 1083 115 34 ihren
1308 1080 266 35 Traditionen
1597 1076 314 40 zurückkehren,
1934 1077 105 34 denn
2065 1077 110 35 diese

513 1146 122 37 selbst
658 1143 90 36 sind
772 1141 184 36 verloren
980 1144 223 38 gegangen.
1231 1132 106 34 V/hs
1361 1130 96 35 aber
1480 1129 74 34 soll
1577 1139 94 24 man
1693 1126 226 45 beginnen?
1946 1126 77 33 Ein
2050 1127 124 42 allge-

690 1194 216 45 Begehren
930 1187 104 37 nach
1058 1182 311 42 Kunst'werken,
1390 1180 78 35 vde
1492 1180 84 34 dies
1599 1178 56 35 im
1682 1180 120 33 röten
1818 1176 274 46 Janrhundert
2112 1175 61 34 die

512 1250 132 34 Kunst
672 1240 321 49 emporbrachte,
1020 1235 130 37 erfüllt
1178 1234 64 34 die
1265 1233 117 34 Welt
1409 1231 123 35 nicht.
1562 1229 58 34 Es
1644 1229 74 34 soll
1740 1228 199 34 trotzdem
1964 1231 126 31 etwas
2113 1226 62 34 für

514 1301 62 33 die
596 1295 252 43 Ausbildung
866 1293 146 44 junger
1034 1288 144 37 Leute,
1200 1283 156 35 welche
1383 1282 103 35 einst
1510 1279 191 36 Künstler
1724 1279 167 34 werden
1921 1278 160 42 wollen,
2105 1288 46 35 ge-

513 1348 193 36 schehen.
733 1345 57 33 Es
816 1343 73 35 soll
914 1341 88 35 eine
1020 1334 222 38 Akademie
1266 1332 188 35 errichtet
1477 1330 179 41 werden,
1677 1331 71 33 auf
1768 1329 70 34 der
1861 1329 57 34 sie
1943 1329 116 34 dafür
2081 1338 70 24 vor-

513 1398 168 36 bereitet
700 1393 176 35 werden.
897 1389 177 36 Welche
1093 1385 94 36 Idee
1207 1383 101 35 wird
1327 1383 61 34 ihr
1406 1393 48 23 zu
1474 1380 166 36 Grunde
1660 1379 153 46 liegen?
1831 1393 44 13 =
1890 1393 44 14 =
2028 1381 147 42 ©©©

513 1452 41 41 ©
616 1448 85 34 Der
724 1442 170 36 Schüler
916 1440 52 34 ist
992 1439 63 35 ein
1075 1435 118 42 Kind,
1212 1434 71 34 das
1303 1433 69 34 auf
1389 1432 62 35 die
1466 1430 202 36 Autorität
1689 1430 70 36 des
1778 1430 176 35 Lehrers
1972 1430 70 34 hin
2060 1430 115 41 lernt,

514 1501 71 35 der
608 1495 171 38 Student
802 1493 50 34 ist
877 1491 64 35 ein
964 1490 141 38 Mann,
1132 1485 69 35 der
1224 1483 106 36 nach
1355 1483 292 46 empfangener
1661 1481 221 44 Anleitung
1905 1480 124 35 selbst
2055 1480 120 45 prüft,

513 1551 87 36 sich
619 1549 98 35 über
736 1544 138 36 seinen
890 1536 263 50 Gegenstand
1172 1535 110 36 stellt
1301 1534 84 36 und
1399 1535 69 34 ihn
1483 1544 43 24 so
1542 1533 162 42 auffaßt,
1721 1532 78 35 wie
1816 1532 62 35 die
1895 1532 142 45 eigene
2048 1531 129 35 Wahl

513 1604 69 34 ihn
601 1600 121 35 leitet.
741 1596 77 35 Ein
836 1591 181 40 Student,
1036 1589 70 34 der
1124 1588 85 33 sich
1225 1586 71 33 auf
1306 1584 86 35 sein
1410 1584 290 45 Collegienheft
1715 1584 58 34 als
1789 1583 206 34 Autorität
2009 1583 167 33 berufen

513 1652 135 36 wollte
678 1649 111 35 wäre
810 1644 102 36 eben
933 1651 44 25 so
999 1639 92 35 sehr
1109 1637 54 34 im
1183 1635 188 42 Irrthum,
1388 1634 79 35 wie
1488 1634 63 34 ein
1566 1634 180 41 Schüler,
1765 1633 69 34 der
1854 1633 70 34 das
1945 1632 142 44 eigene
2101 1631 50 33 Er-

514 1713 163 26 messen
695 1699 129 36 höher
843 1693 143 40 stellte,
1004 1690 57 36 als
1082 1688 76 36 den
1172 1686 210 35 Wortlaut
1402 1685 69 36 der
1488 1683 395 46 vorgeschriebenen
1899 1682 173 34 Bücher.
2092 1681 85 35 Der

516 1754 170 35 Schüler
709 1754 102 40 sagt,
832 1755 106 27 anno
963 1754 47 34 44
1036 1744 92 32 ante
1154 1737 204 37 Christum
1382 1735 114 35 ward
1524 1734 123 36 Cäsar
1670 1732 216 43 ermordet,
1906 1743 46 24 so
1976 1733 107 36 habe
2110 1733 66 35 ich

516 1815 43 25 es
591 1803 166 43 gelernt,
784 1798 70 35 der
883 1794 168 37 Student
1078 1793 101 42 sagt,
1204 1787 106 35 nach
1339 1787 77 35 den
1444 1786 83 34 und
1556 1785 78 35 den
1663 1782 170 47 Quellen
1861 1788 110 32 setze
1998 1785 65 35 ich
2092 1784 84 34 dies

515 1856 172 33 Factum
706 1827 51 59 in’
767 1850 71 34 das
856 1843 259 49 angegebene
1126 1839 110 46 Jahr,
1253 1848 45 24 so
1318 1838 105 34 lehrt
1441 1837 109 34 mich
1570 1836 62 34 die
1647 1834 314 36 Wissenschaft.
2031 1836 94 42 ©©
2135 1836 42 41 ©

514 1907 42 40 ©
618 1902 123 34 Diese
766 1898 191 46 doppelte
977 1892 110 38 Stufe
1113 1892 69 33 des
1202 1890 184 34 Lernens
1410 1886 127 36 findet
1559 1885 88 35 sich
1670 1885 106 35 auch
1798 1885 108 35 beim
1927 1885 248 41 Handwerk,

514 1965 66 26 wo
613 1952 71 35 der
710 1948 190 44 Lehrling
933 1947 89 34 eine
1054 1942 148 37 andere
1231 1939 179 45 Stellung
1442 1936 220 41 einnimmt,
1693 1935 57 35 als
1783 1935 71 35 der
1887 1936 172 36 Geselle.
2094 1937 83 33 Der

514 2003 195 44 Lehrling
739 2000 103 35 lernt
875 1999 70 33 das
971 1995 235 42 Werkzeug
1237 1989 270 47 gebrauchen,
1537 1986 69 35 der
1638 1986 158 35 Geselle
1829 1987 170 36 arbeitet
2035 1986 121 35 selbst-

516 2055 174 44 ständig;
712 2052 96 35 aber
828 2059 43 24 er
889 2047 119 35 sucht
1028 2047 62 34 die
1109 2042 229 42 Erfahrung
1358 2040 81 34 und
1459 2036 226 38 Sicherheit
1703 2048 49 24 zu
1772 2039 227 44 gewinnen,
2021 2037 65 35 die
2108 2036 69 36 ihn

517 2112 82 32 erst
623 2115 93 26 zum
735 2100 169 38 Meister
927 2098 183 44 langsam
1136 2091 210 40 ausbildet.
1371 2091 65 33 Da
1454 2099 81 24 nun
1555 2088 96 35 aber
1664 2088 116 45 jeder
1799 2090 132 34 Kunst
1950 2089 63 35 ein
2033 2087 114 36 Hand-

516 2158 112 36 werk
649 2167 49 24 zu
719 2150 164 39 Grunde
906 2147 108 46 liegt,
1030 2157 46 25 so
1096 2146 102 35 wird
1221 2144 70 35 der
1310 2144 106 32 erste
1436 2139 160 41 Schritt,
1613 2138 70 36 der
1701 2149 82 25 von
1803 2140 281 44 Staatswegen
2107 2146 69 24 zur

515 2209 177 43 Bildung
725 2205 71 35 des
827 2198 206 46 künftigen
1066 2196 213 35 Künstlers
1308 2191 232 47 geschehen
1570 2190 110 42 muß,
1710 2190 116 36 darin
1858 2191 208 38 bestehen,
2098 2187 77 35 daß
