3497 4343
1712 115 60 47 19

658 229 11 14 i

163 245 175 46 dickem
375 245 174 47 Staube
592 245 209 54 bedeckt,
844 247 329 48 zerbrochenes
1206 249 363 62 Kaffeegeschirr
1615 252 80 47 auf

163 323 103 46 dem
299 322 176 48 Tische.

284 400 257 46 Beethoven
573 408 89 38 trat
691 400 134 46 ihnen
856 407 242 57 entgegen.

284 475 222 46 Benedikt
544 484 128 54 sagt:
712 477 59 45 So
817 492 121 30 muss
980 478 118 47 Lear
1136 478 110 46 oder
1282 478 71 46 die
1389 479 301 47 ossianischen

169 550 177 47 Barden
379 553 284 62 ausgesehen
703 553 164 47 haben.
928 554 91 46 Das
1049 555 127 46 Haar
1217 554 118 53 dick,
1373 571 132 47 grau,
1549 555 43 47 in
1621 557 70 45 die

168 628 136 47 Höhe
333 629 206 52 stehend,
572 630 96 46 hier
699 630 88 46 und
821 630 54 46 da
907 647 113 45 ganz
1052 633 144 49 weiss,
1227 631 120 47 Stirn
1380 633 87 45 und
1500 633 191 48 Schädel

168 704 280 48 wunderbar
479 706 115 46 breit
623 708 203 61 gewölbt
856 708 89 45 und
980 709 134 52 hoch,
1155 710 84 45 wie
1277 710 67 45 ein
1377 710 206 62 Tempel,
1622 710 70 46 die

166 781 121 47 Nase
317 781 240 63 viereckig,
597 783 85 45 wie
712 783 71 45 die
822 784 121 46 eines
972 784 191 53 Löwen,
1202 785 80 46 der
1314 786 138 45 Mund
1485 786 95 45 edel
1615 804 49 42 ge-

171 856 134 47 formt
336 859 89 46 und
458 859 160 52 weich,
649 859 78 47 das
759 860 119 46 Kinn
911 859 132 53 breit,
1086 861 77 46 mit
1185 860 136 65 jenen
1356 861 335 49 wunderbaren

171 935 365 58 Muschelfalten,
568 936 70 46 die
670 938 84 45 alle
776 936 122 47 seine
925 939 216 46 Portraits
1164 939 173 58 zeigen,
1364 939 91 48 und
1481 957 80 29 aus
1584 941 107 46 zwei

171 1010 513 49 Kinnbackenknochen
717 1012 217 61 gebildet,
976 1014 71 47 die
1084 1015 138 47 dafür
1262 1015 260 62 geschaffen
1551 1018 119 45 schie-

168 1103 104 36 nen,
304 1086 71 48 die
406 1089 228 47 härtesten
665 1090 146 47 Nüsse
848 1091 204 47 knacken
1090 1109 51 29 zu
1183 1092 194 46 können.
1434 1094 151 45 Ueber
1615 1095 78 47 das

171 1164 160 55 breite,
362 1165 361 63 blatternarbige
755 1167 183 47 Gesicht
967 1185 98 29 war
1094 1169 196 47 dunkele
1316 1170 149 47 Rothe
1494 1171 173 47 verbrei-

167 1247 80 47 tet,
304 1250 133 39 unter
493 1242 85 47 den
638 1242 155 47 finster
842 1260 544 47 zusammengezogenen,
1446 1246 246 64 buschigen

172 1317 179 49 Brauen
402 1319 193 47 blickten
641 1320 162 53 kleine,
846 1321 271 47 leuchtende
1160 1326 161 57 Augen
1364 1324 103 47 mild
1509 1326 82 46 auf
1622 1326 70 46 die

166 1393 349 56 Eintretenden,
545 1396 71 47 die
644 1396 256 65 cyklopisch
933 1399 251 63 viereckige
1210 1400 187 51 Gestalt,
1429 1402 170 46 welche
1624 1404 69 44 die

168 1471 220 48 Weber's
430 1490 87 29 nur
561 1473 148 64 wenig
748 1475 265 63 überragte,
1055 1493 94 30 war
1188 1477 39 46 in
1269 1479 130 45 einen
1429 1479 263 63 schäbigen,

167 1564 54 31 an
254 1547 86 48 den
371 1550 217 48 Aermeln
619 1552 277 47 zerrissenen
929 1554 237 46 Hausrock
1198 1554 241 63 gekleidet.

286 1627 257 48 Beethoven
568 1628 221 49 erkannte
816 1630 194 53 Weber,
1042 1632 84 46 ehe
1155 1649 48 29 er
1232 1632 91 46 ihm
1356 1642 200 51 genannt
1580 1651 111 37 war,

166 1703 167 47 schloss
364 1705 73 47 ihn
469 1706 42 46 in
543 1706 71 47 die
638 1710 141 44 Arme
809 1707 91 47 und
930 1708 108 47 rief:
1076 1710 100 53 „Da
1202 1710 84 47 bist
1310 1710 56 47 du
1386 1710 65 64 ja,
1480 1711 58 47 du
1568 1714 123 53 Kerl,

166 1778 58 49 du
253 1781 84 47 bist
360 1782 70 46 ein
455 1783 304 46 Teufelskerl!
792 1785 153 47 Grüss'
967 1786 98 46 dich
1293 1788 88 46 und
1408 1806 89 29 nun
1524 1790 166 48 reichte

164 1872 47 32 er
242 1857 91 47 ihm
366 1858 145 63 gleich
536 1860 107 63 jene
675 1861 244 48 berühmte
940 1862 320 57 Schreibtäfel,
1284 1865 89 47 und
1400 1881 46 31 es
1470 1874 220 57 entspann

163 1933 91 47 sich
287 1935 69 45 ein
384 1936 249 63 Gespräch,
665 1937 217 47 während
912 1938 158 49 dessen
1096 1941 258 47 Beethoven
1385 1943 212 47 zunächst
1620 1945 71 47 die

162 2011 265 48 Musicalien
472 2030 99 29 vom
611 2015 155 63 Sopha
812 2016 119 47 warf
971 2017 89 47 und
1104 2017 118 48 dann
1260 2018 92 47 sich
1392 2021 212 63 ungenirt
1646 2023 42 46 in

163 2089 281 64 Gegenwart
473 2092 148 47 seiner
652 2093 136 47 Gäste
816 2111 100 29 zum
950 2096 248 62 Ausgehen
1230 2097 270 48 ankleidete.

280 2167 258 47 Beethoven
585 2168 151 64 klagte
778 2169 134 47 bitter
957 2172 113 46 über
1112 2173 122 46 seine
1265 2175 141 62 Lage,
1451 2176 237 63 schimpfte

159 2241 83 47 auf
285 2242 71 47 die
399 2244 548 66 Theater-.Verwaltung,
997 2248 72 47 die
1109 2248 578 56 Concert-Unternehmer,

158 2318 77 47 das
277 2319 258 57 Publicum,
580 2323 69 47 die
693 2324 228 54 Italiäner,
964 2324 87 49 den
1095 2327 301 55 Geschmack,
1442 2329 246 50 besonders

157 2396 111 48 aber
299 2398 115 48 über
444 2399 71 47 die
545 2401 381 49 Undankbarkeit
968 2403 145 48 seines
1143 2404 177 50 Neffen.
1381 2407 194 56 Weber,
1607 2409 81 47 der

154 2474 106 47 sehr
291 2474 183 66 bewegt
505 2493 111 40 war,
657 2478 114 47 rieth
804 2479 110 56 ihm,
944 2481 90 47 sich
1067 2481 150 48 diesen
1251 2482 309 57 widerlichen,
1589 2495 72 39 ent-

155 2553 329 63 mutigenden
517 2554 339 50 Verhältnissen
887 2576 51 29 zu
971 2561 247 47 entreissen
1263 2562 87 46 und
1385 2562 98 47 eine
1516 2564 140 47 Kunst-

153 2629 114 48 reise
299 2630 142 47 durch
475 2633 310 48 Deutschland
815 2652 53 29 zu
900 2637 209 54 machen,
1156 2653 70 32 wo
1267 2655 48 30 er
1344 2639 137 49 sehen
1513 2642 171 56 werde,

155 2723 94 32 was
280 2708 71 48 die
385 2709 130 48 Welt
543 2726 82 31 von
663 2712 92 47 ihm
798 2712 133 49 halte.
1065 2716 91 54 „Zu
1376 2717 88 48 rief
1489 2719 165 49 Beetho-

152 2801 99 39 ven,
282 2787 181 48 machte
494 2787 73 49 die
599 2790 287 47 Pantomime
917 2790 78 49 des
1020 2792 371 66 Clavierspielens
1415 2796 89 48 und
1530 2798 126 47 schüt-

150 2863 107 48 telte
287 2864 86 48 den
407 2865 133 65 Kopf.
581 2867 90 54 „So
702 2868 147 62 gehen
878 2869 75 48 Sie
983 2872 115 47 nach
1129 2872 230 63 England,
1390 2873 79 48 das
1498 2876 75 47 Sie
1604 2876 52 48 be-

451 2943 181 48 schrieb
666 2944 194 50 Weber.
916 2948 93 55 „Zu
1227 2949 146 48 schrie
1404 2952 278 57 Beethoven,

148 3018 138 48 nahm
323 3019 180 50 Weber
533 3020 364 51 demonstrirend
930 3033 133 39 unter
1093 3025 71 49 die
1194 3029 143 47 Arme
1371 3029 89 47 und
1490 3047 84 47 zog
1604 3031 75 48 ihn

150 3097 79 48 mit
260 3098 114 48 nach
406 3098 101 49 dem
540 3100 272 56 Sauerhofe,
842 3118 73 32 wo
947 3119 48 31 er
1023 3105 176 63 speiste.

266 3177 114 47 Hier
421 3193 96 32 war
559 3178 256 48 Beethoven
859 3197 113 47 ganz
1010 3183 306 48 Herzlichkeit
1359 3184 89 47 und
1484 3185 195 50 Wärme

147 3267 148 49 gegen
329 3254 195 50 Weber.
571 3257 161 47 Dieser
759 3257 223 49 schreibt:

276 3368 17 19 „
486 3333 108 49 Wir
637 3334 219 48 brachten
903 3337 86 47 den
1030 3337 162 64 Mittag
1236 3338 328 48 miteinander
1604 3357 72 38 zu,

143 3409 106 47 sehr
274 3409 193 50 fröhlich
500 3410 91 50 und
621 3417 239 61 vergnügt.
892 3415 163 49 Dieser
1084 3415 161 55 rauhe,
1269 3417 405 49 zurückstossende

143 3486 188 49 Mensch
364 3489 180 48 machte
590 3490 85 47 mir
719 3490 252 50 ordentlich
1016 3493 72 48 die
1119 3493 141 56 Cour,
1305 3494 209 48 bediente
1556 3495 116 49 mich

143 3563 72 49 bei
242 3565 162 50 Tische
434 3568 81 48 mit
544 3568 127 48 einer
699 3569 220 65 Sorgfalt,
949 3572 85 47 wie
1063 3572 122 49 seine
1215 3574 163 47 Dame.
1411 3574 138 55 Kurz,
1579 3574 70 48 die-

140 3658 73 33 ser
237 3644 99 63 Tag
359 3644 115 49 wird
497 3646 88 49 mir
606 3646 164 50 immer
795 3648 305 67 denkwürdig
1132 3650 198 56 bleiben,
1359 3667 49 33 so
1432 3652 84 48 wie
1538 3652 136 58 allen,

140 3720 73 48 die
242 3720 134 50 dabei
408 3738 172 35 waren.
610 3726 62 47 Es
702 3726 236 64 gewährte
968 3728 85 48 mir
1083 3728 99 49 eine
1211 3729 160 65 eigene
1401 3729 273 66 Erhebung,

141 3798 119 49 mich
290 3815 85 33 von
398 3799 169 51 diesem
592 3819 188 47 grossen
806 3805 151 48 Geiste
989 3805 80 48 mit
1095 3822 50 33 so
1175 3806 259 49 liebevoller
1456 3808 217 65 Achtung

140 3876 319 51 überschüttet
487 3897 53 31 zu
782 3900 39 32 u.
851 3899 35 33 s.
917 3900 55 32 w.

257 3956 263 50 Beethoven
549 3958 153 49 lenkte
732 3959 79 49 das
835 3960 231 67 Gespräch
1090 3961 83 49 auf
1579 3979 93 33 was

141 4033 182 50 Weber
365 4036 149 50 indess
557 4036 228 51 ablehnte.
844 4040 71 48 Da
956 4040 146 65 fragte
1133 4040 259 50 Beethoven
1427 4041 245 64 Haslinger

1790 254 114 47 über
1936 254 82 47 den
2059 258 149 46 Tisch:
2251 259 137 54 „Wie
2419 261 50 44 ist
2497 261 78 45 das
2824 263 87 45 und
2946 264 212 47 während
3183 267 76 47 We-

1791 330 80 49 ber
1911 333 279 48 aufschrieb:
2242 336 151 52 „Ganz
2431 338 258 61 erträglich,
2730 341 81 44 voll
2848 341 192 47 schöner

1790 408 122 48 halte
1944 411 255 52 Beelhoven
2228 412 277 61 Haslinger's
2535 414 345 64 Kopfschütteln
2911 419 212 60 gesehen,
3154 419 145 47 lachte

1791 485 92 46 laut
1914 485 80 46 auf
2020 485 87 47 und
2140 487 107 47 rief:
2298 488 194 53 „Immer
2520 488 71 48 die
2622 493 85 45 alte
2739 492 285 48 Geschichte!
3070 493 70 48 die
3169 494 101 47 deut-

1789 562 136 45 schen
1960 563 184 46 Dichter
2175 563 179 47 können
2398 565 159 46 keinen
2589 576 136 52 guten
2756 569 116 46 Text
2913 571 355 47 zusammenbrin-

1978 640 127 52 „Und
2410 643 176 46 schrieb
2620 644 190 48 Weber.
2850 648 120 51 „Das
3001 649 51 45 ist
3081 649 68 46 ein
3182 648 94 47 fran-

1790 715 217 46 zösisches
2325 727 125 53 sagte
2478 720 271 55 Beethoven,
2789 723 92 52 „ins
2906 724 276 47 Italiänische
3214 725 86 47 und

1792 792 117 45 dann
1954 800 89 38 erst
2086 794 63 44 ins
2190 795 225 46 Deutsche
2800 798 128 54 „Und
2961 802 169 45 welche
3158 803 143 47 Texte

1794 868 147 45 halten
1974 869 72 46 Sie
2079 870 74 46 für
2184 872 68 44 die
2546 873 143 61 fragte
2723 874 190 48 Weber.
2956 877 225 53 „Vestalin
3214 879 87 46 und

2233 948 85 45 rief
2346 949 252 47 Beethoven
2629 950 118 47 ohne
2778 952 237 49 Besinnen.

1912 1023 122 45 Beim
2067 1023 254 48 Abschiede
2353 1033 224 39 umarmte
2609 1028 88 45 und
2728 1029 149 47 küsste
2909 1029 252 48 Beethoven
3191 1030 76 50 We-

1794 1096 78 47 ber
1904 1100 208 47 mehrere
2143 1101 135 52 Male,
2321 1101 165 49 behielt
2524 1104 131 62 lange
2693 1105 121 47 seine
2858 1106 198 49 schmale
3089 1108 132 47 Hand
3262 1109 42 47 in

1791 1175 146 47 seiner
1961 1176 138 47 Faust
2123 1179 87 44 und
2238 1179 104 47 riel:
2384 1180 172 53 „Glück
2587 1181 80 47 auf
2692 1199 77 29 zur
2800 1199 142 31 neuen
2967 1184 150 62 Oper!
3150 1185 152 47 Wenn

1792 1251 66 47 ich
1894 1251 135 55 kann,
2060 1254 182 47 komme
2274 1255 65 46 ich
2370 1272 78 30 zur
2477 1264 147 39 ersten

1908 1330 104 46 Tief
2045 1331 177 62 bewegt
2264 1333 87 47 und
2388 1334 201 47 erhoben
2623 1335 156 48 kehrte
2814 1336 176 49 Weber
3019 1338 113 47 nach
3167 1338 137 48 Wien

1791 1406 165 46 zurück
1974 1407 51 60 *).

1905 1484 163 48 Leider
2107 1485 158 47 wurde
2308 1486 141 47 dieses
2481 1487 277 49 Verhältniss
2800 1489 80 47 der
2920 1489 160 49 beiden
3118 1508 183 47 grossen

1792 1561 186 47 Männer
2020 1579 51 29 zu
2115 1564 217 45 einander
2375 1565 198 46 nachher
2618 1565 141 48 durch
2794 1566 510 54 Zwischenträgereien.

3106 1615 24 16 o

1792 1639 144 45 wobei
1970 1639 243 47 besonders
2243 1640 69 47 die
2342 1641 115 46 oben
2485 1643 231 47 erwähnte
2737 1644 327 63 Jugendsünde
3093 1644 212 49 Weber's

1789 1730 145 47 gegen
1975 1716 69 46 die
2089 1717 176 53 Eroica,
2306 1734 80 30 von
2427 1719 80 45 der
2540 1720 252 48 Beethoven
2831 1721 144 47 nichts
3012 1730 198 55 gewusst
3254 1740 52 30 zu

1791 1793 147 46 haben
1982 1794 188 52 scheint,
2213 1812 145 46 gegen
2393 1797 177 46 Weber
2613 1797 182 49 benutzt
2824 1799 174 55 wurde,
3041 1800 41 46 in
3121 1816 47 32 so
3209 1801 95 47 fern

1790 1870 168 46 wieder
1998 1875 187 58 gestört,
2229 1872 99 47 dass
2370 1872 129 48 beide
2541 1874 200 48 brieflich
2786 1876 120 46 nicht
2944 1877 129 46 mehr
3103 1878 79 46 mit
3211 1878 69 46 ein-

1790 1947 140 47 ander
1961 1948 282 48 verkehrten.
2299 1950 201 47 Niemals
2530 1952 95 45 sind
2657 1954 61 45 sie
2747 1953 89 47 sich
2864 1953 162 63 jedoch
3057 1954 249 64 irgendwie

1791 2024 217 48 hindernd
2041 2025 41 47 in
2115 2026 83 46 den
2232 2027 123 64 Weg
2386 2035 218 56 getreten.

2372 2181 4 4 •

1784 2265 72 54 Ist
1896 2266 82 55 die
2022 2267 353 73 Gesangkunst
2411 2269 237 54 wirklich
2697 2271 52 51 in
2798 2269 218 55 Verfall!
3076 2270 227 56 Welches

1784 2352 113 55 sind
1938 2352 82 55 die
2062 2354 254 54 Ursachen
2357 2354 268 56 desselben
2667 2355 103 55 und
2810 2356 215 55 welches
3068 2356 112 55 sind
3220 2357 82 54 die

2066 2439 178 68 Mittel,
2286 2441 106 54 ihm
2434 2443 549 71 entgegenzuarbeiten!

2899 2563 73 40 **).

2117 2563 320 46 Aphorismen
2465 2575 90 23 von
2584 2564 144 34 Ernst
2756 2563 131 36 Koch

1899 2672 73 47 Ich
2017 2672 209 49 erinnere
2270 2674 135 53 mich,
2448 2674 178 63 gelesen
2669 2690 51 29 zu
2765 2674 165 54 haben,
2974 2672 100 49 dass
3118 2674 181 64 Righini

1782 2751 113 47 einst
1942 2754 250 61 geäussert,
2242 2768 99 30 zum
2398 2751 169 64 Singen
2624 2751 172 64 gehöre
2852 2750 229 49 dreierlei:
3131 2759 170 40 erstens

1781 2829 207 54 Stimme,
2017 2829 210 47 zweitens
2250 2829 208 53 Stimme,
2490 2829 186 47 drittens
2706 2829 204 48 Stimme.
2943 2829 112 48 Will
3081 2845 103 32 man
3210 2829 69 48 die-

1780 2923 75 30 sen
1888 2906 264 65 Ausspruch
2191 2906 148 65 gellen
2379 2906 161 58 lassen,
2584 2921 48 32 so
2662 2905 113 47 wird
2816 2921 103 32 man
2949 2923 54 30 zu
3034 2906 157 65 fragen
3221 2906 54 50 ha-

1781 2982 85 49 ben
1883 3001 10 30 :
1936 2984 168 47 Fehlt
2142 3000 53 31 es
2239 3000 63 32 an
2344 2982 307 49 Stimmen?

1882 3144 37 47 *)
1951 3144 40 37 C.
2022 3145 50 33 M.
2103 3157 34 22 v.
2169 3144 139 35 Weber
2336 3156 74 22 von
2439 3145 91 33 Max
2558 3144 52 34 M.
2640 3156 35 24 v.
2707 3144 148 35 Weber.
2886 3144 48 34 11.
2965 3144 35 35 S.
3030 3142 73 38 509
3133 3145 39 36 ff.

1879 3205 60 46 **)
1970 3206 79 35 Seit
2076 3206 146 33 Jahren
2251 3206 49 33 ist
2332 3205 94 34 über
2455 3206 129 34 diesen
2609 3205 243 46 Gegenstand
2880 3216 41 23 so
2950 3204 76 35 viel
3054 3205 247 45 geschrieben

1776 3267 164 44 worden,
1981 3267 62 34 nie
2072 3267 65 33 hat
2165 3277 39 23 es
2232 3267 105 33 mehr
2365 3267 224 34 instructive
2620 3266 139 35 Werke
2788 3265 78 35 und
2893 3265 408 47 Bildungs-Anstalten

1773 3327 183 46 gegeben,
1987 3326 55 35 als
2071 3326 241 47 heutzutage,
2353 3328 78 33 und
2466 3328 60 33 nie
2555 3328 48 33 ist
2632 3326 65 34 der
2723 3325 157 47 Mangel
2908 3337 45 21 an
2983 3330 118 40 guten
3130 3325 171 47 Sängern

1773 3387 193 35 fühlbarer
1992 3399 190 35 gewesen,
2212 3387 54 33 als
2294 3388 39 32 in
2360 3387 305 47 gegenwärtiger
2687 3386 95 34 Zeit.
2813 3385 114 34 Diese
2958 3385 214 34 Thatsache
3201 3387 100 35 steht

1771 3449 84 46 fest,
1893 3448 79 34 und
2001 3448 59 33 die
2088 3448 141 45 Frage:
2263 3447 140 35 Woher
2431 3448 145 33 kommt
2604 3447 91 34 das?
2739 3446 135 45 drängt
2902 3445 82 34 sich
3012 3445 287 36 unwillkürlich

1773 3511 75 33 auf.
1879 3509 56 35 Ob
1963 3509 62 34 ich
2055 3508 101 36 diese
2186 3510 121 44 Frage
2336 3509 251 45 erschöpfend
2616 3507 77 34 und
2721 3519 47 21 zu
2797 3507 104 33 eines
2930 3506 124 34 Jeden
3081 3506 198 35 Zufrieden-

1771 3572 79 33 heit
1877 3570 260 35 beantworten
2166 3569 136 46 werde,
2333 3569 150 35 möchte
2512 3569 61 34 ich
2602 3567 239 45 bezweifeln,
2885 3566 136 42 zumal,
3059 3566 46 35 da
3133 3568 58 34 die
3220 3568 52 33 An-

1771 3631 149 36 sichten
1947 3631 93 35 über
2068 3631 126 34 diesen
2224 3630 131 36 Punkt
2393 3643 40 23 so
2472 3630 249 35 verschieden
2751 3629 95 37 sind.
2902 3630 91 33 Was
3022 3627 61 35 ich
3112 3627 81 34 hier
3217 3628 59 33 nie-

1772 3692 250 43 derschreibe,
2052 3692 48 34 ist
2128 3693 123 33 meine
2279 3691 315 47 Ueberzeugung,
2622 3690 59 35 die
2709 3691 63 34 ich
2800 3691 38 34 in
2868 3690 71 34 den
2968 3688 208 35 sechszehn
3204 3687 70 35 Jah-

1770 3766 80 34 ren,
1877 3755 39 32 in
1945 3752 171 35 welchen
2145 3753 63 34 ich
2236 3751 56 36 als
2322 3752 280 46 Gesanglehrer
2625 3753 123 45 thätig
2774 3762 177 35 gewesen
2979 3750 75 43 bin,
3086 3758 211 36 gewonnen

1770 3814 108 36 habe.
1933 3813 67 37 Ich
2030 3813 172 35 schreibe
2231 3814 55 34 sie
2314 3813 131 35 nieder
2473 3815 37 32 in
2544 3814 104 34 einer
2675 3813 92 42 Zeit,
2813 3822 57 24 wo
2909 3822 86 23 man
3025 3808 164 36 vielfach
3218 3806 77 35 und

1771 3876 183 35 ernstlich
1994 3876 154 35 bemüht
2184 3876 61 45 ist,
2290 3875 83 34 dem
2404 3873 118 36 Uebel
2565 3876 84 33 eine
2680 3871 202 47 Wendung
2924 3883 83 22 zum
3036 3872 184 32 Besseren
3248 3880 47 22 zu

1770 3938 135 47 geben.
1959 3937 68 35 Ich
2054 3936 173 36 schreibe
2256 3937 54 33 sie
2339 3936 131 35 nieder
2497 3937 39 33 in
2566 3935 65 35 der
2659 3933 172 47 Absicht,
2874 3933 84 34 dass
2990 3930 62 36 ich
3095 3931 83 34 eine
3206 3933 88 44 gute

1771 4000 122 38 Sache
1919 3997 153 36 fördern
2100 3996 129 35 helfen
2257 3996 165 39 möchte.

1875 4059 114 46 Köln,
2018 4060 51 34 im
2100 4058 211 36 December
2340 4055 113 41 1864.
3071 4051 43 34 E»
3144 4050 45 36 K.

2917 4104 68 69 n
