3424 4404
1645 151 73 54 39

189 307 136 52 Auch
358 305 148 52 dieses
530 301 158 55 Werk
718 304 172 67 gehört
918 322 54 30 zu
1005 301 91 50 den
1125 300 164 51 besten
1322 300 83 50 der
1435 315 207 36 neueren

69 389 427 69 Orgel-Literatur.
529 385 120 50 Sehr
678 385 236 68 gelungen
939 383 58 48 ist
1018 381 74 50 die
1108 381 136 68 Fuge
1267 379 121 52 über
1409 379 89 51 den
1517 380 94 50 Cho-

67 469 71 52 ral
179 469 138 60 „Nun
346 468 96 49 sich
473 465 83 50 der
588 467 102 64 Tag
718 461 204 70 geendet

189 578 140 51 Karl
359 580 230 63 Seeger,
618 577 100 47 Der
735 572 264 70 praktische
1018 572 240 67 Organist,
1290 573 72 48 ein
1379 571 261 68 periodisch

308 654 357 53 erscheinendes
696 652 165 51 Hand-
892 651 94 49 und
1013 652 323 58 Musterbuch,
1367 660 138 41 unter
1532 651 81 49 Mit-

308 737 219 66 wirkung
557 736 84 49 der
670 736 188 48 Herren
895 733 42 48 J.
969 732 207 58 Andre,
1219 732 421 57 Bodenschatz,

309 818 84 49 Dr.
439 818 239 55 Brauer,
746 815 84 47 Dr.
875 813 40 50 J.
958 813 178 59 Faist,
1205 813 54 50 G.
1304 811 226 68 Flügel,
1587 812 52 48 F.

309 895 366 59 lvühmstedt,
730 895 54 48 F.
814 895 40 48 J.
886 893 248 60 Runkel,
1190 896 45 48 S.
1276 892 230 57 Müller,
1555 893 85 49 Dr.

308 977 149 51 Volk
471 994 184 38 mann,
684 976 51 48 P.
768 975 234 50 Walter
1031 992 43 32 u.
1104 975 58 49 A.
1205 976 137 47 Erste
1371 972 269 67 Lieferung.

311 1057 128 50 Preis
473 1055 70 50 36
572 1056 83 47 Kr.
697 1052 267 52 Odenbach
997 1071 38 33 a.
1068 1056 81 57 M.,
1181 1053 75 50 bei
1285 1055 43 48 J.
1358 1051 205 52 Andre.

193 1157 161 49 Dieses
386 1154 113 49 Heft
527 1152 174 50 enthält
732 1169 158 33 ausser
919 1152 151 50 einem
1101 1154 123 48 Paar
1253 1155 241 63 grösserer
1522 1149 91 49 Vor-

71 1237 142 68 spiele
254 1253 91 33 von
387 1234 334 49 Volkmann
760 1232 96 50 und
896 1234 45 48 S.
974 1234 214 48 Müller
1225 1231 222 48 fünfzehn
1493 1229 150 49 kleine

73 1314 446 68 Choral-Vorspiele
562 1312 84 50 der
698 1312 359 50 verschiedenen
1101 1311 310 57 Mitarbeiter,
1465 1309 178 50 welche

73 1399 88 49 alle
191 1396 108 50 sehr
331 1394 229 58 fliessend,
602 1394 191 67 gefällig
824 1392 95 51 und
942 1401 85 60 gut
1056 1392 305 68 orgelmässig
1390 1390 115 51 sind.
1563 1390 77 49 Ob

72 1476 149 51 dieses
250 1474 355 52 Unternehmen
636 1474 165 48 keinen
833 1474 216 48 ferneren
1066 1474 244 64 Fortgang
1338 1470 178 67 gehabt
1544 1470 98 58 hat,

72 1557 190 51 können
290 1555 88 49 wir
406 1555 127 51 nicht
562 1554 231 67 angeben,
825 1554 60 49 da
914 1570 86 32 uns
1030 1552 134 50 keine
1188 1552 223 49 weiteren
1427 1550 185 51 Sendun-

73 1654 93 51 gen
194 1635 340 69 zugekommen
565 1634 114 49 sind.
737 1631 289 52 Ausserdem
1063 1632 130 50 sollte
1225 1631 136 67 jeder
1389 1630 255 66 Lieferung

73 1717 76 49 ein
176 1715 360 51 Literaturblatt
565 1714 250 67 beigefügt
843 1711 206 51 werden.
1092 1712 53 49 In
1176 1710 317 67 beiliegender
1522 1707 122 70 (vom

71 1797 94 50 Juli
203 1796 165 66 1854)
420 1795 146 49 findet
608 1811 109 33 man
758 1795 101 48 eine
903 1810 116 51 ganz
1060 1791 220 51 kostbare
1310 1791 211 50 Polemik
1565 1790 81 49 des

75 1879 160 48 Herrn
266 1878 54 49 G.
350 1878 42 48 J.
422 1876 191 50 Körner
641 1891 152 50 gegen
824 1874 146 49 dieses
999 1872 368 51 Unternehmen.

198 1983 51 51 C.
284 1982 205 50 Albert
516 1980 258 68 Ludwig,
807 1982 172 48 Grosse
1002 1980 268 59 Phantasie,
1296 1979 106 50 dem
1422 1979 225 50 General-

312 2059 457 69 Superintendenten
820 2060 84 49 Dr.
951 2062 198 47 Peters
1201 2058 445 67 hochachtungsvoll

308 2140 290 69 zugeeignet.
643 2142 172 56 Gotha,
856 2140 61 50 H.
947 2139 422 51 Wattenbach.

195 2242 118 48 Eine
341 2238 269 59 Phantasie,
652 2238 47 50 in
729 2237 85 51 der
844 2238 71 48 ein
947 2237 224 49 Bisschen
1215 2237 135 49 mehr
1381 2236 268 58 Phantasie,

75 2321 88 49 wir
185 2321 184 49 meinen
386 2318 285 68 Erfindung,
701 2317 128 49 nicht
858 2316 205 49 schaden
1093 2316 192 58 könnte,
1315 2314 96 52 und
1438 2316 209 66 zugleich

76 2403 103 49 eine
210 2405 214 63 grössere
452 2398 274 68 Mässigung
764 2398 43 47 in
840 2397 83 48 der
953 2397 268 57 Phantasie,
1259 2397 42 48 d.
1334 2397 44 49 h.
1409 2397 102 48 eine
1544 2412 78 33 cor-

77 2488 178 42 rectere
288 2482 161 55 Form,
480 2478 108 48 sehr
617 2476 199 50 nützlich
845 2481 141 44 wäre.
1018 2474 112 50 Dies
1146 2474 149 69 klingt
1311 2474 213 69 paradox
1550 2474 97 50 und

78 2562 56 48 ist
162 2577 48 32 es
240 2559 118 51 doch
392 2558 138 50 nicht.
575 2557 180 49 Finden
787 2557 85 48 wir
903 2556 73 49 bei
1009 2556 228 49 manchen
1267 2556 348 67 Orgel-Compo-

76 2641 150 49 nisten
269 2640 133 49 mehr
442 2641 143 47 Form
631 2637 91 48 und
764 2636 235 58 Studium,
1042 2636 66 48 als
1148 2636 189 49 frisches
1374 2634 180 59 Leben,
1597 2652 50 32 so

75 2720 119 54 zeiet
233 2720 96 48 sich
372 2718 100 50 hier
511 2717 102 50 eine
650 2733 126 32 zwar
803 2714 119 51 noch
955 2714 213 56 unklare,
1211 2714 117 50 aber
1356 2714 119 50 doch
1507 2713 112 50 musi-

146 2770 27 17 o

76 2800 201 50 calische
309 2800 184 59 Quelle.
525 2799 99 47 Vor
655 2798 121 48 allen
805 2796 187 66 Dingen
1024 2795 166 49 rathen
1221 2796 84 48 wir
1336 2796 104 48 dem
1461 2794 161 49 Verfas-

80 2898 90 39 ser,
203 2880 135 48 mehr
369 2878 174 50 Werth
576 2878 84 49 auf
683 2877 72 48 die
781 2875 268 66 Erfindung
1077 2894 55 29 zu
1162 2876 151 65 legen,
1345 2876 125 48 nicht
1500 2874 148 67 gleich

80 2960 128 56 alles,
238 2976 99 32 was
367 2960 95 47 ihm
494 2958 43 48 in
569 2957 87 49 den
678 2957 129 65 Kopf
831 2956 197 57 kommt,
1053 2955 101 49 aufs
1175 2955 171 67 Papier
1373 2974 52 29 zu
1458 2954 193 58 werfen,

80 3038 95 50 und
203 3038 280 50 schliesslich
514 3038 210 65 weniger
754 3035 293 66 clavierartig
1076 3053 54 30 zu
1160 3035 261 49 schreiben.

202 3144 123 50 Joh.
370 3143 186 49 Ludw.
603 3143 214 58 Krebs,
864 3144 493 66 Gesammt-Ausgabe
1399 3144 83 49 der
1525 3146 93 47 Ton-

323 3223 162 48 stücke
527 3224 78 47 für
636 3223 72 48 die
739 3223 165 65 Orgel,
946 3223 389 67 herausgegeben
1377 3241 86 32 von
1502 3224 147 49 Karl

324 3303 268 48 Geissler.
641 3323 48 28 o.
720 3301 306 67 Abtheilung.
1057 3303 111 48 Heft
1200 3302 48 51 3.
1280 3303 129 49 Preis
1450 3304 63 49 10
1545 3305 103 65 Sgr.

318 3381 319 67 Magdeburg,
669 3382 45 47 II
730 3398 24 31 e
769 3381 12 48 i
797 3400 27 29 n
838 3381 44 48 ri
896 3398 23 31 c
930 3381 28 48 h
970 3398 19 31 s
1004 3381 29 48 h
1047 3399 27 31 o
1087 3381 98 50 fen.

202 3480 245 50 Nachdem
477 3480 83 48 der
589 3478 216 50 wackere
837 3478 94 48 und
974 3478 126 49 beste
1130 3480 197 48 Schüler
1355 3480 167 49 Bacli's
1552 3480 72 49 bei-

85 3562 121 50 nahe
237 3577 245 49 vergessen
513 3577 115 39 war,
673 3559 169 66 fangen
882 3558 108 65 jetzt
1023 3558 85 49 auf
1131 3559 169 49 einmal
1330 3560 112 48 zwei
1472 3560 175 48 Musik-

83 3642 244 66 Verleger,
358 3639 391 50 Heinrichshofen
781 3637 92 49 und
904 3638 203 56 Körner,
1138 3656 75 39 an,
1257 3638 94 49 sich
1383 3658 78 29 um
1492 3639 157 50 seinen

85 3720 353 50 musicalischen
453 3718 227 51 Nachlass
705 3736 55 31 zu
783 3717 328 57 bekümmern,
1141 3718 230 49 natürlich
1389 3737 103 30 zum
1519 3736 104 48 gros-

85 3819 81 30 sen
195 3803 183 47 Nutzen
403 3800 79 49 des
505 3798 289 58 Publicurns,
825 3797 82 49 das
936 3815 95 31 nun
1052 3798 306 65 Gelegenheit
1388 3798 96 57 hat,
1517 3798 134 48 beide

84 3880 257 66 Ausgaben
374 3899 54 30 zu
457 3878 306 68 vergleichen.
809 3877 88 48 Die
938 3876 296 67 vorliegende
1263 3877 52 49 ist
1346 3886 181 40 correct
1557 3877 94 49 und

87 3959 140 66 billig.

1388 3956 56 51 V.
1474 3957 58 50 D.

1777 296 283 48 Fünftes
2095 291 1131 51 Gesellschafts-Concert
3226 291 1 53 in
3227 291 1 53 Köln

2057 397 60 36 im
2158 394 329 48 Hauptsaale
2525 394 83 35 des
2649 391 305 39 Gürzenich.

2207 498 100 34 Den
2350 493 77 41 26.
2449 496 199 37 Januar
2688 496 111 36 1858.

1794 587 252 47 Programm:
2092 585 30 35 I.
2169 588 38 41 1)
2237 582 174 37 Sinfonie
2439 581 38 35 in
2512 580 127 35 B-dur
2675 592 76 24 von
2780 580 76 36 Ed.
2886 576 203 38 Franck
3134 573 131 47 (Manu-

1715 648 124 48 cript),
1871 660 88 24 zum
1989 651 127 33 ersten
2145 646 132 45 Male;
2317 648 42 44 2)
2390 642 263 49 Sopran-Arie
2682 642 111 44 ~Auf
2820 641 170 35 starkem
3222 646 71 26 aus

1715 711 178 48 Haydn
1897 711 7 14 1
1919 723 17 23 s
2307 718 205 38 gesungen
2554 716 78 24 von
2673 704 103 35 Frau
2821 701 186 47 Sophie
3052 700 241 41 Förster;

1717 775 37 46 3)
1786 774 164 35 Concert
1980 775 60 33 für
2070 773 59 35 die
2158 773 152 35 Violine
2340 783 76 24 von
2448 768 177 45 Viotti,
2665 765 169 49 gespielt
2863 776 75 24 von
2966 763 40 36 J.
3037 761 249 36 Joachim.

1715 836 49 36 11.
1807 836 40 41 4)
1879 835 219 37 Ouvertüre
2127 847 87 23 zum
2245 835 294 45 Wasserträger
2578 842 76 25 von
2685 827 307 41 Cherubini;
3039 825 37 43 5)
3106 822 187 36 Cavatine

1716 909 71 24 aus
1817 898 186 35 Lucrezia
2032 897 139 47 Borgia
2203 908 75 25 von
2306 894 280 44 Donizetti,
2631 902 202 38 gesungen
2874 900 77 24 von
2980 888 105 35 Frau
3114 885 37 37 S.
3182 884 85 35 För-

1717 962 125 42 ster;
1888 961 41 44 6)
1959 959 275 47 Gesangscene
2263 959 63 35 für
2354 957 60 36 die
2443 957 153 36 Violine
2625 966 76 24 von
2733 954 45 35 L.
2806 950 174 49 Spohr,
3028 946 165 49 gespielt
3221 957 76 23 von

1715 1021 41 38 J.
1787 1021 255 45 Joachim;
2084 1025 40 42 7)
2154 1022 78 34 Der
2265 1023 83 36 114.
2377 1021 132 35 Psalm
2541 1022 63 33 für
2634 1016 319 46 achtstimmigen
2983 1012 103 36 Chor
3114 1009 80 36 und
3225 1007 49 37 Or-

1717 1085 151 35 chester
1896 1096 77 24 von
2000 1085 44 34 F.
2073 1084 500 37 Mendelssohn-Bar
2585 1081 196 47 tholdy.

1797 1148 72 34 Die
1912 1159 98 23 neue
2051 1147 172 36 Sinfonie
2266 1159 74 23 von
2370 1146 70 37 Ed.
2469 1145 151 36 Franck
2649 1146 53 34 ist
2741 1144 61 35 ein
2832 1135 288 42 ehrenwertlies
3151 1131 138 49 Werk,

1717 1209 152 37 überall
1897 1210 86 36 klar
2012 1209 79 36 und
2120 1208 201 45 fliessend;
2351 1222 46 22 an
2428 1208 274 36 melodischem
2723 1206 109 44 Reiz,
2863 1204 73 34 wie
2966 1213 48 23 an
3044 1195 251 51 geistvollem

1717 1272 198 47 Schwung
1944 1271 104 37 steht
2078 1273 55 34 sie
2157 1271 143 46 jedoch
2331 1270 66 36 der
2425 1274 127 31 ersten
2571 1270 172 35 Sinfonie
2773 1268 67 35 des
2872 1262 280 48 Componisten
3181 1255 114 40 nach.

1715 1336 83 34 Das
1826 1335 210 35 Publicum
2063 1334 118 36 nahm
2208 1332 209 38 besonders
2449 1332 61 36 die
2538 1333 95 35 zwei
2660 1331 146 37 letzten
2835 1329 117 35 Sätze
2980 1325 71 36 mit
3079 1321 191 45 achtungs-

1717 1397 142 37 vollem
1889 1396 165 36 Beifalle
2082 1396 77 38 auf.

1794 1459 105 35 Frau
1930 1457 192 48 Sophie
2165 1458 213 35 Förster
2420 1469 79 24 von
2526 1455 176 37 Dresden
2730 1453 198 38 bewährte
2957 1451 40 35 in
3027 1446 141 40 beiden
3197 1444 75 35 lor-

1715 1523 137 44 trägen
1882 1519 73 36 den
1984 1520 84 34 Ruf
2092 1521 106 34 einer
2226 1518 291 48 vorzüglichen,
2547 1515 265 38 künstlerisch
2830 1509 350 50 durchgebildeten
3199 1505 72 36 Sän-

1717 1584 120 47 gerin,
1882 1582 136 36 dessen
2049 1584 54 34 sie
2133 1583 73 35 seit
2234 1583 153 46 einigen
2414 1582 152 35 Jahren
2593 1581 40 34 in
2662 1577 270 38 Deutschland
2973 1573 184 49 geniesst.
3205 1567 90 37 Ihre

1717 1646 222 35 Intonation
1968 1646 53 34 ist
2051 1646 94 45 rein,
2185 1644 66 37 der
2280 1645 224 36 Tonansatz
2535 1646 84 44 gut,
2660 1641 61 36 die
2749 1638 255 46 Behandlung
3034 1636 66 35 des
3129 1631 164 38 Athems

1717 1706 246 46 vortrefflich,
1993 1707 61 36 die
2084 1707 205 35 Coloratur
2312 1707 110 46 glatt,
2453 1704 209 39 besonders
2690 1705 53 33 im
2771 1714 127 24 mezza
2926 1712 87 24 voce
3015 1726 10 17 ,
3058 1698 65 35 der
3151 1693 144 38 Triller

1720 1773 148 33 correct
1897 1770 79 34 und
2004 1769 204 48 glänzend.
2254 1770 82 34 Das
2366 1768 88 36 sind
2482 1766 317 49 Eigenschaften,
2842 1777 70 24 vor
2953 1763 123 35 denen
3112 1770 89 25 man
3228 1768 67 24 um

1720 1844 43 24 so
1792 1831 108 36 mehr
1916 1831 188 47 Achtung
2133 1831 127 36 haben
2288 1843 121 33 muss,
2440 1831 58 36 als
2522 1832 56 34 sie
2608 1830 74 35 auf
2706 1830 125 34 einem
2860 1828 155 34 ernsten
3044 1822 80 36 und
3153 1821 142 44 langen

1722 1894 179 36 Studium
1931 1895 186 45 beruhen,
2154 1895 167 35 welches
2350 1894 119 36 leider
2496 1895 136 33 immer
2661 1892 166 36 seltener
2855 1888 106 36 wird.
3019 1890 79 34 Der
3125 1883 27 36 V
3163 1885 132 43 ortrag

1723 1958 125 36 dürfte
1876 1956 130 36 indess
2036 1970 49 22 an
2113 1956 211 36 Ausdruck
2353 1957 81 35 und
2458 1956 197 47 Innigkeit
2682 1954 214 47 gewinnen,
2927 1961 112 25 wenn
3068 1947 60 35 die
3146 1945 125 35 Künst-

1722 2021 98 36 lerin
1862 2020 191 36 zuweilen
2098 2020 61 35 die
2199 2020 272 47 Empfindung,
2514 2018 61 36 die
2616 2019 52 33 im
2708 2028 149 36 ganzen
2885 2009 279 40 Musikstücke
3206 2017 67 25 vor-

1724 2083 189 45 herrscht,
1943 2083 107 35 mehr
2079 2083 342 46 berücksichtigte,
2467 2082 58 35 als
2555 2080 172 38 einzelne
2757 2078 145 36 Stellen
2929 2075 81 36 und
3091 2074 93 34 orte.
3232 2069 63 35 Sie

1724 2149 151 33 ärntete
1902 2145 199 36 lebhaften
2117 2144 143 36 Beifall
2287 2144 80 35 und
2397 2144 132 35 wurde
2557 2142 100 36 nach
2688 2142 66 35 der
2782 2141 165 34 zweiten
2973 2137 92 35 Arie
3094 2133 175 49 gerufen.

1802 2209 101 36 Herr
1932 2208 325 36 Concertmeister
2284 2208 237 35 Joachim
2549 2218 80 24 war
2658 2207 63 35 ein
2743 2202 258 50 gefährlicher
3017 2193 280 43 Nebenbuhler

1724 2272 62 36 für
1816 2271 59 36 die
1904 2272 201 47 Sängerin.
2135 2272 90 35 Sein
2253 2271 215 47 mächtiger
2486 2272 85 33 Ton
2599 2269 80 36 und
2708 2269 66 35 der
2803 2265 151 50 geniale
2985 2262 210 44 Schwung,
3225 2257 73 36 den

1724 2345 40 25 er
1793 2334 143 36 diesem
1967 2335 106 35 Tone
2102 2336 39 35 in
2165 2335 110 46 jeder
2301 2335 73 34 Art
2404 2334 65 36 des
2498 2332 245 45 Ausdrucks,
2772 2328 210 38 besonders
3010 2325 93 36 aber
3129 2320 166 48 überall,

1723 2409 60 24 wo
1828 2397 66 37 der
1925 2397 215 37 Charakter
2180 2398 66 36 der
2275 2398 263 46 Composition
2580 2395 228 48 grossartig,
2850 2388 235 51 pathetisch,
3129 2384 169 37 erhaben

1724 2461 63 43 ist,
1818 2472 49 23 zu
1896 2460 125 47 geben
2051 2463 123 43 weiss,
2222 2462 126 35 haben
2376 2462 39 33 in
2446 2460 66 35 der
2543 2459 105 35 That
2684 2457 110 36 nicht
2834 2455 106 37 bloss
2970 2459 119 28 etwas
3119 2446 154 37 Hinreis-

1723 2523 149 46 sendes,
1905 2523 163 36 sondern
2099 2530 119 29 etwas
2250 2521 396 48 Ueberwältigendes.
2693 2519 120 36 Jeder
2840 2516 129 37 Strich
2999 2516 52 33 ist
3081 2511 96 44 edel,
3212 2510 63 34 kei-

1720 2599 68 23 ner
1816 2586 115 36 buhlt
1959 2598 66 23 um
2054 2587 152 44 Beifall,
2237 2587 68 35 das
2336 2598 123 35 ganze
2488 2584 105 47 Spiel
2621 2584 100 34 lässt
2751 2582 71 34 den
2843 2579 179 36 Zuhörer
3049 2577 73 33 den
3145 2573 123 35 Künst-

1722 2652 56 33 ler
1806 2659 207 35 vergessen
2041 2648 80 35 und
2143 2660 75 23 nur
2246 2648 68 35 das
2344 2645 239 38 Kunstwerk
2611 2644 134 44 hören,
2785 2654 43 24 so
2858 2642 70 33 wie
2958 2651 37 23 er
3026 2637 122 36 selbst
3181 2632 112 37 dabei

1725 2723 48 22 an
1803 2711 83 35 sich
1914 2711 81 35 und
2023 2713 106 34 seine
2158 2712 144 35 Person
2331 2710 110 34 nicht
2469 2709 132 45 denkt,
2641 2707 165 36 sondern
2834 2717 73 23 nur
2936 2715 48 23 an
3011 2701 100 43 den,
3157 2698 136 35 dessen

1726 2773 109 35 Geist
1861 2774 37 34 in
1930 2775 131 34 seinen
2090 2774 169 35 Werken
2303 2786 38 22 er
2374 2772 190 45 jedesmal
2609 2782 69 23 zur
2705 2768 273 44 Erscheinung
3008 2765 162 44 bringen
3201 2758 94 36 will.

1727 2838 79 33 Das
1835 2837 51 34 ist
1915 2838 59 33 ein
2004 2836 388 36 charakteristisches
2423 2834 166 35 Zeichen
2632 2845 47 23 an
2722 2833 143 34 diesem
2895 2839 161 37 grossen
3084 2822 213 38 deutschen

1726 2899 198 44 Künstler,
1969 2897 90 36 dass
2089 2899 83 34 sein
2202 2898 115 46 Spiel,
2361 2909 109 23 wenn
2501 2909 88 22 man
2618 2907 43 24 so
2688 2906 118 34 sagen
2836 2893 96 42 darf,
2973 2890 98 35 stolz
3101 2888 62 41 ist,
3203 2884 92 37 aber

1724 2961 163 35 niemals
1917 2961 101 35 eitel.
2047 2960 50 36 So
2127 2960 127 36 dürfte
2282 2973 39 23 er
2350 2960 100 35 denn
2479 2960 101 34 auch
2611 2958 103 35 wohl
2743 2956 66 35 der
2830 2955 161 45 Einzige
3015 2953 92 41 sein,
3137 2949 65 35 der
3233 2948 61 36 die

1725 3022 238 49 gediegenen
1992 3022 461 47 Violin-Compositionen
2497 3022 95 33 aller
2619 3018 199 43 Perioden,
2860 3028 76 24 von
2963 3019 34 34 J.
3029 3014 37 36 S.
3096 3010 107 37 Bach
3232 3009 61 37 bis

1726 3086 69 34 auf
1819 3083 279 37 Mendelssohn
2127 3087 72 33 auf
2223 3084 128 46 gleich
2381 3084 265 34 meisterhafte
2679 3083 126 34 Weise
2834 3079 126 48 spielt.

1804 3147 308 35 Mendelssohn's
2154 3146 85 37 114.
2269 3146 132 35 Psalm
2444 3145 153 36 machte
2640 3156 62 23 am
2750 3143 184 36 Schlüsse
2976 3141 67 34 des
3085 3139 209 35 Concertes

1725 3210 82 35 eine
1837 3221 65 23 um
1931 3221 42 23 so
2000 3212 176 43 grössere
2204 3208 203 46 Wirkung,
2437 3208 57 34 als
2526 3208 66 34 der
2620 3206 106 37 reich
2745 3206 169 35 besetzte
2933 3203 104 36 Chor
3060 3203 120 35 damit
3203 3200 66 37 end-

1724 3272 77 35 lich
1831 3271 131 36 seinen
1991 3270 225 47 mächtigen
2244 3271 130 45 Klang
2404 3271 211 34 entfaltete.
2673 3269 73 35 Die
2774 3268 258 45 Ausführung
3058 3266 66 35 des
3153 3263 117 49 präch-

1725 3335 105 45 tigen
1859 3334 316 46 Gesangstüekes
2207 3344 79 24 war
2314 3332 109 36 recht
2451 3338 84 41 gut.

1886 3522 47 53 Tages-
1941 3522 23 53 und
1972 3522 157 53 Unterhaltungs-Blatt.

1808 3608 181 40 I&öliift«
2035 3614 174 47 Sonntag
2239 3616 71 35 den
2343 3620 58 33 24.
2435 3615 34 38 d.
2494 3615 91 37 Mts.
2628 3616 75 46 gab
2748 3615 64 35 der
2855 3617 440 51 Männergesang-

1725 3683 192 35 Verein
1948 3681 82 35 sein
2060 3681 156 34 zweites
2246 3678 333 36 Winter-Concert
2607 3680 51 33 im
2679 3678 261 38 Casinosaale.
2971 3682 80 36 Das
3067 3684 229 47 Programm

1726 3745 161 37 enthielt
1917 3744 82 35 eine
2028 3742 110 38 recht
2167 3742 183 43 hübsche,
2395 3754 47 21 an
2481 3741 292 47 Abwechslung
2817 3743 129 35 reiche
2984 3746 192 38 Auswahl
3221 3762 76 24 von

1727 3808 219 46 Gesängen.
1995 3808 73 34 Die
2107 3806 256 45 Ausführung
2401 3815 78 25 war
2523 3816 44 23 so
2606 3805 246 47 vorzüglich,
2895 3808 73 35 wie
2999 3810 69 35 wir
3096 3812 55 35 sie
3181 3814 114 48 lange

1725 3871 110 36 nicht
1863 3871 141 47 gehört
2032 3870 143 43 haben;
2220 3880 87 23 man
2348 3873 148 30 musste
2539 3868 68 34 mit
2646 3868 178 36 Freuden
2871 3872 216 50 bekennen,
3136 3875 89 36 dass
3255 3889 38 24 es

1728 3935 124 35 einem
1882 3934 112 36 dabei
2023 3947 42 23 so
2094 3945 48 23 zu
2171 3932 136 36 Muthe
2336 3945 91 32 war,
2471 3933 60 34 als
2559 3932 139 38 stände
2729 3934 66 36 der
2828 3936 138 36 Verein
2997 3945 77 29 erst
3097 3942 100 45 jetzt
3225 3945 72 34 auf

1729 3998 87 36 dem
1843 3998 291 47 Höhenpunkte
2228 4009 86 23 man
2343 4007 158 35 vergass
2533 3996 78 35 fast
2642 3997 58 36 die
2724 3998 222 49 bisherigen
2975 4002 210 38 trefflichen
3208 4006 63 36 Lei-

1730 4065 167 43 stungen
1926 4061 95 36 über
2050 4061 60 35 die
2137 4060 124 36 letzte.
2291 4059 86 35 Den
2404 4059 170 49 Vortrag
2601 4073 74 24 von
2708 4061 42 38 C.
2781 4063 54 36 M.
2860 4076 36 25 v.
2924 4066 171 35 Weber's
3117 4067 151 37 Schlum-

1729 4124 171 46 merlied,
1930 4137 76 23 von
2035 4124 40 37 F.
2109 4123 90 35 Otto
2218 4136 16 22 s
2263 4122 126 48 Klage
2420 4123 146 45 („Weit
2595 4123 94 37 über
2719 4125 68 35 das
3006 4129 77 34 und
3110 4130 38 33 in
3178 4131 92 37 ande-

1729 4202 61 24 rer
1819 4190 175 46 Gattung
2035 4201 75 23 von
2141 4188 239 38 Girschner's
2410 4189 129 46 „Hüte
2792 4192 151 34 möchte
2971 4203 86 23 man
3089 4192 100 36 wohl
3218 4197 57 34 nir-

1729 4252 122 49 gends
1894 4254 39 34 in
1971 4252 269 37 Deutschland
2284 4264 42 25 so
2368 4254 197 36 vollendet
2605 4254 192 47 gelungen
2826 4254 116 35 hören
2973 4254 163 40 können.
3196 4257 102 39 Herr
