2385 4087
233 185 24 30 2
268 185 54 42 30

952 188 58 30 LE
1045 187 239 32 MERCURE
1319 187 216 31 MUSICAL

365 432 249 61 ÉCHOS

288 607 60 42 Le
374 606 313 43 Dictionnaire
713 607 59 42 du
798 607 366 45 Conservatoire.
1268 609 37 42 Il
1331 623 57 29 ne
1411 609 132 57 s'agit
1582 623 85 42 pas
1710 609 63 42 du
1823 609 310 43 volumineux
2164 611 50 41 ré-

231 669 206 55 pertoire
459 670 57 40 de
542 670 62 41 M.
633 670 233 42 Constant
894 670 174 54 Pierre,
1093 673 62 41 où
1186 673 97 42 l'on
1313 682 115 47 peut
1452 672 187 44 vérifier
1679 686 92 41 que
1812 673 65 41 M.
1928 673 310 56 Tartempion

233 740 79 33 eut
330 731 120 56 jadis
469 745 92 28 une
595 741 47 32 2®
659 732 221 42 médaille
907 733 57 42 de
991 734 176 57 solfège
1193 745 45 33 et
1261 737 221 54 possède,
1509 749 123 43 pour
1669 743 105 34 tout
1809 736 193 55 bagage,
2028 736 44 42 le
2130 736 108 43 titre

233 793 111 42 d'un
363 793 159 56 opéra.
548 793 125 43 C'est
691 808 65 28 un
786 795 317 43 dictionnaire
1125 798 260 52 d'histoire,
1407 799 206 55 quelque
1644 798 144 42 chose
1837 812 184 28 comme
2044 799 42 41 le
2112 799 126 42 Fétis

234 856 228 41 moderne
487 870 129 38 revu,
640 857 230 51 diminué,
895 859 467 45 considérablement
1385 862 198 56 aggravé
1609 870 45 34 et
1677 861 163 43 revêtu
1876 862 139 41 d'une
2037 863 200 42 autorité

235 917 236 52 officielle,
490 933 85 41 par
598 933 94 29 une
713 920 228 43 sélection
969 922 56 42 de
1046 923 298 55 professeurs
1370 934 45 33 et
1439 924 202 43 d'élèves
1665 925 55 41 de
1745 924 41 41 la
1811 924 130 42 seule
1966 924 186 43 maison
2176 926 62 41 où

232 980 93 41 l'on
348 981 139 42 sache
513 981 230 44 l'histoire
769 984 57 41 de
851 983 44 42 la
913 985 236 56 musique.
1179 987 63 41 Ce
1257 988 148 55 grand
1430 988 205 52 dessein,
1661 987 129 42 éclos
1816 988 118 41 dans
1961 988 42 41 le
2038 1002 200 29 cerveau

231 1042 218 55 puissant
473 1045 110 41 d'un
603 1046 82 41 des
705 1046 106 54 plus
838 1057 187 33 savants
1051 1049 214 42 hommes
1283 1051 116 42 dont
1430 1050 402 57 s'enorgueillisse
1856 1059 135 33 notre
2026 1051 180 42 Conser-

231 1106 199 53 vatoire,
458 1108 175 42 s'avéra
654 1108 185 42 bientôt
859 1110 309 44 irréalisable.
1196 1114 101 41 «Ce
1323 1115 117 40 n'est
1482 1129 101 41 pas,
1607 1114 140 42 disait
1790 1122 75 33 cet
1910 1114 327 55 organisateur

231 1168 273 56 infatigable
531 1170 63 42 du
617 1171 166 43 travail
809 1173 218 55 d'autrui,
1056 1188 50 28 ce
1130 1177 119 40 n'est
1268 1190 84 40 pas
1379 1176 137 55 qu'ils
1535 1178 221 54 ignorent
1774 1177 103 41 leur
1899 1177 182 43 métier.
2107 1179 128 52 Non,

228 1231 57 42 ils
310 1241 163 33 savent
494 1233 43 41 la
563 1234 219 55 musique
799 1235 172 55 [mieux
988 1250 91 43 que
1102 1251 237 42 personne
1370 1253 58 27 au
1447 1241 189 41 monde.
1665 1239 120 42 Mais
1811 1239 230 42 l'histoire
2087 1254 58 28 ne
2168 1241 67 41 les

234 1294 229 43 intéresse
485 1310 84 42 pas
590 1297 61 41 du
675 1306 106 34 tout
794 1298 6 42 !
840 1299 136 42 Ainsi
1007 1300 231 52 Taffanel,
1267 1303 97 51 oui,
1392 1302 268 53 lui-même,
1680 1316 58 27 ne
1773 1316 48 27 se
1860 1303 146 42 doute
2025 1317 83 41 pas
2145 1317 90 42 que

234 1359 44 41 la
303 1358 129 54 flûte,
452 1359 33 41 il
517 1375 29 40 y
571 1374 24 28 a
621 1361 256 56 cinquante
898 1376 99 39 ans,
1025 1378 48 27 se
1099 1365 307 41 construisait
1431 1374 267 32 autrement
1717 1366 403 55 qu'aujourd'hui.
2147 1383 17 23 »
2197 1368 37 40 Il

233 1422 136 41 fallut
405 1422 124 42 donc
555 1422 115 43 faire
694 1425 154 54 appel,
875 1425 26 41 ô
928 1425 160 52 honte,
1118 1427 25 40 à
1175 1427 231 55 quelques
1455 1428 334 54 compétences
1843 1443 97 27 non
1970 1429 264 55 diplômées

231 1498 84 42 par
355 1484 42 42 la
423 1485 202 51 maison,
654 1495 45 33 et
722 1500 84 41 par
849 1488 122 41 suite
1005 1489 111 42 bien
1143 1498 243 47 suspectes
1416 1508 9 25 :
1468 1491 117 41 MM.
1635 1491 54 42 A.
1724 1491 228 53 Gastoué,
1985 1493 54 42 A.
2081 1493 151 54 Pirro,

236 1547 53 41 R.
319 1547 203 42 Rolland
548 1566 9 32 ;
585 1549 109 41 d'où
718 1557 180 34 sortent
923 1560 107 32 tous
1058 1565 77 28 ces
1162 1553 200 54 gens-là,
1392 1554 40 54 je
1459 1567 119 28 vous
1618 1552 116 57 prie,
1771 1564 45 32 et
1844 1569 57 27 ne
1928 1555 195 43 vont-ils
2151 1570 83 41 pas

232 1619 367 45 compromettre
624 1625 93 28 une
741 1625 161 30 oeuvre
923 1613 80 56 qui
1023 1615 295 54 s'annonçait
1343 1615 207 43 sérieuse
1571 1615 17 42 ?
1614 1618 59 40 Et
1692 1618 108 54 puis
1818 1618 42 42 le
1878 1618 123 53 titre,
2021 1632 84 42 par
2135 1619 100 41 leur

233 1670 254 52 intrusion,
514 1688 56 28 va
593 1688 48 28 se
659 1683 191 34 trouver
871 1676 112 41 hors
1009 1677 240 56 d'emploi,
1278 1687 44 33 et
1368 1679 111 40 c'est
1524 1681 150 54 grand
1717 1681 266 55 dommage.
2022 1681 121 42 Mais
2172 1696 62 27 on

235 1735 334 42 n'abandonne
586 1750 83 41 pas
685 1750 93 28 une
802 1738 127 41 aussi
955 1739 259 54 généreuse
1241 1742 284 54 entreprise;
1550 1756 62 27 on
1628 1752 200 33 consent
1841 1744 230 55 quelques
2089 1744 121 42 sacri-

234 1797 128 53 fices,
397 1808 43 33 et
465 1800 95 41 l'on
586 1801 234 55 poursuit,
847 1803 55 40 de
924 1803 108 53 plus
1066 1803 141 50 belle,
1233 1817 50 27 sa
1308 1803 225 44 chimère.
1561 1806 66 42 M.
1658 1806 576 57 Bourgault-Ducoudray

233 1875 47 27 se
304 1860 138 54 défie,
471 1870 44 33 et
537 1876 48 27 se
612 1863 168 42 défile?
803 1865 118 51 Qu'à
943 1864 102 42 cela
1070 1878 57 28 ne
1139 1865 183 43 tienne!
1349 1867 135 42 Nous
1510 1867 303 57 assignerons
1840 1870 347 42 Mendelssohn
2210 1872 24 39 à

235 1924 64 43 M.
323 1925 213 50 Rabaud,
567 1934 44 32 et
631 1926 42 41 le
698 1941 76 29 xvi
779 1936 17 23 e
825 1925 141 44 siècle
993 1928 113 42 àM.
1123 1928 323 43 Hillemacher
1471 1930 178 55 (lequel
1670 1931 81 42 des
1773 1932 126 41 deux
1915 1931 101 43 ?ou
2030 1941 108 34 tous
2163 1933 68 42 les

234 1986 123 41 deux
376 1986 17 41 ?
411 2001 94 41 peu
530 1988 203 55 importe
756 2007 9 25 :
808 1990 102 42 leur
952 1992 308 54 compétence
1302 2001 69 33 est
1407 1993 149 55 égale,
1586 2007 78 27 car
1687 2003 108 31 tous
1833 1994 121 42 deux
1990 2003 109 33 sont
2129 1994 105 56 prix

235 2050 57 41 de
313 2050 185 52 Rome),
528 2065 23 28 «
571 2051 85 42 J'ai
682 2052 251 56 beaucoup
959 2055 158 41 étudié
1139 2054 42 42 le
1203 2069 76 28 xvi
1285 2063 13 18 e
1322 2055 339 55 siècle,depuis
1688 2057 20 41 3
1731 2070 83 28 ans
1835 2070 40 39 »,
1893 2057 141 41 disait
2056 2057 146 42 récem-

232 2121 144 44 ment,
405 2113 110 41 àun
534 2114 56 42 de
610 2128 86 28 nos
713 2115 135 54 amis,
869 2116 96 43 l'un
985 2131 62 28 ou
1072 2118 163 41 l'autre
1263 2118 56 41 de
1342 2132 76 28 ces
1452 2117 145 44 frères
1631 2119 80 55 qui
1738 2134 47 27 se
1813 2128 198 34 mettent
2057 2121 25 41 à
2110 2121 126 41 deux

230 2188 123 41 pour
384 2176 128 42 avoir
544 2177 62 42 du
649 2177 162 43 talent.
853 2179 137 51 Mais,
1031 2180 248 50 vraiment,
1328 2195 186 28 comme
1542 2196 63 27 on
1639 2196 24 28 a
1700 2183 186 41 montré
1929 2197 65 27 un
2036 2192 74 33 sot
2149 2197 56 28 en-

229 2248 258 44 gouement
508 2253 121 42 pour
655 2255 76 27 ces
765 2242 187 53 gens-là
981 2246 7 38 !
1029 2243 178 54 Tenez,
1233 2244 73 54 j'ai
1333 2244 43 41 là
1415 2244 66 42 les
1523 2244 324 55 publications
1894 2246 110 41 d'un
2051 2246 180 42 certain

232 2301 192 55 Expert,
452 2315 63 28 on
558 2316 74 29 me
659 2303 68 42 les
771 2317 25 28 a
819 2305 185 55 prêtées
1029 2319 9 38 ;
1068 2307 40 54 je
1135 2307 91 40 n'ai
1251 2321 83 41 pas
1360 2316 105 33 tout
1496 2307 48 42 lu
1573 2307 254 43 d'ailleurs.
1858 2308 121 42 Mais
2008 2309 223 55 l'étrange

228 2363 155 41 manie
410 2364 56 42 de
491 2373 73 33 cet
589 2366 208 54 homme,
827 2368 56 41 de
910 2368 296 42 s'intéresser
1231 2370 25 40 à
1277 2370 82 41 des
1379 2384 187 29 œuvres
1591 2384 109 27 sans
1734 2371 271 42 harmonie!
2107 2373 121 41 Sans

228 2427 247 41 harmonie
501 2427 17 42 ?
617 2429 108 50 Oui,
749 2444 117 27 vous
896 2444 59 28 ne
988 2431 68 41 les
1083 2432 283 42 connaissez
1390 2447 101 40 pas,
1516 2433 231 55 jelevois,
1774 2443 44 33 et
1837 2448 120 29 vous
1984 2449 109 29 avez
2121 2435 111 43 bien

228 2488 176 42 raison.
432 2490 120 41 Mais
580 2504 52 27 ce
653 2493 118 40 n'est
795 2507 90 40 que
908 2494 64 40 du
996 2495 315 54 contrepoint,
1345 2509 50 27 ce
1415 2498 120 39 n'est
1551 2509 82 42 pas
1661 2497 56 41 de
1742 2497 45 41 la
1812 2498 234 56 musique.
2144 2499 58 41 Ce-

226 2552 212 54 pendant
459 2552 273 43 l'orchestre
748 2556 246 54 moderne,
1024 2556 121 42 celui
1179 2558 55 40 de
1254 2559 206 54 Wagner
1506 2573 58 27 en
1592 2559 289 55 particulier,
1928 2561 180 42 n'est-il
2147 2576 84 41 pas

229 2613 141 42 fondé
398 2628 80 27 sur
503 2615 41 40 le
572 2617 334 55 contrepoint?
997 2618 74 42 Ah
1099 2622 79 39 !ce
1204 2621 120 41 n'est
1348 2635 84 41 pas
1445 2622 43 40 la
1513 2622 154 42 même
1694 2624 161 52 chose,
1872 2624 112 42 c'est
2008 2638 66 27 un
2100 2634 130 33 autre

228 2676 318 54 contrepoint.
572 2678 197 42 Comme
798 2693 61 27 on
887 2689 70 32 est
977 2680 227 52 heureux,
1233 2696 59 28 au
1322 2684 141 41 sortir
1489 2684 57 41 de
1570 2684 60 52 là,
1659 2685 56 41 de
1742 2695 191 34 trouver
1975 2700 66 28 un
2067 2687 56 41 de
2152 2701 78 28 ces

227 2749 478 45 accompagnements
732 2742 57 40 de
812 2742 180 55 guitare
1033 2758 59 27 en
1131 2746 194 55 arpèges
1360 2746 112 42 bien
1498 2756 309 42 consonants,
1832 2763 118 29 vous
1975 2763 152 39 savez,
2151 2764 78 28 ces

227 2800 239 43 chansons
496 2803 62 41 du
576 2817 93 28 xvn
673 2815 17 21 e
716 2803 141 44 siècle
880 2806 17 42 ?
1002 2806 205 55 Pardon,
1230 2808 43 55 je
1296 2808 187 56 croyais
1518 2823 91 41 que
1635 2824 78 28 ces
1747 2822 483 45 accompagnements

227 2862 175 43 étaient
428 2864 138 42 écrits
607 2879 122 42 pour
755 2867 117 52 luth,
901 2876 44 34 et
969 2882 58 29 en
1061 2871 197 41 accords
1282 2871 216 55 plaqués.
1604 2873 126 42 Luth
1756 2888 62 28 ou
1851 2874 197 57 guitare,
2076 2876 154 42 même

226 2925 302 44 instrument.
548 2928 207 58 Arpèges
785 2945 62 27 ou
871 2933 215 51 accords,
1113 2934 153 41 même
1289 2935 221 53 procédé.
1539 2935 75 42 Oh
1639 2940 120 39 non!
1789 2952 51 27 ce
1861 2950 98 30 xvie
1984 2937 170 44 siècle!
2178 2940 52 41 Je

224 2988 99 42 vais
351 2998 188 34 surtout
564 2992 182 42 étudier
762 3002 45 34 et
830 2994 224 56 critiquer
1068 3009 186 29 comme
1289 2996 57 43 ils
1379 2998 42 41 le
1445 2998 222 43 méritent
1696 3000 69 41 les
1792 3001 124 42 deux
1934 3010 190 34 auteurs
2162 3003 66 41 les

223 3052 107 54 plus
358 3053 411 58 caractéristiques
795 3057 56 42 de
884 3067 121 33 cette
1049 3059 187 55 époque
1265 3074 8 26 :
1309 3059 156 56 Dufay
1512 3069 45 33 et
1595 3062 212 44 Hassler.
1947 3065 74 41 Ah
2042 3067 6 39 !
2103 3066 127 41 Pour

226 3124 224 41 montrer,
473 3130 110 28 avec
611 3118 41 40 le
676 3119 222 53 premier,
927 3121 67 41 les
1021 3121 224 56 origines,
1266 3137 56 27 au
1350 3138 56 28 xv
1411 3135 17 21 e
1442 3123 157 51 siècle,
1623 3133 45 34 et
1691 3140 113 28 avec
1826 3127 179 53 l'autre,
2019 3128 44 42 la
2085 3129 114 41 déca-

226 3178 165 48 dence,
416 3192 57 27 au
499 3179 146 41 début
671 3181 62 41 du
765 3197 92 27 xvu
863 3191 14 18 e
904 3184 16 41 ?
1019 3184 120 42 Mais
1166 3199 113 40 non,
1306 3186 117 41 mais
1449 3201 115 39 non,
1588 3187 57 42 ils
1673 3198 108 33 sont
1806 3190 62 42 du
1896 3205 76 28 xvi
1975 3202 18 22 e
2026 3200 107 33 tous
2159 3192 68 42 les

226 3241 141 50 deux,
396 3255 61 28 ou
480 3241 62 42 du
569 3243 155 42 moins
748 3244 55 42 ils
831 3255 82 32 ont
946 3261 51 27 ce
1025 3248 134 56 style.
1178 3248 84 42 J'ai
1288 3248 48 42 lu
1361 3248 125 44 leurs
1509 3264 205 38 œuvres,
1738 3253 264 54 Monsieur,
2022 3253 57 42 ils
2106 3255 94 42 écri-

224 3313 110 33 vent
364 3312 109 34 tous
499 3304 66 42 les
592 3306 123 41 deux
740 3307 24 41 à
798 3318 163 45 quatre
983 3311 188 54 parties.
1199 3329 22 21 >»

282 3368 64 40 Le
377 3366 313 44 dictionnaire
725 3379 204 45 promet,
953 3386 62 27 on
1037 3373 42 42 le
1118 3373 114 54 voit,
1255 3374 143 43 d'être
1425 3375 139 56 digne
1602 3377 58 42 de
1691 3377 123 43 celui
1837 3379 82 54 qui
1951 3379 41 42 le
2032 3391 191 45 conçut,

224 3438 44 33 et
294 3430 63 42 du
385 3430 368 44 Conservatoire
780 3433 80 55 qui
886 3448 112 28 aura
1023 3436 71 41 été
1113 3450 87 29 son
1223 3438 217 42 berceau.
1475 3440 125 41 Fétis
1628 3454 104 28 sera
1762 3454 65 29 un
1854 3443 187 43 modèle
2067 3445 56 42 de
2161 3447 46 41 sé-

224 3492 150 54 rieux,
402 3494 56 41 de
480 3494 223 43 méthode
725 3504 44 34 et
789 3497 56 42 de
870 3497 313 56 perspicacité
1217 3503 168 54 auprès
1412 3502 56 42 de
1488 3516 52 28 ce
1567 3504 357 54 qu'annoncent
1950 3520 79 29 ces
2054 3508 144 55 prémi-

224 3570 97 28 ces.
358 3558 59 40 Et
438 3556 94 42 l'on
570 3572 138 28 saura
733 3560 129 41 enfin
888 3561 56 42 de
967 3561 113 56 quoi
1114 3571 71 33 est
1209 3565 197 54 capable
1440 3579 65 28 un
1531 3565 233 44 musicien
1787 3568 200 54 lauréat,
2011 3570 216 57 lorsqu'il

225 3618 189 55 daigne,
438 3629 132 33 entre
617 3622 123 42 deux
762 3623 203 55 drames,
994 3633 166 34 mettre
1184 3626 44 41 la
1249 3627 127 42 main
1414 3629 24 41 à
1463 3627 230 46 l'histoire
1720 3630 57 43 de
1806 3645 87 28 son
1921 3642 83 34 art.

279 3716 278 45 L'Officieux
588 3720 303 52 d'Académie,
932 3735 91 43 que
1049 3723 95 41 l'on
1171 3725 185 54 appelle
1395 3727 128 42 aussi
1548 3727 44 43 le
1621 3730 242 42 Moniteur
1881 3731 59 41 du
1970 3731 191 44 Cuistre
2168 3767 8 18 ,
2205 3749 25 26 a

224 3779 147 43 voulu
398 3781 291 45 donnerune
714 3784 148 56 petite
894 3785 139 56 leçon
1059 3787 25 41 à
1110 3788 274 43 M.Gabriel
1409 3791 167 52 Fauré,
1603 3791 121 44 ainsi
1743 3793 108 56 qu'à
1874 3803 106 34 tous
2006 3808 118 30 ceux
2149 3797 79 56 qui
