3444 4358
1665 221 93 47 171

184 351 58 49 da
272 350 110 50 aber
409 350 71 48 die
507 353 299 47 Instrumente
834 357 324 55 zertrümmert,
1200 357 69 48 die
1309 358 363 48 Orchesterleute

183 433 218 42 zerstreut
428 443 169 41 waren,
628 428 89 47 und
745 428 79 48 der
848 430 330 64 Capellmeister
1208 433 76 47 das
1308 434 151 47 Weite
1488 435 186 62 gesucht

181 503 141 57 hatte,
352 518 47 32 so
427 509 91 42 trat
545 504 162 63 Signor
735 506 229 56 Potessini,
1001 506 78 49 der
1500 510 171 47 hervor.

180 579 161 47 Dieser
371 579 376 63 Generalpächter
787 580 79 48 der
904 583 213 47 Narrheit
1154 583 216 55 erschien,
1412 600 74 31 um
1529 585 145 47 Effect

184 670 55 31 zu
267 652 205 58 machen,
513 654 43 47 in
585 655 315 49 diabolischem
929 659 445 47 Bertram-Costume
1399 659 89 47 und
1517 660 154 48 wurde

181 730 82 47 mit
282 730 188 47 Zischen
499 731 90 47 und
611 732 179 47 Lachen
819 734 450 63 zurückgeschlagen.
1298 735 85 46 Die
1412 735 259 65 aufgeregte

180 806 165 62 Menge
373 804 217 66 begehrte
621 807 198 49 lärmend
848 809 70 47 die
941 810 269 55 Ouvertüre,
1241 809 90 48 und
1359 809 78 48 der
1465 811 207 47 Director

183 889 166 40 musste
391 881 70 48 die
494 884 297 64 Aufführung
832 884 233 48 derselben
1106 886 307 62 versprechen.
1463 887 121 63 Spät,
1627 904 43 30 es

185 972 98 32 war
317 957 63 47 12
418 958 96 47 Uhr
554 960 182 56 Nachts,
778 958 218 49 nachdem
1039 961 82 46 alle
1163 961 280 48 akustischen
1481 961 190 48 Zeichen

183 1032 77 50 des
289 1033 178 65 Spottes
496 1035 89 48 und
615 1035 74 48 des
719 1036 161 47 Tadels
909 1036 224 63 erschöpft
1161 1054 167 39 waren,
1368 1045 87 40 trat
1482 1039 68 45 ich
1580 1055 89 30 vor.

181 1110 80 48 Als
289 1110 69 47 ich
388 1111 98 47 mits
505 1111 143 48 einem
692 1112 131 47 tiefen
855 1112 323 64 Complimente
1203 1113 111 47 mich
1346 1130 56 30 an
1430 1113 68 47 die
1526 1115 145 63 Spitze

183 1185 139 48 dieses
352 1185 219 49 invaliden
592 1187 279 62 Musikcorps
893 1188 157 55 stellte,
1081 1187 174 65 begann
1284 1188 96 47 eine
1408 1190 262 63 allgemeine

180 1263 380 63 Augenrüstung;
613 1263 276 47 sämmtliche
937 1265 271 55 Fernröhre,
1260 1266 274 62 Lorgnetten
1581 1266 89 47 und

183 1337 330 65 Operngucker
550 1338 217 47 richteten
808 1339 88 47 sich
929 1341 80 45 auf
1032 1339 115 50 mein
1176 1341 255 48 schwaches
1459 1341 91 57 Ich,
1594 1341 77 48 das

183 1412 223 65 befangen
448 1412 93 48 und
580 1413 382 65 ahnungsschwer
1007 1414 76 49 das
1117 1416 188 48 Zeichen
1345 1433 99 31 zum
1473 1417 198 63 Beginne

183 1488 104 65 gab.
341 1489 75 46 Ich
461 1489 145 47 fühlte
646 1491 97 47 eine
785 1507 111 47 enge
940 1491 207 48 Schwüle
1187 1510 74 29 um
1303 1492 115 47 mich
1462 1493 78 47 her
1581 1492 89 47 und

187 1563 174 50 merkte
387 1566 43 45 in
462 1566 169 47 meiner
654 1567 293 65 Verwirrung
962 1585 82 47 gar
1060 1568 135 56 nicht,
1211 1568 83 47 wie
1318 1567 76 48 das
1421 1568 146 48 Werk
1596 1567 75 48 des

188 1656 186 48 grossen
401 1640 173 49 Mozart
612 1642 287 48 misshandelt
935 1643 90 48 und
1062 1643 295 65 hingerichtet
1390 1644 171 47 wurde.
1601 1646 73 45 Da

185 1723 89 41 trat
302 1717 70 47 ein
402 1717 337 66 Policei-Agent
768 1719 76 47 mit
872 1719 198 48 weissem
1101 1719 137 48 Stabe
1277 1719 79 47 auf
1389 1719 92 47 und
1509 1719 163 48 schloss

185 1793 60 47 im
268 1793 176 48 Namen
466 1793 75 48 des
565 1794 314 48 Gouverneurs
900 1795 78 47 das
1001 1795 384 65 Schauspielhaus.
1407 1797 86 45 Die
1514 1795 160 49 Bühne

187 1868 128 48 füllte
343 1869 90 47 sich
463 1870 79 47 mit
570 1870 419 56 Colonialsoldatcn,
1018 1872 77 47 das
1124 1873 127 46 Haus
1279 1873 134 46 leerte
1441 1872 108 57 sich,
1578 1872 72 47 bin-

185 1962 88 32 nen
302 1945 104 49 fünf
427 1947 203 48 Minuten
665 1948 149 47 schien
851 1947 77 48 das
965 1963 137 48 ganze
1142 1950 208 46 Parterre
1390 1948 84 48 wie
1515 1964 133 47 ausge-

187 2021 146 58 kehrt,
367 2021 91 47 und
499 2023 43 47 in
570 2023 80 48 der
678 2041 166 47 ganzen
874 2024 127 47 Stadt
1027 2024 267 48 Melbourne
1331 2039 95 32 war
1451 2023 224 48 Niemand

190 2096 150 49 froher
380 2098 62 47 als
475 2098 84 47 ich.
606 2099 261 62 Folgenden
895 2100 145 62 Tages
1078 2099 161 47 hielten
1275 2100 274 46 sämmtliche
1576 2099 75 47 Zei-

185 2180 170 56 tungen
376 2173 305 48 Melbourne's
697 2174 100 47 dem
822 2190 314 49 ungezogenen
1161 2174 232 48 Publicum
1416 2175 96 47 eine
1535 2175 116 47 Straf-

187 2248 189 64 predigt.
418 2249 143 56 „Was
580 2250 78 47 soll
675 2251 204 63 Europa,
902 2267 91 30 was
1016 2250 70 48 die
1110 2250 127 48 Welt
1263 2267 84 31 von
1375 2267 80 30 uns

188 2324 152 48 eiferte
368 2324 80 48 der
764 2343 158 39 „wenn
950 2326 226 56 Künstler,
1205 2325 69 48 die
1303 2333 129 40 unter
1459 2343 47 30 so
1535 2326 140 47 vielen

189 2400 226 49 Gefahren
444 2400 113 48 über
585 2401 85 48 den
700 2402 156 47 Ocean
891 2420 52 29 zu
974 2419 80 30 uns
1083 2402 225 58 kommen,
1346 2419 47 30 so
1422 2402 148 64 wenig
1597 2419 52 47 ge-

187 2477 115 58 ehrt,
338 2494 130 32 wenn
496 2477 70 49 die
594 2480 161 55 Kunst,
786 2477 70 49 die
884 2495 81 31 uns
994 2479 198 48 erheben
1219 2480 95 53 soll.,
1356 2495 47 31 so
1434 2477 241 65 erniedrigt

390 2554 133 47 Diese
546 2554 349 64 eindringlichen
913 2555 164 49 Worte
1098 2555 207 48 schienen
1324 2555 96 47 ihre
1443 2555 231 65 Wirkung

185 2630 123 48 nicht
348 2629 185 49 verfehlt
571 2648 54 30 zu
665 2631 173 55 haben;
880 2630 116 48 denn
1026 2631 143 64 einige
1199 2632 122 63 Tage
1349 2635 146 60 später
1521 2630 153 65 spielte

185 2706 71 47 ich
284 2723 84 31 von
396 2706 86 47 den
512 2710 200 60 grössten
739 2707 404 64 Auszeichnungen
1172 2706 224 64 begleitet.

300 2781 76 48 Ich
399 2781 87 48 will
508 2782 113 48 noch
651 2782 44 47 in
722 2782 108 47 aller
852 2782 315 64 Schnelligkeit
1189 2782 256 56 erwähnen,
1476 2781 97 48 dass
1601 2781 68 47 ich

185 2874 102 31 vom
324 2857 255 65 englischen
608 2860 294 47 Gouverneur
937 2858 85 47 den
1056 2858 194 64 Auftrag
1286 2858 219 55 erhalten,
1545 2857 129 47 einen

184 2935 286 47 Festmarsch
510 2951 78 31 zur
623 2935 388 63 Eröffnungsfeier
1051 2933 79 49 der
1171 2941 143 41 ersten
1356 2933 318 49 australischen

183 3010 537 66 Industrie-Ausstellung
759 3029 52 29 zu
853 3012 301 62 componiren.
1209 3012 72 46 Da
1316 3027 44 31 es
1389 3010 84 47 mir
1501 3026 57 31 an
1586 3010 58 47 Ge-

183 3084 123 59 duld,
334 3086 113 57 Zeit,
481 3088 112 46 Lust
621 3087 91 48 und
739 3087 114 48 noch
882 3104 58 31 an
968 3086 341 48 verschiedenen
1338 3086 197 48 anderen
1562 3086 83 45 Din-

183 3178 87 49 gen
293 3163 241 64 mangelte,
564 3162 70 48 die
660 3180 54 30 zu
742 3163 144 47 einem
909 3162 321 48 Effectmarsch
1262 3162 74 47 für
1364 3162 77 47 das
1470 3161 180 48 australi-

183 3238 104 48 sche
316 3238 235 48 Publicum
580 3239 351 64 unumgänglich
966 3239 157 64 nöthig
1158 3238 113 57 sind,
1310 3255 47 30 so
1399 3237 165 65 beging
1604 3237 70 47 ich

184 3316 98 47 eine
311 3314 146 50 kleine
489 3316 194 55 Felonie,
717 3314 176 49 schrieb
922 3314 86 49 den
1036 3316 177 47 Marsch
1242 3314 74 57 ab,
1355 3313 85 48 den
1468 3313 67 47 ich
1566 3313 109 47 einst

185 3392 45 47 in
259 3391 250 49 Schweden
547 3392 60 47 im
635 3391 221 64 Auftrage
894 3391 75 47 des
1012 3391 203 63 dortigen
1243 3389 172 65 Königs
1451 3406 78 30 zur
1556 3389 89 47 Krö-

185 3467 440 65 nungsfeierlichkeit
646 3467 291 65 componirte,
960 3465 91 49 und
1079 3465 195 47 schickte
1300 3465 77 46 ihn
1404 3481 56 31 an
1488 3463 78 48 das
1589 3464 57 47 Co-

185 3543 118 47 mite.
336 3543 190 48 Gestern
556 3543 103 48 fand
687 3543 68 48 die
777 3543 150 48 Probe
950 3543 129 56 Statt,
1109 3542 78 47 der
1208 3540 176 49 Marsch
1413 3539 157 50 wurde
1599 3539 76 48 mit

184 3633 179 48 grosser
390 3620 310 47 Acclamation
740 3619 362 65 aufgenommen,
1143 3617 91 48 und
1270 3633 152 32 ausser
1459 3615 85 49 den
1578 3632 73 32 ver-

184 3694 283 64 sprochenen
496 3695 108 50 200
634 3697 147 48 Pfund
809 3698 213 47 Honorar
1062 3695 156 47 erhielt
1256 3694 70 47 ich
1352 3693 115 48 noch
1493 3709 85 31 von
1608 3693 67 47 Sr.

187 3770 232 49 Excellenz
451 3770 101 49 dem
584 3773 296 48 Gouverneur
908 3773 96 48 eine
1030 3768 532 52 Diamant-Busennadel.

298 3848 87 47 Um
407 3864 53 29 zu
482 3848 242 63 erproben,
745 3849 143 48 welch
912 3849 70 48 ein
1003 3848 174 63 lästiges
1195 3845 232 50 Geschenk
1449 3844 75 48 des
1547 3844 96 47 Him-

188 3923 109 48 mels
325 3923 215 48 zuweilen
576 3924 117 47 auch
730 3924 80 48 der
847 3925 114 48 feine
998 3924 277 49 Geschmack
1310 3923 75 47 für
1418 3920 146 50 Musik
1599 3919 76 57 sei,

185 4014 120 32 muss
333 4015 105 32 man
465 4015 86 32 nur
578 3999 122 48 solch
730 4000 144 48 einem
902 3999 417 49 transatlantischen
1333 3996 313 50 Monster-Con-

185 4083 118 40 certe
327 4075 284 59 beiwohnen,
640 4076 85 49 wie
754 4093 45 32 es
822 4093 71 32 am
918 4078 156 48 letzten
1089 4078 88 48 Juli
1203 4076 110 49 nach
1337 4073 337 61 Aufforderung

1745 360 75 49 des
1838 362 313 47 Gouverneurs
2173 362 57 45 im
2253 377 180 48 grossen
2456 362 337 49 mechanischen
2817 364 129 48 Saale
2968 365 115 47 Stalt
3105 367 113 47 fand.

1744 437 59 45 Es
1832 437 193 62 geschah
2066 453 98 31 zum
2194 438 160 46 Besten
2396 437 75 47 des
2508 438 309 62 patriotischen
2847 439 149 48 Fonds
3026 442 74 44 für
3128 457 72 30 ver-

1744 511 207 49 wundete
1978 513 223 62 englische
2230 511 208 49 Soldaten
2469 513 56 45 im
2555 513 169 48 Orient.
2762 517 93 45 Der
2883 532 114 30 neue
3028 517 171 62 philhar-

1744 588 223 47 monische
1999 588 180 53 Verein,
2210 586 68 47 die
2306 586 499 64 Sänger-Gesellschaft,
2842 590 81 47 alle
2953 591 238 63 Schauspie-

1742 663 80 54 ler,
1864 663 432 63 Opern-Mitglieder
2349 663 90 47 und
2480 663 324 48 Musikbanden
2845 665 185 50 wirkten
3081 668 142 48 durch

1742 739 109 46 volle
1874 738 106 48 böse
2001 739 150 47 sieben
2175 738 198 47 Stunden
2395 738 43 48 in
2461 739 160 62 langen
2650 738 183 66 dreissig
2855 741 245 49 Nummern
3130 744 89 46 mit.

1741 812 84 47 Die
1854 829 136 47 ganze
2020 812 272 49 fashionable
2310 814 166 63 Gentry
2500 812 314 58 Melbourne's,
2846 815 68 48 die
2942 818 279 60 gewöhnlich

1742 887 69 47 bei
1840 889 193 53 solchen.
2050 889 345 62 Gelegenheiten
2423 905 77 31 vor
2528 889 257 48 Entzücken
2822 891 42 46 in
2893 891 126 48 einen
3048 892 169 49 sanften

1741 965 279 47 Schlummer
2050 965 188 54 verfällt,
2276 964 105 47 hielt
2418 964 143 63 tapfer
2602 980 79 31 aus
2721 965 89 47 und
2840 966 116 48 blieb
2986 984 77 30 aus
3090 970 102 46 Zart-

1742 1039 89 48 heit
1859 1041 75 46 für
1962 1040 84 48 den
2074 1040 320 62 wohlthätigen
2419 1039 163 48 Zweck
2620 1047 175 41 munter
2837 1041 64 48 bis
2937 1059 96 30 zum
3064 1044 157 48 letzten

1742 1116 176 47 Stücke.

1853 1191 146 48 Schon
2028 1190 142 64 einige
2193 1190 200 48 Stunden
2415 1206 78 31 vor
2513 1190 80 47 der
2613 1190 380 66 Saal-Eröffnung
3015 1195 204 47 umstand

1741 1266 95 47 eine
1851 1266 215 48 zahlreich
2092 1266 226 47 wartende
2333 1267 162 62 Menge
2517 1265 77 48 das
2611 1281 151 48 grosse
2779 1266 442 60 Arsenal-Gebäude,

1741 1357 132 49 sogar
1914 1359 77 31 aus
2033 1342 84 47 den
2158 1342 298 48 entfernteren
2483 1342 151 47 Minen
2668 1341 161 48 kamen
2859 1359 137 47 ganze
3025 1345 197 47 Scharen

1742 1417 363 63 herangezogen;
2149 1433 43 31 es
2225 1432 95 32 war
2358 1417 97 47 eine
2489 1417 262 62 allgemeine
2779 1417 317 65 Wanderung,
3137 1421 84 45 wie

1741 1511 52 29 zu
1822 1493 84 47 den
1935 1493 299 64 olympischen
2263 1492 192 63 Spielen,
2492 1492 88 47 und
2610 1510 91 30 wer
2742 1493 119 47 nicht
2889 1493 197 64 gesunde
3114 1496 81 63 Rip-

1742 1585 85 47 pen
1855 1567 90 48 und
1973 1568 220 62 Ellbogen
2224 1568 134 55 hatte,
2401 1574 163 41 musste
2603 1567 299 66 unbefriedigt
2941 1569 165 47 wieder
3142 1569 52 49 ab-

1741 1644 165 47 ziehen.
1951 1644 153 64 Gegen
2136 1643 29 48 8
2196 1644 96 47 Uhr
2319 1643 183 47 Abends
2535 1643 213 48 krachten
2786 1643 69 48 die
2890 1652 144 41 ersten
3063 1647 125 47 Lärm-

1742 1719 178 47 schüsse
1953 1719 80 47 der
2061 1720 253 46 Ouvertüre
2352 1718 122 47 einer
2502 1718 299 65 Composition
2841 1718 75 48 des
2944 1720 278 63 Engländers

1742 1797 169 63 Linley,
1939 1795 43 47 in
2010 1794 79 48 der
2111 1794 69 48 die
2203 1793 432 66 abgebrauchtesten
2659 1795 332 47 musicalischen
3014 1797 176 47 Gemein-

1745 1870 145 49 heiten
1919 1887 79 30 aus
2025 1869 303 48 sämmtlichen
2356 1869 362 64 Weltgegenden
2752 1869 165 47 redlich
2945 1887 246 32 zusammen-

1744 1954 215 57 getragen
1999 1963 165 31 waren.
2220 1948 132 46 Dann
2399 1947 133 62 folgte
2573 1947 68 45 ein
2690 1962 171 47 grosses
2897 1947 326 48 orientalisches

1744 2020 481 50 Schlachten-Tonbild
2259 2038 83 30 von
2370 2020 162 64 Bishop
2564 2020 77 47 mit
2669 2021 192 63 Gesang,
2898 2021 325 56 Deciamation,

1745 2100 134 54 Tanz,
1947 2098 240 63 obligatem
2246 2096 467 64 Kanonengedonner,
2779 2098 114 45 Rulc
2945 2098 279 56 Britannia's,

1745 2173 366 62 Pferdegetrabe,
2140 2171 415 47 Türkenmärschen
2584 2188 42 29 u.
2655 2187 32 30 s.
2716 2187 55 30 w.

1857 2248 158 63 Einige
2042 2249 122 62 Tage
2192 2248 112 47 nach
2334 2246 163 47 diesem
2528 2246 232 56 Concerte,
2789 2244 76 49 das
2893 2245 101 47 dem
3024 2248 176 62 patrioti-

1744 2324 133 47 sehen
1907 2324 172 48 Comite
2107 2324 114 47 nahe
2250 2339 56 32 an
2335 2321 198 57 20,000
2564 2322 65 47 Fl.
2659 2321 189 64 eintrug,
2878 2324 339 45 veranstalteten

1744 2399 69 47 die
1841 2399 98 47 hier
1966 2397 217 49 lebenden
2213 2399 267 56 Franzosen,
2522 2413 56 31 an
2606 2396 136 48 deren
2768 2397 146 64 Spitze
2942 2396 79 47 der
3050 2397 145 49 franzö-

1744 2475 138 47 sische
1912 2475 164 48 Consul
2105 2475 115 47 Graf
2244 2474 220 63 Chirapey
2490 2474 131 54 steht,
2649 2474 126 45 einen
2804 2472 269 65 glänzenden
3095 2475 100 46 Fest-

1744 2551 104 56 ball,
1877 2550 99 48 dem
2004 2550 273 48 sämmtliche
2293 2549 331 48 Honoratioren
2645 2549 316 55 Melbourne's,
2991 2547 78 49 der
3099 2550 90 47 Gou-

1741 2643 204 39 verneur,
1975 2625 68 48 die
2071 2626 148 47 hohen
2239 2625 411 47 Militär-Personen
2677 2623 91 47 und
2795 2625 84 47 alle
2908 2623 196 47 fremden
3134 2625 57 45 Ge-

1742 2702 184 48 sandten
1954 2701 92 47 und
2076 2701 195 47 Consuln
2300 2700 297 47 beiwohnten.

1855 2778 104 47 Miss
1989 2780 148 62 Hayez
2178 2777 53 47 ist
2264 2792 84 31 von
2387 2776 121 47 ihrer
2541 2776 132 47 Reise
2714 2775 113 47 nach
2855 2773 217 65 Bombay,
3113 2776 81 47 Kal-

1746 2855 125 47 kutta
1900 2853 89 47 und
2017 2853 182 52 Batavia
2229 2852 166 47 wieder
2422 2852 42 47 in
2490 2851 266 48 Melbourne
2796 2850 303 63 eingetroffen.
3139 2852 84 46 Die

1746 2930 225 48 indischen
1994 2928 202 56 Nabobs,
2225 2927 68 48 bei
2316 2927 144 48 denen
2481 2927 210 62 übrigens
2713 2926 78 47 der
2812 2926 412 63 Kunstgeschmack

1744 3007 113 47 noch
1886 3006 103 47 sehr
2017 3004 40 47 in
2088 3004 80 47 der
2196 3004 165 64 Wiege
2389 3003 120 64 liegt,
2549 3001 148 49 haben
2735 3001 143 47 dieser
2904 3008 120 41 sonst
3052 3001 170 48 überall

1745 3082 240 63 gefeierten
2012 3081 128 47 Muse
2179 3078 76 48 des
2286 3079 225 63 Gesanges
2550 3093 85 32 nur
2668 3076 102 48 sehr
2796 3076 148 63 wenig
2979 3076 245 63 gehuldigt,

1745 3157 76 48 das
1859 3157 149 56 heisst,
2050 3156 59 47 sie
2150 3154 174 49 machte
2365 3153 172 48 überall
2578 3152 102 48 sehr
2716 3152 220 47 schlechte
2978 3151 245 48 Geschäfte.

1744 3234 78 49 Bei
1851 3234 143 47 einem
2023 3247 182 50 grossen
2234 3228 383 57 Theaterbrande,
2658 3228 79 48 der
2765 3228 111 47 eben
2904 3227 216 56 entstand,
3163 3229 61 46 als

1745 3311 59 47 sie
1832 3309 59 47 im
1921 3309 196 47 Theater
2149 3325 52 29 zu
2227 3305 216 49 Kalkutta
2483 3304 70 48 die
2852 3319 123 47 sang,
3016 3307 119 43 wäre
3162 3304 62 46 sie

1747 3385 103 49 bald
1878 3384 253 48 verbrannt.

1857 3460 130 49 Auch
2009 3459 112 47 Lola
2139 3459 191 53 Montez,
2359 3455 69 49 die
2451 3455 154 49 Gräfin
2627 3452 252 57 Landsfeld,
2908 3453 84 47 wie
3021 3453 62 48 sie
3111 3454 116 47 noch

1745 3537 160 47 immer
1931 3535 92 47 sich
2050 3539 152 50 nennt,
2249 3533 53 47 ist
2340 3533 97 46 hier
2473 3530 91 49 und
2607 3529 146 47 macht
2789 3528 68 47 ein
2899 3528 211 48 rasendes
3141 3530 58 47 Ge-

1746 3613 152 48 schäft.
1944 3612 87 47 Die
2056 3612 95 45 Zeit
2192 3610 53 46 ist
2283 3625 55 31 an
2373 3608 144 48 dieser
2551 3604 399 49 unverwüstlichen
2979 3605 249 65 Spanierin,

1747 3706 56 31 an
1831 3689 144 47 dieser
2003 3686 210 65 üppigen,
2240 3685 43 47 in
2312 3684 188 63 ewigem
2522 3683 207 47 Sommer
2748 3680 292 65 prangenden
3063 3681 166 47 Gestalt

1746 3765 172 64 spurlos
1945 3761 414 64 vorübergezogen;
2400 3758 113 48 noch
2541 3758 161 45 immer
2729 3755 217 56 dasselbe,
2988 3772 84 31 von
3109 3756 120 47 einer

1746 3841 128 47 Fülle
1901 3836 213 68 glänzend
2136 3836 248 49 schwarzer
2405 3835 151 47 Haare
2578 3833 244 57 umwallte,
2846 3831 356 48 südlich-schwär-

1749 3916 216 49 merische
1994 3914 176 54 Antlitz,
2211 3928 82 30 von
2335 3910 101 48 dem
2466 3907 353 50 Sirenenzauber
2859 3924 75 30 um
2963 3906 67 48 die
3057 3906 169 62 Lippen

1747 3991 273 51 wunderbar
2042 3989 171 54 belebt;
2241 3987 115 49 noch
2379 3987 160 47 immer
2560 3985 78 48 das
2660 4003 82 30 von
2770 3985 175 63 langen,
2973 3982 251 47 schwarzen

1749 4069 240 63 Wimpern
2010 4065 294 48 umschattete
2321 4064 148 63 Auge,
2492 4061 77 50 das
2592 4061 112 48 öfter
2724 4060 43 47 in
2790 4060 67 47 ein
2880 4056 151 48 mildes
3052 4056 174 48 Leuch-

2575 4149 17 10 '
2666 4129 71 64 [*]
