3444 4358
1649 196 100 48 176

192 352 209 64 lungenes
418 346 143 51 Werk
583 342 228 51 derselben
833 341 180 48 Meister
1032 339 61 50 im
1116 338 231 65 Orgelbau
1376 337 44 48 in
1448 334 77 49 der
1545 333 88 48 hüb-

192 428 129 46 schen
357 423 160 47 Kirche
557 437 82 29 von
678 419 61 47 St.
781 417 190 48 Vincent
1011 416 277 64 eingeweiht.
1342 413 120 47 Herr
1506 409 156 49 Vilbac

190 503 163 46 konnte
379 499 88 46 sich
494 496 120 48 nicht
640 494 241 55 enthalten,
915 492 84 47 den
1030 489 400 50 unvermeidlichen
1460 485 173 64 Prophe-

190 573 268 52 ten-Marsch
486 572 113 47 auch
628 571 96 47 hier
758 568 165 48 wieder
961 585 99 29 zum
1091 568 156 46 Besten
1285 582 50 29 zu
1365 563 159 65 geben.
1567 563 93 44 Das

189 649 222 51 wirkliche
432 649 129 46 Beste
583 662 151 32 waren
757 644 108 48 aber
886 643 69 47 die
970 643 220 62 Vorträge
1211 640 74 47 des
1307 640 149 46 Herrn
1484 637 178 55 Klein,

189 724 264 65 Organisten
481 738 56 32 an
565 722 77 47 der
669 718 287 56 Kathedrale,
997 718 78 47 der
1101 717 404 61 Uebertragungen
1535 712 118 47 eines

186 798 272 51 Benedictas
484 814 82 32 von
593 798 170 47 Mozart
790 793 90 48 und
908 794 118 47 eines
1054 792 194 49 anderen
1276 807 83 30 von
1385 788 181 66 Haydn,
1594 786 68 49 die

186 894 50 31 er
273 875 133 49 selbst
446 875 73 46 für
559 873 139 63 Orgel
739 870 287 65 eingerichtet
1065 870 136 54 hatte,
1251 866 78 49 auf
1365 865 97 48 edle
1503 864 155 49 Weise

184 953 164 65 spielte.
374 950 85 47 Die
476 950 175 47 Herren
666 946 188 49 Merklin
879 944 90 48 und
990 938 187 54 Schützb
1201 943 178 48 können
1401 941 90 47 sich
1515 939 145 48 Glück

185 1026 255 55 wünschen,
462 1024 98 48 dass
580 1025 69 46 ihr
670 1038 170 49 grosses
860 1021 144 49 Werk
1035 1021 75 46 für
1138 1019 82 48 den
1243 1020 118 46 Dom
1390 1018 44 45 in
1462 1032 47 31 so
1539 1019 121 44 wür-

1418 1094 49 45 B.
1498 1092 48 47 P.

186 1104 99 62 dige
313 1101 160 49 Hände
501 1101 207 47 kommen
738 1098 124 49 wird.

491 1326 419 69 Auguste
993 1317 353 59 Gebler.

773 1420 294 49 (Nekrolog.)

260 1499 116 34 Wenn
404 1495 62 35 der
493 1493 78 36 Tod
598 1494 104 34 einen
728 1492 178 34 Künstler
932 1503 73 23 von
1033 1490 61 35 der
1120 1489 185 36 irdischen
1332 1488 101 36 Welt
1461 1488 200 47 abfordert,

184 1558 60 35 der
271 1559 77 33 eine
375 1556 106 44 lange
507 1553 197 36 Laufbahn
730 1551 186 35 vollendet
942 1551 76 34 und
1046 1551 58 33 die
1130 1549 163 35 Früchte
1321 1550 120 34 seiner
1459 1548 204 46 Begabung

182 1617 74 35 und
283 1617 115 33 seines
425 1614 160 33 Fleisses
611 1613 167 45 geärntet
803 1611 77 45 hat,
911 1622 40 22 so
979 1610 91 34 wird
1098 1609 58 34 die
1173 1610 140 33 Trauer
1340 1608 92 35 über
1459 1610 104 32 einen
1591 1608 54 35 sol-

182 1675 91 34 chen
294 1674 149 34 Verlust
469 1671 116 35 durch
613 1671 56 33 die
690 1670 231 43 Erinnerung
949 1680 47 22 an
1024 1669 125 33 seinen
1163 1667 132 43 Ruhm,
1326 1666 116 35 durch
1463 1667 57 34 die
1544 1666 96 35 Nach-

181 1734 168 44 wirkung
375 1733 118 34 seiner
518 1729 217 46 Thätigkeit
761 1728 203 46 gemildert.
1017 1728 101 33 Rafft
1159 1727 86 35 aber
1290 1727 63 33 das
1383 1727 184 34 Geschick
1605 1728 59 33 ein

181 1805 144 34 grosses
353 1792 130 34 Talent
525 1791 50 33 im
604 1789 161 44 Beginne
806 1789 119 33 seiner
951 1787 266 45 Entwicklung
1245 1787 123 46 dahin,
1413 1798 40 23 so
1493 1786 67 36 übt
1601 1786 63 34 der

182 1853 168 35 Schmerz
378 1851 75 34 sein
479 1848 118 35 Recht
624 1848 66 34 auf
711 1848 63 33 das
803 1847 174 34 fühlende
996 1847 98 34 Herz
1113 1846 75 34 und
1210 1846 137 35 fordert
1369 1847 174 34 Thränen
1572 1848 91 33 statt

182 1912 61 34 der
269 1909 162 37 Lorbern
471 1909 89 34 über
601 1907 80 35 dem
710 1906 132 45 Grabe,
886 1906 63 35 das
991 1905 80 36 sich
1110 1906 92 35 über
1227 1906 252 46 Hoffnungen,
1523 1906 58 34 die
1622 1916 40 24 so

181 1971 96 36 reich
305 1969 201 43 erblühten,
534 1967 235 45 geschlossen
796 1965 75 37 hat.
913 1966 219 44 Auguste
1160 1965 175 36 Gebler
1361 1965 194 36 verschied
1582 1966 80 34 hier

182 2042 58 23 am
266 2028 58 38 21.
353 2029 32 35 d.
413 2028 84 35 Mts.
528 2028 37 33 in
592 2027 71 34 den
690 2026 134 33 Armen
860 2026 95 33 ihrer
982 2025 195 34 trostlosen
1204 2025 147 43 Eltern;
1396 2025 58 35 ihr
1480 2026 94 45 folgt
1605 2026 57 33 die

182 2090 83 33 tiefe
292 2090 138 32 Trauer
469 2097 62 23 um
573 2085 57 34 die
672 2084 197 45 geknickte
896 2083 276 47 Doppelbliithe
1215 2084 63 34 der
1304 2085 153 47 Jugend
1494 2086 76 34 und
1599 2086 62 34 des

182 2144 293 38 künstlerischen
501 2144 185 36 Talentes.
714 2142 167 36 Geboren
909 2154 47 22 zu
984 2142 149 35 Minden
1161 2142 68 36 den
1258 2141 32 38 9.
1320 2144 212 45 September
1552 2144 109 47 18-35,

184 2219 68 33 zog
279 2208 51 33 sie
357 2206 67 34 mit
448 2204 104 35 ihren
579 2203 136 42 Eltern,
764 2202 46 34 da
846 2202 63 34 der
944 2203 123 42 Vater,
1109 2205 256 43 gegenwärtig
1392 2205 120 43 Major
1541 2216 32 22 a.
1601 2206 60 41 D.,

180 2265 124 34 hieher
341 2264 158 34 versetzt
537 2261 144 35 worden
723 2273 87 31 war,
849 2261 96 34 nach
972 2261 111 43 Köln,
1129 2261 65 34 das
1235 2261 79 35 ihre
1356 2264 128 33 zweite
1511 2264 151 34 Heimat

181 2323 135 35 wurde.
350 2322 57 34 Sie
435 2321 114 44 folgte
575 2332 70 24 nur
672 2320 80 35 dem
778 2322 148 33 inneren
954 2320 145 43 Berufe,
1128 2332 105 23 wenn
1262 2322 52 34 sie
1343 2322 78 34 sich
1450 2322 62 35 der
1538 2323 126 34 Kunst

180 2383 178 42 widmete,
399 2380 46 34 da
480 2381 57 33 die
563 2380 118 35 Natur
707 2379 56 35 ihr
791 2381 78 33 eine
899 2379 62 35 der
987 2380 235 35 lieblichsten
1250 2381 315 45 Sopranstimmen
1591 2393 71 24 von

181 2440 244 36 bedeutender
451 2440 107 33 Höhe
584 2438 188 35 verliehen
798 2439 112 36 hatte.
937 2439 82 34 Ihre
1038 2439 238 46 Ausbildung
1305 2452 65 23 zur
1393 2441 182 47 Sängerin
1602 2442 42 34 be-

180 2513 97 34 gann
305 2512 65 22 vor
396 2500 189 34 mehreren
610 2499 142 35 Jahren
794 2501 67 32 auf
897 2499 64 35 der
990 2499 164 46 hiesigen
1181 2500 273 47 Musikschule,
1494 2514 56 23 wo
1577 2514 87 23 man

177 2560 132 46 jedoch
348 2559 57 34 ihr
432 2559 131 34 Talent
603 2559 103 34 nicht
746 2570 40 23 so
828 2558 236 45 anerkannte,
1106 2560 69 34 wie
1203 2560 168 36 dasselbe
1400 2574 37 22 es
1464 2563 200 38 verdiente.

181 2620 58 34 Sie
266 2618 151 36 verliess
446 2617 113 35 daher
585 2618 97 34 nach
819 2618 142 34 Jahren
989 2619 57 33 die
1064 2618 148 35 Anstalt
1238 2620 75 34 und
1341 2624 115 32 setzte
1476 2622 79 35 ihre
1580 2622 64 35 Stu-

181 2678 83 35 dien
290 2682 106 30 unter
423 2676 150 35 anderer
599 2676 171 46 Leitung,
813 2677 138 34 zuletzt
991 2679 38 32 in
1056 2678 105 35 Paris
1203 2679 60 35 bei
1302 2680 100 35 Frau
1439 2682 225 35 Damoreau-

183 2736 97 36 Cinti
305 2736 76 35 und
407 2737 119 33 Herrn
552 2737 131 42 Faure,
711 2739 78 33 fort.
843 2737 191 36 Nachdem
1062 2739 53 33 sie
1154 2740 38 32 in
1219 2739 97 34 Köln
1356 2741 68 33 auf
1447 2741 61 35 der
1534 2742 129 34 Bühne

184 2798 118 44 einige
328 2796 99 35 Male
455 2797 67 33 mit
547 2807 164 34 grossem
738 2796 135 34 Beifall
900 2798 229 44 aufgetreten
1158 2810 87 33 war,
1288 2800 112 34 nahm
1429 2802 52 33 sie
1508 2802 58 33 ein
1595 2802 48 33 En-

184 2858 193 43 gagement
403 2857 36 32 in
465 2856 153 34 Bremen
646 2866 56 31 an,
747 2855 153 35 brachte
930 2856 97 34 dann
1055 2857 68 35 den
1152 2857 163 37 Sommer
1349 2861 153 45 vorigen
1527 2861 136 35 Jahres

184 2915 278 45 grösstentheils
489 2915 77 35 hier
592 2916 50 33 im
659 2915 130 34 Hause
816 2915 97 35 ihrer
933 2917 127 33 Eltern
1088 2928 48 23 zu
1162 2917 76 34 und
1265 2919 89 44 ging
1382 2920 51 33 im
1454 2920 213 46 September

182 2973 94 34 nach
307 2974 141 42 Stettin,
489 2985 55 23 wo
587 2975 51 33 sie
676 2974 95 34 nach
808 2974 68 35 den
904 2975 193 35 Urtheilen
1125 2977 349 46 sachverständiger
1500 2979 168 35 Kritiker

183 3033 44 43 (z.
256 3033 41 35 B.
325 3032 45 36 K.
398 3032 154 46 Lowe's)
582 3033 90 34 ebeil
699 3045 40 23 so
767 3034 68 33 wie
862 3034 38 33 in
926 3033 155 35 Bremen
1121 3033 55 35 als
1214 3034 58 34 die
1300 3036 128 34 Zierde
1464 3037 64 34 der
1554 3038 95 34 dorti-

184 3103 70 34 gen
284 3089 129 35 Bühne
441 3091 203 36 anerkannt
671 3092 136 35 wurde.
855 3092 133 35 Leider
1023 3092 152 36 brachte
1211 3105 70 22 nur
1308 3106 46 23 zu
1381 3096 88 34 bald
1497 3097 78 33 eine
1602 3097 44 33 Er-

182 3150 170 45 kältung,
382 3150 214 34 verbunden
623 3151 67 33 mit
716 3163 45 22 zu
787 3164 147 33 grosser
954 3152 264 46 Anstrengung
1245 3154 77 34 und
1349 3154 233 47 Aufregung,
1610 3155 58 35 ein

182 3209 116 35 IJebel
324 3221 84 22 zum
435 3209 214 46 Ausbruch,
692 3209 66 36 das
799 3211 79 34 sich
920 3211 95 34 nach
1057 3212 98 35 ihrer
1195 3212 244 47 schleunigen
1466 3214 202 35 Rückkehr

184 3268 125 35 hieher
335 3280 47 22 zu
410 3270 97 33 einer
533 3268 469 46 Abnehmungskrankheit
1029 3271 186 45 steigerte,
1254 3272 160 35 welcher
1441 3273 52 34 sie
1520 3285 58 23 am
1606 3272 62 38 21.

187 3327 35 35 d.
251 3327 84 34 Mts.
363 3327 109 45 erlag.
501 3327 84 34 Ihre
612 3327 225 46 Leistungen
856 3330 48 35 im
922 3330 195 34 colorirten
1137 3330 76 34 und
1240 3332 68 32 mit
1335 3331 97 34 allen
1459 3332 209 45 möglichen

186 3386 271 45 Verzierungen
483 3389 293 42 ausgestatteten
805 3388 167 45 Gesänge
1006 3400 122 23 waren
1155 3390 245 43 vortrefflich;
1445 3391 116 35 selten
1587 3392 81 45 gibt

190 3443 56 35 die
272 3445 116 36 Natur
414 3448 96 33 einer
537 3447 150 35 Stimme
731 3448 80 33 eine
851 3459 39 23 so
932 3449 240 35 wunderbare
1200 3449 141 47 Anlage
1380 3462 66 24 zur
1474 3451 194 36 Coloratur

189 3503 76 33 und
292 3515 80 23 zum
399 3505 141 44 Triller,
568 3507 68 33 wie
664 3507 53 33 sie
741 3506 171 45 Auguste
933 3507 134 36 Gebler
1086 3508 153 43 besass;
1268 3508 57 35 die
1345 3510 124 35 Kunst
1488 3510 180 35 brauchte

190 3560 60 35 bei
276 3561 57 34 ihr
359 3563 65 32 mit
450 3565 165 44 geringer
655 3564 113 34 Mühe
811 3565 63 34 das
914 3577 71 23 nur
1024 3578 47 22 zu
1110 3567 352 45 vervollkommnen,
1502 3581 77 23 was
1608 3569 59 35 die

190 3619 118 35 Natur
333 3620 133 35 bereits
494 3623 71 33 fast
591 3624 109 45 fertig
726 3624 58 35 ihr
812 3637 67 22 zur
897 3625 168 46 Mitgabe
1095 3626 201 39 verliehen.
1323 3628 51 34 Es
1400 3629 49 34 ist
1476 3630 58 34 ein
1561 3629 84 36 schö-

189 3690 64 23 nes
282 3680 131 35 Talent
439 3681 65 33 mit
528 3682 56 34 ihr
610 3694 63 24 zur
700 3685 139 44 ewigen
867 3685 107 35 Ruhe
1001 3685 164 46 gebettet
1192 3686 147 36 worden
1354 3687 9 33 l

266 3739 112 46 Köln,
408 3739 68 34 den
503 3738 59 38 2G.
591 3741 76 35 Mai
694 3739 107 41 1859.

1453 3747 42 37 L.
1523 3748 40 37 B.

344 3924 230 52 Tages-
605 3928 132 41 und
771 3924 683 52 Unterhaltungs-Blatt.

261 4011 70 35 Die
352 4011 197 44 Gerüchte,
576 4011 194 36 Anderes
798 4014 247 47 Engagement
1071 4020 37 33 in
1126 4019 123 35 Berlin
1276 4020 216 45 betreffend,
1521 4020 121 38 demen-

184 4070 64 35 tirt
277 4070 56 36 die
359 4071 211 45 „Deutsche
970 4077 134 37 Weder
1129 4079 311 48 Verhandlungen
1466 4080 95 39 noch
1589 4085 75 37 An-

1735 329 134 47 geböte
1895 327 122 35 haben
2044 325 100 35 Statt
2170 324 210 47 gefunden;
2409 325 58 35 die
2488 324 173 48 Stellung
2690 325 63 37 des
2780 326 122 34 Herrn
2923 325 125 37 Ander
3075 338 37 24 111
3131 325 109 37 Wien

1733 388 49 35 ist
1810 388 97 33 dazu
1935 397 46 22 zu
2009 384 184 47 glänzend
2235 384 77 35 und
2347 396 39 23 er
2426 385 118 34 selbst
2570 387 50 32 ist
2647 386 83 35 dort
2759 385 118 34 durch
2906 384 57 35 die
2992 385 158 34 Gefühle
3179 387 64 34 der

1732 445 261 36 Dankbarkeit
2025 455 117 34 gegen
2171 444 58 34 die
2255 444 75 34 ihm
2359 456 40 23 so
2426 444 177 36 reichlich
2632 447 199 34 erwiesene
2855 445 129 35 Gnade
3006 445 63 35 des
3090 445 131 35 Kaiser-

1732 505 136 34 hauses
1898 503 211 45 gebunden.

1808 605 285 46 Capellmeister
2135 604 306 36 Sobolewski
2479 616 73 24 von
2578 606 157 36 Bremen
2763 606 130 47 begibt
2919 605 80 36 sich
3026 607 68 33 mit
3121 605 120 35 seiner

1733 665 162 35 Tochter
1921 663 99 35 nach
2049 665 183 36 America.

1807 768 70 35 s&t
1877 778 11 12 a
1891 767 194 37 es«ieu.
2115 768 70 34 Die
2213 767 215 46 königliche
2456 767 152 47 Capelle
2637 768 65 35 hat
2730 781 60 23 am
2819 769 34 36 5.
2878 769 34 36 d.
2933 770 87 34 Mts.
3050 770 57 34 ein
3135 779 84 35 gros-

1732 840 58 24 ses
1816 828 157 35 Concert
1999 829 52 33 im
2078 828 220 35 Hoftheater
2334 840 84 22 zum
2447 828 135 35 Besten
2625 828 64 35 des
2718 829 361 36 Weber-Denkmals
3107 840 111 24 veran-

1731 888 127 34 staltet
1896 887 78 34 und
2000 887 43 37 A,
2070 888 102 44 Drey
2181 886 140 37 schock
2362 899 66 23 zur
2463 887 248 47 Ausführung
2754 888 63 35 des
2845 889 313 35 Concertstückes
3187 891 55 45 (in

1731 946 141 35 F-moll
1874 946 24 47 ),
1926 958 40 23 so
1994 947 70 32 wie
2090 946 63 38 Fr.
2173 947 225 46 Bürde-Ney
2425 947 75 34 und
2529 947 58 35 die
2614 948 142 34 Herren
2786 946 268 45 Tichatschek,
3074 946 169 45 Schloss,

1731 1005 188 46 .Rudolph,
1945 1005 207 44 Marchion,
2182 1007 285 42 Mitterwurzer,
2495 1005 153 44 Bohrer,
2670 1006 124 45 Freny
2822 1006 80 34 und
2927 1005 229 46 Eichberger
3184 1006 61 34 für

1733 1066 57 33 die
1819 1065 342 44 Gesangnummern
2189 1077 214 34 gewonnen.
2448 1065 78 35 Das
2554 1065 220 45 Programm
2802 1066 177 34 enthielt:
3013 1064 30 39 1.
3074 1065 169 36 Sinfonie

1731 1126 37 33 in
1798 1124 121 34 C-dur
1945 1125 62 35 Nr.
2038 1123 14 36 1
2071 1137 9 31 ;
2108 1124 35 36 2.
2172 1124 181 36 Cavatine
2382 1137 68 23 aus
2773 1126 213 45 (Glöcklein
3009 1127 51 34 im
3081 1127 162 47 Thale);

1731 1184 35 37 3.
1797 1182 270 38 Concertsttick
2107 1185 61 35 für
2210 1185 239 43 Pianoforte;
2501 1185 35 36 4.
2580 1186 92 34 zwei
2712 1186 133 35 Lieder
2887 1198 70 23 aus
2998 1187 134 46 „Leier
3166 1187 78 36 und

1989 1245 34 44 a)
2063 1243 66 34 das
2168 1243 256 44 Schwertlied,
2467 1244 37 44 b)
2538 1244 188 35 Lützow's
2762 1245 111 34 wilde
2899 1246 125 45 Jagd;
3069 1245 34 37 5.
3132 1246 94 35 L'lri-

1734 1303 162 47 quidtude
1917 1315 72 23 von
2008 1304 103 44 Drey
2115 1304 158 43 schock;
2304 1304 32 37 6.
2366 1305 87 35 Arie
2482 1316 46 23 zu
2557 1305 128 33 Atalia
2711 1305 77 35 und
2817 1306 33 36 7.
2879 1306 361 38 Jubel-Ouverture.

1732 1363 142 35 Ausser
1902 1362 63 35 der
1992 1362 244 35 Salon-Piece
2265 1374 69 23 von
2362 1363 248 47 Dreyschock
2653 1376 124 23 waren
2818 1367 234 35 sämmtliche
3080 1367 134 46 Compo-

1733 1423 158 34 sitionen
1917 1434 74 23 von
2020 1422 39 35 C.
2089 1422 50 36 M.
2170 1434 71 23 von
2271 1423 146 36 Weber.
2446 1424 79 34 Das
2555 1423 163 36 Theater
2745 1437 79 23 war
2850 1425 200 45 überfüllt;
3079 1426 58 35 die
3154 1428 66 33 Ein-

1732 1483 134 34 nahme
1902 1483 70 35 soll
2006 1483 95 34 nahe
2130 1494 47 23 an
2208 1482 97 37 1000
2336 1484 102 36 Thlr.
2468 1485 160 44 ergeben
2657 1485 132 45 haben,
2832 1498 105 23 wozu
2979 1487 55 34 als
3080 1488 162 34 fernerer

1733 1544 151 45 Beitrag
1913 1543 63 34 der
2004 1543 167 46 hiesigen
2199 1543 233 35 städtischen
2461 1543 194 35 Behörden
2681 1545 99 35 noch
2808 1544 98 37 1000
2935 1545 104 38 Thlr.
3068 1547 147 36 kamen.

1915 3582 107 33 Wie
2601 3587 452 46 Musik-Keituiig^

1733 3636 191 38 erscheint
1941 3639 119 45 jeden
2086 3639 185 49 Samstag
2304 3644 42 32 in
2380 3644 129 33 einem
2540 3655 155 34 ganzen
2729 3645 134 47 Bogen
2903 3648 70 35 mit
3008 3650 244 46 zwanglosen

1735 3687 191 48 Beilagen.
2005 3692 79 33 Der
2108 3692 405 47 Abonnementspreis
2523 3694 164 46 beträgt
2696 3697 67 33 für
2784 3698 70 35 das
2872 3699 195 45 Halbjahr
3096 3704 18 31 2
3133 3702 123 41 Thlr.,

1735 3738 61 35 bei
1817 3740 71 35 den
1914 3742 47 33 K.
1976 3754 154 33 preuss.
2144 3744 331 35 Post-Anstalten
2504 3746 181 34 2Thlr.s
2708 3747 88 46 Sgl*.
2820 3750 95 35 Eine
2942 3732 314 57 einzelneNum-'

1735 3801 78 23 mer
1840 3795 22 30 4
1890 3792 85 46 Sgr.
1999 3794 512 47 Einrückungs-Gebühren
2535 3808 71 34 per
2629 3798 208 36 Petitzeile
2862 3805 18 30 2
2911 3801 85 47 Sgr.

1785 3842 121 36 Briefe
1930 3845 80 33 und
2035 3845 287 47 Zusendungen
2349 3847 101 34 aller
2481 3847 77 35 Art
2580 3850 155 34 werden
2756 3856 116 31 unter
2902 3853 69 35 der
2994 3853 171 37 Adresse
3189 3855 68 37 der

1735 3892 50 35 M.
1810 3894 556 48 DuMont-Scliauberg'schen
2389 3898 318 49 Buchhandlung
2735 3903 42 33 in
2803 3904 104 35 Köln
2932 3906 176 34 erbeten.

1839 3982 367 41 Verantwortlicher
2232 3986 300 50 Herausgeber:
2567 3989 108 39 Prof.
2700 3991 45 38 L.
2771 3991 180 40 Bischoff
2970 3993 44 38 in
3041 3977 155 55 KölnT

1787 4033 207 50 Verleger:
2022 4036 54 38 M.
2107 4036 524 54 DuMont-Sehauberg'sche
2658 4043 319 50 Buchhandlung
3004 4044 42 37 in
3081 4045 121 38 Köln.

1763 4085 188 38 Drucker:
1979 4086 56 39 M.
2065 4087 426 54 DuMont-Schauberg
2518 4094 41 36 in
2587 4093 123 48 Köln,
2733 4095 263 39 Breitstrasse
3024 4095 48 40 76
3101 4106 36 30 u.
3166 4097 61 39 78.

2186 1764 597 57 Inkitudigtiiigeu.

1901 1917 99 91 G.
2054 1917 96 91 F.
2209 1917 437 94 Händers
2704 1922 363 109 Werke,

2329 2038 309 49 herausgegeben

1834 2115 102 32 von
1985 2098 94 49 (ler
2129 2098 302 51 deutschen
2483 2103 657 56 Händel-Gesellschaft,

1818 2224 76 35 Wir
1920 2224 147 46 bringen
2094 2225 193 36 hierdurch
2313 2239 66 22 zur
2406 2228 231 46 allgemeinen
2666 2229 209 44 Kennlniss,
2914 2231 83 35 dass
3024 2231 65 35 der
3124 2240 121 28 erste

1733 2275 243 46 Jahrgang
2007 2276 144 45 (1858)
2181 2289 148 24 unserer
2352 2278 166 47 Ausgabe
2544 2292 69 22 von
2640 2280 173 36 Händel's
2850 2282 158 45 Werken,
3039 2284 206 36 enthaltend

1731 2329 38 33 in
1798 2328 77 33 drei
1901 2328 171 34 Bänden:

1811 2378 33 36 ].
1873 2378 183 44 Susanna,
2087 2379 218 45 Oratorium,

1809 2428 35 36 2.
1871 2429 243 36 Sämmtliche
2143 2431 285 37 Clavierstücke
2455 2432 95 37 ohne
2577 2433 235 48 Begleitung,

1810 2495 33 21 o.
1871 2481 91 34 Acis
1989 2482 75 33 und
2094 2482 167 45 Galatea,

1733 2531 211 45 vollständig
1972 2534 205 34 erschienen
2204 2536 55 34 ist.

1810 2583 65 34 Als
1903 2585 181 33 ziceiter
2111 2585 247 47 Jahrgang
2386 2585 144 46 (1859)
2562 2587 204 36 erscheinen
2795 2589 49 33 im
2866 2589 118 45 Laufe
3011 2589 113 37 dieses
3142 2592 98 35 Jah-

1734 2646 57 22 res
1819 2634 35 33 II
1859 2646 46 22 er
1917 2646 22 21 a
1952 2635 109 45 cles,
2097 2636 203 36 Aihalia
2326 2639 76 33 und
2428 2637 258 47 L'Allegro,
2724 2639 41 35 II
2792 2640 92 35 Pen
2896 2642 98 34 sier
3004 2655 47 22 os
3063 2655 21 22 o
3119 2644 54 35 ed
3207 2645 36 34 il

1735 2685 258 36 Moderato.

1813 2736 65 33 Die
1905 2736 164 46 Ausgabe
2107 2738 116 44 liefert
2259 2740 54 35 die
2339 2741 232 44 vollständige
2600 2740 165 35 Partitur
2804 2742 96 35 nebst
2929 2742 313 50 Ciavier-Auszug

1735 2787 76 35 und
1838 2788 54 34 die
1922 2789 296 45 Original-Texte
2245 2792 63 33 mit
2335 2792 186 35 deutscher
2553 2792 267 46 Uebersetzung.

1811 2838 271 47 Anmeldungen
2109 2853 81 22 zum
2211 2841 151 36 Eintritt
2388 2844 38 33 in
2446 2844 56 34 die
2525 2843 164 34 deutsche
2707 2843 402 49 Iländel-Gesellschaft
3137 2847 107 36 bitten

1736 2890 65 33 wir
1828 2890 54 34 bei
1908 2891 67 33 den
1995 2891 189 36 Cassirern
2213 2893 191 45 derselben,
2434 2895 129 35 Breit
2573 2895 113 47 köpf
2708 2896 94 34 und
2828 2896 160 37 Härtel
3013 2898 40 35 in
3082 2899 157 48 Leipzig,

1736 2952 45 23 zu
1809 2942 163 38 machen.

1812 2992 73 34 Der
1911 2993 301 48 Jahres-Beitrag
2239 2996 62 34 der
2328 2996 198 45 Mitglieder
2551 2997 45 34 ist
2625 2997 48 34 10
2706 2997 96 37 Thlr.
2830 2998 164 38 Derselbe
3012 3001 99 35 kann
3131 3003 113 43 auch,

1736 3055 101 21 wenn
1865 3055 36 22 es
1925 3046 200 42 gewünscht
2151 3047 100 43 icird,
2288 3048 41 34 in
2364 3049 85 33 zwei
2476 3048 119 35 Raten
2623 3050 23 33 ä
2672 3050 22 33 5
2728 3050 93 36 Thlr.
2863 3063 50 23 an
2941 3053 56 34 die
3026 3053 216 37 Genannten

1738 3095 193 44 eingezahlt
1957 3096 150 36 werden.

1813 3145 142 48 Leipzig
1957 3173 10 16 >
1996 3159 59 23 am
2083 3147 64 49 100
2147 3147 173 49 jährigen
2354 3150 187 46 Todestage
2568 3150 183 46 Händel's,
2781 3152 66 36 den
2875 3154 62 37 14.
2964 3154 107 49 April
3099 3156 113 37 1859.

2523 3203 93 34 Das
2659 3203 34 34 D
2703 3204 291 37 irectorium

2399 3253 62 35 der
2487 3253 189 36 deutschen
2705 3255 414 49 Händel-Gesellschaft.

1786 3334 82 34 Alle
1890 3335 39 34 in
1956 3336 121 34 dieser
2096 3337 318 49 Musik-heilung
2435 3342 282 47 besprochenen
2747 3345 81 32 und
2852 3346 290 46 angekündigten
3166 3349 89 34 Mu-

1734 3384 150 36 sicalien
1906 3393 71 28 elc.
1999 3389 87 33 sind
2107 3400 48 24 zu
2176 3391 171 34 erhalten
2370 3392 41 35 in
2437 3392 68 35 der
2524 3400 94 28 stets
2637 3394 232 46 vollständig
2896 3399 221 34 assortirten
3134 3399 119 36 Musi-

1735 3437 338 49 calien-Handlung
2103 3442 103 34 nebst
2237 3442 243 38 Leihanstall
2512 3458 74 21 von
2626 3446 291 35 BERNHARD
2955 3448 214 37 BREUER
3208 3454 40 33 in

1738 3488 134 42 Köln,
1901 3490 240 36 Hochstrasse
2166 3494 67 34 Ar.
2258 3494 66 36 97.
