3444 4358
1665 220 100 50 173

609 340 167 57 Aus
846 338 416 65 Holland.

439 468 219 47 [Schluss
700 468 80 37 der
817 472 381 36 musicalischen
1238 474 196 49 Saison.]

300 567 156 47 Indem
487 568 140 48 Ihnen
654 569 136 48 schon
820 572 204 48 mehrere
1052 573 207 48 Berichte
1295 574 113 49 über
1434 577 70 48 die
1533 587 144 41 ersten

188 643 220 47 Concerte
437 643 79 47 der
544 644 296 66 diesjährigen
869 648 173 57 Saison,
1084 649 82 47 wie
1196 650 116 46 auch
1344 652 111 47 über
1483 654 193 50 einzelne

185 719 359 65 Aulführungen
572 720 80 49 der
682 723 289 48 Gesellschaft
1001 741 79 29 zur
1107 725 317 66 Beförderung
1452 728 79 48 der
1559 732 89 47 Ton-

185 794 135 48 kunst
346 798 244 61 zugesandt
618 798 203 54 wurden,
859 799 149 48 haben
1038 800 81 47 wir
1145 799 80 48 das
1253 802 128 48 Ende
1415 803 80 48 der
1522 805 156 49 Saison

187 869 235 49 abwarten
451 874 177 56 wollen,
657 892 75 30 um
761 874 71 48 die
863 874 190 65 übrigen
1080 877 527 68 Musik-Aufführungen
1635 883 42 47 in

187 946 125 49 einer
341 946 165 50 kurzen
536 950 263 48 Uebersicht
826 951 404 49 zusammenfassen
1256 970 54 31 zu
1338 954 193 60 können,
1573 959 79 47 wel-

186 1023 104 48 ches
318 1023 102 49 dem
447 1025 140 47 Leser
615 1028 254 47 manchmal
908 1028 317 48 interessanter
1258 1030 91 47 und
1377 1034 303 62 angenehmer

183 1099 71 57 ist,
282 1100 63 48 als
366 1101 208 49 Berichte
602 1103 115 47 über
745 1104 194 46 einzelne
964 1103 234 58 Concerte,
1227 1106 168 47 welche
1422 1125 86 31 nur
1533 1127 54 30 zu
1617 1110 63 48 oft

185 1193 53 30 zu
265 1178 229 46 nutzlosen
522 1178 425 66 Wiederholungen
975 1180 331 66 Veranlassung
1334 1183 159 64 geben.

295 1252 97 47 Der
418 1254 176 47 Zulluss
623 1254 195 48 fremder
848 1255 242 48 Virtuosen
1119 1273 96 32 war
1241 1258 43 47 in
1307 1258 164 49 diesem
1498 1260 181 50 Winter

182 1326 125 48 nicht
333 1329 103 47 sehr
464 1345 140 48 gross.
634 1331 87 48 Um
748 1346 50 32 so
827 1330 151 49 besser
1006 1348 97 31 war
1123 1332 70 49 die
1216 1334 213 57 Qualität.
1458 1336 193 50 Deutsch-

182 1402 107 49 land
309 1404 196 49 schickte
526 1421 83 32 uns
630 1423 87 31 nur
737 1406 94 48 drei
854 1409 330 63 Sängerinnen:
1215 1409 68 48 die
1306 1412 175 47 Damen
1508 1414 169 64 Jenny

186 1480 208 65 Meyer,
423 1482 353 49 Sternsdorff
798 1484 90 48 und
917 1485 258 48 Brenken.
1203 1487 349 64 Letztgenannte
1574 1490 79 48 hör-

183 1561 77 43 ten
290 1557 81 47 wir
399 1557 137 48 selbst
563 1557 142 56 nicht;
736 1559 101 49 dem
863 1560 284 48 Vernehmen
1169 1562 113 47 nach
1311 1564 80 47 soll
1420 1562 111 49 aber
1560 1564 118 49 diese

182 1633 221 64 Sängerin
432 1633 87 49 den
547 1635 105 64 Sieg
680 1635 361 67 davongetragen
1070 1637 162 49 haben.
1263 1637 131 50 Auch
1423 1639 68 48 die
1519 1641 42 46 in
1590 1641 66 48 vie-

182 1708 74 49 len
282 1710 339 48 musicalischen
649 1712 190 48 Kreisen
868 1712 190 48 beliebte
1089 1713 481 66 Coloratur-Sängerin
1598 1716 80 48 der

182 1785 246 49 deutschen
458 1787 125 65 Oper
616 1787 44 48 in
688 1788 304 59 Amsterdam,
1020 1791 122 46 Frau
1178 1791 299 62 Josephine
1519 1793 119 65 Wey-

183 1861 211 65 ringer,
425 1863 77 47 hat
530 1863 91 47 sich
651 1863 43 49 in
722 1865 236 48 mehreren
983 1866 248 47 Concerten
1253 1866 141 48 hören
1415 1868 142 47 lassen
1585 1868 92 47 und

178 1938 158 48 wurde
378 1940 172 48 überall
594 1940 80 48 mit
712 1957 177 49 grosser
930 1937 344 70 Auszeichnung
1315 1943 359 64 aufgenommen.

178 2014 88 47 Ein
294 2014 225 65 tüchtiger
541 2016 190 48 Gewinn
760 2017 76 47 für
862 2035 162 30 unsere
1049 2018 502 50 Concert-Directionen
1582 2037 95 32 war

177 2091 116 48 auch
336 2091 80 48 der
442 2092 177 48 Besuch
656 2092 76 48 des
770 2094 151 47 Herrn
958 2096 245 63 Prosper
1244 2096 244 57 Derivis,
1530 2103 146 41 ersten

174 2164 263 51 Bassetaille
472 2167 81 48 der
591 2168 295 48 kaiserlichen
914 2171 125 62 Oper
1067 2171 42 45 in
1138 2169 140 49 Paris.
1325 2171 163 48 Dieser
1516 2188 132 49 ausge-

176 2242 227 49 zeichnete
423 2244 346 65 Meistersänger
797 2244 108 49 hielt
930 2244 92 49 sich
1052 2244 95 49 hier
1174 2246 155 63 länger
1356 2247 62 47 als
1446 2248 106 47 zwei
1575 2249 66 46 Mo-

176 2326 104 41 nate
310 2319 82 48 auf
414 2318 92 49 und
540 2321 196 48 erfreute
775 2337 81 30 uns
884 2321 291 48 wiederholte
1203 2322 120 47 Male
1350 2321 143 49 durch
1521 2324 151 47 seinen

181 2397 128 47 recht
337 2395 352 50 künstlerischen
709 2398 201 65 Vortrag
936 2398 169 65 einiger
1124 2398 140 48 Arien
1292 2414 79 32 aus
1399 2398 200 66 Oedipus
1626 2417 53 31 zu

173 2472 219 57 Kolonos,
422 2473 105 47 Don
548 2474 119 47 Juan
695 2473 93 48 und
815 2473 207 48 Barbier.
1052 2473 130 48 Auch
1212 2473 165 48 andere
1404 2475 274 64 Leistungen

173 2547 142 49 dieses
342 2549 253 57 Künstlers,
623 2549 86 47 wie
737 2548 71 49 die
837 2550 143 47 Duo's
1008 2566 78 31 aus
1117 2550 204 64 Oedipus
1349 2549 92 48 und
1469 2567 78 32 aus
1569 2553 104 46 Don

173 2625 239 65 Pasquale,
442 2625 144 47 worin
614 2624 206 50 derselbe
848 2627 80 47 mit
948 2642 187 32 unserer
1156 2627 282 63 geschätzten
1460 2628 218 63 Sängerin

173 2702 128 48 Frau
341 2702 320 49 Offermans
700 2718 103 32 van
840 2703 152 47 Hove
1034 2719 75 31 um
1152 2702 87 48 den
1276 2703 123 47 Preis
1434 2703 82 48 der
1555 2704 123 47 Ehre

178 2793 131 49 rang,
337 2778 141 48 riefen
506 2778 85 48 den
621 2782 205 60 grössten
853 2778 343 48 Enthusiasmus
1225 2779 174 47 hervor.

293 2855 101 48 Von
422 2855 226 48 Pianisten
679 2855 160 48 hörten
867 2855 82 48 wir
986 2855 71 48 die
1084 2856 179 47 Herren
1301 2855 171 48 Louis
1513 2856 131 49 Bras-

173 2931 112 56 sin,
313 2931 221 65 August
561 2933 222 63 Dupont
811 2931 91 49 und
929 2930 197 50 Alfred
1151 2933 164 48 Jaell.
1343 2933 122 47 Herr
1490 2933 188 63 Dupont

177 3006 211 50 widmete
417 3024 83 31 uns
527 3009 153 47 seinen
708 3015 147 41 ersten
882 3009 176 48 Besuch
1088 3008 88 48 und
1207 3006 178 50 erwarb
1415 3009 64 47 als
1505 3008 169 49 Pianist

176 3084 86 48 wie
291 3084 115 48 auch
442 3085 63 47 als
536 3085 261 64 Componist
834 3100 185 50 grossen
1044 3084 172 48 Beifall.
1262 3083 157 49 Alfred
1444 3085 115 47 Jaell
1599 3084 78 48 hat

177 3175 84 33 uns
290 3159 142 49 durch
467 3159 86 49 den
581 3161 199 64 Vortrag
817 3160 76 48 des
921 3160 412 48 Schumann'schen
1361 3157 284 51 A-moll-Con-

176 3244 142 42 certes
346 3236 241 57 bewiesen,
629 3236 86 47 wie
751 3253 46 31 es
835 3237 94 47 ihm
955 3237 115 49 noch
1099 3236 160 48 immer
1286 3253 76 31 um
1389 3235 284 66 Ausbildung

176 3312 94 50 und
299 3312 461 64 Vervollkommnung
788 3314 141 47 seines
957 3312 138 49 schon
1124 3311 314 50 bedeutenden
1469 3312 205 49 Talentes

176 3406 53 32 zu
253 3390 113 48 thun
394 3389 66 48 ist.

293 3467 243 49 Virtuosen
576 3466 81 50 auf
686 3465 196 49 anderen
908 3466 331 47 Instrumenten
1282 3481 152 32 waren
1475 3480 198 48 sparsam

178 3549 236 43 vertreten.
464 3545 97 47 Der
588 3544 152 64 König
778 3542 78 49 der
883 3542 377 54 Violoncellisten,
1300 3541 240 55 Servais,
1578 3556 96 32 war

176 3631 84 33 uns
287 3618 140 49 schon
455 3636 84 32 von
571 3620 153 48 früher
752 3620 215 56 bekannt,
1010 3617 160 50 darum
1208 3616 111 49 aber
1352 3617 120 47 nicht
1500 3616 174 48 minder

176 3691 321 51 willkommen.
525 3697 123 46 Herr
672 3696 248 48 Joachim
949 3701 90 42 trat
1066 3711 85 31 nur
1178 3693 43 47 in
1249 3692 187 50 Utrecht
1463 3692 88 48 auf.
1588 3692 86 48 Die

176 3770 299 48 utrecht'sche
498 3772 447 48 Concert-Direction
969 3771 275 48 betrachtete
1272 3770 86 48 den
1378 3770 176 47 Besuch
1583 3768 69 49 die-

174 3857 70 37 ses
266 3845 399 66 ausgezeichneten
691 3850 235 48 Künstlers
955 3848 63 49 als
1046 3847 96 48 eine
1164 3845 286 49 Ehrensache
1477 3843 92 48 und
1597 3843 52 50 be-

173 3923 158 49 reitete
371 3922 92 48 ihm
505 3921 87 48 den
633 3925 314 62 glänzendsten
991 3923 238 65 Empfang.
1282 3922 108 48 Wir
1443 3919 233 50 brauchen

173 3998 123 50 wohl
324 3998 122 50 nicht
472 3999 349 65 hinzuzufügen,
865 4002 84 47 wie
983 4001 94 48 sein
1107 3999 118 65 Spiel
1258 3999 120 49 Alles
1405 4015 78 30 zur
1516 3997 134 65 Begei-

174 4082 186 59 sterung
389 4076 172 49 hinriss.

1861 362 83 47 Mit
1963 362 101 48 dem
2079 363 265 50 Vorführen
2365 382 81 31 von
2468 382 144 34 neuen
2628 367 426 51 Orchesterwerken
3069 372 138 49 schrei-

1748 442 75 42 ten
1850 452 160 33 unsere
2035 440 500 49 Concert-Directionen
2562 443 158 47 immer
2741 445 178 47 wacker
2947 446 96 48 fort.
3087 447 120 47 Sinfo-

1748 512 128 48 nieen
1913 530 84 32 von
2034 515 280 57 Bubinstein,
2356 517 256 48 Ferdinand
2647 520 234 48 Kufferath
2924 521 88 48 und
3052 523 178 65 Berlyn,

1748 588 85 46 wie
1874 589 113 46 auch
2036 589 162 49 Gade's
2250 592 519 65 Frühlings-Phantasie,
2822 596 285 49 Ouvertüren
3148 615 83 30 von

1747 663 141 57 Kietz,
1916 666 196 48 Bichard
2137 668 102 46 Holl
2270 667 89 47 und
2379 668 210 48 Anderen
2618 668 161 48 kamen
2801 689 51 29 zu
2876 673 164 47 Gehör.
3067 676 50 46 In
3146 675 85 48 wie

1749 741 102 47 weit
1872 739 119 49 diese
2015 743 359 64 Compositionen
2397 744 80 47 auf
2499 743 100 48 dem
2623 746 262 63 Ilepertoire
2913 747 175 50 bleiben
3117 750 84 48 kön-

1748 831 103 40 nen,
1879 832 118 32 muss
2026 817 69 48 die
2121 818 97 47 Zeit
2245 819 170 56 lehren,
2454 821 144 47 zumal
2634 837 87 31 nur
2759 822 103 47 sehr
2895 824 172 64 wenige
3103 826 127 48 einen

1748 890 340 49 entschiedenen
2116 893 228 48 Eindruck
2373 894 313 49 nachzulassen
2714 898 298 47 vermochten.

1862 967 84 47 Die
1975 968 440 65 Sing-Akademieen
2457 969 78 48 der
2572 970 287 49 Gesellschaft
2897 991 78 29 zur
3010 974 192 49 Beförde-

1748 1058 117 47 rung
1893 1043 78 47 der
1999 1044 234 47 Tonkunst
2261 1044 244 48 bemühten
2544 1045 90 47 sich
2678 1045 181 49 diesmal
2888 1049 164 47 wieder
3089 1051 141 63 eifrig,

1749 1118 229 48 classische
2006 1120 294 49 Vocahverke
2340 1138 53 31 zu
2430 1122 151 48 Gehör
2617 1139 52 30 zu
2707 1122 202 64 bringen.
2956 1125 49 46 In
3032 1125 171 49 Amster-

1751 1191 101 50 dam
1876 1194 160 48 fanden
2059 1195 92 47 drei
2168 1197 353 64 Aufführungen
2539 1199 137 53 Statt;
2700 1197 115 48 eben
2835 1214 47 32 so
2897 1200 107 47 viele
3027 1200 57 47 im
3102 1203 131 63 Haag

1753 1269 88 47 und
1867 1271 107 47 zwei
2015 1271 43 47 in
2087 1271 277 50 Botterdam.
2415 1273 86 47 Die
2537 1274 96 47 Zeit
2670 1274 177 47 erlaubt
2874 1291 80 31 uns
2982 1275 134 57 nicht,
3151 1278 83 47 alle

1749 1344 117 49 diese
1888 1346 353 66 Aufführungen
2264 1349 276 48 ausführlich
2568 1367 52 29 zu
2643 1348 289 64 besprechen.
2961 1351 106 49 Wir
3090 1351 144 64 geben

1749 1420 140 48 daher
1918 1439 85 31 nur
2038 1423 69 48 die
2135 1425 308 64 Programme.
2490 1426 48 46 In
2573 1425 369 48 Amsterdam:
2979 1428 31 47 I.
3052 1426 182 50 Comala

1748 1512 84 31 von
1862 1496 145 56 Gade;
2049 1498 269 66 Lobgesang
2358 1515 83 32 von
2477 1500 326 48 Mendelssohn.
2852 1503 53 45 11.
2947 1503 166 63 Joseph
3150 1519 84 32 von

1748 1572 175 56 Mehul;
2192 1572 166 50 Stdbat
2331 1576 69 47 mater
2401 1592 74 31 von
2476 1576 150 47 Bossini
2666 1575 145 65 (unter
2833 1578 290 64 Mitwirkung
3151 1579 80 47 der

1748 1649 176 47 Herren
1945 1649 175 48 Caubet
2144 1666 101 31 vom
2275 1651 319 47 französischen
2614 1651 267 48 Hoftheater
2906 1652 59 47 im
2989 1654 131 63 Haag
3141 1654 92 47 und

1748 1724 184 49 Derivis.
1979 1726 74 47 111.
2083 1726 183 48 Messias
2304 1743 85 31 von
2429 1727 174 47 Händel
2646 1726 147 65 (unter
2820 1729 291 64 Mitwirkung
3146 1746 85 32 von

1747 1800 209 48 Fräulein
1985 1801 195 48 Schreck
2205 1801 92 48 und
2323 1804 150 47 Herrn
2497 1801 228 66 Göbbels).
2754 1805 65 46 Im
2848 1805 176 63 Haag:
3054 1806 31 47 I.
3113 1806 89 47 Pau-

1747 1875 80 48 lus.
1862 1876 55 47 11.
1947 1876 275 48 Gemischtes
2248 1879 267 63 Programm
2543 1895 84 31 von
2655 1879 225 47 kleineren
2909 1880 322 48 Vocalwerken

1747 1951 90 48 und
1865 1953 378 49 Kammermusik.
2285 1955 75 47 111.
2388 1956 95 46 Der
2506 1955 84 48 95.
2612 1956 146 47 Psalm
2788 1971 81 32 von
2894 1956 335 55 Mendelssohn;

1758 2027 67 56 „0
1855 2028 162 47 weinet
2228 2045 84 32 von
2340 2031 165 55 Hiller;
2891 2047 86 32 von
3009 2032 195 47 Mendels-

1747 2103 113 47 sohn
1886 2103 93 49 und
2006 2103 70 49 die
2104 2105 265 48 Maccabäer
2398 2105 217 64 (Christus
2645 2122 72 32 am
2745 2106 217 65 Oelberg)
2991 2124 85 31 von
3103 2108 104 47 Beet-

1749 2178 155 49 hoven.
1933 2181 50 44 In
2010 2180 350 48 Botterdam:
2388 2182 33 46 I.
2449 2182 100 46 Elia
2571 2182 80 47 auf
2666 2182 156 47 Horeb
2844 2199 84 30 von
2949 2183 51 46 F.
3026 2183 203 54 Coenen;

1749 2254 146 47 Psalm
1927 2253 69 48 84
2024 2270 83 31 von
2137 2254 236 56 Verhülst;
2402 2256 196 48 Sinfonie
2626 2272 82 31 von
2736 2256 192 56 Nicolai;
2962 2257 269 57 Ouvertüre,

1752 2329 147 50 Chöre
1945 2329 91 49 und
2081 2331 476 48 Zwischenact-Musik
2596 2350 101 29 zum
2733 2332 282 65 Trauerspiel
3054 2333 179 48 Lucifer

1751 2403 54 66 (J.
1833 2422 84 32 van
1945 2406 85 48 den
2058 2406 189 64 Vondel)
2289 2423 84 32 von
2411 2408 38 47 J.
2478 2408 54 47 A.
2568 2423 83 33 van
2685 2408 170 65 Eyken.
2909 2409 54 47 11.
3001 2409 96 46 Der
3145 2409 85 49 95.

1748 2482 147 47 Psalm
1923 2498 84 32 von
2034 2482 336 56 Mendelssohn;
2405 2483 204 57 Samson,
2637 2483 260 47 Oratorium
2928 2500 84 31 von
3040 2483 190 50 Händel.

1747 2557 271 48 Ausserdem
2062 2558 188 48 wurden
2289 2559 116 47 noch
2443 2576 52 30 zu
2533 2559 152 49 Gehör
2725 2558 215 66 gebracht
2976 2561 43 47 in
3046 2561 187 48 Utrecht

2012 2651 85 31 von
2124 2634 262 48 Beinthaler
2426 2634 90 47 und
2554 2635 44 47 in
2631 2635 224 49 Zierikzee
2913 2635 109 56 „Die
3048 2635 156 49 Jahres-

1951 2726 84 31 von
2062 2709 177 65 Haydn.
2286 2710 65 47 Im
2379 2709 310 65 Allgemeinen
2717 2709 149 48 haben
2892 2727 158 32 unsere
3081 2710 150 49 Chöre

1747 2785 125 49 recht
1894 2785 240 64 Tüchtiges
2157 2787 201 63 geleistet
2384 2785 90 49 und
2504 2787 194 47 konnten
2726 2788 90 46 also
2844 2787 126 48 ihren
2999 2788 117 47 alten
3137 2788 97 47 Buf

1747 2860 256 49 bewahren.
2053 2862 209 48 Fräulein
2290 2862 197 47 Schreck
2524 2863 171 47 lernten
2736 2863 81 47 wir
2844 2863 57 47 im
2930 2863 183 48 Messias
3142 2863 91 47 und

1745 2936 58 47 im
1828 2936 188 49 Samson
2039 2936 186 49 kennen.
2248 2938 108 48 Wir
2382 2936 179 50 können
2587 2954 86 31 nur
2698 2953 151 48 sagen,
2878 2936 99 50 dass
3005 2939 82 46 wir
3113 2938 117 48 diese

1745 3013 196 64 tüchtige
1959 3013 90 48 und
2072 3013 194 65 begabte
2283 3014 217 63 Sängerin
2528 3013 104 49 bald
2655 3014 166 48 wieder
2834 3032 52 30 zu
2909 3015 137 48 sehen
3067 3014 162 49 hoffen.

2069 3253 165 57 Aus
2307 3252 599 58 Düsseldorf.

2636 3384 103 34 Den
2780 3382 59 37 21.
2878 3382 96 36 Mai
3019 3381 107 38 1859.

1855 3466 86 48 Die
1980 3467 131 64 lange
2153 3466 304 48 musicalische
2499 3467 138 57 Stille,
2690 3466 69 47 die
2806 3466 81 48 seit
2929 3466 100 48 dem
3073 3467 157 49 letzten

1743 3541 583 50 Abonnements-Concerte
2368 3544 260 63 geherrscht
2667 3542 77 47 hat
2801 3540 429 66 (Garten-Concerte

1743 3617 79 48 der
1848 3617 459 65 Langenbach'schen
2336 3618 178 64 Capelle
2554 3618 177 47 können
2773 3617 96 47 hier
2906 3618 121 47 nicht
3064 3618 44 47 in
3145 3620 57 45 Be-

1743 3695 146 47 tracht
1916 3693 245 65 kommen),
2201 3693 155 49 wurde
2394 3701 177 57 gestern
2606 3692 186 48 Abends
2833 3693 141 49 durch
3015 3695 107 47 zwei
3155 3695 49 63 ju-

1744 3770 231 66 gendliche
2003 3772 229 55 Künstler,
2261 3771 69 47 die
2358 3770 175 48 Brüder
2558 3770 255 64 Leopold
2850 3770 92 48 und
2980 3770 250 48 Gerhard

1744 3847 248 56 Brassin,
2021 3846 70 48 die
2119 3847 59 47 im
2203 3846 317 48 Cürten'schen
2543 3847 132 47 Saale
2703 3847 98 47 eine
2824 3846 284 48 Trio-Soiree
3135 3861 70 32 ver-

1745 3923 207 50 anstaltet
1979 3922 169 57 hatten,
2176 3922 157 48 höchst
2360 3922 253 63 angenehm
2642 3921 343 49 unterbrochen.

1858 3999 93 47 Das
1971 3999 266 63 Programm
2266 3996 144 49 dieser
2438 3998 153 47 Soiree
2620 4013 96 32 war
2742 3998 101 47 echt
2869 3996 220 48 classisch:
3120 3994 102 47 Trio

1748 4074 75 50 für
1850 4074 156 59 Piano,
2034 4074 174 49 Violine
2234 4073 93 50 und
2354 4074 277 50 Violoncello
2659 4090 82 33 von
2756 4072 219 49 Schubert
2998 4068 228 65 (Es-dur),
