3487 4447
1631 150 96 55 331

193 295 106 52 Wir
329 295 207 52 erfahren
569 296 165 59 ferner,
765 294 103 52 dass
900 292 81 53 der
1022 292 171 69 „selige
1474 292 156 51 Herrn

66 379 260 54 Wilibald's
351 381 82 51 das
470 421 19 19 „
504 380 175 70 Capitel
710 380 116 51 über
856 380 72 51 die
959 378 276 50 ästhetische
1265 378 124 50 Seite
1420 378 82 52 der
1519 378 70 52 Mu-

210 465 238 69 folgender
477 466 212 50 Maassen
718 464 207 68 begann:

203 552 118 57 „Die
345 549 269 69 Schöpfung
658 548 221 49 brauchte
919 545 131 51 sechs
1079 546 142 68 Tage,
1265 563 77 33 um
1387 545 92 51 sich
1525 545 104 51 dem

68 633 151 52 Chaos
254 652 53 32 zu
340 633 287 57 entwinden;
671 632 124 50 nicht
825 648 51 33 so
908 629 133 52 leicht
1072 630 160 51 wurde
1272 647 48 34 es
1352 630 80 51 der
1461 630 168 51 Musik.

66 719 76 50 Bis
165 717 249 52 Palestrina
437 717 149 50 dürfte
609 715 64 50 sie
696 715 120 50 wohl
838 732 51 33 so
915 714 82 50 viel
1016 714 335 51 Jahrtausende
1375 713 257 68 gebraucht

70 802 174 61 haben;
288 803 118 51 denn
452 802 65 49 sie
558 800 58 50 ist
656 817 51 33 so
748 799 62 51 alt
856 799 85 51 wie
971 800 81 50 der
1080 799 206 59 Mensch,
1332 799 88 51 wie
1450 798 178 52 Glaube

68 887 94 51 und
191 886 143 50 Liebe
364 886 93 50 und
490 884 141 50 deren
651 883 175 67 Organ,
858 883 93 51 und
983 883 113 51 wird
1127 899 50 35 es
1197 882 181 52 bleiben
1402 883 42 51 in
1470 883 126 67 Ewig-

247 971 65 67 (S.
353 968 110 67 10.)
605 967 394 52 Wahrscheinlich
1031 968 150 51 steckt
1209 968 97 48 hier
1346 967 71 49 ein
1446 968 152 50 Druck-

67 1056 156 59 fehler,
268 1053 151 51 indem
461 1051 82 50 der
572 1052 239 51 Verfasser
851 1052 116 51 doch
1009 1052 121 51 wohl
1172 1052 157 58 meint,
1375 1052 71 49 die
1477 1051 151 52 Musik

68 1140 84 50 sei
185 1140 79 49 das
288 1138 160 65 Organ
480 1136 78 51 des
579 1136 233 52 Glaubens
842 1137 92 51 und
967 1137 82 50 der
1070 1134 156 60 Liebe,
1256 1136 123 51 nicht
1404 1134 126 60 aber,
1562 1136 67 51 sie

68 1223 64 51 sei
163 1221 150 51 eben
346 1237 63 33 so
440 1220 97 59 alt,
583 1221 109 49 wie
724 1221 144 49 dieses
896 1221 177 66 Organ.
1133 1220 63 50 Es
1228 1220 216 50 kommen
1475 1220 152 52 indess

70 1306 168 52 freilich
283 1322 51 33 so
379 1305 304 50 schülerhafte
712 1305 421 66 Nachlässigkeiten
1173 1305 97 50 hier
1309 1303 91 52 und
1446 1303 56 51 da
1531 1322 98 42 vor,

68 1391 104 51 dass
204 1406 103 33 man
340 1388 64 51 sie
435 1388 69 51 bei
536 1388 102 51 dem
671 1388 161 51 besten
866 1388 170 53 Willen
1083 1388 122 51 nicht
1235 1388 80 51 auf
1348 1388 88 51 den
1468 1390 161 49 Setzer

68 1471 216 53 schieben
313 1472 144 60 kann;
503 1491 38 33 z.
572 1474 50 49 B.
659 1472 216 51 ebenfalls
906 1474 47 49 S.
993 1472 98 51 10:
1145 1474 154 58 „Mein
1329 1474 186 50 Mentor
1545 1472 54 51 be-

68 1557 162 51 rührte
274 1556 189 51 manche
505 1556 276 51 ästhetische
811 1557 125 50 Seite
966 1573 192 34 unserer
1188 1557 168 60 Kunst,
1402 1556 230 51 welche

68 1659 88 34 von
188 1641 83 52 der
301 1641 382 52 oberflächlichen
703 1642 162 51 Weise
898 1641 80 51 des
1009 1640 268 52 Ulibischeff
1298 1641 113 51 oder
1440 1641 82 51 der
1552 1658 52 50 ge-

66 1725 179 52 lehrten
277 1725 227 51 Vischer's
591 1725 107 51 sehr

190 1808 278 68 Abgesehen
499 1827 87 34 von
617 1809 101 51 dem
752 1809 237 51 Schnitzer
1018 1808 57 52 ist
1105 1808 71 52 bei
1207 1808 148 50 dieser
1384 1808 143 52 Stelle
1558 1808 74 52 die

67 1894 480 66 Zusammenstellung
589 1910 88 33 von
721 1893 193 50 Vischer
957 1893 94 50 und
1092 1890 269 53 Ulibischeff
1399 1893 107 49 sehr
1549 1891 53 52 be-

66 1978 246 51 zeichnend
359 1979 71 50 für
473 1979 71 48 die
574 1976 345 69 Bildungsstufe
950 1976 92 53 und
1080 1976 79 53 das
1201 1976 431 53 wissenschaftliche

68 2062 201 52 Streben
301 2063 78 49 des
410 2063 282 58 Verfassers,
735 2062 164 59 zumal,
945 2062 55 50 da
1041 2079 52 32 er
1122 2060 125 52 nicht
1276 2060 224 63 erröthet,
1543 2062 87 50 den

67 2154 155 43 ersten
251 2145 325 70 Paragraphen
616 2163 87 33 von
744 2145 230 51 Vischer's
1017 2145 159 52 Buche
1219 2143 117 53 über
1380 2144 70 51 die
1480 2145 149 51 Musik

68 2229 83 51 mit
179 2238 273 61 gesperrten
482 2232 192 48 Lettern
711 2228 267 52 abdrucken
1009 2247 55 33 zu
1094 2229 152 51 lassen
1290 2229 91 51 und
1426 2229 93 51 ihm
1560 2230 70 51 die

68 2312 121 53 oben
216 2314 270 68 angeführte
514 2313 175 52 Faselei
732 2313 116 51 über
889 2314 70 50 die
1003 2313 131 51 sechs
1164 2312 338 52 Jahrtausende
1531 2322 75 43 ent-

70 2415 149 50 gegen
251 2416 55 32 zu
339 2398 190 51 stellen!
585 2397 130 52 Noch
759 2406 213 59 strenger
1002 2416 56 32 zu
1088 2401 149 63 rügen
1267 2397 57 49 ist
1353 2397 126 61 aber,
1525 2398 104 51 dass

68 2497 51 34 er
162 2498 74 32 am
279 2481 217 50 Schlüsse
534 2481 131 67 jenes
708 2481 41 67 §.
802 2481 22 50 1
880 2481 131 68 (oder
1059 2479 113 51 746
1221 2479 82 51 der
1346 2490 286 58 gesammten

70 2564 261 69 Aesthetik)
368 2567 155 48 Herrn
566 2564 193 51 Vischer
805 2582 138 51 sagen
989 2566 138 49 lässt:
1183 2564 181 60 „Dies
1409 2564 77 53 ist
1529 2566 101 51 das

70 2648 224 52 Wesen
326 2650 104 49 der
741 2648 108 51 Dies
881 2650 57 49 ist
967 2648 101 51 eine
1098 2647 234 52 offenbare
1364 2648 239 52 Unredlich-

68 2731 118 60 keit;
231 2732 119 51 denn
396 2733 145 50 davon
572 2731 125 52 steht
736 2731 43 52 in
805 2732 154 67 jenem
992 2732 322 69 Paragraphen
1346 2732 101 51 kein
1479 2733 120 51 Buch-

70 2815 144 53 stabe.
256 2817 99 50 Vor
384 2817 202 51 solchem
617 2815 174 52 Unsinn
823 2817 57 50 ist
909 2816 70 51 ein
1008 2818 137 49 Mann
1176 2816 86 51 wie
1294 2816 192 51 Vischer
1514 2825 115 44 stets

70 2900 174 59 sicher;
288 2901 123 51 seine
454 2901 360 67 Untersuchung
857 2901 114 51 über
1016 2901 80 51 das
1138 2902 176 51 Wesen
1356 2900 81 52 der
1480 2902 152 50 Musik

70 2985 194 49 umfasst
303 2985 290 52 bekanntlich
638 3003 58 34 an
735 2985 168 67 fünfzig
947 2985 342 68 Paragraphen,
1333 2986 126 51 nicht
1502 2986 131 51 einen

70 3067 219 68 einzigen.

197 3149 100 53 Und
329 3169 87 33 von
439 3154 197 58 Leuten,
666 3152 176 51 welche
870 3152 80 50 auf
974 3152 98 50 eine
1102 3170 51 33 so
1178 3152 156 53 frivole
1361 3154 163 52 Weise
1554 3154 80 51 mit

70 3235 83 51 der
181 3235 283 51 Kunstlehre
494 3236 124 68 Spiel
651 3236 93 51 und
776 3238 138 68 Spott
959 3236 194 61 treiben,
1197 3238 146 50 sollen
1388 3238 84 50 wir
1514 3257 119 33 neue

72 3318 297 52 Aufschlüsse
400 3320 268 48 erwarten?

197 3403 102 49 Den
331 3401 332 69 Haupt-Inhalt
692 3420 87 32 von
814 3403 258 52 Wilibald's
1102 3404 126 49 Brief
1263 3405 94 51 und
1388 3423 103 34 vom
1522 3423 83 50 gan-

72 3503 83 34 zen
181 3494 156 42 ersten
367 3486 141 51 Hefte
538 3485 139 51 bildet
706 3486 100 50 eine
837 3504 113 49 ganz
992 3488 363 62 oberflächliche,
1395 3489 211 69 rhapsodi-

72 3569 108 52 sche
210 3568 272 52 Uebersicht
527 3569 81 51 der
650 3569 273 51 Geschichte
969 3570 81 50 der
1092 3572 150 49 Musik
1275 3573 67 51 bis
1385 3573 82 49 auf
1503 3573 104 51 Pale-

71 3654 155 51 strina.
257 3653 78 51 Sie
358 3653 175 51 enthält
555 3671 89 33 nur
671 3653 286 51 allbekannte
980 3654 178 50 Sachen
1182 3655 94 51 und
1296 3657 338 67 Aussendinge,

71 3735 156 70 bringt
257 3737 119 50 dann
407 3737 150 66 einige
590 3737 286 68 persönliche
895 3738 423 67 Expectorationen
1345 3740 80 51 des
1449 3740 159 51 Verfas-

71 3838 99 33 sers
199 3820 116 51 über
339 3820 265 59 Palestrina,
633 3820 73 51 die
732 3820 157 51 weder
919 3828 142 43 etwas
1077 3822 170 61 Neues,
1277 3824 118 51 noch
1427 3823 79 51 das
1525 3824 108 51 Alte

71 3904 44 51 in
143 3906 305 50 anziehender
477 3906 140 50 Form
663 3904 166 68 geben,
875 3907 122 49 Herr
1028 3904 219 54 Wilibald
1294 3912 173 46 müsste
1512 3907 121 52 denn

72 3988 125 51 seine
226 3991 329 66 Aeusserung:
597 3988 282 60 „Palestrina
910 3989 168 51 wählte
1117 3991 70 49 die
1218 3991 130 50 Töne
1394 3993 70 47 lür
1507 3992 125 49 seine

72 4071 222 52 Stimmen
325 4073 123 51 nicht
478 4072 124 52 bloss
633 4072 113 51 nach
778 4073 87 50 den
895 4073 358 69 Accordregeln,
1285 4074 199 53 sondern
1515 4076 115 51 auch

72 4155 114 50 nach
244 4155 123 52 ihrer
426 4156 351 52 verschiedenen
839 4156 410 68 eigentümlichen

1728 291 203 51 wirklich
1977 291 72 51 für
2089 291 73 54 die
2213 294 258 67 »Lösung"'
2522 294 123 51 eines
2703 291 154 54 bisher
2912 294 376 53 verschlossenen

2056 376 170 51 halten.
2263 376 67 69 (S.
2368 378 107 64 17.)

1855 461 159 51 Wenn
2043 460 94 51 sich
2169 460 84 51 der
2278 461 238 51 Verfasser
2545 463 43 50 in
2618 461 70 52 die
2721 463 366 69 philosophische
3118 464 178 68 Sphäre

1726 545 207 59 verläuft,
1964 563 52 33 so
2049 545 215 51 kommen
2297 545 203 51 vollends
2531 546 308 54 wunderliche
2862 549 150 67 Dinge
3043 567 105 33 zum
3176 549 90 51 Vor-

1724 629 169 51 schein.
1930 630 107 51 Wir
2066 629 149 67 geben
2246 632 71 49 ein
2350 647 110 52 paar
2491 629 199 52 Proben.

1850 714 47 50 S.
1936 713 105 51 16:
2095 751 19 21 „
2131 713 288 52 Palestrina's
2448 713 154 52 Musik
2646 715 253 68 entspricht
2940 734 111 50 ganz
3084 718 88 52 den
3203 718 60 51 Be-

1722 797 161 67 griffen
1908 813 192 34 unserer
2117 798 247 51 Voreltern
2389 816 87 33 von
2502 797 240 52 absoluter
2764 799 93 50 und
2881 800 210 51 relativer
3112 803 149 51 Schön-

1722 882 106 59 heit,
1874 882 80 51 das
1999 882 57 51 ist
2096 882 253 52 Schönheit
2392 883 71 51 für
2509 883 89 51 den
2630 882 128 51 Geist
2803 884 91 50 und
2927 884 249 52 Schönheit
3219 887 73 49 für

1720 966 81 52 das
1831 967 141 51 Herz.

1855 1051 144 58 „Wie
2029 1051 98 50 naiv
2157 1051 94 52 dies
2288 1053 117 50 auch
2447 1052 88 52 den
2566 1052 162 51 Ohren
2771 1070 195 34 unserer
2996 1053 294 51 Aesthetiker

1721 1132 181 68 klingen
1934 1152 121 48 mag,
2095 1133 81 51 der
2207 1136 206 52 Musiker
2444 1143 173 44 vvusste
2650 1137 131 50 mehr
2811 1137 167 51 daraus
3011 1155 57 32 zu
3100 1137 165 51 entneh-

1723 1236 119 42 men,
1872 1218 64 50 als
1968 1236 83 33 aus
2082 1218 102 51 dem
2203 1221 161 51 Satze:
2406 1261 19 19 „
2449 1222 126 58 „Das
2593 1221 185 51 Schöne
2806 1222 59 51 ist
2895 1222 73 51 die
2996 1221 109 51 Idee
3138 1221 43 52 in
3213 1221 53 52 be-

1723 1305 216 64 gränzter
2359 1312 18 22 8

1859 1387 119 59 „Die
2009 1396 123 42 erste
2164 1386 287 70 begründete
2491 1387 94 52 sich
2634 1390 195 49 nämlich
2874 1390 82 51 auf
2992 1391 296 69 Richtigkeit,

1723 1470 224 59 Klarheit,
1977 1471 324 61 Deutlichkeit,
2347 1472 233 68 Ordnung
2613 1472 93 51 und
2737 1474 184 52 Einheit
2951 1475 81 49 der
3063 1476 202 51 verschie-

1726 1554 147 50 denen
1903 1554 158 49 Theile
2091 1554 93 50 und
2216 1555 161 51 wurde
2408 1554 210 52 absolute
2650 1565 216 57 genannt,
2912 1559 100 49 weil
3045 1559 65 50 sie
3140 1578 55 31 zu
3225 1560 44 51 al-

1723 1636 74 52 len
1827 1637 160 51 Zeiten
2034 1637 92 51 und
2173 1655 87 34 von
2301 1639 115 50 allen
2461 1639 268 61 Menschen,
2776 1640 71 51 die
2891 1641 131 51 einen
3064 1644 228 64 gewissen

1724 1721 280 69 Culturgrad
2047 1722 212 61 erreicht,
2315 1724 376 51 unveränderlich
2738 1725 91 51 und
2875 1726 240 68 allgemein
3158 1745 108 35 aner-

1723 1805 141 52 kannt
1892 1806 72 52 ist.

1842 1890 119 60 „Die
1995 1891 160 51 zweite
2182 1891 90 52 Art
2301 1893 198 67 gründet
2531 1893 91 50 sich
2655 1893 83 50 auf
2761 1893 266 69 Stimmung
3057 1895 94 52 und
3181 1896 74 53 Em-

1724 1973 224 68 pfindung
1978 1974 82 51 der
2088 1975 265 52 Individuen
2396 1975 95 52 und
2519 1976 244 60 Nationen,
2808 1976 58 51 ist
2897 1978 142 49 daher
3068 1979 224 70 vielseitig

1722 2058 95 51 und
1835 2058 325 51 veränderlich.
2192 2060 105 51 Man
2317 2059 159 69 glaubt
2505 2078 88 33 nur
2617 2060 94 60 das,
2743 2078 95 33 was
2870 2079 103 33 man
2997 2062 134 61 kann,
3161 2064 129 52 nicht

1723 2140 97 61 das,
1850 2158 95 36 was
1977 2159 103 35 man
2110 2143 89 51 will
2231 2144 113 51 oder
2373 2145 110 60 soll;
2513 2145 62 50 sie
2599 2144 163 51 wurde
2785 2145 96 51 also
2904 2147 186 52 relative
3110 2147 150 53 Schön-

1723 2225 94 51 heit
1846 2233 216 62 genannt,
2093 2228 102 51 weil
2227 2228 65 51 sie
2320 2247 88 32 nur
2437 2230 44 50 in
2513 2229 103 51 dem
2635 2230 179 51 Maasse
2842 2230 340 69 Wohlgefallen
3214 2251 50 33 er-

1723 2318 119 61 regt,
1872 2310 66 51 als
1968 2312 67 51 sie
2066 2312 356 70 sympathetisch
2455 2313 325 69 mitklingende
2818 2314 153 52 Saiten
3002 2316 243 52 vorfindet.

1860 2394 118 60 „Die
2016 2393 213 53 absolute
2258 2397 250 49 Schönheit
2540 2397 56 51 ist
2625 2398 71 50 die
2728 2397 264 68 Grundlage
3021 2398 83 52 der
3133 2401 131 50 relati-

1726 2495 100 43 ven,
1859 2477 42 52 d.
1934 2479 42 50 h.
2008 2478 119 52 ohne
2154 2481 293 67 Richtigkeit,
2477 2482 234 68 Ordnung
2740 2482 96 52 und
2850 2483 181 51 Einheit
3060 2484 56 51 ist
3148 2484 111 51 über-

1726 2561 143 70 haupt
1902 2562 130 51 keine
2063 2563 252 51 Schönheit
2344 2564 212 68 möglich.

1860 2647 128 58 „Das
2033 2646 211 53 absolute
2289 2650 183 49 Schöne
2518 2650 43 49 in
2607 2648 288 52 Palestrina's
2924 2651 150 51 Musik
3120 2652 166 52 wissen

1727 2728 82 51 wir
1839 2730 115 50 auch
1983 2730 138 50 heute
2152 2732 116 50 noch
2301 2751 53 32 zu
2387 2732 250 60 erreichen,
2668 2732 80 51 das
2771 2733 184 51 relative
2978 2733 109 51 aber
3116 2736 59 51 ist
3198 2754 88 34 von

1728 2813 125 50 einer
1881 2813 325 63 Erhabenheit,
2236 2816 125 51 einer
2391 2816 197 69 heiligen
2621 2817 126 51 Tiefe
2777 2818 90 50 und
2902 2818 243 61 Allmacht,
3176 2821 83 50 wel-

1728 2896 99 61 che,
1872 2915 52 33 so
1968 2897 175 52 scheint
2184 2916 66 43 es,
2295 2918 88 33 nur
2427 2919 53 32 zu
2522 2901 132 66 jener
2697 2901 99 52 Zeit
2837 2901 63 51 als
2942 2902 347 54 reichduftende

1727 2981 166 51 Blüthe
1924 2982 90 51 den
2041 2984 162 49 Seelen
2231 2991 250 61 entspross.

1821 3067 167 59 „Zwar
2018 3067 61 50 ist
2109 3067 177 50 Glaube
2317 3069 87 49 wie
2434 3067 142 52 Liebe
2606 3069 68 50 ein
2705 3070 270 62 Natursloff,
3006 3071 82 52 der
3118 3071 93 52 sich
3245 3072 44 53 in

1726 3150 115 51 allen
1863 3150 249 51 Menschen
2138 3151 92 50 und
2255 3169 56 33 zu
2342 3152 116 51 allen
2475 3154 159 49 Zeiten
2665 3152 183 68 geltend
2880 3155 165 61 macht,
3077 3156 94 50 und
3201 3158 89 50 wie

1726 3234 71 51 die
1827 3234 183 51 Pflanze
2041 3234 113 51 nach
2184 3252 203 34 neueren
2406 3235 394 69 Beobachtungen
2829 3238 79 49 der
2932 3239 358 53 Naturforscher

1726 3335 55 33 zu
1812 3318 122 50 ihrer
1964 3318 256 50 Blüthezeit
2249 3318 128 50 einen
2414 3320 204 51 höheren
2658 3321 308 66 Wärmegrad
3011 3323 183 59 besitzt,
3238 3342 52 34 so

1727 3400 314 52 durchströmt
2070 3401 115 51 auch
2217 3401 88 51 den
2329 3404 249 51 Menschen
2610 3422 80 31 zur
2719 3405 98 50 Zeit
2841 3405 81 50 der
2951 3406 342 72 Begeisterung

1726 3485 69 52 ein
1835 3485 354 52 lebensvolleres
2220 3486 180 60 Gefühl,
2442 3488 164 49 dessen
2639 3488 174 51 Frucht
2857 3489 71 51 die
2959 3492 335 68 Schöpfungen

1726 3570 82 51 der
1837 3572 154 49 Kunst
2022 3570 113 61 sind,
2180 3570 116 51 doch
2328 3572 294 52 verschieden
2653 3589 86 33 von
2772 3573 80 51 der
2883 3574 412 70 Imagination

1726 3653 29 52 b
1769 3654 128 51 rodi
1911 3662 67 42 rt.

1861 3740 130 58 „Nur
2034 3737 42 50 in
2122 3738 237 52 ähnlichen
2399 3739 288 52 Situationen
2731 3739 152 54 haben
2926 3743 72 51 die
3040 3746 255 53 Menschen

1724 3822 206 51 ähnliche
2183 3840 44 33 u.
2260 3838 36 36 s.
2330 3841 56 33 w.

1849 3906 48 49 S.
1931 3904 107 52 20:
2076 3906 94 58 „Es
2202 3904 96 69 gibt
2322 3912 144 43 etwas
2498 3906 57 50 im
2590 3907 125 60 Blut,
2759 3908 44 51 in
2848 3908 83 52 der
2963 3911 330 58 Constitution,

1724 3991 79 50 das
1834 3989 72 51 die
1935 3988 264 52 Individuen
2230 4007 86 33 von
2347 3989 129 51 ihren
2508 3992 248 51 Voreltern
2787 3993 145 52 erben
2974 3997 93 50 und
3111 3997 78 48 das
3227 3996 65 49 sie

1726 4073 124 52 nicht
1879 4091 88 33 nur
1997 4074 70 49 für
2095 4074 163 49 Laster
2298 4074 94 51 und
2423 4074 198 68 Tugend
2662 4077 240 69 disponirt,
2947 4081 197 49 sondern
3173 4078 116 51 auch

1726 4158 81 51 auf
1844 4157 71 51 die
1958 4157 199 51 feineren
2199 4157 221 53 Nuancen
2471 4158 83 52 der
2593 4161 160 52 Kunst
2797 4162 223 52 einwirkt.
3081 4163 106 51 Wie
3241 4180 49 32 es
