3487 4447
1758 140 97 55 332

200 280 358 53 Familiennasen
590 279 112 67 gibt,
732 297 51 33 so
816 297 124 34 muss
971 298 49 33 es
1052 282 117 51 auch
1194 282 567 53 Familien-Gehirnfasern

199 364 174 69 geben;
420 364 102 51 dem
552 363 336 69 Negerknaben
920 366 128 50 ward
1090 367 125 51 nicht
1251 367 124 51 bloss
1403 366 72 50 die
1504 367 257 51 Hautfarbe

200 449 151 52 seiner
381 451 135 54 Race,
549 448 198 51 sondern
779 449 117 51 auch
928 451 81 49 der
1041 452 128 51 dicke
1192 451 193 52 Schädel
1418 452 91 51 und
1542 452 219 51 darunter

200 534 70 50 die
300 533 221 66 analogen
552 533 198 59 Nerven,
795 533 73 51 die
900 534 302 69 eigentlichen
1236 536 267 49 Vermittler
1533 536 228 51 zwischen

199 617 102 52 dem
331 618 108 50 Jen-
470 617 96 50 und
595 618 236 51 Diesseits.

332 702 168 58 „Denn
533 701 102 51 dem
666 703 216 60 Jenseits,
925 705 152 49 wohin
1119 705 83 49 wir
1246 705 113 49 nach
1392 722 193 35 unserer
1615 707 117 50 Meta-

197 786 245 68 marphose
481 785 240 69 gelangen,
766 787 79 51 das
877 806 103 32 man
1011 788 92 50 sich
1137 787 102 51 bald
1276 787 127 59 über,
1450 788 101 51 bald
1584 791 42 50 in
1658 791 103 51 dem

197 870 304 51 unendlichen
531 871 179 51 Räume
754 872 153 57 denkt,
952 872 81 50 der
1076 871 112 51 aber
1235 872 371 52 wahrscheinlich
1657 875 101 51 kein

195 955 169 58 Raum,
394 955 118 51 noch
547 955 68 51 ein
649 955 286 66 ungeheures
967 955 141 58 Grab,
1138 956 200 50 sondern
1356 956 69 50 ein
1446 956 315 52 Lebensäther

196 1039 75 58 ist,
315 1040 83 49 der
437 1058 83 30 uns
562 1040 40 48 in
635 1040 209 48 Stunden
877 1040 80 48 der
987 1040 169 49 Weihe
1188 1040 141 51 schon
1363 1041 95 48 hier
1489 1042 272 68 gewaltiger

199 1122 316 68 durchdringt,
545 1122 80 50 der
655 1122 123 50 Erde
808 1124 214 49 entrückt
1061 1124 91 49 und
1187 1141 86 32 uns
1303 1124 215 67 befähigt,
1565 1126 196 51 Grosses

200 1209 93 49 und
328 1208 205 49 Schönes
566 1225 52 31 zu
651 1208 214 55 schaffen,
915 1208 79 49 das
1041 1225 102 33 man
1175 1225 51 33 so
1258 1225 114 50 gern
1405 1209 89 49 und
1527 1210 123 50 nicht
1682 1211 79 50 mit

200 1291 201 51 Unrecht
430 1291 268 58 himmlisch,
743 1291 190 66 göttlich
978 1302 143 40 nennt
1263 1293 96 49 sind
1404 1293 68 49 die
1504 1295 255 51 Melodieen

197 1376 92 49 und
319 1375 313 50 Harmonieen
660 1375 242 61 entliehen,
945 1376 70 50 die
1063 1394 84 33 uns
1193 1378 80 49 auf
1310 1376 147 51 dieser
1502 1379 231 50 sublunari-

195 1460 138 50 schen
362 1459 134 52 Welt
526 1477 52 32 so
613 1459 276 51 wunderbar
921 1460 304 52 durchtönen.

331 1544 144 59 „Wie
506 1543 109 51 aber
647 1544 70 50 die
746 1544 298 51 Vibrationen
1079 1545 81 51 des
1190 1545 290 51 Lichtäthers
1512 1564 86 32 nur
1630 1547 42 50 in
1704 1564 50 33 so

196 1627 109 50 weit
348 1627 210 50 ähnliche
597 1628 44 49 in
686 1628 82 49 der
797 1629 230 50 Netzhaut
1069 1629 81 51 des
1180 1629 160 67 Auges
1372 1647 245 49 erzeugen,
1663 1630 91 51 und

196 1712 126 51 diese
366 1712 170 49 wieder
576 1730 86 31 nur
704 1713 42 50 in
792 1730 50 33 so
886 1713 105 50 weit
1036 1713 86 50 den
1155 1713 263 50 Sehnerven
1464 1714 292 68 gleichartige

195 1796 272 58 mittheilen,
497 1796 65 49 als
594 1813 49 33 es
675 1796 71 50 die
773 1796 363 50 Beschaffenheit
1168 1797 147 49 dieser
1333 1797 155 49 Theile
1519 1806 237 58 gestattet,

196 1897 52 33 so
281 1879 112 51 wird
425 1879 113 50 auch
563 1878 108 67 jene
703 1879 288 69 partikellose
1020 1879 206 59 Materie,
1260 1881 71 49 die
1363 1881 241 50 unendlich
1638 1882 86 51 dün-

192 1980 87 34 ner
307 1963 63 50 als
402 1962 80 51 der
514 1963 266 51 Lichtäther
808 1964 108 50 alles
948 1963 328 52 Substantielle
1307 1966 315 67 durchdringt,
1667 1967 87 50 den

192 2048 198 50 Sternen
423 2047 84 50 wie
540 2047 87 51 den
657 2048 509 51 Infusions-Thierchen
1199 2048 92 51 und
1316 2050 168 67 gewiss
1514 2050 120 50 noch
1664 2051 68 49 vie-

191 2131 74 52 len
298 2149 85 33 uns
413 2149 113 49 ganz
559 2131 324 52 unbekannten
910 2133 176 50 Wesen
1118 2132 94 51 und
1245 2133 191 52 Welten
1466 2133 158 51 Leben
1654 2152 75 33 ver-

191 2216 124 61 leiht,
347 2216 173 49 welche
552 2215 70 50 bei
657 2217 119 50 ihrer
809 2217 392 67 Durchdringung
1231 2217 79 50 des
1331 2217 193 52 Gehirns
1556 2218 89 53 den
1664 2220 60 51 Ge-

192 2300 178 51 danken
401 2298 157 60 bildet,
590 2301 94 48 dies
710 2300 108 51 alles
850 2318 86 34 nur
966 2301 45 50 in
1039 2301 104 50 dem
1179 2301 283 51 Verhällniss
1488 2306 266 65 vermögen,

192 2384 65 50 als
287 2401 49 33 es
369 2384 71 49 die
469 2384 351 67 Eigenschaften
853 2385 80 49 der
964 2385 188 66 Organe
1183 2392 245 59 gestatten.

328 2469 141 57 „Wir
514 2467 275 52 erfinden
835 2469 168 50 sonach
1041 2469 124 50 nicht
1208 2469 266 58 Gedanken,
1522 2470 81 51 wir
1645 2488 72 34 em-

196 2551 243 69 pfinden
470 2551 63 51 sie
562 2569 103 42 nur,
707 2554 91 49 und
832 2554 70 49 die
933 2552 255 68 Fähigkeit,
1220 2570 56 33 zu
1307 2554 310 67 componiren,
1648 2554 108 52 hört

192 2636 93 59 auf,
317 2635 158 51 sobald
508 2634 70 51 die
609 2638 345 50 vermittelnden
971 2636 157 51 Theile
1159 2638 178 68 stumpf
1361 2638 249 66 geworden
1641 2639 113 51 oder

194 2718 313 69 abgestorben

319 2804 102 51 Und
469 2822 131 31 wozu
641 2804 148 51 dieser
830 2805 747 68 supernaturalistisch-materielle
1620 2808 111 49 Galli-

191 2886 227 51 mathias?
475 2886 84 51 Um
592 2886 71 51 die
694 2906 164 48 grosse
892 2888 245 49 Wahrheit
1168 2907 53 30 zu
1255 2890 244 59 beweisen,
1545 2890 104 51 dass
1679 2892 73 48 ein

190 2973 264 49 Deutscher
484 2972 102 49 kein
616 2973 214 49 Italiäner
874 2973 92 49 und
1009 2973 71 51 ein
1110 2972 215 52 Italiäner
1363 2974 102 50 kein
1497 2975 257 51 Deutscher

188 3055 83 51 ist!
331 3055 101 51 Und
475 3055 154 51 solche
661 3057 392 50 Phrasenmacher
1095 3055 164 51 wollen
1292 3057 128 50 einen
1453 3059 186 50 Denker
1671 3059 83 50 wie

191 3140 192 50 Vischer
414 3139 116 50 über
548 3139 71 51 die
637 3140 166 50 Achsel
827 3140 216 59 ansehen,
1076 3140 217 51 während
1326 3140 64 51 sie
1419 3142 97 51 sich
1546 3161 56 32 an
1631 3143 122 50 seine

190 3224 174 50 Fersen
384 3223 151 50 heften
558 3223 182 57 sollten,
771 3241 77 32 um
881 3223 160 51 einmal
1074 3242 53 32 zu
1159 3224 265 59 versuchen,
1456 3226 93 50 sich
1577 3226 177 67 würdig

190 3325 56 33 zu
280 3308 206 56 machen,
517 3308 92 48 ihm
641 3308 69 48 die
743 3307 329 52 Schuhriemen
1105 3326 56 32 zu
1193 3308 152 51 lösen!

319 3392 111 51 Wir
461 3392 265 57 wünschen,
775 3389 114 51 über
931 3401 118 40 etwa
1088 3392 210 66 folgende
1329 3392 140 51 Hefte
1518 3393 236 66 günstiger

190 3473 236 51 berichten
459 3494 55 31 zu
548 3474 199 59 können,
778 3473 64 51 als
874 3473 116 51 über
1020 3474 80 50 das
1136 3483 136 42 erste.
1326 3474 108 51 Wir
1469 3474 148 51 haben
1650 3476 84 49 viel-

191 3558 136 50 leicht
370 3560 42 48 in
458 3561 86 48 den
577 3561 168 63 Augen
788 3558 216 50 mancher
1034 3561 144 48 Leser
1217 3576 56 32 zu
1321 3558 83 50 viel
1438 3560 172 49 Worte
1643 3560 113 49 über

191 3642 71 50 ein
294 3643 110 49 Heft
435 3661 85 32 von
557 3642 73 50 24
661 3642 155 50 Seiten
849 3642 237 66 gemacht;
1117 3642 131 50 allein
1281 3659 72 33 wo
1384 3641 91 51 sich
1508 3642 98 50 eine
1636 3661 117 32 neue

188 3725 480 50 Monatsschrift
712 3725 268 66 ankündigt,
1027 3725 149 49 halten
1226 3725 84 48 wir
1354 3741 47 33 es
1462 3725 70 49 für
1578 3726 175 57 Pflicht,

190 3808 96 58 das,
321 3826 92 31 was
446 3810 64 48 sie
541 3808 108 59 will,
680 3825 147 50 genau
860 3826 54 31 zu
950 3807 287 57 beleuchten,
1286 3807 91 51 und
1408 3807 212 52 überdies
1651 3810 78 51 wis-

188 3910 83 32 sen
305 3909 165 33 unsere
501 3894 159 55 Leser,
707 3892 102 49 dass
853 3892 82 49 wir
980 3910 50 33 so
1071 3891 100 52 Lob
1218 3891 87 50 wie
1334 3891 138 51 Tadel
1505 3901 115 42 stets
1651 3911 78 33 aus-

187 3976 191 51 führlich
412 3994 55 32 zu
501 3975 267 67 begründen
802 3975 199 51 streben.

1894 380 88 60 Ein
2020 380 373 65 französischer
2430 384 197 61 Bericht
2665 385 121 60 über
2827 385 78 60 die
2944 384 315 79 Aufführung
3299 389 85 60 des

2259 475 327 63 Tannhänser
2624 478 51 58 in
2713 478 314 60 Wiesbaden.

1983 611 86 49 Die
2101 612 263 52 Franzosen
2397 616 96 49 sind
2525 616 41 49 in
2599 616 126 49 ihren
2759 614 232 51 Urtheilen
3024 614 113 50 über
3169 614 225 54 nichtfran-

1857 693 206 52 zösische
2088 697 153 50 Kunst
2271 698 92 50 und
2387 700 231 49 Literatur
2650 708 118 42 trotz
2801 700 114 50 allen
2938 700 335 50 Revolutionen
3304 702 118 51 noch

1858 780 161 49 immer
2064 781 230 52 dieselben
2341 783 254 66 geblieben,
2643 785 87 50 wie
2774 785 57 50 im
2874 785 187 67 vorigen
3092 785 330 53 Jahrhundert.

1858 863 277 60 Leichtsinn,
2168 865 449 61 Oberflächlichkeit,
2650 868 350 60 Unwissenheit,
3032 868 130 50 dabei
3195 870 201 70 Dreistig-

1860 948 92 50 keit
1984 948 92 51 und
2107 951 323 66 Anmaassung
2473 954 229 49 wechseln
2732 955 80 48 mit
2847 955 125 51 Geist
3015 955 89 49 und
3139 954 283 52 Scharfblick

1858 1032 73 56 ab,
1978 1034 90 49 und
2112 1034 126 49 Alles
2286 1034 233 50 bekommt
2566 1036 142 50 durch
2755 1037 85 50 den
3087 1037 68 50 ein
3202 1039 219 66 gewisses

1857 1116 276 67 glänzendes
2154 1117 188 60 Colorit,
2374 1119 79 49 das
2480 1120 100 49 dem
2605 1115 203 71 weniger
2838 1122 207 50 scharfen
3076 1122 112 50 oder
3221 1124 201 66 weniger

1857 1200 203 68 geübten
2093 1204 135 64 Auge
2261 1204 70 48 die
2365 1204 177 67 groben
2572 1205 168 50 Fehler
2770 1206 82 49 der
2882 1208 506 68 Zeichnung—wenig-

1855 1294 124 41 stens
2013 1284 116 51 beim
2162 1286 334 51 französischen
2524 1288 236 50 Publicum
2849 1291 229 50 verdeckt.

1983 1370 105 50 Wir
2119 1369 147 67 geben
2297 1389 80 32 zur
2397 1374 270 66 Ergötzung
2684 1373 123 50 eines
2827 1375 82 48 der
2928 1384 222 41 neuesten
3181 1375 238 69 Beispiele,

1853 1453 131 50 einen
2019 1453 190 68 Auszug
2250 1472 81 31 aus
2374 1455 100 50 dem
2507 1456 254 51 Feuilleton
2810 1458 77 49 des
2918 1460 230 50 Moniteur
3191 1477 100 32 vom
3328 1460 91 51 20.

1853 1536 290 70 September,
2175 1538 197 51 welches
2403 1540 129 52 einen
2552 1540 182 50 Bericht
2758 1559 85 32 von
2876 1542 349 67 Theophile
3271 1544 109 51 Gau-

1851 1622 117 49 tier
2011 1622 115 50 über
2172 1623 70 49 die
2273 1623 295 68 Aulführung
2609 1624 80 51 des
2721 1625 301 51 Tannhäuser
3052 1628 42 47 in
3130 1625 286 54 Wiesbaden

1848 1705 190 52 enthält.

1983 1790 229 59 „Richard
2553 1793 137 50 heisst
2721 1810 48 33 es
2801 1792 104 52 dort
2932 1793 114 51 nach
3084 1792 126 52 einer
3240 1794 174 52 kurzen

1848 1874 276 68 Einleitung,
2156 1877 68 48 die
2256 1877 122 49 nicht
2410 1895 80 31 zur
2523 1878 146 50 Sache
2700 1877 181 68 gehört,
2933 1878 90 59 „ist
3055 1878 42 50 in
3131 1878 278 52 Frankreich

1848 1977 51 33 so
1932 1967 81 60 gut
2046 1961 83 48 wie
2162 1959 291 60 unbekannt;
2499 1962 124 51 seine
2655 1962 151 49 Musik
2853 1962 76 49 hat
2971 1962 86 49 den
3099 1963 148 50 Rhein
3289 1963 124 50 nicht

1848 2043 337 51 überschritten
2229 2043 113 66 [also
2382 2044 137 60 Köln,
2563 2046 204 58 Aachen,
2812 2046 145 58 Trier,
3003 2044 218 60 Coblenz,
3267 2047 146 50 Mainz

1847 2127 150 66 liegen
2041 2145 73 33 am
2159 2128 187 50 rechten
2391 2128 123 59 Ufer,
2558 2130 92 49 und
2698 2128 80 50 der
2819 2130 147 50 Rhein
3010 2130 59 49 ist
3112 2130 302 52 Frankreichs

1850 2211 250 68 Gränze!];
2130 2212 221 51 vielleicht
2382 2213 113 49 wird
2527 2213 80 50 das
2634 2213 116 50 auch
2783 2230 51 33 so
2859 2212 103 51 bald
2990 2213 122 50 nicht
3135 2213 278 68 geschehen,

1848 2296 121 51 denn
2001 2297 62 48 sie
2093 2296 59 49 ist
2182 2296 144 51 selbst
2358 2297 69 50 lür
2459 2297 109 51 viele
2594 2297 237 51 Deutsche
2863 2316 53 32 zu
2949 2298 209 50 deutsch.

1984 2380 156 57 „Nach
2186 2378 88 53 den
2317 2380 248 58 Urtheilen,
2618 2381 70 50 die
2734 2381 82 50 wir
2862 2381 247 67 gelesen
3169 2381 158 51 hatten
3371 2380 42 68 [?

1847 2464 211 50 Nachher
2099 2465 57 48 ist
2186 2465 189 49 Gautier
2405 2465 292 67 aufrichtiger
2747 2466 93 50 und
2883 2474 103 58 sagt
3029 2465 31 51 ä
3088 2484 44 32 ce
3156 2469 138 64 qu'on
3323 2467 55 49 di-

1853 2550 121 49 sait
2015 2547 91 52 und
2459 2566 85 32 sur
2684 2568 43 31 ce
2849 2552 140 65 qu'on
3210 2568 53 33 en
3396 2568 26 31 r
2998 2549 156 50 hatten
3196 2550 82 49 wir
3322 2566 85 33 uns

1848 2631 131 50 einen
2025 2650 113 49 ganz
2184 2632 202 50 anderen
2435 2634 210 66 Wagner
2689 2632 188 50 zurecht
2930 2634 228 65 gemacht,
3222 2632 64 51 als
3330 2632 83 51 der

1848 2715 230 51 wirkliche
2109 2715 71 51 ist.
2239 2716 139 50 Ohne
2413 2716 74 50 ihn
2520 2716 219 66 freiwillig
2779 2734 88 33 von
2899 2716 209 59 Melodie,
3149 2716 261 68 Rhythmus

1850 2800 91 48 und
1974 2808 211 57 strenger
2217 2801 137 49 Form
2388 2800 70 48 für
2488 2800 228 50 entblösst
2747 2818 54 30 zu
2830 2799 166 58 halten,
3029 2800 83 50 wie
3131 2817 104 33 man
3267 2806 145 60 sagte,

1850 2883 218 67 glaubten
2101 2885 83 47 wir
2212 2902 47 31 es
2286 2885 79 48 mit
2389 2885 144 48 einem
2560 2885 182 48 kühnen
2759 2885 208 48 Neuerer
2996 2884 44 49 in
3071 2884 80 49 der
3169 2884 244 51 Tonkunst

1850 2986 54 31 zu
1937 2968 115 49 thun
2083 2986 54 30 zu
2170 2966 162 60 haben,
2384 2968 82 49 der
2497 2968 69 49 die
2596 2968 120 51 alten
2747 2968 174 66 Regeln
2953 2966 294 60 abschüttelt,
3291 2968 87 49 seit-

1848 3069 125 32 same
1992 3050 377 51 Combinationen
2394 3050 211 60 erfindet,
2638 3059 309 42 unerwartete
2972 3050 173 51 Effecte
3177 3050 232 61 versucht,

1850 3135 78 50 mit
1961 3135 145 50 einem
2126 3135 281 68 Paroxysten
2500 3153 101 32 man
2634 3134 186 51 erlaube
2852 3135 77 49 das
2963 3135 143 51 Wort
3118 3165 87 29 —,
3235 3134 83 52 der
3333 3134 54 51 Al-

1850 3218 63 49 les
1955 3219 80 48 auf
2072 3218 70 49 die
2184 3219 153 68 Spitze
2378 3218 138 57 stellt,
2561 3219 70 48 die
2662 3217 320 52 Leidenschaft
3014 3217 275 62 übertreibt,
3335 3236 77 33 um

1847 3302 158 49 Nichts
2046 3302 129 49 einen
2208 3303 158 50 Orkan
2410 3302 57 49 im
2501 3302 253 51 Orchester
2796 3302 66 49 los
2910 3302 111 49 lässt
3059 3303 91 48 und
3193 3303 87 51 wie
3311 3302 101 51 eine

1850 3386 309 50 musicalische
2195 3386 307 52 Wasserhose
2532 3386 113 50 über
2675 3387 79 51 das
2786 3386 223 52 betäubte
3040 3386 238 50 Publicum
3313 3386 72 50 hin-

1851 3487 103 50 weg
2002 3469 133 51 zieht.
2196 3469 108 51 Wir
2350 3469 183 50 stellten
2577 3487 84 33 uns
2706 3469 73 50 ihn
2812 3469 64 50 als
2908 3469 72 51 ein
3012 3468 223 51 tobendes
3268 3469 145 51 Genie

1850 3571 97 39 vor,
1993 3553 230 50 chaotisch
2255 3553 91 50 und
2379 3552 367 58 blitzleuchtend,
2794 3553 79 48 mit
2910 3554 175 56 Sturm,
3131 3553 278 51 Finsterniss

1851 3637 93 50 und
1983 3636 392 58 Lichtschimmer,
2427 3640 124 47 einer
2605 3637 371 67 ungebändigten
3037 3637 241 50 Phantasie
3329 3654 83 31 zur

1851 3722 146 48 Beute
2044 3720 229 59 verfallen,
2316 3722 63 50 als
2425 3721 129 51 einen
2585 3720 203 52 Kreisler
2956 3720 263 58 Hoffmann,
3258 3718 152 52 neben

1851 3805 103 49 dem
1974 3805 277 59 Beethoven,
2283 3805 197 57 Weber,
2510 3805 268 68 Meyerbeer
2811 3805 90 49 und
2934 3803 141 51 selbst
3101 3803 176 50 Berlioz
3310 3802 100 51 fade

1851 3889 91 49 und
1985 3889 213 50 classisch
2238 3891 285 53 erschienen,
2567 3890 92 48 und
2702 3887 114 51 nach
2864 3889 148 54 allem,
3057 3904 96 31 was
3188 3904 103 33 man
3324 3904 86 34 von

2492 3950 164 12 al•#
2725 3950 4 15 ,
2744 3950 4 15 «
3221 3950 3 15 •

1851 3972 89 50 ihm
1974 3972 201 50 erzählte
2208 3974 99 67 [das
2339 3975 54 48 ist
2425 3974 41 48 in
2499 3972 80 50 der
2608 3972 142 68 Regel
2783 3971 71 50 die
2878 3970 311 68 Hauptquelle
3219 3969 71 52 bei
3322 3971 88 50 den

1851 4056 325 69 Franzosen!],
2219 4075 95 33 war
2346 4074 47 32 es
2425 4055 194 62 schwer,
2660 4056 90 50 sich
2783 4055 98 49 eine
2913 4054 166 50 andere
3109 4054 301 67 Vorstellung

1852 4159 56 30 zu
1938 4141 202 48 machen.
