4173 5590
3392 4881 75 58 13

536 551 265 76 tandis
848 546 244 100 qu'on
1143 551 115 66 est
1302 566 96 49 en
1447 539 215 75 train
1708 537 97 75 de
1850 537 73 73 le
1971 531 301 105 pendre
2316 536 76 66 et
2438 547 157 77 que
2641 544 88 51 ce
2777 519 186 101 père
3009 537 81 49 se
3137 509 334 76 balance

535 676 184 95 déjà
779 698 101 48 au
924 673 198 71 bout
1165 668 96 73 de
1303 668 75 71 la
1422 664 264 88 corde,
1737 664 249 71 tirant
2027 659 76 73 la
2147 658 327 94 langue,
2526 658 200 66 cette
2768 642 163 77 fille
2982 642 61 71 si
3092 634 376 85 sensible,

536 800 139 98 qui
724 800 210 71 aime
980 803 174 65 tant
1200 795 73 71 la
1319 791 403 95 musique,
1774 788 202 74 tient
2021 785 133 72 des
2206 801 291 80 propos
2548 773 398 76 délicieux
2995 791 154 49 aux
3197 761 276 74 étoiles

536 934 75 64 et
658 925 290 73 chante
994 923 111 72 les
1156 920 178 98 plus
1376 917 215 74 doux
1637 939 174 49 vers
1861 912 110 74 du
2020 906 327 77 monde.

751 1049 217 73 Dans
1029 1069 159 51 une
1244 1044 185 74 telle
1510 1039 388 88 comédie,
1989 1039 112 72 les
2186 1032 343 74 fatalités
2614 1028 97 73 de
2794 1025 72 71 la
2951 1015 522 79 méchanceté

535 1174 393 75 humaine
972 1179 181 64 sont
1193 1193 153 49 aux
1388 1167 249 100 prises
1679 1188 182 50 sous
1901 1162 114 73 les
2057 1160 315 97 espèces
2416 1157 110 71 les
2573 1152 178 100 plus
2797 1144 439 103 générales,
3286 1160 180 55 sous

535 1301 76 71 la
657 1299 260 73 forme
973 1296 136 74 des
1161 1318 244 49 races.
1468 1293 100 72 Ils
1620 1315 100 49 ne
1774 1294 378 93 peuvent,
2211 1294 178 63 tous
2445 1291 76 63 et
2577 1279 345 83 chacun,
2983 1296 156 73 que
3193 1271 237 71 s'arra-

538 1426 191 71 cher
780 1423 73 73 le
907 1447 224 47 cœur
1171 1447 16 57 ;
1249 1421 95 71 ils
1398 1443 102 49 ne
1557 1416 520 95 s'étreignent
2132 1433 155 76 que
2341 1430 205 76 pour
2601 1428 79 49 se
2734 1399 369 76 déchirer
3142 1421 16 63 ;
3215 1394 97 75 ils
3368 1413 103 51 ne

538 1574 80 49 se
665 1548 437 73 cherchent
1148 1553 76 66 et
1268 1569 100 49 ne
1417 1569 80 47 se
1544 1540 606 74 reconnaissent
2196 1557 156 76 que
2399 1553 203 78 pour
2650 1552 78 50 se
2777 1525 330 86 honnir,
3161 1545 78 49 se
3291 1521 180 71 haïr

536 1680 77 66 et
660 1670 432 75 s'insulter.
1153 1668 127 73 On
1336 1667 240 74 dirait
1632 1663 266 75 même
1954 1658 198 100 qu'il
2209 1682 102 49 ne
2367 1657 178 72 leur
2599 1662 115 64 est
2772 1674 137 77 pas
2966 1645 349 101 possible
3373 1643 98 75 de

536 1799 199 74 faire
784 1802 482 70 autrement.
1317 1794 142 71 Les
1510 1792 312 93 injures
1867 1787 138 73 des
2050 1809 156 51 uns
2255 1780 451 98 répondent
2751 1801 102 49 au
2905 1773 569 77 ressentiment

536 1921 136 74 des
726 1929 290 66 autres.
1077 1919 103 73 La
1236 1917 330 73 cruauté
1620 1914 97 73 de
1771 1911 311 72 ceux-ci
2138 1904 397 98 équilibre
2589 1904 25 71 1
2648 1899 384 96 injustice
3088 1895 98 75 de
3239 1919 186 49 ceux-

536 2048 102 73 là.
685 2046 102 75 Ils
826 2070 78 49 se
943 2044 269 73 valent
1256 2066 14 63 ;
1310 2041 98 73 ils
1444 2065 78 49 se
1564 2034 654 76 méconnaissent
2259 2056 15 61 ;
2316 2031 97 71 ils
2455 2053 78 49 se
2572 2024 391 78 dérobent
2997 2022 178 75 leur
3212 2021 254 83 chair,

535 2173 215 71 leurs
804 2170 320 74 enfants
1182 2176 71 65 et
1309 2163 325 98 jusqu'à
1691 2163 75 71 la
1823 2160 498 72 conscience.
2386 2158 213 69 Pour
2650 2175 117 51 un
2826 2173 181 76 peu,
3070 2170 106 49 on
3232 2146 242 73 dirait

536 2293 241 100 qu'ils
840 2317 77 49 se
980 2293 415 73 dévorent.

736 2419 197 74 Mais
994 2415 569 97 Shakespeare,
1629 2414 138 94 qui
1832 2410 167 73 voit
2057 2408 198 73 dans
2318 2430 86 48 ce
2467 2405 278 73 drame
2805 2410 173 65 tout
3037 2424 89 47 ce
3185 2420 156 75 que
3405 2395 71 73 le

538 2544 279 102 public
867 2544 96 73 de
1019 2563 147 52 son
1215 2549 263 88 temps
1530 2537 132 98 n'y
1712 2534 484 95 distinguait
2250 2539 249 64 certes
2555 2551 164 76 pas,
2780 2525 442 97 enveloppe
3275 2522 201 74 dans

538 2695 114 50 un
711 2669 181 75 rêve
948 2668 372 72 d'amour
1375 2671 201 66 cette
1635 2669 265 66 atroce
1957 2659 361 75 histoire.
2384 2654 61 73 Il
2507 2654 207 73 voile
2772 2661 77 64 et
2907 2652 54 71 il
3021 2649 287 74 endort
3364 2647 113 73 les

538 2796 286 73 vérités
889 2795 381 94 enragées
1334 2788 198 98 qu'il
1598 2789 222 72 vient
1884 2784 97 75 de
2045 2781 452 76 découvrir.
2573 2778 61 76 Il
2692 2776 384 74 ensevelit
3139 2774 195 75 dans
3402 2773 75 72 la

525 2922 264 96 poésie
845 2918 113 73 les
1019 2916 374 73 instincts
1452 2913 458 73 déchaînés.
1969 2910 102 73 Le
2128 2908 227 71 divin
2419 2905 227 98 poète
2700 2905 144 69 lait
2902 2901 190 73 bien
3151 2906 173 66 tout
3381 2920 88 49 ce

536 3042 199 100 qu'il
777 3042 171 90 fait,
997 3049 76 66 et
1110 3038 56 75 il
1205 3038 75 75 le
1319 3038 178 75 sait.

733 3165 352 97 Shylock
1138 3187 162 50 une
1351 3164 156 73 fois
1559 3162 229 97 puni,
1847 3181 107 50 on
2010 3181 211 49 cesse
2274 3155 96 73 de
2423 3155 71 71 le
2548 3155 200 71 voir.
2811 3152 57 71 Il
2922 3150 412 97 disparaît,
3391 3154 77 64 et

541 3314 187 50 avec
770 3291 115 71 lui
936 3313 80 51 se
1061 3287 236 73 retire
1339 3284 76 74 la
1461 3284 271 73 réalité
1779 3284 454 93 hargneuse
2281 3286 74 66 et
2397 3275 354 89 terrible,
2804 3274 200 73 dont
3048 3270 57 75 il
3153 3277 118 68 est
3315 3292 161 53 une

523 3416 135 73 des
719 3416 210 73 faces
982 3413 110 74 les
1154 3413 180 98 plus
1393 3413 361 69 sinistres
1805 3416 78 64 et
1937 3406 112 73 les
2111 3404 178 98 plus
2375 3402 544 73 meurtrières.
3010 3394 451 98 Jusque-là,

538 3565 107 49 on
687 3540 330 96 pouvait
1056 3538 71 71 le
1171 3536 253 71 croire
1466 3535 73 71 le
1579 3535 232 71 héros
1854 3529 108 75 du
2006 3528 276 74 drame
2338 3551 14 50 :
2396 3528 40 73 à
2479 3526 347 98 présent,
2873 3546 115 49 un
3031 3521 166 73 bon
3237 3524 240 94 quart

540 3665 110 73 du
689 3663 276 73 drame
1005 3685 95 49 va
1141 3685 81 48 se
1261 3662 236 93 jouer
1539 3680 179 49 sans
1754 3656 147 72 lui.
1945 3651 171 92 Que
2155 3651 95 75 de
2289 3651 284 73 beauté
2614 3648 200 74 dans
2856 3653 203 66 cette
3100 3641 374 76 absence!

540 3789 538 94 Shakespeare
1132 3809 205 49 nous
1392 3783 150 73 tire
1598 3782 97 73 de
1745 3780 314 86 Venise,
2120 3778 139 95 qui
2340 3785 115 63 est
2531 3799 115 49 un
2721 3773 376 71 charnier
3154 3790 323 53 comme

540 3921 218 66 toute
817 3912 73 73 la
950 3921 204 64 terre
1215 3909 136 73 des
1410 3910 401 83 hommes,
1878 3912 218 64 toute
2154 3902 284 73 Venise
2524 3899 292 98 qu'elle
2870 3899 178 71 soit.
3144 3895 61 73 Il
3271 3919 206 49 nous

538 4039 279 73 enlève
870 4061 137 49 sur
1053 4037 112 72 les
1215 4036 383 71 hauteurs
1651 4032 506 83 ravissantes,
2214 4029 107 71 où
2370 4026 112 72 les
2535 4026 318 72 vivants
2905 4046 100 49 ne
3061 4029 181 66 sont
3297 4022 179 98 plus

540 4190 122 47 ces
714 4164 335 73 démons
1097 4161 384 73 acharnés
1530 4159 139 97 qui
1722 4181 78 51 se
1842 4156 604 73 reconnaissent
2494 4176 152 49 aux
2692 4173 434 51 morsures.
3181 4149 138 88 Ici,
3369 4171 108 51 on

530 4315 94 48 ne
663 4313 78 50 se
782 4288 220 73 flaire
1044 4288 180 97 plus
1265 4308 154 49 aux
1459 4283 256 88 dents,
1767 4305 99 49 au
1908 4281 530 85 ricanement,
2485 4281 36 70 à
2567 4276 311 73 l'odeur
2919 4276 108 73 du
3073 4278 127 71 fiel
3244 4285 75 64 et
3359 4276 112 73 du

526 4437 200 54 sans-
772 4437 10 46 :
841 4408 361 75 l'accueil
1258 4407 132 72 des
1449 4407 254 71 lèvres
1766 4412 113 64 est
1928 4402 290 86 baiser,
2311 4400 208 71 salut
2604 4400 279 71 tendre
2970 4408 74 65 et
3129 4400 335 71 sourire.

675 4484 43 24 o

538 4535 224 75 Voici
809 4534 112 72 les
968 4535 373 71 hommes
1390 4529 355 72 rachetés
1796 4527 95 73 de
1938 4527 77 71 la
2062 4525 242 73 haine
2352 4532 76 64 et
2477 4523 108 73 du
2636 4523 329 97 mépris,
3022 4522 98 73 de
3168 4522 74 73 la
3290 4545 141 50 ven-

540 4683 301 74 geance
889 4667 74 63 et
1009 4657 95 73 de
1151 4656 361 93 l'injure.
1568 4652 189 75 Plus
1800 4652 94 73 de
1944 4649 315 89 fourbe,
2311 4650 85 70 ni
2443 4649 327 95 banque
2817 4672 137 48 sur
3000 4649 73 71 le
3120 4649 217 96 quai,
3391 4649 85 71 ni
