4173 5590
3387 4838 85 61 41

594 566 528 63 asservissement
1164 581 127 41 aux
1337 563 500 61 circonstances.
1887 563 82 59 Ils
2016 564 247 58 battent
2311 564 54 58 la
2412 563 251 59 surface
2709 563 105 57 des
2859 563 244 59 choses.
3162 563 75 57 Ils
3286 583 144 56 pren-

592 669 159 53 nent
799 661 54 59 le
898 664 155 54 vent
1097 656 74 61 de
1217 656 250 76 chaque
1513 657 175 75 jour.

761 769 327 58 Personne
1137 759 171 66 n'est
1356 764 215 59 moins
1621 766 244 57 esclave
1911 784 124 58 que
2080 764 146 59 Max
2272 764 198 61 Jacob
2544 766 105 59 des
2724 767 476 58 circonstances
3276 774 56 51 et
3384 764 83 59 du

594 883 326 59 passager.
958 861 162 59 Jour
1156 879 108 39 sur
1300 861 174 74 jour,
1515 878 74 38 en
1632 859 174 76 dépit
1843 855 391 63 d'emnarras
2270 861 323 59 matériels
2627 859 402 78 effroyables,
3074 861 38 54 il
3152 879 32 37 a
3222 859 245 57 entassé

594 966 259 76 poèmes
897 982 83 39 en
1027 977 239 61 proses,
1320 962 257 76 poèmes
1625 981 76 40 en
1747 981 161 51 vers,
1960 960 330 78 dialogues
2336 964 257 76 coupés,
2648 962 203 76 gloses
2902 962 423 76 sarcastiques
3362 981 14 51 ;
3428 962 38 56 iî

594 1060 86 58 les
732 1079 33 37 a
819 1055 283 61 entassés
1152 1074 119 58 par
1323 1055 58 58 la
1434 1054 338 78 puissance
1825 1054 74 61 de
1952 1055 435 77 germination
2443 1062 57 53 et
2556 1055 73 60 de
2682 1057 155 75 style
2895 1057 112 75 qui
3059 1074 80 39 ne
3191 1054 280 61 tarissait

594 1174 111 57 pas
743 1172 78 41 en
861 1152 115 69 lui,
1025 1169 148 39 sans
1217 1150 213 58 savoir
1474 1167 66 41 ce
1584 1145 154 80 qu'il
1787 1167 77 39 en
1911 1148 202 60 ferait.

761 1270 92 60 De
907 1275 161 55 cette
1120 1269 288 59 moisson
1466 1267 426 78 inépuisable,
1952 1269 357 59 sortirait-il
2363 1270 105 58 des
2522 1270 190 58 livres
2764 1289 83 39 ou
2905 1269 144 59 n'en
3107 1269 357 61 sortirait-il

594 1384 111 59 pas
746 1365 25 58 ?
822 1362 49 59 II
927 1382 78 41 ne
1056 1382 61 39 se
1168 1362 56 59 le
1274 1360 376 61 demandait
1699 1360 212 59 même
1960 1380 134 58 pas.
2151 1362 48 57 Il
2248 1360 173 61 n'eut
2472 1380 110 60 pas
2632 1382 87 58 pu
2770 1362 133 57 dire
2956 1362 156 76 qu'il
3167 1380 78 39 en
3301 1362 170 57 avait

594 1458 392 61 l'ambition.
1041 1457 47 57 Il
1141 1457 272 57 écrivait
1447 1475 14 51 ;
1510 1452 210 64 c'était
1767 1463 141 53 tout
1953 1463 60 53 et
2058 1455 212 61 c'était
2314 1475 190 41 assez.

760 1567 101 59 Un
909 1570 32 56 à
985 1585 113 51 un,
1149 1567 86 57 les
1283 1565 189 59 livres
1520 1585 61 41 se
1625 1572 166 64 sont,
1843 1563 480 73 d'eux-mêmes,
2375 1567 356 78 composés.
2783 1568 249 66 Aucun,
3088 1585 81 39 on
3218 1572 149 71 peut
3416 1565 53 58 le

594 1663 159 71 dire,
802 1656 110 65 n'a
958 1660 78 61 de
1080 1658 144 61 date
1268 1658 160 59 dans
1472 1660 56 57 la
1572 1660 100 59 vie
1716 1658 75 61 de
1831 1660 144 57 Max
2016 1660 222 59 Jacob.
2287 1662 80 55 Ils
2409 1668 142 51 sont
2595 1662 109 57 nés
2751 1662 74 57 de
2869 1656 234 65 l'effort
3144 1660 74 57 de
3262 1678 63 39 sa
3372 1660 97 57 vie

595 1756 281 78 pensive,
929 1773 232 58 vague,
1215 1753 303 61 éternelle
1557 1761 63 53 et
1666 1772 143 40 sans
1857 1773 205 58 repos.

760 1866 145 72 Oui,
959 1863 226 80 quand
1234 1885 88 39 on
1371 1865 95 71 lit,
1520 1866 208 75 parmi
1782 1865 87 59 les
1916 1883 251 41 œuvres
2216 1865 371 76 burlesques
2634 1871 59 53 et
2742 1865 353 78 mystiques
3147 1863 73 59 de
3269 1863 158 59 Mato-

594 1963 111 69 rel,
751 1980 129 41 une
919 1961 172 60 fable
1130 1960 510 77 philosophique
1681 1976 254 43 comme
1975 1960 244 59 celle-ci
2267 1978 11 41 :

763 2095 30 37 «
834 2073 95 58 On
973 2070 367 78 apercevait
1383 2073 88 58 les
1508 2073 283 75 hangars
1831 2070 263 59 éclairés
2133 2070 37 59 à
2206 2070 389 59 l'électricité
2632 2073 58 54 et
2729 2070 234 76 pareils
3003 2068 36 59 à
3076 2070 107 57 des
3225 2068 202 57 machi-

594 2183 111 44 nes
756 2170 73 57 de
881 2185 229 61 guerre
1168 2164 345 61 romaines.
1569 2166 234 73 Quand
1853 2166 61 58 la
1965 2183 225 58 guerre
2245 2164 223 70 éclata,
2526 2166 86 58 les
2663 2181 273 58 pauvres
2986 2168 60 52 et
3098 2164 86 58 les
3235 2163 236 59 soldats

594 2263 416 74 couchèrent,
1068 2259 364 78 pêle-mêle,
1493 2259 161 58 dans
1711 2259 85 58 les
1852 2258 200 59 halles
2106 2258 198 76 qu'on
2355 2258 171 57 avait
2583 2258 195 57 bâties
2834 2258 51 55 le
2942 2258 153 74 long
3152 2256 107 59 des
3317 2254 116 58 mai-

590 2376 175 41 sons.
817 2356 100 57 Un
964 2354 134 59 soir
1142 2373 120 57 que
1307 2352 220 78 j'étais
1571 2352 123 60 allé
1740 2354 149 58 chez
1933 2369 134 43 mes
2109 2352 186 72 amis,
2345 2352 179 60 selon
2570 2352 61 58 la
2675 2356 298 54 coutume
3020 2351 75 57 de
3140 2351 173 74 paix,
3366 2366 105 42 ma

589 2468 198 52 sœur,
831 2468 172 57 pour
1041 2466 101 42 me
1181 2447 166 78 faire
1391 2449 219 68 honte,
1657 2466 100 39 me
1801 2451 191 54 conta
2033 2447 366 58 l'héroïsme
2441 2446 156 59 d'un
2643 2447 260 56 homme
2949 2444 112 74 qui
3105 2444 151 57 était
3301 2444 171 74 parti

594 2547 220 54 contre
873 2539 330 72 l'ennemi,
1264 2542 474 58 abandonnant
1793 2559 67 41 sa
1913 2540 240 75 femme
2211 2539 35 57 à
2301 2537 160 61 Dieu
2492 2557 22 49 ;
2570 2542 57 54 et
2682 2556 81 40 au
2822 2535 318 60 contraire
3196 2535 115 58 elle
3372 2552 99 41 me

595 2637 324 66 niontMit
976 2654 154 40 avec
1183 2637 235 74 fureur
1476 2654 159 40 ceux
1693 2635 111 75 qui
1862 2632 379 79 profitaient
2295 2635 75 58 de
2429 2635 59 56 la
2548 2650 225 60 guerre
2831 2649 169 59 pour
3051 2630 425 58 abandonner

592 2732 169 59 leurs
802 2730 354 61 anciennes
1200 2730 383 59 maîtresses.

763 2865 29 38 «
832 2843 97 58 En
966 2862 161 41 vous
1164 2842 310 76 quittant,
1516 2843 36 56 ô
1593 2860 133 39 mes
1764 2840 188 71 amis,
1992 2842 36 57 ô
2065 2859 161 39 vous
2265 2857 132 41 mes
2431 2840 222 76 frères,
2693 2847 173 66 pour''
2900 2838 58 56 la
2996 2854 248 59 guerre,
3286 2840 188 54 est-ce

594 2957 123 39 une
775 2938 330 61 maîtresse
1164 2955 122 58 que
1340 2937 119 76 j'ai
1515 2935 428 59 abandonnée
2002 2952 78 42 ou
2143 2952 120 40 une
2321 2935 240 74 femme
2622 2950 117 56 que
2797 2928 115 80 j'ai
2969 2930 493 74 héroïquement

590 3028 291 78 sacrifiée
931 3031 35 58 à
1010 3031 61 58 la
1112 3030 208 78 patrie
1356 3030 30 57 ?
1437 3050 54 51 »,

753 3170 88 41 ou
893 3148 325 63 l'Histoire
1273 3152 374 59 vénitienne
1698 3153 74 58 de
1830 3150 178 69 18/io,
2067 3169 84 39 ou
2204 3145 269 79 l'Enfer,
2531 3165 83 41 ou
2668 3147 52 59 le
2775 3145 262 59 Paradis
3088 3145 86 57 du
3225 3143 210 75 Maque-

594 3263 172 56 reau,
810 3265 83 41 ou
936 3245 161 61 Dieu
1142 3248 219 59 chasse
1403 3246 34 60 à
1479 3245 347 79 l'Homme,
1867 3263 86 41 ou
1997 3243 105 61 des
2146 3245 256 76 poèmes
2444 3241 116 61 tels
2604 3260 120 59 que
2766 3241 290 58 l'Accord
3107 3260 13 37 :

1098 3411 90 59 Ici
1256 3411 228 76 l'orgie
1550 3409 278 78 funèbre
1896 3426 225 44 secoue
2190 3426 97 42 ses
2355 3407 262 60 chaînes
2682 3406 142 62 d'or

1090 3509 78 58 Et
1207 3509 230 73 pourri
1476 3524 149 43 sous
1669 3507 57 58 la
1769 3507 186 76 grâce
1997 3507 75 58 de
2116 3509 90 56 tes
2243 3506 191 74 jupes
2477 3502 274 70 curules,

1093 3602 285 70 Hétaïre,
1428 3621 78 39 en
1555 3617 99 43 ces
1703 3617 205 55 caves,
1955 3599 279 78 perfides
2278 3597 376 78 ergastules,

1093 3695 80 59 Le
1217 3695 193 59 vieux
1454 3695 164 76 tapis
1660 3694 292 59 d'Orient
1997 3710 77 41 ne
2119 3692 264 59 connaît
2428 3709 111 57 pas
2585 3687 290 62 l'aurore.

1095 3887 86 57 La
1218 3885 256 78 famille
1520 3885 85 57 du
1654 3885 254 76 gérant,
1955 3881 181 60 séant
2182 3880 37 59 à
2258 3898 114 41 son
2421 3883 283 66 couvert,

1091 3980 178 57 Pour
1307 3978 167 78 finir
1515 3980 52 57 le
1610 3995 257 58 souper,
1914 3980 261 71 attaque
2223 3976 50 56 le
2323 3973 292 78 gruyère,

1097 4073 133 57 Une
1273 4075 245 74 femme
1567 4073 158 57 belle
1767 4073 197 56 danse
2009 4075 58 54 et
2106 4069 244 77 pleure,
2399 4066 172 59 triste
2615 4064 292 77 Ophélie.

1093 4168 87 59 La
1227 4166 300 77 musique
1572 4171 60 54 et
1679 4161 279 63 l'amour
2002 4164 380 58 redoublent
2428 4181 67 41 sa
2538 4161 154 76 folie

589 4569 83 40 au
722 4558 262 54 contact
1032 4551 75 59 de
1158 4571 98 39 ces
1308 4551 266 60 subtiles
1624 4550 408 76 arabesques,
2088 4546 74 60 de
2213 4565 95 40 ces
2362 4544 489 67 chatoiements,
2905 4560 84 39 on
3045 4560 58 39 se
3156 4538 318 61 demanda

587 4648 147 74 quel
780 4649 384 73 égarement
1207 4654 150 70 peut
1405 4665 266 58 pousser
1715 4646 32 57 à
1794 4643 108 78 n'y
1948 4642 141 58 voir
2133 4660 123 58 que
2300 4640 269 74 charges
2616 4644 58 52 et
2718 4634 389 79 gaudrioles.
