4173 5590
3509 4869 44 59 5

617 526 103 51 au
785 504 288 73 maître
1132 500 108 73 du
1308 497 327 91 monde,
1706 507 74 64 et
1846 500 139 95 qui
2055 497 113 73 lui
2236 497 232 73 berce
2536 519 88 49 ce
2690 517 227 51 cœur
2976 495 62 71 si
3113 494 235 72 lourd
3416 517 144 75 par

615 626 136 72 des
797 627 428 71 chansons.
1276 624 96 73 Et
1418 624 118 73 s'il
1582 624 70 73 le
1699 624 115 73 lui
1860 646 257 78 perce,
2163 624 46 71 ô
2254 622 75 71 la
2373 622 257 73 douce
2673 619 249 100 pluie,
2972 619 48 73 ô
3066 619 72 73 la
3198 617 355 75 blessure

614 751 303 74 désirée
961 753 12 72 !
1032 749 169 92 Que
1260 751 111 73 les
1430 751 289 73 larmes
1780 775 102 49 ne
1941 748 408 76 sont-elles
2410 756 261 64 toutes
2732 754 76 66 et
2864 748 378 93 toujours
3304 744 205 71 musi-

615 876 207 75 cales
866 878 12 71 !
927 878 105 71 La
1076 876 227 75 lance
1349 876 94 73 de
1489 876 75 73 la
1613 878 262 96 poésie
1921 883 115 64 est
2075 873 244 74 d'une
2365 881 225 65 autre
2637 875 276 98 pointe
2959 880 78 67 et
3083 869 196 77 d'un
3330 878 225 66 autre

614 1002 257 99 poids.
927 1002 103 72 La
1079 1003 227 71 lance
1354 1002 96 72 de
1498 1002 74 71 la
1621 1002 264 96 poésie
1934 1008 117 65 est
2099 998 172 75 d'or
2319 1000 191 95 aigu
2563 998 199 73 dans
2815 1003 229 66 notre
3094 996 182 72 âme
3340 1022 13 46 :
3404 995 154 73 elle

612 1151 102 49 en
769 1127 148 73 fait
968 1127 270 81 couler
1288 1127 69 73 le
1413 1151 227 71 sang,
1701 1123 325 97 jusqu'à
2082 1149 86 49 ce
2222 1123 198 99 qu'il
2478 1123 132 97 n'y
2668 1147 101 49 en
2829 1123 108 72 ait
2991 1120 210 98 plus,
3265 1129 77 66 et
3397 1142 156 75 que

614 1261 218 64 toute
876 1254 75 71 la
998 1254 322 95 liqueur
1364 1252 237 73 vitale
1648 1254 153 69 soit
1841 1252 373 71 lumière.
2266 1250 195 72 Mais
2508 1250 70 72 le
2624 1249 216 73 doux
2888 1245 401 102 poignard
3335 1245 96 75 de
3480 1247 72 71 la

614 1377 403 95 musique,
1079 1377 198 73 dans
1330 1377 107 72 les
1496 1384 281 88 quatre
1829 1376 425 71 chambres
2309 1374 108 73 du
2471 1396 253 64 cœur,
2784 1396 102 49 ne
2939 1394 206 51 nous
3191 1372 152 72 tire
3396 1394 161 73 que

612 1501 134 73 des
797 1503 289 71 larmes
1135 1513 75 63 et
1254 1526 203 51 nous
1506 1503 312 71 attache
1863 1504 41 70 à
1951 1526 143 48 nos
2141 1501 296 95 pleurs.

820 1626 334 87 Encore,
1220 1652 288 49 encore
1548 1626 95 73 de
1684 1626 73 72 la
1794 1626 376 94 musique
2216 1626 11 73 !
2271 1625 119 73 dit
2429 1625 71 71 le
2542 1625 429 71 charmant
3008 1623 159 73 duc
3208 1625 42 71 à
3291 1623 255 71 Viola.

612 1752 196 73 Sans
854 1752 268 86 doute,
1176 1760 74 65 et
1299 1775 80 48 sa
1426 1750 478 73 mélancolie
1951 1772 102 49 ne
2099 1774 78 47 se
2226 1750 328 69 rassasie
2600 1770 139 77 pas
2784 1747 111 72 du
2940 1747 219 72 doux
3201 1747 301 72 enchan-

610 1884 308 66 tement
986 1904 12 46 :
1056 1877 74 71 la
1184 1879 378 93 musique
1616 1885 115 63 est
1782 1874 340 72 l'ombre
2178 1874 134 72 des
2370 1897 342 49 caresses
2768 1872 394 73 absentes.
3215 1872 194 73 Mais
3465 1892 92 51 ce

614 2002 304 99 prince,
973 2009 176 66 tout
1196 2026 313 63 amour,
1567 2001 301 71 rêverie
1916 2007 78 65 et
2039 2001 342 94 caprice,
2437 1994 273 78 oublie
2759 2021 156 73 que
2966 1996 123 76 s'il
3140 2004 183 64 veut
3377 2004 132 66 tou-

610 2128 229 93 jours
891 2128 97 71 de
1037 2128 73 71 la
1159 2128 406 93 musique,
1616 2126 58 71 il
1724 2131 116 66 est
1889 2124 425 75 lui-même
2365 2131 220 64 toute
2635 2123 293 98 poésie.

827 2248 415 98 L'exquise
1327 2256 230 66 vertu
1640 2248 134 74 des
1857 2251 286 93 jeunes
2254 2246 344 75 femmes
2681 2244 203 75 n'est
2989 2268 138 75 pas
3186 2244 200 75 dans
3464 2266 96 55 ce

610 2375 330 98 qu'elles
1001 2383 618 90 comprennent,
1686 2377 204 71 mais
1951 2375 200 73 dans
2209 2399 88 49 ce
2356 2371 329 100 qu'elles
2746 2371 413 75 devinent.
3223 2371 325 85 Jeunes,

612 2502 235 73 celles
890 2504 140 94 qui
1074 2502 73 73 le
1189 2504 444 96 paraissent
1674 2527 15 61 ;
1730 2502 169 95 qui,
1946 2502 375 93 toujours
2363 2522 328 65 neuves,
2746 2497 401 74 semblent
3189 2495 368 76 attendre

612 2627 537 73 l'événement
1188 2653 15 61 ;
1254 2627 257 98 prêtes
1565 2651 98 49 au
1711 2627 283 95 départ
2043 2634 74 66 et
2165 2624 249 74 n'être
2464 2647 139 75 pas
2656 2624 340 73 arrivées
3059 2647 13 48 :
3121 2631 124 64 cet
3292 2622 121 71 air
3457 2619 101 74 de

614 2752 335 97 fatigue,
1008 2752 227 97 après
1288 2776 115 49 un
1455 2773 334 74 voyage,
1848 2761 117 64 est
2014 2751 76 73 la
2144 2751 116 73 fin
2305 2747 97 75 de
2451 2749 78 73 la
2576 2749 402 95 jeunesse.
3038 2746 63 74 Il
3154 2746 177 74 leur
3382 2746 175 74 faut

612 2903 161 48 une
825 2879 578 72 connaissance
1455 2876 347 75 sensible
1851 2876 112 75 du
2016 2898 250 51 cœur.
2331 2876 152 73 Par
2530 2874 77 75 là
2661 2874 190 75 elles
2905 2881 183 68 sont
3140 2874 181 97 plus
3375 2896 137 77 pro-

612 3005 188 71 ches
854 3003 136 73 des
1047 3005 266 95 poètes
1369 3027 156 73 que
1579 3003 71 75 le
1697 3010 202 66 reste
1953 3001 134 75 des
2143 3003 401 71 hommes.
2605 3001 208 73 Leur
2866 3000 239 98 génie
3160 2998 200 73 n'est
3414 3022 144 74 pas

612 3128 96 73 de
766 3130 288 86 savoir,
1115 3130 205 71 mais
1377 3128 97 73 de
1530 3130 462 97 pressentir.
2058 3123 95 76 Et
2207 3127 268 72 même
2534 3150 86 49 ce
2676 3123 330 99 qu'elles
3062 3147 103 51 ne
3223 3130 330 68 sauront

610 3255 322 94 jamais,
984 3254 188 72 elles
1216 3254 73 72 le
1332 3260 528 92 pressentent.
1916 3255 61 71 A
2022 3254 236 96 peine
2300 3252 368 88 mariées,
2717 3250 73 73 le
2830 3274 156 76 peu
3032 3249 332 100 qu'elles
3408 3255 147 68 ont

614 3381 296 96 appris,
966 3389 74 63 et
1086 3381 169 95 qui,
1308 3379 286 88 tantôt,
1648 3381 176 71 leur
1868 3379 149 73 fait
2065 3379 367 86 horreur,
2485 3374 264 76 tantôt
2796 3376 112 74 les
2957 3382 405 82 contente,
3418 3382 139 66 tue

612 3530 100 47 en
778 3504 186 73 elles
1032 3513 200 64 cette
1298 3506 472 71 charmante
1835 3503 477 96 générosité.
2400 3501 208 74 Elles
2673 3508 379 66 meurent
3115 3525 101 47 en
3284 3501 271 73 même

610 3638 263 92 temps
927 3638 76 66 et
1056 3630 108 72 du
1218 3630 266 71 même
1540 3653 210 73 coup
1804 3653 156 71 que
2014 3628 176 73 leur
2246 3628 235 95 grâce
2537 3625 97 74 de
2693 3626 654 98 pressentiment.
3409 3625 148 72 Les

610 3757 373 72 hommes
1035 3763 371 65 meurent
1459 3757 211 71 aussi
1721 3757 41 71 à
1814 3753 466 97 vingt-cinq
2331 3777 105 49 ou
2485 3758 261 66 trente
2795 3774 172 66 ans,
3018 3750 76 73 la
3147 3750 327 100 plupart
3536 3775 16 49 :

610 3906 102 49 en
756 3907 152 48 eux
952 3906 78 47 se
1074 3879 244 74 flétrit
1362 3880 75 73 la
1482 3889 227 64 vertu
1755 3879 98 72 de
1897 3902 286 73 penser
2229 3902 102 49 au
2375 3877 177 74 delà
2597 3877 98 74 de
2737 3877 213 73 leurs
2994 3875 332 75 intérêts
3374 3899 138 74 pro-

614 4029 172 76 pres
837 4016 75 64 et
952 4006 95 72 de
1095 4006 421 72 soi-même
1559 4031 13 61 ;
1619 4006 212 72 leurs
1880 4004 427 74 frontières
2356 4011 183 66 sont
2583 4002 342 75 fermées
2972 4024 209 78 pour
3223 4002 325 97 jamais.

609 4131 135 74 Tel
805 4133 361 88 homme,
1233 4131 266 73 même
1560 4131 219 96 plein
1838 4129 96 73 de
1995 4129 219 73 force
2275 4136 76 66 et
2410 4127 97 75 de
2571 4127 352 90 volonté,
2991 4134 117 66 est
3171 4133 386 93 pourtant

609 4282 115 49 un
769 4256 475 73 demi-mort
1298 4282 10 47 :
1355 4280 234 74 parce
1631 4254 197 99 qu'il
1873 4280 100 47 ne
2017 4278 78 49 se
2139 4253 463 74 renouvelle
2647 4251 210 102 plus,
2908 4253 198 98 qu'il
3149 4254 206 72 tient
3392 4275 161 51 une

612 4383 245 73 vérité
903 4375 81 81 $t
1035 4380 197 100 qu'il
1282 4381 75 73 la
1408 4383 145 71 fait
1604 4380 254 73 valoir
1907 4402 320 51 comme
2278 4402 117 51 un
2446 4378 408 75 domaine.
2911 4376 170 92 Que
3133 4376 97 75 de
3284 4378 271 98 poètes

610 4517 254 68 morts
910 4510 288 93 jeunes
1242 4508 12 73 !
1296 4507 141 73 Les
1482 4508 210 73 vrais
1738 4508 269 99 poètes
2056 4529 102 51 ne
2207 4514 183 66 sont
2432 4529 139 74 pas
2617 4505 237 75 ainsi.
2908 4505 103 73 Ils
3060 4503 497 77 découvrent

610 4642 76 65 et
742 4634 95 73 ils
898 4635 423 72 inventent
1377 4657 180 50 sans
1616 4657 239 50 cesse.
1917 4632 105 73 La
2080 4632 384 75 nécessité
2525 4630 99 77 de
2683 4654 78 51 se
2822 4629 455 76 contredire
3337 4637 116 68 est
3509 4632 44 73 à
