4173 5590
658 4911 47 61 4

690 547 138 73 des
879 546 324 100 pensées
1252 552 76 63 et
1374 541 135 74 des
1558 542 478 73 sentiments
2082 568 47 69 y
2181 564 43 49 a
2271 549 180 64 tous
2498 539 110 73 les
2659 546 305 89 aspects
3016 536 242 74 d'une
3309 537 267 71 harmo-

695 673 133 71 nie
891 668 388 74 musicale
1321 691 14 61 ;
1399 676 76 63 et
1535 666 76 73 la
1672 668 377 93 musique
2112 664 398 88 formelle,
2578 664 171 73 loin
2811 661 97 74 de
2971 663 74 71 la
3108 659 288 75 rendre
3451 659 180 98 plus

693 793 374 86 sensible,
1121 817 100 49 ne
1270 791 365 98 pourrait
1682 815 156 71 que
1887 788 432 74 l'abaisser.

910 918 174 73 Une
1154 940 276 49 œuvre
1499 917 315 71 avortée
1875 939 205 49 nous
2149 915 270 71 donne
2486 915 71 71 le
2627 913 213 73 désir
2906 911 98 75 de
3072 913 75 71 la
3216 911 408 97 musique.

693 1045 168 73 Elle
903 1045 252 71 excite
1196 1042 73 73 le
1314 1066 178 49 sens
1536 1042 97 74 de
1673 1042 75 73 la
1792 1042 264 98 poésie
2098 1049 77 64 et
2217 1040 345 73 n'arrive
2605 1064 137 74 pas
2788 1042 42 71 à
2874 1040 73 71 le
2993 1037 420 76 satisfaire.
3463 1035 170 75 Elle

693 1167 202 75 n'est
957 1191 136 76 pas
1159 1191 181 49 sans
1403 1176 255 78 vertu,
1729 1165 202 72 mais
2021 1162 149 75 elle
2254 1172 117 65 est
2449 1164 381 73 informe.
2923 1162 125 75 Où
3136 1184 359 75 manque
3556 1160 77 72 la

688 1292 312 99 grande
1066 1294 292 97 poésie,
1433 1316 205 49 nous
1706 1314 245 50 avons
2017 1291 281 71 besoin
2366 1289 97 73 de
2529 1289 404 97 musique,
3001 1309 327 53 comme
3394 1286 96 74 de
3556 1286 77 71 la

691 1428 286 64 nature
1032 1418 274 98 quand
1357 1425 228 66 notre
1636 1418 324 96 passion
2010 1414 232 75 veille
2293 1414 198 73 dans
2542 1413 466 73 l'insomnie
3054 1421 76 63 et
3177 1409 291 100 qu'elle
3517 1419 117 65 est

696 1546 12 14 •
812 1546 49 21 •.
891 1546 17 21 /

691 1553 298 66 irritee.

906 1670 107 73 La
1069 1670 379 95 musique
1506 1677 117 64 est
1680 1690 112 51 un
1851 1689 347 78 paysage
2256 1689 205 76 pour
2513 1665 73 73 le
2637 1663 466 73 sentiment.
3167 1662 142 72 Les
3367 1682 264 52 cœurs

693 1817 103 55 ne
862 1819 82 51 se
1013 1795 347 99 plaisent
1426 1814 137 78 pas
1635 1802 179 65 tous
1882 1792 201 75 dans
2151 1792 113 73 les
2332 1792 305 73 mêmes
2705 1789 318 96 jardins
3094 1789 85 71 ni
3248 1787 197 73 dan?
3519 1785 112 73 les

691 1919 309 76 mêmes
1064 1919 411 75 solitudes.
1543 1919 142 73 Les
1768 1941 156 49 uns
2010 1917 397 73 n'aiment
2457 1938 156 74 que
2698 1914 110 74 les
2896 1934 384 78 paysages
3368 1911 99 72 de
3555 1909 78 74 la

691 2046 356 98 volupté.
1108 2046 213 75 Pour
1370 2044 112 73 les
1535 2053 293 79 autres,
1887 2043 96 74 ils
2038 2066 99 48 ne
2190 2048 183 66 sont
2422 2039 501 100 pleinement
2972 2039 231 73 émus
3257 2060 156 74 que
3467 2034 164 75 s'ils

693 2181 405 89 voyagent
1181 2171 200 75 dans
1465 2170 112 74 les
1665 2170 179 100 plus
1929 2168 285 74 hautes
2280 2168 318 95 régions
2679 2165 99 74 de
2860 2163 332 98 l'esprit,
3282 2163 183 73 rêve
3523 2183 108 51 ou

688 2298 347 99 caprice,
1094 2305 77 64 et
1220 2295 199 74 dans
1472 2295 112 73 les
1638 2293 317 100 paradis
2007 2293 98 73 de
2149 2292 76 74 la
2276 2293 317 98 pensée.

898 2420 129 75 Un
1071 2430 120 65 art
1231 2419 610 98 d'impressions
1885 2441 237 74 pures
2168 2415 201 75 n'est
2410 2439 139 76 pas
2591 2439 115 51 un
2750 2422 124 66 art
2927 2439 15 49 :
2989 2413 56 73 il
3089 2412 185 74 n'en
3316 2419 119 67 est
3475 2434 156 76 que

690 2549 111 73 les
842 2547 415 73 éléments.
1304 2544 207 74 Tout
1550 2552 178 90 part
1765 2542 96 73 de
1904 2542 74 71 la
2022 2542 435 87 sensation,
2507 2540 203 73 mais
2754 2540 174 73 rien
2971 2535 480 99 d'accompli
3495 2534 134 96 n'y

691 2681 229 66 reste.
971 2673 210 98 Trop
1228 2678 366 79 souvent,
1645 2669 74 73 la
1768 2669 380 95 musique
2193 2664 204 75 n'est
2442 2689 158 73 que
2645 2664 195 75 cela.
2893 2666 105 73 La
3048 2688 200 74 pure
3294 2666 289 95 impres-

686 2800 207 86 sion,
955 2805 236 66 naïve
1243 2805 78 64 et
1372 2794 234 89 forte,
1665 2793 337 74 délicate
2054 2816 107 50 ou
2217 2789 423 100 profonde,
2703 2798 191 64 vaut
2942 2788 404 74 d'ailleurs
3402 2786 226 74 mille

688 2921 154 77 fois
889 2923 276 73 mieux
1215 2945 157 73 que
1421 2920 112 74 les
1584 2918 179 100 plus
1816 2916 308 75 habiles
2173 2916 364 75 discours
2588 2916 96 73 de
2733 2913 275 76 l'école
3057 2921 78 66 et
3184 2913 74 73 la
3309 2913 267 97 géomé-

686 3052 151 71 trie
884 3048 77 73 la
1010 3048 181 99 plus
1242 3054 350 66 savante.

901 3172 92 75 Je
1045 3170 215 75 m'en
1313 3196 206 49 veux
1574 3167 301 102 parfois
1927 3165 246 75 d'être
2225 3167 65 71 si
2346 3164 345 76 sensible
2742 3165 42 73 à
2842 3162 74 74 la
2971 3164 379 94 musique
3401 3169 78 66 et
3531 3160 98 75 de

690 3324 100 50 ne
861 3299 343 98 pouvoir
1272 3296 217 74 m'en
1560 3319 295 73 passer.
1936 3294 120 73 Ah
2100 3292 14 75 !
2187 3291 189 74 c'est
2442 3291 75 72 la
2588 3291 267 72 même
2925 3289 421 73 séduction
3407 3296 80 66 et
3551 3287 77 75 la

688 3424 269 73 même
1018 3421 398 98 nostalgie
1479 3445 157 73 que
1702 3416 371 76 l'amour.
2143 3416 221 74 Trait
2451 3414 96 75 de
2608 3414 401 97 jeunesse,
3106 3414 239 73 sinon
3409 3411 176 76 d'en-

688 3550 259 74 fance.
998 3548 288 74 J'aime
1331 3555 175 64 tant
1546 3545 75 74 la
1667 3545 404 94 musique,
2115 3541 119 98 j'y
2276 3543 73 71 ai
2395 3550 174 64 tant
2612 3541 199 71 vécu
2855 3538 138 74 dès
3037 3540 76 74 le
3155 3538 181 100 plus
3389 3541 240 92 jeune

686 3677 176 98 âge,
910 3700 154 73 que
1103 3677 81 93 je
1223 3699 102 49 ne
1364 3675 162 71 suis
1567 3695 135 75 pas
1745 3677 318 89 suspect
2095 3667 183 74 d'en
2320 3667 336 72 médire.
2705 3667 223 72 Ainsi
2971 3665 113 73 les
3126 3665 182 100 plus
3350 3687 224 51 amou-

688 3826 196 49 reux
930 3809 181 64 sont
1157 3802 374 91 toujours
1579 3821 100 50 en
1728 3794 354 99 querelle
2131 3817 188 51 avec
2368 3790 372 75 l'amour.

901 3927 107 71 La
1062 3926 378 94 musique
1496 3931 115 66 est
1665 3922 332 73 femme.
2058 3921 105 72 La
2217 3921 378 93 musique
2654 3924 115 66 est
2823 3917 76 71 la
2957 3914 371 76 faiblesse
3407 3922 221 66 toute

686 4054 412 97 puissante
1155 4051 97 73 de
1311 4051 73 73 la
1447 4049 292 98 poésie.
1804 4046 399 74 Combien
2266 4046 71 71 le
2400 4044 278 97 prince
2740 4042 136 73 des
2937 4042 271 99 poètes
3269 4042 210 72 aime
3538 4063 88 51 ce

685 4180 536 72 délassement
1276 4176 108 73 du
1441 4175 341 98 pouvoir
1831 4173 427 73 souverain
2312 4178 76 64 et
2444 4168 96 74 de
2593 4168 76 73 la
2727 4166 472 73 souveraine
3257 4166 325 71 connais-

686 4327 264 51 sance.
1005 4302 304 72 Laissez
1353 4302 231 72 venir
1631 4302 37 69 à
1729 4298 115 73 lui
1894 4322 84 49 ce
2026 4296 215 73 doux
2290 4296 118 70 air
2452 4293 432 75 embaumé
2933 4291 141 97 qui
3125 4313 42 49 a
3219 4291 222 95 passé
3490 4312 138 50 sur

685 4454 115 49 un
847 4430 207 71 banc
1103 4427 96 73 de
1257 4425 362 75 violettes
1679 4451 13 45 :
1741 4423 54 72 il
1848 4432 115 64 est
2007 4420 366 75 essentiel
2425 4422 41 69 à
2513 4442 83 47 sa
2637 4415 506 88 mélancolie,
3199 4437 322 51 comme
3570 4413 51 73 il

685 4564 116 64 est
854 4554 444 73 nécessaire
1353 4554 41 71 à
1450 4576 118 49 ses
1626 4550 698 73 enchantements.
2410 4544 103 71 La
2568 4544 379 93 baguette
3028 4540 107 73 du
3216 4540 408 95 magicien

685 4689 116 66 est
844 4681 404 94 musique.
1301 4677 103 73 La
1450 4677 378 95 musique
1873 4683 115 66 est
2031 4674 71 71 le
2144 4672 198 97 petit
2383 4669 257 73 David
2691 4669 139 95 qui
2874 4669 193 95 joue
3114 4666 95 72 de
3257 4666 73 72 la
3377 4676 247 86 harpe
