4173 5590
703 4870 87 59 32

711 630 63 38 sa
822 606 390 84 production
1254 598 450 63 cnosidérable
1748 595 74 60 de
1868 591 369 62 romancier
2275 599 62 50 et
2374 588 300 76 critique,
2723 605 84 39 ou
2852 582 214 80 plutôt
3108 600 116 39 son
3273 601 28 35 «
3348 578 235 58 arrière

705 712 133 57 moi
893 731 54 36 ».

868 828 173 58 Ceux
1091 824 111 76 qui
1252 822 285 59 écrivent
1589 837 107 39 sur
1739 817 212 76 Ryner
2001 814 54 56 le
2103 811 412 58 connaissent
2568 805 589 79 personnellement
3200 818 146 39 sans
3395 798 193 57 doute

700 939 62 50 et
806 933 364 70 manquent
1211 924 75 57 de
1327 919 395 79 perspective
1765 936 165 58 pour
1974 915 366 76 l'analyser.
2390 909 321 61 Peut-être
2755 908 192 67 aussi,
2998 925 77 38 en
3120 902 225 68 vérité,
3396 901 151 57 beau-

712 1049 166 57 coup
934 1025 293 61 n'ont-ils
1285 1024 66 57 lu
1403 1019 276 79 .qu'avec
1739 1019 248 74 fatigue
2047 1034 98 40 ces
2204 1014 192 60 livres
2455 1011 384 75 surchargés
2900 1005 395 60 d'intention
3354 1003 113 74 qui
3522 1018 67 40 se

706 1136 342 53 nomment
1098 1147 12 39 :
1159 1128 78 56 Le
1286 1124 127 58 Fils
1456 1125 87 56 du
1590 1123 270 66 Silence,
1910 1119 410 73 Psychodore
2367 1122 58 50 et
2473 1114 85 56 les
2606 1111 387 75 Pacifiques.
3045 1107 146 58 Han
3239 1106 211 74 Ryner
3495 1108 96 51 est

705 1229 309 78 peut-être
1069 1227 144 77 plus
1266 1223 396 78 mystérieux
1715 1224 32 55 à
1794 1240 91 38 ses
1943 1218 271 77 proches
2269 1224 57 50 et
2383 1235 79 38 ne
2517 1234 60 37 se
2632 1212 211 58 révéla
2898 1206 311 79 peut-être
3266 1225 86 56 qu
3387 1207 32 55 à
3471 1202 116 60 tels

704 1351 179 57 sages
925 1331 325 57 inconnus
1292 1326 76 58 de
1410 1325 115 58 lui.
1576 1323 146 58 Cela
1770 1321 130 58 seul
1948 1327 150 70 peut
2140 1317 335 75 expliquer
2521 1312 198 78 qu'on
2764 1332 42 38 ri
2834 1312 89 58 ait
2965 1312 184 75 point
3188 1325 235 41 encore
3466 1304 121 59 tiré

704 1434 74 57 de
824 1449 114 40 son
988 1448 220 41 œuvre
1258 1446 126 39 une
1432 1423 522 77 métaphysique,
2007 1439 126 39 une
2183 1418 285 75 éthique,
2523 1434 127 38 une
2700 1413 337 77 politique,
3091 1418 61 51 et
3198 1421 213 46 même
3462 1423 127 41 une

704 1531 420 79 psychologie
1174 1530 112 75 qui
1338 1524 297 63 l'eussent
1684 1522 277 61 divinisé
2002 1541 10 50 ;
2063 1540 107 37 car
2219 1519 57 58 la
2329 1517 174 60 foule
2555 1522 278 70 respecte
2882 1511 574 61 héréditairement
3502 1505 87 60 les

703 1632 263 79 prêtres,
1017 1632 86 58 les
1148 1629 604 61 cartomanciennes
1792 1633 60 51 et
1895 1625 87 57 les
2027 1621 442 79 philosophes.

867 1751 71 58 Je
975 1751 137 58 vois
1152 1750 105 58 des
1292 1748 263 59 extraits
1595 1746 75 58 de
1708 1743 335 68 Stendhal,
2086 1741 75 58 de
2200 1741 240 74 Faguet
2481 1746 58 50 et
2578 1735 212 59 même
2827 1734 75 59 de
2941 1733 155 58 Paul
3141 1732 221 56 Brulat
3403 1748 24 38 s
3460 1728 96 56 édi-

706 1863 93 49 ter
842 1859 282 70 partout.
1174 1850 325 59 Personne
1544 1846 98 59 n'a
1687 1847 168 57 donc
1902 1843 68 60 lu
2017 1843 142 58 Han
2207 1841 213 77 Ryner
2464 1858 149 39 avec
2661 1836 227 78 plaisir
2936 1842 54 51 et
3040 1852 151 39 avec
3239 1831 139 58 soin
3426 1846 156 59 poui

712 1951 195 79 qu'on
952 1954 229 74 ignore
1221 1968 229 41 encore
1493 1949 57 58 la
1595 1946 359 79 possibilité
1996 1940 151 62 d'en
2192 1943 153 59 tirer
2386 1959 90 40 un
2522 1937 406 60 miraculeux
2973 1935 290 74 florilège
3307 1931 248 77 philoso-

710 2056 242 74 phique
991 2053 25 58 ?
1065 2048 359 63 L'aimable
1469 2058 61 51 et
1579 2048 330 75 distingué
1959 2047 82 57 M.
2093 2044 264 58 Poinsot
2407 2041 175 77 parle
2633 2039 277 77 quelque
2960 2043 143 70 part
3155 2035 86 59 du
3291 2033 265 75 spiritua-

709 2157 184 56 lisme
943 2178 27 33 ((
1019 2174 90 38 un
1154 2174 123 55 peu
1321 2171 210 57 vague
1581 2173 27 33 »
1659 2149 76 58 de
1780 2148 142 58 Han
1968 2148 235 75 Ryner,
2255 2152 56 51 et
2359 2143 170 67 c'est,
2581 2163 33 36 a
2658 2161 69 38 ce
2767 2140 114 76 qui
2927 2137 289 77 précédé,
3265 2155 90 37 un
3403 2152 150 56 argu-

707 2265 182 50 ment
942 2256 174 76 plein
1171 2255 76 58 de
1300 2254 169 75 gaité
1529 2254 44 57 si
1632 2250 129 59 l'on
1816 2247 332 61 considère
2201 2245 311 60 l'absolue
2565 2242 354 78 perfection
2971 2248 63 51 et
3088 2241 55 55 la
3200 2236 262 76 rigidité
3517 2235 76 58 de

707 2364 159 53 cette
920 2355 501 76 métaphysique
1472 2351 519 76 mathématique
2037 2351 86 57 où
2172 2346 411 79 Psychodore
2634 2364 60 38 se
2747 2350 175 51 meut
2974 2349 62 51 et
3086 2359 162 39 nous
3299 2338 297 59 entraîne

706 2477 116 56 par
859 2457 143 58 Han
1046 2457 235 76 Ryner.

873 2586 100 57 On
1010 2585 257 58 affirme
1303 2582 488 78 généralement
1828 2599 124 57 que
1991 2580 141 56 Han
2170 2579 215 75 Ryner
2419 2584 91 50 est
2551 2599 27 33 ((
2621 2572 493 60 Individualiste
3153 2592 29 34 »
3224 2578 55 49 et
3324 2592 27 34 «
3397 2569 157 56 Anar-

716 2688 203 58 chiste
966 2708 27 35 »
1037 2680 1160 82 pour,précisément,individualiser
2237 2698 82 38 au
2357 2697 140 38 sens
2540 2674 333 78 péjoratif,
2919 2692 92 39 ses
3049 2671 308 77 opinions
3399 2670 165 58 socia-

708 2788 108 59 les.
875 2789 13 53 F
920 2808 38 36 n
1012 2787 137 68 fait,
1204 2806 69 38 ce
1313 2787 111 74 qui
1470 2783 382 59 caractérise
1898 2782 56 58 le
2001 2781 145 76 plus
2194 2781 55 57 le
2297 2781 188 73 génie
2527 2779 79 57 de
2653 2797 67 38 ce
2767 2774 409 79 philosophe,
3230 2792 32 37 c
3291 2779 92 52 est
3429 2770 16 56 1
3478 2770 78 56 im-

709 2889 358 75 possibilité
1128 2888 74 57 de
1259 2884 377 78 l'étiqueter.
1696 2884 47 57 Il
1800 2903 33 37 a
1888 2883 120 59 fait
2060 2879 338 60 lui-même
2455 2880 53 57 le
2566 2886 145 51 tour
2767 2877 74 58 de
2895 2882 207 52 toutes
3158 2874 88 57 les
3302 2872 294 75 logiques

714 2999 61 50 et
821 2989 75 58 de
944 2997 141 49 tous
1132 2988 86 58 les
1264 2988 291 74 dogmes.
1609 2984 169 59 C'est
1827 2982 312 59 l'homme
2186 2981 77 59 de
2312 2989 183 51 notre
2544 2987 209 67 temps
2801 2978 111 75 qui
2962 2974 266 61 connaît
3276 2974 58 59 le
3379 2974 221 57 mieux

709 3092 55 57 la
823 3089 413 79 philosophie
1292 3106 303 57 grecque.
1654 3086 44 58 Il
1757 3105 80 39 ne
1892 3103 162 39 nous
2110 3090 159 52 reste
2326 3082 75 58 de
2454 3088 160 52 cette
2669 3079 429 57 miraculeuse
3154 3075 231 77 pensée
3440 3090 159 60 pure

708 3190 282 60 d'Hellas
1047 3210 123 57 que
1225 3188 106 59 des
1410 3188 348 59 lambeaux
1834 3186 230 75 légers.
2124 3183 71 59 Je
2249 3202 80 39 ne
2383 3183 165 56 crois
2626 3186 312 71 pourtant
3016 3197 113 57 pas
3209 3172 391 80 qu'homme

705 3311 83 39 au
832 3291 239 59 monde
1117 3292 88 58 ait
1247 3309 208 53 conçu
1498 3289 226 77 depuis
1771 3289 188 74 vingt
2005 3285 220 60 siècles
2269 3285 279 77 quelque
2595 3283 138 59 idée
2779 3282 155 59 dont
2984 3281 86 58 les
3116 3279 190 59 Grecs
3352 3276 250 60 n'aient

705 3415 77 37 eu
828 3391 381 61 l'intuition.

874 3513 180 58 Ainsi
1109 3512 178 57 versé
1344 3510 160 58 dans
1562 3510 17 56 1
1617 3517 94 50 art
1770 3508 57 59 le
1884 3508 146 76 plus
2087 3505 430 78 providentiel
2577 3504 74 58 de
2711 3503 331 76 disséquer
3123 3499 471 66 rintellection,

706 3614 276 58 sachant
1031 3609 408 63 l'antinomie
1490 3619 62 51 et
1601 3609 320 60 l'identité
1976 3608 73 59 de
2104 3615 161 52 tout.
2324 3606 144 58 Han
2522 3607 213 70 Ryner
2788 3624 79 38 ne
2921 3623 61 38 se
3035 3601 344 59 consent-il
3434 3599 132 60 indi-

709 3714 343 60 vidualiste
1087 3734 123 56 que
1248 3733 167 57 pour
1452 3711 201 71 subir,
1698 3714 52 55 si
1785 3709 156 78 j'ose
1980 3711 156 69 dire,
2182 3729 130 38 une
2347 3709 306 74 enseigne
2692 3709 33 55 à
2766 3726 61 38 sa
2864 3705 314 75 boutique
3214 3703 74 57 de
3329 3720 269 57 sagesse.

712 3815 72 59 Je
829 3834 80 41 ne
955 3817 130 57 suis
1131 3835 111 58 pas
1287 3815 307 70 certaine,
1645 3812 289 78 lorsqu'il
1987 3812 299 70 descend,
2342 3812 184 75 après
2576 3810 180 59 avoir
2799 3808 230 76 jonglé
3075 3826 155 39 avec
3278 3806 56 58 le
3382 3805 182 58 Déter-

709 3918 307 58 minisme
1056 3926 62 50 et
1160 3917 56 58 le
1261 3918 188 56 Libre
1496 3916 276 70 Arbitre,
1820 3916 162 58 dans
2032 3938 27 34 «
2110 3913 329 77 VAbysme
2490 3934 28 35 »
2563 3910 242 60 central
2855 3909 77 59 de
2981 3906 183 61 l'idée
3210 3926 180 57 pure,
3441 3903 158 77 qu'il

707 4018 273 61 accorde
1020 4037 231 41 encore
1289 4037 91 40 un
1424 4038 140 38 sens
1609 4018 409 76 quelconque
2063 4037 78 37 au
2185 4023 139 51 mot
2366 4012 483 61 individualité.

876 4146 159 59 Mais
1074 4165 164 40 nous
1281 4166 227 39 vivons
1548 4182 87 5 —
1674 4164 164 40 nous
1880 4164 277 58 croyons
2198 4145 179 57 vivre
2418 4179 87 5 —
2540 4142 162 58 dans
2746 4161 90 38 un
2880 4139 307 60 domaine
3230 4139 74 58 de
3349 4137 254 58 réalités

708 4266 125 57 que
874 4266 117 40 nos
1033 4254 184 51 aïeux
1258 4248 226 76 depuis
1524 4248 106 57 des
1673 4247 273 58 milliers
1984 4246 78 59 de
2104 4244 240 78 siècles,
2392 4252 115 52 ont
2552 4244 222 67 classé,
2823 4242 279 75 étiqueté
3141 4248 65 51 et
3246 4239 353 60 référencé.

712 4350 46 58 I!
803 4358 91 52 est
938 4349 170 60 donc
1153 4349 153 72 bon,
1355 4349 264 76 élégant
1663 4356 59 51 et
1770 4349 152 58 utile
1969 4346 74 60 de
2092 4348 198 68 créer,
2335 4365 166 58 pour
2551 4346 56 57 le
2648 4345 281 75 système
2976 4338 467 80 d'apparences
3489 4339 114 77 qui

709 4471 165 38 nous
918 4458 291 62 entoure,
1258 4469 89 39 un
1392 4450 273 77 système
1709 4447 442 62 d'ordination
2192 4456 64 52 et
2301 4448 73 58 de
2423 4447 362 78 prévisions
2832 4444 320 76 logiques.
3200 4443 143 57 Han
3392 4443 212 75 Ryner

709 4572 32 39 a
796 4553 216 76 gagné
1066 4570 124 58 peu
1242 4553 33 56 à
1329 4570 123 59 peu
1507 4546 328 63 l'extrême
1888 4551 220 74 pointe
2160 4550 76 58 de
2291 4550 57 57 la
2408 4549 266 75 logique
2722 4565 158 58 pure
2932 4553 63 51 et
3047 4565 78 38 ne
3202 4545 254 71 conçoit
3511 4561 91 40 un

716 4654 229 60 \tonde
1002 4653 317 76 Organisé
1378 4653 173 57 selon
1615 4652 56 56 la
1724 4652 236 58 Norme
2016 4670 123 56 que
2197 4650 331 77 dépouillé
2586 4649 75 59 de
2718 4649 53 58 la
2827 4649 259 76 passion
3146 4647 76 58 de
3280 4644 321 78 posséder.
