4173 5590
737 4911 90 60 22

926 648 171 61 Ceux
1149 648 110 76 qui
1307 645 186 61 n'ont
1530 663 112 60 pas
1691 663 217 41 connu
1955 643 249 61 Moréas
2248 640 192 64 n'ont
2482 658 112 61 pas
2643 640 57 61 le
2748 640 172 61 droit
2965 640 77 61 de
3086 638 290 79 proférer
3422 656 89 41 un
3561 634 81 63 tel

755 758 272 68 outrage
1076 755 61 52 et
1188 767 158 40 ceux
1396 748 112 74 qui
1562 741 166 65 l'ont
1781 765 220 41 connu
2045 763 83 43 en
2182 743 269 78 perdent
2501 741 254 63 l'envie.

924 865 281 61 D'abord
1249 885 192 59 parce
1481 861 191 82 qu'ils
1713 861 390 73 l'aimèrent,
2152 863 245 59 ensuite
2441 880 192 61 parce
2675 856 157 82 qu'il
2878 880 78 39 ne
3000 860 139 61 faut
3181 878 114 60 pas
3339 856 193 80 juger
3576 877 69 40 ce

758 970 210 76 grand
1017 971 185 75 poète
1246 987 144 40 sans
1437 966 437 78 imagination
1925 985 106 39 sur
2074 983 91 43 ses
2213 963 467 61 exclamations
2731 963 74 59 de
2853 961 164 71 café,
3069 982 107 39 sur
3224 980 91 41 ses
3368 983 28 36 «
3444 961 165 60 Sinis-

772 1078 86 53 tre
895 1068 92 63 !...
1031 1068 294 61 Ridicule
1361 1068 91 61 !...
1496 1068 392 76 Changeons
1928 1066 75 60 de
2042 1065 138 61 café
2218 1065 89 61 !...
2350 1073 120 53 etc.
2521 1087 54 49 »,
2621 1065 162 61 dont
2819 1065 278 59 certains
3141 1061 503 80 professionnels

753 1181 120 53 ont
919 1173 118 59 fait
1083 1171 107 60 des
1237 1171 295 60 volumes
1581 1170 427 61 d'anecdotes.

924 1291 112 60 Les
1082 1298 145 70 trop
1271 1291 227 77 jeunes
1545 1308 158 60 gens
1747 1290 301 59 oublient
2092 1297 144 69 trop
2274 1324 86 8 —
2406 1281 137 65 s'ils
2592 1295 146 52 sont
2780 1285 210 61 admis
3037 1288 32 56 à
3117 1285 139 59 nier
3303 1286 58 58 la
3413 1283 229 61 beauté

763 1393 110 61 des
914 1393 266 59 Stances
1217 1427 88 8 —
1346 1410 122 59 que
1512 1391 54 60 le
1606 1390 249 61 Moréas
1894 1390 80 61 de
2016 1391 222 75 Sylves
2275 1396 60 55 et
2372 1388 86 61 du
2499 1390 257 59 Pèlerin
2795 1388 351 78 passionné
3186 1386 95 60 fut
3332 1386 51 60 le
3428 1386 216 58 moins

765 1495 247 59 soumis
1061 1493 109 61 des
1219 1495 235 76 poètes.
1510 1493 113 59 Les
1669 1493 264 59 Stances
1981 1498 145 54 sont
2174 1508 127 43 une
2352 1490 113 61 fin.

924 1620 161 61 Jean
1146 1620 249 61 Moréas
1452 1617 176 62 n'eut
1686 1639 110 59 pas
1854 1622 95 57 été
2003 1618 345 80 incapable
2406 1618 76 60 de
2541 1617 246 59 sourire
2843 1618 33 56 à
2932 1618 205 58 Dada.
3196 1615 72 59 Je
3325 1615 317 61 l'entends

758 1742 368 57 prononcer
1173 1742 12 41 :
1234 1745 29 36 «
1307 1723 178 60 Dâdà
1523 1722 90 62 !...
1659 1723 83 58 La
1786 1722 144 77 plus
1974 1720 193 61 noble
2208 1718 318 80 conquête
2563 1740 125 58 que
2726 1718 315 59 l'homme
3081 1718 90 61 ait
3210 1718 237 76 jamais
3489 1717 153 60 faite

755 1832 91 52 est
894 1823 55 61 le
995 1823 180 61 Dâdà
1212 1823 13 59 !
1275 1844 30 38 »

924 1943 47 58 Il
1017 1942 192 61 disait
1259 1962 12 39 :

921 2098 86 6 —
1054 2064 112 57 Les
1210 2064 229 74 jeunes
1483 2082 157 58 gens
1686 2070 142 53 sont
1874 2062 303 59 ridicules
2223 2081 189 59 parce
2458 2057 188 81 qu'ils
2690 2067 322 71 prennent
3056 2067 135 53 tout
3239 2079 79 39 au
3366 2059 269 67 sérieux,

756 2165 166 58 mais
965 2165 76 58 ils
1085 2172 147 51 sont
1271 2164 379 61 charmants
1691 2164 224 77 quand
1957 2164 76 57 ils
2077 2170 144 53 sont
2263 2162 304 61 ridicules
2606 2160 11 61 !

926 2279 345 64 L'attitude
1315 2284 76 59 de
1435 2282 160 59 Jean
1640 2282 248 61 Moréas
1933 2301 165 40 nous
2143 2284 305 74 enseigna
2497 2282 58 58 la
2604 2282 250 76 dignité
2893 2301 14 52 ;
2954 2301 68 39 ce
3061 2301 122 57 que
3230 2280 132 60 doit
3406 2277 131 63 être
3583 2280 57 56 la

756 2387 99 58 vie
902 2377 161 68 d'un
1110 2385 205 77 poète.

922 2502 77 59 Et
1046 2502 56 59 la
1149 2504 220 59 vanité
1418 2502 77 61 de
1540 2511 160 52 cette
1747 2502 276 76 dignité.
2076 2502 189 61 Hélas
2304 2501 14 60 !

924 2624 97 59 Au
1065 2624 162 71 café,
1269 2644 87 41 ou
1396 2624 280 75 ailleurs,
1717 2643 88 39 on
1850 2644 31 39 a
1923 2626 300 74 toujours
2267 2626 144 76 près
2448 2624 75 59 de
2565 2626 90 57 soi
2699 2644 86 39 un
2831 2624 277 59 Albalat.

1088 2771 491 77 Quentends-je
1615 2773 30 56 ?
1700 2768 162 64 C'est
1920 2771 283 60 Gaubert
2260 2773 112 75 qui
2426 2773 125 58 crie
2607 2771 34 60 à
2690 2771 229 77 perdre
2981 2771 251 60 haleine
3291 2792 17 39 :

1087 2892 255 57 Albalat
1374 2892 22 57 !
1444 2892 256 57 Albalat
1732 2892 20 56 !
1799 2892 282 69 Albalat,
2130 2905 223 44 morne
2404 2890 220 76 plaine
2658 2892 20 56 !

922 3019 73 59 Je
1037 3019 129 59 suis
1209 3019 55 59 la
1308 3019 173 59 fable
1518 3017 90 61 du
1649 3019 294 78 vulgaire
1981 3019 12 57 !
2035 3017 399 61 s'exclamait
2473 3019 58 59 le
2570 3019 256 61 maître.
2875 3017 64 61 Si
2981 3019 336 61 l'insolent
3359 3017 75 61 de
3483 3037 155 61 1920

751 3122 182 59 raille
977 3122 30 58 à
1051 3120 129 60 bon
1227 3120 169 61 droit
1442 3120 54 60 le
1537 3120 190 60 héros
1771 3120 76 60 de
1896 3141 176 57 1910,
2125 3120 215 78 Byron
2379 3119 242 61 semble
2665 3139 127 41 une
2836 3120 264 60 victime
3146 3137 228 43 encore
3418 3120 220 60 mieux

750 3224 328 77 désignée.

919 3344 330 76 Pourquoi
1291 3339 488 64 n'insulte-t-on
1820 3344 240 74 jamais
2103 3340 277 63 l'ombre
2416 3342 90 61 du
2545 3340 169 63 Lord
2749 3342 29 59 ?

916 3461 215 61 Avant
1173 3461 58 59 la
1278 3481 230 58 guerre
1551 3457 181 75 (c'est
1777 3462 34 56 à
1855 3469 183 51 notre
2082 3469 151 53 tour
2275 3462 34 58 à
2348 3461 56 59 le
2450 3461 162 72 dire)
2663 3479 163 41 nous
2876 3479 82 41 ne
3000 3478 164 40 nous
3213 3461 424 76 permettions

750 3583 113 57 pas
910 3562 109 60 des
1066 3562 444 78 plaisanteries
1559 3562 76 60 de
1683 3583 67 39 ce
1796 3571 136 52 ton.
1984 3561 169 61 Nous
2203 3561 299 61 n'avions
2545 3581 113 59 pas
2704 3564 106 58 tué
2858 3562 54 58 le
2959 3569 266 69 respect.
3273 3562 100 58 Ah
3412 3561 11 59 !
3474 3579 163 43 nous

750 3666 208 59 étions
1002 3664 217 59 moins
1263 3664 184 61 forts.

999 3784 340 73 Pourtant,
1396 3784 151 61 c'est
1598 3804 164 41 nous
1816 3786 136 76 qui,
2009 3784 107 59 dès
2174 3786 84 59 les
2313 3786 347 76 premières
2714 3786 235 59 années
3005 3784 85 59 du
3146 3784 206 71 siècle,
3412 3784 225 59 avions

748 3886 207 59 rendu
1000 3886 378 78 impossible
1425 3886 56 57 la
1530 3908 29 35 «
1605 3886 100 59 vie
1747 3886 340 76 artistique
2135 3906 56 39 ».

916 4004 159 61 Sous
1120 4006 107 59 des
1280 4006 338 78 prétextes,
1672 4025 89 40 on
1816 4006 56 57 la
1928 4023 451 44 recommence
2418 4025 13 52 ;
2509 4008 34 57 à
2595 4006 290 59 rebours.

916 4126 140 59 Aux
1114 4124 379 61 funérailles
1551 4126 76 61 de
1683 4126 159 59 Jean
1899 4126 249 59 Moréas
2204 4126 142 61 vint
2401 4133 176 54 toute
2633 4126 55 59 la
2748 4126 298 76 jeunesse
3095 4135 54 50 et
3210 4133 185 52 notre
3449 4124 188 80 peine

745 4226 252 73 visible,
1049 4224 224 63 n'était
1317 4228 188 76 point
1542 4246 235 58 parure
1825 4223 396 64 d'occasion.

912 4348 92 59 Tu
1048 4348 157 61 étais
1247 4348 80 71 là,
1373 4348 371 61 Guillaume
1781 4348 13 59 !

912 4475 161 61 Mais
1117 4473 61 70 je
1219 4494 78 42 ne
1346 4477 122 59 sais
1512 4477 145 78 plus
1701 4477 73 69 si,
1825 4494 110 42 sur
1979 4483 161 53 cette
2189 4475 447 80 carte-postale
2682 4475 201 61 rimée
2931 4495 145 60 que,
3129 4495 88 41 un
3268 4495 123 60 peu
3440 4495 158 60 aupa-

750 4585 250 63 ravant,
1073 4577 376 61 Guillaume
1517 4578 425 78 Apollinaire,
2015 4595 350 61 voyageur,
2440 4578 311 61 adressait
2812 4614 88 8 —
2965 4578 355 78 hommage
3388 4578 34 60 à
3478 4577 159 61 Jean

745 4678 270 75 Moréas,
1063 4678 44 59 il
1149 4698 36 59 y
1231 4678 176 63 avait
1451 4698 13 41 :
