2260 4346
2022 287 100 54 603

731 290 338 53 BRUNO'S
1159 290 350 53 WEEKLY

122 438 64 41 as
226 435 62 44 to
327 427 97 52 the
717 424 64 55 of
819 428 95 51 the
955 427 213 61 article,
1208 428 110 51 and
1359 445 76 34 no
1476 427 179 52 doubt
1694 443 171 46 many
1905 422 219 56 friends

119 487 65 56 6f
219 489 100 54 the
357 490 198 64 family
593 490 184 53 which
819 492 46 51 is
904 492 267 51 satirized
1210 492 116 52 will
1365 493 69 50 be
1472 508 139 45 very
1651 490 316 63 indignant.
2039 490 85 53 As

122 554 92 53 for
242 555 97 51 the
369 557 179 49 house
580 555 54 51 in
664 555 265 61 question
964 557 169 58 itself,
1167 557 24 50 I
1225 555 164 51 think
1420 555 42 52 it
1492 555 113 52 will
1637 555 136 62 only
1804 555 190 62 laugh.

189 617 124 54 The
363 635 117 36 war
527 620 112 51 and
689 620 96 51 the
835 620 293 51 increased
1177 629 128 43 cost
1354 619 61 52 of
1463 637 175 45 paper
1686 637 162 45 press
1898 617 226 64 heavily

120 697 155 50 upon
319 682 232 65 literary
592 685 332 62 enterprise.
998 686 84 50 As
1124 685 42 51 it
1206 685 47 52 is
1294 703 147 43 now,
1483 686 95 51 the
1620 685 325 52 conditions
1987 684 139 52 tend

123 762 160 36 more
330 750 110 48 and
489 765 158 34 more
697 757 60 42 to
805 750 94 49 the
948 750 291 50 disfavour
1288 750 62 50 of
1396 750 218 49 artistic
1663 766 65 33 or
1777 747 347 62 speculative

119 812 211 61 works,
364 808 168 55 while
569 813 137 61 only
744 813 164 51 those
946 814 183 51 books
1166 813 184 52 which
1389 813 114 52 will
1540 813 304 52 command
1882 830 32 34 a
1951 812 175 62 ready

122 877 111 50 and
264 877 201 61 vulgar
496 878 117 49 sale
644 894 95 35 are
774 894 127 35 sure
936 878 62 51 of
1030 878 170 61 being
1232 879 306 62 produced.
1606 878 55 51 If
1691 878 327 52 conditions
2051 878 77 51 do

122 936 104 56 hot
261 940 272 62 improve,
571 943 96 49 the
705 943 240 50 outlook
980 943 92 52 for
1108 944 182 51 books
1328 943 62 50 of
1429 943 232 62 literary
1698 943 169 50 merit
1902 943 116 50 will
2056 943 70 50 be

122 1020 139 46 very
306 1005 108 51 bad
460 1005 218 52 indeed.
754 1007 95 49 All
894 1007 94 50 the
1034 1024 155 33 same
1233 1024 32 33 a
1308 1024 127 34 new
1478 1015 89 43 art
1609 1007 110 50 and
1764 1006 233 62 literary
2039 1021 60 36 re-

122 1068 147 52 view
319 1068 48 52 is
419 1071 338 51 announced
810 1071 90 52 for
952 1071 367 62 publication.
1409 1072 84 51 Its
1547 1089 165 34 name
1766 1071 47 52 is

122 1128 188 57 which
350 1151 165 34 name
556 1134 47 55 is
642 1136 124 50 also
805 1136 269 50 intended
1114 1145 59 43 to
1215 1136 244 52 indicate
1501 1136 72 52 its
1614 1136 295 52 aesthetic.
1985 1136 54 50 It
2079 1136 48 52 is

123 1199 65 48 td
216 1197 67 50 be
714 1200 330 60 something
1073 1199 55 51 in
1162 1200 94 51 the
1286 1200 149 61 style
1468 1199 62 52 of
1561 1200 95 51 the
1688 1200 226 51 Yellow
1945 1199 183 53 Book.

126 1259 267 63 Looking
420 1270 59 43 at
508 1263 95 50 the
635 1263 95 50 list
759 1264 61 49 of
849 1264 390 52 contributors
1270 1280 109 36 one
1411 1273 209 43 cannot
1651 1264 166 52 avoid
1849 1265 95 51 the
1976 1263 130 53 criti-

124 1324 142 53 cism
298 1332 101 46 too
429 1326 249 52 eclectic.
744 1327 267 52 Without
1041 1345 33 34 a
1106 1345 126 34 new
1262 1330 167 61 hope,
1460 1346 32 33 a
1524 1345 126 34 new
1681 1329 163 62 point
1876 1327 62 54 of
1967 1332 163 58 view,

123 1404 33 35 a
193 1390 188 52 minor
416 1391 347 63 philosophy
800 1392 62 51 of
899 1409 159 35 some
1096 1401 138 52 sort,
1272 1411 32 33 a
1343 1410 126 34 new
1507 1393 207 51 review
1752 1401 212 45 cannot
2003 1392 127 54 live.

129 1451 159 53 Even
327 1454 138 51 with
505 1454 113 52 this
658 1457 320 65 advantage
1018 1458 139 50 such
1196 1475 32 33 a
1269 1458 207 51 review
1514 1475 104 34 can
1658 1475 63 34 as
1761 1475 32 34 a
1832 1458 120 51 rule
1992 1457 140 62 only

126 1526 175 43 count
335 1534 75 36 on
444 1536 33 34 a
512 1519 259 62 spiritual
806 1522 289 51 existence
1131 1520 149 53 after
1313 1539 32 35 a
1382 1522 146 52 brief
1563 1523 111 51 and
1712 1523 263 51 troubled
2013 1538 80 36 ma-

127 1583 165 50 terial
339 1599 126 36 one.
550 1585 113 51 But
710 1586 124 51 that
882 1586 191 61 surely
1122 1586 46 51 is
1218 1588 95 51 the
1361 1588 187 51 better
1596 1586 135 53 fate.
1812 1586 125 53 The
1986 1586 146 54 fault

126 1645 138 52 with
305 1663 66 35 so
410 1664 171 46 many
621 1659 197 53 yoUng
856 1650 237 52 reviews
1133 1651 111 50 and
1282 1668 197 44 young
1517 1660 361 43 movements
1919 1651 48 52 is
2006 1653 127 50 that

126 1710 138 62 they
297 1727 95 36 are
428 1712 181 51 afraid
647 1721 60 45 to
744 1715 105 49 die.
919 1715 164 62 They
1119 1716 114 51 will
1270 1725 101 42 not
1407 1734 75 43 go
1519 1716 155 52 forth
1712 1717 110 51 and
1859 1716 192 64 perish
2091 1715 44 53 if

126 1774 191 63 perish
358 1777 136 61 they
532 1786 168 52 must,
740 1795 197 34 secure
976 1778 55 51 in
1072 1780 95 50 the
1208 1781 337 59 knowledge
1586 1781 124 51 that
1750 1782 154 53 what
1943 1781 47 51 is
2031 1780 70 52 im-

126 1839 209 51 mortal
369 1839 55 51 in
460 1840 156 51 them
649 1842 114 51 will
797 1842 225 52 survive
1056 1844 96 50 the
1187 1844 215 61 trifling
1436 1844 191 52 defeat
1661 1844 61 52 of
1756 1846 377 62 bankruptcy.

194 1903 220 63 Rupert
472 1905 276 52 Brooke's
1124 1908 151 51 from
1689 1926 211 47 appear
1957 1910 176 63 today

124 1965 269 65 prefaced
425 1969 75 62 by
527 1987 34 34 a
592 1979 135 43 note
758 1969 151 53 from
942 1971 202 64 Henry
1172 1974 211 61 James.
1448 1974 82 51 As
1563 1974 95 51 the
1691 1975 162 51 work
1884 1974 47 52 is
1962 1975 139 61 prob-

126 2031 135 62 ably
301 2034 313 62 appearing
656 2036 475 64 simultaneously
1175 2037 137 52 with
1354 2055 114 45 you
1515 2040 23 49 I
1585 2039 114 52 will
1742 2056 103 46 say
1887 2040 249 62 nothing

126 2094 177 54 about
336 2096 60 53 it.

197 2159 25 51 I
255 2159 117 52 will
401 2162 255 52 mention
689 2181 32 33 a
753 2163 110 52 few
895 2164 62 51 of
988 2164 96 52 the
1117 2164 155 52 titles
1305 2166 63 52 of
1398 2167 95 52 the
1526 2167 164 62 plays
1722 2185 132 34 now
1884 2167 252 63 running

126 2232 59 43 at
217 2224 96 51 the
345 2225 254 52 theatres
631 2244 65 35 so
730 2229 123 51 that
884 2246 114 44 you
1031 2246 104 34 can
1168 2247 172 44 guess
1374 2232 95 50 the
1503 2232 135 50 kind
1671 2232 61 52 of
1765 2232 119 53 fare
1919 2249 84 40 we
2037 2249 98 36 are

127 2288 301 63 enjoying:
491 2290 190 53 There
710 2309 95 34 are
955 2294 174 51 Little
1162 2295 93 51 Bit
1284 2295 63 52 of
1890 2314 31 34 a
1953 2296 182 63 farce;

343 2355 70 51 O'
473 2355 102 63 My
926 2359 97 49 "L'
1086 2359 216 52 Enfant
1977 2364 159 52 Love

866 2440 33 34 a
929 2425 260 61 comedy,
1554 2426 304 53 Merchant
1890 2426 62 53 of
1981 2427 117 54 Ven-

296 2498 214 46 among
541 2486 213 50 others.

197 2545 92 52 An
335 2548 342 63 interesting
721 2550 211 52 revival
979 2552 62 50 of
1084 2553 97 51 the
1225 2553 97 51 old
1366 2554 303 52 fashioned
1714 2564 215 55 puppet
1973 2557 165 52 show

131 2609 104 53 has
282 2613 141 50 been
473 2614 131 51 held
650 2623 60 43 at
755 2616 97 50 the
899 2616 241 53 Aeolian
1191 2618 154 52 Hall.
1425 2619 124 51 The
1596 2620 159 61 piece
1802 2620 168 62 given
2018 2638 120 36 was

393 2676 246 62 Marten,
678 2695 66 34 or
785 2680 94 51 the
923 2680 235 52 Murder
1197 2681 55 51 in
1294 2684 95 49 the
1432 2684 122 51 Red
1839 2703 31 33 a
1910 2685 228 52 famous

131 2740 96 50 old
260 2750 215 53 puppet
508 2743 367 53 melodrama.
945 2746 171 51 Some
1152 2746 123 52 idea
1310 2749 63 50 of
1404 2750 96 49 the
1536 2749 352 63 captivating
1921 2751 220 62 quality

132 2803 63 52 of
226 2806 95 50 the
355 2803 263 66 dialogue
651 2822 131 47 may
814 2809 68 51 be
915 2811 299 61 perceived
1248 2811 150 52 from
1432 2813 115 51 this
1580 2822 264 52 extract:,

206 2868 208 53 Maria:
490 2872 25 51 I
557 2872 143 52 have
740 2874 136 62 kept
914 2891 97 45 my
1048 2876 251 62 promise
1340 2884 61 45 to
1440 2886 152 43 meet
1629 2896 114 43 you
1782 2887 61 43 at
1879 2879 97 52 the
2017 2881 124 53 Red

134 2933 169 52 Barn.

203 2997 281 53 William:
557 3000 24 50 I
621 3000 142 51 have
799 3001 252 64 brought
1087 3020 114 45 you
1238 3005 135 53 here
1411 3014 61 43 to
1510 3008 230 50 murder
1774 3025 132 40 you.

204 3061 210 55 Maria:
485 3063 112 63 Oh,
630 3065 283 53 William!

203 3126 281 53 William:
566 3130 131 50 You
741 3147 96 35 are
885 3132 55 50 in
987 3150 33 34 a
1065 3132 268 52 different
1379 3135 177 52 social
1604 3136 167 52 scale.
1855 3137 26 51 I
1929 3147 214 45 cannot

132 3206 194 48 marry
357 3210 130 44 you.
555 3194 113 51 But
700 3212 149 34 none
882 3197 116 51 else
1034 3199 146 50 shall
1211 3216 234 46 possess
1478 3218 132 44 you.
1676 3203 319 54 Therefore
2027 3221 116 46 you

133 3254 316 53 dieAha!

1562 3331 235 50 Edward
1822 3335 192 48 Storer.

134 3442 286 84 Clara
465 3442 221 86 Tice
720 3475 104 53 as
867 3443 36 86 I
951 3444 177 85 See
1186 3446 195 86 Her

136 3561 298 89 CLARA
470 3565 188 53 TICE
696 3565 47 52 is
780 3583 31 35 a
848 3566 146 54 little
1032 3568 126 62 girl.

274 3634 168 53 Clara
471 3635 137 52 Tice
641 3636 47 51 is
719 3653 71 35 an
821 3636 182 54 artist.
1072 3639 124 52 Her
1227 3640 288 65 drawings
1547 3658 96 35 are
1676 3643 97 52 the
1806 3644 339 62 expression

134 3697 65 54 of
235 3716 33 35 a
306 3700 145 51 little
489 3701 157 60 girl's
684 3702 342 63 conception
1064 3704 64 50 of
1164 3704 112 52 line
1314 3706 112 51 and
1464 3706 178 62 color,
1679 3706 64 53 of
1778 3724 34 34 a
1850 3707 146 55 little
2033 3707 112 64 girl

134 3763 132 54 who
301 3765 47 50 is
382 3782 70 35 an
489 3766 181 52 artist.

206 3828 57 52 It
305 3828 48 52 is
395 3829 98 52 the
537 3829 326 64 refreshing
905 3831 225 53 naivete
1173 3831 57 53 in
1274 3833 102 52 her
1420 3834 259 64 naughty
1722 3836 251 63 pictures
2019 3837 127 55 that
