2260 4346
114 287 122 64 606

734 288 337 58 RRUN-O'S
1163 287 350 54 WEEKLY

313 424 298 87 £LARA
641 424 189 55 TICE
863 426 252 62 pictures
1149 423 250 62 through
1435 422 96 53 the

451 496 190 53 colors
686 497 113 51 and
842 503 360 45 movements
1246 494 63 54 of
1351 494 103 52 her

312 560 290 61 drawings
637 559 93 52 the
764 559 191 52 follies
988 559 112 52 and
1133 558 226 63 foolery
1389 557 64 53 of
1484 555 75 54 all
1590 554 65 55 of
1685 569 82 38 us.

315 624 129 53 One
480 633 330 44 movement
849 623 261 64 (quicker
1144 624 137 52 than
1315 640 33 35 a
1384 621 171 63 flash)

316 705 105 36 can
463 697 238 55 portray
744 689 95 53 the
884 687 458 54 characteristics
1385 686 63 53 of
1488 701 73 37 an

315 770 123 44 age.

316 817 260 52 Delicate
618 818 102 51 but
758 816 291 63 vigorous.
1126 814 268 56 Graceful
1435 814 101 52 but

316 891 221 53 strong.
617 883 155 51 Lean
814 883 113 51 and
970 880 127 64 lazy
1139 882 102 52 but
1282 880 113 52 lots
1436 878 65 53 of

315 945 181 52 latent
533 962 211 47 power.

317 1010 155 61 Cats,
513 1026 241 45 women,
796 1009 244 61 flowers,
1079 1007 215 64 jewels,
1333 1006 242 53 delicate

315 1076 208 49 shades
560 1075 63 50 of
659 1075 207 59 colors,
904 1082 204 52 strong
1145 1081 244 46 streams
1426 1071 63 53 of

317 1139 162 61 light,
514 1139 166 53 black
716 1141 212 58 brutes,
964 1138 172 52 white
1174 1137 208 63 giants,
1418 1134 141 63 girls

315 1204 137 51 with
487 1204 116 61 red,
636 1204 111 51 and
781 1203 228 63 golden,
1044 1203 111 52 and
1191 1202 168 52 black
1390 1200 139 60 hair,

312 1284 253 45 prayers,
598 1277 170 50 tears,
805 1266 279 63 laughter,
1119 1266 179 51 dance
1380 1307 5 19 ;

320 1334 302 61 Harmony
661 1332 113 51 and
811 1348 173 45 peace
1025 1332 177 51 hover
1241 1340 138 42 over

316 1397 364 62 everything!
740 1393 314 56 Soundless
1096 1404 166 43 tunes
1301 1393 64 54 of
1403 1410 71 36 an

316 1462 283 61 unplayed
645 1470 203 43 sonata
891 1459 63 54 of
999 1461 276 51 Mozart's
1319 1457 245 53 diffused

316 1526 251 60 through
611 1526 95 52 the
750 1524 98 52 air.

313 1589 129 52 Our
486 1590 194 51 Lives!
863 1616 13 5 -
900 1602 19 23 v

1170 1651 186 53 Guido
1398 1651 194 52 Bruno

126 1783 256 88 Fake
425 1783 276 87 News
745 1781 279 88 From
1068 1781 370 88 Mexico

142 1910 56 50 /V
222 1910 371 52 MERICAN
619 1907 342 64 journalism
991 1907 247 62 signally
1268 1905 301 54 discredits
1599 1903 157 54 Itself
1785 1903 56 52 in
1873 1902 74 55 its
1976 1917 158 38 news

260 1987 311 45 treatment
603 1979 62 51 of
697 1979 95 51 the
825 1996 163 44 army
1018 1977 330 63 expedition
1384 1976 121 53 into
1541 1976 230 52 Mexico
1804 1983 62 43 to
1898 1982 236 55 capture

127 2044 111 52 and
280 2043 206 65 punish
530 2043 153 53 Villa
725 2043 112 53 and
880 2043 87 52 his
1008 2042 262 52 banditti.
1347 2042 111 52 We
1499 2042 172 51 know
1714 2039 125 52 that
1880 2039 162 52 there
2086 2037 47 53 is

124 2109 325 62 absolutely
483 2126 77 34 no
594 2106 293 54 authentic
920 2124 158 35 news
1111 2106 63 53 of
1207 2106 96 51 the
1339 2104 435 65 expeditionary
1811 2119 186 48 corps,
2033 2103 104 50 but

124 2190 173 46 every
330 2174 110 62 day
471 2190 86 35 we
589 2189 95 36 are
718 2173 223 52 treated
975 2180 61 45 to
1068 2171 180 65 bro.ad
1282 2170 237 63 spreads
1553 2169 137 52 with
1726 2167 205 63 flaring
1963 2166 139 57 head-

127 2237 143 52 lines
311 2237 345 64 purporting
693 2245 61 44 to
793 2236 101 52 tell
934 2251 68 37 us
1040 2236 190 52 where
1270 2235 153 52 Villa
1464 2235 46 51 is
1549 2233 216 61 hiding,
1804 2233 132 51 how
1976 2232 70 51 he
2086 2230 48 53 is

124 2301 174 63 being
340 2300 357 53 surrounded
739 2301 113 52 and
895 2301 132 52 how
1068 2300 96 52 the
1207 2300 196 50 march
1446 2313 356 49 progresses.
1879 2296 97 52 All
2019 2294 114 54 this

417 2366 49 52 is
532 2366 185 52 faked.
817 2364 78 52 So
961 2381 95 35 are
1124 2364 96 52 the
1285 2363 208 52 stories
1558 2362 62 52 of
1685 2360 321 54 defections
2072 2358 64 53 of

127 2430 364 54 Carranzitas
522 2438 61 44 to
613 2430 95 52 the
739 2428 153 54 Villa
922 2428 207 61 forces,
1159 2428 111 52 and
1301 2428 96 52 the
1428 2427 145 52 tales
1602 2425 64 54 of
1695 2424 441 62 concentrating

125 2495 251 53 German
410 2512 67 35 or
511 2510 143 36 even
687 2495 284 62 Japanese
1007 2494 224 52 officers
1267 2500 60 45 at
1360 2491 235 52 various
1625 2490 195 64 points
1858 2498 59 44 to
1954 2489 183 52 direct

123 2578 33 35 a
195 2560 234 62 general
469 2560 196 52 attack
702 2576 154 46 upon
897 2560 97 51 the
1036 2557 305 52 American
1384 2556 207 53 forces.
1670 2557 147 50 Pure
1860 2554 242 62 imagina-

125 2625 122 53 tion
299 2625 47 52 is
396 2625 96 50 the
543 2623 137 64 only
730 2632 239 43 content
1017 2622 63 52 of
1129 2622 270 62 startling
1447 2627 492 46 announcements
1990 2618 63 52 of
2100 2635 34 38 a

124 2688 235 62 general
409 2688 265 62 Mexican
722 2687 261 63 uprising
1028 2687 55 51 in
1131 2694 241 54 support
1418 2684 62 54 of
1526 2684 169 54 Villa.
1774 2684 126 51 The
1945 2683 188 52 whole

128 2753 265 53 Mexican
444 2753 253 52 incident
745 2753 47 51 is
842 2752 287 62 imagined
1176 2752 111 50 and
1334 2749 285 53 distorted
1667 2749 122 52 into
1836 2767 33 34 a
1917 2748 217 62 danger

124 2818 188 52 which
359 2818 44 52 it
448 2825 213 45 cannot
707 2816 259 64 possibly
1013 2816 85 51 be.
1179 2815 190 51 There
1417 2814 47 52 is
1511 2830 75 36 no
1634 2813 145 53 need
1826 2820 61 45 to
1934 2809 122 56 fear
2101 2828 33 37 a

127 2882 296 63 slaughter
459 2882 63 51 of
558 2899 106 34 our
703 2881 207 52 forces.
985 2881 67 50 In
1092 2879 75 52 all
1207 2879 230 52 Mexico
1477 2879 160 50 there
1677 2877 46 52 is
1762 2885 104 44 not
1903 2876 231 62 enough

124 2946 379 53 ammunition
562 2945 93 53 for
712 2962 111 36 one
881 2945 291 52 fair-sized
1233 2943 195 52 battle.
1522 2943 124 51 The
1705 2959 118 34 war
1882 2941 252 63 supplies

124 3012 126 51 that
284 3027 149 36 were
468 3018 131 45 sent
633 3009 153 53 from
821 3009 116 53 this
972 3017 247 53 country
1251 3025 96 35 are
1384 3006 260 63 stopped.
1717 3007 167 52 None
1921 3022 106 36 can
2065 3006 69 52 be

124 3077 283 62 procured
447 3075 152 53 from
642 3075 230 61 Europe
913 3091 66 34 or
1017 3074 201 61 Japan.
1291 3072 189 58 There
1522 3072 47 50 is
1610 3087 75 35 no
1726 3069 408 53 authoritative

127 3140 373 52 information
543 3139 234 61 coming
817 3147 102 43 out
961 3138 63 52 of
1069 3138 229 52 Mexico
1342 3144 61 48 to
1445 3135 204 62 justify
1693 3135 97 51 the
1833 3152 160 35 scare
2038 3134 96 53 the

123 3222 368 47 newspapers
536 3222 95 34 are
678 3202 194 64 trying
917 3211 60 44 to
1024 3210 205 45 create.
1312 3201 303 52 President
1659 3200 229 53 Wilson
1935 3199 199 63 wisely

125 3285 190 36 warns
351 3286 66 35 us
453 3270 124 51 that
613 3269 169 50 much
819 3267 63 54 of
918 3266 114 52 this
1069 3283 159 35 scare
1265 3266 139 51 stuff
1440 3265 110 52 had
1587 3265 74 51 its
1696 3263 187 64 origin
1921 3279 216 47 among

122 3350 245 47 persons
402 3333 131 56 who
569 3333 143 51 have
748 3349 71 35 an
857 3332 240 51 interest
1130 3331 56 51 in
1223 3329 233 63 making
1492 3329 96 53 the
1625 3329 222 63 pursuit
1882 3327 65 55 of
1981 3328 155 54 Villa

122 3399 241 61 develop
393 3399 121 51 into
543 3416 32 33 a
603 3397 234 62 general
866 3396 526 60 intervention,and
1422 3394 342 61 occupation
1790 3393 66 53 of
1887 3393 246 53 Mexico.

123 3463 126 52 The
287 3464 170 51 chase
496 3462 147 52 after
680 3462 154 53 Villa
872 3478 133 45 may
1041 3460 72 51 be
1150 3459 140 62 long
1325 3459 112 52 and
1477 3458 252 54 difficult,
1769 3458 101 52 but.
1908 3458 44 52 it
1988 3458 149 52 need

122 3535 105 45 not
262 3528 238 52 become
538 3544 33 34 a
608 3543 117 35 war
764 3525 62 52 of
864 3523 277 57 invasion.
1215 3524 286 52 Discount
1539 3523 226 63 heavily
1804 3524 96 52 the
1941 3540 163 36 sensa-

123 3591 180 53 tional
339 3608 336 47 newspaper
710 3590 327 63 dispatches
1074 3589 288 63 supposed
1399 3596 60 45 to
1496 3605 163 36 come
1696 3587 151 54 from
1888 3587 245 54 Mexico.

120 3657 167 62 They
321 3674 96 34 are
452 3655 280 63 probably
768 3653 316 54 concocted
1121 3653 57 54 in
1211 3653 172 52 order
1418 3661 61 43 to
1515 3653 164 52 work
1712 3669 73 45 up
1823 3652 313 53 sentiment

122 3721 92 53 for
246 3722 244 52 another
522 3721 137 53 such
693 3728 241 55 outrage
969 3736 62 34 as
1066 3718 96 52 the
1196 3735 118 35 war
1346 3717 228 62 against
1606 3717 97 53 old
1737 3718 178 52 Santa
1948 3726 185 45 Anna.

632 3785 238 51 William
910 3783 217 52 Marion
1169 3783 176 62 Reedy
1388 3783 52 51 in
1484 3783 79 51 his
1604 3785 72 49 St.
1718 3783 155 54 Louis
1913 3783 223 53 Mirror.
