3528 4376
1736 180 107 52 292

244 337 141 48 daher
425 333 81 48 wir
548 347 82 33 uns
669 330 121 47 nicht
828 327 236 58 wundern,
1106 327 100 48 dass
1247 327 61 47 sie
1352 327 190 48 manche
1572 325 183 63 Gegner

246 414 92 54 hat,
381 409 143 48 denen
567 408 63 47 sie
673 408 68 47 ein
783 408 173 61 Zwang
999 404 234 48 erscheint.
1289 403 128 48 Aber
1448 403 147 47 Inhalt
1637 400 117 47 ohne

244 489 135 46 Form
413 484 156 48 würde
612 484 68 47 ein
725 484 140 46 leeres
889 480 292 50 Phantasiren
1211 479 111 56 sein,
1355 479 89 47 und
1470 480 136 46 Form
1637 475 118 48 ohne

242 564 146 47 Inhalt
432 563 133 47 kaum
606 560 221 56 denkbar,
868 558 243 65 gleichsam
1152 558 68 47 ein
1253 558 141 47 leeres
1425 556 209 54 Schema,
1676 553 79 47 das

244 640 78 49 der
350 638 282 63 Ausfüllung

358 715 131 50 Auch
528 732 81 30 aus
637 714 101 47 dem
771 711 175 49 Werke
989 727 81 30 von
1112 710 172 64 Arrey
1327 725 98 31 von
1468 709 287 46 Dommer:

254 793 329 56 „Elemente
623 789 93 47 der
757 788 200 55 Musik,
1001 786 254 65 Leipzig,
1564 783 192 45 welches

242 870 84 47 wir
349 869 155 47 weiter
527 874 134 39 unten
687 864 334 48 ausführlicher
1044 863 278 64 besprechen
1347 860 202 56 werden,
1577 859 153 47 schlies-

241 962 76 31 sen
350 946 80 45 wir
462 944 94 47 hier
584 943 143 63 gleich
760 958 74 39 an,
877 957 92 31 was
1012 939 79 48 der
1139 939 230 47 Verfasser
1412 937 42 47 in
1498 935 258 63 Beziehung

241 1021 80 50 auf
346 1038 135 32 unser
509 1020 177 48 Thema
712 1026 113 58 sagt.
862 1016 232 51 Nachdem
1128 1034 48 30 er
1204 1015 85 48 den
1323 1014 159 49 Grund
1511 1012 76 49 des
1616 1012 115 47 Strei-

239 1108 66 39 tes
334 1115 75 32 um
443 1097 123 49 Geist
597 1096 90 48 und
717 1097 137 46 Form
895 1094 229 48 einerseits
1161 1094 41 45 in
1233 1091 81 48 der
1356 1089 401 50 Unsicherheit

242 1176 89 48 bei
385 1174 389 62 Bestimmung
818 1170 105 48 und
966 1172 371 63 Begränzung
1379 1167 93 47 des
1515 1166 241 52 Inhalts,

241 1251 299 50 andererseits
580 1251 43 46 in
667 1249 78 47 der
787 1247 358 65 Flüssigkeit
1188 1246 93 47 des
1324 1244 432 48 Tonmaterials

241 1329 155 56 findet,
420 1326 163 65 jedoch
614 1325 127 48 einen
772 1325 192 62 völligen
995 1324 247 49 Abschluss
1272 1321 80 47 der
1383 1322 148 45 Kunst
1558 1321 198 61 läugnet,

239 1405 148 49 indem
429 1404 98 57 „die
550 1405 217 54 Formen,
791 1410 131 41 unter
945 1402 144 47 denen
1112 1401 82 46 wir
1221 1400 70 47 die
1324 1398 148 47 Ideale
1497 1397 257 48 anschauen

241 1481 89 48 und
360 1482 97 46 ihre
480 1481 307 62 Vermittlung
810 1480 80 47 mit
912 1477 80 50 der
1014 1476 324 48 Wirklichkeit
1365 1492 51 30 zu
1446 1473 309 64 ermöglichen

239 1558 220 56 trachten,
489 1558 90 47 sich
604 1557 117 64 ewig
744 1572 84 32 neu
854 1557 237 64 gestalten,
1122 1553 88 49 und
1235 1553 70 47 die
1332 1555 145 44 Kunst
1505 1558 106 41 stets
1642 1551 112 47 nach

239 1652 146 32 neuen
424 1635 173 47 Mitteln
637 1633 155 55 suche,
833 1633 98 46 ihre
961 1631 233 65 Aufgabe,
1235 1630 187 64 Subject
1453 1628 89 47 und
1573 1627 181 65 Object,

240 1715 181 45 Inneres
452 1711 88 48 und
574 1712 260 54 Aeusseres,
877 1711 149 47 Inhalt
1063 1708 90 49 und
1183 1710 139 45 Form
1368 1707 41 46 in
1444 1706 221 63 Einklang
1703 1721 51 31 zu

240 1790 208 63 bringen,
476 1806 53 31 zu
559 1788 194 47 erfüllen
764 1795 6 16 I',
770 1783 3 70 1
773 1797 37 46 ',
842 1787 123 48 fährt
994 1804 47 30 er
1072 1785 63 66 (S.
1172 1783 123 65 173)
1324 1801 47 31 so
1403 1783 108 49 fort:

367 1867 113 56 „Die
496 1866 238 63 Ablösung
758 1881 81 32 von
866 1865 79 47 der
962 1863 246 56 Autorität,
1225 1862 172 47 welche
1418 1859 230 49 einerseits
1671 1859 56 47 Be-

240 1945 204 63 dingung
473 1945 120 47 eines
616 1942 134 66 jeden
782 1943 320 47 Fortschrittes
1138 1942 70 53 ist,
1252 1941 117 47 kann
1402 1938 110 48 aber
1542 1937 188 49 anderer-

237 2022 120 55 seits,
387 2037 132 32 wenn
550 2021 179 48 wahrer
757 2020 214 48 sittlicher
1002 2020 162 48 Gehalt
1197 2017 89 48 und
1318 2017 141 48 Genie
1497 2016 165 56 fehlen,
1704 2031 52 30 zu

239 2107 154 40 natur-
426 2097 88 48 und
547 2096 354 64 kunstwidrigen
927 2097 311 62 Verirrungen
1265 2094 181 47 führen.
1475 2093 83 47 Mit
1582 2093 148 47 Voran-

239 2173 260 48 stehendem
533 2176 53 45 ist
614 2173 141 48 daher
786 2172 455 63 Ausschweifungen,
1284 2171 171 48 welche
1487 2171 75 45 für
1594 2169 138 47 Genia-

240 2252 94 47 lität
355 2252 149 63 gelten
529 2251 226 54 möchten,
780 2249 90 49 und
893 2251 80 47 der
994 2248 314 64 Unfähigkeit,
1332 2247 170 47 welche
1526 2262 80 31 aus
1630 2247 96 46 Man-

240 2329 70 64 gel
353 2345 54 31 an
435 2328 151 57 Kraft,
626 2328 80 48 der
735 2328 344 64 Anerkennung
1110 2327 194 47 werthes
1345 2326 42 47 in
1432 2324 329 47 kunstschöner

241 2407 135 46 Form
402 2406 397 55 herauszustellen,
827 2404 69 49 die
921 2403 341 64 Kunstbegriffe
1284 2402 223 56 verwirrt,
1534 2418 51 29 zu
1618 2401 118 46 refor-

240 2482 141 48 miren
405 2482 264 66 prätendirt,
692 2481 150 48 indem
872 2483 62 47 sie
966 2482 239 48 höchstens
1229 2478 305 50 revolutionär
1557 2478 203 47 verfährt

239 2559 90 49 und
362 2567 306 41 umzustossen
698 2561 226 57 versucht,
954 2561 116 47 ohne
1101 2558 236 48 aulbauen
1366 2574 51 30 zu
1451 2557 196 53 können,
1680 2555 79 47 mit

241 2638 156 47 vollem
443 2637 168 47 Munde
660 2653 81 31 von
786 2638 217 53 Freiheit,
1051 2638 280 61 Zerstörung
1379 2633 80 47 der
1509 2632 248 48 fesselnden

241 2715 140 46 Form
414 2713 89 48 und
532 2713 286 65 dergleichen
848 2714 193 66 predigt,
1084 2713 132 48 dabei
1256 2712 110 48 aber
1395 2710 82 47 der
1506 2710 225 49 Selbsttäu-

236 2792 175 64 schung
433 2792 192 56 verfällt,
647 2792 291 63 zügelloseste
964 2790 202 50 Willkür
1196 2790 62 47 als
1282 2789 200 48 Freiheit
1505 2788 252 48 anzusehen

241 2895 60 7 —■
326 2869 116 47 allen
472 2868 184 48 solchen
686 2869 377 65 Erscheinungen
1093 2869 55 46 ist
1176 2865 435 51 selbstverständlich
1643 2864 114 48 eben

235 2963 47 31 so
312 2945 149 65 wenig
491 2945 78 49 das
602 2947 141 48 Wort
771 2945 203 65 geredet,
1004 2947 85 47 wie
1120 2945 100 49 dem
1255 2944 280 56 Handwerk,
1567 2943 193 48 welches

235 3041 89 30 nur
366 3039 78 32 aus
487 3024 390 65 Bequemlichkeit
921 3042 69 30 am
1039 3023 356 49 Ueberlieferten
1441 3022 156 54 haftet,
1641 3020 118 49 ohne

235 3099 161 50 dessen
418 3100 185 49 wahren
618 3102 170 49 Werth
823 3102 197 48 erkannt
1048 3118 52 31 zu
1133 3100 167 56 haben,
1332 3098 88 48 und
1453 3099 130 48 allein
1614 3096 143 49 durch

236 3178 337 65 Nachahmung
602 3179 92 47 sein
725 3179 166 48 Dasein
926 3180 153 46 fristet.

362 3255 158 56 „Eben
546 3255 105 65 jene
680 3256 155 47 vorhin
874 3258 231 47 erwähnte
1138 3254 271 63 Flüssigkeit
1451 3253 78 48 des
1558 3254 168 47 Tonma-

236 3331 151 50 terials
414 3331 90 49 und
528 3333 71 47 die
623 3333 369 49 Undeutlichkeit
1017 3333 80 48 der
1121 3331 339 49 musicalischen
1486 3329 243 53 Kunst-Ob-

233 3411 116 64 jecte
373 3410 179 48 können
578 3410 83 48 den
688 3411 307 47 Tonkünstler
1020 3411 132 47 leicht
1175 3410 81 48 auf
1279 3409 106 48 zwei
1417 3408 219 49 einander
1665 3415 71 41 ent-

239 3494 345 58 gegengesetzte
614 3489 206 65 Abwege
866 3489 179 47 führen.
1102 3489 62 46 Er
1202 3488 117 47 kann
1357 3486 230 49 einerseits
1616 3484 144 48 durch

239 3564 332 66 Ueberwiegen
602 3565 76 48 des
708 3566 196 49 Inhaltes
933 3565 73 48 die
1028 3566 186 47 Gesetze
1243 3565 79 46 der
1345 3563 418 54 Anschaulichkeit,

240 3643 76 48 des
339 3643 197 49 schönen
561 3643 349 58 Ebenmaasses,
940 3644 81 47 der
1046 3644 154 48 klaren
1225 3641 89 49 und
1340 3641 212 64 flüssigen
1577 3640 155 48 Abrun-

242 3720 122 65 dung
390 3721 243 47 verletzen:
665 3721 76 49 das
767 3721 228 49 Tonstück
1030 3720 119 48 kann
1182 3719 70 48 bei
1284 3720 174 47 reicher
1481 3719 129 48 Fülle
1633 3719 105 48 schö-

244 3815 80 31 ner
362 3799 249 47 Gedanken
650 3799 179 54 unklar,
868 3815 279 38 verworren,
1190 3796 128 65 eckig
1362 3796 88 48 und
1496 3796 269 56 überladen,

246 3875 154 48 mithin
430 3875 80 48 der
541 3878 137 47 Form
711 3878 113 47 nach
856 3878 200 47 unschön
1088 3875 201 48 werden.
1319 3874 127 49 Oder
1469 3891 48 32 er
1542 3875 118 47 kann
1686 3875 79 47 mit

247 3952 353 65 Hintansetzung
631 3954 80 48 der
738 3954 205 48 Idealität
970 3954 102 48 dem
1097 3952 329 50 Formalismus
1455 3952 130 47 allein
1618 3951 121 48 huldi-

247 4046 112 47 gen:
388 4029 78 48 das
486 4031 226 48 Tonstück
745 4031 112 48 wird
889 4031 214 65 richtiger
1131 4029 286 50 technischer
1441 4029 323 66 Ausführung,

249 4107 252 65 angenehm
547 4109 211 48 formaler
787 4110 292 64 Abrundung
1121 4109 89 48 und
1248 4107 252 50 deutlicher
1525 4107 209 50 Anschau-

1827 320 182 49 lichkcit
2038 318 273 64 ungeachtet
2340 315 357 66 unerquicklich,
2726 315 150 48 indem
2906 316 146 49 Leere
3082 316 90 49 und
3195 315 124 50 Nüch-

1827 396 198 47 ternheit
2047 413 55 30 an
2123 394 137 48 Stelle
2284 393 351 64 eindringlicher
2660 393 301 48 Gefühlstiefe
2986 393 90 48 und
3104 393 249 48 Wahrheit

1830 489 81 31 uns
1952 473 195 63 geboten
2179 470 201 56 werden,
2423 469 91 48 und
2558 469 325 48 unerhebliche
2927 469 249 48 Gedanken
3220 469 131 48 einen

1829 548 228 49 Aufwand
2094 564 83 31 von
2210 545 491 64 Darstellungsmitteln
2748 545 363 65 beanspruchen,
3154 545 199 48 welcher

1830 644 85 29 nur
1944 625 100 48 dem
2074 625 214 47 Höheren
2316 624 247 47 zukommt.
2592 623 150 46 Inhalt
2771 623 91 46 und
2892 624 138 47 Form
3062 623 166 46 strafen
3259 623 91 46 sich

1829 703 186 48 alsdann
2047 703 174 62 Lügen.
2272 700 85 47 Die
2386 699 239 48 Tonkunst
2654 699 202 64 verlangt
2888 697 110 50 aber
3029 699 84 47 wie
3137 699 105 63 jede
3273 697 80 49 der

1829 777 199 50 anderen
2060 779 174 45 Künste
2264 775 358 65 Gleichgewicht
2663 775 221 48 zwischen
2928 775 179 56 beiden,
3151 776 203 46 verneint

1829 873 99 30 vom
1978 854 317 66 Standpunkte
2343 852 81 49 der
2472 852 296 49 Fasslichkeit
2817 852 90 49 und
2958 852 249 49 Schönheit
3253 852 100 49 eine

1829 931 270 50 Ueberfülle
2142 948 56 30 an
2236 930 149 48 Inhalt
2427 929 114 48 eben
2583 929 174 48 sowohl
2799 930 84 47 wie
2927 929 70 48 ein
3039 929 169 48 blosses
3238 929 85 47 Ver-

1830 1009 292 63 standesspiel
2156 1007 79 47 mit
2263 1006 81 48 der
2373 1007 152 47 leeren
2555 1006 154 47 Form.

1957 1085 334 62 „Wenngleich
2320 1100 103 32 man
2447 1090 159 57 gesagt
2635 1082 93 57 hat,
2758 1081 71 48 die
2860 1082 147 49 Musik
3039 1082 60 47 sei
3132 1081 222 65 diejenige

1830 1164 165 54 Kunst,
2027 1162 169 47 welche
2227 1177 71 32 am
2331 1169 148 39 ersten
2509 1160 87 48 den
2625 1160 150 48 Inhalt
2800 1158 116 50 über
2939 1160 71 47 die
3034 1161 141 47 Form
3196 1160 158 47 stellen

1831 1240 164 54 könne,
2024 1255 48 30 so
2104 1238 78 47 hat
2203 1237 93 47 dies
2319 1254 85 30 nur
2427 1237 43 46 in
2493 1251 49 32 so
2568 1236 94 47 fern
2688 1236 291 65 Richtigkeit,
3010 1237 63 47 als
3093 1236 98 48 eine
3215 1237 138 47 Form

1830 1331 82 33 von
1938 1316 255 48 messbarer
2217 1313 93 50 und
2334 1313 241 65 wägbarer
2599 1313 305 64 Genauigkeit
2932 1315 221 47 darunter
3181 1331 52 31 zu
3257 1330 74 32 ver-

1827 1393 156 47 stehen
2023 1393 67 46 ist.
2149 1392 95 47 Aus
2274 1391 131 65 jener
2434 1388 275 65 Forderung
2738 1388 76 49 des
2846 1390 378 64 Gleichgewichts
3251 1390 78 47 zwi-

1829 1471 134 46 schen
1997 1468 102 49 Idee
2130 1468 90 49 und
2251 1467 317 64 Erscheinung
2610 1466 149 65 ergibt
2799 1467 91 47 sich
2935 1484 84 30 von
3058 1466 155 56 selbst,
3255 1466 101 48 dass

1830 1547 79 48 der
1937 1547 143 48 ideale
2109 1547 150 48 Inhalt
2287 1546 121 48 eines
2437 1545 281 48 Tonwerkes
2748 1543 102 66 (von
2874 1543 86 49 den
2986 1545 143 47 durch
3154 1545 70 47 die
3250 1546 78 47 Mit-

1829 1626 57 47 tel
1916 1623 261 66 gesteckten
2204 1625 202 47 Gränzen
2439 1623 97 47 hier
2566 1639 112 48 ganz
2702 1621 280 66 abgesehen)
3015 1622 120 47 nicht
3163 1622 44 47 in
3238 1622 117 48 allen

1829 1703 153 47 seinen
2005 1701 307 48 Einzelheiten
2343 1699 208 67 gegeben
2577 1699 182 49 werden
2792 1699 136 58 kann,
2960 1699 98 47 weil
3092 1699 150 47 hierzu
3275 1698 51 48 be-

1830 1778 228 66 griffliche
2076 1777 308 49 Deutlichkeit
2406 1776 295 49 erforderlich
2726 1779 139 53 wäre,
2889 1776 90 48 und
3003 1776 57 48 da
3083 1776 99 48 eine
3205 1776 151 47 solche

1829 1856 102 48 dem
1964 1856 176 49 Wesen
2170 1856 81 47 der
2281 1854 147 49 Musik
2460 1854 94 47 fern
2587 1854 123 64 liegt,
2740 1853 70 47 ein
2836 1853 255 57 Bemühen,
3121 1853 61 47 sie
3205 1871 51 29 zu
3283 1870 47 30 er-

1830 1936 181 63 langen,
2034 1950 88 33 nur
2144 1934 227 55 Unnatur,
2392 1932 348 48 Zerfahrenheit
2763 1931 82 48 der
2871 1933 153 55 Form,
3057 1932 269 47 Gewaltsam-

1831 2012 92 48 keit
1952 2011 77 48 des
2058 2011 266 48 Ausdrucks
2353 2009 114 49 nach
2497 2009 91 49 sich
2620 2009 156 49 ziehen
2817 2008 91 48 und
2940 2009 70 47 die
3040 2026 56 30 an
3126 2008 91 47 sich
3248 2009 84 46 viel-

1831 2088 135 48 leicht
1992 2088 168 48 schöne
2189 2087 106 48 Idee
2321 2087 79 47 mit
2429 2087 125 47 einer
2597 2086 335 55 umfasslichen,
2978 2086 262 48 unschönen
3270 2086 57 47 Er-

1830 2166 251 63 scheinung
2109 2166 42 47 in
2187 2163 334 66 Widerspruch
2554 2163 189 66 bringen
2776 2162 173 49 würde.

1959 2243 183 56 „Indem
2175 2242 70 48 die
2273 2242 150 47 Musik
2455 2242 56 47 im
2537 2242 245 47 Einzelnen
2813 2240 122 47 nicht
2964 2257 166 47 genau,
3161 2239 195 48 sondern

1832 2337 88 32 nur
1948 2319 58 48 im
2039 2320 197 47 Grossen
2268 2317 90 49 und
2390 2319 182 48 Ganzen
2605 2317 148 66 (wenn
2784 2318 116 47 auch
2931 2317 142 48 durch
3107 2317 225 48 Einzelhei-

1831 2406 74 39 ten
1935 2397 59 47 im
2024 2394 370 66 Nacheinander)
2423 2395 70 47 ihr
2523 2394 167 65 Object
2718 2394 302 53 versinnlicht,
3052 2393 111 48 wird
3194 2394 70 47 ein
3297 2393 39 47 fe-

1830 2483 89 39 stes
1939 2474 425 48 Zusammenfassen
2391 2473 80 48 der
2494 2473 231 47 Momente
2753 2489 51 30 zu
2837 2472 145 48 einem
3010 2472 345 63 geschlossenen

1832 2553 182 47 Ganzen
2058 2569 74 30 um
2171 2568 49 32 so
2251 2549 364 65 nothwendiger,
2660 2550 98 47 weil
2791 2548 79 48 das
2899 2549 214 48 Einzelne
3144 2549 98 47 hier
3271 2566 88 30 nur

1831 2647 80 32 aus
1943 2629 100 48 dem
2077 2630 181 47 Ganzen
2292 2628 219 65 begriffen
2544 2628 182 47 werden
2759 2627 134 48 kann.

1958 2708 123 53 „Das
2110 2705 229 49 Tonwerk
2372 2704 133 48 wirkt
2546 2704 222 48 demnach
2813 2704 114 47 eben
2965 2719 48 33 so
3045 2703 141 47 durch
3217 2704 141 46 Form

1831 2785 85 47 wie
1945 2784 141 48 durch
2121 2784 162 57 Inhalt,
2315 2801 130 30 wenn
2478 2799 102 32 man
2624 2783 130 48 beide
2794 2790 211 58 getrennt
3046 2780 178 48 denken
3256 2782 103 46 will.

1832 2863 84 47 Die
1948 2862 108 47 feste
2088 2860 280 65 Gliederung
2398 2862 121 47 einer
2551 2860 206 47 concisen
2789 2860 138 47 Form
2959 2859 167 47 sichert
3154 2856 72 50 die
3257 2858 68 47 Mu-

1830 2940 63 47 sik
1944 2957 79 32 vor
2072 2939 286 57 Unklarheit,
2411 2938 519 56 Verschwommenheit,
2988 2936 370 49 unbestimmtem

1831 3018 113 47 Hin-
1990 3016 90 49 und
2113 3015 342 50 Herschweben
2495 3015 90 48 und
2618 3014 308 57 Schwanken,
2969 3014 149 47 fesselt
3146 3013 71 48 die
3247 3013 85 48 Auf-

1832 3095 325 48 merksamkeit
2179 3094 76 48 des
2282 3096 174 47 Hörers
2479 3094 142 47 durch
2649 3093 375 64 wohlgeordnete
3052 3090 309 66 rhythmische

1832 3171 314 65 Gruppirung,
2198 3171 180 49 reichen
2411 3171 218 49 Wechsel
2681 3187 81 30 von
2809 3169 130 48 Licht
2988 3168 93 48 und
3124 3168 235 54 Schalten,

1832 3249 348 48 wohlmotivirte
2199 3249 318 48 harmonische
2536 3248 314 64 Wendungen
2876 3246 89 49 und
2992 3245 369 65 Klang-Effecte,

1835 3328 239 63 befriedigt
2116 3328 85 47 den
2245 3328 125 48 Geist
2411 3326 143 47 durch
2596 3326 214 47 sinnvolle
2848 3324 300 48 thematische
3179 3323 151 48 Durch-

1835 3405 222 64 führung,
2103 3404 329 63 Verflechtung
2461 3404 80 47 der
2570 3403 167 48 Motive
2780 3401 90 49 und
2913 3403 173 47 reiches
3115 3401 217 49 Stimmen-

1832 3481 209 65 gewebe,
2071 3483 172 47 erfreut
2265 3481 84 49 den
2375 3480 370 50 Schönheitssinn
2771 3480 142 47 durch
2941 3479 161 48 frische
3126 3477 91 49 und
3245 3477 95 47 kräf-

1834 3560 90 65 tige
1952 3560 311 56 Sinnlichkeit,
2304 3560 142 47 durch
2481 3560 127 47 Fluss
2638 3559 90 48 und
2761 3564 181 42 äussere
2973 3556 293 64 Abrundung

1836 3637 172 49 welche
2051 3637 123 49 nicht
2216 3645 118 41 etwa
2378 3637 131 49 allein
2555 3637 70 47 die
2671 3636 269 48 Herrschaft
2982 3635 77 47 des
3100 3636 265 47 Tonsetzers

1836 3715 114 47 über
1980 3714 70 48 die
2080 3715 290 47 technischen
2396 3715 141 47 Mittel
2570 3714 76 48 des
2671 3712 269 50 Ausdrucks
2970 3711 90 48 und
3092 3711 80 48 der
3204 3712 128 47 Form-

1837 3791 190 66 bildung
2070 3792 260 54 bekunden,
2373 3791 196 48 sondern
2601 3791 115 48 auch
2751 3791 68 48 ein
2851 3790 175 48 Beweis
3055 3789 99 48 sind
3187 3790 77 46 für
3294 3789 70 47 die

1839 3871 400 65 Folgerichtigkeit
2263 3871 145 47 seines
2431 3870 195 48 Gefühls
2650 3869 89 48 und
2768 3869 207 48 Klarheit
3003 3869 146 48 seines
3180 3867 187 49 inneren

1836 3949 248 48 Schauens.
2140 3950 49 47 In
2232 3947 84 49 den
2362 3947 254 65 häufigsten
2649 3947 154 49 Fällen
2842 3946 99 48 sind
2978 3964 88 30 nur
3096 3945 184 65 Mangel
3312 3960 55 33 an

1836 4026 250 65 tüchtigem
2119 4026 214 56 Können,
2375 4041 49 32 so
2467 4025 85 48 wie
2597 4024 315 66 Unfähigkeit,
2955 4025 131 47 einen
3116 4021 251 51 Gedanken

1835 4121 48 32 so
1914 4104 189 66 allseitig
2131 4123 51 29 zu
2212 4102 340 68 durchdringen
2579 4104 89 48 und
2695 4102 311 57 auszubilden,
3036 4101 102 50 dass
3168 4118 49 31 er
3245 4098 122 50 nicht
