3581 4399
1710 76 107 50 367

208 217 142 48 durch
381 214 264 67 geworden,
685 214 91 49 und
805 215 67 48 ich
903 232 108 47 sage
1042 216 160 63 gewiss
1233 215 122 48 nicht
1383 233 50 30 zu
1465 216 97 57 viel,
1592 233 132 32 wenn

207 295 69 46 ich
308 295 120 46 diese
457 293 96 47 Zeil
585 294 74 45 für
689 293 162 47 immer
880 293 63 47 als
972 293 70 47 die
1075 293 345 64 folgenreichste
1450 294 166 47 meines
1641 296 56 45 Le-

207 371 111 48 bens
348 371 289 47 anerkennen

327 448 96 45 Der
455 445 603 65 Verwaltungs-Ausschuss
1100 444 80 48 der
1209 446 397 64 Mozart-Stiftung
1639 447 87 47 und

206 524 42 47 in
269 522 157 49 dessen
445 525 200 47 Namen:
680 526 77 46 Dr.
785 522 248 52 Ponfick,
1064 522 248 48 Präsident.
1344 524 80 46 Dr.
1451 523 275 58 Eckhard,

204 601 222 48 Secretär.
470 601 248 48 Frankfurt
748 617 38 31 a.
816 601 78 54 M.,
926 599 85 49 30.
1042 598 271 65 September
1348 599 156 49 1861.

207 830 214 64 Zweites
1166 827 97 67 Gesellschasts-Concert
1268 827 9 67 in
1282 827 18 67 Köln
1339 832 67 55 im
1435 827 295 67 Gürzenich.

527 955 208 44 Dinstag
772 952 84 34 den
896 948 57 40 12.
993 950 275 37 November
1298 948 111 40 1861.

281 1063 285 44 Programm.
608 1058 130 35 Erster
773 1056 123 35 Theil.
941 1054 33 39 1.
1005 1055 216 36 Ouvertüre
1265 1068 48 22 zu
1343 1056 105 35 Uriel
1476 1056 144 35 Acosta
1656 1069 74 22 von

204 1121 462 39 Schindelmeisser.
712 1115 22 37 2
778 1117 160 35 Concert
967 1118 60 34 für
1057 1117 67 35 das
1153 1118 219 35 Pianoforte
1414 1119 38 33 in
1484 1118 147 34 Es-dur
1659 1130 72 23 von

204 1184 44 39 C.
280 1185 51 35 M.
371 1194 86 23 von
487 1179 189 42 Weber,
721 1183 251 40 vorgetragen
1014 1189 73 22 von
1129 1178 122 34 Herrn
1293 1177 160 34 Isidor
1497 1178 144 34 Seiss.
1696 1176 35 38 3.

203 1242 192 48 Opferlied
440 1242 61 32 für
543 1239 83 33 eine
654 1237 239 35 Solostimme
922 1237 197 44 (Fräulein
1149 1236 248 47 Lüdecke),
1427 1236 100 36 Chor
1557 1237 75 34 und
1662 1237 46 35 Or-

201 1305 149 35 chester
378 1313 74 23 von
481 1298 298 36 Beethoven.
829 1296 35 36 4.
1406 1296 165 42 Ernst,
1601 1308 110 34 vorge-

201 1369 134 42 tragen
363 1374 74 23 von
466 1361 120 35 Herrn
616 1357 315 36 Concertmeister
957 1356 62 34 Ju
1035 1357 22 35 1.
1087 1356 272 35 Grunwald.
1416 1357 33 35 5.
1493 1356 120 35 Credo
1654 1356 77 34 und

203 1426 134 47 Agnus
365 1422 78 38 Dei
483 1432 68 23 aus
583 1419 64 34 der
684 1418 332 45 Krönungsmesse
1061 1429 71 22 von
1174 1416 290 37 Cherubini.
1571 1415 162 36 Zweiter

205 1486 112 35 Theil
359 1483 172 36 Sinfonie
560 1481 37 34 in
626 1479 133 35 F-dur
762 1506 7 17 ,
801 1479 63 35 Nr.
893 1478 120 43 Vlii.,
1044 1489 71 23 von
1145 1477 231 36 Beethoven.

282 1547 97 35 Herr
406 1543 158 35 Isidor
593 1541 152 44 Seiss,
790 1540 71 33 seit
889 1538 167 34 Kurzem
1086 1538 55 34 als
1171 1538 141 35 Lehrer
1342 1549 62 22 am
1433 1537 171 45 hiesigen
1634 1535 72 36 Con-

204 1606 254 37 servatorium
488 1603 64 34 der
574 1601 127 34 Musik
732 1598 214 46 angestellt,
976 1610 136 34 errang
1143 1599 117 35 durch
1289 1598 70 34 den
1380 1599 165 44 Vortrag
1573 1597 64 34 des
1667 1597 67 35 mit

203 1667 172 37 Unrecht
414 1676 75 24 von
529 1662 71 35 den
642 1662 194 33 Pianisten
878 1660 354 45 vernachlässigten
1260 1658 372 36 JEs-cZwr-Concertes
1661 1669 73 22 von

202 1728 44 38 C.
271 1728 53 35 M.
353 1738 73 24 von
459 1723 134 35 Weber
622 1723 107 33 einen
759 1721 167 34 schönen
955 1719 142 47 Erfolg.
1146 1719 96 35 Eine
1271 1719 86 34 sehr
1385 1718 235 35 bedeutende
1648 1717 66 34 Fer-

201 1788 152 46 tigkeit,
383 1787 59 34 ein
471 1784 206 43 Anschlag,
722 1782 64 34 der
814 1782 60 34 die
903 1782 249 44 Nuancirung
1183 1781 63 34 des
1277 1781 125 34 Tones
1437 1778 230 35 namentlich
1696 1778 37 33 in

203 1848 72 36 den
302 1848 156 43 Stellen,
504 1845 58 34 die
589 1844 107 33 nicht
725 1854 41 23 so
804 1843 87 34 sehr
919 1843 112 33 Kraft
1068 1842 56 35 als
1166 1841 185 35 vielmehr
1379 1840 117 34 Milde
1526 1839 73 35 und
1630 1839 84 33 Zart-

202 1910 79 35 heit
309 1909 65 35 des
403 1905 226 37 Ausdrucks
659 1904 217 45 verlangen,
903 1904 38 33 in
970 1903 66 34 der
1065 1903 148 35 Gewalt
1241 1903 76 44 hat,
1345 1903 58 33 ein
1432 1900 201 36 reinliches
1658 1899 76 34 und

201 1966 354 49 geschmackvolles
582 1963 297 46 Passagenspiel
909 1961 86 36 sind
1016 1963 184 46 Vorzüge,
1230 1963 59 34 die
1318 1961 82 35 dem
1425 1962 148 44 jungen
1592 1960 119 34 Künst-

200 2029 57 36 ler
285 2029 68 34 mit
380 2027 121 35 Recht
527 2037 157 35 grossen
713 2024 138 34 Beifall
880 2023 77 35 und
985 2024 219 34 Hervorruf
1225 2022 205 36 erwarben.

278 2089 100 35 Herr
406 2086 318 37 Concertmeister
753 2083 266 35 Grunwald
1049 2083 130 35 wurde
1201 2084 69 34 mit
1291 2083 142 34 lautem
1451 2081 177 47 Applaus
1652 2091 50 23 em-

200 2148 181 47 pfangen,
426 2148 39 33 in
495 2145 181 35 welchem
717 2144 82 34 sich
845 2143 61 35 die
943 2144 150 34 Freude
1134 2143 65 35 des
1239 2142 224 35 Publicums
1510 2141 221 45 offenbarte,

200 2212 109 34 einen
338 2222 41 24 so
407 2208 233 47 gediegenen
670 2206 185 35 Künstler
882 2205 79 34 und
990 2206 109 34 einen
1129 2205 63 35 der
1210 2204 235 46 Koryphäen
1473 2214 159 24 unseres
1663 2202 46 35 Or-

202 2272 169 35 chesters
400 2269 203 35 wiederum
633 2267 57 35 als
719 2266 117 34 frisch
865 2265 78 35 und
972 2265 143 47 kräftig
1136 2265 208 46 begrüssen
1369 2276 47 23 zu
1435 2264 161 43 können,
1618 2264 92 34 nach-

201 2333 84 35 dem
315 2344 38 22 er
381 2330 120 36 durch
532 2330 108 33 einen
668 2328 179 44 längeren
877 2325 229 36 Aufenthalt
1146 2327 71 33 auf
1254 2325 83 35 dem
1365 2325 129 34 Lande
1530 2325 102 33 seine
1662 2323 48 35 Ge-

200 2392 184 36 sundheit
413 2402 72 24 von
514 2391 142 36 Neuem
684 2387 187 47 gestärkt.
908 2387 87 34 Sein
1023 2385 275 37 vortreffliches
1328 2385 102 47 Spiel
1459 2383 78 36 und
1567 2383 58 34 die
1653 2382 82 36 edle

200 2452 240 45 Auffassung
481 2451 103 34 einer
623 2448 108 34 nicht
771 2446 144 36 überall
957 2446 110 35 edeln
1096 2445 259 48 Composition
1385 2445 113 45 (Herr
1527 2443 207 35 Grunwald

202 2512 129 36 wurde
359 2515 78 32 erst
464 2512 103 43 Tags
597 2507 137 37 vorher
763 2507 169 45 ersucht,
978 2508 38 33 in
1059 2507 83 35 dem
1171 2510 185 35 Concerte
1393 2518 60 22 am
1491 2503 61 37 12.
1583 2505 35 36 d.
1646 2504 88 35 Mts.

201 2575 96 33 statt
324 2573 103 34 einer
454 2570 259 45 auswärtigen
743 2568 197 44 Sängerin,
969 2566 144 36 welche
1141 2566 125 35 krank
1294 2565 213 48 geworden,
1544 2565 169 35 aufzutre-

200 2634 80 46 ten)
308 2631 256 36 verschafften
593 2629 79 35 ihm
701 2628 255 36 stürmischen
985 2627 139 35 Beifall
1150 2626 79 36 und
1258 2626 223 36 Hervorruf.

275 2694 80 34 Das
384 2691 256 48 Opferlied
670 2701 73 24 von
762 2689 244 44 Matthisson,
1035 2688 58 35 als
1114 2688 107 47 Opus
1242 2685 71 38 121
1343 2699 75 23 von
1447 2685 286 36 Beethoven

200 2754 63 37 bei
290 2754 135 37 Schott
465 2754 40 33 in
533 2753 129 33 Mainz
704 2751 53 34 im
783 2750 120 35 Jahre
937 2747 98 40 1826
1063 2751 37 33 in
1131 2749 170 35 Partitur
1343 2747 198 47 gedruckt,
1583 2747 51 33 ist
1675 2746 59 34 ein

202 2812 396 51 Gelegenheitsstück,
628 2812 69 35 das
725 2812 51 33 im
803 2810 119 35 Jahre
954 2807 95 40 1822
1091 2810 61 35 für
1180 2808 69 35 den
1279 2808 293 35 Tenoristen
1600 2805 133 35 Ehlers

201 2887 50 24 zu
279 2876 134 35 dessen
442 2873 336 36 Benefiz-Concert
804 2872 38 33 in
870 2869 217 47 Pressburg
1108 2868 249 48 geschrieben
1388 2866 127 36 wurde
1557 2865 155 48 (Schind-

198 2937 68 44 ler,
294 2935 230 48 Biographie
552 2932 260 44 Beethoven's,
840 2932 50 35 11.
920 2929 99 47 152).
1049 2931 82 36 Wir
1159 2932 138 33 wissen
1326 2929 116 44 nicht,
1472 2939 144 24 warum
1645 2938 86 23 man

198 3009 240 36 vorgezogen
468 2997 77 42 hat,
588 2996 68 35 das
685 2993 88 36 Solo
809 2993 82 35 hier
932 2991 120 36 durch
1095 2992 82 35 eine
1212 2991 272 35 Altstimme
1525 2991 133 44 singen
1687 2999 48 24 zu

198 3058 140 46 lassen,
382 3058 125 34 zumal
552 3057 48 35 da
642 3056 65 34 der
736 3056 101 34 Text
875 3066 73 22 von
985 3054 120 34 einem
1400 3050 79 36 und
1696 3050 39 34 in

200 3118 66 37 der
293 3121 125 33 ersten
437 3118 142 35 Person
609 3116 158 47 spricht.
799 3114 204 35 Vielleicht
1032 3113 76 45 hat,
1140 3113 88 34 dass
1258 3112 59 35 die
1336 3111 238 36 Solostimme
1602 3112 38 33 in
1670 3109 65 37 der

198 3181 173 35 Partitur
397 3180 50 33 im
477 3175 354 38 Discantschlüssel
858 3174 250 47 geschrieben
1145 3175 63 44 ist,
1250 3174 98 35 dazu
1377 3173 184 36 verleitet.
1605 3172 51 35 Es
1685 3172 50 34 ist

199 3241 83 35 eine
309 3238 150 37 einfach
489 3237 155 43 schöne,
673 3237 131 45 innige
832 3235 176 37 Melodie.

277 3301 74 34 Die
392 3297 246 49 glänzendste
663 3297 188 45 Leistung
893 3295 64 36 des
986 3294 154 36 Abends
1183 3306 78 23 war
1299 3293 60 36 die
1388 3291 246 48 Aufführung
1665 3291 64 36 der

200 3362 95 34 zwei
323 3360 113 35 Sätze
464 3370 68 24 aus
562 3358 65 35 der
654 3368 157 36 grossen
829 3357 126 34 Messe
973 3358 39 33 in
1032 3355 132 36 A-dur
1191 3367 74 24 von
1295 3353 248 37 Cherubin
1555 3353 26 38 i.
1609 3353 123 35 Herrn

200 3422 325 36 Musik-Director
555 3419 190 43 Weber,
782 3417 66 35 der
877 3429 131 33 wegen
1037 3416 267 36 Unwohlseins
1334 3415 66 36 des
1428 3415 123 35 Herrn
1580 3413 128 47 Capell-

199 3483 172 35 meisters
396 3480 165 36 Hiller
596 3479 66 35 das
692 3478 163 36 Concert
884 3478 182 45 dirigirte,
1106 3477 167 46 gebührt
1302 3477 65 34 der
1395 3476 101 35 volle
1524 3475 113 35 Dank
1666 3475 64 35 des

198 3541 225 36 Publicums
452 3542 61 34 für
541 3540 59 35 die
629 3539 224 46 sorgfältige
878 3537 207 47 Einübung
1127 3536 79 36 und
1237 3537 59 35 die
1325 3536 157 46 sichere,
1512 3535 219 46 energische

199 3602 167 46 Leitung
395 3603 64 34 der
487 3600 208 36 trefflichen
724 3598 253 46 Ausführung
1014 3598 124 35 dieser
1166 3598 258 45 grossartigen
1461 3596 271 47 Composition,

198 3660 146 36 welche
372 3663 107 33 einen
508 3661 250 46 ungemeinen
774 3658 199 35 Eindruck
996 3659 70 33 auf
1084 3658 73 35 alle
1174 3658 153 34 Kenner
1346 3656 79 36 und
1443 3656 288 36 Kunstfreunde

198 3720 163 38 machte.
399 3722 210 43 Wahrlich,
640 3720 102 35 diese
769 3720 346 45 Krönungsmesse,
1145 3718 143 35 welche
1318 3717 65 36 der
1410 3717 155 34 Meister
1592 3719 39 33 in
1660 3718 53 34 sei-

197 3793 87 24 nem
311 3781 428 47 fünfundsechszigsten
765 3779 121 36 Jahre
926 3778 164 45 schrieb,
1133 3778 102 36 steht
1273 3778 57 35 als
1371 3776 294 47 vollberechtigt
1692 3778 38 34 in

200 3841 66 37 der
292 3842 117 36 Reihe
438 3842 65 35 der
531 3840 308 37 monumentalen
870 3838 136 37 Werke
1045 3838 65 36 der
1140 3839 203 34 Tonkunst
1381 3839 59 42 da,
1482 3838 145 35 welche
1667 3838 63 35 der

197 3903 287 36 Jahrhunderte
527 3906 162 42 spotten.
729 3902 62 35 Sie
835 3900 129 37 wurde
1008 3903 71 33 den
1121 3897 63 39 29.
1213 3899 80 35 Mai
1332 3897 98 39 1825
1474 3910 87 23 zum
1605 3903 122 31 ersten

198 3963 105 37 Male
329 3963 240 47 aufgeführt;
617 3963 59 33 ein
705 3962 97 36 Jahr
832 3963 142 46 früher,
1017 3961 70 35 den
1116 3960 35 36 7.
1180 3960 80 35 Mai
1289 3958 112 46 1824,
1442 3958 106 35 hatte
1576 3970 84 23 man
1689 3960 37 33 in

198 4024 39 37 W
238 4024 9 12 T
250 4024 61 37 ien
338 4035 87 25 zum
454 4027 124 32 ersten
601 4021 102 36 Male
732 4022 60 35 die
811 4023 243 47 Hauptsätze
1083 4031 69 26 aus
1180 4019 314 37 Beethoven's
1523 4019 122 37 Missa
1672 4030 54 25 so-

1804 214 131 35 lemnis
1963 215 36 34 in
2030 215 36 33 D
2095 214 144 46 gehört.
2300 218 143 35 Welch'
2472 221 80 33 eine
2583 221 91 42 Zeit,
2704 221 64 35 der
2796 223 125 36 solche
2951 225 134 36 Werke
3114 232 172 41 entspran-

1799 275 94 45 gen!
2000 276 84 34 Lnd
2113 277 48 31 im
2193 277 228 44 Angesichte
2462 280 148 35 solcher
2636 281 147 37 Thaten
2810 296 130 35 wagen
2975 287 58 35 die
3062 287 118 35 Leute
3216 289 93 44 jetzt

1801 345 72 24 von
1902 346 120 23 neuen
2055 334 311 46 „Bahnbrechern
2395 339 37 33 in
2462 338 64 35 der
2808 355 47 23 zu
2883 345 127 36 reden!

1877 395 71 33 Die
1978 394 110 34 achte
2117 394 168 36 Sinfonie
2327 407 72 24 von
2429 398 214 36 Beethoven
2672 401 126 35 wurde
2837 404 105 33 recht
2969 411 69 39 gut
3066 407 242 44 ausgeführt;

1801 453 67 34 mit
1897 453 68 34 den
1995 465 267 33 genommenen
2286 455 173 46 Tempo's
2488 468 120 24 waren
2639 460 66 33 wir
2733 461 252 37 vollkommen
3012 466 296 36 einverstanden.

2094 663 180 71 Tages-
2316 666 99 53 und
2442 663 549 71 Unterhaltungs-Blatt.

1886 792 170 34 84so*
2087 792 70 34 Am
2187 793 135 34 letzten
2352 794 194 47 Samstage
2588 797 129 37 hatten
2746 801 67 34 wir
2853 803 37 34 in
2926 802 63 36 der
3018 804 293 36 musicalischen

1803 851 256 35 Gesellschaft
2086 851 66 36 das
2180 853 240 47 Vergnügen,
2462 856 39 34 in
2531 857 119 35 Herrn
2687 860 229 36 Smetana
2956 874 71 22 aus
3069 863 98 45 Prag
3206 865 106 34 einen

1802 923 96 34 ganz
1926 914 339 43 ausgezeichneten
2294 914 293 48 Ciavierspieler
2627 919 148 36 kennen
2816 933 46 22 zu
2899 922 137 36 lernen.
3086 924 96 34 Herr
3212 923 76 35 Sme-

1804 979 99 36 tana,
1946 972 63 35 der
2039 973 57 35 die
2125 973 137 35 letzten
2300 975 108 34 sechs
2436 975 122 36 Jahre
2598 977 55 35 als
2683 979 282 46 Capellmeister
3003 984 37 33 in
3070 983 242 45 Gothenburg

1803 1030 126 46 gelebt
1959 1031 76 46 hat,
2078 1032 181 36 besuchte
2287 1034 102 35 Köln
2424 1037 69 33 auf
2531 1037 66 35 der
2625 1039 205 36 Rückkehr
2857 1042 36 33 in
2921 1044 103 32 seine
3050 1043 163 34 Heimat.
3263 1044 51 33 Er

1802 1095 90 41 trug
1915 1092 247 36 Beethoven's
2189 1095 312 36 C-moZZ-Concert
2528 1098 70 33 auf
2622 1098 214 45 gediegene,
2864 1100 80 35 edle
2974 1103 73 33 und
3067 1102 221 45 geschmack-

1805 1153 97 34 volle
1931 1153 125 34 Weise
2086 1165 64 22 vor
2178 1155 75 34 und
2283 1156 236 36 entwickelte
2549 1157 108 35 dabei
2685 1159 67 34 das
2783 1159 100 47 Spiel
2912 1159 99 37 einer
3041 1162 84 34 sehr
3152 1162 157 44 soliden,

1802 1211 256 37 künstlerisch
2102 1214 75 34 und
2214 1215 105 34 nicht
2348 1216 100 35 bloss
2480 1218 337 48 virtuosenmässig
2846 1221 212 44 gebildeten
3088 1223 150 35 Schule.
3267 1244 47 6 —-

1804 1272 101 35 Aber
1947 1272 99 35 auch
2088 1274 56 33 als
2184 1274 173 35 Virtuose
2392 1276 51 33 im
2480 1277 185 47 Vortrage
2707 1280 195 35 moderner
2933 1281 306 36 Bravourstücke

1804 1333 134 34 zweier
1966 1334 153 44 eigenen
2148 1333 314 47 Compositionen,
2491 1349 73 22 von
2593 1338 117 35 denen
2739 1339 203 36 besonders
2971 1341 58 34 die
3049 1341 123 35 Etüde
3200 1342 95 45 allge-

1805 1394 95 33 mein
1930 1393 198 46 ansprach,
2157 1395 77 34 und
2264 1395 64 35 der
2355 1396 206 36 Phantasie
2590 1410 70 24 von
2691 1400 104 35 Liszt
2824 1401 92 36 über
2940 1402 141 35 Motive
3109 1414 67 22 aus
3206 1404 87 44 Rigo-

1804 1453 92 35 letto
2000 1456 122 44 zeigte
2150 1467 38 23 er
2215 1456 80 34 sich
2325 1458 67 33 auf
2418 1458 63 35 der
2508 1459 109 36 Höhe
2657 1464 102 32 eines
2787 1462 172 36 Meisters
2998 1463 64 34 des
3089 1463 225 36 Pianoforte.

2147 1577 130 36 Rieh.
2520 1580 65 34 hat
2629 1593 85 23 vom
2742 1583 489 37 Hoftheater-Intendanten
3274 1586 37 34 in

1806 1636 205 45 Schwerin,
2042 1637 121 35 Herrn
2192 1649 35 24 v.
2256 1637 209 47 Flotow,
2509 1639 58 35 die
2596 1639 201 48 dringende
2825 1644 279 46 Aufforderung
3132 1645 179 43 erhalten,

1805 1695 59 35 die
1893 1697 190 35 Direction
2112 1697 64 35 der
2204 1697 171 47 dortigen
2403 1698 113 47 Oper,
2543 1712 42 23 so
2615 1702 70 34 wie
2714 1702 63 34 der
2803 1703 219 34 abonnirten
3049 1704 179 35 Concerte
3257 1706 59 34 für

1807 1759 58 34 die
1894 1759 127 33 Dauer
2049 1759 63 34 der
2142 1759 297 36 Winter-Saison
2477 1772 46 22 zu
2552 1761 266 43 übernehmen,
2862 1763 47 34 da
2949 1764 64 34 der
3054 1764 142 46 dortige
3224 1766 91 35 Hof-

1809 1819 333 41 Musik-Director,
2186 1820 96 35 Herr
2310 1822 119 44 Aloys
2462 1822 173 44 Schmitt,
2679 1834 67 23 zur
2773 1824 386 45 Wiederherstellung
3200 1827 118 33 seiner

1803 1879 292 45 geschwächten
2124 1881 235 35 Gesundheit
2384 1883 122 44 einige
2527 1883 149 35 Monate
2705 1884 36 34 in
2770 1884 139 34 seinem
2938 1884 216 35 elterlichen
3188 1885 131 33 Hause

1807 1940 256 45 zuzubringen
2093 1941 198 46 genöthigt
2319 1943 61 34 ist.
2406 1942 97 35 Herr
2687 1944 91 34 wird
2806 1944 138 34 diesem
2973 1944 237 35 ehrenvollen
3227 1945 91 34 Rufe

1806 2001 118 46 Folge
1953 2003 149 42 leisten,
2132 2001 93 35 doch
2256 2003 133 34 dürfen
2418 2004 68 34 wir
2514 2003 137 43 hoffen,
2681 2004 87 35 dass
2798 2016 39 23 er
2864 2004 94 35 nach
2988 2005 241 46 Beendigung
3257 2006 62 34 der

1805 2060 131 36 Saison
1955 2062 138 35 wieder
2119 2061 94 34 nach
2238 2062 125 34 Mainz
2385 2063 289 35 zurückkehren
2703 2064 104 44 wird,
2836 2076 56 23 wo
2921 2076 38 24 er
2987 2064 80 35 sich
3096 2065 116 35 durch
3240 2065 79 34 sein

1806 2121 159 34 schönes
1995 2120 444 46 Compositions-Talent,
2481 2133 41 24 so
2563 2123 69 34 wie
2674 2123 118 35 durch
2833 2125 78 33 sein
2954 2124 261 36 bescheidenes
3242 2125 76 35 und

1804 2180 275 46 gemüthliches
2112 2182 133 34 Wesen
2275 2191 41 25 so
2344 2181 97 35 viele
2469 2181 174 36 Freunde
2670 2182 192 35 erworben
2890 2183 76 37 hat.

2835 2243 129 48 (Südd.
2993 2243 249 46 Musik-Ztg.)

1881 2352 47 25 **
1957 2353 327 37 Frafliki'sKrt
2314 2363 50 26 a.
2394 2354 75 38 M»
2498 2354 72 37 Die
2590 2354 180 37 Concerte
2799 2355 64 36 des
2891 2355 247 37 Museums
3166 2356 148 36 werden

1805 2427 60 24 am
1893 2414 61 39 22.
1984 2415 223 44 November,
2236 2415 81 35 dem
2339 2414 307 48 Cäcilien-Tage,
2677 2416 136 36 wieder
2842 2416 196 47 beginnen.
3066 2418 50 34 Es
3146 2417 83 36 sind
3257 2418 42 34 de-

1804 2490 64 22 ren
1898 2478 116 34 zehn
2044 2478 61 33 für
2132 2476 70 35 den
2230 2476 147 35 Winter
2404 2478 37 33 in
2469 2476 184 36 Aussicht
2679 2488 219 34 genommen
2936 2477 75 34 und
3041 2477 58 35 die
3127 2478 196 36 Direction

1804 2539 196 34 derselben
2029 2537 203 35 wiederum
2262 2537 81 35 dem
2371 2537 121 35 Herrn
2513 2536 323 37 Musik-Director
2860 2537 122 36 Karl
3010 2538 174 36 Müller
3212 2539 88 35 über-

1804 2604 131 41 tragen
1964 2598 163 36 worden.

1881 2660 71 34 Die
1981 2659 182 36 Concerte
2190 2657 66 35 des
2285 2657 492 46 philharmonischen
2805 2659 202 35 Vereins
3035 2662 109 32 unter
3168 2659 63 35 der
3254 2660 44 33 Di-

1804 2721 142 34 rection
1975 2719 64 35 des
2069 2718 344 35 Musik-Directors
2442 2718 235 35 Heinrich
2717 2719 188 35 Henkel
2947 2719 122 35 haben
3097 2719 134 36 bereits
3259 2732 59 22 am

1804 2782 164 45 Dinstag
1997 2780 70 35 den
2096 2779 33 36 5.
2159 2779 33 36 d.
2222 2778 91 37 Mts.
2342 2780 51 33 im
2422 2779 112 34 Saale
2574 2779 63 35 des
2666 2779 119 35 Hofes
2815 2792 71 23 von
2914 2779 162 36 Holland
3112 2780 207 46 begonneu.

1804 2842 72 35 Die
1902 2840 339 36 Orchesterstücke
2270 2850 125 23 waren
2423 2837 141 36 Catel's
2594 2839 233 35 Semiramis-
2854 2839 76 34 und
2956 2839 236 35 Cherubini's
3220 2840 76 33 Ana-

1806 2901 363 41 kreon-Onverture,
2201 2900 123 33 ferner
2352 2898 70 35 Ph.
2450 2897 81 36 Em.
2551 2898 138 35 Bach's
2717 2899 167 35 Sinfonie
2911 2900 36 33 in
2970 2898 37 34 D
3031 2897 145 46 (1776).
3202 2899 96 34 Fräu-

1805 2963 76 34 lein
1908 2960 251 36 Mathilde
2187 2958 273 36 Schneider
2488 2970 69 23 aus
2587 2958 221 35 Darmstadt
2836 2970 93 35 sang
2958 2958 174 35 Mozart's
3154 2958 167 47 „Ombra

1797 3022 118 47 felice
1969 3020 76 36 und
2074 3020 79 35 drei
2180 3019 134 36 Lieder
2340 3031 71 23 von
2441 3019 244 46 Hauptmann
2714 3018 170 47 (Göthe's
3146 3020 69 34 mit
3234 3019 65 35 Vio-

1806 3081 327 47 lin-Begleitung),
2173 3081 48 34 11.
2249 3079 152 35 Henkel
2441 3078 75 35 und
2551 3079 44 35 R.
2624 3078 227 36 Schumann.
2905 3079 97 34 Herr
3039 3079 283 35 Alexander

1807 3143 208 46 Schmit,
2061 3142 216 46 „Professor
2305 3140 64 35 des
2401 3139 355 36 Conservatoriums
2783 3151 48 23 zu
3041 3144 89 42 trug
3159 3140 45 36 G.
3234 3139 66 35 Gol-

1804 3203 206 36 termann's
2041 3201 158 37 Concert
2225 3201 63 36 Nr.
2316 3201 48 34 11.
2396 3201 59 33 für
2484 3200 209 34 Violoncell
2721 3200 77 35 und
2827 3201 92 34 zwei
2950 3200 252 36 Salonstücke
3224 3201 78 45 eige-

1803 3277 66 23 ner
1898 3264 256 47 Composition
2182 3274 78 23 vor.
2289 3262 109 35 Seine
2427 3260 397 46 aussergewöhnliche
2842 3260 289 46 Beherrschung
3159 3261 63 34 des
3243 3261 51 34 Me-

1804 3326 219 35 chanismus
2051 3327 145 43 erregte
2223 3322 215 43 Aufsehen;
2483 3322 94 34 über
2616 3321 70 35 den
2723 3321 165 46 Vortrag
2929 3322 135 35 wollen
3105 3323 65 33 wir
3210 3332 111 23 unser

1803 3386 149 36 Urtheil
1971 3383 259 47 suspendiren,
2260 3383 59 42 da,
2350 3384 70 34 wie
2448 3383 69 34 wir
2545 3382 128 43 hören,
2697 3382 99 35 Herr
2818 3382 145 35 Schmit
2989 3393 45 23 an
3064 3382 80 35 dem
3165 3381 154 35 Abende

1802 3447 89 36 sehr
1918 3445 153 36 unwohl
2101 3455 88 23 war.
2218 3445 78 33 Der
2316 3443 135 35 Verein
2479 3443 93 34 wird
2601 3444 107 34 vier
2736 3442 181 36 Concerte
2943 3442 115 47 geben
3072 3455 9 33 j
3111 3443 64 35 der
3192 3443 102 35 Abon-

1801 3507 299 37 nements-Preis
2130 3504 153 47 beträgt
2309 3503 26 37 4
2363 3504 55 35 Fl.
2450 3504 59 35 die
2538 3504 167 35 einzelne
2733 3505 130 35 Karte.

1879 3612 69 35 Am
1978 3614 224 42 Stuttgarter
2231 3610 165 35 Theater
2423 3610 146 35 kommt
2596 3607 277 37 Benedict's
2903 3606 118 47 Oper:
3055 3606 93 47 „Die
3177 3606 119 35 Kreuz-

1801 3671 126 36 fahrer
1950 3671 89 35 oder
2068 3671 64 35 der
2159 3671 88 34 Alte
2276 3682 86 24 vom
2579 3669 96 36 nach
2704 3670 100 34 einer
2832 3666 98 36 Frist
2959 3678 71 23 von
3059 3666 88 35 acht
3173 3666 146 35 Jahren

1802 3732 137 35 wieder
1966 3733 57 34 ins
2052 3732 232 46 Repertoire.

1876 3834 187 37 Wien.
2094 3835 71 36 Die
2194 3835 249 48 Vorstellung
2473 3835 64 35 des
2568 3833 293 47 Wagner'schen
2884 3831 254 49 „Fliegenden
3158 3832 134 35 Hollän-

1917 3908 59 22 am
2006 3894 60 38 29.
2098 3908 35 24 v.
2164 3897 91 34 Mts.
2284 3897 205 46 gestaltete
2518 3896 80 34 sich
2639 3897 35 32 in
2704 3895 119 46 Folge
2851 3893 65 37 der
2944 3893 83 35 dem
3055 3892 265 47 Componisten

1801 3969 47 22 zu
1880 3956 112 35 Theil
2029 3957 250 46 gewordenen
2309 3956 213 36 Ovationen
2563 3967 47 23 zu
2651 3956 102 34 einer
2792 3955 211 47 gleichsam
3043 3955 277 45 improvisirten

1799 4017 263 37 Festlichkeit.
2093 4018 196 36 Wodurch
2317 4019 102 35 diese
2441 4016 328 47 Kundgebungen,
2799 4027 47 23 zu
2875 4015 167 36 welchen
3071 4016 80 34 eine
3180 4016 141 45 eigent-
