1538 2540
154 2308 38 28 26

193 247 133 24 zusaugen
353 243 53 23 und
433 243 47 25 das
505 252 83 24 ganze
614 245 165 34 Geldsystem
804 249 71 27 eines
901 251 163 27 natürlichen
1092 254 87 26 Todes
1204 256 105 25 sterben
1335 266 32 17 zu
1396 260 78 30 lassen

193 288 77 18 wenn
294 289 97 19 unsere
412 285 193 32 europäischen
630 287 139 28 Genossen
793 290 80 32 nicht,
895 292 53 26 wie
969 294 52 26 wir
1044 294 61 33 jetzt
1128 303 34 19 an
1186 296 44 26 die
1254 298 141 34 Schaffung
1421 304 61 30 eines

191 322 111 27 festeren
323 325 178 27 Rubelkurses
524 329 99 25 denken
644 332 115 29 müssen,
781 334 60 26 statt
862 334 89 27 diesen
973 336 83 26 Rubel
1079 337 81 26 selbst
1183 339 53 26 und
1256 340 43 27 die
1323 341 159 37 Erinnerung

190 372 33 17 an
247 365 47 25 ihn
318 368 77 25 unter
417 368 50 25 den
489 369 156 27 Trümmern
669 372 46 26 des
739 373 191 33 Kapitalismus
954 386 34 17 zu
1012 378 142 33 begraben,
1188 389 31 18 so
1242 383 64 25 muß
1333 384 81 27 selbst
1447 389 34 27 bei

188 413 73 18 einer
279 407 107 32 Politik,
404 410 100 26 welche
523 412 44 25 auf
584 414 50 24 den
655 414 128 27 Abbruch
802 417 46 26 des
867 426 102 24 ganzen
992 419 179 35 Geldsystems
1192 423 116 33 hinzielt,
1329 426 152 34 wenigstens

190 456 86 26 «mge
299 450 80 32 Jahre
400 452 221 28 wahrscheinlich
644 456 74 33 jeder
738 457 229 32 Proletarierstaat
990 461 73 27 seine
1084 464 232 34 Lohntarifpolitik
1338 468 42 26 bei
1403 469 67 30 fallen-

188 490 58 26 dem
266 491 89 27 Kurse
371 493 48 25 der
437 494 256 34 Papiergeldeinheif
712 499 137 27 aufbauen.
870 501 82 27 Diese
968 504 76 30 zwei,
1061 505 66 31 drei,
1145 507 57 25 vier
1222 508 81 32 Jahre
1321 509 159 32 Emissionen

188 533 60 25 smd
271 541 28 18 es
320 536 75 29 wert,
417 536 51 25 daß
491 544 59 18 man
573 539 66 25 über
660 540 43 25 die
723 541 143 36 Schaffung
888 544 72 26 einer
983 546 165 27 bestimmten
1171 549 186 33 planmäßigen
1383 553 84 29 Papier-

187 574 156 33 geldpolitik
365 577 154 29 nachdenkt.

252 617 68 26 Zum
344 618 98 27 Schluß
467 621 64 26 aber
555 623 63 24 muß
643 623 42 26 ich
710 625 186 32 wiederholen,
920 630 52 24 daß
997 630 130 27 vielleicht
1150 634 66 25 auch
1242 634 26 27 in
1294 635 120 27 Ländern
1440 640 40 26 mit

186 660 201 30 ausgezeichnet
406 662 193 32 organisierter
618 665 208 29 Großindustrie
845 670 47 26 das
915 671 256 35 Papiergeldsystem
1191 675 58 26 sich
1268 676 28 27 in
1315 678 87 25 dieser
1421 682 59 25 oder

185 706 73 24 jener
277 701 80 26 Form
376 703 51 26 viel
447 704 93 33 länger
559 706 86 26 halten
664 708 79 31 wird,
763 710 38 26 als
822 711 47 26 das
889 712 62 32 jetzt
971 714 123 27 scheinen
1113 724 69 26 mag.
1220 718 53 26 Für
1297 719 182 33 Agrarstaaten

186 742 64 24 aber
269 743 69 26 kann
356 752 61 18 man
436 746 47 26 mit
503 748 102 31 großer
624 749 145 28 Sicherheit
790 752 58 25 eine
867 755 78 32 lange
964 757 156 26 anhaltende
1139 758 123 28 Existenz
1283 762 54 25 und
1357 762 43 26 die
1420 764 45 27 Not-

184 784 160 33 wendigkeif
359 786 74 26 einer
448 788 81 27 Reihe
544 798 52 17 von
612 791 159 34 Maßregeln
787 802 190 27 Voraussagen,
993 800 99 25 welche
1109 800 94 27 darauf
1218 804 134 31 ausgehen
1368 807 111 31 müssen,

183 827 86 24 dieses
295 827 100 32 System
421 829 49 26 den
496 831 189 28 Bedürfnissen
721 835 47 26 der
793 837 211 29 sozialistischen
1032 841 163 36 Anhäufung
1230 845 43 25 auf
1299 845 101 28 Kosten
1437 850 42 24 der

183 868 241 32 Kleinproduktion
447 880 174 25 anzupassen.
