2499 4211
794 186 165 34 REVUE
995 191 64 32 DE
1097 195 60 32 LA
1194 198 271 38 QUINZAINE

2134 266 0 0 219

129 385 108 56 (Les
260 385 61 42 ad
327 398 124 42 ceux,
479 388 27 42 r
510 389 198 46 absence
730 404 46 36 et
800 397 43 43 le
866 404 179 56 retour)
1079 407 117 45 dont
1235 411 261 49 l'archiduc
1549 419 268 60 Rodolphe,
1853 428 203 51 paraît-il
2102 445 25 28 a

1063 466 28 44 ''
1093 469 234 48 immense
1375 489 206 46 l"'«
1792 487 132 43 dièse
1947 489 185 46 minem

113 576 119 43 trois
258 588 165 31 aunris
918 543 58 71 '?
997 596 7 23 ,
1004 548 44 28 m
1053 548 45 28 "'
1106 550 18 28 s
1147 538 28 43 il
1195 550 79 33 oct
1276 555 11 21 '
1288 543 105 43 jhre
1426 545 79 43 iB2
1512 548 44 51 «.
1581 548 234 45 l'indéfini
1845 563 206 46 quatuor
2074 558 56 43 de

115 652 84 28 ans
222 637 109 43 DIUS
352 642 104 38 tard
501 593 59 87 pli
636 644 46 36 FO
702 599 81 81 T
811 601 82 33 sca
931 593 150 46 dallsa
1088 611 10 28 '
1106 606 15 33 t
1162 599 272 50 l'auditoire
1462 609 210 56 parisien
1713 614 58 43 de
1799 614 191 58 Baillot,
2015 619 115 43 trois

115 655 82 29 ans
224 650 106 46 plus
353 650 120 47 tara,
502 659 58 28 en
586 665 21 21 «
634 650 295 60 foudroyant
955 676 19 23 »
1005 671 136 34 notre
1172 666 187 45 Berlioz
1384 674 7 38 !

170 704 104 52 Que
316 705 57 43 de
410 720 216 35 nuances
668 717 207 45 secrètes
923 723 57 42 de
1023 727 286 47 sentiments
1346 747 55 29 en
1427 736 56 43 de
1503 738 138 45 telles
1665 755 186 30 œuvres
1978 756 45 33 et
2048 748 83 49 qui

115 781 75 31 rec
214 779 163 33 ament
402 771 74 70 de_
496 773 129 45 leurs
665 789 286 50 interprètes
983 802 95 30 une
1119 793 257 58 technique
1404 799 106 43 sûre
1538 811 44 33 et
1611 804 226 55 sensible,
1862 822 92 28 une
1997 812 107 53 préa-

114 831 125 43 lable
275 845 252 34 virtuosité
566 841 198 55 capable
800 846 56 42 de
899 860 164 33 sentir.
1112 854 413 61 L'incomparable
1561 877 166 31 sonate
1752 868 113 43 était
1903 872 221 52 dévolue,

174 910 98 89 Z
302 974 23 25 a
326 911 11 42 P
338 901 200 98 bïr^
540 916 95 29 mm
640 919 23 80 î
669 915 51 33 nt
740 907 14 42 1
773 910 37 42 °
814 924 65 42 PU
875 974 9 25 ,
886 926 18 28 S
1006 930 12 27 1
1034 950 10 19 '
1067 917 25 42 à
1120 919 99 41 Ml,#
1244 922 127 42 Dron
1380 955 10 22 '
1449 926 46 41 ui
1529 941 28 28 n
1562 927 9 16 '
1576 943 25 26 a
1634 930 140 56 point
1797 933 133 43 faibli
1957 936 174 44 devant

278 960 131 45 rable
433 964 138 43 tache
599 1001 9 9 .
646 968 43 43 le
729 971 108 56 plus
875 974 209 58 légitimé
1116 990 45 33 et
1191 981 189 46 flatteur
1427 987 165 45 succès
1625 1004 26 29 a
1694 993 312 56 récompensé
2042 1013 88 27 son

113 1038 203 43 courage
366 1027 250 47 charmant
680 1034 131 45 Dans
839 1037 123 58 l'Op.
1003 1042 51 42 81
1096 1058 42 37 a,
1176 1060 188 30 comme
1392 1049 118 44 dans
1553 1052 124 57 l'Op.
1708 1070 103 38 m,
1848 1058 38 41 si
1912 1060 220 44 différent

115 1089 28 42 d
161 1101 297 45 expression,
487 1093 44 43 la
553 1094 205 47 dehcate
785 1109 47 33 et
854 1103 225 44 vaillante
1106 1107 258 58 interprète
1394 1127 26 27 a
1446 1115 201 55 conquis
1675 1131 88 29 son
1807 1122 235 44 auditoire
2070 1138 58 28 en

114 1166 57 28 ne
205 1163 200 46 croyant
448 1170 92 42 que
590 1159 235 46 satisfaire
859 1167 354 47 modestement
1239 1187 49 27 sa
1337 1177 284 44 conscience
1646 1197 9 25 :
1684 1181 56 42 de
1780 1182 234 46 l'autorité
2067 1188 63 42 du

112 1216 173 43 timbre
313 1227 44 33 et
384 1220 62 40 du
474 1221 135 56 style,
637 1234 44 31 et
708 1225 79 56 qui
814 1228 276 47 s'affirment
1141 1236 23 39 à
1208 1236 184 58 chaque
1437 1242 219 44 nouvelle
1690 1246 154 43 soirée
1888 1262 110 29 avec
2035 1264 93 29 une

113 1294 91 43 qua
229 1291 63 31 lté
322 1284 57 39 de
414 1284 192 44 charme
630 1296 44 33 et
696 1289 56 42 de
775 1291 258 54 puissance
1058 1299 332 53 grandissante
1413 1304 118 43 dans
1557 1306 44 42 la
1629 1307 280 45 distinction
1942 1313 184 43 native:

113 1354 275 33 conviction
421 1356 134 34 toute
583 1350 433 61 beethovénienne,
1052 1361 340 58 récompensée
1416 1381 84 40 par
1525 1369 57 41 de
1608 1370 144 53 justes
1779 1373 170 43 bravos
1977 1376 8 40 !

169 1410 66 41 Le
261 1411 221 52 Quatuor
519 1415 189 54 Parent,
738 1431 58 28 en
823 1419 124 44 belle
974 1437 139 30 verve
1141 1426 24 41 à
1180 1441 88 28 son
1292 1437 126 45 tour,
1448 1444 24 28 a
1494 1431 230 44 déchaîné
1737 1434 391 48 l'enthousiasme

113 1474 214 41 recueilli
351 1475 56 41 de
432 1476 43 41 la
501 1477 147 55 petite
677 1481 115 42 salle
820 1496 58 28 en
904 1486 253 45 exécutant
1196 1491 126 42 deux
1353 1507 185 29 œuvres
1574 1496 81 54 qui
1703 1498 284 44 semblaient
2029 1501 78 42 l'al-

109 1536 95 56 pha
230 1547 43 32 et
301 1538 12 40 1
334 1540 171 56 oméga
531 1541 56 42 de
614 1542 45 42 la
685 1545 205 45 carrière
917 1549 63 42 du
1006 1552 167 43 maître
1201 1568 9 29 :
1239 1554 42 43 le
1320 1566 205 44 quatuor
1548 1572 76 42 op.
1674 1561 68 51 18,
1769 1573 52 29 no
1852 1563 43 51 3,
1924 1564 176 43 d'archi-

110 1609 181 35 tecture
320 1617 176 29 encore
531 1606 360 47 traditionnelle
915 1622 44 33 et
983 1626 255 43 purement
1271 1618 257 57 classique,
1556 1635 113 30 avec
1710 1637 88 28 son
1825 1625 77 42 bel
1928 1628 198 42 andante

112 1679 80 28 con
221 1676 122 33 moto
389 1667 118 43 dans
531 1669 44 42 la
597 1684 186 31 nuance
811 1675 57 42 de
896 1677 201 52 Mozart,
1125 1679 63 42 où
1227 1681 315 57 l'expression
1569 1686 180 42 semble
1773 1702 172 29 encore
1987 1691 141 42 sortir

113 1729 55 41 de
195 1729 44 42 la
261 1729 171 54 forme,
468 1734 63 40 où
573 1733 45 42 la
659 1735 154 45 douce
857 1741 286 44 mélancolie
1190 1745 181 42 semble
1418 1747 161 43 éclore
1606 1750 266 43 seulement
1898 1753 61 41 du
1985 1755 141 41 mode

110 1792 186 44 mineur
323 1809 9 36 ;
364 1805 45 32 et
435 1805 120 34 cette
589 1799 228 45 ineffable
853 1818 21 25 «
900 1803 366 57 improvisation
1289 1810 296 55 perpétuelle
1618 1829 22 21 »
1677 1813 62 41 du
1778 1816 217 51 Quatuor
2015 1817 111 41 XIV

108 1860 97 54 (op.
236 1860 116 52 131),
377 1862 436 48 mélodieusement
838 1867 172 44 diffuse
1025 1879 43 32 et
1092 1870 183 43 touffue
1298 1886 187 29 comme
1500 1875 82 41 des
1601 1891 21 23 «
1649 1876 256 44 Mémoires
1923 1880 176 42 d'outre-

108 1922 162 43 tombe
290 1939 21 24 »
340 1924 7 41 !
378 1939 22 28 «
426 1926 178 46 Poème
640 1932 355 57 symphonique
1022 1950 20 23 »
1072 1933 205 57 anticipé
1312 1936 57 42 de
1395 1936 44 42 la
1462 1938 221 55 musique
1711 1940 57 42 de
1796 1940 241 53 chambre,
2065 1944 57 41 de

110 1996 118 33 cette
253 1988 243 55 profonde
519 1992 203 45 intimité
751 1996 230 42 musicale
1006 1999 63 40 où
1094 1997 137 43 Famé
1253 1999 284 44 ressuscitée
1563 2003 62 41 du
1658 2003 139 54 génie
1823 2005 130 54 parle
1990 2006 105 42 idéa-

108 2050 179 43 lement
310 2053 118 43 dans
452 2055 300 59 l'intangible
780 2060 232 42 silence...

164 2116 64 41 Ce
256 2117 138 54 génie
418 2119 81 56 qui
522 2119 71 44 fut
618 2122 219 58 tragique
877 2123 82 43 dès
989 2124 217 56 l'origine
1235 2126 230 54 (évoquez
1500 2128 204 56 l'adagio
1733 2130 63 41 du
1823 2131 216 51 Quatuor
2065 2145 58 29 en

111 2178 45 43 fa
179 2193 77 42 op.
294 2181 66 55 18,
391 2190 53 33 n°
477 2198 36 38 i,
540 2185 81 54 qui
647 2201 140 41 passe
810 2201 124 42 pour
956 2187 123 42 dicté
1105 2202 84 41 par
1216 2188 45 42 la
1287 2189 178 42 lecture
1491 2191 58 41 de
1575 2192 44 40 la
1647 2192 141 42 scène
1812 2194 62 40 du
1897 2195 224 42 tombeau

110 2242 116 42 dans
444 2256 42 33 et
510 2249 231 56 Juliette),
769 2265 51 28 ce
846 2251 155 56 génie,
1027 2265 186 28 comme
1235 2261 132 34 toute
1393 2254 179 55 grande
1597 2256 103 41 âme
1724 2269 134 40 pure,
1883 2270 58 28 ne
1964 2258 159 42 refusa

107 2307 166 55 jamais
297 2309 58 42 de
391 2310 201 44 badiner
636 2324 297 33 savamment
973 2315 24 41 à
1038 2329 73 28 ses
1146 2315 171 42 heures
1345 2333 9 25 :
1395 2316 182 43 témoin
1622 2318 67 41 les
1716 2319 259 43 variations
1999 2335 123 42 pour

106 2370 164 56 piano,
298 2373 165 43 violon
490 2385 44 33 et
561 2376 290 44 violoncelle
877 2382 101 52 (op.
1014 2393 74 27 121
1114 2379 40 52 a)
1181 2392 80 28 sur
1292 2379 41 41 le
1361 2379 95 43 lied
1486 2380 110 42 d'un
1639 2382 145 54 opéra
1820 2382 216 43 viennois
2059 2385 64 40 du

106 2444 152 47 temps
288 2450 8 29 :
326 2438 80 41 Ich
434 2439 75 41 bin
528 2441 84 40 der
637 2441 261 42 Schneider
929 2441 226 53 Kakadu,
1196 2441 94 43 très
1333 2441 400 57 spirituellement
1782 2444 215 44 enlevées
2036 2461 85 41 par

109 2499 104 42 Mme
241 2502 293 58 Landormy,
559 2505 118 42 MM.
714 2506 177 41 Parent
915 2514 46 33 et
983 2505 249 52 Fournier,
1257 2505 42 42 le
1326 2506 155 41 même
1509 2506 113 51 soir,
1641 2507 62 41 où
1726 2506 226 56 chantait,
1978 2509 143 43 noble

109 2572 41 33 et
175 2578 156 42 grave,
355 2566 43 42 le
423 2568 92 42 trio
537 2582 58 28 en
621 2569 52 41 ré
698 2570 198 54 majeur,
921 2570 56 41 de
1011 2570 114 41 1808
1143 2571 93 54 (op.
1265 2583 74 41 70,
1368 2578 49 32 n°
1451 2571 55 53 1),
1533 2584 59 27 au
1616 2570 131 55 largo
1780 2571 81 54 qui
1884 2572 235 43 découvre

108 2626 118 58 déjà,
263 2630 118 42 dans
410 2645 89 28 son
526 2631 88 43 ciel
642 2646 225 43 orageux,
887 2642 106 34 tout
1014 2647 65 27 un
1101 2632 190 42 au-delà
1320 2632 259 44 musical...

163 2692 282 58 Suggestive
494 2695 316 43 coïncidence
854 2706 44 32 et
934 2696 310 56 préméditée,
1292 2696 117 42 dont
1434 2697 31 40 il
1505 2695 101 43 faut
1653 2698 252 42 remercier
1930 2698 193 42 l'artiste

107 2755 211 44 Armand
348 2760 192 52 Parent,
570 2759 82 56 qui
678 2759 90 42 sait
794 2773 255 43 composer
1077 2773 73 28 ses
1176 2773 330 42 programmes
1538 2774 189 28 comme
1760 2760 31 41 il
1818 2761 89 42 sait
1928 2761 68 42 les
2020 2763 75 40 exé-

109 2830 147 46 cuter,
369 2822 44 42 la
440 2823 172 42 séance
638 2823 236 53 suivante,
910 2823 259 42 consacrée
1218 2832 106 32 tout
1357 2822 178 43 entière
1562 2824 25 40 à
1630 2824 122 41 celui
1787 2838 90 41 que
1917 2824 205 42 Vincent

109 2883 164 59 d'lndy
305 2900 213 42 nomme,
547 2901 114 29 avec
698 2887 44 43 la
785 2886 156 58 loyale
970 2886 255 56 simplicité
1253 2887 83 41 des
1379 2888 174 54 grands
1597 2900 173 38 cœurs,
1816 2901 25 29 «
1886 2888 43 41 le
1955 2888 166 41 maître

110 2947 142 44 César
288 2950 189 43 Franck
501 2968 40 36 »,
569 2965 123 28 nous
720 2965 25 28 a
765 2951 180 55 permis
971 2952 56 40 de
1054 2950 161 42 mieux
1241 2950 337 55 comprendre,
1608 2963 58 28 en
1689 2950 67 41 les
1783 2950 335 55 rapprochant,

108 3010 64 44 les
190 3013 125 43 deux
340 3015 313 43 rénovateurs
680 3015 57 42 de
774 3014 44 41 la
845 3013 220 56 musique
1096 3013 56 41 de
1189 3012 243 51 chambre,
1474 3025 87 28 nos
1600 3012 123 41 deux
1759 3013 173 54 grands
1959 3012 136 42 initia-

106 3082 125 37 teurs
255 3078 24 41 à
306 3092 53 28 ce
388 3079 269 42 sanctuaire
685 3076 255 43 souverain
962 3078 58 40 de
1042 3076 44 41 la
1111 3074 221 56 musique
1358 3088 117 42 pure
1503 3088 86 42 par
1609 3074 287 51 excellence,
1925 3075 24 41 à
1997 3085 120 33 celte

110 3139 186 45 Eleusis
323 3142 233 43 musicale
591 3143 118 42 dont
736 3140 274 44 Beethoven
1037 3147 45 35 et
1108 3140 185 40 Franck
1317 3147 109 33 sont
1450 3138 67 42 les
1545 3139 125 41 deux
1700 3137 268 43 immortels
2012 3139 82 41 exé-

108 3201 142 57 gètes,
278 3206 230 44 familiers
530 3216 44 33 et
599 3206 288 56 profonds...

165 3270 277 44 Beethoven
489 3279 45 34 et
570 3270 185 42 Franck
781 3270 8 41 !
835 3270 214 41 Peut-on
1096 3266 290 56 rapprocher
1432 3278 77 29 ces
1558 3266 124 41 deux
1706 3265 143 42 libres
1876 3264 159 56 génies
2062 3265 56 41 de

107 3330 127 55 plein
251 3334 90 43 ciel
367 3343 44 33 et
439 3335 57 42 de
515 3334 80 43 vol
619 3333 206 43 sublime
851 3332 18 43 ?
887 3336 40 38 A
950 3340 105 47 part
1077 3330 42 42 la
1145 3330 239 56 grandeur
1409 3330 170 48 d'âme,
1610 3328 79 56 qui
1717 3342 47 28 se
1783 3328 178 42 traduit
1977 3328 116 41 mélo-

107 3393 314 58 dieusement,
455 3412 113 29 avec
600 3398 42 55 je
673 3410 58 29 ne
767 3396 92 43 sais
912 3394 158 58 quelle
1119 3393 227 42 farouche
1388 3401 44 33 et
1472 3391 172 57 joviale
1682 3390 343 57 magnificence
2061 3391 58 42 de

106 3455 212 63 langage,
343 3462 158 56 quelle
522 3474 256 29 commune
805 3473 188 29 mesure
1028 3466 131 33 entre
1187 3457 41 42 le
1257 3455 276 43 Beethoven
1569 3454 262 52 lumineux,
1874 3454 80 54 qui
1983 3467 109 28 cons-

106 3523 113 42 truit
243 3525 266 57 largement
537 3525 44 42 la
601 3525 194 56 plupart
827 3524 56 41 de
920 3536 74 28 ses
1036 3520 239 42 cordiales
1309 3519 202 56 pensées
1539 3532 80 28 sur
1654 3519 68 41 les
1745 3519 117 39 trois
1900 3525 134 35 notes
2062 3517 55 41 de

105 3582 205 49 l'accord
334 3589 174 57 parfait
532 3589 201 54 tonique
763 3588 60 55 (1)
862 3595 45 34 et
927 3586 42 41 le
1013 3584 185 42 Franck
1225 3596 235 42 nuageux,
1489 3596 58 27 au
1575 3579 339 44 chromatisme
1938 3579 178 56 inspiré

106 3648 55 43 de
177 3649 44 43 la
240 3654 260 55 technique
519 3652 339 57 wagnérienne
883 3649 18 43 ?
927 3651 134 40 Issue
1081 3647 323 43 diversement
1422 3645 62 42 du
1517 3644 148 56 grand
1686 3644 130 41 Bach
1837 3643 167 52 initial,
2045 3652 72 31 cet

108 3711 208 47 Homère
341 3717 56 42 de
423 3717 45 42 la
484 3716 238 55 musique,
826 3715 104 42 leur
954 3709 296 60 polyphonie
1272 3709 152 42 même
1451 3721 58 28 ne
1544 3721 150 30 sonne
1714 3721 84 42 pas
1823 3705 291 56 d'identique

153 3846 54 51 (1)
234 3848 59 38 Cf.
322 3852 36 36 le
371 3850 184 38 Mercure
579 3849 171 39 musical
775 3849 53 37 du
861 3861 12 24 1
887 3859 16 38 5
931 3847 148 40 février
1110 3846 117 50 1906,
1251 3855 109 38 page
1390 3854 90 39 151.
