2499 4211
760 141 166 33 REVUE
963 148 63 30 DE
1064 151 58 30 LA
1160 153 272 38 QUINZAINE

2094 219 0 0 225

309 335 312 56 Symphonie.
675 380 8 9 .
1524 376 29 9 _

558 398 157 45 Chant
911 404 223 58 funèbre.
821 446 611 10 ..
899 385 11 9 '
976 385 10 11 '
1604 379 40 87 £
1645 380 115 43 haus
1766 394 97 33 son.

549 462 147 44 Deux
720 479 244 37 nocturnes
990 507 8 11 .
1603 443 237 54 Magnard.

311 522 338 66 Scugejteurie
1421 532 11 8 '
1513 563 35 43 v
1559 532 10 10 '

89 940 117 46 pour
249 941 24 28 a
305 927 201 59 legtnde
535 936 29 41 d
569 950 23 28 z
619 939 35 40 S
658 953 118 43 auge
777 942 195 58 fleurie,
1000 962 25 27 a
1057 949 207 57 laquelle
1283 954 32 42 il
1340 968 109 33 veut
1471 960 108 45 bien
1606 972 227 42 accorder
1857 988 58 28 au
1940 978 151 42 moins

90 991 40 42 le
148 1000 165 33 mente
339 993 59 42 de
426 995 144 45 clarté
1114 1000 413 64 {intelligibilité).
1606 983 226 29 dccolQer
1857 987 58 29 au
1938 989 153 31 moins

145 1056 62 39 Le
248 1056 19 40 5
304 1056 270 55 décembre,
602 1062 42 43 le
673 1064 191 46 fameux
891 1071 219 52 Quatuor
1138 1077 196 45 Kneisel
1357 1083 215 55 exécuta,
1600 1090 25 40 à
1650 1092 105 44 côté
1777 1096 63 42 du
1889 1100 114 38 Trio

93 1114 180 46 Dvorak
301 1127 46 33 e,
380 1119 58 43 de
466 1122 127 45 celui
629 1127 58 43 de
723 1127 239 48 Schubert
987 1147 58 30 an
1071 1137 216 46 siUmol
1310 1144 195 56 majeur,
1533 1119 41 74 lé
1602 1157 178 41 second
1805 1170 203 43 quatuor
2036 1162 58 43 de

83 1181 57 42 Y.
162 1180 27 42 d
209 1181 121 57 Indy
362 1198 59 28 en
449 1200 63 30 mi
539 1203 180 43 majeur
744 1207 79 43 op.
850 1209 30 41 4
887 1196 43 44 5.
965 1199 66 43 M.
1059 1202 86 43 Ph.
1176 1204 121 43 Haie
1322 1221 26 28 a
1371 1210 129 54 parlé
1527 1227 58 29 en
1616 1224 172 39 termes
1832 1176 262 94 admTatifs

87 1246 53 43 de
165 1259 51 29 ce
236 1245 167 47 chef-d
422 1264 181 43 œuvre,
619 1256 158 43 tandis
795 1273 92 42 que
906 1261 63 43 M.
990 1264 148 43 Louis
1164 1266 149 45 Elson
1327 1273 225 56 exprime,
1572 1279 117 43 dans
1706 1283 39 42 le

98 1308 255 43 adveitiser
384 1326 95 29 une
507 1329 202 41 opinion
751 1321 307 48 absolument
1082 1330 256 47 contraire.
1364 1335 65 43 M.
1459 1337 120 45 Haie
1602 1346 280 44 caractérise
1909 1349 118 44 ainsi
2053 1353 44 42 k

87 1386 215 43 musique
329 1374 238 59 française
590 1383 229 45 moderne
846 1402 9 27 :

131 1467 88 37 Une
242 1470 160 47 grande
417 1473 132 45 partie
569 1475 71 38 des
662 1489 164 28 œuvres
847 1478 223 51 françaises
1095 1489 343 40 ultra-modernes
1462 1501 58 31 est
1539 1494 130 47 triste,
1696 1508 38 29 et
1758 1504 37 34 le
1815 1505 92 43 plus
1923 1517 174 30 souvent

88 1523 21 37 d
126 1533 77 27 une
225 1532 184 30 tnstesse
435 1539 95 27 sans
555 1541 153 36 espoir.
736 1534 55 37 La
813 1539 338 49 caractéristique
1195 1543 306 42 traditionnelle
1526 1551 49 35 de
1609 1556 37 34 la
1675 1556 188 48 musique
1901 1560 196 47 française

88 1588 91 29 était
219 1584 165 37 celle-ci
418 1595 8 26 :
452 1589 172 42 phrases
671 1600 179 35 courtes,
894 1597 127 36 clarté
1045 1605 39 28 et
1127 1599 171 48 logique
1326 1603 102 38 dans
1466 1608 35 34 le
1536 1607 351 52 développement,
1937 1619 161 44 rythme

88 1645 180 38 piquant,
294 1649 238 36 expression
559 1647 205 46 elegante.
791 1647 103 40 Mais
917 1652 57 35 les
1016 1660 132 39 temps
1170 1665 94 28 sont
1293 1661 196 47 changés,
1508 1665 56 34 les
1589 1627 302 85 comJLteu™
1913 1683 35 27 et
1981 1687 49 24 au
2037 1631 63 81 S

214 1703 321 36 appartiennent
559 1712 20 24 a
603 1712 80 26 une
720 1703 252 47 génération
1000 1713 205 41 nouvelle,
1230 1721 36 28 et
1291 1712 269 48 l'expression
1598 1722 208 47 musicale,
1835 1738 263 35 empruntant

88 1759 133 75 ™iT
254 1763 71 71 v\
336 1759 38 28 et
399 1764 43 26 83
489 1812 24 22 r
510 1767 83 25 rme
625 1760 83 35 313
910 1763 152 38 sociale
1070 1793 7 17 '
1105 1765 241 50 religieuse,
1372 1771 198 41 littéraire
1593 1777 71 37 des
1705 1787 128 39 temps
1862 1793 212 40 contempo-

88 1815 117 33 rains,
231 1818 18 24 s
267 1814 60 29 est
360 1812 322 42 complètement
709 1815 206 39 modifiée.
939 1819 63 37 Un
1029 1831 281 36 compositeur
1332 1826 160 40 sérieux
1513 1833 71 45 qui
1613 1842 189 31 tenterait
1823 1838 49 37 de
1912 1844 133 41 parler
2061 1845 37 35 la

89 1861 191 86 SreV
295 1873 20 26 6
353 1865 145 47 Haydn
541 1880 52 24 ou
612 1924 7 7 .
635 1870 51 36 de
724 1871 56 35 w
783 1872 111 45 eber,
946 1886 51 26 ou
1043 1876 49 37 de
1136 1877 218 50 Schubert,
1402 1886 124 37 serait
1562 1891 149 37 accusé
1750 1892 50 37 de
1849 1896 249 47 prétention,

85 1920 26 31 d
132 1920 248 45 affectation,
405 1933 51 24 ou
484 1923 26 35 d
529 1936 114 25 avoir
663 1931 126 33 voulu
813 1931 189 36 exécuter
1028 1946 53 23 un
1119 1942 93 29 tour
1236 1936 49 36 de
1310 1937 123 41 force.
1471 1941 57 37 En
1561 1943 107 45 effet,
1711 1947 146 45 depuis
1900 1956 200 36 queloues

90 1983 145 28 années
254 1988 106 25 nous
385 1989 178 28 sommes
583 1981 184 40 devenus
790 1993 94 29 tous
908 1989 94 43 plus
1020 1988 196 39 familiers
1241 2003 98 28 avec
1367 2004 106 29 cette
1498 2000 151 47 langue
1672 2004 341 42 ultra-moderne.
2040 2009 57 40 En

146 2041 190 39 emagne,
377 2035 47 37 R.
468 2035 167 40 Strauss
678 2051 21 26 a
743 2045 210 42 proclame
992 2058 53 22 un
1085 2046 198 50 Evangile
1322 2064 206 34 nouveau,
1574 2065 38 28 et
1650 2063 130 35 même
1804 2064 20 34 à
1849 2063 154 39 Boston
2028 2066 27 37 il
2078 2080 22 25 a

84 2094 181 31 entraîne
289 2089 71 38 des
376 2091 196 48 disciples
602 2098 21 33 à
649 2108 41 25 sa
714 2097 121 38 suite.

132 2141 121 40 César
283 2145 178 46 Franck,
489 2149 177 39 Vincent
879 2155 160 40 Claude
1061 2160 205 49 Debussy,
1293 2162 166 40 Gabriel
1485 2167 145 47 Fauré,
1658 2182 50 27 ne
1741 2182 92 28 sont
1872 2178 92 41 plus
1994 2190 103 29 pour

85 2212 97 25 nous
207 2203 71 36 des
301 2216 118 26 noms
442 2210 229 36 seulement
696 2221 7 33 ;
722 2210 48 37 ils
795 2221 94 28 sont
903 2214 70 37 des
991 2215 239 39 influences.
1252 2218 126 38 Leurs
1399 2223 235 45 tendances,
1654 2229 108 36 leurs
1782 2233 170 42 pensées
1990 2236 107 35 leurs

85 2259 168 37 idiomes
280 2271 50 26 ne
356 2273 105 26 nous
482 2272 94 29 sont
602 2268 94 42 plus
720 2270 240 36 totalement
1001 2272 212 48 étrangers
1235 2282 39 28 et
1310 2274 436 49 incompréhensibles.
1766 2284 28 36 Il
1815 2299 25 34 y
1858 2299 21 24 a
1904 2287 93 46 cinq
2025 2302 71 24 ans

99 2323 19 26 e
141 2315 188 44 Quatuor
358 2318 168 37 Kneisel
553 2333 104 25 nous
684 2333 20 26 a
730 2322 71 38 fait
823 2331 214 33 connaître
1067 2339 45 26 ce
1131 2338 181 37 quatuor
1339 2332 49 37 de
1414 2334 48 36 V.
1486 2335 158 49 d'indy,
1675 2348 37 27 et
1731 2340 144 46 depuis
1901 2355 44 25 ce
1968 2353 128 35 temps

84 2372 10 31 1
111 2374 263 46 intelligence
424 2379 197 34 musicale
668 2390 21 24 a
711 2379 71 38 fait
832 2381 97 37 chez
959 2395 104 25 nous
1101 2397 54 23 un
1191 2388 134 45 grand
1372 2393 188 44 progrès.
1595 2393 358 49 L'interprétation
1975 2412 48 25 en
2074 2414 20 25 a

82 2435 58 28 ete
159 2430 91 43 plus
289 2430 120 43 libre,
430 2434 94 43 plus
558 2444 251 36 imposante,
837 2440 93 43 plus
956 2439 155 43 hardie,
1148 2449 38 29 et
1217 2446 57 33 les
1312 2444 212 39 auditeurs
1571 2457 69 29 ont
1671 2452 63 35 été
1779 2456 90 42 plus
1903 2457 191 44 capables

80 2482 25 35 d
122 2483 178 47 écouter,
320 2486 50 36 de
396 2487 250 49 distinguer,
663 2491 254 39 d'accueillir
938 2508 52 24 ou
1011 2496 49 37 de
1085 2509 219 35 repousser
1322 2511 44 25 ce
1386 2501 71 47 qui
1477 2505 88 35 leur
1585 2505 97 37 était
1710 2507 131 39 offert.
1868 2510 74 37 Les
1969 2512 100 37 Knei-

85 2541 49 33 sel
161 2548 68 29 ont
254 2541 97 47 joué
372 2543 346 42 admirablement
744 2562 8 22 :
777 2548 27 36 il
847 2562 104 26 nous
995 2553 154 38 semble
1193 2554 244 47 impossible
1474 2570 81 35 que
1590 2560 54 37 M.
1680 2562 143 49 d'indy
1870 2566 85 47 qui,
1993 2568 100 38 dans

84 2599 192 46 quelques
299 2601 127 46 jours,
463 2602 85 37 doit
572 2604 225 38 l'entendre
822 2609 20 34 à
879 2607 247 49 New-York,
1150 2610 54 38 ait
1247 2612 142 48 jamais
1428 2615 144 38 assisté
1593 2620 21 34 à
1654 2630 79 26 une
1780 2620 313 49 interprétation

83 2662 102 27 aussi
209 2654 174 46 parfaite
409 2658 50 37 de
483 2670 74 25 son
584 2672 156 25 oeuvre.
765 2661 131 40 Grâce
921 2667 21 34 à
978 2674 108 29 cette
1131 2666 337 49 interprétation,
1499 2674 37 34 le
1570 2675 177 44 premier
1790 2690 259 28 mouvement
2073 2694 20 25 a

83 2717 92 35 paru
202 2714 91 42 plus
327 2713 102 37 clair
453 2722 39 29 et
542 2715 133 38 moins
720 2718 348 40 laborieusement
1106 2734 145 37 conçu,
1295 2737 104 25 nous
1602 2738 91 29 tous
1734 2733 105 37 senti
1865 2738 36 33 la
1948 2736 145 38 beauté

85 2766 238 42 passionnée
346 2770 50 36 de
426 2771 194 48 l'adagio,
644 2785 71 24 sur
736 2777 134 45 lequel
896 2780 123 42 plane
1053 2780 158 45 l'esprit
1234 2781 49 37 de
1308 2782 175 43 Franck,
1502 2793 39 28 et
1566 2788 36 33 le
1626 2785 122 40 finale
1785 2790 71 45 qui
1898 2793 192 37 autrefois

83 2832 95 26 nous
198 2825 193 38 semblait
410 2826 101 38 écrit
525 2828 101 37 dans
647 2841 80 26 une
751 2834 154 45 langue
927 2834 218 48 étrangère
1171 2844 38 28 et
1236 2837 182 45 pénible,
1443 2847 60 30 est
1526 2841 255 40 maintenant
1816 2849 245 44 compréhen-

83 2877 94 38 sible
197 2893 8 23 :
233 2880 26 37 il
280 2882 164 37 abonde
469 2894 49 26 en
541 2895 198 39 passages
758 2886 122 39 d'une
909 2889 148 37 beauté
1084 2902 87 26 rare
1193 2900 37 29 et
1251 2893 213 45 puissante
1491 2907 7 31 ;
1523 2907 73 26 son
1616 2910 275 34 mouvement,
1912 2904 175 37 éclatant

80 2931 46 38 de
149 2934 76 45 vie,
256 2941 151 35 touche
426 2941 37 36 le
484 2951 116 26 cœur
620 2943 109 36 aussi
753 2943 94 37 bien
875 2956 80 35 que
976 2945 310 50 l'intelligence.

132 3055 136 46 Voici
294 3072 54 31 ce
373 3074 92 41 que
493 3061 69 43 dit
604 3063 26 42 à
656 3077 93 42 peu
773 3064 109 56 près
920 3065 66 45 M.
1015 3066 145 42 Louis
1207 3067 149 43 Elson
1395 3069 26 42 à
1444 3084 180 44 propos
1668 3074 62 41 du
1774 3075 152 43 même
1976 3093 83 30 qua-

82 3124 98 37 tuor
205 3135 9 29 :

128 3222 51 38 Ce
203 3227 197 38 moderne
421 3228 195 48 Français
637 3238 59 29 est
721 3229 165 39 l'ascète
910 3243 73 35 par
1002 3235 242 35 excellence.
1266 3232 44 37 Si
1339 3244 53 26 on
1413 3234 166 45 pouvait
1604 3234 56 36 lui
1681 3235 184 39 inoculer
1888 3249 79 26 une
1988 3251 70 34 par-

82 3281 93 35 celle
193 3281 52 38 du
272 3283 112 38 virus
433 3286 171 36 musical
635 3286 48 38 de
725 3286 128 46 Bizet,
881 3288 27 36 il
931 3288 123 38 serait
1080 3303 52 22 un
1153 3293 79 33 très
1252 3289 133 49 grand
1405 3289 292 47 compositeur.
1736 3293 70 36 Tel
1832 3297 111 43 quel,
1969 3295 26 36 il
2021 3305 59 29 est

80 3333 33 36 le
131 3338 89 42 plus
240 3340 136 46 grand
401 3342 240 38 travailleur
662 3344 183 37 cérébral
871 3345 54 36 du
944 3348 148 44 champ
1119 3345 169 38 musical
1314 3345 173 47 français
1508 3347 317 47 d'aujourd'hui.

123 3389 27 36 Il
165 3402 57 28 est
244 3397 36 34 le
302 3395 144 47 prince
461 3397 53 37 du
539 3399 358 47 développement.
917 3401 172 37 Brahms
1111 3414 104 24 nous
1233 3414 21 24 a
1266 3402 197 48 enseigné
1483 3404 229 44 cependant
1727 3416 80 35 que
1828 3409 35 33 le
1887 3408 168 46 dévelop-

78 3454 157 34 pement
259 3455 36 33 le
323 3456 95 43 plus
464 3455 129 37 subtil
621 3455 103 38 n'est
751 3469 72 34 pas
849 3456 297 45 incompatible
1165 3469 96 26 avec
1286 3462 37 33 la
1341 3459 160 37 beauté.
1527 3459 113 37 Nous
1675 3460 178 38 doutons
1877 3474 80 34 que
1978 3464 100 37 dans

80 3502 32 33 le
134 3505 220 46 répertoire
377 3510 71 37 des
471 3519 200 38 quatuors
689 3516 20 33 à
729 3513 147 37 cordes
902 3513 27 37 il
954 3526 26 35 y
995 3513 55 38 ait
1077 3526 52 24 un
1150 3517 182 42 exemple
1367 3513 95 38 d'un
1498 3515 208 37 continuel
1739 3517 341 47 développement

80 3555 44 38 de
144 3563 149 46 motifs,
322 3569 52 34 tel
401 3567 100 47 qu'il
529 3580 105 25 nous
664 3578 59 28 est
751 3570 133 37 révélé
927 3569 68 38 ici.
1024 3571 59 34 De
1122 3569 137 38 motifs
1277 3585 16 20 r
1319 3583 96 33 non,
1444 3571 95 35 d'un
1564 3574 85 34 seul
1677 3573 121 36 motif
1812 3587 9 29 ;
1843 3586 77 25 une
1950 3575 131 49 figure

78 3617 176 38 solitaire
271 3620 49 38 de
344 3631 146 38 quatre
511 3633 116 29 notes
650 3624 153 39 fournit
830 3637 175 36 presque
1027 3625 183 38 l'entière
1233 3625 167 38 matière
1426 3626 193 38 musicale
1647 3628 49 36 de
1734 3641 44 26 ce
1795 3634 287 45 remarquable

78 3668 271 49 déploiement
368 3679 50 37 de
438 3679 111 38 force
591 3681 310 39 intellectuelle.
950 3683 112 36 Tous
1091 3686 57 33 les
1173 3685 182 45 rythmes
1379 3683 59 47 s'y
1463 3691 189 30 trouvent
1679 3686 140 44 mêlés,
1860 3686 144 46 depuis
2048 3692 36 34 le

82 3729 62 45 5/4
159 3730 187 48 jusqu'au
370 3738 77 45 1/4,
463 3736 184 39 inconnu
666 3738 165 49 jusqu'à
855 3740 165 45 présent
1039 3743 7 32 !
1071 3747 37 29 et
1133 3750 66 26 ces
1221 3742 181 44 rythmes
1431 3750 42 25 se
1500 3739 204 45 heurtent,
1728 3752 42 26 se
1799 3743 285 45 poursuivent,

79 3791 91 30 sans
195 3791 109 36 trêve
325 3790 42 37 ni
383 3803 135 35 repos.

196 3883 46 24 LE
272 3886 185 27 MERCURE
485 3890 167 25 MUSICAL

1894 3884 45 37 15
