2329 4017
2092 194 64 30 129

170 280 197 32 »-w-4w
412 288 49 24 w
486 279 124 33 Tir—*4
748 282 134 30 mm
972 278 32 34 A
1216 279 47 33 V
1299 279 54 33 jr-
1468 271 92 33 THE
1581 273 241 34 JOURNAL
1849 270 62 32 OF
1939 270 91 32 THE
2062 270 92 34 ART

221 298 34 59 I
329 298 124 59 I—I
494 298 120 59 17
748 298 136 60 /l/l
953 298 70 59 A
1224 298 103 50 1/
1469 315 77 30 OF
1601 315 133 31 THE
1788 312 364 34 THEATRE.

330 343 29 43 ■
424 349 28 37 I
744 343 145 45 IWI
934 343 107 54 /-%
1224 343 103 54 |\
1469 355 226 32 VOLUME
1734 355 103 36 ONE,
1874 355 67 31 No.
1977 354 179 32 SEVEN

222 397 33 37 .4
329 391 31 42 I
415 384 113 49 R.1
560 393 56 45 *4
727 384 31 46 1
792 384 29 45 ▼
856 384 97 45 Hi.
1214 384 56 45 Jl
1468 397 388 33 SEPTEMBER
1921 404 17 25 I
1982 404 22 29 9
2046 404 24 24 O
2110 396 46 30 8.

283 538 319 56 AFTER
654 538 183 47 THE
877 537 499 54 PRACTISE
1425 537 182 47 THE
1657 536 401 54 THEORY

581 677 47 25 j£>
671 671 30 30 A
737 669 120 32 NOTE
892 670 60 29 ON
989 670 29 29 A
1051 669 149 32 STAGE
1232 668 146 31 SCENE
1412 669 47 37 by
1493 668 90 33 THE
1618 669 227 34 DESIGNER
1887 675 47 26 -<S>
1977 667 180 32 YVETTE

163 729 243 36 GUILBERT,
428 730 62 29 AN
513 729 274 34 IMPRESSION
812 729 47 36 by
882 727 216 32 HALDANE
1121 726 218 32 MACFALL
1473 727 179 33 ROGUES
1673 729 94 29 AND
1792 727 276 32 VAGABONDS
2110 732 46 26 £>

162 787 92 31 THE
269 786 355 34 ARCHITECTURE
640 787 92 29 AND
750 785 217 31 COSTUME
984 785 57 30 OF
1056 783 370 35 SHAKESPEARE'S
1444 783 151 35 GREEK
1613 783 144 32 PLAYS
1774 786 48 35 by
1839 785 39 31 E.
1894 786 58 29 W.
1969 783 187 32 GODWIN

251 844 104 31 TWO
379 844 167 34 WORDS
569 844 91 31 AND
684 843 139 34 THEIR
844 843 210 32 MEANING
1148 843 29 29 A
1201 842 119 31 NOTE
1343 842 59 30 ON
1431 842 61 30 AN
1516 842 90 30 OLD
1637 842 276 36 ENGRAVING,
1938 843 48 37 by
2007 842 149 31 ALLEN

163 901 169 36 CARRIC
355 908 46 26 0
473 901 182 32 BEAUTY
679 901 43 30 IN
745 900 92 34 ART
861 900 47 38 by
942 899 249 33 NIETZSCHE
1303 898 369 34 SHAKESPEARE'S
1706 898 147 31 PLAYS
1886 900 48 36 by
1968 899 187 34 GORDON

163 961 139 34 CRAIG
415 960 121 30 BOOK
572 959 210 34 REVIEWS
815 964 46 25 £>
891 957 197 35 FOREIGN
1111 957 146 32 NOTES
1286 964 46 25 £>
1362 956 245 34 EDITORIAL
1630 956 146 32 NOTES
1793 962 46 26 &
1865 956 290 34 ENGRAVINGS

163 1021 49 36 by
236 1018 187 34 GORDON
447 1018 152 37 CRAIG,
621 1017 34 30 J.
679 1016 180 36 OLIVER,
882 1016 209 34 CHARLES
1116 1016 212 35 BORROW,
1352 1014 41 32 C.
1416 1013 221 33 TICKETTS
1661 1014 30 30 &
1715 1013 192 34 OTHERS.
1936 1019 46 26 JSf
2108 1021 47 25 £>

165 669 376 32 CONTENTS

167 1523 58 64 A
329 1521 343 68 NOTE
771 1523 158 66 ON
1033 1526 61 63 A
1193 1523 432 71 STAGE
1721 1528 434 69 SCENE

165 1658 80 66 Hpo
264 1660 45 29 be
327 1660 306 29 misunderstood
652 1667 84 29 may
754 1660 45 29 be
815 1660 41 30 to
874 1661 45 29 be
936 1662 122 35 great.
1103 1661 50 30 To
1178 1663 310 30 misunderstand
1506 1664 31 30 is
1554 1664 90 38 only
1659 1665 211 32 deliberate
1887 1667 267 32 carelessness.

224 1728 46 25 &
299 1723 30 28 A
352 1722 132 36 design
507 1720 61 31 for
591 1729 21 22 a
634 1722 108 36 stage
765 1729 113 23 scene
901 1722 135 31 should
1062 1724 95 30 need
1183 1732 47 22 no
1255 1724 335 37 explanation:...
1615 1728 69 29 but
1706 1729 129 30 where
1859 1730 32 29 is
1906 1730 67 31 the
1990 1731 107 30 harm
2114 1732 38 30 in

163 1785 131 36 trying
315 1785 40 28 to
381 1783 109 30 make
513 1792 22 21 a
556 1784 112 36 thing
691 1783 146 31 clearer
861 1785 47 36 by
931 1786 125 29 words
1078 1786 110 30 when
1212 1787 66 29 the
1295 1788 132 37 design
1445 1788 105 30 itself
1564 1790 68 30 has
1647 1789 115 32 failed
1773 1792 18 29 ?
1833 1798 46 25 &
1924 1792 75 31 The
2015 1792 138 32 failure

163 1848 32 28 is
219 1847 68 29 not
310 1847 120 29 mine:
454 1846 31 29 it
508 1846 31 29 is
561 1853 129 30 yours,
714 1848 72 28 and
812 1848 12 27 I
848 1846 107 31 don't
977 1846 61 31 for
1061 1856 47 21 an
1133 1849 149 30 instant
1306 1849 145 31 believe
1479 1858 73 30 you
1576 1852 77 30 will
1685 1854 236 30 understand
1947 1856 31 29 it
2000 1864 21 21 a
2046 1864 108 29 scrap

164 1910 128 29 better
314 1908 100 30 after
436 1916 73 30 you
534 1908 96 30 have
653 1910 90 28 read
767 1909 78 30 this
870 1910 102 30 note.
1019 1912 74 29 But
1114 1919 74 29 you
1212 1911 77 30 will
1312 1911 74 30 feel
1410 1913 87 30 that
1519 1915 219 37 something
1760 1916 32 30 is
1811 1924 134 30 wrong
1960 1919 96 29 with
2079 1927 73 28 you

163 1972 73 30 and
260 1971 87 30 that
369 1972 31 29 is
424 1971 49 30 all
497 1972 13 29 I
533 1972 105 29 want
659 1979 73 29 you
757 1973 40 29 to
820 1971 88 31 feel.

254 2034 50 30 To
329 2034 111 36 begin
463 2034 107 36 with,
593 2035 78 29 this
687 2035 31 29 is
736 2034 88 38 only
847 2043 21 21 a
891 2035 132 37 design
1047 2035 61 31 for
1130 2044 22 22 a
1174 2044 113 23 scene
1311 2038 72 30 and
1409 2039 69 29 not
1500 2039 67 30 the
1583 2047 113 23 scene
1713 2041 115 30 itself.
1873 2042 77 30 The
1966 2042 188 39 language

165 2095 38 31 of
226 2104 21 22 a
269 2103 112 23 scene
405 2095 133 31 differs
560 2095 98 31 from
676 2105 21 21 a
720 2096 133 38 design
877 2105 48 23 on
949 2105 128 30 paper.
1124 2099 11 29 1
1158 2100 96 29 have
1277 2100 214 31 translated
1515 2102 67 29 the
1606 2110 112 23 scene
1740 2102 122 40 freely
1884 2105 74 30 and
1976 2107 69 29 not
2060 2107 94 29 with

166 2167 47 21 an
238 2159 198 29 exactness
461 2159 208 29 demanded
705 2161 48 35 by
786 2161 66 29 the
889 2160 141 32 Berlitz
1052 2162 148 30 School.
1247 2162 101 31 Look
1378 2164 40 29 at
1446 2164 31 30 it
1505 2163 122 39 freely
1650 2166 73 29 and
1747 2167 166 30 without
1935 2168 86 30 that
2045 2169 109 30 brain

166 2222 190 36 snobbery
369 2222 122 29 which
506 2222 165 29 deadens
687 2222 66 29 the
770 2223 127 37 gaiety
915 2222 37 30 of
969 2222 64 31 life
1050 2225 72 29 and
1141 2224 49 30 all
1206 2224 76 31 will
1301 2226 45 29 be
1362 2225 99 31 well.
1506 2228 50 29 Be
1588 2229 160 29 content
1773 2230 71 29 not
1859 2230 40 30 to
1917 2231 236 31 understand

167 2284 31 29 it
221 2282 50 31 all
295 2284 40 29 at
358 2291 93 22 once
475 2284 73 29 and
572 2291 57 23 we
653 2284 95 30 shall
784 2286 44 28 be
861 2284 159 31 friends.
1066 2287 74 29 But
1173 2286 29 30 if
1233 2295 73 29 you
1342 2288 88 29 look
1464 2290 39 29 at
1536 2289 32 30 it
1601 2291 169 37 through
1805 2300 21 21 a
1858 2291 82 31 film
1975 2292 39 30 of
2047 2294 107 36 quite

167 2353 256 29 unnecessary
448 2346 210 30 bitterness
682 2346 208 31 awakened
916 2349 47 35 by
985 2349 66 29 the
1075 2349 174 30 delusion
1272 2350 87 30 that
1379 2359 75 28 you
1479 2359 66 23 are
1570 2353 112 37 being
1705 2352 139 38 fooled,
1868 2355 93 29 then
1985 2363 73 29 you
2075 2356 77 30 will

166 2409 45 29 be
236 2408 146 36 utterly
405 2407 232 37 nonplussed
662 2410 73 28 and
759 2409 65 30 the
849 2410 111 36 thing
982 2409 76 31 will
1083 2411 110 30 make
1216 2420 73 28 you
1313 2411 149 32 furious
1486 2422 43 21 or
1553 2415 120 29 bitter
1697 2423 44 21 or
1763 2415 218 31 disdainful.
2108 2425 46 25 &

164 2477 46 25 &
255 2471 12 29 I
283 2470 125 30 would
426 2472 161 35 prevent
599 2471 78 30 this
690 2470 28 31 if
730 2472 177 36 possible.
953 2474 112 29 What
1088 2475 31 28 is
1143 2475 31 28 it
1186 2474 18 29 ?
1227 2474 95 38 Only
1338 2476 104 29 what
1456 2484 74 29 you
1549 2476 75 31 like
1640 2479 41 28 to
1698 2477 110 31 make
1825 2479 43 30 it.
1913 2478 30 31 If
1960 2488 74 29 you
2053 2480 101 30 can't

165 2523 101 37 hang
289 2531 21 21 a
332 2523 168 37 thought
523 2531 48 21 on
596 2524 31 28 it
650 2524 84 36 give
759 2525 31 28 it
814 2532 63 29 up.
922 2524 29 30 If
973 2533 74 29 you
1073 2533 67 23 can
1165 2526 31 30 it
1218 2526 76 30 will
1319 2528 162 36 perhaps
1505 2536 116 30 repay
1642 2538 89 28 you.
1798 2531 89 30 Best
1917 2531 30 31 if
1973 2540 74 29 you
2071 2531 81 32 find

164 2587 31 28 it
218 2587 40 29 to
282 2586 45 29 be
351 2593 73 22 one
448 2585 38 30 of
508 2586 66 29 the
597 2585 197 38 following
817 2588 144 37 things.
1005 2589 30 29 A
1058 2596 111 23 scene
1193 2591 224 36 expressing
1439 2591 66 30 the
1529 2592 84 30 idea
1644 2592 38 30 of
1710 2594 77 29 two
1818 2592 137 39 forces,
1980 2595 174 37 mobility

164 2649 74 30 and
263 2648 281 38 immobility,...
569 2656 97 23 or....
689 2650 32 29 it
743 2651 31 28 is
797 2658 22 21 a
842 2658 112 23 scene
978 2653 269 36 representing
1268 2653 68 30 the
1360 2654 76 37 city
1459 2653 39 30 of
1514 2653 97 39 Troy
1627 2655 38 29 in
1682 2654 187 37 flames,...
1886 2665 94 23 or....
1997 2666 22 22 a
2041 2666 111 22 scene

163 2711 98 31 fram
285 2710 294 37 Shakespeare's
604 2711 163 31 Troilus
783 2712 83 31 and
885 2712 192 32 Cressida
1106 2716 39 29 in
1169 2715 49 30 all
1235 2716 50 29 its
1301 2724 183 30 accuracy
1501 2716 37 31 of
1553 2717 131 36 detail,
1701 2719 130 35 period
1849 2720 40 30 B.
1908 2721 39 29 C.
1971 2720 181 37 II84»900.

165 2774 76 30 The
257 2773 111 37 pillar
391 2775 38 28 in
454 2775 66 29 the
542 2773 235 38 foreground
802 2777 31 29 is
857 2784 72 22 one
953 2776 38 30 of
1014 2778 65 29 the
1103 2779 178 36 supports
1305 2778 38 31 of
1364 2779 67 30 the
1454 2780 95 30 door
1572 2780 38 30 of
1632 2781 87 30 that
1741 2783 151 35 period:
1915 2783 87 30 that
2025 2784 38 29 in
2087 2783 65 30 the

164 2837 139 30 middle
320 2838 172 29 distance
515 2838 164 31 another
702 2840 73 29 and
799 2839 39 30 in
862 2840 65 30 the
952 2840 245 37 background
1214 2850 74 29 you
1307 2850 69 22 can
1400 2850 62 22 see
1489 2843 66 30 the
1581 2843 120 31 walls.
1747 2844 146 31 Flames
1920 2846 74 29 and
2021 2846 131 30 smoke

166 2900 185 36 complete
369 2900 65 30 the
458 2901 145 37 design.

163 2968 46 25 &
253 2964 78 28 You
357 2971 85 29 may
464 2963 90 30 take
576 2971 98 30 your
697 2965 128 30 choice
849 2973 40 22 as
911 2967 42 29 to
976 2966 122 30 which
1123 2966 39 31 of
1177 2967 108 30 these
1303 2967 109 31 three
1429 2967 189 32 solutions
1633 2977 73 29 you
1724 2970 144 36 accept,
1886 2971 69 29 but
1970 2978 41 23 as
2028 2971 13 30 I
2057 2971 94 30 have

166 3032 84 23 now
273 3027 111 37 given
407 3034 73 29 you
505 3034 22 23 a
550 3027 127 30 choice
693 3035 74 31 you
786 3036 68 22 can
872 3036 48 22 no
937 3028 134 39 longer
1086 3037 135 25 accuse
1236 3030 172 39 yourself
1424 3031 38 31 of
1480 3032 66 30 not
1564 3032 113 37 being
1693 3032 83 30 able
1793 3034 40 29 to
1851 3034 235 30 understand
2107 3036 43 29 it.

1691 3109 90 33 THE
1826 3111 241 35 DESIGNER.

457 3221 38 30 of
528 3224 183 35 costume,
736 3224 73 36 etc,
832 3224 39 29 in
906 3225 181 37 pictures,
1110 3226 175 31 whether
1308 3235 48 22 on
1391 3234 138 23 canvas
1552 3234 43 23 or
1618 3234 48 23 on
1690 3227 65 30 the
1790 3229 120 35 stage,
1940 3227 135 31 should
2107 3230 45 28 be

247 3284 125 30 either
395 3284 218 37 altogether
635 3293 134 29 wrong
791 3293 44 23 or
857 3286 139 38 wholly
1018 3289 118 35 right.

1837 3288 40 32 E.
1900 3290 57 29 W.
1982 3290 170 32 Godwin.
