2342 4060
2099 230 61 29 147

172 303 67 30 has
262 303 99 31 lived
384 303 226 31 afterwards
627 305 39 28 to
683 310 113 29 prove
813 301 103 29 them
938 301 72 28 and
1031 300 101 28 their

172 357 181 35 ignorant
376 357 203 36 animosity
603 355 202 36 unworthy
828 351 38 30 of
887 352 66 29 the
970 352 162 35 country

172 410 123 29 which
329 409 164 31 shelters
527 409 116 29 them.
688 408 73 29 But
793 404 219 31 sometimes
1041 404 91 35 they

174 470 104 22 come
302 470 127 22 across
452 462 132 29 artists
603 460 84 29 who
704 459 94 28 have
816 464 47 22 no
887 456 192 29 intention
1095 454 38 31 of

174 514 114 36 being
310 514 217 36 destroyed,
551 520 43 21 or
617 510 38 30 of
677 510 140 34 letting
839 508 103 30 their
963 506 108 31 work
1088 508 44 29 be

173 564 216 39 destroyed,
412 565 72 29 and
518 565 31 28 it
572 564 31 29 is
635 562 92 29 then
750 561 86 29 that
858 561 91 36 they
973 568 85 29 may
1088 561 45 29 be

173 618 80 28 said
277 619 41 28 to
342 618 101 29 meet
464 616 78 36 just
563 615 103 29 what
688 614 91 35 they
806 613 47 29 do
877 613 68 29 not
966 613 104 29 want
1092 613 41 28 to

174 670 114 36 meet,
311 670 85 29 that
419 670 43 34 is,
485 668 102 29 their
610 665 139 30 match.
916 670 46 25 z®
1088 671 46 25 z®

175 720 113 30 Their
310 721 165 29 attitude
499 720 31 28 is
559 727 21 20 a
602 725 92 28 very
716 716 58 38 sly
803 718 73 28 and
901 716 125 30 clever
1049 724 85 29 one,

175 774 69 28 but
266 781 57 21 we
344 771 113 30 think
472 772 31 28 it
519 771 31 29 is
566 778 21 21 a
603 769 99 30 little
719 770 65 28 too
801 769 56 36 sly
873 768 61 30 for
950 769 183 36 England.

175 824 76 30 The
274 824 165 29 attitude
470 823 31 28 is
523 822 86 29 that
625 821 38 30 of
684 821 67 30 the
774 821 208 36 protector.
1005 822 104 29 Some-

174 877 112 28 times
311 875 109 29 these
447 874 128 29 critics
605 880 65 22 are
692 880 149 22 women
866 873 69 29 but
958 880 40 22 as
1014 881 22 20 a
1050 872 84 29 rule

174 928 108 29 these
304 927 153 29 writers
482 932 104 23 come
610 924 129 31 before
768 925 67 29 the
858 924 127 36 public
1007 925 39 28 in
1068 925 66 29 the

174 980 106 35 guise
304 978 38 30 of
358 978 94 36 good
469 979 134 34 strong
620 977 154 37 healthy
790 976 244 38 Englishmen
1049 977 85 29 who

173 1032 105 28 want
310 1032 40 28 to
384 1030 149 35 protect
565 1030 102 28 their
700 1030 163 36 country
895 1028 98 30 from
1031 1029 103 29 what

174 1083 91 36 they
308 1090 64 22 are
415 1080 151 37 pleased
603 1083 42 29 to
690 1081 70 30 call
1060 1082 73 28 and

175 1134 208 36 unhealthy
526 1134 123 29 which
666 1134 130 30 makes
811 1142 96 29 your
931 1134 93 29 head
1042 1134 91 29 ache

173 1186 72 28 and
275 1185 49 29 all
354 1186 66 29 the
454 1187 81 29 rest
569 1185 38 30 of
640 1187 43 35 it,
716 1187 73 29 and
824 1186 64 30 the
923 1193 86 22 men
1042 1186 92 36 they

173 1237 135 29 choose
332 1239 40 27 to
395 1237 131 31 attack
548 1246 65 22 are
646 1239 110 29 those
788 1239 86 29 who
896 1240 106 28 want
1023 1239 40 29 to
1087 1239 47 28 do

173 1289 66 30 the
263 1291 100 29 most
384 1291 193 36 thorough
600 1291 107 30 work
730 1293 73 28 and
828 1292 94 30 have
945 1292 67 29 the
1028 1290 107 30 work

173 1343 98 29 done
288 1343 37 29 in
343 1343 65 30 the
427 1345 101 28 most
542 1344 193 37 thorough
751 1352 102 29 way:
878 1345 38 29 in
932 1343 90 37 fact,
1043 1344 92 37 they

174 1393 130 32 attack
326 1395 66 30 the
416 1397 100 29 most
537 1395 159 31 athletic
717 1396 184 31 workers.
938 1397 101 30 Thus
1061 1404 73 29 you

174 1455 63 22 see
253 1448 66 29 the
337 1448 128 30 critics
487 1449 170 37 praising
680 1456 49 29 up
752 1458 22 21 a
795 1448 109 31 weak
920 1450 71 29 and
1008 1448 127 37 flabby

175 1501 255 28 academician
467 1501 73 29 and
586 1501 137 37 calling
767 1502 193 36 Augustus
1003 1500 132 31 John's

176 1552 243 36 drawings
453 1554 82 28 and
581 1555 235 35 paintings
907 1553 124 30 clever
1069 1554 68 29 but

177 1604 227 35 unpleasant
508 1604 100 31 Thus
650 1613 73 29 you
768 1613 63 22 see
874 1606 93 29 such
1010 1606 127 29 critics

175 1656 169 36 praising
366 1663 104 22 some
495 1656 115 35 cheap
628 1658 72 28 and
718 1656 158 36 popular
899 1658 89 35 poet
1009 1657 127 29 whose

174 1715 129 21 verses
326 1715 65 21 are
414 1716 22 20 a
459 1708 170 36 disgrace
663 1710 40 28 to
737 1710 65 28 the
832 1708 244 37 intelligence
1100 1709 37 29 of

176 1757 182 37 England,
371 1761 66 34 yet
450 1759 198 37 attacking
660 1761 65 28 the
739 1759 106 30 work
862 1759 37 30 of
911 1768 21 21 a
947 1761 190 29 Meredith

175 1818 43 21 or
241 1818 21 21 a
277 1811 246 35 Swinburne;
540 1813 73 28 and
631 1812 77 29 this
724 1820 77 21 was
819 1811 87 37 only
921 1813 215 35 yesterday.

175 1861 87 29 This
285 1861 89 30 does
409 1861 168 37 England
613 1863 106 29 harm
744 1864 38 28 in
812 1870 112 29 many
946 1871 114 29 ways.
1106 1864 31 28 It

175 1912 127 37 delays
339 1914 66 29 the
443 1914 138 30 arrival
619 1914 38 30 of
693 1915 66 29 the
798 1916 84 29 best
925 1916 144 35 things,
1107 1916 30 29 it

175 1964 165 30 benefits
362 1964 148 38 foreign
539 1967 195 29 countries
756 1967 85 29 that
864 1975 64 21 are
952 1968 183 35 prepared

175 2017 40 28 to
239 2016 117 35 profit
389 2018 71 28 and
485 2018 84 30 who
593 2020 46 28 do
662 2018 118 36 profit
803 2020 47 35 by
872 2020 103 28 them
1000 2020 72 28 and
1108 2019 29 29 it

177 2077 92 21 runs
304 2070 64 28 the
402 2070 81 29 risk
516 2070 38 30 of
587 2070 153 37 making
767 2071 65 29 the
869 2079 108 22 name
1001 2070 38 30 of
1071 2071 66 29 the

178 2121 154 36 English
355 2123 109 28 critic
486 2123 66 29 the
577 2122 181 37 laughing
784 2122 108 30 stock
916 2122 37 30 of
977 2123 160 36 Europe.

177 2175 152 35 Aubrey
353 2174 215 37 Beardsley,
591 2175 122 29 whom
739 2175 77 29 this
831 2177 90 34 type
955 2175 38 29 off
1016 2176 121 35 critic,

175 2226 165 29 without
384 2227 303 36 understanding
724 2226 89 30 calls
855 2227 171 29 immoral
1064 2229 71 27 and

176 2279 204 35 eecentric,
404 2279 31 28 is
469 2279 150 29 studied
651 2279 47 36 by
730 2278 149 37 foreign
903 2280 127 29 critics
1064 2281 71 28 and

177 2329 117 30 found
318 2331 41 28 to
384 2331 45 28 be
453 2338 21 21 a
497 2331 147 35 genius,
671 2331 73 28 and
769 2329 101 30 after
894 2331 46 29 he
958 2331 66 30 has
1042 2332 95 29 been

177 2381 115 30 killed
317 2382 30 29 is
371 2383 40 28 at
440 2382 75 29 last
537 2383 148 34 praised
711 2383 38 28 in
768 2382 233 36 unqualified
1018 2384 119 29 terms

175 2434 60 29 for
259 2434 57 29 his
339 2432 239 31 remarkable
603 2434 294 29 achievements.
1092 2441 45 23 j®

177 2486 218 29 Patriotism
433 2486 72 28 and
554 2487 61 28 art
645 2493 64 22 are
742 2486 130 37 things
915 2487 122 29 which
1069 2494 67 22 can

177 2545 116 22 never
328 2538 44 28 be
421 2538 221 34 connected,
682 2538 69 29 but
798 2539 214 35 patriotism
1064 2539 71 29 and

176 2589 88 30 first
298 2589 93 30 class
415 2589 106 29 work
554 2597 65 22 are
648 2589 139 37 closely
820 2590 126 36 allied,
981 2592 71 27 and
1076 2590 61 30 for

175 2642 65 29 the
263 2641 89 30 first
375 2641 95 30 class
504 2643 132 28 artists
659 2643 40 27 to
723 2643 45 28 be
798 2643 205 35 permitted
1027 2644 41 28 to
1092 2643 45 29 be

175 2693 165 30 insulted
365 2694 48 36 by
445 2694 66 29 the
533 2694 113 29 tenth
681 2695 83 28 rate
799 2695 127 28 critics
959 2695 124 28 shows
1117 2703 20 20 a

174 2745 85 30 lack
281 2745 38 30 of
341 2746 215 36 patriotism
588 2753 48 22 on
660 2745 65 30 the
747 2747 88 34 part
864 2745 38 30 of
924 2746 66 29 the
1012 2745 125 30 rulers

174 2797 38 30 of
234 2798 66 29 the
325 2797 123 30 Press,
472 2804 45 25 J®
541 2797 75 30 The
639 2805 173 29 younger
845 2798 133 29 artists
1008 2797 127 30 whose

173 2849 192 30 influence
398 2850 32 29 is
453 2850 207 36 beginning
692 2851 41 28 to
761 2850 45 29 be
828 2849 71 30 felt
932 2850 134 29 should
1091 2851 45 28 be

175 2901 83 30 able
281 2904 41 27 to
346 2901 141 30 reckon
511 2909 49 22 on
576 2902 65 29 the
658 2903 160 35 support
840 2901 38 30 of
899 2902 66 29 the
990 2902 147 29 leaders

176 2953 37 30 of
246 2954 66 29 the
337 2954 122 33 Press,
495 2955 68 28 not
587 2955 159 29 because
781 2953 38 30 of
840 2954 104 30 their
977 2956 61 28 art
1068 2955 69 29 but

177 3007 159 27 because
360 3004 38 30 of
420 3006 102 29 their
544 3004 89 31 first
655 3007 84 28 rate
763 3006 120 30 work.
920 3012 45 24 &
1090 3013 46 24 z®

179 3058 120 28 When
321 3064 73 29 you
419 3056 116 36 speak
552 3057 37 29 of
612 3065 21 21 a
655 3057 141 30 soldier
812 3058 31 29 it
866 3066 88 28 goes
972 3058 164 30 without

175 3110 134 35 saying
321 3109 86 29 that
419 3109 47 29 he
480 3109 31 28 is
525 3117 20 20 a
559 3109 113 29 brave
687 3117 99 22 man.
810 3110 112 29 What
943 3118 74 29 you
1043 3111 92 29 have

175 3163 40 28 to
229 3162 110 29 write
353 3161 118 30 about
483 3161 32 29 is
528 3161 66 29 the
608 3160 228 31 athleticism
851 3162 130 29 shown
998 3163 48 36 by
1060 3163 74 28 him

175 3215 38 28 in
238 3213 102 30 mind
366 3213 72 29 and
464 3213 108 36 body.
617 3213 32 29 It
672 3213 31 28 is
735 3213 186 37 precisely
942 3215 67 28 the
1033 3222 102 21 same

175 3265 92 30 with
291 3265 67 30 the
382 3265 127 29 artist.
526 3265 32 28 It
581 3265 31 28 is
634 3264 92 36 folly
742 3265 40 28 to
804 3266 110 29 write
937 3267 118 28 about
1069 3266 66 29 the

174 3317 73 30 Art
270 3317 37 30 of
340 3318 66 28 the
436 3318 115 28 artist
582 3316 61 29 for
674 3316 165 29 without
861 3318 69 29 Art
952 3318 46 30 he
1033 3319 31 28 is
1087 3326 48 21 no

175 3370 125 29 artist.
346 3370 113 29 What
482 3377 85 28 may
601 3369 46 29 be
676 3369 157 29 written
866 3370 118 29 about
1016 3372 31 28 is
1069 3370 67 29 the

177 3422 157 29 athletic
357 3421 145 36 quality
525 3420 38 30 of
587 3421 56 29 his
659 3420 124 37 work;
808 3422 156 36 bearing
977 3424 37 28 in
1033 3424 101 28 mind

174 3474 86 28 that
283 3474 65 28 the
373 3472 176 30 athletics
566 3472 39 30 of
619 3473 66 29 the
702 3474 98 35 body
822 3475 72 28 and
919 3474 37 30 of
971 3476 65 28 the
1053 3475 82 30 soul

175 3532 64 22 are
257 3526 75 28 two
350 3524 183 30 different
547 3526 143 35 things.
707 3525 87 29 This
811 3526 31 28 is
859 3528 67 28 not
940 3526 195 37 forgotten

174 3577 111 29 when
309 3576 184 37 speaking
526 3577 37 29 of
596 3578 65 28 the
688 3577 153 30 soldier.
885 3577 76 31 The
985 3582 80 28 arts
1099 3579 38 31 of

175 3636 79 22 war
278 3636 64 21 are
365 3629 134 29 rather
521 3629 215 36 dangerous
751 3630 130 36 things
904 3631 40 29 to
968 3632 167 33 criticize

173 3680 147 37 though
328 3688 57 22 we
396 3688 84 28 may
489 3681 44 29 be
541 3688 88 22 sure
636 3681 85 30 that
730 3681 109 31 those
849 3685 288 38 extraordinary

175 3734 80 29 arts
266 3733 93 29 have
368 3740 117 22 never
502 3733 95 30 been
606 3734 157 29 written
775 3735 117 30 about
902 3737 38 28 in
956 3737 65 29 the
1030 3739 104 35 right

174 3786 112 37 spirit
311 3786 47 36 by
380 3792 74 30 any
478 3785 109 32 critic
601 3786 85 29 who
702 3794 77 23 was
803 3788 68 29 not
883 3795 20 22 a
916 3790 90 33 poet
1017 3790 40 30 at
1069 3791 66 31 the

1202 308 102 24 same
1328 305 105 29 time.
1479 305 98 31 Thus
1600 315 57 23 we
1683 308 92 29 have
1799 308 162 35 perhaps
1983 308 65 29 the
2072 307 89 37 only

1196 353 77 30 two
1296 364 80 21 war
1392 358 127 30 critics
1535 360 38 28 in
1591 360 138 30 Homer
1748 362 72 28 and
1839 359 100 31 Walt
1955 360 205 30 Whitman.

1197 405 99 31 Such
1321 409 179 31 criticism
1517 412 33 29 is
1565 412 135 30 indeed
1726 413 194 29 criticism.
1951 412 33 30 It
1998 412 163 35 inspires

1197 458 113 31 while
1343 461 32 29 it
1429 463 203 38 describes,
1677 466 86 29 and
1808 472 113 22 even
1965 464 113 30 while
2129 465 33 28 it

1198 508 189 36 blames.
1427 517 74 28 But
1554 518 112 29 when
1721 518 66 29 the
1839 515 153 38 English
2039 517 122 35 critic,

1196 565 85 29 who
1320 566 31 29 is
1395 568 160 30 devoted
1611 570 40 29 to
1702 570 66 29 the
1815 571 82 28 arts
1952 567 38 32 of
2032 576 128 28 peace,

1198 624 235 24 commences
1455 620 42 29 to
1519 621 112 30 write
1654 622 47 29 he
1725 623 174 29 becomes
1921 621 177 30 ashamed
2123 620 38 30 of

1198 668 151 30 himself
1371 672 72 27 and
1469 671 38 30 of
1528 673 104 29 what
1654 673 47 30 he
1718 674 32 29 is
1771 675 157 35 writing
1951 674 73 29 and
2048 680 41 22 so
2113 673 46 28 he

1198 729 132 22 sneers
1352 723 41 28 at
1415 722 49 30 all
1487 724 86 29 that
1605 725 32 28 is
1662 725 185 30 beautiful
1878 727 38 28 in
1947 726 110 29 these
2080 726 80 28 arts

1199 773 37 30 of
1258 781 127 28 peace.
1417 775 51 29 He
1484 775 68 30 has
1569 777 94 29 been
1679 776 61 30 for
1755 785 41 22 so
1813 777 89 37 long
1918 778 240 29 accustomed

1197 826 41 29 to
1261 833 113 22 sneer
1406 827 93 29 with
1523 828 189 37 impunity
1744 828 86 30 that
1853 830 45 28 he
1929 828 107 31 looks
2059 836 100 29 upon

1197 878 66 29 the
1277 879 114 29 artist
1407 886 41 22 as
1460 887 21 21 a
1497 887 92 28 poor
1604 888 119 22 worm
1738 881 88 29 that
1841 881 77 30 will
1936 889 116 22 never
2069 882 89 29 turn

1199 931 72 28 and
1295 930 77 30 this
1389 930 169 37 explains
1580 933 66 29 the
1667 932 145 37 quality
1836 932 38 30 of
1890 934 57 29 his
1965 934 194 29 criticism.

1266 983 89 30 Now
1377 984 109 29 these
1510 985 180 36 sneering
1705 986 129 28 critics
1853 985 148 36 should,
2017 985 60 30 for
2092 986 66 29 the

1198 1034 91 31 sake
1312 1034 39 31 of
1372 1035 67 30 the
1472 1037 181 29 standard
1681 1036 38 30 of
1749 1036 153 36 English
1923 1036 236 38 journalism,

1198 1088 72 29 and
1293 1087 61 30 for
1376 1088 67 29 the
1465 1087 91 30 sake
1580 1087 38 31 of
1639 1089 66 29 the
1723 1089 174 36 country,
1921 1089 45 29 be
1989 1089 170 37 severely

1197 1138 117 31 taken
1337 1140 39 29 in
1410 1141 99 28 hand
1534 1141 48 35 by
1614 1141 66 29 the
1704 1140 148 31 leaders
1886 1140 38 31 of
1945 1141 66 30 the
2035 1141 123 36 Press,

1199 1193 47 35 by
1269 1193 65 29 the
1369 1194 162 29 masters
1564 1193 84 29 who
1677 1201 67 21 are
1777 1194 39 28 in
1850 1193 65 29 the
1948 1193 208 37 privileged

1197 1245 166 36 position
1401 1244 38 30 of
1474 1246 144 35 raising
1654 1245 102 30 their
1792 1244 212 37 profession
2041 1253 44 21 or
2121 1244 37 30 of

1198 1296 184 38 lowering
1403 1298 44 30 it.

1203 1395 52 28 In
1290 1394 66 29 the
1391 1392 106 38 Daily
1531 1392 209 36 Telegraph
1775 1391 38 30 of
1846 1392 148 35 August
2027 1399 38 28 19
2100 1393 58 28 Mr

1234 1446 142 33 Robert
1400 1446 91 31 Ross
1508 1443 130 31 makes
1655 1452 47 21 an
1720 1444 292 36 extraordinary
2027 1442 131 31 attack

1201 1506 100 28 upon
1331 1499 59 28 Mr
1420 1496 177 37 Redford,
1625 1497 66 29 the
1723 1497 143 29 Censor
1895 1495 38 31 of
1955 1495 105 37 plays

1201 1550 71 29 and
1298 1550 46 29 he
1368 1548 90 31 calls
1479 1549 67 29 the
1571 1550 84 30 Law
1678 1548 39 30 of
1740 1548 168 37 England
1933 1547 167 36 'stupid*.
2113 1554 45 24 &

1201 1602 76 30 The
1302 1602 70 29 law
1396 1601 38 30 of
1457 1601 168 36 England
1650 1602 32 28 is
1705 1609 21 21 a
1749 1608 92 29 very
1867 1599 190 30 excellent
2087 1599 71 30 law

1201 1655 73 28 and
1297 1661 57 21 we
1378 1655 45 27 do
1448 1655 68 27 not
1538 1652 113 30 think
1673 1653 86 29 that
1781 1653 110 28 those
1907 1652 85 29 who
2008 1653 150 35 protect

1202 1714 43 22 us
1269 1707 47 35 by
1338 1705 252 37 formulating
1612 1706 86 29 that
1721 1704 71 30 law
1827 1703 78 30 will
1940 1705 45 28 be
2011 1705 145 28 carried

1201 1767 105 28 away
1330 1759 47 35 by
1399 1759 66 28 the
1489 1759 239 35 momentary
1750 1757 119 29 thirst
1895 1756 38 30 of
1962 1764 21 21 a
2011 1757 145 29 section

1201 1809 38 30 of
1260 1811 67 29 the
1350 1809 126 37 public
1498 1809 60 30 for
1581 1809 168 36 ugliness
1769 1810 39 28 in
1824 1809 66 29 the
1907 1809 115 35 shape
2039 1808 37 29 of
2092 1808 65 29 the

1201 1862 296 31 actualization
1531 1860 38 31 of
1601 1861 182 36 religious
1813 1860 168 35 subjects
2011 1869 49 21 on
2090 1861 67 28 the

1201 1916 106 34 stage
1331 1913 39 30 of
1392 1922 21 21 a
1441 1914 153 29 theatre
1625 1920 43 22 or
1697 1913 66 29 the
1794 1912 296 30 actualization
2119 1912 39 30 of

1201 1968 168 35 pictures
1393 1973 43 22 or
1459 1964 209 37 sculpture.

1202 2020 75 29 The
1302 2020 156 35 Censor,
1484 2019 60 29 Mr
1568 2016 177 37 Redford,
1771 2015 124 31 would
1913 2015 119 38 really
2056 2024 101 21 seem

1201 2074 40 27 to
1277 2079 150 28 possess
1465 2079 46 21 an
1550 2070 291 35 extraordinary
1878 2076 110 22 sense
2022 2067 38 30 of
2092 2069 66 28 the

1202 2124 117 30 limits
1342 2123 38 29 of
1403 2124 72 28 art.
1521 2124 51 28 He
1596 2123 31 28 is
1651 2121 85 29 held
1762 2128 48 28 up
1833 2122 40 28 to
1898 2128 43 22 us
1965 2128 40 22 as
2028 2128 46 22 an
2098 2128 61 22 ass

1201 2177 72 29 and
1298 2184 21 21 a
1343 2177 183 34 monster,
1549 2176 73 28 and
1647 2175 31 29 is
1702 2173 200 37 positively
1925 2181 21 21 a
1969 2180 86 22 man
2079 2173 39 28 in
2138 2181 21 20 a

1202 2227 157 37 million,
1383 2235 72 22 one
1478 2227 85 30 who
1592 2227 268 29 understands.
1906 2225 52 29 He
1989 2226 170 35 protects

1201 2288 57 28 us,
1282 2281 72 28 and
1378 2280 93 29 with
1495 2287 21 21 a
1540 2277 152 31 natural
1716 2278 237 36 ingratitude
1979 2284 58 23 we
2063 2277 93 30 wish

1200 2334 40 29 to
1265 2334 45 29 do
1334 2340 106 28 away
1462 2331 92 30 with
1579 2331 89 29 him.
1771 2337 45 24 &

1202 2385 49 29 To
1276 2385 45 29 be
1346 2385 143 29 Censor
1512 2383 38 30 of
1573 2384 130 36 things
1728 2383 191 30 Dramatic
1943 2384 102 28 must
2069 2383 44 28 be
2137 2391 21 20 a

1200 2444 92 28 very
1316 2436 163 29 difficult
1502 2436 177 35 position.

1202 2490 65 28 We
1291 2489 140 29 cannot
1455 2488 233 29 understand
1715 2488 83 29 how
1817 2487 66 30 the
1900 2486 204 37 burlesque
2121 2486 37 30 of

1201 2541 91 29 Miss
1314 2540 143 30 Allen's
1481 2538 162 32 Salome
1664 2540 94 28 with
1781 2540 66 28 the
1871 2540 118 28 comic
2010 2539 92 29 head
2120 2538 38 30 of

1200 2593 99 29 John
1353 2592 66 30 the
1476 2592 146 35 Baptist
1676 2591 217 36 (horrible!)
1937 2599 77 21 was
2068 2599 90 21 ever

1201 2645 205 35 permitted
1430 2645 40 28 to
1495 2645 64 34 get
1577 2644 40 28 to
1634 2643 66 30 the
1717 2643 138 36 public.
1901 2643 73 30 But
1989 2643 94 29 then
2099 2651 57 21 we

1202 2697 140 29 cannot
1354 2697 235 28 understand
1604 2695 83 30 how
1700 2696 91 29 Miss
1806 2695 108 30 Allen
1927 2694 142 31 herself
2080 2703 77 22 was

1201 2756 90 22 ever
1313 2747 156 30 allowed
1500 2755 47 22 on
1578 2748 40 28 to
1648 2747 67 29 the
1744 2748 106 35 stage
1874 2745 38 31 of
1934 2747 65 29 the
2025 2746 131 29 Palace

1201 2800 176 29 Theatre.
1407 2806 46 25 &
1571 2798 170 37 Possibly
1784 2799 59 29 Mr
1887 2798 161 33 Redford
2079 2806 77 21 was

1201 2853 177 30 deceived
1401 2852 118 29 about
1540 2851 66 29 the
1622 2850 122 30 whole
1762 2852 153 34 matter,
1933 2858 43 22 or
1991 2850 165 37 possibly

1201 2905 47 29 he
1272 2904 88 37 only
1383 2903 169 30 controls
1580 2903 103 29 what
1713 2904 31 28 is
1773 2904 172 28 written.
1988 2903 168 36 Anyhow

1201 2958 31 29 it
1265 2958 31 28 is
1342 2957 105 35 quite
1482 2954 171 37 unlikely
1685 2956 59 28 Mr
1789 2954 162 33 Redford
1982 2954 76 30 will
2104 2954 53 30 let

1201 3008 151 30 himself
1375 3009 45 29 be
1444 3008 176 30 deceived
1645 3015 21 21 a
1689 3007 136 29 second
1850 3008 106 29 time.

1201 3061 83 37 For,
1309 3062 90 29 dear
1422 3061 90 29 Miss
1536 3059 119 36 Allen,
1678 3060 110 28 there
1812 3060 31 28 is
1872 3059 66 29 the
1966 3067 96 29 open
2086 3060 69 35 air,

1199 3114 67 29 the
1289 3112 213 30 wonderful
1533 3119 96 28 open
1660 3112 70 35 air,
1754 3112 37 28 in
1815 3111 123 29 which
1960 3112 40 28 to
2024 3112 132 35 dance,

1200 3166 72 29 and
1291 3166 138 28 nature
1444 3165 32 29 is
1493 3172 70 21 one
1579 3164 111 35 thing
1705 3163 72 29 and
1795 3164 61 28 art
1872 3163 104 36 quite
1993 3163 163 30 another

1199 3218 123 35 thing.
1367 3218 102 28 Your
1491 3215 197 36 charming
1711 3215 118 29 hands
1845 3215 73 28 and
1934 3213 81 31 feet
2029 3215 125 29 would

1200 3270 86 30 lend
1311 3278 22 21 a
1356 3276 111 30 grace
1501 3269 39 28 to
1574 3267 67 29 the
1675 3266 119 30 lawns
1827 3267 72 28 and
1931 3266 164 36 gardens
2118 3266 38 30 of

1200 3321 170 37 England
1387 3321 73 29 and
1477 3319 124 30 would
1619 3320 69 28 not
1704 3320 45 28 be
1766 3320 67 27 out
1850 3318 38 30 of
1902 3318 106 36 place
2024 3318 130 29 there:

1201 3373 48 30 all
1272 3373 124 30 would
1422 3374 45 28 be
1491 3371 171 34 natural;
1685 3371 172 29 whereas
1880 3378 48 22 on
1951 3371 68 29 the
2046 3372 108 35 stage

1201 3426 137 36 ...well,
1347 3434 57 21 we
1422 3426 92 28 have
1531 3424 72 29 had
1617 3423 235 30 Pantomime
1866 3424 39 28 at
1919 3423 124 37 Drury
2057 3424 97 29 Lane

1199 3478 61 30 for
1281 3485 123 30 years,
1428 3477 72 29 and
1523 3476 67 30 the
1613 3475 110 30 limbs
1754 3474 37 30 of
1819 3474 67 30 the
1916 3474 118 31 ladies
2061 3476 94 29 have

1201 3532 153 28 become
1378 3530 105 35 quite
1507 3537 21 21 a
1550 3526 201 37 delightful
1776 3528 242 29 convention.

1201 3582 39 29 In
1258 3582 105 29 Paris
1378 3589 57 22 we
1452 3580 144 31 believe
1611 3580 66 28 the
1694 3578 244 37 intelligence
1955 3579 38 29 of
2008 3587 146 22 woman

1200 3635 67 29 has
1280 3634 152 30 devised
1443 3634 66 29 the
1519 3631 208 37 extremely
1742 3630 89 31 chic
1847 3632 84 29 idea
1944 3631 38 31 of
1994 3633 162 35 dancing

1200 3685 165 38 entirely
1379 3685 121 30 naked
1518 3687 38 27 in
1569 3684 107 30 front
1688 3683 38 30 of
1737 3683 178 31 artificial
1928 3685 110 36 light.
2056 3685 98 36 This,

1201 3740 47 35 by
1270 3739 66 29 the
1359 3746 83 29 way
1465 3739 32 28 is
1521 3738 67 29 not
1611 3735 143 37 Greek;
1777 3737 32 29 it
1831 3737 32 29 is
1881 3737 183 37 Parisian,
2081 3739 72 28 and

1200 3792 31 28 it
1254 3791 67 29 has
1343 3791 157 29 amused
1524 3796 94 23 even
1641 3788 67 31 the
