2687 4231
1039 493 77 39 LA
1147 490 386 49 CHRONIQUE
1565 489 316 41 MUSICALE

579 504 90 30 220

577 640 195 56 l'Opéra;
796 654 43 26 sa
861 639 100 40 voix
983 638 104 41 était
1117 639 80 39 très
1217 637 123 55 jolie;
1365 638 80 40 elle
1469 638 172 47 chanta,
1666 651 52 27 en
1747 639 129 55 1763,
1899 652 56 26 au
1976 637 187 41 Concert
2189 638 114 54 Spiri-

579 715 103 49 tuel,
705 713 213 40 etßerton
940 711 151 40 écrivit
1110 725 111 40 pour
1246 711 77 40 elle
1340 711 59 40 les
1418 712 85 39 airs
1524 711 52 41 de
1595 713 212 40 bravoure
1829 711 52 40 de
1900 711 228 54 VAnglais
2159 713 26 38 à
2208 713 87 39 Bor-

578 785 164 53 deaux)
757 804 13 29 ;
804 784 319 42 mademoiselle
1159 785 210 55 Durancy
1400 785 95 53 (elle
1527 786 161 40 débuta
1723 800 52 26 en
1819 787 108 55 1759
1966 788 23 37 à
2023 784 39 41 la
2102 785 219 52 Comédie,

578 871 137 42 passa,
742 858 38 39 le
805 871 23 39 9
852 856 95 55 juin
975 859 127 54 1762,
1131 861 24 37 à
1176 858 176 54 l'Opéra
1377 872 111 41 pour
1509 859 110 41 tenir
1637 859 37 40 le
1705 860 186 54 premier
1911 858 175 55 emploi,
2110 859 156 49 revint,
2288 859 37 40 le

582 931 49 40 16
649 931 175 40 octobre
847 932 126 53 1766,
991 936 22 36 à
1031 931 40 41 la
1087 931 220 54 Comédie,
1326 940 40 33 et
1384 941 217 42 retourna,
1622 932 38 41 le
1678 946 20 27 2
1709 933 19 39 3
1755 934 172 39 octobre
1947 932 127 55 1767,
2096 935 23 37 à
2133 932 190 54 l'Opéra,

574 1003 107 41 dont
702 1002 78 42 elle
801 1004 66 41 fut
889 1018 84 27 une
991 1004 71 41 des
1083 1006 186 53 grandes
1293 1006 277 51 cantatrices;
1595 1006 79 40 elle
1698 1006 104 41 était
1824 1005 85 42 fille
1930 1006 51 39 de
2005 1006 320 40 mademoiselle

578 1076 241 51 Darimath,
835 1091 87 27 une
935 1078 72 40 des
1022 1078 237 42 meilleures
1277 1079 174 42 actrices
1466 1079 50 41 de
1535 1078 425 55 FOpéra-Comique)
1975 1093 9 39 ;
2002 1079 321 41 mademoiselle

580 1151 125 54 Luzy
752 1151 191 54 (d'abord
980 1152 214 53 figurante
1231 1157 23 35 à
1286 1152 190 54 l'Opéra,
1514 1153 160 40 chanta
1714 1152 188 54 quelque
1942 1159 141 47 temps
2118 1152 95 40 àla
2236 1153 58 40 Co-

576 1223 379 42 médie-Italienne
992 1232 133 34 avant
1154 1225 50 40 de
1229 1239 141 39 passer
1403 1229 23 36 à
1464 1225 39 40 la
1549 1224 489 58 Comédie-Française)
2055 1240 9 29 ;
2088 1225 208 40 mademoi-

574 1297 98 41 selle
696 1296 193 56 Doligny
906 1312 9 36 ;
958 1298 359 40 mesdemoiselles
1344 1298 59 40 La
1444 1298 272 54 Chassaigne
1742 1306 42 33 et
1807 1298 163 52 Lange,
2008 1298 178 40 d'abord
2209 1297 92 53 figu-

576 1376 140 33 rantes
746 1373 21 35 à
801 1369 195 54 l'Opéra;
1041 1370 322 40 mademoiselle
1404 1370 207 54 Ollivier;
1646 1369 320 42 mademoiselle
2002 1369 297 56 Fleury-Chep-

576 1441 55 40 tel
660 1441 83 51 (fut
773 1441 177 41 d'abord
971 1446 22 36 à
1017 1441 412 55 l'Opéra-Comique
1454 1449 40 33 et
1524 1442 158 40 chanta
1709 1456 44 26 ce
1787 1456 129 39 genre
1943 1447 22 35 à
2001 1442 322 55 Amsterdam);

575 1515 197 40 madame
814 1515 124 40 Fusil
979 1515 69 53 (en
1093 1529 127 40 1792,
1258 1515 78 40 elle
1377 1515 158 40 chanta
1564 1515 40 40 la
1644 1529 200 26 romance
1865 1515 58 40 du
1966 1516 138 41 Saule
2136 1517 106 41 dans
2285 1517 40 40 la

574 1588 195 52 coulisse,
809 1588 190 54 pendant
1033 1602 83 40 que
1164 1588 315 41 mademoiselle
1508 1588 254 54 Desgarcins
1805 1588 309 55 (Desdemone)
2148 1589 177 41 mimait

576 1662 39 40 le
637 1661 105 51 rôle)
759 1677 7 36 ;
788 1662 196 40 madame
1009 1661 425 42 Simons-Candeille
1450 1663 107 53 (fille
1573 1663 105 40 d'un
1702 1663 308 53 compositeur,
2031 1663 294 53 compositeur

576 1734 252 51 elle-même,
849 1734 75 40 elle
940 1735 197 48 donnait,
1158 1740 22 34 à
1201 1735 104 41 neuf
1327 1750 91 38 ans,
1443 1736 71 39 des
1538 1735 141 57 leçons
1696 1736 51 39 de
1763 1735 205 53 musique
1982 1750 9 35 ;
2017 1740 22 36 à
2069 1736 153 51 douze,
2248 1736 77 40 elle

575 1806 48 42 fit
651 1809 211 49 exécuter,
889 1821 56 26 au
971 1807 185 40 Concert
1177 1808 225 52 Spirituel,
1428 1822 61 26 un
1515 1816 214 43 concerto,
1757 1816 55 45 et,
1836 1821 82 41 peu
1947 1809 50 38 de
2025 1816 139 46 temps
2184 1812 137 51 après,

575 1893 85 26 une
677 1887 170 33 cantate
866 1880 107 40 dont
984 1879 77 40 elle
1078 1880 115 40 avait
1210 1881 114 39 aussi
1344 1881 74 39 fait
1441 1882 58 38 les
1514 1880 177 54 paroles.
1719 1881 72 40 On
1811 1881 65 39 lui
1898 1881 107 52 doit,
2029 1890 119 31 entre
2180 1889 143 32 autres

571 1965 228 40 ouvrages,
823 1954 44 38 la
887 1953 128 39 Belle
1032 1953 229 40 Fermière
1268 1987 8 17 ,
1300 1954 116 53 pièce
1437 1961 40 33 et
1499 1953 220 54 musique)
1738 1967 10 37 ;
1780 1953 320 41 mademoiselle
2134 1954 187 53 Leverd;

573 2025 197 40 madame
801 2025 182 40 Paradol
1022 2025 91 55 (elle
1146 2026 116 39 avait
1295 2025 155 42 chanté
1484 2025 178 40 d'abord
1699 2030 23 35 à
1754 2025 178 54 l'Opéra
1964 2034 41 32 et
2027 2039 51 26 en
2102 2026 217 54 province,

571 2099 79 39 elle
674 2098 104 40 était
797 2098 113 40 élève
938 2098 59 40 du
1022 2098 293 54 compositeur
1338 2098 223 54 Plantade)
1578 2112 9 38 ;
1617 2098 319 40 mademoiselle
1960 2099 239 39 Demerson
2223 2099 97 49 (elle

572 2169 117 41 avait
716 2170 153 40 chanté
896 2170 387 54 l'opéra-comique
1319 2184 52 26 en
1397 2171 242 54 province);
1675 2170 319 40 mademoiselle
2031 2171 287 52 Saint-Ange;

574 2243 206 50 Bernard,
803 2257 53 25 en
880 2243 182 53 premier
1083 2242 87 40 lieu
1197 2243 257 41 basse-taille
1476 2258 55 26 au
1566 2244 164 40 théâtre
1764 2244 51 38 de
1853 2242 243 47 Marseille;
2125 2242 194 53 Guiaud,

576 2315 46 56 (il
646 2315 154 40 chanta
818 2315 41 40 le
874 2314 218 55 Muphti)\
1107 2315 202 53 Menjaud
1330 2315 208 54 (chantait
1561 2316 106 39 dans
1691 2319 37 36 le
1749 2315 189 40 Malade
1959 2323 40 31 et
2021 2316 107 39 dans
2146 2315 40 40 le
2200 2317 90 38 Bar-

576 2388 108 54 bier)
700 2403 16 37 ;
740 2389 195 39 madame
959 2388 205 54 Menjaud
1200 2389 212 53 (chantait
1436 2389 105 39 dans
1566 2391 38 38 le
1625 2389 220 53 Mariage
1869 2388 254 54 (Chérubin)
2146 2396 41 32 et
2215 2388 107 41 dans

573 2462 44 40 la
646 2462 145 39 Petite
830 2462 152 49 Ville);
1020 2462 174 53 Joanny
1228 2462 48 52 (il
1309 2462 117 41 avait
1467 2462 157 40 chanté
1663 2462 59 40 les
1759 2462 181 40 tabliers
1977 2475 53 26 en
2069 2462 248 53 province);

576 2535 64 40 M.
661 2534 228 40 Ponchard
908 2533 79 52 fils,
1011 2535 77 54 qui
1108 2549 22 25 a
1152 2536 118 53 passé
1289 2538 21 36 à
1333 2534 413 55 l'Opéra-Comique
1767 2548 9 39 ;
1805 2535 62 40 M.
1895 2533 242 51 Brindeau;
2163 2534 156 41 Emilie

573 2608 169 40 Dubois
757 2622 7 36 ;
785 2608 139 40 Marie
943 2608 163 54 Royer;
1130 2609 196 47 Leroux;
1355 2609 62 39 M.
1442 2609 161 40 Masset
1624 2607 78 55 (fils
1721 2608 58 40 du
1796 2608 240 54 professeur
2051 2608 59 40 du
2126 2607 163 42 Conser-

569 2681 181 52 vatoire,
773 2695 52 26 va
849 2681 166 41 bientôt
1033 2681 178 41 chanter
1232 2684 23 37 à
1281 2680 409 55 FOpéra-Comique
1714 2694 56 27 ou
1793 2695 54 26 au
1870 2681 419 55 Théâtre-Lyrique)
2307 2696 7 35 ;

571 2754 62 41 M.
663 2753 213 42 Verdellet
900 2756 134 48 (venu
1057 2754 50 40 de
1134 2768 44 26 ce
1202 2754 171 40 dernier
1396 2754 179 49 théâtre,
1596 2768 28 40 y
1644 2762 61 32 est
1728 2754 235 53 retourné).

622 2826 223 41 Adrienne
874 2827 277 40 Lecouvreur
1173 2827 193 40 chantait
1385 2827 101 40 mal.
1512 2827 119 40 Dans
1652 2826 37 40 le
1711 2826 88 40 rôle
1820 2826 233 55 d'Agathe,
2076 2827 71 40 des
2166 2827 153 40 Folies

569 2912 283 29 amoureuses
943 2899 145 41 moins
1122 2900 212 40 heureuse
1360 2914 84 40 que
1485 2900 198 40 madame
1719 2900 175 52 Favart,
1917 2900 78 53 qui
2029 2899 139 54 jouait
2201 2899 51 41 de
2281 2900 40 40 la

570 2974 135 53 harpe
726 2973 105 40 dans
855 2975 63 38 les
953 2973 132 40 Trois
1105 2974 212 39 Sultanes
1331 2997 52 6 —
1405 2973 76 40 elle
1502 2972 182 53 feignait
1710 2972 52 40 de
1784 2973 148 53 pincer
1952 2973 60 40 les
2036 2973 146 40 cordes
2205 2973 50 40 de
2276 2987 43 26 sa

568 3046 185 53 guitare,
779 3045 142 41 tandis
949 3059 83 39 que
1055 3046 212 40 Chabrun
1292 3046 41 41 la
1355 3045 216 56 suppléait
1597 3046 108 39 dans
1738 3045 39 41 le
1805 3053 100 33 trou
1933 3046 58 40 du
2021 3044 225 53 souffleur,
2276 3058 43 27 ce

569 3120 94 55 qui,
684 3119 164 53 dit-on,
872 3119 162 42 sembla
1054 3119 196 42 ridicule.

628 3344 358 41 DANSAIENT
1010 3358 8 29 :
1043 3344 317 41 mademoiselle
1378 3345 175 54 Duparc
1569 3360 9 36 ;
1597 3344 320 41 mademoiselle
1942 3343 202 50 Molière;
2173 3342 146 42 Pierre

570 3416 50 41 de
644 3418 61 39 La
724 3418 284 53 Thorillière;
1026 3418 130 53 Sallé;
1176 3418 321 41 mademoiselle
1519 3417 214 56 Godefroy
1748 3418 95 54 (elle
1855 3417 104 41 était
1978 3416 84 41 fille
2082 3415 106 40 d'un
2205 3418 85 37 maî-

571 3497 62 32 tre
656 3494 21 35 à
699 3490 194 53 danser);
936 3493 316 41 mademoiselle
1295 3492 142 54 Dufey
1457 3507 10 39 ;
1509 3493 198 40 Armand
1744 3491 245 53 (Huguet);
2017 3488 218 42 Dumirail
2271 3488 46 53 (il
