2687 4231
601 493 78 54 198

1070 495 76 39 LA
1177 492 384 50 CHRONIQUE
1593 492 317 42 MUSICALE

595 654 17 22 «
646 651 228 42 personne,
898 650 73 40 pas
989 638 139 38 même
1147 640 23 36 à
1187 636 243 54 quelqu'un
1451 636 52 40 de
1525 645 120 31 votre
1667 636 182 54 famille,
1872 637 51 39 de
1950 650 45 26 ce
2033 650 85 40 que
2158 635 36 54 je
2227 650 113 27 vous

597 732 22 24 <(
650 715 215 53 révélerai,
889 728 126 40 parce
1035 728 85 41 que
1141 715 89 40 cela
1252 715 206 42 irriterait
1474 715 59 40 les
1561 715 192 55 Parques
1774 723 41 33 et
1834 715 110 55 qu'il
1965 728 109 28 vous
2114 715 227 41 arriverait

649 788 283 54 précisément
951 787 40 41 le
1010 788 218 41 contraire
1251 788 52 41 de
1322 802 44 27 ce
1388 802 85 41 que
1492 788 37 54 je
1555 789 93 40 vais
1668 803 109 27 vous
1795 789 185 54 prédire.
2006 805 17 22 »
2052 789 61 40 La
2141 788 117 41 reine
2295 802 43 26 se

593 861 82 41 mit
694 861 112 40 alors
823 866 23 36 à
871 862 138 39 battre
1028 861 60 40 les
1108 869 150 46 cartes,
1283 876 53 26 en
1358 869 187 47 prenant
1566 876 61 28 un
1650 863 63 40 air
1734 863 169 41 sérieux
1922 876 11 42 ;
1966 862 100 56 puis
2094 876 44 26 sa
2156 862 156 54 physio-

594 933 146 41 nomie
759 933 240 54 s'éclaircit,
1024 943 40 34 et
1079 934 80 42 elle
1182 949 69 27 me
1271 935 141 55 prédit
1431 949 62 28 un
1512 936 148 40 avenir
1676 937 71 40 des
1767 937 98 54 plus
1886 937 210 40 heureux.
2124 934 93 41 Elle
2234 935 111 41 omit

593 1014 207 48 pourtant
821 1007 51 41 de
912 1008 281 41 m'annoncer
1217 1022 46 27 ce
1302 1009 77 54 qui
1420 1009 145 41 devait
1607 1009 225 41 m'arriver
1870 1022 63 28 un
1973 1017 193 33 moment
2206 1011 137 51 après,

592 1080 260 42 c'est-à-dire
882 1094 85 42 que
986 1081 39 54 je
1046 1094 69 29 me
1138 1082 212 41 brûlerais
1376 1083 58 42 les
1456 1082 142 41 mains
1620 1096 53 27 en
1695 1090 199 47 essayant
1931 1083 52 40 de
2016 1083 41 40 la
2094 1096 153 27 sauver
2268 1082 73 41 des

595 1153 209 44 flammes.

655 1265 19 22 «
705 1249 167 41 Tandis
893 1251 158 55 qu'elle
1073 1252 173 53 parlait,
1275 1265 52 27 en
1350 1252 113 53 effet,
1494 1266 87 27 une
1623 1252 162 54 bougie
1816 1253 184 41 allumée
2023 1253 124 51 (dont
2170 1253 76 41 elle
2269 1267 44 27 ve-

595 1324 93 40 nait
708 1324 50 40 de
781 1337 43 27 se
848 1324 137 40 servir
1006 1338 113 41 pour
1140 1325 195 41 cacheter
1358 1339 86 27 une
1465 1324 122 42 lettre
1609 1330 23 36 à
1655 1325 186 41 l'amiral
1855 1327 39 40 V
2006 1328 16 48 )
2037 1327 150 40 tomba
2204 1339 74 27 sur
2298 1340 43 27 sa

595 1397 120 51 robe,
746 1404 41 33 et
809 1397 57 40 les
905 1397 198 41 flammes
1129 1398 365 55 l'enveloppèrent
1515 1412 52 27 en
1590 1412 62 27 un
1689 1399 182 41 instant.
1891 1400 49 40 Je
1962 1412 68 27 me
2065 1399 222 54 précipitai
2319 1405 23 35 à

595 1482 61 28 ses
679 1469 134 54 pieds,
837 1478 56 44 et,
915 1469 273 55 l'étreignant
1209 1484 99 27 avec
1331 1470 128 52 force,
1485 1470 206 55 j'étouffai
1716 1473 39 39 le
1794 1471 68 41 feu
1902 1485 103 27 avec
2046 1485 88 26 mes
2175 1472 159 52 mains,

599 1556 89 27 non
711 1557 96 26 sans
829 1557 69 26 me
917 1543 149 40 brûler
1085 1543 511 41 cruellement.

605 1633 20 21 «
657 1616 182 41 Comme
859 1630 232 33 vous.vous
1108 1618 87 40 êtes
1216 1618 122 40 brûlé
1359 1631 111 42 pour
1490 1631 69 27 me
1583 1623 175 37 sauver!
1782 1619 106 40 Sans
1918 1632 108 27 vous
2063 1618 176 55 j'aurais
2278 1619 65 40 été

604 1706 18 21 «
657 1689 176 55 perdue,
855 1689 148 42 brûlée
1025 1691 177 41 vivante
1221 1694 7 37 !
1255 1691 56 40 Et
1331 1690 36 54 je
1399 1691 179 40 n'oserai
1602 1705 75 40 pas
1702 1693 140 39 même
1882 1705 53 27 en
1973 1691 155 55 parler,
2150 1704 72 28 car
2253 1705 69 41 per-

607 1778 19 22 «
660 1776 136 26 sonne
817 1776 53 26 ne
901 1762 92 40 doit
1014 1763 139 41 savoir
1172 1777 85 40 que
1277 1762 70 54 j'ai
1369 1764 104 40 écrit
1489 1772 41 32 et
1552 1764 170 41 cacheté
1745 1778 85 27 une
1849 1764 139 41 lettre.
2014 1781 18 20 »

658 1875 21 24 «
702 1860 68 40 En
792 1873 69 27 me
884 1859 226 55 plaignant
1129 1861 129 52 ainsi,
1277 1861 80 40 elle
1378 1861 237 41 examinait
1636 1876 88 26 mes
1747 1863 156 53 mains,
1918 1863 191 40 soufflait
2128 1863 165 53 dessus,
2309 1871 41 33 et

603 1933 62 41 les
693 1932 168 42 frottait
888 1932 259 42 doucement
1179 1947 100 27 avec
1306 1934 59 41 du
1396 1934 279 44 cold-cream.
1714 1936 57 40 Et
1803 1949 172 27 comme
1996 1937 80 40 elle
2098 1950 67 27 me
2187 1950 139 29 recom-

601 2006 198 41 mandait
816 2006 52 41 de
891 2019 202 28 nouveau
1114 2012 51 35 de
1186 2020 53 27 ne
1260 2007 92 40 rien
1370 2007 91 40 dire
1479 2008 51 40 de
1550 2016 65 32 cet
1636 2007 200 42 accident
1858 2006 56 43 :

600 2096 23 23 (c
655 2079 245 41 allez-vous
917 2079 104 41 faire
1038 2082 16 39 ?
1076 2079 306 54 ajouta-t-elle.
1401 2080 118 42 Vous
1540 2080 130 41 devez
1686 2081 120 51 jouer
1826 2081 176 41 demain
2027 2082 85 40 soir
2132 2082 161 40 devant
2315 2082 38 40 le

604 2170 18 20 «
659 2153 85 53 roi,
765 2162 42 31 et
834 2166 109 27 vous
971 2166 102 27 avez
1093 2154 163 53 promis
1286 2154 50 39 de
1362 2153 122 54 jouer
1513 2154 322 54 après-demain
1867 2169 53 26 au
1948 2163 173 32 concert
2141 2155 52 40 de
2217 2155 133 40 Rode.

603 2240 17 22 «
656 2224 233 42 Comment
930 2239 321 41 pourrez-vous
1287 2240 110 27 vous
1434 2228 133 38 servir
1607 2227 51 40 de
1697 2240 75 28 vos
1806 2227 158 53 doigts,
1989 2228 33 39 si
2059 2226 297 42 terriblement

605 2314 18 20 te
658 2298 146 40 brûlés
822 2300 16 38 ?
858 2298 79 40 »

605 2386 18 21 «
663 2370 184 53 obéirai,
870 2384 54 27 en
953 2384 53 27 ne
1027 2372 172 53 parlant
1223 2376 23 35 à
1271 2385 212 41 personne
1503 2372 51 39 de
1581 2381 65 32 cet
1667 2374 271 40 événement.
1961 2373 49 40 Je
2032 2372 102 41 ferai
2156 2373 90 40 dire
2267 2378 23 35 à
2314 2373 42 40 la

605 2459 18 21 «
661 2456 106 28 cour
783 2443 140 53 qu'un
946 2444 127 40 abcès
1085 2457 116 27 venu
1218 2449 22 35 à
1253 2444 92 40 l'un
1359 2445 49 39 de
1430 2458 89 26 mes
1539 2445 141 53 doigts
1701 2459 69 27 me
1791 2453 89 33 met
1895 2446 106 40 dans
2021 2445 336 53 l'impossibilité

602 2531 23 23 «
656 2515 51 40 de
729 2514 120 55 jouer
866 2531 10 35 ;
900 2516 51 41 de
973 2517 112 54 plus,
1105 2517 36 53 je
1162 2517 210 41 tousserai
1393 2531 168 27 comme
1584 2531 60 28 un
1667 2519 270 54 poitrinaire,
1961 2527 41 32 et
2023 2519 38 40 le
2083 2518 80 51 roi,
2188 2519 76 53 qui
2287 2532 69 27 me

605 2605 19 21 «
658 2589 64 41 dit
743 2588 198 56 toujours
971 2604 83 40 que
1076 2590 34 52 je
1133 2591 196 41 travaille
1357 2599 114 47 trop,
1495 2605 85 40 que
1608 2591 35 54 je
1670 2605 159 39 mange
1850 2600 97 46 trop
1976 2606 99 39 peu,
2100 2605 83 40 que
2203 2592 38 54 je
2268 2592 89 40 suis

605 2679 19 21 «
661 2677 65 26 sec
746 2672 40 32 et
802 2663 131 54 jaune
950 2677 169 28 comme
1140 2678 85 27 une
1245 2665 178 53 momie,
1440 2673 41 32 et
1499 2678 83 40 que
1602 2663 37 55 je
1661 2666 85 39 n'ai
1769 2666 98 53 plus
1890 2665 139 54 qu'un
2051 2679 54 26 an
2126 2670 22 35 à
2165 2665 135 53 vivre,
2320 2667 37 38 le

657 2736 65 40 roi
757 2736 137 40 croira
926 2750 85 40 que
1031 2736 38 55 je
1103 2738 91 40 suis
1223 2739 84 39 très
1339 2738 183 43 malade.
1552 2737 35 40 Il
1614 2738 251 52 m'enverra,
1891 2751 169 27 comme
2087 2738 267 54 d'habitude,

607 2826 19 21 «
660 2823 87 26 une
782 2810 116 41 boîte
931 2810 51 40 de
1015 2810 204 55 pastilles,
1244 2825 62 26 un
1342 2825 67 26 sac
1435 2811 51 40 de
1517 2825 143 39 gruau
1686 2811 201 40 d'avoine
1908 2819 41 32 et
1970 2825 87 26 une
2079 2811 207 41 bouteille
2308 2811 51 40 de

604 2897 22 24 <c
657 2882 185 43 madère.
866 2884 50 40 Je
937 2884 209 40 donnerai
1173 2884 61 40 les
1256 2884 194 54 pastilles
1484 2898 85 27 aux
1591 2893 231 40 servantes,
1846 2898 105 27 mon
1983 2899 141 41 poney
2154 2898 206 40 mangera

606 2973 19 20 «
658 2956 200 50 l'avoine,
877 2964 207 47 et,quant
1106 2971 56 27 au
1185 2958 186 53 madère,
1384 2971 104 27 mon
1511 2961 98 50 père
1632 2957 87 40 s'en
1742 2958 201 53 régalera.
1967 2957 119 41 Dans
2107 2958 99 41 huit
2225 2959 134 52 jours,

607 3045 22 23 ce
661 3044 89 26 mes
783 3030 202 41 brûlures
1016 3032 120 40 étant
1167 3032 181 53 guéries,
1376 3031 38 53 je
1449 3032 174 53 pourrai
1661 3030 120 55 jouer
1815 3037 22 35 à
1867 3032 41 40 la
1940 3046 118 28 cour.
2100 3033 59 40 Le
2190 3032 64 40 roi
2292 3044 69 28 me

611 3119 19 21 «
659 3103 263 40 demandera
943 3103 113 41 alors
1079 3106 34 37 si
1135 3103 69 54 j'ai
1227 3105 155 53 mangé
1408 3105 58 39 les
1489 3105 192 54 pastilles
1709 3114 41 32 et
1773 3106 122 40 avalé
1921 3106 170 53 chaque
2112 3105 140 41 matin
2274 3118 87 26 une

657 3176 200 41 cuillerée
895 3176 51 40 de
983 3176 200 51 madère;
1225 3178 37 53 je
1301 3178 230 54 répondrai
1574 3177 400 53 affirmativement,
2018 3186 41 33 et
2090 3178 52 40 Sa
2185 3177 176 53 Majesté

606 3267 19 20 c
659 3249 137 41 croira
826 3250 157 53 qu'elle
1014 3251 84 40 m'a
1126 3263 154 28 encore
1314 3265 88 26 une
1438 3251 81 41 fois
1554 3253 130 39 sauvé
1719 3252 39 40 la
1782 3251 84 42 vie.
1898 3251 129 53 Mais,
2062 3249 240 56 ajoutai-je,
2324 3249 37 54 je

607 3341 19 19 «î
659 3324 183 54 croyais,
863 3323 214 52 madame,
1095 3324 133 54 qu'on
1250 3324 145 40 devait
1415 3324 212 54 toujours,
1644 3333 40 32 et
1707 3338 54 26 en
1783 3331 120 35 toute
1922 3324 145 53 chose,
2085 3335 277 29 commencer

608 3412 18 20 «
660 3410 76 40 par
756 3396 37 41 le
825 3405 389 33 commencement.
1240 3396 190 42 Serait-il
1453 3399 189 52 possible
1658 3412 85 39 que
1764 3412 35 39 je
1815 3411 69 27 me
1905 3398 115 40 fusse
2042 3397 168 53 trompé
2233 3399 15 37 ?

738 3510 18 20 ce
779 3496 286 40 Assurément
1088 3509 104 35 non,,
1217 3495 197 55 répliqua
1441 3496 41 40 la
1504 3495 130 52 reine,
1655 3504 41 32 et
1718 3496 86 40 l'on
1827 3495 92 41 doit
1936 3495 211 54 toujours,
2170 3507 53 28 en
2248 3494 111 53 effet,
