2687 4231
759 500 292 42 PARTANT
1085 499 169 43 POUR
1286 500 77 41 LA
1393 499 177 42 SYRIE

2025 554 0 0 199

309 659 18 23 «
361 657 266 29 commencer
654 660 76 42 par
758 646 39 41 le
830 651 383 36 commencement.
1247 645 112 41 Mais
1393 659 84 40 que
1509 644 170 55 signifie
1712 652 107 33 cette
1856 645 174 52 étrange

310 733 18 20 «
361 718 201 53 question
579 722 16 36 ?

362 805 22 23 cc
480 791 222 53 Pourquoi
724 791 126 47 alors,
873 790 237 54 lorsqu'elle
1132 805 68 28 me
1219 792 129 41 disait
1378 791 34 39 si
1442 791 335 53 obligeamment
1798 804 69 26 ma
1891 790 144 40 bonne

308 878 18 22 «
359 871 218 44 aventure,
600 864 128 40 Votre
751 863 174 53 Majesté
953 877 53 26 ne
1031 865 221 40 m'a-t-elle
1284 878 71 40 pas
1385 863 137 54 prédit
1543 870 96 33 tout
1656 863 173 40 d'abord
1850 863 39 40 la
1910 877 94 27 mau-

308 945 19 20 «
360 930 120 40 vaise
500 936 206 33 aventure
725 929 76 54 qui
820 931 118 38 vient
959 930 51 39 de
1031 931 225 40 m'arriver
1272 934 15 37 ?
1311 947 18 20 »

362 1002 99 40 «La
483 1001 117 40 reine
618 1003 145 51 rougit
783 1015 99 27 avec
901 1003 188 53 quelque
1110 1004 228 49 embarras,
1352 1002 96 54 puis
1468 1002 77 40 elle
1566 1002 198 53 répondit
1783 1001 36 55 :

308 1090 17 20 a
359 1074 236 53 monsieur,
620 1074 30 39 il
673 1074 89 39 faut
783 1087 83 40 que
887 1087 109 28 vous
1021 1075 162 40 sachiez
1218 1075 130 53 qu'on
1379 1088 53 26 ne
1457 1082 102 46 peut
1585 1073 165 54 prédire
1770 1086 85 41 que
1875 1087 44 26 ce
1949 1087 82 39 que

306 1162 19 21 «
356 1147 137 39 disent
512 1146 59 40 les
593 1155 153 32 cartes.
788 1147 198 53 Ensuite,
1009 1146 68 54 j'ai
1107 1148 225 52 remarqué
1362 1160 85 41 que
1474 1160 106 26 vous
1613 1159 101 26 avez
1741 1147 133 52 coupé
1902 1146 104 39 beau-

306 1235 18 20 «
356 1232 111 41 coup
489 1226 97 47 trop
607 1219 122 40 haut.
765 1218 58 41 Ce
846 1219 107 40 n'est
984 1233 72 40 pas
1083 1219 103 51 cela,
1211 1228 39 31 et
1279 1219 30 40 il
1336 1219 91 40 faut
1459 1231 159 41 couper
1647 1218 94 54 plus
1780 1231 54 26 au
1862 1218 166 42 milieu.

305 1308 18 19 «
360 1291 247 54 D'ailleurs,
623 1299 219 32 ces.cartes
864 1305 53 26 ne
938 1299 97 33 sont
1056 1306 74 39 pas
1153 1292 190 47 bonnes;
1364 1292 99 41 elles
1484 1291 208 40 viennent
1721 1290 51 39 de
1795 1290 235 51 Bruxelles,

304 1381 19 19 «
355 1368 56 36 où
443 1364 88 40 Ton
567 1378 52 26 ne
647 1364 81 40 sait
762 1364 93 40 rien
888 1363 115 51 faire,
1029 1364 34 40 si
1094 1377 45 27 ce
1160 1363 107 41 n'est
1297 1364 51 40 de
1370 1364 40 40 la
1437 1363 197 41 dentelle.
1658 1363 92 39 J'en
1781 1362 101 40 ferai
1910 1362 122 40 venir

304 1451 18 22 «
356 1436 184 40 d'autres
570 1436 50 39 de
653 1435 136 53 Paris,
813 1446 39 29 et
877 1435 36 54 je
934 1449 106 27 vous
1069 1435 232 41 montrerai
1332 1444 219 32 comment
1574 1435 29 39 il
1632 1435 94 40 faut
1745 1447 160 41 couper
1926 1442 41 31 et
1987 1445 43 28 ce

302 1523 23 23 «
355 1508 107 52 qu'il
482 1508 93 39 faut
593 1521 164 41 penser.
779 1508 141 51 Alors,
946 1520 108 28 vous
1075 1521 158 27 verrez.
1256 1524 13 20 »

355 1579 121 41 Cette
497 1580 131 53 petite
650 1581 121 38 scène
795 1587 73 32 eut
888 1580 71 40 des
979 1580 131 40 suites
1135 1593 179 40 presque
1338 1592 162 39 graves,
1526 1579 164 39 Drouet
1710 1585 170 33 raconte
1901 1578 128 52 qu'en

303 1652 196 53 quittant
529 1652 39 39 la
599 1652 119 39 reine
752 1651 30 40 il
816 1651 191 42 entendit
1035 1652 37 39 le
1102 1652 84 52 roi,
1214 1651 76 54 qui
1320 1651 158 40 entrait
1505 1650 101 40 chez
1627 1649 92 53 elle,
1743 1648 242 41 manifester
2006 1653 23 35 à

309 1724 131 40 haute
461 1724 101 40 voix
582 1737 75 27 son
678 1725 279 40 étonnement
977 1724 128 40 d'une
1131 1724 135 40 odeur
1286 1724 50 39 de
1357 1723 121 40 brûlé
1499 1722 105 54 qu'il
1625 1722 128 40 disait
1772 1721 148 52 sentir,
1943 1729 40 33 et
2002 1720 29 40 il

303 1794 165 41 affirme
491 1809 82 39 que
593 1795 38 40 le
652 1795 260 53 lendemain,
934 1804 40 33 et
997 1809 97 27 sans
1115 1809 83 41 que
1218 1796 85 39 l'on
1327 1798 69 37 sût
1416 1794 230 54 pourquoi,
1668 1794 40 40 la
1739 1793 115 40 reine
1879 1792 152 55 partait

302 1868 51 40 de
381 1868 134 53 grand
550 1868 139 40 matin
718 1882 110 40 pour
861 1869 136 40 Paris.
1031 1870 89 38 Peu
1149 1870 135 51 après,
1303 1868 32 39 il
1363 1868 65 39 fut
1454 1867 155 40 mandé
1630 1870 23 36 à
1673 1867 40 38 la
1741 1879 119 39 cour,
1886 1879 44 25 ce
1952 1864 76 53 qui

300 1940 159 40 n'avait
478 1954 75 40 pas
574 1941 85 39 lieu
686 1941 50 39 de
755 1941 221 53 l'étonner,
997 1941 163 39 Drouet
1181 1942 134 50 étant,
1338 1953 165 27 comme
1524 1939 160 49 artiste,
1709 1952 57 26 au
1790 1938 154 40 service
1964 1936 59 40 du

301 2014 246 51 souverain,
583 2013 158 53 auquel
769 2013 234 50 d'ailleurs,
1031 2013 192 54 quoique
1256 2020 96 33 tout
1383 2012 161 50 enfant,
1573 2012 32 39 il
1643 2010 116 40 avait
1787 2010 144 40 donné
1957 2009 71 40 des

301 2084 143 57 leçons
465 2085 50 39 de
536 2085 200 53 musique
758 2093 129 31 avant
908 2098 82 40 que
1011 2085 174 40 celui-ci
1207 2088 167 36 montât
1393 2098 75 26 sur
1488 2084 39 39 le
1548 2084 138 42 trône.

357 2172 19 22 «
409 2157 198 40 Aussitôt
624 2170 85 39 que
725 2157 39 40 le
785 2157 62 40 roi
868 2157 65 40 fut
951 2158 91 39 seul
1063 2171 99 26 avec
1186 2156 101 52 moi,
1312 2156 135 50 dit-il,
1471 2156 30 39 il
1524 2155 247 53 m'engagea
1790 2154 208 52 obligeam-

299 2237 123 31 ment
450 2232 23 36 à
497 2228 231 47 m'asseoir,
752 2237 40 31 et
829 2228 225 41 m'adressa
1088 2228 207 54 quelques
1328 2227 222 55 questions
1578 2241 55 25 au
1666 2225 107 54 sujet
1802 2226 51 39 de
1879 2239 44 26 ce
1952 2225 76 52 qui

299 2300 139 40 s'était
460 2303 120 51 passé
600 2301 106 39 dans
727 2300 37 40 le
786 2301 181 40 boudoir
987 2302 50 39 de
1058 2301 40 39 la
1120 2302 129 49 reine,
1275 2314 52 26 en
1350 2313 69 26 ma
1447 2300 211 52 présence,
1677 2298 40 39 la
1738 2297 124 40 veille
1883 2297 50 39 de
1954 2310 73 26 son

297 2373 168 52 départ.
501 2373 49 40 Je
580 2374 63 39 lui
680 2374 196 53 répondis
910 2373 276 53 simplement
1214 2385 84 41 que
1327 2371 144 53 j'avais
1506 2371 102 39 écrit
1637 2383 74 26 sur
1743 2370 57 39 les
1832 2368 163 54 paroles
2020 2385 7 23 :

297 2447 193 39 Partant
511 2459 121 41 pour
652 2446 44 40 la
720 2446 140 53 Syrie
867 2479 9 19 ,
899 2460 87 26 une
1004 2445 182 41 mélodie
1208 2459 83 39 que
1312 2445 41 40 la
1372 2444 115 41 reine
1507 2442 173 41 m'avait
1701 2443 147 48 dictée,
1871 2448 40 33 et
1931 2454 99 41 que,

296 2531 70 27 ma
388 2519 118 39 tâche
536 2519 194 53 remplie,
753 2518 145 53 j'avais
918 2519 161 40 obtenu
1110 2519 36 38 la
1179 2517 251 54 permission
1458 2516 50 40 de
1529 2528 68 28 me
1618 2515 167 39 retirer.
1806 2514 48 40 Je
1875 2514 157 40 réussis

296 2595 23 35 à
346 2591 148 40 éluder
520 2591 58 40 les
605 2591 221 53 questions
858 2605 84 39 que
969 2591 38 40 le
1028 2591 62 40 roi
1120 2604 68 26 me
1209 2604 101 40 posa
1337 2590 358 40 successivement
1718 2591 23 36 à
1769 2601 45 26 ce
1845 2587 121 53 sujet,
1992 2594 40 32 et

296 2663 196 54 lorsqu'il
525 2663 63 41 vit
623 2664 108 53 qu'il
763 2677 53 27 ne
847 2664 196 54 pourrait
1073 2663 92 40 rien
1198 2662 169 41 obtenir
1387 2662 51 40 de
1465 2662 87 39 moi
1580 2674 75 40 par
1682 2661 40 39 la
1748 2659 161 40 crainte
1926 2658 106 54 qu'il

297 2736 200 40 semblait
526 2736 169 40 vouloir
731 2736 263 54 m'inspirer,,
1024 2736 30 40 il
1085 2736 189 53 changea
1308 2736 51 39 de
1393 2743 74 32 ton
1499 2742 41 33 et
1572 2733 157 41 voulut
1764 2745 163 40 essayer
1964 2731 68 40 s'il

296 2808 221 41 réussirait
545 2808 145 40 mieux
724 2822 74 40 par
826 2808 40 41 la
899 2809 192 40 douceur
1121 2817 41 33 et
1192 2810 38 38 la
1252 2810 137 50 grâce.
1488 2824 18 20 ce
1524 2806 117 42 Vous
1663 2817 364 38 souvenez-vous,

297 2896 22 23 a
349 2894 68 26 me
441 2880 126 52 dit-il,
591 2881 220 40 monsieur
830 2882 182 52 Drouet,
1035 2881 57 40 du
1113 2888 138 47 temps
1274 2885 57 36 où
1348 2894 108 27 vous
1474 2893 67 26 me
1562 2879 186 40 donniez
1769 2877 71 40 des
1860 2873 168 55 leçons?

297 2968 18 22 «
349 2952 120 41 Vous
485 2952 152 41 n'étiez
667 2954 109 40 alors
799 2954 137 52 qu'un
960 2954 105 54 petit
1087 2967 174 41 garçon,
1278 2961 39 32 et
1338 2960 205 47 pourtant
1569 2965 75 26 vos
1661 2951 142 56 leçons
1825 2947 205 41 n'étaient

296 3040 22 23 ((
348 3025 214 41 vraiment
583 3039 72 38 pas
676 3026 255 40 mauvaises.
955 3025 120 42 Vous
1097 3039 67 27 me
1185 3025 202 54 grondiez
1409 3025 148 52 quand
1577 3024 37 53 je
1637 3022 141 40 faisais
1799 3022 71 39 des
1893 3021 137 39 fautes

301 3114 16 20 «
350 3111 56 26 ou
430 3110 83 40 que
526 3096 37 54 je
584 3111 52 25 ne
657 3098 192 52 phrasais
871 3112 73 40 pas
967 3098 114 53 bien,
1099 3106 41 33 et
1155 3112 107 26 vous
1282 3112 67 26 me
1369 3098 217 39 menaciez
1607 3097 49 39 de
1676 3108 51 27 ne
1746 3094 95 54 plus
1863 3092 169 41 revenir

299 3169 165 52 «sije
502 3182 53 26 ne
586 3169 232 39 travaillais
853 3184 72 39 pas
965 3170 160 40 mieux.
1150 3171 118 40 Vous
1307 3184 52 26 en
1400 3169 373 40 souvenez-vous?
1872 3163 140 41 Certai-

297 3257 21 22 «
350 3248 200 44 nement,
590 3240 113 53 Sire,
742 3241 273 54 répliquai-je
1060 3255 52 26 en
1152 3242 155 41 faisant
1340 3242 39 39 la
1413 3242 247 46 révérence,
1701 3238 37 52 je
1778 3234 253 41 n'oublierai

298 3329 17 22 «
348 3313 151 53 jamais
540 3326 44 26 ce
623 3312 162 54 plaisir.
880 3313 71 40 Ah
968 3318 12 36 \
1013 3327 103 27 mon
1148 3314 102 52 ami,
1282 3314 111 40 voici
1435 3326 83 39 que
1545 3324 106 27 vous
1687 3308 138 54 parlez
1864 3320 166 27 comme

297 3401 22 23 cc
351 3399 61 26 un
429 3385 128 40 vieux
578 3385 235 52 courtisan,
831 3393 39 32 et
889 3399 106 26 vous
1016 3386 129 40 n'êtes
1164 3399 151 27 encore
1336 3388 137 50 qu'un
1496 3384 160 40 enfant,
1683 3397 20 23 »

352 3473 20 22 cc
394 3458 58 39 Le
481 3457 63 41 roi
562 3457 156 40 voulut
744 3456 110 41 alors
881 3470 316 27 recommencer
1219 3463 22 34 à
1261 3471 66 26 me
1345 3455 277 53 questionner
1643 3467 72 26 sur
1736 3453 57 40 les
1812 3451 97 42 faits
