2687 4231
634 453 84 42 216

1087 459 76 40 LA
1194 459 382 50 CHRONIQUE
1608 461 314 41 MUSICALE

683 600 105 41 Vers
810 601 38 40 la
863 601 61 40 fin
944 601 49 40 de
1011 601 40 40 la
1069 602 139 39 même
1225 603 151 52 année,
1401 602 137 42 Marie
1561 606 130 52 partit
1711 619 111 40 pour
1848 605 208 56 Londres,
2076 611 187 51 engagée
2288 624 77 41 par

632 672 182 54 Laporte
834 686 56 26 au
909 672 161 54 King's
1094 673 190 42 Theatre
1305 688 109 41 pour
1434 676 177 41 chanter
1634 681 23 36 à
1680 679 144 40 raison
1846 680 51 39 de
1919 681 52 54 75
1997 680 180 53 guinées
2200 696 76 40 par
2298 697 47 26 re-

623 744 310 54 présentation,
955 745 98 54 plus
1077 760 61 26 un
1163 747 200 42 bénéfice.
1391 748 92 41 Elle
1502 764 29 39 y
1551 750 100 54 joua
1674 765 77 27 son
1773 752 231 54 répertoire
2026 753 217 41 ordinaire
2262 769 102 26 avec

626 829 78 27 son
738 818 142 39 succès
902 821 267 41 accoutumé.
1196 820 242 53 Toutefois,
1466 822 77 41 elle
1580 838 29 39 y
1629 824 66 41 fut
1729 825 211 41 desservie
1969 840 75 40 par
2065 839 86 27 une
2183 836 101 31 note
2305 828 59 40 du

631 887 281 54 GalignanVs
930 891 265 56 Messenger
1200 925 9 17 ,
1235 894 75 53 qui
1338 894 217 43 l'accusait
1575 896 50 40 de
1649 896 164 42 n'avoir
1848 898 135 41 voulu
2015 899 207 51 recevoir,
2254 900 108 41 dans

626 973 87 27 une
734 962 130 41 soirée
883 964 156 53 qu'elle
1063 967 197 52 donnait,
1285 981 87 40 que
1399 969 71 39 des
1490 982 234 40 personnes
1748 972 242 52 présentées
2016 977 23 36 à
2060 971 40 40 la
2122 972 119 41 Cour
2266 973 73 54 (im-

628 1035 202 52 putation
856 1037 100 40 bien
978 1038 181 41 ridicule
1180 1053 111 40 pour
1312 1040 75 54 qui
1416 1041 181 53 pouvait
1616 1044 223 38 connaître
1863 1043 40 40 la
1924 1051 153 33 nature
2098 1046 239 53 prime-sau-

629 1106 104 41 tière
754 1115 40 33 et
817 1108 59 40 les
898 1109 157 41 allures
1091 1124 97 27 sans
1217 1113 122 56 façon
1361 1112 52 40 de
1446 1114 156 50 Marie)
1622 1147 9 20 ,
1655 1122 41 33 et
1727 1115 160 41 d'avoir
1910 1116 76 42 fait
2018 1117 120 52 jouer
2159 1119 106 39 dans
2288 1132 73 27 son

626 1180 122 41 salon
769 1194 87 27 une
890 1183 132 54 petite
1051 1184 115 54 pièce
1199 1188 57 37 où
1289 1186 40 39 la
1351 1186 257 41 nationalité
1639 1189 193 52 anglaise
1863 1189 105 41 était
1988 1191 274 40 caricaturée,
2288 1191 76 41 Un

626 1253 105 54 ami,
755 1253 38 41 le
815 1255 132 41 baron
973 1256 50 40 de
1046 1256 231 54 Trémont,
1307 1258 153 41 écrivit
1480 1272 56 27 au
1576 1260 283 55 GalignanVs
1882 1275 110 40 pour
2022 1263 190 40 détruire
2239 1264 36 40 le
2304 1264 42 40 fâ-

622 1326 140 40 cheux
783 1328 97 40 effet
908 1328 51 40 de
981 1336 106 33 cette
1109 1338 115 35 note.
1261 1329 224 54 Quelques
1507 1331 142 41 salons
1672 1334 115 39 aussi
1812 1348 42 26 se
1875 1334 228 42 fermèrent
2133 1349 111 41 pour
2264 1337 96 50 elle,

621 1411 124 41 parce
761 1399 154 53 qu'elle
929 1401 80 40 mit
1021 1415 87 27 une
1126 1402 188 42 certaine
1336 1402 118 42 fierté
1474 1407 24 37 à
1514 1418 52 26 ne
1578 1418 73 42 pas
1673 1407 169 40 vouloir
1862 1416 206 45 accepter,
2085 1421 165 28 comme
2265 1410 98 54 prix

622 1471 52 40 de
698 1485 43 27 sa
762 1473 307 55 participation
1094 1489 86 26 aux
1202 1484 208 45 concerts,
1441 1491 60 26 un
1531 1477 94 54 prix
1659 1479 200 40 moindre
1887 1494 84 40 que
2000 1481 246 54 vingt-cinq
2264 1483 75 52 gui-

624 1545 112 51 nées,
761 1546 165 53 exigées
959 1561 75 40 par
1051 1548 41 40 la
1117 1548 137 41 Pasta.
1281 1552 40 37 A
1340 1563 114 41 coup
1478 1554 88 46 sûr,
1599 1551 39 40 la
1661 1552 220 41 Malibran
1903 1554 116 40 avait
2045 1554 39 40 le
2104 1554 114 41 droit
2239 1555 50 40 de
2307 1569 54 27 ne

621 1632 75 39 pas
717 1619 172 41 vouloir
910 1621 123 40 subir
1054 1634 60 27 un
1136 1622 156 50 rabais,
1319 1631 41 33 et
1377 1624 182 41 l'estime
1580 1632 41 33 et
1641 1625 40 41 la
1703 1626 244 54 sympathie
1964 1627 51 40 de
2036 1627 40 40 la
2102 1627 126 41 Pasta
2250 1641 111 41 pour

623 1703 43 26 sa
678 1689 127 54 jeune
823 1691 140 41 émule
981 1693 39 40 le
1041 1697 274 50 prouvèrent.

681 1762 60 40 Ici
773 1777 41 26 se
835 1764 119 53 place
976 1778 61 28 un
1060 1766 169 54 épisode
1263 1768 52 40 de
1333 1768 41 40 la
1408 1769 69 40 vie
1508 1769 51 41 de
1580 1770 198 43 l'illustre
1813 1773 233 40 cantatrice
2068 1774 77 53 qui
2168 1785 74 30 eut
2276 1787 84 28 une

618 1833 215 42 influence
856 1836 185 41 décisive
1062 1851 74 27 sur
1162 1852 45 26 sa
1225 1839 188 40 destinée
1437 1856 9 26 :
1468 1855 76 26 son
1567 1843 312 53 antagonisme,
1901 1845 76 53 qui
1997 1858 51 26 ne
2072 1846 67 40 fut
2166 1860 73 40 pas
2262 1861 73 27 seu-

613 1906 161 41 lement
785 1907 50 40 de
850 1909 147 54 gloire,
1018 1923 99 27 avec
1136 1910 228 44 Henriette
1383 1914 174 54 Sontag.
1575 1915 92 40 J'en
1687 1915 39 41 ai
1747 1916 254 41 mentionné
2016 1917 59 41 les
2093 1919 261 54 principales

623 1979 315 42 circonstances
960 1982 107 40 dans
1103 1983 178 42 l'article
1306 1986 153 53 spécial
1482 2000 84 40 que
1582 1987 68 54 j'ai
1674 1990 198 39 consacré
1895 1994 22 35 à
1948 1998 109 34 cette
2078 1992 193 40 dernière
2289 2025 9 19 ,
2330 2008 29 40 y

620 2052 185 54 compris
827 2054 94 40 leur
941 2055 340 55 réconciliation,
1300 2058 75 53 qui
1399 2067 73 32 eut
1492 2060 88 40 lieu
1602 2061 107 39 dans
1729 2061 38 39 le
1791 2062 120 40 salon
1934 2063 139 40 même
2091 2063 52 40 de
2168 2065 189 40 Fauteur

617 2124 72 40 des
711 2125 175 42 Loisirs
905 2127 130 41 d'une
1067 2130 175 40 Femme
1262 2130 59 40 du
1343 2132 166 40 monde.
1537 2134 146 39 Avant
1704 2142 107 32 cette
1832 2136 336 49 réconciliation,
2194 2138 40 40 la
2257 2138 99 40 Ma*

615 2197 140 41 libran
778 2208 73 33 eut
875 2214 59 26 un
958 2209 91 32 mot
1070 2203 189 40 sublime
1278 2211 41 34 et
1340 2205 75 53 qui
1437 2204 193 42 l'honore
1650 2210 24 36 à
1691 2206 165 53 jamais.
1879 2208 71 40 On
1974 2210 164 53 croyait
2161 2211 64 40 lui
2250 2211 101 40 faire

616 2269 268 43 habilement
903 2286 44 25 sa
969 2286 104 27 cour
1093 2287 52 26 en
1160 2275 242 55 critiquant
1422 2277 158 40 devant
1601 2278 77 40 elle
1709 2292 44 26 sa
1782 2279 132 40 rivale
1933 2312 8 18 ,
1966 2281 33 39 si
2021 2281 211 42 heureuse
2257 2291 40 33 et
2317 2284 34 39 si

616 2342 106 40 fêtée
743 2344 349 52 unanimement,
1114 2355 41 32 et
1185 2347 105 41 dont
1328 2349 38 38 le
1397 2349 136 40 talent
1555 2350 104 40 était
1691 2350 96 54 plus
1811 2364 96 40 pur,
1931 2353 96 53 plus
2051 2354 155 53 parfait
2227 2365 103 43 peut-

612 2415 102 52 être,
743 2429 85 40 que
849 2417 110 40 celui
999 2418 52 40 de
1073 2418 39 40 la
1150 2419 87 40 fille
1258 2420 49 40 de
1343 2420 179 52 Garcia,
1548 2422 108 40 mais
1691 2424 223 53 dépourvu
1936 2425 51 40 de
2014 2425 41 41 la
2095 2426 174 42 flamme
2302 2429 52 42 de

613 2495 106 33 cette
741 2488 207 42 dernière.
974 2490 72 41 On
1069 2491 129 42 disait
1220 2507 85 39 que
1326 2494 40 39 la
1387 2494 162 55 Sontag
1571 2497 162 40 n'avait
1749 2497 123 54 point
1893 2498 153 42 d'âme.

734 2563 213 40 Attendez
967 2564 154 54 qu'elle
1143 2564 58 41 ait
1221 2566 193 52 souffert,
1444 2568 202 54 répondit
1666 2569 41 41 la
1991 2580 42 32 et
2054 2586 107 27 vous
2183 2588 141 28 verrez
2342 2577 9 40 !

670 2632 178 54 Quand,
873 2637 260 54 rapprochée
1163 2638 118 40 enfin
1311 2639 52 40 de
1385 2640 103 40 celle
1510 2642 76 52 qui
1615 2641 119 42 allait
1763 2643 176 42 devenir
1973 2654 207 33 comtesse
2210 2649 143 51 Rossi,

616 2706 80 40 elle
715 2706 103 55 joua
838 2722 100 27 avec
959 2711 94 48 elle,
1093 2725 55 26 au
1179 2711 187 42 bénéfice
1397 2714 52 39 de
1469 2714 199 41 madame
1697 2716 260 50 Damoreau,
1983 2719 106 40 dans
2113 2720 44 40 II
2183 2723 143 40 Matri-

609 2778 144 43 monio
774 2789 181 46 segreto
962 2818 10 19 ,
1010 2783 137 41 Marie
1183 2793 172 46 accepta
1391 2785 231 42 volontiers
1660 2787 38 40 le
1719 2788 87 40 rôle
1836 2789 50 40 de
1905 2789 40 41 la
1966 2791 143 41 vieille
2137 2801 117 34 tante
2277 2796 51 40 Fi-

608 2852 160 52 dalma,
792 2861 41 34 et
860 2862 154 33 trouva
1043 2855 187 55 plaisant
1249 2858 51 40 de
1322 2872 42 26 se
1383 2858 167 42 donner
1568 2860 71 40 des
1663 2860 109 40 rides
1804 2870 41 32 et
1877 2862 72 42 des
1975 2864 191 43 cheveux
2189 2867 162 42 blancs.

609 2925 100 41 Ceci
738 2927 226 53 répondait
994 2928 107 40 dans
1131 2942 87 27 une
1251 2930 186 41 certaine
1468 2944 171 28 mesure
1667 2937 24 35 à
1718 2947 61 27 un
1806 2936 92 39 côté
1942 2937 323 57 humoristique
2302 2942 51 40 de

605 2998 165 54 l'esprit
796 2999 52 40 de
876 3000 40 40 la
940 3000 230 43 Malibran.
1199 3002 92 41 Elle
1319 3003 152 41 aimait
1503 3009 23 36 à
1556 3004 121 53 jouer
1703 3006 101 42 chez
1829 3009 94 53 elle,
1954 3024 53 27 en
2034 3013 106 53 petit
2176 3015 174 53 comité,

606 3070 73 41 des
708 3071 138 54 pièces
870 3072 71 41 des
962 3073 193 41 Variétés
1176 3090 10 35 ;
1211 3076 79 40 elle
1310 3076 207 41 dessinait
1536 3078 71 41 des
1629 3079 175 55 charges
1825 3086 23 35 à
1867 3082 40 41 la
1930 3085 147 53 plume
2095 3102 8 35 ;
2128 3100 63 27 ses
2209 3088 143 40 lettres

610 3142 273 44 fourmillent
913 3147 51 39 de
985 3147 289 45 calembours.
1305 3151 73 40 Au
1408 3150 180 42 château
1610 3153 52 40 de
1685 3153 169 57 Brizay,
1884 3161 57 36 où
1975 3158 77 41 elle
2075 3159 121 42 allait
2217 3175 42 26 se
2288 3175 43 27 re-

609 3230 127 41 poser
762 3218 71 40 des
856 3218 182 55 fatigues
1061 3220 51 40 de
1132 3220 111 52 l'art,
1269 3221 77 41 elle
1371 3236 51 27 en
1455 3224 217 42 cherchait
1692 3227 204 56 d'autres,
1921 3229 233 43 s'habillait
2182 3246 52 27 en
2256 3246 72 40 gar-

608 3305 99 44 çon,
728 3292 114 40 usait
862 3300 41 33 et
920 3294 174 41 abusait
1108 3294 51 41 de
1178 3302 97 34 tous
1293 3295 59 42 les
1371 3298 205 41 exercices
1595 3314 10 26 :
1622 3299 38 41 le
1679 3300 162 55 cheval,
1858 3302 41 42 la
1919 3303 143 42 chasse
2065 3338 11 20 ;
2095 3313 41 33 et
2149 3306 80 40 elle
2248 3306 101 54 joua

607 3377 63 27 un
693 3364 95 55 jour
811 3379 85 27 une
914 3368 193 41 comédie
1127 3370 52 39 de
1198 3384 222 40 paysanne
1442 3385 257 29 amoureuse
1716 3375 199 41 vis-à-vis
1926 3377 106 40 d'un
2054 3378 128 41 vieux
2204 3380 116 40 méde-

606 3436 90 52 cin,
721 3438 72 40 des
815 3440 111 40 amis
959 3441 52 40 de
1039 3441 43 42 la
1108 3443 187 55 maison,
1329 3452 42 33 et
1391 3446 77 53 qui
1497 3459 53 28 ne
1571 3447 39 40 la
1632 3455 213 35 reconnut
1871 3463 92 39 pas,
1987 3457 94 35 tant
2107 3451 78 41 elle
2212 3453 137 42 s'était
