2687 4231
1448 1091 145 48 LES

699 1259 752 78 CANTATRICES
1499 1254 777 86 DRAMATIQUES

2297 1242 54 47 (I)

1085 2077 99 36 PRÈS
1207 2072 119 40 avoir
1348 2071 124 41 brillé
1488 2072 343 52 passagèrement
1854 2074 21 35 à
1898 2070 206 51 Londres,
2128 2070 77 40 fait
2227 2069 172 41 fortune

1089 2160 61 26 un
1189 2152 194 33 moment
1423 2148 23 36 à
1483 2144 270 49 New-York,
1796 2143 137 39 Marie
1970 2143 104 40 était
2108 2142 222 41 inconnue
2377 2147 22 35 à

1093 2218 135 52 Paris,
1251 2223 58 35 où
1332 2217 77 40 elle
1431 2217 81 40 alla
1534 2216 168 40 habiter
1730 2216 104 39 chez
1865 2229 87 26 une
1975 2229 113 27 sœur
2109 2215 49 40 de
2181 2216 62 39 M.
2271 2215 103 40 Mali-

1092 2291 122 39 bran.
1248 2290 59 38 Le
1338 2289 204 40 souvenir
1569 2289 51 39 de
1639 2288 187 40 l'intérêt
1850 2302 83 39 que
1954 2288 63 39 lui
2040 2288 117 40 avait
2180 2288 217 52 témoigné

1092 2362 344 55 précédemment
1467 2361 40 40 la
1539 2368 206 33 comtesse
1778 2360 163 39 Merlin
1970 2361 39 38 la
2046 2360 218 40 conduisit
2299 2361 101 38 chez

1089 2443 107 33 cette
1228 2434 139 40 dame.
1389 2435 47 39 Je
1456 2434 123 41 laisse
1601 2434 54 40 ici
1679 2432 139 55 parler
1844 2433 39 39 la
1906 2433 251 54 protectrice
2178 2441 41 33 et
2243 2432 38 40 le
2304 2432 72 41 bio-

1093 1958 871 25 III

1093 1983 311 1 MARIE
1466 1983 498 1 MALIBRAN

1093 1984 871 1 II

653 2514 160 55 graphe
834 2514 52 39 de
905 2513 41 39 la
968 2511 219 41 Malibran
1223 2524 8 24 :

708 2603 19 21 «
754 2587 61 40 La
849 2597 160 43 pauvre
1050 2584 208 51 créature,
1293 2580 146 41 lancée
1472 2580 99 41 d'au
1607 2580 94 40 delà
1740 2580 71 40 des
2003 2592 41 27 se
2081 2580 192 41 trouvait
2304 2592 97 27 sans

646 2660 145 52 guide,
816 2672 98 26 sans
936 2655 258 56 protection,
1218 2668 97 27 sans
1336 2662 167 46 argent,
1517 2654 107 39 dans
1646 2667 61 26 un
1728 2653 238 41 dénûment
1985 2665 183 41 presque
2190 2652 203 55 complet,

649 2740 44 33 et
717 2733 244 53 m'apparut
982 2742 101 28 avec
1100 2743 61 25 ses
1185 2730 140 39 beaux
1345 2728 192 39 cheveux
1552 2726 118 41 noirs
1690 2734 38 32 et
1744 2739 177 41 soyeux,
1939 2725 199 40 tombant
2156 2738 49 27 en
2222 2724 179 54 longues

648 2805 174 41 boucles
859 2817 72 27 sur
967 2816 62 26 ses
1063 2801 186 54 épaules,
1276 2813 87 27 une
1397 2799 150 40 étroite
1577 2808 40 31 et
1651 2808 146 30 courte
1830 2798 101 40 robe
1956 2796 51 40 de
2034 2796 278 52 mousseline,
2337 2810 64 26 ses

648 2879 140 40 beaux
816 2890 133 42 yeux,
971 2888 64 26 ses
1066 2875 133 39 lèvres
1229 2874 75 52 qui
1333 2871 254 55 respiraient
1616 2871 39 40 la
1686 2871 111 40 force
1819 2879 41 31 et
1888 2871 40 39 la
1962 2870 210 53 jeunesse,
2193 2883 62 26 ses
2278 2869 123 54 vingt

645 2965 79 27 ans
753 2958 40 33 et
830 2963 78 27 son
942 2949 212 40 immense
1185 2945 148 41 talent.
1359 2944 121 41 Tout
1511 2944 86 40 cela
1620 2958 68 26 me
1721 2944 150 54 frappa
1903 2943 51 39 de
1975 2942 160 54 vertige
2154 2947 8 37 !
2196 2943 61 39 La
2278 2942 120 55 pitié,

643 3022 215 57 l'intérêt,
883 3019 311 52 l'admiration,
1212 3032 42 26 se
1282 3019 272 52 partagèrent
1584 3025 100 32 tour
1707 3020 22 36 à
1748 3023 100 33 tour
1882 3029 103 27 mon
2020 3029 133 27 cœur.
2180 3015 49 40 Je
2256 3016 38 40 la
2320 3015 82 40 mis

644 3110 57 28 au
731 3096 132 55 piano
882 3107 9 38 ;
914 3094 36 53 je
968 3094 40 39 la
1032 3091 190 42 trouvais
1244 3091 214 42 adorable.
1479 3107 18 20 »

708 3186 18 20 «
755 3168 93 40 Elle
867 3166 156 42 voulut
1057 3165 175 40 chanter
1261 3177 60 27 un
1344 3163 86 40 duo
1451 3176 99 27 avec
1577 3162 87 41 moi
1684 3178 9 36 ;
1719 3162 113 55 puis,
1857 3175 54 28 au
1933 3161 152 42 milieu
2115 3163 58 39 du
2196 3160 103 50 duo,
2323 3161 80 40 elle

641 3243 174 40 s'arrêta
853 3247 96 34 tout
966 3245 23 35 à
1011 3252 111 41 coup
1149 3246 54 43 et,
1237 3250 68 28 me
1325 3244 174 34 sautant
1519 3250 55 26 au
1602 3250 98 35 cou,,
1724 3235 58 40 les
1803 3235 156 41 larmes
1980 3249 84 27 aux
2085 3248 112 41 yeux
2221 3248 8 26 :
2258 3251 17 20 «
2300 3232 71 41 Oh
2391 3228 7 45 !

642 3328 112 41 papa
770 3319 7 37 !
800 3314 100 50 Que
920 3326 107 28 vous
1046 3325 69 28 me
1132 3311 196 55 rappelez
1348 3309 144 41 l'école
1513 3309 50 41 de
1579 3322 125 42 papa,
1726 3317 40 33 et
1787 3322 85 41 que
1894 3321 109 28 nous
2026 3321 111 28 nous
2158 3306 240 43 entendons

685 3468 41 38 (i)
753 3465 88 35 Voir
862 3466 53 32 les
935 3464 173 34 numéros
1123 3464 62 33 des
1212 3472 11 25 l
1231 3469 28 17 er
1277 3462 188 34 décembre
1487 3461 102 44 iByB,
1616 3472 9 23 lerI
1634 3467 27 14 er
1679 3459 149 45 janvier,
1852 3472 12 22 i
1872 3466 28 18 cr
1914 3460 132 35 février
2063 3466 35 27 et
2124 3471 10 21 i
2142 3464 28 19 er
2192 3457 73 36 mai
2290 3458 101 45 1874,
