3670 4470
405 122 1473 214 Niedeirheinische
2025 121 1199 270 Musik-Zeitung

788 407 188 91 für
1024 407 879 91 Kunstfreunde
1959 409 241 84 und
2254 402 597 91 Künstler.

227 607 453 88 Herausgegeben
721 628 104 38 von
871 606 273 57 Professor
2151 607 58 54 L.
2334 605 247 76 Bischoff.
1698 602 200 88 Verlag
1941 602 93 57 der
2961 598 438 87 Buchhandlung.

1508 798 176 87 KÖLN,
1725 811 72 58 13.
1838 808 99 59 Mai
1978 806 147 59 1854.

2989 806 57 59 11.
3088 803 282 76 Jahrgang.

260 813 83 61 Nr.
380 815 75 61 19.

1990 1000 205 52 Seitdem
2225 1000 195 53 wurden
2461 1000 211 51 mehrere
2704 1001 328 67 Sammlungen
3062 1000 116 51 alter
3206 997 203 52 Denkmä-

1862 1086 67 51 ler
1973 1086 82 50 der
2084 1085 245 52 Tonkunst
2373 1085 82 52 mit
2500 1086 132 50 mehr
2676 1085 112 51 oder
2831 1085 203 67 weniger
3060 1084 250 50 Kenntniss
3356 1082 83 52 der

1863 1171 146 51 Sache
2054 1170 94 52 und
2196 1171 80 50 mit
2318 1170 131 51 mehr
2494 1170 114 51 oder
2649 1170 205 67 weniger
2884 1169 146 50 Glück
3071 1176 367 42 unternommen.

1859 1256 87 51 Die
1976 1255 191 51 meisten
2192 1255 169 69 jedoch
2392 1255 340 51 beschränkten
2770 1255 92 50 sich
2895 1254 81 49 auf
2994 1252 181 53 Werke
3207 1252 79 51 des
3310 1252 126 50 XVf.

1858 1341 355 51 Jahrhunderts.
2270 1340 284 52 Rochlitz
2615 1340 325 51 veranstaltete
3000 1339 43 51 in
3095 1338 191 68 Leipzig
3339 1336 102 51 eine

1861 1426 169 60 solche,
2059 1425 176 51 welche
2266 1444 48 33 es
2348 1425 65 52 bis
2442 1426 83 50 auf
2543 1426 209 50 mehrere
2774 1425 310 66 Lieferungen
3113 1421 217 60 brachte;
3362 1421 80 51 der

1861 1510 98 50 Abt
1986 1510 210 51 Alfieri
2229 1510 89 68 gab
2348 1510 45 50 in
2422 1510 159 50 Italien
2611 1510 212 50 mehrere
2854 1509 183 52 Werke
3066 1526 90 33 von
3185 1505 254 52 Palestrina

1862 1594 46 51 in
1937 1595 203 50 Partitur
2180 1594 184 52 heraus.
2408 1595 52 50 In
2505 1612 200 33 unseren
2750 1597 161 64 Tagen
2954 1593 79 51 hat
3079 1592 73 50 Co
3168 1609 105 33 mm
3288 1608 62 33 er
3395 1590 46 51 in

1862 1679 151 50 Berlin
2044 1678 290 52 bekanntlich
2379 1679 105 51 sehr
2525 1679 269 51 werthvolle
2825 1678 330 66 Sammlungen
3185 1677 224 66 herausge-

1863 1763 165 69 geben,
2077 1764 70 50 die
2178 1764 113 59 eine,
2323 1764 175 50 welche
2529 1764 71 50 die
2630 1763 392 52 niederländische
3046 1762 167 51 Schule
3244 1759 193 57 enthält,

1862 1849 81 49 auf
1967 1849 182 49 Kosten
2193 1848 83 51 der
2320 1848 425 51 niederländischen
2775 1846 301 52 Gesellschaft
3107 1863 81 32 zur
3217 1843 194 52 Beförde-

2326 1911 10 11 r

1861 1950 123 48 rung
2013 1932 81 51 der
2125 1933 256 51 Tonkunst.
2414 1932 136 51 Auch
2581 1932 81 52 der
2693 1932 205 67 gelehrte
2930 1931 169 49 Custos
3132 1929 81 51 der
3244 1928 165 51 musica-

1859 2017 171 51 lischen
2060 2017 287 69 Abtheilung
2376 2018 83 51 der
2488 2017 200 53 berliner
2713 2016 274 59 Bibliothek,
3018 2014 183 58 Dehn,
3231 2013 182 51 beschäf-

1858 2102 87 67 tigt
1974 2102 94 51 sich
2100 2103 81 49 mit
2211 2102 125 50 einer
2375 2102 239 52 ähnlichen
2644 2101 178 60 Arbeit,
2867 2100 92 50 und
3000 2100 71 49 die
3110 2098 329 68 Schlesinger'-

1857 2186 107 51 sche
1998 2186 429 67 Verlagshandlung
2467 2186 78 49 hat
2582 2187 100 50 eine
2712 2185 274 67 Sammlung
3015 2190 137 43 unter
3183 2182 104 51 dem
3317 2181 117 51 Titel

1862 2274 179 49 Musica
2221 2290 101 33 sacra
2323 2271 158 69 begonnen.

1983 2375 70 50 Zu
2084 2374 88 49 den
2204 2373 368 52 bedeutendsten
2601 2371 384 69 Erscheinungen
3025 2371 83 50 der
3137 2369 102 52 Zeit
3268 2369 46 51 in
3344 2368 70 52 die-

1856 2475 97 35 sem
1983 2459 153 51 Fache
2183 2459 167 67 gehört
2394 2459 80 49 das
2506 2458 345 53 Unternehmen
2895 2458 80 50 des
3008 2455 257 52 Canonicus
3293 2454 146 51 Karl

1856 2544 232 50 Proske
2131 2543 46 51 in
2206 2543 325 68 Regensburg,
2569 2561 168 33 wovon
2768 2543 130 49 Ende
2943 2542 189 67 vorigen
3161 2540 165 51 Jahres
3357 2538 82 52 der

1857 2634 123 45 erste
2007 2628 132 51 Band
2169 2628 270 51 erschienen
2468 2627 71 50 ist.
2571 2628 66 48 Er
2667 2628 127 49 führt
2823 2627 91 49 den
2943 2625 142 51 Titel:

1986 2751 235 50 Musica
2260 2751 48 48 D
2319 2751 18 50 i
2348 2750 157 59 vina,
2534 2750 93 52 sive
2661 2750 76 49 Th
2752 2766 51 33 es
2816 2766 71 32 au
2902 2765 104 33 rus
3048 2756 292 42 concentuum
3367 2762 44 34 se-

2111 2836 358 57 leclissimorum,
2493 2835 125 49 omni
2638 2834 149 49 cultui
2815 2834 156 49 divino
2990 2832 137 50 totius
3151 2829 114 52 ahni
3283 2830 154 68 juxta

2108 2921 146 49 ritum
2304 2930 180 40 sanclae
2531 2919 221 49 Ecclesiae
2795 2917 239 50 catholicae
3077 2915 364 58 inservienlium,

2108 3005 56 50 ab
2193 3004 380 51 excellentissimis
2606 3003 247 66 superioris
2891 3003 98 50 aevi
3016 3001 186 50 musicis
3231 3000 208 51 numeris

2369 3089 274 49 harmonicis
2976 3088 348 66 compositorum

2110 3174 183 50 nalibus
2323 3183 93 39 tarn
2455 3173 130 49 editis
2624 3189 144 50 quam
2801 3170 182 52 ineditis
3025 3170 337 51 accuratissime
3389 3170 50 48 in

2101 3258 296 67 partitionem
2423 3259 198 48 redactos
2651 3258 61 49 ad
2738 3257 358 49 instanrandam
3116 3255 326 66 polyphoniam

2108 3358 98 34 vere
2223 3340 684 70 ecclesiasticam,publiceoffert
2938 3340 247 50 Carolus
3207 3338 227 52 Proske.

2110 3428 167 50 Annus
2310 3427 201 66 primus,
2552 3427 285 49 Harmonias
2878 3425 88 50 IV.
3006 3442 157 33 vocurn
3190 3423 243 51 conlinens.

2385 3513 123 48 Tom.
2689 3512 40 48 1.
2842 3512 136 49 Liber
3118 3511 127 50 missarum
3246 3504 116 52 1853.
3363 3504 62 51 4

1983 3622 97 50 Der
2119 3622 124 50 Herr
2280 3620 334 68 Herausgeber
2663 3620 272 67 beschäftigt
2977 3618 93 50 sich
3110 3617 87 50 seit
3240 3616 193 70 dreissig

1857 3706 173 51 Jahren
2072 3705 81 51 mit
2202 3705 105 51 dem
2338 3705 216 51 Studium
2600 3705 82 51 der
2723 3705 121 51 alten
2886 3702 189 51 Meister
3118 3701 83 51 der
3244 3701 171 52 italiäni-

1859 3791 153 60 schen,
2044 3790 424 52 niederländischen
2506 3790 95 51 und
2632 3787 250 52 deutschen
2912 3785 184 52 Schule.
3157 3786 66 50 Er
3268 3786 80 51 hat
3390 3786 46 52 in

1859 3876 148 51 seiner
2036 3875 262 52 Bibliothek
2338 3875 101 51 eine
2481 3892 158 50 grosse
2667 3874 167 66 Menge
2865 3871 183 52 Werke
3079 3870 242 52 derselben
3352 3889 54 50 ge-

1859 3960 225 61 sammelt,
2113 3978 82 33 um
2225 3960 64 51 sie
2320 3960 44 50 in
2394 3959 202 49 Partitur
2625 3975 55 32 zu
2712 3954 255 61 schreiben,
2997 3955 224 51 nachdem
3253 3973 50 33 er
3331 3955 97 52 sich

1861 4046 133 68 lange
2032 4045 43 51 in
2106 4045 160 52 Italien
2293 4043 287 68 aufgehalten
2624 4041 93 52 und
2762 4040 72 52 die
2875 4040 211 69 dortigen
3114 4040 291 53 Kirchen-Ar-

1862 4129 127 55 chive
2018 4129 319 53 durchforscht
2365 4128 91 52 hat.

685 1028 283 60 Musica
1031 1046 232 42 sacra.

932 1157 94 45 II.

748 1251 189 53 (Schluss.
968 1251 38 41 S.
1035 1251 70 41 Nr.
1138 1251 74 51 18)

314 1344 94 51 Das
432 1341 213 54 Studium
677 1341 83 51 der
790 1340 273 52 Geschichte
1095 1340 81 51 der
1204 1340 153 52 Musik
1388 1340 116 51 nach
1536 1340 228 70 Original-

189 1429 197 61 Quellen
432 1428 94 51 und
577 1425 350 52 authentischen
972 1425 313 51 Denkmälern
1331 1425 83 52 der
1453 1426 156 51 Kunst
1652 1426 115 51 wird

188 1514 116 51 nach
338 1513 94 52 und
461 1512 116 50 nach
607 1512 146 50 durch
784 1510 71 51 die
887 1509 186 69 eifrigen
1105 1510 337 68 Bemühungen
1476 1510 291 68 gründlicher

188 1598 230 52 Forscher
449 1597 93 50 und
573 1595 227 52 Sammler
830 1597 82 49 auf
936 1594 106 51 dem
1073 1594 196 51 Gebiete
1298 1595 83 51 der
1409 1594 358 52 Kirchenmusik

188 1683 276 51 erleichtert.

316 1768 154 51 Schon
503 1766 80 50 der
614 1767 138 49 Pater
780 1763 254 53 Martini
1081 1764 80 50 sah
1208 1766 86 58 ein,
1340 1764 103 51 dass
1484 1766 71 49 ein
1600 1764 144 68 erfolg-

189 1852 177 51 reiches
396 1851 284 66 Eindringen
718 1849 44 50 in
807 1848 71 52 die
907 1847 270 52 historische
1208 1847 295 70 Ausbildung
1533 1848 81 51 der
1644 1848 93 51 Ton-

189 1938 140 50 kunst
374 1937 119 50 ohne
521 1933 359 52 Bekanntschaft
927 1932 82 51 mit
1049 1933 89 50 den
1180 1933 175 50 «älteren
1387 1933 377 69 Compositionen

191 2020 263 68 unmöglich
487 2020 87 58 sei;
619 2017 132 51 allein
783 2035 95 33 was
923 2035 53 32 er
1006 2017 146 51 davon
1191 2017 362 51 veröffentlichte
1609 2017 59 51 ist
1710 2036 57 32 zu

189 2105 393 68 fragmentarisch,
630 2103 95 51 und
766 2102 71 51 die
866 2102 355 51 verschiedenen
1254 2102 226 51 Perioden
1512 2102 99 52 sind
1642 2102 125 51 nicht

191 2188 194 70 gehörig
414 2187 195 51 erkannt
638 2186 95 53 und
762 2186 263 68 gesondert.
1082 2186 266 51 Denselben
1379 2187 229 50 Vorwurf
1645 2186 119 49 kann

191 2293 106 33 man
337 2274 82 49 der
450 2272 272 68 Sammlung
765 2290 90 32 von
897 2271 280 51 Paolucci
1223 2270 206 59 machen,
1475 2271 43 50 in
1564 2271 200 51 welcher

191 2357 218 52 ebenfalls
468 2356 99 51 eine
625 2373 161 52 grosse
846 2355 305 67 Verwirrung
1208 2355 44 49 in
1299 2355 82 51 der
1423 2355 341 67 Classificirung

192 2441 226 52 herrscht.
476 2442 53 49 In
559 2442 89 50 den
678 2448 155 43 ersten
863 2439 172 52 Jahren
1072 2440 79 51 des
1181 2439 323 50 neunzehnten
1531 2439 203 52 Jahrhun-

193 2529 126 51 derts
351 2528 136 49 fasste
518 2526 82 51 der
629 2525 199 51 Hofrath
870 2525 447 51 Sonnleithner
1357 2525 44 50 in
1443 2525 142 52 Wien
1631 2525 131 50 einen

191 2613 115 50 Plan
351 2629 56 33 zu
454 2611 123 50 einer
621 2610 323 51 umfassenden
974 2610 273 67 Sammlung
1289 2627 88 34 von
1418 2609 345 52 musicalischen

189 2695 329 60 Denkmälern,
560 2695 176 51 welche
766 2694 123 51 nicht
920 2694 204 67 weniger
1153 2694 65 51 als
1249 2693 207 68 sechszig
1480 2693 284 52 Foliobände

189 2782 141 50 füllen
360 2780 146 51 sollte.
565 2780 66 50 Er
662 2797 195 51 gewann
902 2779 71 51 für
1017 2779 94 51 sein
1142 2779 250 51 kolossales
1421 2779 345 51 Unternehmen

192 2867 90 50 den
325 2864 276 52 berühmten
643 2863 236 60 Forkel,
935 2863 94 51 und
1075 2863 147 51 dieser
1266 2863 181 67 begann
1492 2863 155 58 damit,
1694 2863 70 49 die

192 2952 187 51 Messen
409 2950 42 50 in
484 2949 201 51 Partitur
715 2967 56 33 zu
803 2957 170 52 setzen,
1006 2947 174 52 welche
1211 2948 78 51 das
1313 2948 107 51 sehr
1443 2948 174 51 seltene
1632 2948 132 49 Buch

205 3037 137 51 Liber
574 3037 254 67 quindecim
981 3036 197 50 Missarum
1179 3032 140 59 enthielt,
1320 3032 297 70 Compositionen
1675 3050 91 33 von

192 3119 223 51 Meistern
466 3119 83 50 der
600 3118 122 51 alten
774 3117 420 52 niederländischen
1250 3117 181 51 Schule.
1489 3117 97 49 Der
1635 3116 128 50 Stich

193 3203 164 52 wurde
386 3203 43 51 in
460 3203 187 69 Leipzig
676 3202 247 68 begonnen
954 3202 94 51 und
1078 3220 97 33 war
1205 3220 51 33 so
1288 3210 84 59 gut
1404 3201 83 52 wie
1518 3201 246 59 vollendet,

195 3290 64 50 als
304 3288 82 51 der
429 3286 318 70 unglückliche
781 3286 145 68 Krieg
969 3305 88 32 von
1109 3286 152 51 1806
1312 3286 71 49 die
1428 3284 336 53 französischen

192 3375 156 49 Heere
393 3371 116 51 nach
558 3370 433 52 Norddeutschland
1038 3370 169 50 führte.
1265 3370 86 49 Die
1397 3370 182 50 Platten
1630 3370 134 50 fielen

195 3458 146 53 durch
371 3457 130 51 einen
531 3455 314 52 sonderbaren
874 3455 145 50 Zufall
1058 3455 146 49 einem
1236 3453 321 52 unwissenden
1588 3455 151 50 franzö-

196 3544 178 52 sischen
404 3541 188 51 Officier
620 3540 46 51 in
697 3540 72 51 die
796 3540 183 59 Hände,
1019 3540 82 51 der
1141 3538 147 51 nichts
1313 3538 221 69 Eiligeres
1565 3558 56 31 zu
1650 3538 117 51 thun

195 3636 191 51 wusste,
429 3626 65 51 als
523 3624 183 68 Kugeln
747 3624 166 50 daraus
944 3622 179 69 giessen
1153 3643 58 30 zu
1242 3624 163 52 lassen.
1465 3625 62 49 So
1558 3641 98 33 war
1687 3622 79 52 das

195 3711 346 52 Unternehmen
570 3710 45 52 in
647 3710 81 51 der
751 3707 180 52 Geburt
960 3707 202 51 erstickt.
1191 3709 148 49 Einen
1369 3709 203 68 einzigen
1598 3709 169 67 Abzug

196 3795 127 51 hatte
352 3795 169 52 Forkel
548 3794 170 52 Behufs
760 3792 81 53 der
880 3791 252 52 Correctur
1172 3792 232 60 erhalten;
1448 3812 52 31 er
1529 3792 238 51 sammelte

197 3880 71 51 die
290 3881 162 68 Bogen
479 3881 95 51 und
603 3879 247 68 vereinigte
879 3878 64 50 sie
973 3895 55 32 zu
1059 3876 146 51 einem
1230 3876 172 61 Bande,
1433 3878 199 50 welcher
1651 3878 116 67 jetzt

195 3964 281 68 Eigenthum
522 3966 81 50 der
645 3963 286 71 königlichen
973 3960 259 52 Bibliothek
1274 3980 57 33 zu
1373 3963 154 52 Berlin
1571 3963 59 49 ist
1673 3961 94 51 und

197 4046 271 53 schätzbare
499 4050 301 52 Monumente
841 4066 82 34 aus
967 4045 104 54 dem
1114 4045 293 52 lünfzehnten
1452 4046 314 54 Jahrhundert

197 4133 188 51 enthält.

3005 4207 64 53 19
