4257 4033
381 229 130 47 mino
539 229 262 44 indefinito.
832 229 219 46 Nessuno
1081 233 93 56 può
1204 230 183 57 gridare
1414 232 199 44 l'ultima
1640 232 161 58 parola
1831 230 45 45 di
1905 230 210 45 «Fine»:

381 317 30 29 e
439 315 52 32 se
520 303 184 44 credete
733 303 87 44 che
846 304 47 43 vi
926 304 134 44 siano
1089 318 95 30 una
1213 304 206 44 dottrina
1446 305 56 45 ed
1531 319 63 31 un
1626 305 194 43 sistema
1847 304 183 57 perfetti
2062 303 58 44 ed

381 375 216 55 assoluti,
634 376 45 45 le
717 379 231 42 troverete
987 378 328 54 nell'assurdo,
1356 379 83 44 che
1477 380 25 42 è
1541 393 63 29 un
1640 379 140 43 modo
1818 379 216 56 negativo
2072 376 46 45 di

380 449 177 44 vivere.

507 521 128 57 Oggi,
679 522 189 56 quando
908 522 44 45 le
994 524 189 43 dinamo
1226 538 118 30 sono
1385 524 156 57 gonfie
1582 524 44 44 di
1667 524 190 55 energia
1897 522 221 54 elettrica,

383 593 391 46 trasformazione
815 596 123 43 della
976 595 132 45 forza
1146 597 46 43 di
1232 611 96 29 una
1366 601 200 50 cascata,
1604 611 27 31 e
1672 597 155 43 danno
1865 597 118 52 luce,
2022 595 72 44 fon-

384 667 123 45 dono
543 668 197 44 mettalli
752 685 12 38 ;
803 682 24 31 e
863 670 47 43 vi
947 672 25 41 è
1009 684 65 30 un
1107 672 264 56 entelekeja
1406 671 221 57 tangibile
1663 671 268 43 nell'atomo
1954 670 73 43 del
2053 682 44 31 ra-

384 740 143 54 dium,
572 741 85 43 che
701 743 25 41 è
769 741 48 43 la
859 742 378 45 condensazione
1282 743 108 45 delli
1434 743 211 45 elettroni
1691 742 241 45 irradianti
1946 759 12 38 ;
1999 741 120 57 oggi,

385 813 46 43 al
463 813 131 45 fumo
629 814 121 44 delle
783 813 200 48 officine!
1011 830 27 29 e
1072 816 124 44 delle
1226 817 260 56 vaporiere,
1521 817 90 43 alle
1643 816 193 44 idealità
1867 814 252 54 libertarie,

381 886 97 44 allo
514 886 156 47 sforzo
707 901 227 44 generoso
971 889 120 45 delle
1127 889 240 46 ricchezze
1403 891 123 43 della
1559 893 153 41 mente
1747 903 28 31 e
1809 888 72 46 dei
1917 887 206 56 forzieri,

384 959 94 45 alla
511 960 175 56 gEande
719 960 327 58 inquietudine
1077 963 228 56 egoistica
1334 963 60 43 ed
1425 963 309 56 imperialista
1767 962 72 43 dei
1874 960 155 59 popoli
2062 960 58 44 ed

383 1032 95 44 alla
521 1033 236 44 cosciente
802 1034 278 57 generosità,
1124 1035 46 44 al
1216 1035 236 45 sacrificio
1495 1035 159 45 divino
1697 1035 74 44 del
1817 1034 180 57 singolo
2039 1047 84 43 per

384 1118 96 32 una
524 1105 250 57 conquista
806 1107 45 43 di
886 1108 191 43 scienza
1105 1122 28 29 e
1164 1108 44 43 di
1241 1108 191 54 libertà;
1479 1109 115 56 oggi,
1640 1108 206 52 risuona,
1879 1119 245 31 consuona

383 1192 26 29 e
446 1179 60 42 dà
539 1178 33 43 il
609 1181 148 41 metro
792 1179 33 43 il
860 1193 140 30 verso
1035 1180 162 43 libero.

507 1250 216 56 Domani,
761 1253 301 55 conquistata
1094 1267 27 30 e
1157 1253 157 44 sicura
1345 1254 47 43 la
1415 1254 212 43 viabilità
1662 1268 149 39 aerea,
1848 1251 198 46 confusa
2079 1253 49 42 la

387 1328 148 40 morte
582 1325 121 44 colia
751 1326 112 54 vita,
912 1325 94 46 fusi
1056 1328 52 41 in
1151 1341 95 30 una
1295 1329 174 56 grande
1516 1328 210 57 famiglia
1770 1328 30 41 li
1850 1326 176 45 uomini
2074 1325 49 43 in

385 1397 280 59 pienissima
709 1399 182 54 libertà,
935 1401 335 56 l'espressione
1316 1401 125 45 della
1483 1401 133 43 liricìa
1660 1401 107 45 sarà
1810 1400 47 43 la
1900 1400 224 56 semplice

385 1471 164 57 parola
588 1485 199 30 comune
825 1486 29 29 e
891 1468 263 61 flamigliare
1194 1472 211 46 d'affetto
1446 1488 24 30 e
1509 1474 220 53 d'amore,
1770 1474 47 43 la
1853 1472 158 45 sicura
2048 1486 49 43 pa-

387 1545 102 43 rola
544 1545 198 54 mistica,
802 1546 305 48 riconfortata
1162 1547 126 43 dalla
1345 1546 219 57 simpatia
1618 1546 290 53 universale;
1952 1545 169 57 perchè

385 1616 176 44 l'uomo
605 1620 113 42 avrà
761 1621 276 57 consacrato
1079 1634 30 29 a
1151 1621 51 42 sè
1246 1622 153 42 stesso
1442 1620 47 43 la
1530 1634 86 30 sua
1658 1622 160 41 eterna
1860 1618 195 44 divinità
2096 1631 28 31 e

385 1703 97 31 non
521 1692 135 55 potrà
695 1691 79 56 più
816 1695 174 40 temere
1032 1691 45 44 di
1121 1693 64 52 sè,
1227 1692 74 43 dei
1340 1692 187 53 fratelli,
1568 1692 43 43 di
1655 1695 173 53 quanto
1870 1695 75 40 sta
1984 1703 140 45 sopra

384 1762 36 43 il
458 1762 299 44 firmamento
797 1777 29 29 e
865 1767 122 41 sotto
1029 1764 164 44 dentro
1232 1764 44 44 le
1315 1764 180 45 viscere
1535 1763 226 46 fucinanti
1803 1763 125 45 della
1966 1764 153 42 Terra.

385 1836 69 44 La
486 1837 163 57 poesia
684 1838 109 42 sarà
826 1837 372 57 imperialmente
1235 1851 215 40 sovrana,
1484 1838 223 45 l'accento
1742 1839 223 42 consueto
2001 1837 124 44 della

385 1909 212 57 famiglia
642 1910 195 46 redente
882 1910 127 44 dalla
1052 1910 272 45 ossessione
1371 1912 73 42 del
1491 1910 75 45 dio
1613 1924 24 31 e
1682 1910 71 44 dei
1800 1910 196 58 padroni
2041 1923 84 43 per

388 1983 49 42 sè
477 1982 57 44 ed
572 1982 43 44 al
652 1982 189 57 proprio
879 1982 198 44 destino.

508 2054 138 56 Ecco,
672 2055 52 43 in
752 2057 155 53 breve,
938 2059 165 53 troppo
1131 2055 49 45 in
1209 2057 140 43 breve
1378 2069 80 43 per
1486 2057 47 43 la
1557 2055 173 45 vastità
1758 2055 73 45 del
1862 2058 206 54 soggetto
2097 2068 27 30 e

385 2142 85 43 per
502 2128 47 44 la
586 2143 89 29 sua
707 2129 307 56 importanza,
1053 2129 200 57 qualche
1288 2130 192 56 periodo
1517 2129 44 44 di
1599 2129 204 56 risposta
1836 2129 95 43 alla
1963 2131 162 41 vostra

385 2200 245 46 inchiesta.
681 2201 360 57 Compiacetevi,
1088 2215 108 31 caro
1240 2203 60 43 ed
1345 2203 162 43 ottimo
1552 2201 248 54 Marinetti,
1847 2203 44 43 di
1937 2201 160 57 aggiun-

387 2274 142 56 gerla,
568 2288 84 43 per
690 2276 174 54 quanto
903 2275 160 43 valore
1102 2275 157 53 abbia,
1300 2275 89 43 alle
1429 2275 114 43 altre
1583 2275 85 43 che
1706 2275 177 43 uomini
1922 2274 199 44 letterati

384 2347 173 45 illustri
600 2361 24 31 e
663 2347 79 57 più
785 2347 96 44 noti
924 2349 43 43 di
1010 2363 74 29 me
1126 2349 38 42 si
1207 2361 117 31 sono
1362 2347 222 45 affrettati
1627 2347 43 45 di
1714 2347 129 45 darvi
1886 2349 212 55 sull'argo-

389 2422 170 41 mento.
602 2420 60 43 Se
700 2420 47 43 vi
788 2421 61 43 ho
888 2421 181 56 parlato
1109 2434 66 30 un
1212 2422 74 55 po'
1328 2424 163 53 troppo
1532 2420 45 44 di
1617 2435 88 38 me,
1745 2420 294 57 incolpatene
2078 2421 48 42 la

389 2493 208 45 materia.
641 2493 240 55 Desidero,
924 2495 124 43 nella
1089 2495 173 56 grande
1302 2495 269 57 ignoranza,
1613 2493 126 45 forse
1781 2493 61 44 da
1879 2507 73 30 me
1993 2493 105 44 meri-

388 2568 110 51 tata,
543 2566 84 43 che
671 2566 130 44 molti
844 2566 158 44 hanno
1047 2567 119 43 sulle
1208 2580 109 30 cose
1361 2566 104 53 mie,
1509 2566 170 44 ch'essi
1724 2566 226 56 sappiano
1993 2578 133 31 come

388 2638 46 45 io
478 2639 141 44 abbia
660 2639 252 56 preceduto
954 2639 150 44 anche
1146 2639 48 44 in
1239 2642 165 53 questo
1447 2639 71 44 chi
1563 2653 60 28 va
1663 2652 84 43 per
1786 2639 47 44 la
1874 2638 249 57 maggiore.

390 2712 104 44 Non
536 2713 234 43 domando
813 2712 309 44 ostentazioni
1168 2713 266 43 d'etichetta
1477 2727 28 29 a
1545 2712 94 44 mio
1681 2712 232 57 riguardo,
1956 2712 168 57 perchè

388 2784 16 43 i
432 2784 162 45 motivi
633 2784 192 45 araldici
864 2785 72 44 del
977 2785 255 56 protocollo
1272 2785 122 44 male
1430 2797 305 32 consuonano
1772 2784 50 43 in
1858 2797 112 30 casa
2006 2784 118 54 mia;

384 2871 98 29 non
508 2858 63 42 ho
601 2858 365 56 maggiordomo,
1009 2857 174 54 lacchè,
1216 2857 331 58 diplomattico,
1578 2857 85 44 che
1692 2871 74 30 me
1794 2857 30 43 li
1855 2857 165 44 faceva
2046 2869 50 31 va-

389 2930 111 55 lere,
544 2933 60 42 nè
649 2933 45 42 lo
738 2932 165 43 vorrei.
948 2932 76 43 Ma
1057 2934 23 41 è
1113 2932 133 52 bene,
1293 2932 198 55 qualche
1535 2932 139 53 volta,
1707 2930 198 45 svestire
1949 2932 45 43 la
2036 2944 62 29 mo-

392 3004 165 51 destia,
590 3004 85 43 che
707 3006 22 41 è
762 3019 96 29 una
887 3005 174 43 cattiva
1090 3005 246 43 maschera
1366 3004 288 57 all'orgoglio
1686 3018 26 29 e
1740 3004 46 43 lo
1817 3004 311 44 immiserisce

392 3092 144 29 senza
558 3078 190 57 ragione
764 3094 7 27 :
797 3080 99 41 così
919 3079 33 42 il
976 3081 153 40 tacere
1152 3079 59 43 od
1234 3079 33 42 il
1292 3079 232 42 sorridere
1546 3092 94 29 non
1662 3092 214 41 vengono
1900 3078 122 57 presi
2049 3078 76 44 dai

392 3150 287 57 superficiali
710 3164 144 30 senza
883 3151 105 56 quel
1019 3150 297 44 condimento
1347 3151 200 43 d'ironia
1574 3150 84 43 che
1687 3150 234 44 tonalizza
1947 3164 153 43 espres-

388 3224 265 48 sivamente
686 3222 33 44 il
756 3224 177 43 sorriso
968 3224 57 43 ed
1060 3224 33 42 il
1129 3222 209 45 silenzio.
1376 3248 54 5 —
1466 3222 39 44 A
1538 3222 92 54 voi,
1667 3222 92 44 mio
1796 3222 126 44 buon
1956 3222 167 55 amico,

388 3297 156 45 salute
587 3297 56 43 ed
686 3296 196 57 augurii.
926 3297 182 43 Vostro.

793 3389 41 34 IL
934 3387 88 37 VIJ
1152 3386 44 36 di
1291 3387 155 36 ottobre
1658 3387 151 39 CMVJ.

1550 3475 72 45 G.
1655 3476 75 41 F>.
1759 3473 265 44 JLuoini.

395 3606 240 42 SMlA.Fi
639 3606 56 41 A.
729 3603 237 52 risponde
982 3615 15 28 :

902 3696 120 47 Cher
1199 3697 249 45 Monsieur
1761 3695 260 54 Marinetti,

514 3801 63 45 Le
618 3814 108 31 vers
766 3800 118 43 libre
924 3800 75 42 est
1038 3799 46 43 la
1123 3798 198 57 planche
1364 3798 58 43 de
1463 3798 136 52 salut,
1641 3796 42 45 le
1725 3809 170 43 moyen
1935 3796 43 44 le
2018 3795 108 57 plus

2273 225 138 44 facile
2448 238 120 44 pour
2603 238 120 30 ceux
2764 224 77 57 qui
2879 224 192 44 veulent
3107 223 218 57 produire
3365 224 27 42 à
3419 223 47 42 la
3503 220 196 46 lumière
3736 233 65 31 un
3838 219 167 45 travail

2276 302 160 44 d'effet
2465 303 233 44 ordinaire
2732 302 276 59 (quotidien)
3042 306 45 41 et
3116 303 198 45 assister
3343 305 27 41 à
3396 302 103 44 leur
3529 301 324 52 enterrement,
3887 299 120 45 mais

2273 394 93 30 non
2411 383 27 42 à
2464 383 104 43 leur
2606 383 299 44 immortalité
2949 397 179 30 comme
3171 384 174 55 poètes.

2399 460 59 45 Ce
2503 475 138 43 genre
2686 463 55 42 de
2784 462 366 53 versificateurs,
3195 461 56 43 de
3295 461 144 43 snobs
3485 473 111 30 sans
3639 457 283 58 inspiration
3961 459 47 42 et

2276 554 113 30 sans
2414 541 211 56 patienoe
2652 541 184 56 remplit
2858 542 45 43 le
2929 542 193 51 monde;
3149 539 120 44 mais
3294 553 79 30 ces
3401 540 159 55 poètes
3589 539 107 43 sont
3721 536 287 44 semblables

2276 620 27 41 à
2334 619 82 44 des
2450 619 162 44 étoiles
2645 619 204 53 filantes,
2881 619 88 44 tels
3003 621 106 42 sont
3138 619 69 43 les
3241 619 160 55 poètes
3435 615 389 45 sécessionnistes
3858 613 123 58 (déca-

2272 696 172 59 dents).

2396 777 64 42 Le
2496 791 138 42 genre
2670 778 254 53 sécession,
2960 779 151 42 mèrne
3144 789 61 30 en
3239 774 228 58 poésiel...
3504 774 65 43 De
3605 772 87 44 tels
3728 771 138 44 écrits
3902 772 109 42 sont

2275 855 311 55 l'expression
2615 854 142 44 fidèle
2787 856 56 42 de
2874 855 296 56 générations
3201 854 190 54 volages
3424 851 76 56 qui
3529 852 133 41 n'ont
3689 849 46 43 ni
3766 849 42 43 le
3838 851 169 53 temps,

2274 934 49 42 ni
2354 934 47 42 la
2432 934 212 56 patienoe
2674 934 312 56 «d'ouvrager
3017 934 101 42 leur
3148 932 200 44 métter»
3381 933 44 41 et
3455 931 56 42 de
3543 929 168 45 ciseler
3739 929 127 42 leurs
3896 939 112 32 vers

2276 1012 62 44 Ils
2375 1012 100 44 font
2512 1013 82 43 des
2630 1026 107 30 vers
2773 1012 351 56 kilométriques
3162 1012 183 54 d'après
3383 1010 100 42 leur
3518 1006 235 53 fantaisie,
3793 1019 111 30 sans
3940 1004 46 57 ju-

2276 1093 186 54 gement
2496 1094 47 41 et
2580 1105 112 31 sans
2728 1091 292 56 inspiration.

2399 1171 430 57 Expliquons-nous
2846 1186 7 26 :
2888 1170 71 43 Un
2992 1169 62 43 tei
3089 1181 203 44 ouvrage
3326 1166 85 44 fait
3445 1165 117 44 dans
3598 1164 55 43 de
3688 1163 133 43 telles
3856 1159 128 45 condi-

2276 1250 125 42 tions
2427 1249 123 44 est-il
2578 1249 195 56 capable
2802 1249 56 43 de
2886 1249 138 42 durer
3052 1249 45 41 et
3124 1247 56 43 de
3209 1245 147 44 défier
3383 1245 68 44 les
3482 1242 203 44 sfècles?
3715 1240 131 44 Est-il
3876 1252 104 43 capa-

2278 1329 74 43 ble
2387 1329 56 43 de
2479 1330 148 42 rester
2657 1327 214 56 toujours
2905 1340 179 31 comme
3118 1325 212 55 exemple
3366 1326 45 41 et
3442 1322 182 44 modèle
3660 1322 27 41 à
3721 1319 193 43 suivre?

2398 1408 126 57 Ayez
2564 1407 305 57 l'obligeance
2911 1406 193 44 d'écrire
3142 1418 61 29 en
3243 1416 152 44 prose,
3436 1400 271 51 Messieurs,
3751 1397 78 57 qui
3871 1396 138 57 fuyez

2276 1487 72 44 les
2390 1486 254 45 difficultés
2687 1486 58 43 de
2787 1484 277 45 l'harmonie
3106 1482 264 57 ryt.hmique
3413 1480 157 52 rimée,
3615 1476 288 46 barbouillez
3947 1475 66 44 du

2278 1567 162 56 papier
2476 1568 100 41 tant
2612 1578 90 43 que
2738 1578 119 30 vous
2895 1563 219 52 voudrez,
3153 1561 119 44 mais
3308 1560 171 43 laissez
3519 1559 56 42 de
3613 1558 100 42 coté
3750 1555 48 42 la

2279 1645 75 56 qui
2392 1646 71 41 est
2497 1657 62 29 un
2594 1643 141 43 chant
2766 1642 309 44 harmonieux
3107 1642 47 40 et
3185 1639 293 45 ordoixnéL..
3512 1635 193 44 Laissez
3739 1633 66 42 La
3840 1630 167 44 Divine

2276 1735 181 31 comme
2488 1720 116 44 l'ont
2636 1720 140 44 écrite
2808 1720 134 52 Dant,
2975 1719 264 55 Pétrarque,
3273 1717 43 42 le
3348 1717 159 50 Tasse,
3540 1713 241 51 l'Arioste;
3816 1710 39 43 si
3887 1722 120 30 vous

2276 1802 167 42 voulez
2481 1814 89 42 que
2604 1812 87 30 vos
2726 1812 186 30 oeuvres
2948 1799 194 54 passent
3173 1809 95 30 aux
3304 1794 295 57 générations
3634 1791 194 51 futures,
3866 1789 144 55 qu'on

2280 1879 132 43 brulé
2442 1879 56 43 de
2530 1879 205 42 Tencens
2766 1880 45 40 et
2841 1878 137 55 qu'on
3012 1889 50 30 se
3092 1877 241 53 prosterne
3365 1875 26 40 à
3420 1884 85 30 vos
3536 1870 146 57 pieds.

2404 1957 60 45 Ce
2496 1957 122 56 sujet
2645 1960 74 41 est
2746 1957 95 42 très
2872 1968 140 43 grave
3040 1967 118 44 pour
3186 1966 117 29 ceux
3335 1951 77 56 qui
3443 1950 187 44 suivent
3656 1948 43 44 le
3730 1948 195 42 courant
3954 1945 60 43 de

2279 2038 46 42 la
2350 2037 258 43 littérature
2637 2049 57 29 en
2723 2034 174 43 France
2922 2034 49 42 et
2994 2032 160 43 voient
3180 2044 51 29 ce
3260 2029 78 57 qui
3367 2043 50 29 se
3445 2041 139 43 passe
3612 2039 117 30 avec
3755 2025 46 43 la
3829 2023 186 57 plèiade

2281 2115 84 43 des
2409 2115 161 56 poètes
2615 2129 21 25 «
2653 2113 251 43 décadents
2921 2127 21 25 »
2988 2111 112 43 dont
3141 2110 69 42 les
3255 2122 107 30 vers
3408 2107 142 42 libres
3596 2103 313 44 ressemblent
3952 2114 61 29 au

2281 2194 139 42 chant
2446 2194 251 41 monotone
2726 2191 54 43 de
2807 2191 46 41 la
2880 2189 133 43 caille
3043 2202 80 30 sur
3146 2188 69 42 les
3245 2187 164 42 sillons
3437 2184 119 43 mais
3584 2197 58 29 ne
3671 2182 227 43 s'élèvent
3923 2192 85 43 pas

2281 2271 117 43 dans
2426 2270 267 56 l'empyrée,
2724 2282 178 30 comme
2931 2267 117 43 celui
3079 2267 55 42 de
3162 2265 249 43 l'alouette.

2402 2349 67 43 La
2488 2348 208 44 manière
2718 2347 192 44 d'écrire
2932 2360 57 29 en
3009 2358 107 30 vers
3137 2344 144 43 libres
3304 2345 71 40 est
3393 2357 20 25 «
3429 2342 42 42 le
3492 2340 146 52 flirt»,
3660 2338 140 54 fa<jon
3820 2348 191 46 pauvre,

2284 2429 275 55 bourgeoise
2592 2430 45 40 et
2667 2427 207 51 malade;
2907 2438 51 31 ce
2990 2425 119 42 n'est
3142 2436 83 43 pas
3258 2422 105 42 l'art
3392 2420 138 43 noble
3575 2420 44 43 et
3664 2417 126 52 sain;
3838 2428 170 42 songez

2283 2510 171 55 qu'une
2481 2509 106 42 telle
2613 2507 164 43 liberté
2805 2507 118 42 dans
2950 2505 46 42 la
3012 2503 166 58 j)oésie
3205 2500 235 54 francjaise
3469 2500 266 42 entraìnera
3761 2496 136 54 après
3927 2493 68 43 soi
4001 2528 11 22 ;

2283 2589 117 43 dans
2430 2588 46 42 la
2507 2587 271 51 littérature,
2811 2598 92 29 une
2935 2582 260 44 révolution
3227 2580 105 57 plus
3364 2578 202 51 terrible,
3599 2576 104 56 plus
3735 2573 157 44 stèrile
3924 2585 89 42 que

2282 2667 114 43 celle
2422 2666 55 43 de
2502 2666 48 43 la
2573 2664 184 44 Russie.
2783 2663 126 43 L'art
2931 2674 217 31 nouveau
3174 2672 111 30 orne
3309 2656 191 56 l'esprit,
3527 2654 119 43 mais
3673 2667 57 31 ne
3754 2653 43 42 le
3822 2652 188 43 charme

2282 2761 100 43 pas,
2426 2746 180 43 n'élève
2648 2757 85 44 pas
2776 2743 139 43 l'àme
2957 2752 178 31 comme
3177 2738 105 42 l'art
3321 2735 190 51 ancien;
3554 2733 43 43 le
3638 2745 108 30 vers
3789 2730 116 42 libre
3948 2727 67 44 lui

2281 2826 275 44 nessemble.

2407 2903 287 45 Concluons:
2729 2902 171 42 Toutes
2934 2899 69 42 les
3038 2899 271 51 mosa'iques
3344 2893 248 43 modernes
3629 2887 220 60 (poteries
3885 2884 108 45 artis-

2282 2985 169 55 tiques,
2499 2985 183 49 émaux,
2729 2976 219 58 camées),
2994 2976 43 56 je
3080 2975 69 42 les
3196 2970 250 46 donnerais
3492 2982 118 43 pour
3653 2981 63 29 un
3759 2966 154 42 Lucca
3956 2963 56 43 de

2281 3062 47 42 la
2357 3059 152 45 Robia
2524 3076 7 33 ;
2563 3061 154 41 toutes
2747 3057 68 43 les
2857 3055 225 43 Madones
3126 3052 62 43 du
3230 3049 243 43 Panthéon
3514 3046 55 43 de
3613 3044 140 44 Puvis
3798 3043 55 43 de
3899 3042 83 42 Cha-

2282 3153 180 31 vannes
2490 3152 118 43 pour
2633 3138 46 42 la
2705 3135 199 44 Madone
2933 3133 56 42 de
3015 3133 47 41 la
3090 3128 218 57 Chapelle
3338 3125 193 52 Sixtine,
3560 3124 56 43 de
3643 3122 211 55 Raphael
3869 3135 9 38 ;
3907 3122 107 40 tous

2282 3220 70 42 les
2374 3217 256 52 Mallarmé,
2654 3213 215 45 Verlaine
2893 3212 60 43 du
2977 3209 182 51 monde,
3184 3208 43 56 je
3248 3207 70 43 les
3342 3203 252 45 donnerais
3617 3215 117 43 pour
3757 3214 63 29 un
3844 3199 168 43 sonnet

2284 3298 57 42 de
2366 3297 270 54 Pétrarque,
2665 3306 118 44 pour
2810 3304 90 29 une
2930 3288 158 57 poésie
3118 3287 55 42 de
3204 3281 237 48 Carducci.
3472 3282 50 42 Je
3551 3279 153 44 désire
3734 3291 88 42 que
3850 3275 164 43 l'Italie

2284 3378 122 40 reste
2436 3373 207 45 sérieuse
2672 3371 117 43 dans
2818 3382 53 30 sa
2895 3368 257 42 littérature
3180 3363 232 57 poètique,
3441 3372 179 31 comme
3649 3358 86 45 elle
3763 3358 72 41 est
3861 3354 149 42 restée

2282 3454 121 44 dans
2442 3452 201 52 «l'Art»,
2684 3462 118 44 pour
2841 3448 42 42 le
2923 3445 200 57 prestige
3164 3443 55 43 de
3258 3442 46 42 la
3343 3439 174 58 poésie,
3559 3437 78 56 qui
3678 3433 252 57 comprend
3970 3433 51 41 et

2285 3532 76 56 qui
2405 3531 154 44 anime
2599 3532 101 40 tout
2740 3541 51 30 ce
2834 3526 77 57 qui
2955 3539 49 30 se
3046 3524 214 55 rapporte
3302 3535 27 28 a
3358 3520 100 42 elle.

3713 3657 259 40 Smara.

2380 3799 130 54 •(La
2543 3798 359 44 continuazione
2935 3795 49 43 al
3008 3792 242 56 prossimo
3281 3787 272 58 fascicolo).
