4257 4033
343 251 242 45 exubérante,
608 253 95 36 dans
724 256 92 35 trois
839 258 127 43 étapes
986 257 136 37 fatales
1136 273 7 21 :
1165 271 18 22 «
1197 261 91 35 Vers
1310 261 150 37 l'Eclair
1474 277 27 29 »,

341 324 17 19 «
374 311 71 35 Sur
484 315 53 33 les
576 314 101 36 Ailes
717 315 43 36 de
799 317 147 45 l'Orage
962 331 28 29 »,
1029 332 17 19 «
1061 320 91 35 Vers
1190 322 36 34 la
1265 323 144 35 Foudre
1425 337 28 21 ».

389 373 173 37 L'ceuvre
596 378 55 33 est
686 376 88 36 d'un
808 378 236 44 pessimìsme
1079 380 191 37 farouche.
1307 384 48 34 Le
1390 385 111 44 jeune

340 433 63 35 fils
441 435 43 35 de
524 436 36 34 la
598 437 237 45 bourgeoisie
872 439 191 44 italienne,
1103 442 102 35 issue
1244 444 44 33 de
1327 445 36 34 la
1399 447 82 33 révo-

341 494 118 35 lution
485 497 202 43 Dationale,
712 501 132 40 meurt,
869 510 112 34 parce
1007 503 61 43 qu'
1085 503 25 33 il
1134 504 132 34 voulut
1290 506 81 44 trop
1397 506 103 34 vivre

341 557 35 31 et
418 555 24 35 il
486 567 45 23 ne
576 560 60 32 sut
677 569 115 25 vivre.
839 560 27 33 Il
910 571 39 24 se
992 562 74 43 plie
1108 572 91 25 sous
1242 565 33 33 le
1320 565 92 34 choc
1456 567 44 33 de

341 616 97 35 deux
475 628 152 24 amours
665 630 63 35 qui
765 621 22 33 à
822 631 52 24 un
909 624 166 33 moment
1111 623 45 35 de
1193 635 43 23 sa
1272 626 59 33 vìe
1367 628 111 33 tumul-

339 679 132 33 tueuse
506 680 36 33 et
576 680 193 45 complexe
804 683 292 35 tourmentaient
1130 694 70 26 son
1235 687 83 33 àme
1352 687 127 45 profon-

339 737 150 36 dément
529 741 228 45 analytique.
800 742 101 35 Dans
941 754 53 24 un
1033 755 166 34 paysage
1240 747 257 44 merveilleux,

339 799 311 37 admirablement
684 804 156 44 évoqué,
877 804 24 33 il
938 816 40 23 se
1013 806 99 43 pend
1146 807 23 33 à
1200 818 75 24 une
1310 809 105 35 croix
1449 810 49 35 du

338 859 160 44 chemin,
537 872 91 24 avec
666 874 73 24 une
778 864 121 42 corde,
941 866 74 44 qui,
1054 866 94 35 dans
1186 867 54 35 les
1279 869 123 35 mains
1438 882 40 23 en-

337 916 163 39 fantmes
545 919 44 34 de
633 920 92 35 celle
770 921 89 45 qu'il
903 922 101 35 avait
1049 924 148 35 oubliée
1240 927 49 33 et-
1319 927 90 45 qu'il
1451 939 47 23 ne

337 979 88 41 peut
464 978 85 44 plus
591 979 127 42 aimer,
762 981 89 34 était
891 993 50 23 un
983 981 113 46 jouet.
1140 984 100 36 Avec
1280 986 65 42 lui,
1387 990 109 42 après

337 1049 72 23 une
452 1038 156 44 journée
652 1040 190 35 tellement
886 1043 156 44 remplie
1085 1044 45 35 de
1174 1047 120 41 rèves,
1340 1049 36 33 et
1418 1050 80 32 tant

336 1101 149 32 remuée
525 1110 67 34 par
633 1101 54 34 les
727 1112 88 24 voix
856 1103 65 34 des
962 1104 245 36 collectivités
1249 1107 61 45 qui
1352 1108 84 35 tour
1475 1111 22 32 à

337 1160 82 33 tour
464 1160 326 46 l'enveloppaient,
837 1164 92 34 c'est
971 1175 75 24 une
1091 1167 219 42 génération
1353 1171 143 33 entière

337 1220 60 44 qui
433 1221 141 34 semble
608 1223 145 34 monter
788 1234 64 24 sur
887 1224 35 34 la
956 1225 115 42 croix,
1106 1226 37 35 la
1177 1228 218 43 génération
1428 1229 66 36 des

337 1280 152 35 Italiens
515 1281 63 46 qui
602 1281 125 36 furent
752 1284 53 34 les
832 1287 264 42 premiers-nés
1122 1286 110 36 d'une
1258 1288 236 45 bourgeoisie

336 1352 133 23 encore
508 1343 101 34 toute
649 1345 208 43 sanglante.

774 1418 342 44 JRicciotto
1152 1423 285 43 Canudo.

331 1555 128 41 Dal
492 1556 375 45 FJeramosca
884 1588 13 12 •

381 1665 17 21 «
412 1653 26 34 L
456 1655 158 35 ESILIO
630 1668 17 20 »
681 1656 36 34 di
753 1658 115 35 Paolo
904 1658 126 36 Buzzi.
1066 1681 44 3 —
1145 1661 115 35 Paolo
1295 1663 112 35 Buzzi
1442 1675 52 25 un

334 1713 157 44 giovane
519 1715 97 35 colto
642 1727 21 23 e
691 1716 258 38 d'invidiabile
975 1718 161 48 ingegno
1162 1721 50 35 ha
1238 1722 157 37 liberato
1422 1726 71 33 alle

334 1776 142 43 stampe
520 1787 65 33 per
628 1776 10 34 i
666 1776 67 47 tipi
778 1778 35 34 di
858 1779 198 36 «Poesia»
1100 1782 38 34 la
1180 1785 88 33 nota
1312 1795 182 35 rassegna,

333 1834 295 38 internazionale
660 1838 35 34 di
728 1839 98 35 versi
860 1839 137 37 diretta
1027 1841 60 36 dal
1122 1845 111 43 poeta
1265 1845 36 34 F.
1334 1846 39 33 T.
1417 1847 49 34 Ma-

332 1895 136 44 rinetti,
507 1898 156 35 l'autore
701 1898 36 36 di
776 1913 17 20 «
809 1901 240 36 Destruction
1063 1915 17 20 »
1117 1915 20 23 e
1175 1904 36 35 di
1249 1917 17 21 «
1281 1906 68 35 Roi
1390 1907 78 35 Bom-

333 1956 161 45 bance»,
534 1969 54 24 un
630 1970 69 24 suo
741 1971 135 34 poema
917 1961 39 36 in
997 1973 115 35 prosa
1154 1966 99 34 sotto
1293 1966 122 36 forma
1456 1968 35 34 di

332 2029 178 24 romanzo
546 2020 186 36 intitolato
769 2022 235 36 «L'Esilio».

379 2079 26 33 L
422 2091 116 33 opera
574 2081 59 35 del
672 2083 114 35 Buzzi
824 2085 20 34 è
881 2084 36 35 di
957 2086 123 45 quelle
1118 2088 68 35 che
1224 2100 77 24 non
1338 2090 29 34 si
1407 2102 61 34 pos-

332 2150 91 24 sono
465 2141 199 37 ammirare
706 2154 40 24 se
788 2144 184 37 dominati
1014 2147 48 35 da
1101 2150 229 43 preconcetti
1374 2151 117 36 d'arte

331 2211 19 22 e
378 2200 36 34 di
444 2203 141 33 scuola.
615 2202 140 37 Perchè
785 2207 133 44 questo
947 2207 149 44 giovine
1125 2210 145 35 audace
1299 2211 36 35 la
1362 2223 127 35 rompe

331 2260 222 36 addirittura
591 2274 71 24 con
700 2265 93 35 tutte
833 2266 33 34 le
905 2267 186 37 retoriche
1129 2280 21 24 e
1188 2270 85 35 tutti
1313 2271 9 34 i
1350 2272 139 37 vincoli

331 2321 239 36 accademici.

378 2382 78 45 Egli
493 2385 20 33 è
551 2383 81 36 solo
668 2383 95 38 forte
800 2387 99 36 della
936 2399 71 25 sua
1040 2389 169 38 fantasia
1244 2392 244 38 inesauribile

331 2453 20 23 a
384 2443 58 34 cui
477 2444 31 35 si
542 2445 229 37 abbandona
802 2458 71 25 con
906 2450 96 36 tutto
1034 2450 177 48 l'impeto.

378 2505 12 32 I
429 2505 82 35 suoi
548 2507 175 35 caratteri
760 2510 103 43 però,
899 2509 9 35 i
950 2510 66 46 tipi
1053 2513 69 36 che
1158 2514 72 45 egli
1268 2526 86 25 crea
1390 2528 94 25 sono

329 2566 113 34 molto
473 2565 91 36 veri.

377 2627 159 45 Ignazio,
587 2629 24 35 il
663 2634 211 43 sognatore,
924 2636 21 33 è
992 2635 283 39 robustamente
1324 2641 160 44 scolpito

329 2697 17 23 e
382 2687 176 37 condotto
592 2690 246 46 logicamente
874 2694 36 36 al
945 2705 70 26 suo
1047 2695 89 38 fine.

378 2748 108 36 Giara
524 2751 21 34 è
583 2762 78 25 una
698 2752 124 46 figura
861 2755 221 37 dolcissima
1120 2759 68 35 che
1228 2771 77 24 non
1344 2761 31 35 si
1414 2773 73 34 può

327 2808 214 38 facilmente
579 2811 256 39 dimenticare.
877 2816 159 37 Clotilde
1074 2831 20 23 e
1134 2819 134 37 Nanda
1306 2832 94 25 sono
1439 2824 33 34 vi-

328 2871 211 43 vacissime,
598 2872 25 35 il
680 2885 160 34 parroco
896 2879 21 33 è
960 2890 78 24 una
1094 2881 227 40 macchietta
1376 2886 90 43 magi-

328 2932 124 35 strale.

374 2991 61 34 Ma
479 2991 161 40 l'intrico
685 2996 247 38 drammatico
978 3000 36 36 al
1058 3003 66 44 più
1169 3003 75 36 alto
1290 3006 115 44 grado
1451 3007 36 34 di

329 3055 130 42 questo
503 3065 134 35 poema
680 3058 222 46 romantico,
948 3072 106 26 come
1099 3063 65 46 più
1208 3067 279 44 propriamente

328 3114 162 37 avrebbe
518 3115 140 38 dovuto
687 3119 208 37 chiamarlo
926 3123 169 44 l'autore,
1126 3137 76 24 non
1231 3138 108 24 serve
1368 3130 68 34 che
1466 3142 23 23 a

328 3173 65 35 dar
424 3175 84 46 agio
540 3179 36 33 al
609 3179 113 36 Buzzi
755 3180 36 36 di
824 3182 228 47 lumeggiare
1084 3196 70 25 con
1186 3186 185 46 giocondo
1402 3201 64 34 pen-

327 3237 99 34 nello
468 3248 76 25 una
586 3239 96 37 serie
726 3241 279 40 interminabile
1047 3246 37 35 di
1128 3248 134 45 quadri
1304 3262 76 23 uno
1422 3254 65 43 più

327 3298 221 44 smagliante
590 3300 197 46 dell'altro,
829 3315 20 24 e
891 3306 68 35 che
1002 3307 33 35 si
1076 3309 215 36 succedono
1333 3311 37 35 in
1411 3324 76 23 una

325 3359 203 43 magnifica
569 3362 209 37 continuità
821 3366 183 37 musicale
1049 3368 179 38 dall'alba
1271 3373 110 35 tenue
1427 3374 58 35 del

327 3418 93 36 libro
457 3420 79 37 fino
575 3424 35 33 al
649 3434 69 26 suo
755 3425 77 37 fine
872 3429 171 37 orrendo.

372 3479 55 36 La
495 3481 232 41 descrizione
783 3488 38 35 di
877 3490 91 36 certi
1023 3494 179 45 paesaggi
1270 3498 214 44 campestri,

327 3541 125 45 quella
486 3543 37 34 di
557 3544 141 38 Milano
734 3547 37 36 di
805 3551 114 43 notte,
955 3552 126 37 alcuni
1113 3554 162 46 episodi,
1310 3556 176 38 l'interno

326 3601 98 36 della
462 3613 91 27 casa
590 3605 37 36 di
665 3607 161 46 piacere,
867 3622 95 26 sono
999 3613 67 36 tali
1105 3617 152 45 squarci
1296 3617 37 36 di
1371 3630 115 34 prosa

325 3662 106 37 lirica
459 3666 69 34 che
557 3677 76 25 non
662 3669 32 35 si
722 3680 165 35 possono
915 3673 66 46 più
1009 3674 256 40 dimenticare.

374 3725 27 35 II
437 3725 114 37 Buzzi
587 3730 20 33 è
640 3741 52 24 un
727 3732 157 45 ispirato
917 3746 21 24 e
970 3747 53 24 un
1056 3737 205 47 impulsivo
1293 3742 137 44 perchè
1465 3745 19 33 è

324 3795 50 24 un
411 3789 128 41 poeta;
577 3800 62 24 ma
677 3794 134 42 questa
847 3804 71 25 sua
955 3796 143 45 qualità
1133 3809 76 25 non
1246 3801 75 44 può
1357 3812 106 26 nocer-

324 3845 48 44 gli
415 3845 143 38 affatto.

1631 267 157 45 Quando
1825 271 71 44 egli
1934 274 88 33 avrà
2060 274 238 45 disciplinato
2334 289 52 23 un
2422 280 59 43 po'
2518 279 11 35 i
2557 280 83 36 suoi
2676 293 39 24 en-

1582 329 171 35 tusiasmi
1791 333 149 43 quando
1977 333 30 34 si
2044 336 86 32 sarà
2166 336 122 35 levato
2325 338 34 34 di
2396 339 113 35 dosso
2546 341 32 34 le
2613 343 121 34 scorie

1582 388 34 35 di
1659 390 89 35 certi
1790 391 361 46 d'Annunzianismi,
2194 397 25 33 il
2261 397 112 35 Buzzi
2415 400 31 33 ci
2490 401 90 34 darà
2621 414 113 24 senza

1581 449 140 35 dubbio
1766 451 23 34 il
1835 463 69 23 suo
1949 456 236 42 capolavoro.

1576 535 7 8 *

2248 601 71 40 F.
2354 602 324 43 JPaolieri.

1575 719 128 40 Dal
1735 720 235 44 Piccolo
2000 723 159 42 della
2189 727 140 40 Sera
2347 738 14 30 :

1575 840 7 8 *

1627 877 67 35 Per
1727 880 121 44 questi
1880 882 65 44 più
1976 882 201 37 illuminati
2210 887 118 42 occhi,
2361 888 25 33 il
2419 889 94 33 libro
2547 889 186 36 dell'anno

1578 938 188 37 dovrebbe
1805 952 139 33 essere,
1983 955 21 23 a
2042 955 76 24 mio
2156 947 175 43 giudizio,
2372 949 24 34 il
2436 961 177 24 romanzo
2652 962 61 34 poe-

1576 999 74 36 tico
1683 1001 36 35 di
1752 1013 76 24 uno
1863 1004 169 36 scrittore
2066 1017 139 24 ancora
2238 1020 95 33 poco
2366 1012 88 32 noto
2469 1024 5 20 :
2507 1024 17 20 «
2539 1011 160 37 L'Esilio
2714 1027 16 19 »

1576 1061 37 34 di
1649 1062 114 36 Paolo
1801 1065 125 42 Buzzi,
1962 1077 60 24 cui
2058 1070 19 32 è
2113 1073 218 41 argomento
2367 1075 166 41 appunto
2570 1074 35 34 la
2639 1085 71 24 com-

1575 1123 157 43 plessità
1766 1124 99 35 della
1898 1128 86 33 vita.
2025 1129 26 34 Il
2086 1129 96 35 libro
2216 1130 39 34 fu
2290 1133 158 33 rivelato
2484 1133 48 35 da
2563 1145 52 23 un
2650 1145 62 24 con-

1576 1194 108 24 corso
1723 1185 68 35 che
1831 1187 94 35 ebbe
1964 1199 23 24 a
2025 1189 156 36 bandire
2222 1192 36 33 la
2297 1192 132 35 rivista
2467 1206 17 20 «
2499 1194 132 35 Poesia
2646 1208 27 29 »,
2713 1207 19 23 e

1574 1244 39 34 fu
1651 1245 47 35 da
1736 1249 133 42 questa
1905 1249 216 44 pubblicato
2158 1262 115 24 senza
2309 1263 118 34 paura
2463 1265 65 33 per
2565 1256 36 33 la
2636 1257 96 34 mole

1576 1305 152 35 insolita
1766 1307 58 35 dei
1864 1309 81 34 suoi
1985 1311 54 33 tre
2078 1312 152 34 volumi.
2255 1305 3 41 •

1625 1366 112 36 Come
1770 1380 113 33 opera
1913 1370 116 36 d'arte
2063 1372 49 34 ha
2142 1374 113 34 molte
2288 1377 156 41 potenze
2477 1387 18 23 e
2526 1377 113 34 molte
2671 1378 41 33 im-

1573 1427 218 44 perfezioni.
1819 1430 60 35 Ma
1905 1429 23 36 il
1957 1434 108 33 vasto
2093 1444 178 25 romanzo
2298 1437 207 44 soggettivo
2533 1438 199 36 racchiuso

1573 1488 38 35 in
1636 1492 134 43 questo
1794 1491 203 37 smisurato
2021 1505 145 35 poema,
2192 1496 49 34 ha
2264 1509 52 22 un
2340 1497 304 47 impareggiabile
2669 1512 40 23 va-

1575 1549 76 35 lore
1697 1551 111 45 quale
1852 1552 238 37 confessione
2137 1554 34 35 di
2217 1567 50 24 un
2312 1557 159 44 giovane
2515 1559 55 35 dei
2618 1561 112 44 tempi

1574 1611 130 35 nostri.

1623 1672 27 35 Il
1681 1672 96 37 libro
1806 1675 21 34 è
1856 1675 312 37 eminentemente
2198 1680 344 44 rappresentativo:
2573 1680 157 36 l'azione

1573 1734 272 43 perturbatrice
1886 1735 99 36 della
2025 1736 167 37 filosofia
2234 1751 18 23 e
2295 1740 58 35 del
2394 1741 222 35 misticismo
2658 1754 48 23 mo-

1573 1793 126 39 derno,
1733 1794 57 36 dei
1823 1797 216 35 movimenti
2073 1799 144 42 sociali,
2249 1799 96 35 delle
2377 1800 243 37 raffinatezze
2651 1814 60 23 sen-

1573 1855 110 42 sorie,
1730 1856 99 35 della
1872 1858 157 42 musica,
2077 1859 100 36 della
2221 1860 131 45 poesia
2396 1862 333 43 individualistica,

1573 1926 112 35 sopra
1721 1928 76 24 una
1834 1918 35 34 di
1909 1919 122 46 quelle
2068 1920 149 45 giovani
2256 1923 123 35 anime
2417 1926 312 42 contemporanee

1572 1977 171 35 sensibili
1786 1978 46 35 ad
1874 1980 84 45 ogni
2015 1981 247 45 impressione
2305 1996 18 22 e
2366 1984 210 45 disguidate
2630 1985 100 36 dalla

1572 2039 123 34 stessa
1750 2039 217 37 affaticante
2024 2043 150 35 nevrosi
2232 2045 68 34 che
2344 2045 233 45 imperversa
2631 2048 99 34 nella

1573 2099 78 34 loro
1696 2099 278 38 intellettualità
2017 2102 94 36 fatta
2156 2106 129 34 centro
2330 2105 58 35 del
2434 2107 148 42 mondo,
2629 2108 35 34 vi
2709 2110 19 32 è

1571 2162 164 43 esposta,
1773 2172 23 24 a
1832 2164 104 43 parte
1977 2163 32 35 le
2048 2164 218 36 altisonanti
2305 2167 134 34 ondate
2478 2168 142 42 liriche,
2659 2179 71 24 con

1570 2232 76 23 una
1680 2224 180 33 acutezza
1891 2235 20 24 e
1946 2235 71 24 con
2050 2236 77 24 una
2159 2227 228 44 peregrinità
2420 2229 35 33 di
2490 2229 136 35 analisi
2660 2231 68 33 che

1570 2280 125 37 dànno
1737 2294 22 24 a
1799 2286 132 43 questo
1972 2296 134 34 poema
2147 2286 24 35 il
2213 2288 168 44 rigoroso
2422 2290 128 35 valore
2592 2290 35 34 di
2669 2291 40 34 do-

1570 2344 175 35 cumento
1786 2344 222 37 scientifico.

1618 2404 26 34 E
1675 2406 78 33 così
1783 2405 208 45 «Poesia»,
2022 2419 106 24 come
2157 2410 60 44 già
2246 2410 92 35 altre
2369 2411 129 35 riviste
2528 2412 198 43 letterarie,

1570 2464 30 35 si
1642 2464 39 36 fa
1722 2465 164 37 editrice.
1932 2467 131 37 Buona
2104 2469 153 37 fortuna
2268 2472 6 33 !

2180 2539 216 41 Silvio
2431 2543 242 41 Monco.

1563 2662 131 41 Dal
1724 2662 317 44 Charlvari
2058 2676 13 30 s

1564 2752 134 37 PAOLO
1713 2754 129 37 BUZZI.
1860 2777 43 5 —
1921 2770 17 19 u
1956 2757 185 38 L'Esilio
2157 2772 32 22 n.
2205 2780 44 6 —
2264 2760 168 37 Edition
2448 2762 47 35 de
2511 2775 19 21 «
2546 2764 182 35 Poesian.

1617 2827 86 36 Mon
1740 2830 84 43 ami,
1862 2831 33 35 le
1931 2832 75 34 bon
2040 2834 109 43 poète
2184 2834 221 44 Martineau,
2441 2847 58 24 me
2535 2836 80 35 vint
2647 2838 81 34 voir

1570 2889 130 36 l'autre
1739 2891 95 46 jour,
1873 2895 36 32 et
1948 2904 142 26 comme
2129 2895 25 35 il
2192 2897 185 44 pénétrait
2415 2897 94 35 dans
2547 2909 88 25 mon
2671 2910 38 24 ca-

1570 2950 101 36 binet
1704 2953 53 34 les
1792 2953 87 35 bras
1914 2955 158 45 chargés
2106 2956 44 35 de
2185 2957 113 36 livres
2332 2959 90 45 qu'il
2455 2959 191 44 m'offrait,
2679 2961 49 34 du

1569 3014 100 42 geste
1712 3013 35 46 je
1790 3026 86 24 crus
1933 3017 156 35 d'abord
2133 3019 90 45 qu'il
2264 3030 59 25 me
2365 3020 128 35 venait
2547 3033 181 34 proposer

1569 3073 138 36 l'achat
1750 3074 89 37 d'un
1882 3076 92 35 fond
2018 3078 44 35 de
2107 3079 241 46 bouquiniste
2392 3083 37 32 et
2471 3081 35 46 je
2563 3094 58 22 me
2676 3085 35 32 ré-

1567 3135 117 34 cusai.

1699 3196 95 35 Mais
1830 3209 95 26 vous
1964 3201 63 44 11'y
2065 3202 79 34 ètes
2182 3212 79 35 pas,
2301 3205 166 43 protesta
2504 3205 222 35 Martineau.

1570 3256 97 36 C'est
1709 3258 47 34 ici
1799 3260 190 45 rpuvrage
2032 3273 71 33 que
2146 3263 208 43 «Poesia»,
2398 3265 36 34 la
2476 3266 95 35 belle
2613 3277 113 25 revue

1566 3317 191 47 italienne,
1794 3332 22 23 a
1851 3324 227 34 couronné...
2115 3323 44 35 Et
2194 3327 106 33 notre
2335 3326 73 34 ami
2445 3327 161 35 Thomas
2640 3339 66 23 vou-

1568 3378 96 36 drait
1702 3391 70 35 que
1810 3393 94 23 vous
1942 3394 47 23 en
2025 3384 208 36 rendissiez
2272 3389 145 42 compte
2453 3398 76 24 aux
2565 3388 162 36 lecteurs

1568 3439 48 35 du
1659 3453 18 21 «
1693 3441 196 37 Charivari
1904 3456 52 22 »...

1616 3522 43 4 —
1688 3502 49 36 Ce
1779 3505 102 34 cruel
1924 3505 163 36 Thomas
2130 3509 35 33 et
2207 3508 34 35 le
2283 3508 187 37 directeur
2512 3509 49 36 du
2603 3523 17 21 «
2637 3510 68 36 Cha-

1566 3562 115 36 rivari
1695 3576 17 21 »
1750 3566 154 35 veulent
1942 3567 98 36 donc
2078 3579 62 24 ma
2177 3570 109 42 mort,
2326 3581 93 24 avec
2457 3571 170 45 phrases,
2667 3573 40 35 hé-

1567 3623 76 36 las!
1676 3624 101 46 fis-je
1810 3637 48 24 en
1891 3630 164 43 prenant
2086 3629 56 35 les
2177 3629 92 35 trois
2304 3631 119 35 tomes
2457 3631 50 35 du
2541 3632 105 36 livre.

1611 3683 56 36 La
1698 3689 223 34 couverture
1952 3699 59 24 me
2044 3689 139 45 déplut.
2215 3690 58 36 Me
2306 3691 198 46 dépiurent
2535 3694 104 35 aussi
2671 3694 55 36 les

1565 3746 105 34 titres
1727 3746 65 35 des
1850 3748 92 35 trois
1998 3750 142 45 parties
2198 3750 45 36 de
2300 3753 202 45 l'ouvrage.
2563 3755 24 34 I.
2633 3755 92 36 Vers

1566 3805 153 36 l'éclair.
1763 3807 45 35 II.
1850 3808 90 35 Près
1982 3808 45 36 de
2069 3810 151 37 l'éclair,
2266 3812 64 35 III.
2372 3812 92 38 Vers
2506 3814 36 35 la
2580 3814 145 38 foudre.

1568 3885 43 7 —
1646 3879 18 22 «
1677 3866 136 38 Poème
1850 3880 45 24 en
1931 3880 110 35 prose
2057 3883 27 23 ».

2863 306 43 4 —
2933 286 114 36 Hélas
3060 289 6 32 !
3102 290 48 34 où
3185 292 85 32 sont
3306 291 52 35 les
3395 303 17 21 «
3426 293 151 43 poèmes
3613 303 47 24 en
3694 303 111 34 prose
3819 305 17 19 »
3872 291 78 35 d'an-

2815 348 75 40 tan,
2925 350 146 33 ceux-là
3107 350 61 45 qui
3205 352 138 34 étaient
3378 364 17 20 «
3409 352 111 44 petits
3535 365 51 22 »...

2862 407 94 35 Mais
2987 421 95 23 nous
3114 423 118 23 avons
3263 414 72 33 tort
3365 425 46 23 en
3442 414 140 35 France
3615 414 43 35 de
3689 425 96 24 nous
3816 425 153 35 moquer

2815 468 164 35 d'abord.
3023 471 47 34 Ce
3123 475 129 41 poème
3306 486 45 22 en
3403 486 110 33 prose
3566 477 67 40 est,
3674 487 47 23 au
3774 475 92 42 vrai,
3918 486 51 25 un

2814 539 142 34 rornan,
2987 534 35 32 et
3053 544 51 23 un
3134 535 184 34 excellent
3349 546 141 24 roman.
3523 536 169 35 L'action
3722 548 22 33 y
3776 539 55 32 est
3861 547 108 25 assez

2814 591 110 34 tènue
2968 594 35 33 et
3047 594 25 33 il
3116 596 57 32 est
3215 597 262 44 remarquable
3522 609 70 33 que
3637 598 160 34 l'auteur
3840 597 129 46 puisse

2813 651 96 34 tenir
2951 653 171 36 l'intérèt
3163 667 45 23 en
3250 657 96 34 éveil
3388 659 22 32 à
3450 660 145 33 travers
3636 659 102 34 mille
3779 669 113 35 pages
3935 661 34 33 et

2813 712 84 43 plus
2942 724 89 24 sans
3076 715 33 34 le
3154 726 152 25 secours
3351 718 111 35 d'une
3507 719 159 44 intrigue
3711 720 256 38 ejmbrouillée.

2816 771 97 35 C'est
2953 775 60 43 qu*
3029 775 25 33 il
3094 787 45 22 ne
3180 776 157 36 disserte
3378 789 67 33 pas
3485 778 242 44 froidement;
3769 790 67 25 son
3876 780 93 35 livre

2813 835 56 31 est
2909 845 71 24 une
3023 837 303 44 agglomératìon,
3369 840 31 34 si
3440 839 35 45 je
3516 841 84 43 puis
3642 840 88 42 dire,
3773 841 44 34 de
3857 842 112 44 petits

2815 896 127 32 contes
2987 896 63 44 qui
3095 908 38 23 se
3177 897 81 36 font
3302 900 108 42 suite,
3456 901 89 34 dont
3589 902 148 34 chacun
3792 904 177 43 pourtant

2812 952 68 35 fait
2918 967 17 20 «
2950 956 150 35 tableau
3115 970 28 29 »,
3184 961 35 31 et
3259 971 69 33 que
3370 960 43 34 de
3454 963 205 40 concrètes,
3700 962 44 35 de
3796 962 172 35 vivantes

2813 1015 176 45 analyses
3023 1018 189 35 éclairent.

2860 1074 49 35 Le
2949 1076 110 35 héros
3097 1079 151 35 marche
3287 1082 22 32 à
3336 1082 36 34 la
3409 1083 239 45 catastrophe
3687 1086 22 31 à
3735 1085 144 34 travers
3918 1096 51 22 un

2813 1135 131 35 dèdale
2998 1137 43 34 de
3094 1149 132 25 menus
3268 1142 251 42 événements,
3573 1143 43 35 de
3670 1146 148 32 courtes
3859 1155 88 24 aven-

2813 1197 112 40 tures,
2965 1197 152 46 simples
3156 1202 35 32 et
3229 1204 176 41 pourtant
3443 1204 213 44 complexes
3694 1206 36 33 et
3768 1205 33 34 le
3840 1204 127 35 drame

2812 1258 138 33 resuite
2986 1258 42 35 de
3064 1260 36 33 la
3135 1271 141 25 somme
3311 1262 44 34 de
3391 1274 61 23 ces
3487 1263 132 45 petites
3655 1265 134 35 choses
3824 1276 143 24 comme

2813 1316 24 34 il
2878 1317 122 36 arrive
3040 1319 95 35 dans
3175 1322 37 33 la
3251 1323 58 33 vie
3351 1324 46 33 où
3439 1324 24 33 il
3504 1326 56 33 est
3601 1325 86 34 bien
3729 1337 83 23 rare
3853 1328 114 43 qu'un

2812 1378 220 36 événement
3069 1392 40 23 se
3147 1382 176 44 produise
3363 1384 61 45 qui
3461 1385 74 34 soit
3572 1387 80 33 tout,
3689 1386 62 34 uni
3791 1388 35 33 et
3862 1389 105 42 porte

2812 1437 317 39 immédiatement
3173 1445 122 32 toutes
3340 1456 60 23 ses
3447 1448 291 43 conséquences.

2859 1500 173 46 J'engage
3076 1503 188 35 vivement
3308 1516 94 24 ceux
3460 1507 44 34 de
3560 1519 68 23 nos
3686 1509 160 35 lecteurs
3904 1509 62 45 qui

2811 1561 202 35 entendent
3057 1563 155 36 l'italien
3256 1566 22 33 à
3323 1566 66 35 lire
3434 1570 57 32 cet
3536 1579 175 34 ouvrage,
3770 1571 75 33 très
3889 1581 60 34 per-

2812 1622 131 34 sonnel
2989 1622 44 35 de
3078 1625 74 41 ton,
3198 1626 264 46 sympathique
3508 1630 36 32 et
3588 1629 134 42 chaud,
3769 1630 62 45 qui
3876 1641 89 24 sans

2812 1682 110 35 doute
2960 1686 62 32 eut
3060 1688 118 41 gagné
3217 1688 21 33 à
3276 1688 75 34 ètre
3390 1688 187 35 condensé
3616 1690 95 34 mais
3751 1691 62 45 qui
3851 1691 114 42 enfin,

2811 1744 48 33 tei
2902 1745 58 44 qu'
2979 1745 23 33 il
3043 1748 67 39 est,
3152 1746 67 35 fait
3259 1747 172 36 honneur
3473 1761 72 23 aux
3588 1751 126 34 lettres
3756 1751 209 36 italiennes.

2812 1803 42 34 Et
2899 1815 74 23 non
3018 1806 121 33 moins
3184 1807 198 43 vivement,
3428 1810 34 43 je
3509 1811 204 43 supplìerai
3760 1811 45 35 M.
3852 1813 114 34 Buzzi

2810 1863 143 35 d'avoir
3002 1867 22 32 à
3073 1867 155 35 l'avenir
3278 1868 88 44 pitié
3404 1869 43 35 de
3497 1881 61 24 ses
3608 1871 179 46 critiques
3838 1874 35 33 et
3922 1872 43 35 de

2810 1937 17 20 «
2841 1925 92 34 faire
2976 1928 83 42 plus
3102 1930 105 32 court
3222 1941 15 20 »
3280 1931 22 32 à
3342 1930 80 35 leur
3464 1931 194 35 intention.

2806 2012 9 8 •
2916 2013 8 9 •
3026 2015 8 8 •
3146 2016 7 7 .
3268 2017 7 7 .
3389 2017 7 8 .
3509 2018 9 8 .

3311 2083 267 50 Euffène
3611 2087 298 44 Marsali*

2805 2234 130 41 Dal
2964 2234 258 40 Journal
3254 2234 99 41 des
3388 2236 216 41 Debats
3622 2248 14 29 i

2806 2357 19 20 A
2853 2343 46 36 L*
2915 2344 128 36 Esilio
3071 2356 31 34 »,
3140 2355 81 34 par
3247 2344 135 36 PAOLO
3421 2346 128 44 BUZZI,
3589 2358 147 25 roman
3775 2359 48 24 en
3864 2350 101 36 trois

2852 2405 192 45 volumes,
3072 2405 207 36 couronné
3309 2417 80 35 per
3424 2408 40 34 la
3494 2418 121 25 revue
3644 2421 18 20 «
3692 2410 141 35 Poesia
3861 2424 31 21 ».
3919 2431 48 5 —

2852 2467 142 44 Milan,
3020 2466 116 36 1906.

2855 2563 55 36 La
2939 2575 113 25 revue
3084 2565 207 43 «Poesia»,
3325 2578 70 34 que
3427 2567 116 45 dirige
3574 2569 33 34 le
3638 2569 189 46 distmgué
3858 2573 108 42 poète

2809 2624 37 35 F.
2878 2625 38 35 T.
2948 2625 200 44 Marinetti,
3181 2626 101 35 avait
3312 2627 185 45 organisé,
3530 2631 237 41 récemment,
3800 2642 51 24 un
3882 2642 63 24 con-

2810 2695 110 25 cours
2956 2687 138 45 auquel
3132 2688 64 33 ont
3231 2687 77 45 pris
3345 2690 83 42 part
3464 2699 52 24 un
3551 2689 117 44 grand
3704 2691 155 35 nornbre
3896 2692 54 34 d'é-

2810 2745 163 35 crivains
3007 2748 36 33 et
3075 2746 91 36 dont
3198 2758 47 24 en
3277 2747 54 35 fin
3365 2747 45 36 de
3443 2751 146 43 compte
3622 2749 46 35 M.
3703 2750 115 36 Paolo
3852 2752 115 35 Buzzi

2808 2809 59 31 est
2906 2807 90 34 sorti
3038 2808 210 46 vainqueur
3289 2819 92 25 avec
3421 2820 52 24 un
3514 2820 132 25 roman
3686 2822 48 24 en
3774 2813 92 34 trois
3906 2824 41 24 vo-

2810 2867 118 36 lumes
2963 2868 146 36 intitulé
3142 2869 234 35 «L'Esilio».
3413 2870 48 36 Ce
3495 2881 131 25 roman
3660 2874 143 33 retrace
3838 2874 36 33 la
3908 2874 59 34 vie

2810 2927 118 46 agitée
2962 2931 36 32 et
3031 2928 157 36 féconde
3224 2929 44 35 de
3303 2930 115 35 Milan
3453 2932 35 33 et
3521 2932 108 35 traite
3665 2933 55 34 les
3753 2934 213 43 problèmes

2809 2989 210 46 ethniques,
3062 2991 267 45 économiques
3370 2993 37 33 et
3448 2991 157 37 sociaux
3648 2994 62 44 qui
3754 3005 39 23 se
3835 2998 132 42 posent

2810 3050 239 45 aujourd'hui
3088 3050 94 36 dans
3222 3052 36 34 la
3295 3053 206 44 métropole
3541 3054 203 34 lombarde.
3784 3055 54 35 La
3876 3057 91 34 lutte

2810 3111 62 45 qui
2916 3123 40 24 se
3000 3112 151 35 déroule
3196 3115 104 33 entre
3344 3113 54 35 les
3443 3113 168 36 diverses
3655 3115 144 36 classes
3843 3116 46 35 de
3932 3118 35 33 la

2810 3172 138 36 société
2989 3174 210 41 milanaise,
3255 3174 208 36 l'ancienne
3518 3175 235 36 aristocratie
3795 3177 99 45 jadis
3936 3178 31 34 si

2808 3233 207 45 puissante,
3062 3235 53 34 les
3161 3235 232 45 capitalistes
3439 3238 227 33 récemment
3710 3238 177 42 enrichis,
3934 3239 34 34 le

2808 3295 218 44 prolétariat
3067 3294 206 36 ambitieux
3314 3298 115 43 ayant
3469 3308 94 33 pour
3605 3297 51 35 lui
3699 3299 36 33 la
3774 3298 102 36 force
3917 3299 50 35 du

2808 3355 154 35 nombre
3004 3356 58 37 est
3104 3355 139 35 décrite
3287 3356 94 35 dans
3426 3357 32 34 le
3501 3368 132 24 roman
3675 3358 45 35 de
3762 3359 46 35 M.
3852 3360 114 35 Buzzi

2809 3426 91 24 avec
2930 3428 50 23 un
3012 3415 273 37 incontestable
3317 3417 126 35 talent.
3478 3417 48 36 Ce
3558 3419 92 35 livre
3681 3419 183 47 inaugure
3894 3429 73 28 une

2808 3476 97 36 serie
2943 3477 223 46 d'ouvrages
3204 3478 148 45 publiés
3391 3489 47 24 en
3476 3478 130 36 italien
3643 3482 36 33 et
3716 3492 47 23 en
3800 3481 165 44 frangais

2806 3548 90 24 sous
2939 3539 55 35 les
3037 3541 174 43 auspices
3255 3539 44 35 de
3341 3539 36 35 la
3419 3551 114 25 revue
3563 3553 18 20 «
3595 3541 135 35 Poesia
3743 3553 28 23 ».
3802 3542 50 36 Le
3882 3553 60 35 pro-

2808 3599 111 35 chain
2955 3601 151 34 volume
3144 3602 23 32 à
3203 3602 166 43 paraìtre
3406 3603 57 33 est
3500 3613 74 23 une
3611 3603 270 45 réimpression
3918 3604 45 34 de

2808 3672 17 20 «
2839 3659 54 35 La
2926 3659 190 47 Conquète
3151 3660 65 35 des
3250 3661 140 35 Etoiles
3405 3673 29 30 »,
3468 3662 33 34 le
3534 3664 132 42 poème
3699 3663 44 35 de
3777 3664 45 35 M.
3857 3664 37 35 F.
3929 3665 37 34 T.

2808 3719 200 37 Marinetti.

2805 3807 9 9 •
2916 3807 957 16 ••••••••«

3328 3877 307 44 Maurice
3664 3878 247 44 Mnret.
