4257 4033
113 172 73 44 che
218 181 156 32 resero
407 171 226 55 possibile
664 172 31 42 il
727 172 160 44 fiorire
918 174 45 43 di
995 176 92 43 tale
1118 177 230 46 tendenza
1377 179 180 52 altrovje
1585 193 26 30 e
1640 179 160 44 l'ecces-

114 244 91 45 sivo
230 245 208 54 sospetto
463 244 250 56 reciproco,
738 244 47 44 la
808 246 263 45 lasciarono
1097 262 245 43 svampare
1367 252 70 42 tra
1460 252 141 43 molto
1624 251 128 45 fumo
1778 252 44 43 di

113 315 148 60 parole
293 315 168 43 inocue
509 329 24 30 e
580 318 71 42 tra
696 317 139 45 molte
883 318 156 54 risate,
1088 320 287 53 riserbando,
1412 338 149 41 spero,
1596 324 225 45 decisioni

112 389 98 43 vive
246 402 26 28 e
307 388 215 56 vigorose
560 404 80 41 per
679 404 62 29 un
778 393 154 54 tempo
970 407 135 30 meno
1144 395 372 45 manifatturiero
1552 411 25 29 e
1615 412 80 42 per
1732 412 93 30 una

112 460 141 64 patria
287 461 79 56 più
403 461 161 44 libera.

225 532 85 43 Noi
356 547 201 39 avremo,
604 536 113 52 cioè,
762 536 32 42 il
838 539 160 42 nostro
1044 539 291 45 simbolismo
1380 543 243 43 nazionale
1667 543 49 43 in
1771 544 35 42 ri-

113 606 137 52 tardo,
286 619 129 30 come
450 607 217 44 abbiamo
703 612 139 39 avuto
876 609 31 43 il
941 614 161 40 nostro
1136 614 373 54 romanticismo;
1544 616 148 43 allora
1724 617 99 42 solo

113 679 100 43 sarà
254 678 58 42 da
354 679 76 42 noi
475 679 239 56 possibile,
759 681 98 53 che,
901 696 80 42 per
1021 684 236 44 necessità
1298 686 45 42 di
1387 687 245 53 esistenza,
1676 702 151 42 venga

111 750 140 44 anche
282 764 249 40 ammesso,
562 757 368 50 comunemente,
962 768 131 31 come
1124 759 296 54 espressione
1449 759 145 54 lirica,
1625 760 31 43 il
1687 775 138 30 verso

110 824 153 42 libero.
305 823 96 44 Con
439 824 70 42 ciò
548 839 94 28 non
679 826 155 56 voglio
871 827 201 45 asserire
1109 829 86 50 chje
1231 830 33 42 il
1303 831 291 44 simbolismo
1632 833 190 56 replichi

109 896 27 43 il
172 896 362 54 romanticismo,
571 912 81 42 per
686 901 173 53 quanto
896 899 38 43 si
970 901 243 44 accomuni
1248 916 89 30 con
1371 904 63 42 lui
1469 905 50 41 in
1552 906 150 42 alcuni
1740 906 63 42 ele-

109 969 151 52 menti,
306 968 155 57 specie
503 969 125 44 nella
670 970 197 44 cinetica
913 972 375 46 rivoluzionaria.
1333 976 158 43 Anche
1535 978 31 42 il
1611 978 186 43 romanti-

108 1040 143 44 cismo
291 1039 278 46 incominciò
611 1043 120 43 colla
771 1042 207 45 filosofia
1018 1046 122 43 ultra
1179 1047 213 44 cattolica
1432 1049 44 42 di
1519 1050 65 42 De
1635 1050 190 44 Maistre

108 1127 23 28 e
161 1113 71 42 coi
266 1113 94 56 gilii
396 1114 44 42 di
477 1114 359 53 Chateubriand,
870 1130 77 30 ma
978 1118 197 45 terminò
1208 1132 88 30 con
1327 1119 132 57 Hugo
1493 1122 334 56 repubblicano

110 1199 21 29 e
169 1184 388 58 Schopenhauer
593 1187 222 44 nihilista.
858 1188 60 44 Se
955 1189 32 43 il
1028 1190 291 45 simbolismo
1357 1193 62 42 ha
1456 1194 256 55 prediletto,
1752 1195 71 43 sui

108 1256 129 57 primi
266 1258 162 56 giorni,
468 1258 191 44 idealità
685 1259 234 53 cristiane,
961 1275 318 32 evanescenze
1319 1263 303 56 idealistiche,
1650 1267 148 43 metafi-

106 1329 141 54 siche,
270 1329 34 44 il
326 1331 246 43 medioevo
597 1332 284 57 d'apparato,
906 1333 62 44 ha
989 1334 134 44 finito
1147 1350 81 42 per
1251 1336 291 45 riconoscere
1564 1338 259 53 Nietzsche,

108 1416 176 42 pagano
329 1416 23 29 e
398 1402 283 56 distruttore,
715 1404 179 45 Striner
922 1406 355 46 individualista
1321 1409 261 54 anarchico,
1629 1411 194 56 Blanqui

106 1475 283 43 comunardo
433 1489 24 30 e
501 1476 289 57 positivista;
821 1492 26 29 e
879 1478 44 43 di
957 1479 102 43 tutti
1105 1481 150 54 questi
1315 1481 148 44 ribelli
1507 1483 60 42 ha
1609 1483 114 43 fatto
1766 1498 61 28 un

107 1547 230 56 pantheon
385 1548 44 44 di
479 1564 83 30 sue
608 1550 159 56 glorie,
814 1550 219 56 idealisti,
1081 1554 59 41 ad
1186 1568 66 29 un
1296 1555 152 53 modo,
1496 1556 123 43 nella
1653 1556 174 45 ricerca

107 1619 71 44 dei
210 1619 236 46 fenomeni
480 1638 25 29 e
536 1622 77 45 nel
646 1624 273 55 pretendere
952 1624 46 43 la
1027 1625 169 44 libertà
1226 1640 81 44 per
1338 1627 117 43 tutti.
1491 1627 59 44 Se
1582 1628 31 42 il
1647 1642 147 29 roman-

106 1691 181 45 ticismo
317 1693 50 43 fu
398 1696 77 41 un'
494 1698 221 54 operante
744 1696 221 46 funzione
994 1697 172 57 guelfa,
1197 1712 82 43 per
1310 1699 72 43 cui
1414 1700 166 43 furono
1611 1700 212 56 possibili

106 1766 41 42 le
175 1765 283 57 aspirazioni
493 1781 137 30 verso
663 1768 376 57 l'indipendenza
1070 1770 45 43 di
1148 1771 169 56 popoli,
1352 1786 133 29 razze
1515 1787 25 28 e
1571 1773 154 52 classi,
1760 1788 42 28 se-

107 1839 148 42 condo
284 1853 94 29 una
406 1839 130 57 legge
567 1853 213 41 comune,
812 1841 191 57 rispetto
1034 1843 60 43 ad
1124 1858 95 29 una
1249 1844 221 57 religione
1498 1845 197 53 atavica,
1727 1848 96 41 così

107 1910 82 43 che
219 1910 220 57 religione
468 1913 56 43 ed
554 1916 175 41 assetto
759 1914 45 43 di
834 1915 150 56 patria
1010 1916 232 43 venivano
1272 1917 58 42 ad
1359 1930 156 31 essere
1544 1920 256 41 cementate
1816 1934 7 25 :

106 1982 30 43 il
167 1982 291 46 simbolismo
491 1987 195 55 apporta
716 2000 63 29 un
806 1986 173 56 impeto
1009 1987 253 56 ghibellino
1292 1989 58 43 ed
1381 1989 253 57 agnostico,
1667 1989 135 57 (misti-

106 2054 144 44 cismo
286 2055 278 59 scientifico)
600 2058 46 42 la
679 2058 355 56 presentazione
1070 2060 253 53 dell'«io»,
1360 2061 83 43 che
1477 2076 95 28 non
1606 2063 219 55 pretende

107 2127 76 56 più
211 2142 92 29 una
331 2128 356 57 indipendenza,
715 2145 77 30 ma
814 2146 96 29 una
934 2133 179 53 libertà,
1141 2147 93 29 non
1260 2133 78 57 più
1364 2149 92 28 una
1482 2135 141 55 legge,
1651 2136 56 42 ed
1734 2149 94 29 una

108 2201 234 56 religione,
374 2204 275 43 concordate
682 2204 72 44 sui
788 2205 181 56 bisogni
1001 2206 201 43 colettivi
1235 2207 44 43 di
1311 2210 114 40 tutte
1455 2208 43 42 le
1528 2208 114 42 altre
1672 2208 151 52 unità;

106 2286 74 30 ma
229 2288 93 29 una
372 2288 84 29 sua
503 2276 143 55 legge,
694 2277 58 42 ed
801 2291 93 29 una
942 2292 86 29 sua
1074 2278 259 45 individuai
1383 2279 247 57 religione,.
1668 2280 156 43 Perciò

106 2359 167 30 muove
315 2361 164 42 guerra
517 2363 27 28 e
586 2362 273 30 sommuove
900 2364 163 42 guerre
1103 2352 287 43 tutt'intorno
1432 2352 71 56 pel
1546 2366 84 30 suo
1671 2353 154 55 raggio

108 2417 317 54 d'influenza;
472 2420 38 44 si
559 2420 222 44 dimostra
826 2421 376 46 incondizionato
1249 2424 303 53 dominatore,
1587 2424 98 43 cioè
1719 2425 83 42 stoi-

107 2493 208 42 camente
360 2493 262 43 anarchico.
670 2493 80 56 (So
795 2495 83 43 che
924 2498 165 53 questo
1134 2498 138 42 sunto
1316 2498 24 41 è
1385 2511 165 29 oscuro
1592 2511 26 29 e
1663 2499 162 55 troppo

107 2564 299 44 condensato.
444 2566 75 42 Ma
554 2565 200 57 vogliate
794 2566 221 45 ricorrere
1053 2568 93 43 alla
1181 2568 217 57 «Ragion
1435 2569 216 56 poetica»
1688 2570 140 56 piana

105 2636 57 42 ed
197 2635 193 59 aperta.)

228 2708 97 43 Tali
355 2709 56 43 ed
442 2710 113 42 altre
588 2711 139 43 simili
759 2724 108 30 cose
896 2712 45 43 io
971 2713 146 55 potrei
1148 2714 276 56 aggiungere
1451 2714 51 42 in
1530 2728 94 29 una
1652 2714 149 44 discus-

109 2780 130 44 sione
266 2795 55 28 su
346 2781 109 43 temi
484 2783 202 55 generali
700 2799 10 37 ;
738 2797 89 39 ma,
855 2785 123 42 nello
1005 2787 161 42 stretto
1193 2785 173 44 ambito
1392 2785 44 43 di
1465 2800 94 29 una
1582 2786 242 53 inchiesta,

108 2852 60 44 mi
201 2853 199 44 fermerò
435 2857 57 41 ad
527 2871 93 28 una
651 2858 348 44 constatazione
1033 2859 270 56 soggettiva,
1337 2859 78 56 più
1449 2858 112 44 utile
1593 2873 25 29 e
1650 2858 178 57 spoglia

108 2925 44 42 di
183 2926 305 56 divagazioni.
519 2930 32 41 E
583 2930 60 42 mi
674 2930 43 42 vi
746 2930 121 43 offro
897 2931 47 42 in
973 2932 221 55 esempio,
1223 2945 82 42 per
1333 2933 172 54 quanto
1533 2932 146 55 valgo.

228 2999 70 42 Ho
340 3003 149 50 usato,
533 3001 58 43 da
633 3002 348 56 giovanissimo,
1025 3019 29 27 a
1094 3004 211 42 dubitare
1348 3003 72 43 dei
1463 3004 187 43 maestri
1667 3020 7 25 :
1716 3004 109 42 volli

108 3073 202 40 maestra
341 3071 317 57 l'esperienza.
693 3074 85 44 Dal
810 3074 114 44 fatto
957 3076 85 42 che
1075 3089 261 30 conosceva
1368 3078 214 41 estraeva
1612 3076 42 42 le
1686 3076 140 56 leggi:

110 3143 103 55 ogni
244 3142 114 45 fatto
390 3149 303 51 rappresenta
721 3161 83 42 per
832 3162 72 28 me
934 3162 63 28 un
1028 3149 94 54 tipo
1154 3149 238 42 anomalo:
1423 3149 46 42 la
1498 3162 181 29 somma
1709 3149 120 43 delle

110 3215 244 54 anomalie,
390 3217 69 43 coi
493 3217 99 43 loro
627 3220 218 55 rapporti,
881 3220 216 56 significa
1128 3221 47 41 la
1203 3220 119 53 vita;
1356 3234 26 29 e
1414 3221 47 42 la
1491 3221 96 43 vita
1618 3220 63 43 ha
1712 3221 115 56 leggi

107 3287 220 55 generali,
358 3302 28 29 a
418 3292 144 53 punto
606 3290 324 54 differenziali,
975 3291 168 57 perchè
1187 3293 24 41 è
1257 3292 177 52 sintesi,
1467 3293 122 42 nello
1620 3292 209 44 scambio

110 3373 24 29 e
173 3359 75 44 nel
289 3361 237 54 ricambio,
569 3362 119 43 delle
728 3364 232 42 anomalie
1000 3364 84 43 che
1124 3364 231 57 popolano
1395 3365 45 42 lo
1481 3365 158 55 spazio
1681 3380 24 29 e
1744 3366 85 42 che

109 3432 208 44 esistono
353 3434 77 42 nel
470 3436 167 55 tempo.
680 3434 107 44 Così
827 3449 94 29 non
959 3437 61 42 mi
1060 3436 290 44 accontentai
1388 3436 165 44 affatto
1592 3437 45 43 di
1677 3438 153 56 quelle

108 3504 271 44 definizioni
424 3506 84 43 che
552 3506 14 42 i
610 3506 157 44 lessici
813 3507 278 56 competenti
1136 3508 57 43 ed
1237 3508 14 43 i
1295 3508 253 56 professori
1581 3509 60 44 mi
1674 3509 133 44 sciori-

110 3591 184 29 navano
328 3591 138 43 sopra
499 3578 68 42 «il
601 3581 211 41 concetto
846 3579 45 43 di
925 3579 214 45 Poesia».
1174 3580 86 43 Per
1291 3583 135 40 conto
1460 3581 106 53 mio,
1601 3583 227 56 sottoposi

110 3649 93 46 alla
225 3650 204 44 abituale
454 3650 341 45 dissociazione
821 3655 164 52 questo
1009 3652 248 43 fenomeno
1282 3653 357 58 d'intelligenza,
1665 3658 164 53 questo

110 3722 140 51 modo
286 3723 44 44 di
368 3723 157 44 vivere
564 3723 71 44 del
674 3723 199 44 cervello
912 3739 184 41 umano,
1135 3725 55 43 ed
1227 3726 45 43 ai
1308 3726 204 57 reagenti
1551 3727 140 45 molto
1728 3741 74 32 cau-

1592 3800 27 27 li

1980 181 102 43 stici
2121 182 123 43 della
2283 183 95 43 mia
2415 182 160 44 critica
2613 185 197 41 trovava
2846 182 87 44 che
2971 185 38 40 si
3052 196 311 43 scomponeva
3399 182 51 43 in
3488 182 90 44 due
3615 182 66 44 ele-

1979 253 141 43 menti
2178 253 134 57 primi
2368 268 26 30 e
2451 254 337 44 fondamentali
2803 270 9 28 :
2869 270 23 25 «
2907 254 205 56 Imagine
3128 270 22 25 »
3192 268 25 30 e
3263 270 22 25 «
3297 254 181 45 Musica
3493 270 34 36 »,
3573 267 132 31 come

1979 325 183 56 l'acqua
2201 325 37 44 si
2280 325 196 58 dispone
2514 325 94 45 alla
2646 324 240 46 elettrolisi
2925 328 73 43 ne'
3038 325 102 45 suoi
3168 327 89 42 due
3295 341 81 42 gas
3415 325 289 58 producenti,

1978 399 223 57 idrogeno
2223 399 58 45 ed
2305 399 232 57 ossigeno.

2101 473 133 43 Tutto
2279 473 84 43 che
2404 473 50 42 in
2497 473 272 43 letteratura
2811 473 114 43 darà
2966 472 183 45 Musica
3188 473 58 43 ed
3291 473 220 56 Imagine,
3555 473 150 56 legate

1978 544 471 53 indissolubilmente,
2488 546 40 42 sì
2567 544 85 43 che
2690 544 127 43 l'una
2855 544 71 44 sia
2962 544 231 44 nell'altra
3229 546 360 55 compenetrata,
3627 559 72 29 ma

1980 630 92 29 non
2110 618 143 55 perda
2291 618 45 41 la
2375 630 87 31 sua
2498 619 182 51 natura,
2719 618 59 41 nè
2818 616 39 43 si
2896 616 256 54 confonda;
3193 619 38 42 sì
3272 618 85 44 che
3395 618 152 44 l'altra
3583 619 119 43 vesti

1980 689 45 43 la
2059 689 161 57 prima,
2257 704 93 29 non
2385 703 88 30 con
2507 689 113 43 abiti
2657 689 191 56 posticci
2886 703 24 29 e
2944 689 253 57 comperati
3232 690 78 43 dal
3344 690 247 57 rigattiere,
3629 704 77 30 ma

1979 775 88 29 con
2093 761 149 56 giuste
2270 761 167 56 maglie
2465 775 23 29 e
2515 760 195 57 perfette
2733 761 171 55 guaine
2930 761 182 45 seriche
3136 776 25 28 e
3188 762 175 54 dorate,
3391 765 108 42 sarà.
3525 762 177 45 Poesia.

1980 833 101 44 Non
2121 846 132 31 cerco
2294 832 174 45 misure
2509 832 288 57 prestabilite
2839 832 178 59 (versi),
3058 847 93 31 non
3192 847 230 44 seguenze
3462 837 243 42 numerate

1980 906 43 43 di
2063 906 174 44 misure
2276 905 196 58 (strofe),
2512 919 94 30 non
2641 906 237 56 assegnati
2916 906 263 57 circospetti
3217 921 24 29 e
3279 907 262 57 complicati
3578 908 124 44 modi

1980 978 45 43 di
2058 981 204 49 accento,
2296 978 44 43 di
2376 992 129 38 rune,
2539 978 44 43 di
2617 977 200 53 elisioni,
2851 978 44 43 di
2930 978 193 54 dieresi;
3156 994 82 39 mai
3264 981 24 42 è
3321 994 188 39 «verso,
3544 980 158 53 strofe,

1982 1065 166 43 poema
2202 1051 148 56 logico
2393 1065 27 29 e
2464 1051 226 53 naturale,
2749 1051 176 57 poesia,
2942 1066 21 25 »
3018 1051 247 53 insomma,
3311 1052 73 43 ciò
3428 1052 85 44 che
3566 1052 139 44 viene

1978 1137 221 42 espresso
2224 1136 86 30 con
2336 1137 93 29 una
2453 1122 255 57 ingenuità,
2735 1137 26 29 o
2785 1136 91 30 con
2898 1137 96 30 una
3017 1123 317 55 raffinatezza,
3358 1126 50 41 in
3433 1126 107 55 quel
3565 1126 139 43 modo

1980 1195 158 44 nativo
2171 1209 24 30 e
2228 1208 171 31 sonoro
2434 1209 54 30 su
2520 1195 74 42 cui
2625 1195 49 44 la
2703 1209 185 44 gamma
2919 1195 178 45 risuoni
3127 1211 28 29 e
3187 1197 44 43 la
3263 1197 198 57 plastica
3490 1195 214 55 informi;

1980 1268 71 43 ciò
2089 1268 86 44 che
2216 1269 140 42 rende
2397 1282 62 29 un
2498 1270 211 41 concetto
2745 1268 59 43 ed
2845 1282 62 29 un
2947 1269 216 56 pensiero
3203 1269 178 56 poetico
3419 1269 50 43 in
3507 1272 114 42 tutte
3662 1270 42 44 le

1980 1341 99 42 loro
2111 1340 272 54 sfumature,
2415 1340 49 43 in
2497 1340 107 56 quel
2638 1354 164 38 suono,
2835 1340 56 43 ed
2923 1340 48 43 in
3004 1341 105 56 quel
3142 1341 154 44 colore
3328 1355 82 44 per
3439 1341 74 44 cui
3546 1343 158 43 hanno

1980 1413 95 43 vita
2119 1427 24 29 e
2186 1413 196 44 vibrano
2426 1413 375 55 personalmente
2844 1413 43 43 le
2929 1413 104 44 idee
3076 1416 287 54 presentate;
3408 1414 86 53 ciò,
3537 1414 52 43 in
3630 1415 74 43 cui

1982 1484 38 44 si
2060 1484 240 44 identifica
2338 1485 191 43 l'indole
2568 1485 247 56 personale
2853 1486 59 42 ed
2953 1485 154 57 agisce
3147 1486 148 43 libero
3333 1500 26 29 e
3399 1486 234 45 cosciente
3672 1486 32 43 il

1980 1559 225 42 carattere
2249 1557 72 42 del
2366 1557 153 52 Poeta,
2564 1557 256 56 svolgendo
2863 1557 46 42 la
2951 1571 88 30 sua
3080 1557 401 45 manifestazione.

2100 1630 76 43 Ma
2210 1630 74 42 nel
2322 1629 71 44 far
2429 1630 86 53 ciò,
2552 1630 75 43 nel
2664 1630 218 57 pensarlo
2916 1644 27 29 e
2980 1630 123 44 nello
3141 1630 236 54 scriverlo,
3414 1631 75 44 nel
3525 1634 179 41 tentare

1980 1716 64 28 un
2074 1701 356 43 rinnovamento
2463 1701 43 43 di
2540 1701 94 44 tale
2664 1702 158 42 valore
2853 1701 207 52 estetico,
3094 1716 94 29 non
3220 1716 80 29 era
3329 1716 174 40 mosso,
3535 1705 57 42 nè
3624 1717 83 44 per

1980 1775 153 53 moda,
2173 1776 57 42 nè
2274 1787 81 43 per
2396 1773 232 57 singolare
2670 1775 170 52 mania,
2883 1776 57 42 nè
2982 1789 82 41 per
3103 1775 208 57 inquieto
3352 1776 350 43 dilettantismo.

1980 1846 49 43 Io
2068 1846 181 43 sentiva
2288 1846 44 43 di
2373 1858 264 44 cooperare,
2677 1846 122 43 colla
2836 1846 94 43 mia
2967 1860 141 43 opera
3147 1861 25 28 e
3210 1847 120 43 colla
3368 1847 94 43 mia
3499 1848 203 52 volontà,

1980 1918 45 43 al
2063 1917 193 57 bisogno
2293 1917 85 44 che
2415 1931 288 43 promanava
2738 1918 74 43 dal
2851 1921 168 53 tempo,
3057 1921 93 40 alla
3185 1921 234 42 necessità
3455 1921 120 43 della
3613 1921 93 43 mia

1982 1989 307 57 aspirazione.
2338 1989 149 55 Certo,
2533 1990 48 44 in
2628 1990 197 56 qualche
2871 1990 138 45 modo
3052 2004 83 31 era
3179 1992 235 57 obbligato
3460 1993 59 43 ad
3564 1993 117 56 espri-

1982 2076 124 30 mere
2140 2063 158 56 parole
2333 2063 84 43 che
2454 2063 342 56 riguardavano
2830 2063 43 43 al
2909 2063 223 52 divenire,
3170 2078 92 29 non
3299 2064 44 43 al
3376 2067 216 53 presente
3625 2064 54 45 im-

1982 2135 224 52 mediato;
2251 2149 75 29 ma
2368 2135 122 43 colui
2534 2135 88 45 che
2661 2137 109 43 vuol
2811 2149 160 31 essere
3013 2137 175 43 attuale
3231 2137 47 43 in
3321 2137 197 55 qualche
3561 2140 144 54 punto

1982 2208 44 43 di
2070 2208 110 53 vita,
2225 2223 93 29 non
2363 2211 91 55 può
2510 2222 160 31 essere
2713 2209 32 43 il
2789 2213 405 53 contemporaneo,
3253 2210 183 56 perchè,
3493 2211 75 42 nel
3613 2224 61 31 mo-

1980 2283 155 44 mento
2168 2284 167 51 stesso,
2380 2283 75 43 nel
2500 2283 138 55 quale
2667 2283 89 55 egli
2789 2283 259 57 pronuncia
3078 2284 45 43 la
3152 2284 183 52 sillaba,
3366 2284 32 42 il
3431 2284 113 43 fatto
3575 2286 24 41 è
3631 2284 75 56 già

1982 2354 256 56 compiuto;
2272 2369 27 29 e
2336 2357 72 41 sta
2440 2355 212 46 cadendo
2686 2356 77 43 nel
2798 2359 191 53 passato
3024 2355 74 46 chi
3133 2356 111 43 vuol
3278 2370 159 31 essere
3471 2356 210 57 semplice-

1982 2430 152 39 mente
2180 2427 108 56 ligio
2322 2429 56 43 ad
2417 2443 95 29 una
2557 2429 160 53 verità,
2766 2429 101 57 oggi
2916 2429 229 54 brillante,
3192 2430 204 52 domani,
3445 2430 73 56 già
3563 2444 114 29 annu-

1983 2498 156 55 llata,
2178 2500 120 57 dopo
2336 2501 187 43 domani
2562 2504 281 41 tramontata
2879 2515 83 43 per
2996 2516 197 42 sempre.
3232 2504 47 41 Io
3319 2516 104 29 amo
3461 2504 47 41 la
3542 2504 162 50 verità,

1982 2571 97 53 che,
2122 2585 130 30 come
2295 2572 41 43 le
2380 2573 146 54 stelle,
2568 2577 219 41 nascoste
2827 2577 173 41 tuttora
3039 2575 44 43 al
3125 2575 252 57 telescopio
3419 2590 24 28 e
3486 2575 219 44 ricercate

1983 2643 73 45 dal
2087 2658 85 30 suo
2204 2646 268 54 obbiettivo,
2503 2647 209 44 esistono
2741 2661 76 30 ma
2845 2661 95 30 non
2970 2661 116 32 sono
3116 2662 174 31 ancora
3318 2648 240 56 disegnate
3587 2648 119 45 sulle

1979 2718 126 41 carte
2153 2717 74 42 del
2277 2717 268 56 planisfero.
2597 2718 117 43 Sarà
2761 2718 233 57 prossimo
3042 2719 32 42 il
3125 2719 161 56 giorno
3335 2719 47 44 in
3432 2719 72 44 cui
3555 2735 125 42 sorge-

1984 2803 145 29 ranno
2169 2791 368 44 sull'orizzonte:
2575 2807 28 29 e
2642 2806 88 30 con
2769 2793 79 56 più
2887 2793 197 43 tardano
3119 2807 31 29 a
3189 2794 155 52 salire,
3384 2807 87 29 con
3511 2794 77 58 più
3631 2794 50 45 du-

1984 2863 156 42 ratura
2169 2863 45 42 la
2244 2863 99 43 loro
2375 2878 327 42 permanenza.

2106 2935 121 52 Così,
2272 2937 125 43 dalla
2439 2938 310 44 adolescenza
2788 2940 51 44 in
2879 2939 92 59 poi,
3013 2942 179 42 mentre
3235 2940 368 44 bizzarramente
3645 2942 61 42 mi

1983 3005 194 43 erudiva
2211 3008 60 42 da
2307 3022 73 30 me
2417 3012 154 41 stesso
2620 3027 24 28 e
2691 3010 64 45 mi
2806 3012 239 55 rivolgeva
3090 3012 93 44 alla
3230 3012 223 44 sanzione
3500 3012 207 43 ufficiale

1984 3078 105 43 delli
2140 3080 146 42 esami
2337 3081 304 55 governativi,
2690 3083 80 57 più
2820 3098 80 42 per
2948 3098 171 29 averne
3170 3098 64 29 un
3281 3085 292 52 documento,
3622 3084 85 44 che

1983 3163 82 43 per
2095 3153 266 44 valermene
2396 3154 90 56 poi,
2521 3154 74 44 sin
2628 3155 75 43 dal
2740 3155 129 53 1885,
2905 3170 95 29 una
3031 3156 153 57 specie
3217 3156 46 43 di
3295 3170 137 31 verso
3465 3156 147 45 libero
3645 3156 61 45 mi

1985 3227 38 40 si
2049 3227 217 53 presentò
2291 3226 427 46 successivamente
2744 3229 121 43 nelle
2891 3229 206 44 ricerche
3119 3244 27 29 e
3172 3230 392 57 nell'ondeggiare
3588 3230 122 46 delle

1984 3293 91 45 mie
2111 3295 325 57 inquietudini,
2473 3297 290 47 formandosi
2799 3314 26 30 e
2863 3300 354 58 sviluppandosi
3254 3302 296 54 lentamente,
3588 3304 121 43 sotto

1987 3381 92 29 una
2121 3367 140 45 fatica
2304 3370 45 43 di
2393 3371 124 52 lima,
2563 3373 121 42 sotto
2727 3372 47 43 la
2815 3375 222 42 costanza
3079 3373 75 44 del
3197 3375 91 43 mio
3334 3373 269 45 richiedere.
3646 3375 63 43 Mi

1985 3453 197 42 reggeva
2219 3455 94 30 una
2350 3443 153 44 sottile
2542 3445 246 43 coscienza
2825 3446 204 56 poetica:
3067 3446 121 57 dopo
3226 3447 46 42 di
3311 3460 113 30 aver
3460 3447 223 56 sperimen-

1985 3514 94 41 tato
2116 3513 104 45 tutti
2256 3513 15 43 i
2300 3514 145 44 mezzi
2483 3517 249 53 prosodici,
2770 3517 74 43 cui
2881 3518 47 43 la
2962 3518 273 45 traduzione
3272 3534 24 29 e
3332 3520 47 43 la
3414 3520 198 44 retorica
3648 3520 61 44 mi

1987 3597 278 42 porgevano,
2300 3586 249 57 molteplici
2583 3601 27 30 e
2644 3588 299 53 nobilissimi,
2977 3603 95 30 non
3107 3589 61 45 mi
3203 3591 183 43 sentiva
3419 3592 291 43 abbastanza

1987 3655 210 45 rivestita
2241 3658 61 43 da
2346 3659 105 56 quei
2498 3659 317 57 paludamenti
2862 3662 270 57 d'apparato
3178 3680 25 29 e
3248 3662 221 45 rifiutava
3512 3663 200 46 d'uscire

1987 3743 87 31 con
2112 3732 140 56 quelli,
2294 3732 127 53 abiti,
2473 3733 447 56 improvvisamente
2972 3735 305 46 mascherata.
3318 3737 33 43 E
3392 3751 51 30 se
3481 3737 72 43 ciò
3591 3737 120 44 ch'io
