4257 4033
3554 120 282 50 POESIA

80 376 48 44 le
163 374 104 45 alte
302 373 145 56 cime,
481 373 140 43 tutte
655 369 51 45 di
739 368 182 60 pietra,
945 379 99 33 con
1078 378 190 33 corone
1304 364 50 45 di
1377 377 146 43 neve,
1560 376 98 33 con
1682 374 208 33 corazze

83 463 51 46 di
167 462 247 61 ghiaccio,
451 473 99 32 con
583 457 286 61 pennacchi
918 456 50 45 di
1017 454 186 57 nembi,
1255 467 99 32 con
1388 453 221 46 chiarori
1644 451 49 45 di
1726 451 163 58 roghi.

81 551 75 46 La
191 562 132 46 cupa
357 560 238 47 asprezza
630 546 135 59 degli
805 545 139 45 abeti
993 543 237 59 vigilanti
1270 542 78 44 sul
1400 543 251 43 contorno
1703 538 161 45 frasta-

83 640 160 59 gliato
277 637 135 46 della
446 636 137 47 valle
616 635 248 58 regolava
898 633 50 44 la
982 631 338 58 prospettiva,
1345 628 226 46 rendeva
1594 627 88 60 più
1715 628 146 44 miste-

83 730 312 44 riosamente
429 729 201 43 remoto
666 725 33 43 il
733 724 323 44 nascimento
1089 722 208 46 terreno
1332 720 50 43 di
1417 718 155 56 quelli
1608 717 80 45 dei
1711 715 178 47 vestiti

85 818 49 44 di
168 815 207 57 azzurri,
410 814 82 45 dei
525 812 142 60 gialli
701 810 183 47 tumidi
918 823 27 31 e
981 809 231 54 sulfurei,
1249 807 48 45 di
1339 806 249 46 ermellini
1630 819 25 32 e
1692 805 48 44 di
1774 816 87 46 por-

85 917 137 45 pore,
258 901 349 60 meravigliosi
655 913 91 46 per
796 900 50 43 lo
888 895 242 48 scintillìo
1183 895 80 46 dei
1312 896 111 43 loro
1475 894 198 45 elmetti
1724 905 25 32 e
1798 905 92 45 per

85 990 214 61 l'agilità
333 992 132 44 delle
499 992 111 43 loro
645 989 124 44 moli
802 988 83 44 nel
921 986 129 45 cielo
1087 984 173 46 crudo.

211 1106 56 6 —
305 1079 42 46 O
384 1079 94 45 che
513 1077 27 45 è
575 1077 171 57 quello
771 1075 94 46 che
899 1073 202 47 sembra
1125 1086 102 31 una
1260 1074 142 43 torre
1428 1072 49 44 di
1511 1070 207 57 Babele,
1743 1082 146 31 rosso

85 1169 220 56 brunito,
341 1180 99 33 con
488 1167 49 44 la
587 1167 115 43 luce
751 1164 85 45 nel
870 1174 172 46 corpo,
1094 1173 146 33 come
1289 1173 102 32 una
1442 1158 177 47 carata
1669 1159 51 45 di
1767 1158 122 46 vino

85 1254 244 50 vecchio?
366 1280 57 7 —
457 1254 172 47 chiese
664 1252 185 56 Tullio,
884 1251 94 45 che
1011 1262 90 46 per
1136 1249 49 44 la
1219 1249 164 58 prima
1416 1248 146 46 volta
1597 1246 200 47 vedeva
1820 1258 70 32 un

87 1343 194 47 siffatto
316 1343 219 45 colosso.

208 1432 251 46 Massimo
495 1444 30 31 a
560 1431 118 56 quel
713 1430 203 44 colosso
953 1426 146 46 diede
1133 1439 70 31 un
1237 1437 167 32 nome.

214 1547 55 6 —
304 1520 44 44 E
384 1519 170 57 quello
589 1517 94 46 che
719 1515 27 47 è
779 1516 219 58 tagliato
1049 1514 65 44 da
1163 1527 70 31 un
1271 1514 154 57 piano
1461 1511 50 44 di
1544 1511 122 44 nubi
1701 1510 163 45 turchi-

88 1611 157 55 nicce,
281 1620 146 33 come
462 1620 55 32 se
551 1606 141 46 fosse
728 1604 293 58 decapitato
1040 1601 21 46 ?
1094 1601 75 45 La
1204 1614 128 47 gran
1377 1601 131 45 cima
1558 1599 187 45 bionda
1796 1597 95 45 che

88 1699 65 44 ha
186 1696 87 60 più
306 1699 116 43 luce
455 1696 134 45 nelle
624 1708 91 32 sue
751 1693 175 45 ombre
950 1693 94 44 che
1078 1704 105 32 non
1204 1691 127 45 tutti
1365 1691 14 42 i
1409 1689 163 45 nostri
1607 1689 178 57 pittori
1809 1686 82 45 nei

89 1788 108 43 loro
233 1785 176 59 generi
443 1783 50 45 di
527 1783 178 44 biacca
725 1780 19 46 ?

212 1873 249 46 Massimo
497 1870 134 45 disse
667 1870 34 44 il
734 1882 153 32 nome
902 1883 10 29 :
948 1867 102 45 indi
1076 1867 65 44 ad
1163 1878 103 32 uno
1292 1865 63 45 ad
1391 1878 101 32 uno
1523 1861 208 47 nominò
1765 1863 127 44 tutti

92 1964 14 44 i
139 1962 139 46 denti
314 1961 132 45 delle
480 1963 168 42 creste
683 1958 94 44 che
818 1957 246 45 ridevano
1116 1955 49 45 al
1214 1967 151 32 roseo
1406 1953 216 46 occiduo
1659 1966 26 30 e
1721 1952 142 58 gioca-

90 2062 134 34 vano
258 2062 30 32 a
321 2062 152 46 parer
507 2047 207 46 diafane
748 2060 28 30 e
810 2046 225 58 leggiere
1076 2056 145 33 come
1261 2055 262 47 morgane.
1560 2066 56 5 —■
1658 2039 154 45 Nulla
1865 2037 26 45 è

92 2138 82 59 più
208 2138 134 45 lieve
376 2136 80 44 dei
493 2135 162 45 monti
683 2160 54 5 —
763 2133 135 46 disse
915 2149 8 27 :
960 2157 56 7 —
1056 2132 118 58 ogni
1198 2131 179 58 raggio
1412 2129 35 44 li
1470 2131 215 56 penetra
1721 2140 25 33 e
1773 2127 120 58 ogni

93 2227 128 43 nube
272 2226 33 43 li
346 2225 228 44 cancella
592 2239 9 29 :
652 2226 139 42 tutta
842 2222 48 43 la
936 2221 215 44 materia
1190 2221 247 43 terrestre
1487 2216 27 46 è
1565 2217 48 43 al
1664 2217 109 43 loro
1810 2229 55 31 co-

93 2317 168 56 spetto
296 2312 86 60 più
433 2325 177 46 opaca,
662 2310 86 59 più
794 2309 317 45 immutabile
1163 2321 27 31 e
1241 2303 86 61 più
1378 2306 116 46 vile.
1547 2330 56 6 —
1655 2305 104 54 Ma,
1812 2303 80 56 oh,

93 2400 209 62 guarda!
342 2427 54 5 —
434 2397 225 47 esclamò
695 2399 184 54 Tullio,
925 2394 472 59 interrompendolo
1440 2406 92 45 per
1576 2395 253 42 mostrare
1863 2404 29 30 a

95 2491 102 45 dito
239 2490 216 57 qualche
489 2502 123 33 cosa
647 2489 94 44 che
776 2488 33 43 li
843 2485 153 60 portò
1031 2485 83 45 dal
1150 2484 129 44 cielo
1316 2484 51 43 in
1400 2485 136 42 terra
1574 2495 26 31 e
1636 2480 66 46 fe'
1727 2479 166 45 ridere

95 2579 262 56 entrambi,
393 2578 421 44 fraternamente.
862 2601 55 5 —
965 2557 42 60 È
1043 2575 183 54 questo
1264 2585 70 31 un
1377 2570 277 59 municipio
1674 2568 19 45 ?
1735 2594 56 5 —
1828 2566 64 47 Se

95 2669 77 42 sta
206 2667 182 44 scritto
409 2664 9 46 !
456 2691 55 5 —
548 2663 207 57 Difatti,
791 2676 154 31 sovra
969 2673 102 33 una
1104 2659 184 46 bianca
1317 2659 210 45 bicocca
1562 2657 50 44 di
1646 2670 70 31 un
1739 2657 152 57 piano

97 2756 119 54 solo,
249 2757 80 42 tre
362 2754 210 43 finestre
607 2764 27 32 e
668 2752 74 44 sei
776 2749 151 46 metri
963 2749 48 45 di
1045 2747 242 56 facciata,
1322 2759 87 32 era
1444 2745 182 45 scritto
1663 2758 26 31 a
1727 2745 138 44 carat-

94 2843 93 43 teri
220 2842 269 46 elefantini
522 2842 36 42 il
592 2841 165 45 civico
794 2838 253 59 orgoglio:
1085 2861 54 6 —
1176 2834 300 59 Municipio.
1514 2858 56 7 —
1605 2833 74 44 Le
1713 2834 178 45 vostre

2041 355 282 47 istituzioni
2361 355 287 57 rispettano
2699 353 202 44 almeno
2952 352 49 44 lo
3053 352 171 58 spazio
3260 376 56 5 —
3352 345 258 48 mormorò
3663 345 184 56 Tullio,

2042 444 136 46 nella
2214 456 93 33 sua
2347 443 217 58 gaiezza.
2616 439 282 57 Entrambi,
2950 438 50 46 di
3050 438 201 47 fazione
3300 438 227 58 politica,
3564 448 156 33 erano
3754 445 93 47 per

2042 533 180 45 istinto
2267 531 273 45 anarchici.
2591 529 248 45 Massimo
2891 528 255 56 concluse,
3198 526 213 45 alzando
3465 527 46 43 le
3563 524 186 59 spalle:
3787 548 56 5 —

2042 619 140 46 Poca
2218 622 169 57 gente,
2422 631 132 46 poco
2590 619 169 56 sputo.

2166 707 91 46 Ma
2291 720 146 33 come
2462 720 54 32 se
2540 706 36 43 il
2608 706 377 43 trascolorante
3010 703 137 46 idilio
3184 703 132 46 della
3340 716 115 33 sera
3478 702 203 47 volesse
3704 702 138 42 tutte

2044 799 47 43 le
2126 809 120 33 cose
2280 796 353 57 rapidamente
2669 795 283 56 commiste,
2987 793 71 60 gli
3093 806 279 33 cascarono
3406 795 141 42 tosto
3583 792 48 43 le
3667 788 176 59 parole

2044 886 51 43 in
2129 885 236 44 dolcezza
2385 899 9 28 :

2171 999 56 5 —
2263 973 42 44 E
2341 971 195 60 guarda
2572 971 203 56 dunque
2811 973 14 41 i
2860 971 118 45 miei
3011 971 108 59 figli
3140 971 9 43 !

2168 1060 132 45 Enid
2336 1074 26 32 e
2397 1059 235 57 Rinaldo,
2677 1058 82 59 già
2794 1058 315 61 guadagnati
3146 1058 253 58 all'ospite
3434 1070 91 45 per
3575 1056 47 44 la
3674 1055 141 56 singo-

2042 1147 152 47 larità
2230 1148 486 47 dell'avvenimento
2752 1148 93 44 che
2869 1150 219 55 portava
3123 1147 254 55 qualcuno
3401 1147 135 43 nella
3573 1145 108 43 loro
3709 1157 134 43 casa,

2045 1249 155 33 erano
2234 1238 181 46 venuti
2449 1238 236 43 incontro
2722 1237 99 43 alla
2857 1235 330 45 carrozzella:
3220 1234 247 45 Massimo
3504 1234 36 43 li
3573 1246 147 45 prese
3747 1244 99 32 con

2044 1340 70 43 se,
2149 1338 60 32 su
2242 1326 48 44 le
2324 1324 285 61 ginocchia,
2646 1324 268 59 empiendo
2949 1324 109 45 loro
3104 1324 70 59 gli
3218 1323 204 45 orecchi
3462 1322 49 44 di
3546 1322 169 56 quella
3749 1333 94 32 sua

2042 1415 213 58 allegria
2290 1415 277 55 chiassosa,
2604 1413 94 45 che
2732 1427 70 31 un
2835 1426 131 44 poco
3001 1412 238 58 dilagava
3274 1413 51 42 in
3358 1412 109 44 loro
3503 1411 168 44 anime
3706 1422 28 32 e
3775 1422 70 31 un

2044 1516 131 45 poco
2210 1502 36 43 li
2280 1507 356 55 sgomentava,
2688 1515 146 30 come
2883 1514 102 30 una
3033 1500 292 45 briacatura
3365 1500 49 43 di
3462 1498 165 45 babbo
3678 1498 164 44 triste.

2045 1591 183 56 Tullio,
2281 1590 134 59 dopo
2464 1594 149 40 tanta
2657 1587 316 62 grandiosità
3024 1588 50 45 di
3122 1588 217 45 bellezze
3391 1588 211 55 eccelse,
3655 1599 103 43 ora,
3795 1585 50 44 al

2045 1682 239 55 cospetto
2319 1679 131 45 delle
2486 1693 90 30 sue
2610 1679 132 44 belle
2778 1681 233 42 creature
3047 1677 274 56 innocenti,
3372 1676 42 45 si
3460 1676 200 45 sentiva
3696 1685 146 34 come

2044 1770 141 42 tutto
2219 1768 215 44 redento
2470 1768 82 43 dal
2603 1769 233 56 pattume
2887 1766 80 45 del
3003 1779 91 32 suo
3131 1765 198 44 destino
3352 1780 9 28 :
3414 1764 218 44 credeva
3683 1762 70 59 gli
3803 1762 42 44 si

2045 1858 255 56 aprissero
2336 1856 47 44 le
2416 1858 150 56 porte
2603 1855 48 45 di
2685 1868 102 32 una
2821 1868 119 32 casa
2987 1854 50 44 di
3070 1854 250 44 rilucente
3371 1853 227 44 cristallo
3650 1851 96 44 che
3781 1849 64 44 da

2045 1945 121 58 ogni
2199 1947 148 56 parte
2382 1944 222 46 avrebbe
2638 1944 196 45 ritiesso
2870 1944 120 59 ogni
3023 1956 213 45 purezza
3282 1940 80 46 del
3396 1940 250 59 pensiero.
3685 1936 158 47 Cercò

2045 2033 84 44 nel
2162 2033 114 46 viso
2312 2032 49 44 di
2394 2032 250 44 Massimo
2680 2033 47 43 la
2763 2030 195 46 felicità
3004 2030 48 45 di
3086 2032 84 54 lui,
3224 2043 25 31 e
3300 2030 70 59 gli
3404 2027 201 47 sembrò
3641 2027 180 57 inespli-

2046 2121 163 45 cabile
2244 2121 94 44 che
2373 2135 104 31 non
2510 2122 42 43 si
2601 2124 236 42 trovasse
2888 2121 80 43 fra
3013 2121 114 54 quei
3161 2119 149 44 tratti
3344 2131 101 30 una
3480 2118 109 43 sola
3626 2117 132 43 linea
3795 2114 50 45 di

2048 2208 186 55 quiete,
2270 2221 101 30 una
2407 2208 110 43 sola
2550 2208 200 57 virgola
2775 2207 48 44 di
2859 2207 188 44 sorriso
3081 2218 151 32 senza
3268 2203 183 46 sforzo.

2173 2321 56 5 —
2266 2296 72 44 La
2375 2300 90 40 tua
2501 2297 169 43 anima
2721 2295 26 45 è
2787 2296 148 57 piena
2986 2295 48 44 di
3084 2293 300 45 bestemmie
3422 2316 56 7 —
3514 2290 145 59 gridò
3697 2316 55 5 —
3790 2304 55 31 se

2046 2397 104 31 non
2182 2385 42 43 ti
2260 2384 185 44 chiami
2481 2384 152 44 felice
2655 2382 8 45 !

2169 2471 251 46 Massimo
2454 2472 99 44 rise
2589 2485 26 31 e
2651 2469 219 47 affrontò
2906 2471 114 55 quei
3057 2470 111 44 suoi
3203 2469 159 44 chiari
3396 2467 146 45 occhi
3577 2466 94 45 che
3706 2466 113 46 vole-

2046 2573 137 33 vano
2220 2559 127 44 farsi
2382 2559 228 47 indovini
2632 2574 9 29 :

2173 2673 51 5 —
2267 2646 42 46 O
2343 2650 59 42 tu
2436 2648 93 44 che
2552 2649 70 43 mi
2656 2646 232 46 chiedevi
2923 2658 55 32 or
3003 2658 88 32 ora
3126 2657 53 31 se
3215 2644 68 43 mi
3307 2643 187 44 annoio
3531 2655 28 32 e
3594 2654 55 32 se
3673 2640 172 56 soffro,

2046 2734 202 47 càvami
2284 2735 202 57 dunque
2521 2737 48 43 la
2605 2733 166 48 verità
2807 2734 83 44 dal
2925 2745 152 32 cuore
3100 2731 9 45 !

3230 2830 223 44 Silvio
3492 2830 237 44 Benco.

1822 3813 262 73 31
