4257 4033
3518 187 281 49 POESIA'

273 322 266 61 Strappati
572 323 162 46 allora
770 325 102 44 alla
903 327 93 45 tua
1030 326 157 46 corda
1222 340 28 32 e
1283 327 220 59 piomba,

272 411 330 60 putreolento
637 412 185 45 nunzio
858 411 133 46 della
1024 414 178 44 tomba

273 513 61 31 su
370 499 169 57 quella
573 499 200 45 schiera
808 499 283 45 d'azzimati
1126 504 152 43 morti
1305 518 10 29 :

275 586 221 47 Ciascun
529 586 43 46 si
606 586 206 61 fuggirà
847 600 98 33 con
980 589 147 44 occhi
1160 591 126 44 torti

275 688 28 32 e
337 688 128 47 gran
498 673 172 48 mercè
704 688 55 33 se
793 675 51 45 la
877 678 91 43 tua
1002 678 200 58 spoglia
1236 678 260 47 immonda

275 764 110 45 solo
421 765 91 44 tua
545 762 175 47 madre
756 763 50 44 di
840 777 93 32 suo
969 763 120 46 duol
1124 765 225 46 conforti
1385 783 42 28 ».

279 939 118 46 Così
432 939 206 46 direbbe
673 939 224 46 l'Anima
931 942 102 43 alla
1068 943 199 59 spoglia

280 1027 108 56 che,
423 1027 317 58 pensolando
776 1027 136 44 dalla
947 1030 148 43 triste
1131 1030 177 58 soglia,

280 1115 376 47 dondolerebbe
691 1130 145 32 come
872 1131 68 31 un
974 1117 136 46 lume
1145 1122 199 54 spento.

280 1202 79 49 Nè
392 1205 134 44 sarai
560 1204 87 59 più
680 1204 192 45 risibile
906 1206 264 58 giumento

2232 329 93 45 che
2359 330 83 56 pei
2476 332 210 44 sentieri
2719 344 67 32 va
2822 332 49 44 di
2904 333 136 44 mala
3073 334 173 59 voglia

2232 429 28 32 e
2296 416 283 47 dell'estive
2613 419 210 45 mosche
2859 418 26 47 è
2920 422 328 44 nutrimento.

2235 588 194 60 Questo
2464 592 101 45 mio
2599 595 102 43 riso
2738 606 27 32 e
2800 597 182 48 questo
3015 597 103 45 mio
3152 597 226 46 lamento

2234 678 259 60 giungano
2528 692 31 32 a
2592 681 85 44 voi
2712 681 93 46 che
2839 683 68 44 mi
2942 683 136 46 foste
3114 686 270 58 compagni

2236 779 27 31 e
2297 767 68 43 mi
2401 766 215 46 donaste
2652 769 204 57 piombo
2890 784 89 44 per
3013 775 229 57 argento.

2235 855 90 44 Ma
2359 868 69 44 se,
2464 857 273 58 raggiunto
2773 857 214 47 l'ultimo
3022 865 272 53 convento,

2238 943 45 43 le
2320 943 99 44 mie
2455 943 150 45 ferite
2640 959 67 29 un
2742 945 202 61 Angelo
2978 949 229 58 ristagni,

2238 1029 250 58 pregherò
2523 1030 99 46 Dio
2659 1033 93 44 che
2786 1047 102 31 non
2922 1035 212 59 istrappi
3170 1037 33 43 il
3237 1040 155 42 vento

2239 1115 46 45 le
2320 1119 175 43 vostre
2530 1120 259 45 vanerelle
2826 1134 120 45 opre
2982 1123 48 43 di
3063 1125 159 59 ragni.

2773 1262 367 45 Domenico
3176 1264 346 45 Giuliotti.

1459 1463 793 140 GESU'

2331 1463 79 72 (1)

1156 1680 41 51 Il
1233 1682 81 51 bel
1349 1682 229 51 Pastore.
1616 1713 56 6 —
1709 1679 98 55 Dal
1840 1683 169 52 limite
2049 1684 83 51 del
2167 1687 204 51 deserto
2406 1688 104 50 alla
2560 1691 86 49 via
2696 1692 134 65 degli

1029 1744 125 51 ulivi,
1191 1745 51 50 la
1275 1759 94 36 sua
1403 1745 173 64 figura
1609 1744 57 51 fu
1709 1745 300 66 prodigiosa
2052 1762 148 37 come
2242 1748 276 66 l'apparita
2552 1752 137 50 della
2722 1755 81 63 pri-

1028 1821 227 36 mavera.
1291 1809 37 48 Il
1365 1807 82 50 bel
1484 1807 207 61 pastore
1967 1810 105 71 agli
2109 1813 201 49 uomini
2350 1826 148 39 come
2533 1829 246 38 crescono
2813 1818 16 48 i

1028 1870 131 64 gigli
1195 1871 80 49 dei
1310 1871 191 65 campi,
1534 1871 82 49 cui
1652 1886 104 36 non
1790 1871 28 51 è
1854 1872 197 51 invidia
2084 1875 135 48 della
2252 1875 168 63 gloria
2466 1879 49 49 di
2552 1879 278 52 Salomone

1029 1951 31 34 e
1093 1947 149 36 come
1275 1936 186 47 vivono
1494 1933 74 65 gli
1602 1933 186 52 uccelli
1823 1936 135 51 sulla
1992 1937 141 76 siepe
2172 1951 28 36 e
2236 1953 147 36 come
2418 1938 35 50 il
2491 1941 144 63 figlio
2669 1943 161 50 uscito

1031 1997 137 49 dalla
1201 2009 119 37 casa
1353 1999 242 47 materna
1629 2012 91 51 per
1753 2000 267 61 pascolare
2054 2002 32 48 il
2124 2014 201 53 gregge
2349 2016 184 38 avesse
2566 2006 206 50 trovato
2795 2006 35 49 il

1032 2074 171 36 messo
1238 2059 49 49 di
1323 2058 94 50 Dio
1451 2059 97 51 che
1581 2060 50 50 lo
1666 2075 208 50 ungeva
1907 2077 74 35 re.

1155 2122 94 50 Bel
1287 2125 205 58 pastore
1525 2122 302 54 dell'anima
1865 2126 180 50 nostra
2089 2126 261 62 smarrita,
2396 2129 49 49 la
2489 2134 241 60 comparò
2782 2131 48 50 al

1032 2200 145 37 seme
1210 2200 29 34 e
1273 2186 51 49 al
1360 2186 179 49 lievito
1573 2200 29 34 e
1636 2186 51 51 la
1720 2188 206 51 chiamò
1960 2205 32 33 a
2026 2204 72 35 un
2132 2191 178 63 tempo
2345 2190 37 49 il
2421 2206 164 50 regno
2618 2194 48 49 di
2706 2194 119 49 Dio:

1033 2247 179 66 poiché
1248 2248 79 50 ciò
1349 2262 115 37 essa
1487 2248 44 61 è,
1554 2263 29 35 e
1617 2249 280 61 null'altro,
1920 2252 118 49 vale
2071 2267 32 33 a
2125 2253 110 48 dire
2270 2254 151 50 tutto.
2447 2256 114 49 Così
2583 2254 52 51 la
2659 2256 171 51 similò

1032 2312 104 49 alla
1170 2310 148 64 perla
1349 2312 68 49 da
1450 2312 230 64 scoprire
1713 2314 82 50 nel
1832 2314 250 64 profondo
2117 2329 27 36 e
2180 2314 33 51 il
2250 2318 297 63 messaggio
2583 2318 133 51 della
2741 2318 89 52 via

1033 2374 182 49 diritta
1247 2373 242 66 scoperta
1522 2389 93 50 por
1648 2375 282 52 ritrovarla
1962 2378 205 49 chiamò
2205 2395 23 28 «
2265 2379 183 49 Buona
2482 2381 217 50 novella.
2733 2398 29 32 »

1155 2436 93 51 Chi
1285 2436 236 65 possiede
1556 2439 50 49 la
1640 2440 149 63 perla
1823 2441 297 50 dell'anima
2155 2455 95 36 sua
2292 2441 32 51 à
2358 2442 119 64 ogni
2513 2458 284 50 consapevo-

1032 2501 140 48 lezza
1195 2500 175 49 altresì
1399 2515 46 46 e,
1466 2502 324 51 conoscendo
1826 2502 34 50 il
1893 2503 182 64 potere
2099 2503 48 50 di
2172 2519 213 49 ognuno
2420 2505 47 48 di
2500 2505 163 50 trarla
2696 2506 134 49 dalla

1031 2576 95 37 sua
1144 2562 279 62 coscienza,
1445 2564 100 61 può
1563 2564 297 51 ammonire
1873 2581 98 35 con
1983 2566 93 50 Lui
2094 2580 10 35 :
2120 2582 28 32 «
2162 2567 287 51 Rendetevi
2471 2568 156 50 simili
2641 2583 33 36 a
2686 2583 83 36 me
2787 2585 43 33 ».

1159 2625 117 65 Egli
1314 2625 56 50 fu
1404 2627 88 59 più
1526 2628 97 48 che
1657 2642 70 37 un
1765 2643 156 37 uomo
1954 2646 29 33 o
2019 2629 189 51 meritò
2231 2630 48 50 di
2316 2630 207 58 esserlo,
2553 2647 87 34 ma
2673 2633 86 49 noi
2783 2633 47 49 lo

1033 2688 230 50 amiamo
1297 2688 375 64 specialmente
1695 2691 190 64 perchè
1920 2689 56 52 fu
2010 2691 170 51 simile
2204 2693 54 49 in
2280 2694 139 49 tutto
2451 2694 243 51 all'uomo
2724 2695 79 50 nel-

1036 2751 209 50 l'amore
1280 2766 29 35 e
1342 2750 84 51 nel
1463 2751 190 65 dolore,
1687 2754 84 50 nel
1808 2754 207 62 dubbio,
2062 2755 382 65 nell'angoscia,
2492 2756 223 61 nell'ira,
2748 2757 81 50 nel

1033 2830 150 34 senso
1217 2815 51 49 di
1301 2813 245 71 giustizia
1586 2832 26 33 e
1664 2816 49 51 di
1767 2817 201 60 verità;
2020 2818 191 64 perchè
2265 2820 52 49 fu
2368 2820 170 49 simile
2586 2820 244 49 all'uomo

1033 2877 189 65 giusto,
1254 2877 175 49 odiato
1463 2891 33 37 a
1527 2877 153 63 torto,
1714 2879 315 60 calunniato,
2064 2881 207 50 tradito.

1160 2940 102 61 Ma,
1299 2938 179 61 poiché
1509 2942 126 61 ogni
1670 2957 120 35 cosa
1828 2943 301 51 tramutava
2180 2943 51 51 in
2284 2944 240 60 bellezza,
2572 2945 103 50 così
2727 2945 102 60 egli

1033 3003 198 49 mostrò
1264 3003 169 49 anche
1468 3004 50 49 la
1551 3004 239 62 bellezza,
1824 3004 272 52 traendola
2137 3006 105 50 alla
2293 3006 130 63 luce,
2473 3006 169 66 d'ogni
2679 3009 125 48 soffe-

1031 3079 157 37 renza
1221 3065 95 51 che
1351 3063 43 51 si
1428 3066 181 51 celava
1628 3081 8 42 ;
1672 3067 174 65 quella
1878 3067 82 51 del
2004 3070 144 48 muto
2198 3083 28 35 e
2261 3070 173 62 quella
2473 3070 82 51 del
2590 3070 239 51 lebbroso

1032 3143 28 35 e
1095 3142 67 36 ne
1195 3127 231 52 dichiarò
1459 3130 108 64 agli
1601 3132 216 56 uomini,
1852 3132 153 64 quale
2039 3132 109 50 sale
2181 3132 271 51 silenzioso
2487 3147 32 35 a
2552 3133 112 59 Dio,
2710 3135 96 49 l'ar-

1032 3190 178 50 monia
1242 3204 248 51 suprema
1523 3221 58 6 —
1619 3193 136 51 della
1790 3193 367 65 purificazione
2190 3196 216 62 operata
2440 3194 83 50 dal
2556 3196 221 49 soffrire.

1154 3254 185 51 Perciò
1372 3254 104 63 egli
1509 3255 30 50 è
1573 3255 36 48 il
1643 3258 438 63 contemporaneo
2115 3270 229 42 perenne
2395 3273 28 34 e
2472 3257 18 49 i
2536 3258 294 49 mandriani

1029 3330 30 36 e
1083 3314 15 50 i
1125 3315 130 52 labri
1280 3317 95 50 che
1414 3315 45 52 Io
1484 3333 189 35 amano
1696 3334 28 34 e
1757 3320 50 50 lo
1830 3320 227 50 adorano
2090 3320 190 50 vestito
2305 3320 82 50 dei
2421 3320 110 50 loro
2556 3320 273 51 medesimi

1028 3380 147 61 abiti,
1210 3395 124 37 sono
1370 3381 49 49 di
1455 3381 147 49 tanto
1635 3382 175 51 vicino
1845 3399 32 33 a
1910 3382 72 50 lui
2017 3381 51 51 di
2104 3384 194 62 quanto
2331 3382 263 64 chiunque
2619 3385 50 48 lo
2701 3385 129 48 deve

1031 3442 311 52 inclamidar
1363 3444 140 50 nella
1535 3446 124 61 toga
1685 3461 91 50 per
1809 3446 360 62 riconoscerlo,
2202 3446 71 63 gli
2298 3447 27 48 è
2349 3456 217 41 remoto.
2600 3447 103 48 Per
2731 3446 99 51 essi

1032 3505 29 50 è
1095 3504 36 51 il
1167 3508 356 61 conterraneo,
1556 3507 361 66 l'inseparato,
1951 3508 36 49 il
2024 3511 254 60 presente.
2313 3537 60 7 —
2407 3509 102 50 Per
2532 3509 123 64 ogni
2680 3508 150 62 altro,

1033 3582 107 36 una
1173 3568 171 64 figura
1376 3569 135 51 della
1544 3570 161 51 storia
1739 3571 229 51 lontana.

1981 3662 315 44 Arnaldo
2334 3662 383 44 Cervesato.

1135 3752 56 50 (1)
1219 3752 80 38 Dal
1319 3755 166 37 Piccolo
1505 3755 130 37 Libro
1656 3757 65 36 dei
1738 3757 168 36 Misteri
1924 3757 274 45 d'Occidente,
2221 3756 40 35 di
2282 3757 205 46 prossima
2504 3755 327 48 pubblicazione.

1805 3887 257 45 41
