4257 4033
3508 114 284 57 POESIA

318 308 762 121 SONETTI
1210 303 678 117 FALLICI
2015 293 1511 122 ALL'ANDROGINE

3214 508 30 38 a
3349 489 239 58 ELENA

923 658 42 44 I.

817 755 261 51 L'Urna.

351 888 146 47 Urna
531 886 51 45 di
615 883 260 62 angoscia,
911 880 232 47 infocata
1178 893 28 32 e
1241 891 202 45 oscura,

348 976 96 47 che
478 988 99 32 con
610 972 33 47 1'
663 973 68 45 ali
764 972 207 58 piegate
1005 971 51 43 la
1089 968 103 46 mia
1225 968 124 45 fiera

347 1063 296 61 giovinezza
677 1058 257 57 circonda,
969 1071 28 32 e
1032 1057 133 44 dove
1199 1068 150 46 spera

352 1147 186 56 tregua
572 1143 48 45 la
656 1142 101 45 mia
792 1138 189 61 pavida
1015 1138 236 59 sciagura
1272 1150 11 43 ;

351 1231 146 46 Urna
531 1230 51 45 di
616 1228 261 60 angoscia,
912 1227 134 45 dove
1081 1226 48 43 la
1164 1236 161 46 paura

348 1319 136 45 della
516 1317 112 47 vita
662 1317 43 45 si
729 1316 251 58 estingue,
1016 1326 27 32 e
1079 1314 48 43 la
1163 1311 234 46 Chimera

350 1407 81 46 del
465 1405 156 48 Sasso
657 1416 122 46 apre
815 1404 49 43 la
897 1415 94 32 sua
1025 1401 162 45 bocca
1221 1411 124 33 nera

350 1495 95 46 che
479 1493 32 45 1'
531 1494 193 58 empito
760 1491 82 46 del
875 1491 103 43 mio
1014 1501 195 47 sangue
1244 1487 206 55 misura,

350 1609 49 45 10
434 1606 36 47 t'
491 1618 118 33 amo
643 1618 28 33 e
704 1604 38 46 t'
762 1604 117 46 odio
914 1616 90 45 per
1044 1602 171 57 quella
1254 1601 176 44 feroce

350 1696 164 45 bocca
548 1693 94 46 che
676 1692 131 47 beve
842 1692 51 44 in
928 1705 69 30 un
1030 1689 192 58 liquido
1258 1688 120 45 foco

352 1786 35 43 11
422 1785 103 44 mio
559 1782 163 55 valor,
756 1783 83 44 tra
873 1778 184 60 sospiri
1093 1778 49 45 di
1176 1780 181 53 morte,

355 1874 99 44 urli
489 1872 50 45 di
574 1872 110 46 vita
704 1868 10 47 !
751 1884 27 31 e
813 1871 183 55 questa
1030 1867 102 45 mia
1166 1870 140 42 sorte

352 1960 267 60 selvaggia
638 1973 27 31 e
680 1957 161 56 dolce,
862 1955 255 46 annuncia
1136 1966 29 32 a
1184 1966 132 45 poco
1335 1965 221 46 apoco...

354 2048 44 47 O
431 2048 227 47 terribile
693 2046 161 46 bocca
889 2056 153 35 senza
1075 2055 131 34 voce
1226 2040 10 46 !

921 2182 69 46 II.

659 2282 48 47 Il
744 2280 174 51 Fiore
954 2279 290 58 piacente.

354 2413 153 46 Fiore
541 2412 147 45 fosco
724 2424 30 31 a
789 2410 97 46 due
921 2408 174 59 pètali,
1129 2405 273 61 profondo,

354 2500 174 60 tepido
564 2502 51 43 in
648 2499 87 61 giù
769 2499 61 45 de
866 2499 50 43 la
950 2497 175 45 sottile
1159 2495 177 46 ciocca

355 2589 46 46 d'
423 2589 110 46 esili
569 2588 117 46 steli
721 2588 93 46 che
848 2586 32 46 1'
900 2598 174 32 amore
1110 2597 221 33 accocca

357 2679 132 46 dove
524 2678 42 46 si
603 2677 205 46 annoda
842 2676 119 59 ogni
997 2674 141 46 desio
1173 2672 282 61 giocondo;

357 2770 52 43 in
442 2771 68 49 te,
546 2780 90 46 per
669 2768 69 54 te,
772 2777 65 32 ne
870 2762 30 46 1'
921 2763 193 57 empito
1149 2761 238 56 fecondo,

357 2859 51 43 la
442 2856 223 46 scintilla
701 2855 49 44 di
785 2855 109 44 vita
928 2851 173 46 umida
1136 2864 200 43 scocca,

359 2959 28 32 e
421 2949 59 40 tu
514 2944 250 58 l'accogli,
801 2955 29 32 o
866 2941 159 55 Urna,
1062 2955 29 31 o
1126 2941 167 55 Fiore,
1319 2953 30 31 o
1373 2939 187 54 Bocca,

359 3034 83 44 nel
465 3035 92 42 tuo
581 3033 228 53 mistero,
834 3031 52 43 in
910 3029 94 45 che
1030 3030 40 43 si
1096 3031 178 42 eterna
1299 3027 34 44 il
1357 3025 203 46 mondo.

361 3147 91 47 Sta
486 3148 51 43 in
571 3149 54 42 te
660 3147 14 43 1
712 3146 182 44 insidia
929 3144 134 45 della
1098 3144 139 55 Vita,
1274 3156 26 31 e
1333 3144 177 42 trarne

361 3233 31 46 1'
413 3246 170 34 essere
617 3232 102 60 può
755 3233 49 45 la
839 3245 93 31 sua
965 3228 295 61 perpetuità

358 3322 117 47 nell'
498 3335 151 46 aspra
684 3322 235 46 scherma
954 3320 134 45 della
1120 3317 221 47 voluttà.

358 3411 43 44 E
435 3411 121 46 vive
595 3408 279 46 l'universo
909 3407 292 46 armonioso

359 3500 135 46 nelle
527 3499 185 59 pieghe
748 3497 81 46 del
861 3500 93 42 tuo
989 3496 161 46 calice
1186 3506 198 33 ascoso.

361 3586 43 50 0
437 3588 228 59 bipetalo
697 3586 154 46 Fiore
885 3585 135 46 della
1053 3582 165 47 Carne
1238 3581 10 46 !

2853 641 100 46 III.

2599 741 84 50 La
2717 740 198 50 Bocca
2950 738 252 50 mistica.

2307 857 174 46 Bocca
2514 858 59 43 tu
2608 857 73 44 sei
2713 856 50 44 la
2797 854 168 46 forma
2998 854 94 46 che
3126 854 49 45 la
3210 853 157 47 Terra

2304 946 135 44 tolse
2473 957 90 46 per
2599 956 138 33 esser
2770 955 172 33 mossa
2977 955 27 32 e
3038 941 277 47 fecondata

2308 1034 84 44 nel
2426 1034 154 43 ritmo
2615 1031 134 46 della
2784 1031 135 58 gioia
2953 1030 258 57 disperata

2304 1120 95 44 che
2432 1130 158 48 regge
2624 1117 51 45 la
2708 1117 281 45 lussuriosa
3022 1127 198 47 guerra.

2307 1207 183 59 Quella
2521 1206 162 45 bocca
2717 1205 94 46 che
2844 1204 231 56 mastica,
3109 1204 220 44 rinserra

2304 1295 116 46 dell'
2440 1308 140 33 esser
2613 1295 49 43 la
2697 1291 141 47 fòrza
2873 1307 27 31 e
2934 1293 50 44 la
3018 1291 182 46 durata

2305 1397 84 31 ma
2426 1383 135 44 della
2596 1380 181 60 Specie
2811 1381 49 44 la
2893 1381 110 45 vita
3038 1379 27 46 è
3099 1380 167 45 celata

2305 1472 53 43 in
2391 1473 67 53 te,
2493 1469 202 45 mistica
2730 1468 188 56 Bocca,
2952 1468 220 58 augusta
3206 1478 152 32 serra.

2305 1583 65 47 Se
2406 1582 334 46 dall'ardente
2775 1582 132 43 stelo
2942 1581 133 44 della
3108 1580 123 44 Vita

2304 1672 147 45 balza
2486 1671 49 44 la
2570 1670 147 45 calda
2752 1670 148 57 opale
2935 1669 50 44 in
3019 1671 52 42 te
3106 1667 94 45 che
3233 1666 162 56 fremi,

2307 1761 49 43 la
2392 1759 176 47 favola
2604 1759 80 44 del
2719 1756 188 46 mondo
2942 1756 42 45 si
3022 1756 230 45 rinnova.

2305 1849 94 44 Poi
2435 1848 94 45 che
2563 1860 90 45 per
2688 1858 199 45 sempre
2923 1845 48 43 la
3004 1846 91 42 tua
3130 1841 175 47 febbre
3339 1855 129 32 cova

2308 1936 50 44 la
2392 1935 203 56 Forma,
2631 1947 27 31 e
2693 1947 62 31 ne
2789 1934 202 43 matura
3026 1931 15 44 i
3074 1930 137 45 mille
3245 1930 140 45 semi.

2307 2023 205 47 Cibelea
2545 2023 188 55 Bocca,
2768 2022 155 47 breve
2957 2019 62 46 ed
3053 2018 196 45 infinita
3268 2016 10 46 !

2860 2154 92 46 IV.

2676 2252 466 51 L'Iniziazione.

2313 2386 151 47 Salde
2498 2385 140 45 carni
2674 2385 47 44 di
2757 2383 204 55 femine,
2996 2383 278 44 attorcenti

2309 2472 227 47 membra
2571 2471 49 45 di
2655 2471 105 45 eroi
2796 2469 262 45 lussuriosi
3094 2482 25 31 e
3155 2469 171 44 invitti
3348 2482 10 42 ;

2309 2563 93 44 che
2437 2563 131 43 sulla
2603 2560 133 46 bella
2769 2559 156 58 preda
2958 2556 240 56 ardendo,
3238 2556 152 45 infìtti

2309 2653 14 44 i
2360 2653 140 44 denti
2533 2665 28 31 e
2595 2650 236 59 l'unghie,
2867 2650 50 43 in
2940 2648 174 44 rauchi
3155 2646 123 45 rotti
3304 2645 199 46 accenti

2310 2742 234 47 chiedete
2578 2740 94 45 che
2705 2752 105 31 non
2841 2740 182 56 tregua
3058 2735 46 45 ai
3144 2734 214 47 violenti

2310 2832 135 57 colpi
2478 2832 75 43 sia
2587 2829 135 56 data,
2759 2841 81 30 ma
2872 2825 89 60 più
2991 2825 108 45 fieri
3135 2838 26 31 e
3197 2824 100 43 fìtti

2313 2907 221 45 esultino
2570 2905 47 45 le
2651 2903 164 46 febbri
2849 2900 307 60 prepotenti,

2310 2993 88 47 Sin
2432 2993 94 46 che
2561 2993 49 43 la
2643 2993 165 42 morte
2844 2988 220 58 impietri
3108 2987 69 58 gli
3217 2985 226 45 sconfitti
3464 2982 10 47 !

2310 3106 164 47 Carne
2496 3104 9 45 !
2542 3104 162 45 Carne
2740 3102 44 45 di
2824 3101 205 55 l'emina,
3065 3100 94 44 che
3193 3097 189 46 infuria

2312 3194 209 45 l'ardua
2556 3191 110 59 foja
2700 3190 80 46 dei
2813 3189 216 45 muscoli
3064 3186 238 56 contorti,

2309 3283 136 44 nello
2482 3281 169 45 eroico
2688 3278 254 58 amplesso
2977 3274 327 61 spasimando
3324 3271 10 46 !

2312 3369 204 58 Quanto
2550 3366 228 58 l'impeto
2811 3366 180 44 vostro
3025 3361 28 46 è
3088 3360 304 56 miserando,

2313 3471 89 33 ora
2436 3457 95 44 che
2566 3454 29 44 1'
2615 3452 299 60 Andrògine
2948 3452 47 44 le
3031 3449 124 47 forti

2312 3544 176 46 labbra
2521 3543 70 46 mi
2623 3540 103 47 hàn
2757 3540 219 46 rivelata
3009 3538 51 44 la
3093 3534 274 48 Lussuria!

2851 3650 349 48 Ricciotto
3244 3650 264 48 Canudo

1810 3769 257 49 39
