2837 4132
621 367 77 36 UN
737 367 237 36 MARIAGE
1015 356 305 47 D'ARTISTES
1356 367 72 36 AU
1469 367 136 35 XVIII
1605 363 16 22 e
1664 353 178 49 SIÈCLE

2172 348 94 62 389

344 508 354 72 Cependant,
736 527 69 36 en
843 515 151 49 cette
1031 512 179 52 année
1248 511 160 70 1767,
1459 508 147 55 Mlle.
1633 510 164 68 Lany
1846 507 174 54 danse
2069 521 200 38 encore

232 588 34 54 à
297 587 460 55 Fontainebleau
806 590 141 53 dans
1713 590 94 53 Vertumne
1808 587 89 54 Elle
1898 604 67 52 y
1966 590 148 66 porte
2147 600 125 37 «un

232 665 172 53 habit
438 666 70 53 de
541 667 261 69 Bergère,
866 667 183 70 juppe
1083 668 70 54 de
1185 667 236 54 taffetas
1454 666 157 53 chair
1642 665 348 69 tamponnée
2025 680 69 35 en
2133 677 136 55 gaze

233 745 270 67 blanche,
553 761 167 52 corps
754 751 60 48 et
856 747 274 52 manches
1171 747 174 68 chair,
1390 746 51 52 le
1493 750 131 48 tout
1676 745 135 52 orné
1863 743 68 54 de
1985 743 252 66 découpu-

235 840 90 35 res
363 823 69 52 de
477 840 139 52 gaze
663 823 263 69 blanche,
964 825 202 53 volant
1215 825 69 53 de
1335 825 234 52 taffetas
1611 822 174 67 chair,
1827 821 244 68 écharpe
2119 818 153 55 satin

235 900 193 67 blanc,
462 901 53 52 le
551 906 131 48 tout
712 903 136 51 orné
879 903 69 51 de
976 902 324 70 guirlandes
1329 902 70 52 de
1427 902 168 52 fleurs
1624 917 151 36 roses
1806 901 96 65 (1).
1929 919 20 28 »

346 978 144 54 Mais
541 978 56 54 la
647 981 277 52 danseuse
945 980 136 54 s'est
1096 981 199 53 retirée
1324 978 240 55 soudain
1614 995 146 52 pour
1808 977 99 53 des
1935 975 216 54 raisons
2203 975 69 54 de

240 1057 181 52 santé.
462 1057 84 52 La
608 1058 169 52 chose
835 1057 144 53 était
1028 1060 213 67 prévue
1271 1079 10 31 :
1323 1075 69 35 en
1442 1056 164 53 Avril
1660 1055 139 69 1766
1835 1055 51 52 le
1930 1052 344 56 Secrétariat

241 1136 78 53 du
352 1136 130 68 Roy
513 1136 162 52 avait
689 1136 107 53 fait
821 1154 195 52 passer
1041 1140 34 50 à
1103 1137 179 52 Rebel
1308 1141 57 48 et
1392 1136 310 52 Francœur
1727 1135 55 52 la
1807 1137 135 48 note
1968 1132 264 53 suivante
2259 1151 10 33 :

350 1234 21 26 «
395 1213 84 52 La
503 1213 38 52 d
542 1225 18 24 e
585 1213 184 54 Gellin
794 1220 177 63 ayant
995 1213 298 54 messieurs
1317 1213 280 54 demandé
1620 1230 79 34 un
1722 1212 174 69 congé
1921 1215 56 48 et
2001 1208 273 54 méritant

241 1309 105 52 par
378 1309 88 35 ses
498 1292 161 70 longs
692 1292 241 53 services
965 1292 204 69 qu'elle
1202 1309 33 35 a
1267 1292 208 52 rendus
1507 1292 35 51 à
1573 1288 346 55 l'Académie
1953 1287 218 70 Royale
2204 1287 70 52 de

244 1369 279 70 Musique,
552 1375 59 48 et
639 1387 110 52 que
777 1387 62 36 sa
865 1371 163 52 santé
1056 1387 70 35 ne
1153 1369 79 54 lui
1257 1375 221 63 permet
1505 1385 104 52 pas
1637 1368 68 52 de
1732 1366 297 53 continuer
2056 1382 138 36 avec
2220 1364 57 52 la

242 1448 186 54 même
459 1448 294 68 assiduité,
785 1466 78 36 un
895 1448 333 52 traitement
1260 1447 302 70 distingué,
1594 1446 39 52 il
1661 1446 80 52 lui
1771 1462 35 36 a
1835 1446 90 52 été
1956 1443 190 53 assuré
2178 1443 98 52 dès

242 1526 52 53 le
326 1526 145 53 mois
508 1526 68 53 de
603 1543 152 36 mars
785 1526 227 53 dernier
1046 1543 120 36 une
1192 1524 234 54 retraite
1462 1524 68 53 de
1566 1538 158 37 1.000
1760 1527 57 48 et
1850 1538 111 36 une
1995 1521 253 69 gratifica-

245 1604 123 54 tion
413 1604 261 54 annuelle
719 1604 69 54 de
839 1617 106 55 500
997 1621 95 36 sur
1141 1604 247 69 l'Opéra,
1440 1601 143 57 mais
1633 1602 163 52 étant
1845 1598 309 55 nécessaire
2204 1615 73 36 au

246 1683 243 66 théâtre,
526 1682 54 70 je
616 1687 228 66 compte
880 1682 204 70 qu'elle
1119 1682 191 53 suivra
1343 1681 56 52 la
1432 1697 285 52 promesse
1752 1678 204 70 qu'elle
1989 1677 116 52 m'a
2138 1674 140 55 faite

247 1762 69 52 de
343 1778 70 36 ne
438 1761 165 71 point
628 1761 218 70 quitter
871 1766 131 47 tant
1027 1761 203 70 qu'elle
1257 1776 123 37 sera
1406 1776 69 35 en
1501 1759 123 51 état
1651 1758 68 53 de
1745 1756 193 54 servir.
1964 1776 21 28 »

358 1958 195 68 Quant
597 1956 34 52 à
674 1955 163 55 Gélin
879 1954 39 53 il
959 1954 270 54 continue
1271 1971 104 36 son
1416 1954 231 66 service,
1690 1950 144 54 mais
1876 1950 50 53 le
1970 1947 182 56 déclin
2196 1951 85 50 est

249 2036 209 70 proche
509 2034 169 54 aussi.

359 2114 92 52 Au
493 2112 325 54 lendemain
861 2112 70 54 de
973 2111 55 54 la
1070 2110 210 71 reprise
1940 2105 186 70 (1768)
2171 2105 74 52 Ba-

250 2192 315 53 chaumont
594 2206 59 36 se
682 2190 184 70 plaint
896 2208 111 52 que
1036 2194 151 48 cette
1218 2189 208 69 reprise
1456 2206 33 35 a
1519 2190 90 52 été
1639 2205 74 36 on
1742 2203 71 36 ne
1843 2189 138 64 peut
2010 2184 127 69 plus
2166 2181 117 53 mal

251 2270 269 53 exécutée
547 2289 10 32 :
595 2289 21 27 «
640 2270 79 51 Le
753 2267 147 54 sieur
933 2269 80 52 Le
1048 2269 142 53 Gros
1224 2272 119 47 met
1373 2269 142 52 dans
1548 2267 51 52 le
1633 2265 116 53 rôle
1784 2264 213 53 d'Enée
2032 2264 164 50 toute
2229 2260 57 52 la

250 2346 307 56 bonhomie
597 2347 70 52 de
705 2364 63 35 ce
805 2347 166 52 héros
994 2366 14 47 ;
1049 2346 150 53 Mlle.
1224 2345 254 53 Duranci
1517 2350 85 48 est
1641 2341 297 74 pleurarde
1977 2345 57 47 et
2074 2339 210 53 crieuse

252 2443 223 36 comme
503 2425 255 53 Lavinie.
790 2426 78 52 Le
896 2425 150 52 sieur
1074 2424 163 54 Gélin
1266 2424 190 53 faisoit
1484 2424 52 52 le
1564 2436 352 57 personnage
1947 2419 70 53 de
2044 2416 240 53 Latinus

255 2521 140 37 avec
423 2504 255 53 l'enflure
708 2504 143 53 dont
881 2502 40 52 il
948 2502 112 54 sait
1091 2520 58 36 se
1177 2502 410 54 boursoufler...
1620 2521 21 28 »
1674 2502 76 65 (2)

364 2582 79 52 Et
472 2599 70 34 en
573 2596 158 56 1770,
762 2584 33 52 à
823 2598 209 53 propos
1061 2582 98 52 des
1187 2580 479 71 représentations
1696 2579 97 53 des

286 2666 45 47 et
458 2660 257 67 romaines,
716 2661 367 52 Bachaumont
1126 2659 85 53 dit
1253 2676 200 36 encore
1479 2678 78 34 :«
1580 2659 78 52 Le
1700 2656 149 53 sieur
1890 2651 162 56 Gélin
2093 2647 193 55 faisoit

255 2739 52 53 le
344 2739 115 52 rôle
498 2739 308 53 d'Antoine
844 2742 59 49 et
940 2739 148 52 Mlle.
1121 2737 261 70 Duplant
1406 2735 143 54 celui
1587 2736 69 53 de
1694 2733 296 69 Cléopâtre
2028 2730 142 52 dans
2206 2726 81 53 les

286 2816 394 55 Bacchanales.
701 2817 79 52 Le
827 2815 242 71 premier
1117 2821 195 47 acteur
1360 2816 223 52 devenu
1632 2811 359 55 absolument
2038 2806 218 52 insoute-

258 2895 186 67 nable,
477 2911 33 36 a
540 2895 267 53 chevroté
838 2895 140 53 d'un
1004 2895 145 52 bout
1178 2895 35 52 à
1241 2893 204 54 l'autre
1470 2914 14 47 ;
1515 2910 103 36 son
1647 2892 95 69 jeu
1771 2893 87 49 est
1886 2885 181 67 lourd,
2099 2888 57 49 et
2185 2882 40 52 il
2254 2899 34 35 a

260 2972 221 55 affaibli
509 2990 104 36 son
644 2974 132 67 rôle,
809 2974 129 69 déjà
969 2977 131 65 trop
1131 2972 244 70 dégradé
1406 2974 143 52 dans
1577 2972 52 52 le
1657 2976 219 64 poëme.
1901 2986 20 28 »

371 3051 191 67 Enfin,
609 3067 70 37 en
726 3065 160 56 1771,
931 3051 50 52 le
1026 3050 240 70 critique
1310 3050 220 53 déclare
1573 3065 112 53 que
1699 3066 23 28 «
1749 3045 238 53 l'ombre
2009 3040 245 53 d'Ardan-

263 3128 200 55 canille
496 3134 59 48 et
588 3146 87 37 ses
707 3146 132 37 sons
871 3130 265 70 lugubres
1169 3130 319 68 répandent
1519 3145 113 36 une
1662 3123 158 56 vraie
1851 3127 216 48 terreur
2098 3134 105 54 par
2232 3116 57 52 la

263 3207 136 54 voix
426 3207 364 70 sanglotante
819 3208 77 53 du
924 3207 149 54 sieur
1100 3207 163 54 Gélin
1286 3228 21 27 »
1336 3211 57 50 et
1422 3206 40 52 il
1489 3205 225 53 affirme
1743 3197 279 67 derechef,
2039 3212 71 37 en
2128 3207 159 56 i773>

264 3301 110 55 que
397 3285 275 70 «l'organe
713 3286 343 53 chevrotant
1100 3286 69 52 de
1211 3285 164 54 Gélin
1415 3285 53 53 le
1510 3282 139 55 rend
1693 3274 307 60 désormais
2042 3273 217 54 insoute-

264 3363 168 54 nable
466 3380 96 37 sur
594 3363 57 54 la
684 3365 181 52 scène.
890 3384 22 29 »

374 3535 57 45 (1)
451 3535 196 35 Archives
667 3535 240 42 nationales,
931 3535 107 35 Série
1060 3534 66 37 Oi.

374 3589 57 43 (2)
450 3587 211 36 Mémoires
680 3592 146 33 secrets.
