2837 4132
674 371 0 0 378

1146 319 259 36 MERCURE
1441 320 239 35 MUSICAL
1714 321 69 34 ET
1822 322 48 34 S.
1915 322 43 36 I.
2005 322 62 34 M.

580 464 239 56 environ
861 463 207 71 quinze
1107 463 160 71 jours
1308 482 76 37 ou
1425 481 31 52 3
1498 463 285 56 semaines
1823 483 108 54 par
1971 466 209 56 Milord
2221 467 432 74 Hotting-thon

579 562 147 56 pour
753 543 57 54 la
837 543 146 55 Dlle.
1004 544 167 70 Lany
1186 561 65 36 sa
1278 544 319 69 maîtresse,
1628 551 364 65 moyennant
2023 562 164 40 1.000
2214 547 173 55 livres
2416 566 107 52 par
2552 566 96 37 an.

579 619 124 60 Elle
740 628 89 49 est
866 641 71 36 en
974 623 188 70 partie
1198 623 262 55 meublée
1488 645 13 33 :
1538 641 109 55 par
1681 630 93 49 cet
1812 631 408 67 arrangement
2255 627 41 53 il
2330 628 152 54 n'est
2517 628 133 71 plus

579 702 269 71 question
880 703 72 54 de
985 702 137 55 celle
1155 704 71 54 de
1259 702 234 56 Pantin.

689 801 22 28 «
734 782 95 53 On
854 782 146 53 croit
1028 783 145 54 dans
1198 782 54 55 le
1278 783 229 55 Canton
1534 801 113 52 que
1673 783 58 55 la
1756 783 147 55 Dlle.
1927 784 168 73 Lany
2110 784 103 72 qui
2237 786 272 57 n'attend
2537 805 114 53 que

576 861 54 53 le
671 866 263 49 moment
977 862 378 55 d'accoucher
1395 862 244 56 viendra
1680 881 40 53 y
1764 863 142 55 faire
1946 882 92 37 ses
2081 866 266 68 couches,
2392 867 259 55 d'autres

577 947 246 65 pensent
848 942 208 70 qu'elle
1080 942 80 53 les
1186 942 122 55 fera
1331 944 36 53 à
1394 943 182 69 Paris,
1601 961 100 38 rue
1729 944 389 55 Fromenteau
2146 947 75 53 où
2247 946 106 54 elle
2380 948 271 54 demeure

577 1021 266 54 vis-à-vis
867 1022 57 53 la
947 1022 164 70 place
1136 1023 79 54 du
1240 1022 176 56 vieux
1441 1023 229 55 Louvre
1695 1028 60 50 et
1779 1025 358 69 qu'ensuitte
2162 1026 106 54 elle
2292 1026 86 54 ira
2401 1028 252 70 prendre

577 1098 127 55 l'air
737 1102 36 52 à
809 1101 200 71 Passy.

688 1200 23 28 «
734 1181 86 53 La
858 1181 262 54 nourrice
1159 1182 71 53 de
1268 1181 248 56 l'enfant
1555 1182 101 71 qui
1696 1182 125 56 doit
1861 1185 188 53 naître
2090 1190 88 49 est
2218 1185 135 71 déjà
2391 1191 260 63 retenue,

577 1261 141 53 c'est
745 1279 116 35 une
890 1262 267 53 nommée
1186 1263 110 68 Do,
1328 1262 213 55 femme
1571 1263 142 55 d'un
1742 1265 533 54 commissionnaire
2306 1267 79 53 du
2414 1267 235 53 marché

576 1339 140 54 neuf
749 1339 100 72 qui
885 1359 70 35 en
990 1359 126 35 sera
1150 1342 242 70 chargée
1426 1343 34 52 à
1496 1342 190 53 raison
1723 1343 70 54 de
1861 1359 70 53 40
1968 1343 98 55 liv.
2104 1362 107 52 par
2244 1345 165 68 mois,
2447 1362 33 40 2
2515 1351 140 66 pots

577 1435 77 39 au
679 1418 97 55 feu
801 1437 107 54 par
933 1421 253 53 semaine
1214 1426 58 49 et
1299 1426 208 66 quatre
1532 1421 159 56 voies
1719 1423 73 54 de
1817 1422 126 55 bois
1971 1428 133 50 tous
2131 1423 80 55 les
2237 1425 143 53 trois
2406 1426 165 53 mois.

687 1520 21 28 «
732 1499 61 56 Si
828 1517 109 54 par
971 1501 387 54 l'événement
1394 1502 142 55 c'est
1573 1521 81 36 un
1691 1520 231 53 garçon,
1962 1503 40 54 il
2037 1522 40 54 y
2115 1521 144 38 aura
2294 1507 73 53 de
2402 1507 253 70 grandes

577 1578 432 71 réjouissances,
1047 1579 148 55 mais
1231 1582 73 53 de
1341 1579 171 72 façon
1548 1599 77 36 ou
1661 1582 249 69 d'autre,
1950 1583 77 54 M.
2066 1583 53 54 le
2156 1588 192 50 comte
2386 1585 231 55 d'Alber-

576 1660 197 68 marle,
821 1661 416 54 ambassadeur
1280 1661 418 71 d'Angleterre,
1743 1680 127 37 sera
1913 1663 55 54 le
2010 1663 253 71 parrain.
2312 1666 93 54 On
2451 1665 203 72 ignore

577 1755 204 39 encore
810 1741 187 70 quelle
1026 1759 127 35 sera
1181 1741 57 53 la
1266 1741 277 54 maraine.
1568 1762 22 30 »

688 1898 80 54 Le
798 1898 74 55 16
900 1900 173 68 Mars,
1104 1898 150 56 Mlle.
1275 1900 167 72 Lany
1458 1905 88 50 est
1576 1901 156 54 mère
1762 1905 60 50 et
1853 1900 288 57 l'attentif
2169 1902 292 56 Meusnier
2491 1922 128 37 enre-

576 1976 175 73 gistre
779 1977 60 55 la
870 1980 172 53 chose
1068 1999 12 34 :

704 2079 22 28 «
763 2060 85 53 La
861 2058 147 55 Dlle.
1030 2060 185 71 Lany,
1247 2061 288 54 danseuse
1562 2061 37 54 à
1628 2060 259 72 l'Opéra,
1931 2067 93 50 est
2070 2063 322 56 accouchée
2427 2065 226 56 samedi

577 2137 225 57 dernier
835 2156 141 37 onze
1012 2140 71 53 de
1116 2156 63 37 ce
1212 2138 168 70 mois,
1428 2157 102 37 rue
1576 2141 392 56 Fromenteau
2001 2160 132 37 vers
2180 2143 81 55 les
2308 2143 91 55 six
2443 2146 212 53 heures

577 2221 60 51 et
682 2218 166 70 après
892 2236 80 36 un
1017 2218 136 71 long
1197 2218 231 69 travail,
1475 2220 144 55 d'un
1661 2237 217 55 garçon
1921 2221 104 72 qui
2073 2240 35 37 a
2157 2225 97 53 été
2308 2223 230 73 baptisé
2595 2225 58 54 le

576 2296 329 56 lendemain
971 2298 34 54 à
1059 2298 68 54 St
1171 2297 274 56 Germain
1511 2300 385 69 L'auxerrois,
1941 2319 135 36 sous
2145 2302 53 55 le
2242 2321 140 37 nom
2453 2305 71 53 de
2569 2306 80 52 M.

579 2376 445 72 Hotting-Thon
1050 2377 101 71 qui
1177 2378 119 54 s'en
1323 2383 88 49 est
1436 2378 88 56 dit
1548 2378 53 55 le
1624 2381 136 70 père
1785 2386 59 48 et
1870 2380 102 72 qui
1995 2381 150 56 était
2169 2385 256 70 présent.

689 2456 127 54 «Le
857 2456 204 71 parain
1103 2475 36 35 a
1179 2457 94 55 été
1314 2458 76 55 M.
1436 2457 437 72 d'Albermarle,
1917 2462 422 56 ambassadeur
2377 2463 240 72 d'Angle-

579 2538 166 51 terre.
790 2536 78 53 Et
908 2536 57 53 la
1004 2536 257 54 maraine
1300 2536 57 54 la
1397 2537 147 55 Dlle.
1587 2538 169 71 Lany
1795 2557 158 37 sœur
1992 2541 163 54 ainée
2183 2543 75 54 de
2286 2542 364 56 l'accouchée

576 2613 248 73 laquelle
863 2632 36 37 a
939 2634 70 36 eu
1049 2634 80 35 un
1168 2617 232 70 présent
1441 2618 71 54 de
1552 2617 58 55 la
1647 2623 134 66 part
1822 2621 72 53 de
1935 2621 76 53 M.
2056 2621 438 71 d'Albermarle,
2536 2642 118 36 une

577 2696 190 71 bague
800 2700 58 50 et
892 2697 101 56 des
1024 2697 233 53 boucles
1291 2697 253 56 d'oreille
1577 2698 267 56 estimées
1878 2701 241 56 environ
2152 2707 135 50 cent
2319 2702 165 56 louis.
2521 2703 133 55 Elle

579 2776 151 54 n'est
751 2775 168 72 point
943 2776 134 71 jolie
1099 2781 61 51 et
1183 2777 98 53 n'a
1305 2794 191 38 aucun
1520 2778 206 56 talent.
1752 2780 155 56 C'est
1930 2781 108 56 elle
2058 2781 104 72 qui
2185 2782 109 56 fait
2317 2782 59 56 la
2399 2785 255 71 dépense

579 2855 72 57 de
680 2855 59 55 la
767 2855 249 57 maison.

655 3015 81 34 «...
770 2994 93 56 On
894 2997 246 70 prétend
1172 3013 112 54 que
1315 2997 78 53 M.
1428 2996 446 73 Hotting-Thon
1908 3004 88 50 est
2029 2999 231 73 disposé
2287 3002 35 55 à
2362 3001 296 72 légitimer

581 3081 92 50 cet
701 3076 222 68 enfant,
953 3081 59 49 et
1040 3078 34 53 à
1101 3076 278 72 l'appeler
1402 3077 38 54 à
1466 3095 65 36 sa
1558 3078 326 56 succession
1912 3097 73 38 en
2016 3097 98 38 cas
2131 3081 144 71 qu'il
2303 3081 153 56 vive.
2485 3103 23 28 »

693 3156 183 53 Entre
909 3172 66 38 sa
1008 3157 155 53 mère
1304 3156 154 54 Mme
1493 3156 273 57 Cardinal
1797 3159 151 55 n'est
1981 3177 106 53 pas
2123 3159 185 56 d'hier
2333 3162 217 53 !—et
2584 3178 66 39 sa

581 3252 176 52 sœur,
788 3234 57 56 la
876 3236 312 71 disgraciée
1221 3236 101 72 qui
1353 3236 91 54 vit
1477 3237 81 54 du
1590 3238 367 56 déshonneur
1988 3239 263 70 familial,
2283 3241 212 56 Louise
2527 3243 85 54 Ma-

581 3314 219 55 deleine
839 3316 274 55 continue
1151 3317 72 56 de
1263 3316 123 55 filer
1423 3316 54 54 le
1527 3317 220 71 parfait
1793 3336 225 53 amour,
2058 3319 150 56 mais
2246 3321 158 56 voilà
2442 3340 115 53 que
2595 3322 54 55 le

581 3406 69 61 25
684 3394 329 73 septembre
1047 3408 163 59 1752,
1242 3394 58 55 la
1331 3394 182 73 police
1545 3396 57 54 la
1635 3397 88 56 dit
1756 3417 22 29 «
1800 3416 190 38 veuve
2013 3420 21 29 »
2067 3399 75 56 de
2173 3417 106 38 son
2311 3406 206 49 amant
2548 3401 103 71 qui

580 3491 37 37 a
646 3476 244 69 regagné
922 3474 395 73 l'Angleterre.

692 3615 21 28 «
737 3595 92 56 On
844 3595 247 71 prétend
1120 3596 287 71 qu'avant
1441 3613 107 39 son
1577 3596 208 74 départ
1814 3599 41 54 il
1884 3615 36 38 a
1949 3598 111 57 fait
2087 3599 84 56 les
2198 3600 203 56 choses
2430 3600 226 71 galam-
