2837 4132
527 376 377 44 L'HUMANISME
926 388 232 35 MUSICAL
1178 390 71 33 EN
1273 390 208 35 FRANCE
1498 388 71 35 AU
1594 390 90 31 XVI
1689 386 16 21 E
1729 375 180 46 SIÈCLE

2172 385 89 48 351

219 548 71 35 en
316 531 133 67 soit,
475 531 82 52 les
583 551 21 27 «
629 534 242 53 Etrénes
897 557 20 26 »
944 554 145 36 nous
1115 541 296 49 montrent
1439 536 132 54 Baïf
1597 535 152 71 plein
1778 532 486 55 d'enthousiasme

217 626 146 51 pour
395 626 104 36 son
531 628 198 35 œuvre
761 619 57 46 et
851 614 259 53 confiant
1143 615 144 53 dans
1316 615 241 53 l'avenir
1585 635 9 31 :

390 769 102 37 Plus
523 769 38 37 le
593 769 167 39 komun
791 772 203 39 ansuivre
1025 786 53 24 ne
1108 774 99 49 puis
1226 789 7 21 :
1270 774 92 36 mês
1392 773 107 37 libre
1531 774 52 36 de
1614 772 168 51 l'esprit

390 828 138 37 Autre
562 841 203 26 nouveau
798 832 165 37 santiér
995 833 42 48 je
1070 845 69 25 rne
1173 833 55 45 fê,
1264 845 80 37 par
1376 845 56 25 ou
1466 833 144 49 puisse
1644 844 69 26 me
1746 832 180 37 haussér

391 887 148 39 Haurs
571 889 53 36 de
654 889 44 38 la
730 889 116 38 Têrr'
870 906 7 22 :
903 892 22 35 é
943 904 203 25 nouveau
1179 892 281 50 konpauseur
1491 892 122 37 duire
1642 892 38 36 le
1712 891 212 36 Fransoês

390 947 92 38 Aus
515 947 217 39 chansons
766 951 221 37 mezuré's.
1026 953 19 35 I
1078 964 53 24 ne
1165 952 97 36 faut
1294 952 98 48 plus
1425 951 233 49 m'espérer
1691 950 160 38 anvéin

390 1007 69 37 Au
488 1007 102 37 vieil
617 1007 73 49 jeu
720 1009 53 37 de
801 1009 43 37 la
871 1010 107 38 rime
1006 1012 166 36 ravoêr.
1205 1011 102 36 Puis
1334 1011 132 36 l'eure
1495 1011 53 36 ke
1578 1009 123 38 Sérês

390 1066 91 37 Aus
513 1068 178 37 mortels
723 1080 26 25 a
780 1068 112 37 doné
922 1070 39 36 le
993 1070 239 42 froumant,
1265 1070 44 36 ki
1340 1070 228 36 recherche
1599 1070 39 36 le
1670 1069 101 37 vieu
1802 1069 102 48 glan
1929 1072 15 33 ?
1980 1070 33 45 (1
2027 1070 10 44 )

332 1204 49 52 Il
431 1223 71 35 ne
555 1212 140 47 veut
747 1207 128 68 plus
927 1208 187 52 rimer.
1170 1208 77 51 Et
1299 1208 324 67 cependant
1674 1207 39 51 il
1764 1206 209 52 rimera
2022 1223 201 35 encore
2252 1227 9 31 :

217 1283 225 53 l'année
487 1284 186 54 même
719 1287 70 51 de
832 1286 352 53 l'ouverture
1230 1287 68 52 de
1341 1286 370 66 l'Académie,
1758 1302 70 34 en
1871 1284 185 69 juillet
2103 1298 159 54 1571,

216 1360 40 53 il
281 1362 161 53 avait
469 1363 162 52 réuni
661 1382 70 33 en
756 1369 207 64 quatre
987 1364 260 54 volumes
1273 1369 193 47 toutes
1491 1381 88 34 ses
1603 1364 210 51 Euvres
1839 1380 66 34 en
1929 1362 154 52 rime.
2111 1363 152 51 Tout

216 1458 70 35 en
336 1447 342 63 composant
725 1460 88 35 ses
865 1443 227 52 Etrénes
1138 1443 41 51 il
1225 1442 237 52 écrivait
1510 1458 201 36 encore
1758 1442 98 52 des
1903 1458 127 35 vers
2077 1440 186 67 rimés,

217 1519 145 52 ainsi
391 1538 112 51 que
536 1538 146 35 nous
710 1522 304 68 l'apprend
1044 1538 103 36 son
1178 1520 114 53 ami
1321 1522 95 51 Du
1446 1520 203 65 Guast,
1680 1519 98 69 qui
1806 1519 51 51 le
1886 1518 79 53 lui
1993 1520 271 68 reproche

219 1616 70 34 en
329 1598 361 70 plaisantant
733 1603 99 64 (2).
875 1602 98 65 Et,
1015 1618 112 51 peu
1169 1601 163 68 après
1371 1598 370 70 l'apparition
1786 1598 96 52 des
1923 1598 245 66 Etrénes,
2209 1598 55 52 la

216 1682 154 48 mort
414 1678 70 53 de
529 1678 231 53 Charles
776 1679 89 52 XI
911 1683 57 48 et
1010 1679 386 52 l'avènement
1440 1678 70 51 de
1541 1675 179 54 Henri
1767 1677 90 51 111
1901 1677 363 51 arrachèrent

215 1757 33 51 à
296 1755 135 54 Baïf
477 1757 171 68 poète
694 1758 70 51 de
809 1774 155 49 cour,
1011 1757 215 68 malgré
1272 1773 86 35 ses
1401 1754 175 52 belles
1622 1753 401 67 déclarations,
2072 1753 189 52 maint

216 1835 203 69 poème
460 1853 70 35 en
569 1853 128 36 vers
736 1835 169 53 rimés
948 1838 97 63 (3).
1089 1835 175 53 Enfin
1303 1852 102 34 son
1446 1834 233 52 curieux
1716 1833 142 52 livre
1898 1833 97 52 des
2035 1833 227 65 Mimes,

217 1914 271 68 composé
532 1914 70 52 de
649 1927 139 56 1575
835 1915 33 51 à
915 1914 137 66 1581
1103 1915 99 65 (4),
1247 1918 58 47 et
1349 1931 103 33 son
1496 1912 289 52 troisième
1828 1910 288 52 Psaultier
2162 1912 99 64 (5),

215 1993 142 69 qu'il
390 1993 282 52 achèvera
700 2011 69 34 en
802 1993 160 69 1587,
992 1998 194 47 seront
1214 1992 171 52 rimés
1414 1992 139 52 d'un
1581 1990 145 52 bout
1755 1992 35 49 à
1815 1989 225 53 l'autre.

329 2072 134 52 Baïf
501 2089 71 35 ne
611 2073 258 69 changea
907 2089 104 53 pas
1051 2072 182 68 grand
1273 2072 169 50 chose
1482 2072 33 49 à
1555 2069 56 52 la
1650 2068 307 68 technique
1999 2069 98 52 des
2136 2086 128 34 vers

215 2152 253 50 mesurés
504 2149 134 53 telle
675 2150 205 69 qu'elle
917 2155 141 64 peut
1095 2167 58 34 se
1192 2149 242 69 dégager
1472 2148 97 52 des
1607 2147 274 68 quelques
1910 2145 172 52 essais
2107 2147 126 50 anté-

216 2228 179 54 rieurs
412 2230 34 51 à
460 2229 80 53 lui
557 2234 58 47 et
633 2229 77 53 du
727 2229 172 52 traité
917 2230 70 52 de
1002 2229 31 67 J
1044 2246 210 50 acques
1272 2229 68 51 de
1357 2228 83 52 La
1454 2227 196 52 Taille.
1672 2225 142 52 Mais
1830 2224 40 52 il
1887 2229 100 48 eut
1999 2225 50 51 le
2068 2224 194 53 mérite

217 2307 69 66 (si
323 2308 123 67 ç'en
483 2313 87 47 est
606 2310 100 64 un)
747 2309 70 52 de
854 2308 222 53 réduire
1113 2324 71 35 en
1219 2307 252 68 système
1506 2322 92 35 ces
1633 2304 318 52 tentatives
1981 2303 199 52 isolées
2208 2308 56 47 et

216 2387 70 52 de
327 2387 219 53 donner
587 2404 74 36 au
700 2404 269 36 nouveau
1009 2403 169 52 genre
1219 2387 70 52 de
1329 2384 189 70 poésie
1560 2384 70 52 de
1669 2382 309 53 véritables
2020 2398 241 36 œuvres.

217 2465 563 54 Malheureusement
814 2467 40 50 il
888 2484 71 33 ne
993 2483 145 34 nous
1175 2483 34 33 a
1242 2482 104 51 pas
1381 2464 166 52 laissé
1584 2463 312 67 d'ouvrage
1932 2460 331 68 didactique

216 2545 75 52 où
323 2544 188 53 soient
543 2545 238 69 exposés
812 2545 80 52 les
924 2544 285 70 principes
1242 2544 70 51 de
1343 2543 56 52 la
1429 2540 390 54 versification
1852 2540 254 51 mesurée
2140 2538 76 67 (6)
2251 2558 9 31 :

215 2641 145 34 nous
398 2641 70 34 en
503 2641 248 35 sommes
786 2623 219 52 réduits
1042 2623 33 51 à
1108 2623 80 51 les
1223 2620 380 52 reconstituer
1637 2637 70 34 en
1743 2634 147 36 nous
1927 2617 199 52 aidant
2164 2617 97 52 des

216 2719 130 35 vers
394 2703 253 52 mesurés
695 2702 373 66 eux-mêmes,
1119 2702 70 52 de
1235 2699 438 53 l'introduction
1722 2698 98 52 des
2163 2695 98 52 des

217 2780 256 54 schèmes
525 2782 313 68 métriques
892 2782 77 52 du
1021 2779 244 70 premier
1316 2778 257 71 psautier
1623 2775 223 54 mesuré
1900 2777 98 64 (7),
2053 2779 57 46 et
2163 2774 97 51 des

217 2860 487 69 renseignements
742 2878 112 51 que
893 2862 296 49 Mersenne
1226 2876 145 35 nous
1409 2855 217 54 fournit
1665 2871 140 36 avec
1842 2851 418 69 complaisance

336 3027 59 45 (1)
423 3027 50 37 V.
503 3037 93 35 299.

337 3086 61 47 (2)
428 3086 170 45 Notice,
631 3085 218 38 XXXIV.

337 3146 61 48 (3)
424 3145 41 37 v
468 3175 7 8 -
506 3154 197 39 245-274-

339 3206 60 46 (4)
426 3205 50 36 V.
511 3216 119 26 1-221
640 3234 8 7 .

337 3264 61 47 (5)
424 3263 112 38 Bibl.
567 3264 103 38 Nat.
692 3279 9 22 :
728 3275 100 26 mss.
857 3264 49 36 fr.
940 3275 60 36 19,
1033 3274 77 35 140
1136 3262 60 47 (ff.
1230 3262 212 47 183-310).

337 3325 60 45 (6)
429 3323 225 38 Peut-être
685 3323 173 37 avait-il
889 3322 204 49 composé
1124 3333 60 26 un
1212 3321 135 38 traité
1379 3321 53 37 de
1464 3319 216 48 métrique
1711 3316 225 47 française,
1969 3324 168 26 comme
2167 3311 75 37 l'af-

219 3384 126 36 firme
374 3384 64 36 La
469 3383 128 37 Croix
628 3383 56 37 du
714 3382 152 37 Maine
872 3413 8 14 ,
912 3381 336 50 probablement
1278 3380 172 49 d'après
1480 3391 47 24 ce
1550 3387 182 40 passage
1756 3375 52 37 de
1831 3373 333 37 l'introduction
2186 3371 74 37 des

219 3443 172 36 Etrénes
440 3443 67 46 (V,
544 3443 98 47 304)
663 3457 7 22 :
705 3453 17 25 «
742 3442 229 37 Kontante
1014 3443 73 35 toê
1129 3441 52 37 de
1225 3440 82 36 sesi
1352 3438 240 38 attendant
1635 3436 98 49 plus
1764 3434 143 48 ésprês
1948 3431 314 38 avêrtisemant

220 3502 44 37 ki
295 3502 83 37 t'êt
410 3501 195 50 préparé,
638 3504 102 35 tant
771 3514 74 25 sur
875 3502 42 36 la
948 3500 334 49 prononsiasion
1315 3498 241 37 Fransoêze
1589 3495 53 37 ke
1674 3505 73 25 sur
1778 3492 101 37 l'art
1910 3490 162 37 Métrik
2089 3501 16 24 »
2139 3488 42 37 Si
2215 3502 45 24 ce

218 3561 131 37 traité
370 3573 25 25 a
414 3561 68 37 été
502 3561 216 49 composé,
739 3561 30 37 il
788 3565 66 33 est
873 3560 112 38 resté
1004 3559 139 37 inédit
1162 3561 44 35 et
1225 3559 29 36 il
1273 3560 66 34 est
1360 3555 279 50 aujourd'hui
1659 3552 149 51 perdu,

334 3622 59 47 (7)
416 3620 111 38 BAÏF
547 3634 30 36 y
597 3621 192 50 indique,
813 3633 54 25 en
886 3621 93 36 tête
1002 3620 52 37 de
1077 3619 169 49 chaque
1268 3618 132 50 pièce,
1423 3616 60 37 les
1505 3616 160 37 mètres
1688 3611 112 52 qu'il
1823 3609 200 53 emploie,
