2837 4132
545 390 378 46 L'HUMANISME
945 400 232 37 MUSICAL
1199 402 71 34 EN
1293 402 208 36 FRANCE
1518 403 72 35 AU
1613 403 93 34 XVI
1709 402 18 21 e
1750 391 178 47 SIÈCLE

2183 402 94 48 335

228 547 147 70 plaît
413 548 36 54 à
487 547 122 55 dire
646 565 114 53 que
797 548 82 55 les
917 569 22 29 «
960 548 412 56 instrumens...
1414 556 133 48 sont
1584 551 56 53 la
1678 552 93 54 vie
1809 557 60 49 et
1905 552 173 54 l'âme
2116 551 71 55 de
2224 550 57 53 la

228 626 193 70 poésie
444 646 21 29 »
493 627 100 67 (i),
620 644 114 53 que
759 627 193 70 poésie
974 632 60 50 et
1058 628 264 70 musique
1348 635 132 48 sont
1507 630 152 54 deux
1683 647 183 37 sœurs
1890 628 391 73 inséparables

228 708 59 50 et
331 721 114 53 que
488 725 23 29 «
574 722 136 37 sans
752 705 57 53 la
853 706 266 71 musique
1161 707 57 54 la
1260 708 192 70 poésie
1496 715 88 48 est
1627 726 245 54 presque
1916 726 133 37 sans
2092 708 188 72 grâce,

228 800 224 38 comme
492 783 58 54 la
590 783 269 72 musique
898 802 135 36 sans
1072 786 56 53 la
1167 787 247 54 mélodie
1456 788 99 54 des
1595 805 130 37 vers
1766 794 87 48 est
1893 787 288 55 inanimée
2223 792 58 49 et

228 879 134 38 sans
390 863 94 54 vie
508 884 22 29 »
562 865 100 67 (2).
694 863 94 54 En
816 871 345 64 composant
1190 882 89 37 ses
1307 884 149 51 vers,
1486 867 41 52 il
1560 867 81 54 les
1677 867 193 54 chante
1907 870 80 66 (3)
2017 872 61 50 et
2106 884 175 54 songe

226 941 268 71 toujours
530 960 119 37 aux
684 942 309 55 musiciens
1030 945 101 70 qui
1167 945 241 53 doivent
1443 964 39 52 y
1519 946 245 71 adapter
1799 946 152 55 leurs
1985 946 295 55 mélodies.

228 1020 91 54 En
352 1020 130 69 fait,
515 1039 150 36 nous
696 1022 318 70 possédons
1046 1022 58 53 la
1134 1023 267 70 musique
1435 1025 70 52 de
1540 1026 116 52 très
1688 1025 375 54 nombreuses
2095 1025 189 71 pièces

229 1098 71 55 de
332 1100 272 54 Ronsard
634 1105 61 49 et
726 1117 147 37 nous
905 1117 249 37 sommes
1183 1101 119 54 loin
1335 1102 70 55 de
1438 1103 298 54 connaître
1767 1109 195 49 toutes
1993 1103 81 55 les
2107 1103 141 54 mélo-

228 1177 122 55 dies
390 1177 102 72 qui
532 1183 107 50 ont
681 1180 94 53 été
816 1178 171 55 faites
1028 1196 98 37 sur
1166 1196 89 37 ses
1296 1197 129 36 vers
1470 1182 100 67 (4).
1615 1182 85 52 La
1740 1181 278 71 première
2059 1181 224 55 édition

228 1256 100 54 des
369 1257 249 55 Amours
659 1257 301 71 imprimée
1002 1275 73 35 en
1120 1270 141 57 1552
1306 1258 137 54 chez
1485 1258 57 54 la
1584 1276 188 38 veuve
1815 1261 254 53 Maurice
2112 1261 73 53 de
2227 1258 58 55 la

228 1336 193 68 Porte,
445 1352 35 37 a
501 1354 150 53 paru
672 1337 423 70 accompagnée
1118 1337 71 53 de
1211 1352 70 52 32
1305 1337 250 53 feuillets
1576 1338 176 54 d'airs
1772 1340 187 67 notés,
1982 1338 302 70 composés

224 1431 109 53 par
378 1416 233 68 Certon,
658 1434 108 53 par
813 1416 327 68 Goudimel,
1187 1432 107 54 par
1340 1416 295 71 Janequin
1681 1422 61 48 et
1786 1435 108 52 par
1940 1420 191 52 Muret
2177 1417 81 55 lui-

226 1492 188 56 même
449 1495 103 68 (5).
585 1495 53 53 A
671 1498 94 51 cet
797 1495 195 71 égard,
1027 1510 64 38 ce
1123 1493 102 71 qui
1259 1493 231 55 domine
1523 1500 168 49 toute
1721 1495 244 55 l'œuvre
1998 1496 81 53 du
2112 1496 173 70 poète

226 1572 146 55 dans
422 1590 90 38 ses
559 1573 133 71 plus
741 1573 197 54 chères
986 1573 306 68 créations,
1344 1572 146 55 dans
1556 1573 152 55 l'ode
1772 1573 345 73 pindarique
2180 1591 105 53 par

225 1651 282 71 exemple,
548 1652 143 53 c'est
727 1651 335 54 l'intention
1099 1651 259 54 formelle
1396 1651 71 53 de
1504 1669 244 36 renouer
1782 1652 287 71 l'antique
2105 1652 180 56 union

226 1730 72 54 de
331 1730 57 54 la
421 1731 268 71 musique
722 1735 61 50 et
817 1731 71 54 de
922 1730 59 54 la
1011 1730 193 71 poésie
1231 1751 14 47 ;
1281 1735 59 49 et
1374 1735 197 49 toutes
1603 1730 81 54 les
1720 1749 229 36 œuvres
1982 1731 303 54 musicales

225 1807 102 71 qui
365 1813 107 50 ont
511 1810 152 54 servi
701 1826 65 37 ce
806 1807 224 56 dessein
1071 1807 241 69 étaient,
1353 1808 146 54 dans
1537 1808 57 54 la
1634 1810 209 69 pensée
1882 1811 72 53 de
1996 1810 289 68 Ronsard,

225 1888 288 55 destinées
549 1890 36 53 à
620 1888 144 55 faire
799 1887 250 55 renaître
1085 1887 81 53 les
1202 1887 194 53 beaux
1430 1887 162 70 jours
1628 1888 80 55 du
1743 1888 235 70 lyrisme
2015 1905 129 54 grec
2183 1886 100 71 (6).

223 1967 92 53 On
355 1967 265 70 pourrait
658 1966 320 71 multiplier
1015 1966 83 53 les
1137 1966 292 70 exemples
1467 1971 297 66 prouvant
1804 1972 156 50 cette
1999 1967 286 55 tendance

224 2047 35 52 à
291 2046 134 54 unir
456 2046 83 54 les
574 2046 155 54 deux
764 2051 122 48 arts
919 2062 72 37 en
1025 2044 273 55 souvenir
1333 2044 71 55 de
1435 2044 356 72 l'antiquité,
1824 2051 79 63 et,
1938 2064 73 36 en
2044 2062 241 52 somme,

224 2122 143 56 c'est
403 2141 65 37 ce
505 2125 190 54 même
731 2123 180 71 esprit
946 2122 335 55 humaniste
1316 2123 102 71 qui
1454 2128 88 49 est
1578 2125 35 53 à
1646 2123 258 73 l'origine
1940 2125 72 54 de
2048 2125 237 71 l'opéra,

222 2323 93 38 s'en
338 2323 188 49 rejouist
548 2323 143 50 point,
717 2334 55 26 ne
793 2321 94 40 s'en
910 2325 172 35 esmeut
1103 2321 140 51 point,
1269 2325 45 34 et
1338 2323 54 36 de
1414 2325 117 36 teste
1554 2334 54 26 en
1631 2322 124 50 pieds
1778 2322 107 39 n'en
1906 2323 213 39 tressault
2141 2323 140 50 point,

222 2394 173 26 comme
423 2383 267 38 doucement
715 2394 126 37 ravy,
885 2385 46 34 et
956 2380 36 39 si
1018 2394 54 25 ne
1098 2392 104 39 sçay
1228 2385 227 35 comment
1481 2382 161 38 dérobé
1682 2382 101 38 hors
1820 2383 54 37 de
1900 2394 92 38 soy,
2020 2384 108 37 c'est
2162 2384 121 49 signe

223 2442 109 51 qu'il
352 2454 27 25 a
398 2441 132 39 l'âme
550 2445 165 42 tortue,
738 2441 205 46 vicieuse,
966 2445 45 34 et
1032 2442 231 49 dépravée,
1286 2445 45 34 et
1352 2441 165 51 duquel
1537 2441 30 38 il
1588 2454 44 27 se
1653 2441 99 39 faut
1773 2442 167 39 donner
1959 2444 132 48 garde
2110 2453 172 28 comme

222 2502 55 37 de
303 2501 113 39 celui
444 2502 76 50 qui
547 2501 116 39 n'est
689 2500 128 51 point
843 2501 339 39 heureusement
1208 2501 67 38 né.
1305 2502 236 38 Comment
1568 2513 45 27 se
1640 2504 277 47 pourroit-on
1943 2503 206 37 accorder
2173 2514 108 26 avec

223 2573 61 26 un
303 2561 179 38 homme
503 2561 77 51 qui
602 2561 54 38 de
676 2573 80 26 son
778 2561 175 38 naturel
973 2561 113 51 hayt
1104 2560 62 39 les
1189 2561 178 38 accords
1392 2564 16 34 ?
1446 2563 125 49 celuy
1590 2562 115 37 n'est
1725 2562 129 50 digne
1875 2563 53 37 de
1953 2573 109 38 voyr
2079 2562 44 37 la
2142 2561 139 39 douce

220 2619 182 40 lumière
428 2620 59 39 du
513 2620 135 45 soleil,
675 2620 77 51 qui
778 2632 54 26 ne
856 2620 85 39 fait
964 2620 200 39 honneur
1188 2620 27 38 à
1240 2622 44 36 la
1310 2620 216 51 Musique,
1553 2633 171 26 comme
1749 2622 139 49 petite
1912 2622 145 50 partie
2081 2622 54 37 de
2160 2622 117 45 celle,

221 2679 77 51 qui
326 2679 37 39 si
392 2680 401 39 armonieusement
825 2681 187 47 (comme
1042 2679 67 38 dit
1139 2680 178 48 Platon)
1348 2681 140 49 agitte
1517 2685 104 35 tout
1651 2693 48 26 ce
1728 2683 139 49 grand
1896 2682 177 38 univers
2089 2693 29 26 ».
2154 2680 121 49 (VII,

223 2739 217 51 337-338)-

337 2819 62 47 (1)
425 2817 60 45 n,
517 2818 94 49 376.

336 2879 63 48 (2)
423 2876 129 47 VIII,
581 2887 65 40 SI.

337 2936 61 50 (3)
419 2936 78 46 VI,
520 2946 96 40 459-

337 2998 61 47 (4)
425 2996 117 39 Pour
579 3000 131 35 toute
733 3000 118 36 cette
876 2997 204 50 question
1105 2998 75 37 des
1204 3001 204 47 rapports
1434 2999 53 38 de
1514 2998 203 40 Ronsard
1743 3012 106 26 avec
1872 3000 44 37 la
1938 3000 217 50 musique,
2180 3000 96 38 voir

220 3057 157 38 Comte
404 3059 47 36 et
477 3055 268 40 Laumônier
771 3069 18 24 «
814 3057 199 39 Ronsard
1039 3060 36 34 et
1102 3057 58 38 les
1188 3058 231 38 musiciens
1461 3060 58 36 du
1560 3069 84 28 XVI
1646 3068 14 18 e
1698 3060 122 37 siècle
1824 3090 8 7 .
1853 3072 17 25 »
1897 3061 139 38 Revue
2062 3058 212 40 d'histoire

221 3115 202 39 littéraire
452 3116 48 38 de
531 3115 43 39 la
603 3116 164 38 France
771 3146 10 15 ,
816 3126 123 38 1900,
966 3128 42 39 p.
1042 3118 195 47 341-381.
1270 3117 69 38 On
1367 3131 31 37 y
1425 3121 211 36 trouvera
1663 3131 61 25 un
1753 3118 129 38 choix
1899 3128 119 29 assez
2044 3118 230 40 abondant

219 3177 77 37 des
320 3175 332 39 innombrables
677 3186 206 40 passages
908 3177 58 37 où
993 3175 203 39 Ronsard
1223 3181 92 34 met
1340 3189 55 26 en
1420 3178 182 39 lumière
1627 3177 40 38 le
1692 3179 220 38 caractère
1937 3178 183 38 musical
2145 3179 55 38 de
2224 3189 50 28 sa

218 3234 159 53 poésie.
412 3235 107 38 Voir
548 3234 118 40 aussi
698 3234 173 39 Tiersot
887 3247 19 25 «
934 3237 197 38 Ronsard
1161 3240 37 34 et
1230 3237 42 37 la
1303 3238 196 50 musique
1531 3239 47 37 de
1610 3250 77 26 son
1718 3242 133 46 temps
1868 3250 17 26 »
1918 3237 196 49 (Recueil
2144 3238 56 38 de
2229 3238 43 38 la

219 3294 42 39 S.
293 3294 33 39 I.
355 3294 62 44 M,
442 3293 77 46 IV,
548 3303 54 48 1).

333 3355 61 46 (5)
422 3352 70 39 Au
519 3351 340 40 Conservatoire
886 3351 55 39 de
966 3353 207 52 musique
1208 3354 57 38 de
1308 3354 138 41 Paris.
1496 3356 124 38 Dans
1646 3359 73 36 cet
1752 3356 280 50 exemplaire,
2075 3355 63 40 les
2183 3356 87 40 airs

217 3413 128 39 notés
365 3415 103 37 sont
487 3412 125 40 reliés
632 3412 27 40 à
679 3414 44 38 la
743 3413 115 39 suite
880 3413 133 39 d'une
1033 3414 169 38 édition
1224 3416 54 38 de
1305 3424 116 41 1553.
1449 3415 185 39 Réédité
1655 3428 81 39 par
1755 3415 58 38 M.
1838 3414 171 41 Tiersot
2030 3415 111 39 dans
2161 3415 88 42 l'ou-

217 3484 134 40 vrage
376 3472 99 40 cité.

332 3533 75 48 (6).
439 3531 73 40 En
540 3533 166 46 réalité,
737 3531 166 51 l'usage
932 3533 55 38 de
1014 3534 45 38 la
1087 3534 146 50 poésie
1262 3535 186 38 chantée
1479 3535 111 39 était
1618 3535 223 39 conforme
1871 3534 29 39 à
1926 3534 44 39 la
1999 3535 99 51 plus
2127 3535 143 41 vieille

214 3591 218 40 tradition
460 3591 228 52 française.
720 3591 113 40 Mais
861 3591 108 40 c'est
998 3593 252 39 l'intention
1280 3595 75 38 des
1385 3596 152 50 poètes
1568 3595 53 38 de
1651 3594 43 39 la
1723 3593 296 40 Renaissance
2049 3595 108 51 qu'il
2185 3596 55 39 im-

212 3654 129 47 porte
365 3654 180 37 surtout
569 3652 54 39 de
647 3652 247 39 considérer
917 3652 67 39 ici.
