2837 4132
565 355 380 47 L'HUMANISME
967 367 235 36 MUSICAL
1219 368 74 34 EN
1315 368 208 36 FRANCE
1538 367 75 36 AU
1635 368 95 36 XVI
1732 365 20 23 E
1774 355 180 48 SIÈCLE

2213 369 91 48 341

245 529 118 38 aux
393 512 181 73 réglés
605 512 81 55 du
713 512 150 56 latin
897 513 240 55 bailleez
1191 517 508 70 autentiquement
1729 534 77 38 au
1834 515 287 57 doctrinal
2143 535 23 31 »
2197 516 106 69 (1).

248 590 308 56 D'ailleurs
603 591 144 55 c'est
793 610 115 37 une
954 593 250 72 besogne
1250 610 115 55 peu
1410 593 307 72 lucrative,
1764 593 149 58 mais
1959 595 105 54 elle
2111 595 192 54 donne

247 668 280 73 quelques
563 667 396 59 satisfactions
996 671 260 72 d'esprit,
1293 677 62 50 et
1392 673 142 54 c'est
1569 691 81 37 un
1684 673 120 55 bon
1838 673 230 55 remède
2102 677 201 51 contre

244 747 286 56 l'oisiveté
555 767 13 36 :
615 767 23 31 «
804 766 114 54 peu
962 750 71 54 de
1073 751 242 70 prouffit
1355 751 285 72 temporel
1680 770 72 37 en
1793 752 164 56 vient
1990 773 12 34 :
2046 751 155 56 aussi
2238 769 65 38 ce

243 831 173 67 peust
454 832 155 50 estre
645 826 59 56 la
742 845 174 38 cause
953 828 289 73 pourquoi
1280 847 77 37 on
1395 847 73 37 ne
1505 831 48 53 si
1592 835 88 49 est
1717 831 168 71 point
1923 831 225 55 estudie
2225 847 78 40 au

244 911 194 67 temps
475 922 188 56 passe.
704 907 147 55 Mais
888 926 149 54 pour
1075 926 64 37 ce
1176 926 115 55 que
1327 915 122 49 cest
1486 910 323 71 perfection
1847 911 454 55 dentendement

245 988 60 51 et
356 1001 117 38 une
523 985 356 72 occupacion
930 986 283 54 honneste
1265 988 37 52 à
1353 987 299 56 estudians
1705 987 101 73 qui
1857 988 241 56 veulent
2149 988 154 55 fouir

244 1062 282 74 oysivete,
559 1068 61 50 et
653 1081 113 55 que
798 1063 152 56 Dieu
981 1082 134 37 men
1150 1066 190 54 donne
1372 1066 208 70 ladvis,
1613 1066 99 71 jen
1743 1066 165 72 feray
1938 1085 121 55 ung
2091 1067 209 55 traicte

243 1159 73 38 en
389 1141 314 57 ensuivant
774 1142 86 56 les
932 1143 181 73 réglés
1186 1145 72 54 de
1292 1143 59 55 la
1386 1145 415 56 metrificature
1875 1146 100 55 des
2047 1145 253 57 dictions

242 1220 269 55 latines...
536 1241 23 31 »
584 1222 101 69 (2).
710 1221 64 56 U
780 1222 110 53 Art
911 1222 65 55 de
997 1221 264 67 metrifier
1283 1222 198 70 essaie,
1505 1240 73 37 en
1598 1227 213 67 posant
1834 1225 71 54 de
1927 1225 373 54 nombreuses

242 1300 180 72 règles
462 1305 136 50 tout
640 1300 352 71 arbitraires,
1037 1302 71 55 de
1150 1301 350 56 déterminer
1539 1302 59 55 la
1639 1302 267 71 quantité
1947 1303 352 71 prosodique

243 1380 100 55 des
376 1378 252 73 syllabes
661 1378 313 71 françaises
1000 1400 15 49 ;
1049 1385 188 66 quant
1270 1380 37 54 à
1336 1380 60 54 la
1428 1380 387 55 constitution
1848 1382 100 55 des
1995 1381 303 56 différents

242 1457 165 71 pieds
445 1457 338 72 métriques,
822 1457 55 55 le
915 1475 242 54 passage
1195 1457 258 70 suivant,
1492 1458 303 70 reproduit
1833 1476 134 38 sans
2007 1477 248 37 commen-

242 1536 166 71 taire,
455 1554 216 54 pourra
716 1537 221 55 donner
981 1555 115 38 une
1144 1536 127 56 idée
1317 1537 102 55 des
1463 1537 174 55 traits
1684 1538 295 55 essentiels
2025 1540 72 54 de
2141 1543 155 51 cette

242 1615 312 69 tentative,
600 1615 120 71 qui,
747 1615 312 68 d'ailleurs,
1081 1631 61 38 se
1184 1620 406 49 retrouveront
1633 1616 139 54 chez
1814 1615 84 55 les
1940 1634 358 38 successeurs

240 1695 73 54 de
353 1693 210 56 Michel
602 1695 73 54 de
714 1693 371 55 Boteauville
1114 1712 14 36 :
1170 1712 82 36 «...
1296 1692 69 56 ils
1405 1697 134 51 sont
1580 1692 90 56 six
1708 1693 165 73 pieds
1913 1695 71 55 de
2023 1695 273 69 versifier,

240 1777 122 51 cest
550 1773 441 71 daptilus,spondeus,
1810 1772 121 69 trocheus,
1932 1777 145 51 et

240 1851 276 72 Daptilus
556 1869 37 36 a
633 1849 142 56 trois
814 1849 229 56 sillebes
1070 1870 11 35 :
1123 1849 58 55 la
1221 1849 280 73 première
1542 1856 88 49 est
1669 1849 211 74 longue
1919 1856 62 51 et
2021 1851 81 54 les
2143 1852 155 55 deux

240 1935 196 50 autres
455 1929 251 70 brefves,
729 1946 225 38 comme
1719 1928 215 71 justice.
1213 1929 305 72 Spondeus
1539 1947 36 36 a
1597 1929 166 55 deulz
1787 1929 229 56 sillebes
2036 1929 263 73 longues,

239 2026 226 38 comme
789 2008 172 56 doulceur.
962 2008 167 55 Trocheus
1175 2026 36 37 a
1255 2007 171 56 deulz
1470 2007 227 56 sillebes
1722 2008 118 55 :la
1884 2008 279 73 première
2207 2013 89 51 est

238 2087 211 72 longue
499 2092 61 51 et
611 2087 232 55 l'aultre
893 2086 224 71 brefve,
1169 2103 226 39 comme
1746 2086 242 57 lambus
2040 2105 35 38 a
2127 2087 169 56 deulz

239 2166 227 56 sillebes
501 2186 12 36 :
546 2166 59 56 la
635 2164 280 74 première
945 2164 202 56 brefve
1179 2170 59 49 et
1270 2164 230 56 l'aultre
1531 2166 210 71 longue
1772 2182 226 38 comme

238 2244 307 56 Tribracus
587 2262 37 37 a
666 2244 143 56 trois
850 2243 226 56 sillebes
1117 2243 250 70 brefves,
1410 2261 226 38 comme
1962 2246 334 71 Anapestus

238 2341 37 38 a
304 2323 145 56 trois
478 2323 227 56 sillebes
732 2344 11 34 :
776 2323 84 55 les
892 2323 165 55 deulz
1089 2322 309 72 premières
1429 2327 136 51 sont
1594 2322 231 56 brefves
1857 2328 60 50 et
1947 2323 59 55 la
2036 2323 258 56 derniere

235 2401 231 73 longue,
515 2420 226 38 comme
1345 2402 198 55 cherite
1007 2422 23 29 »
1081 2403 102 68 (3).
1224 2402 120 53 Dès
1392 2416 144 57 1497
1583 2401 42 54 il
1669 2401 152 72 joint
1867 2402 304 71 l'exemple
2218 2420 77 37 au

235 2483 271 71 précepte
531 2498 72 39 en
617 2481 218 56 faisant
849 2481 191 56 suivre
1059 2498 107 37 son
1183 2500 22 30 «
1222 2481 110 54 Art
1358 2482 72 53 de
1454 2479 277 56 métrifier
1748 2501 23 30 »
1795 2481 176 56 d'une
1998 2502 23 29 «
2050 2481 240 56 Oraison

236 2559 65 56 de
343 2561 57 54 la
438 2559 182 73 vierge
658 2559 193 56 Marie
890 2577 69 37 en
996 2558 249 70 francois
1283 2559 231 68 metrifie
1551 2566 145 66 pour
1743 2559 246 73 exemple
2027 2564 267 50 comment

243 2655 73 39 on
433 2638 159 75 peult
794 2638 260 67 metrifier
1357 2637 247 71 francois
1063 2657 24 31 »
1113 2639 103 68 (4).
1244 2638 95 55 En
1362 2637 152 57 voici
1537 2637 82 56 les
1644 2638 153 56 deux
1821 2637 275 72 premiers
2119 2655 133 39 vers
2276 2656 14 37 :

578 2809 158 51 Vierge
784 2809 153 46 Marie,
990 2820 119 28 mere
1158 2808 60 40 du
1270 2807 212 48 Sauveur,
1534 2810 150 38 nostre
1734 2811 211 44 créateur,

694 2868 85 51 Qui
811 2867 162 52 Jhesus
1002 2871 80 36 eut
1110 2879 29 28 a
1166 2878 119 36 nom,
1317 2870 83 48 toy
1427 2868 181 40 saluant
1635 2866 179 42 Gabriel

346 3019 144 56 Vers
525 3029 146 60 1530
704 3034 115 40 une
852 3015 267 59 nouvelle
1152 3017 316 71 tentative,
1503 3017 91 55 s'il
1627 3018 131 56 faut
1791 3034 72 38 en
1896 3015 182 57 croire
2111 3015 144 57 d'Au-

235 3098 193 74 bigné,
459 3098 94 56 fut
584 3097 145 57 faite
760 3114 109 56 par
897 3116 84 36 un
1009 3098 235 54 nommé
1274 3098 277 70 Mousset,
1583 3097 103 73 qui
1715 3097 94 55 fut
1837 3097 343 72 précepteur
2209 3095 81 57 du

356 3325 76 50 [iY
433 3325 11 24 4
448 3325 128 46 lbid.,
619 3332 93 42 350.
753 3321 40 40 Il
830 3321 133 50 s'agit
998 3320 57 39 ici
1094 3321 61 39 du
1210 3321 227 39 Doctrinal
1489 3320 43 40 (T
1536 3321 294 38 ALEXANDRE
1889 3330 63 28 DE
2011 3320 275 42 VILLEDIEU.

241 3387 79 49 (lin
348 3385 60 39 du
437 3395 70 29 xn
509 3393 16 19 e
550 3383 161 48 siècle),
741 3380 387 40 universellement
1155 3381 202 50 employé
1385 3393 172 27 comme
1585 3381 175 38 manuel
1788 3380 54 39 de
1868 3380 112 39 latin
2005 3380 160 53 jusque
2191 3394 98 28 vers

242 3453 119 42 1514,
386 3445 173 50 époque
581 3443 59 38 où
661 3441 31 40 il
715 3442 71 38 fut
807 3438 218 54 remplacé
1047 3451 83 40 par
1150 3440 41 38 le
1213 3440 234 40 Rudiment
1467 3440 55 38 de
1546 3440 122 51 JEAN
1690 3439 324 40 DESPAUTÈRE.

351 3506 61 48 (2)
442 3504 208 44 THOMAS,
685 3512 94 40 332.

349 3564 63 51 (3)
445 3563 128 45 Ibid.,
602 3570 94 42 337.

353 3624 64 48 (4)
446 3620 208 47 THOMAS,
692 3627 96 45 350.
