2837 4132
596 313 66 38 LA
716 314 195 39 SCHOLA
951 317 288 36 CANTORUM
1278 320 69 34 ET
1383 317 64 38 LE
1492 318 164 38 STYLE
1699 321 70 35 DE
1819 321 137 35 BACH

2206 319 93 49 403

259 471 251 53 sassone,
543 462 207 65 questa
778 458 219 55 musica
1028 476 29 37 e
1087 459 92 54 nel
1233 459 131 55 stilo
1416 462 271 69 francese,
1720 462 58 56 di
1809 462 147 55 ch'io
1987 480 114 37 non
2133 461 132 54 m'in-

262 536 176 52 tendo
465 536 60 53 !»
567 537 122 52 Nos
731 538 315 54 orchestres
1089 539 216 54 actuels
1346 541 166 53 n'ont
1552 559 104 52 pas
1697 542 80 53 les
1819 542 213 53 mêmes
2074 541 200 54 raffine-

261 617 191 49 ments
477 633 14 47 ;
529 632 147 51 pour
713 632 129 52 eux,
880 616 150 70 style
1066 617 264 69 français,
1369 620 149 69 style
1554 620 215 68 italien,
1808 621 148 70 style
1993 620 307 68 allemand,

261 696 133 49 tout
426 692 288 56 s'exécute
745 712 69 36 en
845 696 187 53 même
1061 697 269 67 manière,
1362 698 444 55 uniformément
1837 700 160 69 grise.
2032 700 78 53 Ils
2140 698 125 73 igno-

262 774 128 49 rent
427 787 93 37 ces
748 777 187 63 goûts
936 772 188 70 particuliers,
1162 792 91 36 ces
1291 776 204 53 allures
1531 777 491 70 caractéristiques
2059 778 143 54 dont
2238 793 61 39 se

261 848 354 55 montraient
654 851 248 69 jalouses
943 853 34 52 à
1018 857 152 50 cette
1211 854 219 69 époque
1470 854 80 54 les
1590 854 331 58 différentes
1960 856 229 53 nations
2229 856 73 53 de

261 927 292 71 l'Europe,
584 933 59 48 et
672 947 133 36 sans
832 931 243 70 lesquels
1104 931 41 53 il
1173 932 293 55 n'existait
1495 951 104 52 pas
1630 936 70 52 de
1729 933 261 71 musique
2018 952 146 52 pour
2192 951 107 37 nos

261 1006 179 71 pères.
484 1006 154 54 lisse
675 1007 231 70 placent
945 1026 97 34 sur
1079 1009 52 54 le
1170 1009 212 54 terrain
1421 1012 72 52 de
1531 1012 279 67 l'absolu;
1852 1011 66 54 ils
1957 1030 71 35 ne
2067 1012 233 53 veulent

261 1083 167 71 point
461 1087 357 53 reconnaître
851 1105 112 52 que
995 1087 133 53 l'art
1160 1088 239 53 musical
1432 1092 69 52 de
1534 1107 63 36 ce
1630 1094 189 67 temps
1851 1092 171 52 vécut
2056 1092 70 53 de
2161 1091 112 53 rela-

264 1162 169 53 tivité
471 1168 59 48 et
568 1166 71 52 de
676 1163 349 71 contigence,
1065 1169 57 50 et
1159 1167 171 68 qu'en
1366 1167 52 53 le
1454 1169 270 68 séparant
1761 1169 99 52 des
1895 1168 208 53 formes
2139 1167 129 54 habi-

264 1241 202 54 tuelles
497 1243 71 52 de
597 1260 64 35 sa
689 1242 329 54 réalisation
1047 1262 145 36 nous
1219 1244 82 54 lui
1330 1246 268 53 enlevons
1627 1263 103 36 son
1759 1247 148 53 éclat
1937 1252 57 48 et
2023 1263 64 37 sa
2115 1246 109 54 vie.

375 1318 51 53 Il
450 1324 88 49 est
563 1319 124 54 vrai
711 1321 288 69 d'ajouter
1023 1340 111 50 que
1173 1340 62 35 ce
1272 1323 152 69 parti
1477 1323 117 70 pris
1653 1341 34 35 a
1733 1323 128 71 plus
1908 1326 171 53 d'une
2112 1323 152 55 excel-

262 1395 155 56 lente
480 1415 223 38 excuse.
781 1401 121 52 Nos
964 1399 308 55 traditions
1346 1401 411 69 romantiques,
1820 1403 79 52 les
1988 1403 311 53 tendances

263 1477 71 54 de
377 1482 167 48 notre
590 1482 208 65 temps,
827 1479 70 52 de
940 1483 165 48 notre
1148 1497 164 52 pays,
1357 1497 104 36 nos
1504 1481 350 68 préférences
1899 1481 211 54 d'école
2153 1481 120 69 s'op-

262 1559 207 65 posent
511 1559 246 49 souvent
799 1557 34 52 à
874 1555 56 53 la
971 1555 250 55 solution
1263 1557 232 53 franche
1537 1559 71 52 de
1649 1575 63 36 ce
1754 1557 208 54 délicat
2008 1558 292 69 problème

266 1633 71 55 de
394 1633 133 53 l'art
587 1633 377 70 rétrospectif.
1024 1633 162 53 Ainsi
1242 1639 167 49 notre
1467 1637 248 52 sonorité
1773 1636 410 69 wagnérienne,
2243 1641 60 48 et

263 1716 168 49 notre
457 1712 281 54 habitude
766 1713 70 53 de
863 1713 57 52 la
945 1713 244 53 mélodie
1218 1716 33 50 à
1292 1713 235 71 longues
1567 1714 258 70 périodes
1853 1714 447 68 sentimentales,

264 1807 145 36 nous
451 1794 252 49 mettent
743 1807 134 36 sans
919 1807 152 37 cesse
1113 1793 143 52 dans
1297 1790 349 55 l'embarras.
1692 1793 79 52 Et
1811 1797 229 48 surtout
2082 1792 51 52 le
2173 1808 130 36 sens

264 1869 72 54 de
364 1868 401 70 l'orchestique
793 1868 100 70 qui
921 1869 230 54 domine
1180 1874 163 49 toute
1371 1869 57 54 la
1454 1870 263 69 musique
1745 1869 278 69 française
2051 1870 71 54 de
2150 1873 153 50 cette

264 1948 240 69 époque,
536 1964 145 36 nous
709 1964 251 53 manque
992 1948 361 53 totalement.
1385 1949 120 52 Nos
1534 1948 214 55 vieilles
1778 1950 203 54 danses
2011 1953 131 47 sont
2171 1947 133 53 bien

263 2029 231 50 mortes.
530 2025 91 52 En
652 2024 127 53 face
811 2027 71 52 de
913 2042 92 35 ces
1044 2043 225 37 œuvres
1300 2025 259 70 galantes
1590 2043 144 37 nous
1766 2025 212 54 faisons
2008 2043 113 36 une
2154 2023 153 56 aussi

264 2103 166 54 triste
474 2104 177 71 figure
681 2121 112 53 que
838 2104 246 53 certains
1129 2105 290 69 étrangers
1466 2107 70 52 de
1584 2105 159 68 1660,
1790 2107 145 52 dont
1978 2122 59 35 se
2095 2121 209 52 moque

263 2199 80 36 un
380 2182 147 53 abbé
568 2183 77 52 du
690 2184 183 67 grand
908 2180 164 55 siècle
1109 2187 58 49 et
1204 2182 140 69 qu'il
1380 2201 144 34 nous
1560 2188 227 48 montre
1823 2202 21 29 «
1867 2180 254 56 étourdis
2143 2182 71 53 de
2248 2180 57 54 la

263 2281 23 29 «
325 2265 280 65 prestesse
642 2262 71 53 de
748 2278 104 36 nos
889 2260 225 54 violons
1151 2260 293 71 parisiens,
1485 2263 71 53 de
1594 2263 150 52 leurs
1782 2262 222 66 chants,
2045 2262 71 52 de
2153 2259 150 53 leurs

264 2359 23 28 «
325 2339 215 53 tirades
576 2340 71 52 de
680 2339 240 53 l'archet
955 2340 33 52 à
1023 2340 222 69 chaque
1280 2340 420 68 demi-mesure,
1736 2357 75 35 ou
1847 2342 34 50 à
1914 2339 222 69 chaque
2169 2342 136 49 note

264 2437 23 29 «
324 2418 266 67 blanche,
618 2437 21 29 «
662 2422 58 48 et
743 2438 22 28 »
792 2437 21 29 «
838 2423 174 48 suant
1038 2436 140 52 sang
1204 2423 57 48 et
1288 2436 107 36 eau
1420 2436 147 52 pour
1590 2417 245 72 pouvoir
1860 2419 233 65 donner,
2120 2415 187 54 même

264 2514 23 30 «
327 2513 70 36 en
431 2495 301 68 chantant,
766 2512 64 37 ce
861 2500 375 49 mouvement
1270 2497 203 68 enjoué
1508 2502 58 48 et
1599 2495 242 55 soudain
1863 2516 41 33 ».
1940 2494 50 53 Il
2023 2511 70 35 en
2126 2511 76 35 va
2234 2493 73 53 de

264 2574 187 53 même
487 2591 200 35 encore
720 2591 148 52 pour
901 2591 145 36 nous
1080 2575 79 52 du
1193 2575 150 69 style
1378 2575 287 54 allemand
1700 2579 58 48 et
1794 2575 77 52 du
1905 2571 148 70 style
2087 2570 216 54 italien.

268 2652 75 55 Ce
381 2653 101 70 qui
518 2669 145 37 nous
701 2653 184 53 arrête
922 2653 71 52 ici
1032 2654 139 52 c'est
1208 2653 57 53 la
1302 2654 114 53 très
1454 2653 253 54 curieuse
1744 2652 286 69 répulsion
2068 2652 77 52 du
2182 2665 94 36 sen-

266 2729 212 55 timent
525 2730 246 69 français
816 2748 147 52 pour
1007 2735 164 49 toute
1218 2732 405 53 accentuation
1668 2748 80 36 un
1792 2747 112 52 peu
1948 2728 354 70 vigoureuse.

266 2809 219 71 Depuis
511 2809 343 70 longtemps,
882 2827 75 35 on
981 2809 52 53 le
1059 2810 130 68 sait,
1216 2810 80 54 les
1322 2810 201 54 efforts
1550 2812 70 53 de
1645 2814 166 48 notre
1835 2808 205 70 langue
2067 2805 240 55 tendent

266 2888 34 53 à
343 2886 363 55 uniformiser
747 2886 53 54 le
845 2886 359 70 dynamisme
1249 2889 70 53 de
1362 2888 59 53 la
1462 2888 212 71 parole,
1721 2892 57 48 et
1821 2885 58 54 la
1922 2881 386 58 déclamation

266 2966 72 54 de
365 2965 218 54 Pelléas
610 2970 107 63 est,
745 2983 74 36 au
846 2966 248 68 théâtre,
1120 2966 58 54 la
1203 2966 255 55 dernière
1485 2965 237 56 victoire
1750 2966 70 53 de
1848 2968 151 49 cette
2026 2961 282 54 tendance

267 3043 311 54 nationale.
624 3044 303 53 Comment
971 3045 287 54 s'étonner
1301 3048 71 52 de
1415 3045 126 54 voir
1581 3062 105 35 nos
1727 3041 303 55 musiciens
2073 3036 234 55 rebelles

268 3124 36 52 à
342 3121 246 54 l'accent
615 3126 23 49 ?
682 3121 78 52 Ils
799 3139 60 36 se
898 3123 361 53 conforment
1298 3121 543 56 involontairement
1881 3121 33 51 à
1955 3135 62 36 ce
2056 3116 141 70 goût
2237 3116 72 52 de

270 3200 335 71 rythmique
656 3199 329 54 uniformité
1015 3200 99 70 qui
1139 3201 210 70 permit
1399 3205 33 50 à
1481 3218 104 37 nos
1634 3201 161 69 pères
1843 3200 79 52 du
1970 3195 339 69 moyen-âge

271 3280 71 53 de
385 3278 373 53 transformer
798 3279 58 52 la
897 3279 283 53 cantilène
1222 3279 384 71 grégorienne,
1649 3278 57 52 la
1745 3274 247 56 vocalise
2035 3270 274 56 orientale

268 3375 71 37 en
375 3375 82 36 un
493 3356 329 70 syllabisme
858 3358 142 69 plat,
1038 3360 34 51 à
1108 3363 165 49 notes
1310 3359 202 71 égales.
1552 3358 90 52 En
1679 3356 319 52 entendant
2034 3368 104 35 nos
2172 3347 137 55 voix

268 3436 337 70 s'empêtrer
642 3436 143 54 dans
822 3435 80 55 les
939 3436 284 54 mélismes
1260 3438 102 69 qui
1399 3439 204 51 ornent
1640 3434 80 53 les
1758 3433 112 53 airs
1908 3433 70 53 de
2016 3429 178 66 Bach,
2233 3444 77 36 on

267 3518 142 67 peut
447 3532 60 35 se
544 3514 355 70 représenter
934 3514 338 54 l'évolution
1310 3511 313 71 accomplie
1659 3510 150 71 jadis
1847 3511 145 54 dans
2028 3523 103 37 nos
2168 3505 141 53 mai-
