2837 4132
728 1099 279 108 LE
1236 1099 625 108 MOIS

455 1475 702 107 MUSIQUE
1282 1473 758 104 MODERNE

813 1688 388 56 AUDITION
1267 1687 407 56 D'ŒUVRES

813 1790 108 53 DE
991 1789 345 53 VINCENT
1400 1786 276 54 D'INDY

814 1888 331 53 SCHOLA
1202 1884 472 56 CANTORUM

588 2119 121 41 ANS
743 2104 130 52 Mlle
907 2104 294 53 Clémence
1226 2099 227 67 Oberlé,
1477 2099 41 52 il
1550 2104 85 48 est
1668 2097 273 70 probable
1974 2113 110 53 que
2112 2100 151 49 cette

630 2182 178 54 soirée
840 2181 298 54 consacrée
1169 2184 132 48 tout
1333 2177 213 54 entière
1562 2195 115 36 aux
1693 2193 224 36 œuvres
1935 2176 69 52 de
2018 2175 245 53 Vincent

638 2261 212 69 d'lndy
880 2278 144 34 nous
1056 2260 99 52 eût
1194 2274 145 53 paru
1382 2256 247 70 quelque
1683 2273 113 50 peu
1851 2255 212 66 sévère,
2119 2251 144 55 mais

633 2339 104 53 elle
780 2344 113 61 sut,
939 2355 70 34 en
1053 2335 280 54 véritable
1377 2334 218 67 artiste,
1629 2331 434 70 communiquer
2082 2330 57 52 la
2171 2330 91 53 vie

634 2417 34 52 à
718 2417 98 52 des
865 2414 409 71 compositions
1324 2412 100 70 qui
1486 2410 267 71 jusqu'ici
1816 2410 153 53 m'en
2031 2407 231 54 avaient

225 2497 215 53 semblé
506 2514 155 36 assez
743 2495 343 70 dépourvus.
1161 2492 180 70 Après
1422 2508 111 36 une
1616 2487 439 71 interprétation
2139 2486 92 52 fou-

225 2593 211 52 gueuse
506 2581 57 46 et
634 2572 351 70 intelligente
1056 2572 68 52 de
1162 2571 59 52 la
1528 2585 146 53 pour
1711 2566 192 53 violon
1941 2570 58 48 et
2068 2563 192 70 piano,

228 2652 131 54 Mlle
389 2652 206 55 Oberlé
625 2669 144 35 nous
799 2651 69 52 fit
898 2650 273 53 entendre
1187 2649 80 52 les
1284 2647 286 54 Tableaux
1601 2645 63 53 de
1693 2661 219 51 voyage.
1945 2642 115 69 J'ai
2090 2641 138 52 beau-

225 2749 149 53 coup
421 2731 172 70 goûté
639 2730 277 53 certaines
963 2727 212 71 parties
1222 2727 71 54 de
1338 2730 153 49 cette
1538 2740 195 37 œuvre
1761 2743 10 31 :
1820 2722 209 66 Certes,
2076 2720 40 52 il
2159 2718 101 70 n'y

228 2810 125 53 faut
389 2828 104 52 pas
529 2809 266 53 chercher
831 2809 98 52 des
964 2805 365 71 impressions
1364 2805 71 52 de
1470 2802 152 70 plein
1659 2801 100 66 air,
1797 2801 70 52 de
1900 2797 252 67 lumière,
2190 2797 70 53 de

225 2905 253 52 paysage
508 2908 14 47 ;
563 2887 70 54 de
670 2886 186 52 même
896 2901 111 52 que
1044 2885 57 51 la
1140 2900 113 36 vue
1278 2882 98 54 des
1402 2885 338 63 montagnes
1764 2878 52 53 le
1842 2876 190 53 faisait
2058 2890 200 53 songer

226 2967 36 51 à
290 2966 223 66 Weber,
545 2965 69 53 de
642 2965 185 51 même
855 2962 71 52 ici
954 2962 245 54 Vincent
1228 2960 213 68 d'lndy
1468 2974 144 37 nous
1640 2956 107 52 fait
1775 2960 130 64 part
1933 2971 115 34 non
2078 2952 69 53 de
2175 2967 87 37 ses

226 3044 338 66 sensations,
602 3041 144 53 mais
785 3042 70 52 de
891 3058 86 35 ses
1014 3040 235 70 pensées
1286 3044 57 47 et
1381 3038 70 53 de
1488 3052 86 37 ses
1611 3033 240 54 rêveries
1888 3050 69 35 en
1993 3031 267 70 présence

228 3122 100 54 des
369 3122 298 54 différents
718 3124 225 64 aspects
982 3135 112 52 que
1132 3117 80 54 lui
1251 3116 144 53 offre
1433 3115 57 52 la
1527 3117 221 48 nature.
1791 3111 230 53 Chacun
2062 3108 69 52 de
2170 3122 91 37 ces

225 3200 177 70 petits
454 3200 272 53 tableaux
779 3196 263 71 (puisque
1093 3195 271 53 tableaux
1414 3192 41 53 il
1503 3211 39 54 y
1592 3192 54 65 a)
1700 3193 86 50 est
1836 3187 428 70 régulièrement

225 3278 301 67 construit,
558 3276 286 53 l'écriture
874 3292 70 35 en
974 3278 87 49 est
1090 3275 114 52 très
1234 3273 395 63 intéressante,
1645 3273 57 47 et
1731 3284 74 36 on
1834 3285 40 51 y
1903 3271 203 47 trouve
2134 3278 96 54 par-

225 3356 108 53 fois
357 3375 80 36 un
463 3374 111 53 peu
601 3356 70 52 de
698 3358 149 49 cette
873 3352 255 53 émotion
1154 3351 100 70 qui
1281 3350 187 53 anime
1494 3347 51 53 le
1569 3346 197 54 Poème
1791 3346 90 51 des
1907 3345 351 64 Montagnes.

225 3435 197 53 L'âme
458 3436 69 52 de
562 3433 167 54 César
762 3431 225 53 Franck
1019 3431 215 52 semble
1265 3430 200 68 planer
1498 3441 95 37 sur
1625 3425 51 52 le
1712 3439 27 36 IERI
1742 3435 43 24 ER
1816 3426 251 66 quatuor
2100 3436 91 51 op.
2228 3431 33 56 7

225 3513 100 69 qui
359 3530 146 37 nous
539 3512 91 54 fut
665 3511 133 70 joué
833 3526 139 36 avec
1007 3508 232 54 chaleur
1272 3524 105 52 par
1411 3503 132 55 Mlle
1580 3501 223 67 Oberlé,
1839 3501 136 52 MM.
2015 3497 242 66 Bâillon,

225 3592 433 54 Derenaucourt
706 3595 59 48 et
812 3587 385 55 Tkaltchitch.
1250 3587 75 52 M.
1377 3585 431 52 Derenaucourt
1856 3579 67 53 fit
1971 3576 181 54 valoir
2200 3573 56 53 la
