2837 4132
593 1183 168 96 La
837 1183 389 96 Schola
1302 1183 592 96 Cantorum

593 1394 105 83 et
789 1381 99 96 le
990 1381 299 123 Style
1378 1383 132 94 de
1592 1383 304 94 Bach

590 1876 39 38 A
630 1860 32 26 r
666 1860 202 54 Schola
905 1861 147 52 n'est
1089 1858 127 70 plus
1251 1858 151 54 seule
1439 1857 365 70 aujourd'hui
1839 1860 35 52 à

633 1938 255 52 honneur
935 1937 80 52 les
1063 1936 171 53 vieux
1288 1936 233 52 maîtres
1582 1936 69 53 de
1719 1935 57 52 la
1842 1935 275 69 musique.
2170 1937 115 52 Des

632 2015 345 67 fondations,
1028 2013 336 55 dessociétés
1406 2013 252 54 naissent
1697 2015 70 53 de
1800 2017 190 48 toutes
2037 2017 150 65 part,
2225 2020 59 47 et

630 2092 358 70 s'emploient
1011 2095 70 52 de
1101 2092 121 53 leur
1258 2091 191 53 mieux
1474 2093 34 51 à
1540 2091 138 52 faire
1702 2090 220 54 revivre
1945 2090 78 53 les
2063 2109 222 35 œuvres

632 2170 265 54 oubliées.
944 2170 143 53 Mais
1117 2170 57 52 la
1856 2168 199 54 Schola
1458 2173 148 49 reste
1654 2168 262 69 toujours
1961 2167 56 53 la
2064 2168 221 54 maison

263 2250 170 65 mère,
470 2246 136 55 celle
647 2248 99 70 qui
780 2265 34 36 a
851 2248 292 70 provoqué
1189 2246 52 53 le
1288 2263 325 37 renouveau
1663 2246 70 54 de
1781 2245 132 52 l'art
2227 2250 58 50 et

262 2326 77 53 l'a
390 2326 179 51 rendu
621 2325 262 70 possible.
940 2326 125 53 Rue
1117 2324 438 68 Saint-Jacques
1609 2339 63 36 ce
1722 2339 72 36 ne
1838 2326 131 50 sont
2007 2321 166 70 point
2213 2324 70 52 de

263 2403 229 69 simples
529 2403 291 54 auditeurs
855 2403 100 69 qui
990 2420 59 36 se
1085 2401 390 68 rassemblent,
1512 2400 143 53 mais
1692 2400 98 53 des
1825 2399 207 54 fidèles.
2073 2400 95 67 Et,
2211 2417 70 36 en

263 2480 179 55 vérité
470 2498 144 35 nous
643 2498 178 37 avons
850 2480 198 53 assisté
1076 2479 39 53 il
1143 2498 40 52 y
1211 2497 34 35 a
1273 2479 272 70 quelques
1571 2478 155 69 jours
1755 2495 69 36 en
1852 2481 151 49 cette
2030 2476 251 70 chapelle

265 2560 97 53 des
389 2558 363 54 Bénédictins
779 2558 214 69 anglais
1020 2559 34 52 à
1079 2558 57 52 la
1161 2555 344 55 célébration
1532 2556 170 54 d'une
1726 2572 181 35 messe
1935 2554 160 68 (J.-S.
2124 2555 159 52 Bach

263 2635 178 67 fecit),
472 2638 34 50 à
534 2635 241 70 laquelle
803 2653 71 35 ne
903 2634 300 71 manquait
1234 2652 110 52 que
1371 2634 52 53 le
1452 2633 246 69 mystère
1719 2630 320 70 liturgique.
2051 2631 232 54 Comme

263 2716 33 51 à
337 2714 315 68 Bayreuth,
691 2713 41 53 il
770 2714 169 68 règne
977 2711 72 54 ici
1087 2729 112 36 une
1240 2710 359 70 atmosphère
1640 2710 70 52 de
1748 2707 218 70 gravité
2006 2706 275 55 recueillie

262 2808 112 53 que
403 2791 52 52 le
482 2790 193 69 public
703 2790 274 55 mondain
1006 2807 73 36 ne
1105 2789 266 70 parvient
1399 2805 104 54 pas
1533 2789 33 52 à
1597 2786 264 66 détruire,
1893 2789 57 48 et
1979 2785 34 52 à
2041 2784 239 69 laquelle

263 2887 74 35 au
380 2869 279 53 contraire
701 2887 79 35 un
822 2887 112 50 peu
977 2869 71 53 de
1090 2866 283 55 snobisme
1415 2866 160 70 prête
1616 2862 216 70 l'appui
1874 2864 69 52 de
1984 2880 65 34 sa
2093 2862 187 54 bonne

261 2945 250 55 volonté.

372 3025 284 52 Personne
693 3022 128 70 plus
860 3041 111 51 que
1009 3022 134 68 moi,
1184 3021 173 55 vieux
1395 3020 264 54 scholiste
1696 3019 71 53 de
1808 3017 156 69 1895,
2004 3016 276 55 n'admire

259 3101 238 53 l'œuvre
529 3100 308 70 entreprise
868 3105 58 48 et
957 3101 195 52 menée
1183 3100 34 53 à
1246 3099 132 53 bien
1409 3114 104 53 par
1545 3096 133 52 MM.
1714 3095 213 52 Bordes
1957 3097 59 49 et
2046 3092 228 70 d'Indy.

261 3180 78 52 Et
372 3177 376 71 précisément
781 3195 281 52 parcoque
1095 3176 100 70 j'ai
1228 3176 79 53 foi
1343 3175 212 53 entière
1589 3175 142 52 dans
1764 3172 56 51 la
1852 3170 231 52 mission
2117 3170 135 52 artis-

259 3256 160 70 tique
456 3257 70 52 de
563 3255 56 53 la
1056 3256 218 66 Schola,
910 3256 54 69 je
1002 3256 279 53 demande
1317 3256 35 51 à
1388 3250 267 56 formuler
1691 3248 269 69 quelques
1997 3246 284 70 critiques,

266 3351 75 36 ou
374 3334 193 69 plutôt
600 3334 270 68 quelques
905 3335 203 52 doutes
1143 3331 99 57 oui
1275 3331 185 53 m'ont
1493 3331 242 50 souvent
1769 3323 205 54 assailli
2008 3341 75 36 au
2120 3340 163 38 cours

258 3415 70 52 de
364 3417 151 47 cette
549 3411 187 53 saison
771 3411 267 55 dernière.
2217 3403 12 13 '
2261 3421 30 48 1
