2837 4132
748 3752 56 34 VI

1907 368 42 14 mm

949 877 275 66 Newton
1295 873 236 68 Center
1600 871 187 65 Mass
1859 868 100 83 (U.
1989 867 63 67 S.
2079 862 98 91 A.)

842 1205 86 54 La
1001 1196 356 57 WA-WAN
1440 1192 243 57 PRESS
1759 1195 89 49 est
1926 1205 116 38 une
2118 1183 323 73 entreprise

692 1284 297 72 organisée
1070 1284 61 48 et
1209 1276 214 70 dirigée
1496 1290 107 55 par
1674 1272 101 53 des
1863 1267 423 71 compositeurs
2366 1263 72 55 de

691 1362 268 70 musique
987 1381 12 47 ;
1068 1375 107 37 son
1239 1355 164 70 objet
1467 1356 89 51 est
1629 1351 73 53 de
1761 1348 145 54 faire
1973 1350 303 50 connaître
2333 1360 106 53 par

691 1442 266 55 l'édition
1016 1442 58 51 et
1125 1454 105 53 par
1291 1433 83 54 les
1427 1435 264 50 concerts
1750 1428 81 54 les
1890 1444 229 36 œuvres
2173 1425 81 53 les
2307 1422 132 71 plus

691 1520 327 72 originales,
1074 1515 299 56 nouvelles
1435 1517 61 49 et
1558 1510 231 67 solides,
1853 1508 101 55 des
2015 1503 426 73 compositeurs

691 1600 363 66 américains,
1088 1610 221 39 connus
1346 1610 75 36 ou
1454 1591 307 65 inconnus,
1798 1592 60 48 et
1901 1585 540 72 particulièrement

692 1681 168 53 celles
951 1679 100 71 qui
1133 1672 337 73 s'inspirent
1557 1670 82 54 du
1721 1668 181 54 chant
1985 1662 303 75 populaire
2367 1661 72 53 de

689 1759 378 71 l'Amérique.

692 2000 366 101 DERNIÈRES
1106 2010 462 89 PUBLICATIONS
1622 2010 83 81 DE
1759 2007 86 82 LA
1898 2002 295 84 WA-WAN
2239 1997 200 87 PRESS

879 2203 332 67 John
1356 2199 50 65 B
1462 2195 47 70 E
1566 2197 51 64 A
1671 2195 45 64 C
1777 2194 49 65 fl

695 2352 172 49 New
904 2350 310 47 Orléans
1251 2344 458 52 Miniatures,
1764 2338 77 48 six
1895 2334 246 65 esquisses

825 2435 130 49 pour
978 2419 169 63 piano,
2046 2423 65 32 ne
2113 2410 22 43 t
2205 2408 30 58 $
2310 2416 129 35 i.oo

882 2566 341 66 Arthur
1316 2559 513 68 FARWELL

695 2712 492 60 Impressions
1225 2710 88 48 oT
1347 2710 123 45 tfoe
1509 2705 375 50 Wa-Wan
1925 2702 212 48 Cere-

829 2797 248 46 mony,
1116 2780 114 50 huit
1274 2780 245 48 tableaux
1552 2792 129 47 pour
1719 2776 169 63 piano,
1928 2772 214 64 inspirés

825 2871 93 48 par
940 2856 71 47 les
1032 2852 242 50 mélodies
1298 2852 86 48 des
1407 2851 201 47 Omaha
1609 2866 20 16 17
1637 2888 13 19 ,
1676 2886 29 10 ..
1779 2885 29 10 ..
1883 2884 29 10 ..
1989 2849 148 44 ..net
2205 2847 30 57 $
2309 2855 130 34 i.oo

885 2990 254 66 Nohle
1215 2985 115 69 W.
1406 2983 429 68 KREIDER

696 3138 327 53 Ballade,
1063 3147 129 48 pour
1228 3130 169 64 piano,
1473 3166 32 10 ..
1566 3164 40 11 ...
1677 3163 30 12 ..
2051 3126 89 45 net
2210 3126 30 59 $
2314 3134 131 37 1.00

881 3281 299 68 Caroline
1225 3279 226 66 Holme
1492 3274 351 68 WALKER

693 3429 236 48 When
995 3427 125 47 the
1186 3426 164 47 dew
1408 3421 64 48 is
1534 3418 292 60 falling-,
1883 3416 156 49 chant
2095 3417 54 45 et

827 3497 168 64 piano,
1037 3496 181 62 poème
1260 3493 62 49 de
1356 3492 172 47 FIONA
1561 3490 275 55 MACLEOD,
1881 3525 29 12 ..
1984 3525 30 10 ..
2053 3491 88 43 net
2210 3491 30 57 $
2311 3497 134 46 0.40
