2837 4132
2274 404 0 0 411

1135 364 65 35 LE
1237 364 124 35 MOIS

218 505 303 69 dépourvu
557 506 72 53 de
665 511 167 48 toute
869 506 344 70 inspiration
1250 510 59 49 et
1349 506 69 54 de
1455 503 385 73 spontanéité,
1879 502 41 52 il
1956 518 71 36 ne
2065 498 208 56 réussit

217 582 140 70 qu'à
404 582 122 55 être
570 583 178 54 banal
794 588 58 50 et
898 585 142 69 plat.
1091 585 254 53 Voulant
1398 585 217 53 donner
1662 583 70 54 de
1778 579 301 70 l'ampleur
2126 578 34 52 à
2208 593 65 37 sa

216 661 228 71 phrase,
472 661 41 53 il
537 662 57 53 la
620 663 143 54 rend
790 662 208 55 diffuse
1037 667 59 50 et
1135 663 235 70 prolixe.
1413 663 101 54 Ses
1552 662 258 70 rythmes
1836 659 141 70 qu'il
2001 654 272 58 voudrait

216 741 246 68 pouvoir
499 742 273 53 marteler
809 759 223 36 comme
1070 725 233 87 d'îndy,
1341 746 133 49 sont
1512 741 267 70 grossiers
1816 743 60 49 et
1912 737 119 55 mal
2066 752 203 38 venus.

216 818 101 55 Ses
358 818 326 54 harmonies
726 819 76 54 où
843 819 42 53 il
924 819 215 54 semble
1180 819 216 70 parfois
1435 818 225 54 vouloir

214 901 136 48 sont
381 902 270 65 pesantes
683 902 61 48 et
776 898 246 54 dénuées
1055 898 70 54 de
1157 903 132 49 tout
1319 898 229 52 intérêt.

326 976 78 52 M.
439 976 216 52 Parent
687 976 102 68 qui
819 976 314 68 s'efforçait
1166 977 70 52 de
1266 992 269 52 masquer
1563 974 59 54 la
1650 972 334 54 monotonie
2015 972 70 53 de
2116 974 155 50 cette

214 1071 202 35 œuvre
446 1071 108 52 par
582 1054 191 54 l'éclat
805 1060 57 48 et
893 1054 57 52 la
979 1054 232 55 chaleur
1242 1056 68 53 de
1340 1072 106 36 son
1476 1054 96 69 jeu
1601 1053 98 53 n'a
1727 1070 104 52 pas
1862 1051 176 53 réussi
2069 1051 35 52 à
2135 1049 137 54 tirer

213 1131 52 53 le
293 1131 198 71 public
523 1132 70 53 de
622 1150 106 35 son
757 1132 400 70 impassibilité
1186 1132 375 53 somnolente.

325 1209 80 54 Le
430 1209 124 54 seul
579 1214 263 49 moment
869 1211 264 69 agréable
1159 1212 70 52 de
1255 1211 57 52 la
1336 1211 176 52 soirée
1540 1209 91 54 fut
1657 1208 146 53 celui
1829 1208 75 52 où
1930 1206 132 53 Mlle
2088 1204 181 54 Villot

213 1287 131 53 vint
402 1305 146 36 nous
606 1288 123 53 dire
782 1288 117 53 fort
955 1288 263 70 joliment
1283 1288 141 53 trois
1487 1287 348 54 ravissantes
1877 1283 270 55 mélodies
2193 1283 73 53 de

213 1364 102 55 Ch.
352 1367 238 67 Bordes,
623 1383 63 36 ce
717 1366 99 69 qui
847 1366 80 53 lui
959 1367 165 52 valut
1156 1367 69 53 de
1256 1366 343 53 chaleureux
1615 1363 576 71 applaudissements.

324 1444 134 52 Mlle
517 1446 226 52 Marthe
800 1446 163 52 Dron
1018 1444 319 70 interpréta
1393 1443 222 53 ensuite
1672 1442 273 70 quelques
2009 1441 255 52 récentes

212 1523 415 70 compositions
673 1524 70 52 de
786 1523 235 53 Florent
1065 1523 252 55 Schmitt
1361 1523 275 53 extraites
1680 1522 70 52 de
1794 1521 190 53 divers
2027 1517 239 53 recueils

211 1618 148 52 pour
395 1602 174 68 piano
597 1602 103 52 :le
738 1602 176 52 chant
954 1602 69 52 de
1930 1602 89 52 l'A
2127 1602 116 67 nio,
1826 1603 108 48 etc.
1954 1595 279 72 Quelques-

209 1696 143 37 unes
397 1681 70 52 de
513 1696 91 35 ces
649 1679 188 70 pièces
881 1679 130 52 font
1054 1697 215 51 preuve
1314 1679 173 52 d'une
1530 1675 342 72 inspiration
1918 1674 242 54 délicate
2205 1677 58 48 et

211 1757 293 70 poétique,
550 1758 148 53 mais
739 1762 133 48 sont
914 1758 337 52 néanmoins
1293 1758 115 52 très
1449 1757 117 52 loin
1609 1755 221 54 d'offrir
1869 1752 254 54 l'intérêt
2164 1750 99 54 des

208 1835 387 70 magnifiques
626 1835 199 54 envois
856 1837 70 52 de
959 1837 183 52 Rome
1172 1837 267 52 exécutés
1469 1835 366 54 récemment.

322 1914 84 54 La
441 1914 229 54 ballade
706 1915 33 51 à
775 1914 132 69 cinq
941 1913 137 53 voix
1705 1915 369 53 La
2075 1913 198 53 tde
1812 1912 75 52 M.
1925 1910 65 52 L.
2029 1909 70 53 de
2136 1908 96 53 Crè-

208 2009 235 36 vecœur
456 1992 334 53 introduisit
805 1993 441 52 heureusement
1260 2009 113 36 une
1407 1997 137 48 note
1584 1990 124 72 gaie
1751 1990 142 54 dans
1948 2006 62 34 ce
2064 2003 199 36 morne

207 2074 249 50 concert.
493 2069 163 55 Voici
691 2072 34 52 à
758 2088 116 51 peu
905 2070 130 69 près
1068 2069 52 53 le
1153 2070 142 54 fond
1330 2070 77 54 du
1443 2070 202 70 poème
1671 2088 10 33 :
1719 2069 80 51 Le
1831 2065 249 71 guerrier
2116 2063 108 53 Kul-

206 2147 172 68 leroo,
424 2153 240 65 partant
705 2166 148 52 pour
893 2148 58 53 la
992 2166 217 53 guerre,
1255 2148 86 55 dit
1384 2149 36 51 à
1449 2164 105 36 son
1596 2148 150 68 père.
1792 2166 23 28 «
1839 2145 47 54 O
1930 2161 139 36 mon
2108 2143 156 68 père,

206 2244 94 36 me
345 2232 521 64 regretterez-vous
910 2228 200 68 quand
1152 2228 57 68 je
1253 2227 146 53 serai
1443 2230 153 50 mort
1642 2230 58 49 et
1745 2242 113 52 que
1901 2223 80 53 les
2027 2222 233 53 oiseaux

204 2322 94 35 me
319 2305 299 52 baiseront
639 2304 80 55 les
740 2323 154 52 yeux
917 2305 70 54 de
1008 2304 150 55 leurs
1180 2305 179 69 petits
1378 2305 134 52 becs
1526 2304 234 70 pointus
1782 2307 23 48 ?
1907 2302 132 52 Non
2062 2303 198 62 certes,

206 2384 221 70 répond
458 2384 52 53 le
546 2385 151 68 père,
734 2402 98 35 car
865 2384 100 69 j'ai
1002 2385 254 52 d'autres
1291 2384 230 53 enfants
1537 2383 402 70 qui...—Fort
1954 2379 134 53 bien
2121 2393 139 37 mon

204 2463 135 68 père
449 2467 116 62 ,et
601 2479 144 36 vous
782 2479 120 36 mes
937 2462 174 53 frères
1250 2463 78 53 Et
1364 2479 146 36 vous
1544 2478 121 37 mes
1700 2476 181 36 sœurs
2019 2460 59 49 et
2113 2470 145 37 vous

202 2557 99 35 ma
345 2540 173 68 mère,
568 2558 92 34 me
706 2545 514 65 regretterez-vous
1267 2542 200 68 quand
1511 2540 80 54 les
1637 2539 382 65 oiseaux,etc.
2046 2533 142 70 ».Çà
2224 2549 34 36 a

204 2619 141 52 duré
380 2637 80 34 un
475 2619 148 69 petit
659 2624 173 64 quart
871 2619 253 67 d'heure,
1159 2619 287 53 vraiment
1482 2637 76 35 on
1592 2636 70 35 ne
1698 2618 136 52 s'est
1869 2630 103 54 pas
2008 2610 246 69 ennuyé.

204 2695 154 54 Pour
387 2713 71 36 ne
488 2714 104 51 pas
622 2697 227 53 tomber
879 2698 143 52 dans
1050 2697 53 53 le
1133 2697 236 53 ridicule
1398 2698 41 52 il
1467 2698 100 52 eût
1596 2695 141 54 fallu
1766 2709 112 54 que
1905 2691 57 53 la
1990 2688 265 68 musique

201 2774 278 53 traduisît
512 2774 53 53 le
598 2777 287 50 caractère
921 2775 252 70 étrange,
1210 2793 252 52 sauvage
1497 2779 57 50 et
1590 2773 270 67 exotique
1895 2770 70 52 de
1996 2766 261 70 l'épopée

199 2851 234 68 indoue,
460 2853 144 52 mais
632 2853 54 52 le
716 2854 205 67 poème
951 2854 70 52 de
1049 2855 76 51 M.
1158 2855 69 52 de
1244 2854 356 66 Crèvecœur,
1617 2850 218 71 gauche
1852 2851 57 50 et
1924 2843 334 68 maladroit,

201 2930 208 54 n'offre
461 2948 189 36 aucun
701 2931 211 53 intérêt
965 2933 239 52 musical
1257 2938 60 47 et
1371 2929 367 72 exprimerait
1792 2925 151 55 aussi
1994 2923 133 53 bien
2175 2921 82 52 les

203 3008 210 53 adieux
451 3009 138 52 d'un
623 3025 223 54 paysan
881 3014 240 65 partant
1158 3028 76 36 au
1270 3010 278 71 régiment
1586 3024 112 54 que
1732 3022 144 36 ceux
1916 3003 139 53 d'un
2092 2999 163 52 héros

199 3086 73 52 de
307 3085 301 55 Kalevala.

311 3165 80 52 Le
414 3170 231 49 concert
668 3165 248 54 finissait
938 3184 107 51 par
1067 3166 52 54 le
1142 3166 335 55 redoutable
1506 3166 58 54 II
1572 3180 18 22 e
1609 3168 250 66 quatuor
1886 3161 68 52 de
1965 3154 289 57 Malherbe

198 3241 71 70 Je
308 3260 73 36 ne
420 3260 93 36 me
551 3244 338 68 permettrai
927 3262 104 52 pas
1072 3245 70 54 de
1180 3245 162 70 juger
1379 3245 53 54 le
1474 3244 143 55 fond
1661 3243 170 52 d'une
1876 3232 378 73 composition

198 3320 154 53 aussi
396 3325 243 48 savante
683 3325 57 50 et
785 3321 151 52 aussi
979 3324 358 68 compliquée
1361 3344 14 46 ;
1420 3338 146 54 pour
1608 3320 120 53 cela
1772 3318 40 53 il
1858 3318 170 53 serait
2081 3309 145 54 indis-

197 3399 273 68 pensable
515 3400 70 52 de
629 3400 317 53 l'entendre
963 3401 283 70 plusieurs
1261 3403 108 52 fois
1385 3406 60 49 et
1459 3401 235 69 j'avoue
1726 3395 399 56 franchement
2140 3405 113 55 que

194 3476 56 70 je
284 3494 71 36 ne
372 3479 151 51 m'en
556 3494 130 37 sens
714 3495 104 52 pas
849 3478 51 54 le
935 3497 259 53 courage.
1229 3480 170 53 Aussi
1437 3479 56 70 je
1535 3478 122 71 prie
1697 3476 52 52 le
1761 3475 214 55 lecteur
1990 3476 69 54 de
2074 3466 150 59 consi-

195 3555 162 52 dérer
400 3555 115 55 ceci
559 3572 222 36 comme
823 3574 112 37 une
978 3556 336 71 impression
1363 3555 351 72 personnelle
1764 3558 58 50 et
1869 3572 116 35 non
2033 3563 221 39 comme
