2837 4132
590 344 381 46 L'HUMANISME
992 357 234 36 MUSICAL
1247 358 72 33 EN
1343 357 210 36 FRANCE
1569 357 73 34 AU
1666 357 92 33 XVI
1762 355 18 20 E
1804 343 179 47 SIÈCLE

2227 356 94 47 353

257 498 217 55 Tandis
520 499 285 70 qu'avant
864 503 81 54 lui
1004 503 80 54 les
1143 510 234 48 auteurs
1438 505 68 53 de
1567 521 130 37 vers
1764 505 252 52 mesurés
2074 502 248 69 français

257 576 269 56 s'étaient
560 577 211 56 bornés
807 582 34 51 à
877 600 297 52 composer
1209 583 98 54 des
1343 583 382 68 hexamètres,
1762 583 99 54 des
1898 582 279 70 distiques
2213 581 80 53 élé-

259 654 235 71 giaques
534 675 75 35 ou
649 662 132 50 tout
818 677 75 37 au
925 661 128 70 plus
1089 662 99 53 des
1218 680 128 35 vers
1379 659 326 73 saphiques,
1739 661 152 67 Baïf,
1913 666 228 48 surtout
2176 661 143 53 dans

259 751 87 37 ses
381 736 276 53 Psaumes
689 742 58 47 et
780 738 144 54 dans
955 757 88 36 ses
1077 739 478 68 Chansonnettes,
1588 741 268 70 employa
1890 739 80 54 les
2004 739 211 54 formes
2248 739 70 54 de

258 830 128 36 vers
414 813 82 55 les
523 814 130 70 plus
682 817 239 69 variées,
953 818 141 70 qu'il
1123 819 287 53 diversifia
1439 837 201 35 encore
1668 837 105 51 par
1800 819 216 70 l'usage
2050 819 267 69 fréquent

258 891 98 55 des
391 897 171 66 types
597 896 412 71 cataîectiques
1047 899 98 67 (i).
1185 899 76 51 Et
1297 898 41 52 il
1372 898 189 54 réunit
1598 916 91 36 ces
1724 916 129 36 vers
1889 916 75 36 ou
2244 915 71 35 en

256 987 243 53 groupes
864 972 235 70 dikôles,
1444 976 285 53 trikôles...
2108 982 112 61 etc.,
1332 977 254 52 formant
1642 976 144 53 ainsi
1829 976 70 53 de
1947 977 368 52 nombreuses

257 1051 423 54 combinaisons
732 1054 366 70 strophiques
1151 1056 142 52 dont
1345 1056 441 68 quelques-unes
1837 1056 320 68 paraissent
2195 1056 120 52 être

257 1129 70 52 de
357 1146 65 35 sa
452 1131 273 54 création.
761 1133 171 52 Enfin
964 1133 40 52 il
1034 1134 251 69 s'essaya
1316 1134 170 66 aussi,
1519 1151 70 36 en
1621 1133 263 70 joignant
1917 1134 189 53 divers
2143 1138 170 65 types

257 1207 70 53 de
377 1209 285 70 strophes,
714 1212 34 51 à
798 1211 56 52 la
903 1213 215 69 grande
1169 1213 108 52 ode
1326 1212 224 70 lyrique
1574 1232 23 28 «
1633 1230 105 52 par
1764 1212 197 67 strofe,
1988 1212 324 67 antistrofe,

256 1286 182 69 épôde
476 1316 23 28 »
559 1289 79 68 (2)
695 1291 330 68 expression
1059 1291 254 53 dernière
1368 1296 58 48 et
1480 1291 247 69 parfaite
1769 1291 78 53 du
1891 1291 233 69 lyrisme
2154 1291 159 53 selon

256 1364 222 71 l'esprit
512 1366 70 54 de
615 1367 350 71 l'antiquité.

366 1444 90 55 On
483 1451 141 64 peut
653 1446 118 54 dire
798 1465 110 52 que
936 1465 90 35 ces
1053 1448 172 52 essais
1252 1447 210 67 furent,
1491 1465 69 34 en
1588 1447 242 70 général,
1860 1448 116 52 mal
2026 1447 284 54 accueillis

256 1522 78 53 du
361 1523 194 70 public
586 1527 96 65 (3).
715 1526 78 52 Ils
819 1526 295 53 obtinrent
1142 1543 132 35 sans
1302 1527 175 52 doute
1504 1526 80 52 les
1611 1524 278 71 suffrages
1918 1527 69 52 de
2035 1527 274 68 quelques

254 1601 198 53 lettrés
498 1603 438 53 enthousiastes.
984 1603 322 69 Vauquelin
1354 1604 69 52 de
1467 1603 56 52 la
1569 1604 283 69 Fresnaye
1899 1604 76 69 (4)
2023 1604 157 69 parle
2230 1604 79 52 du

267 1697 310 53 courageux
963 1700 117 35 oser
757 1682 70 53 de
865 1683 149 67 Baïf,
1054 1688 59 47 et
1148 1700 202 35 encore
1387 1700 104 35 son
1529 1682 159 70 éloge
1725 1682 239 53 vise-t-il
2002 1687 211 48 autant
2251 1682 57 53 la

254 1759 242 54 réforme
541 1761 270 53 musicale
855 1778 110 52 que
1010 1762 56 51 la
1109 1762 188 68 poésie
1341 1762 271 52 mesurée.
1660 1761 212 53 Claude
1918 1762 256 52 Fauchet
2227 1762 78 66 (5)

254 1837 148 53 tient
446 1838 34 52 à
525 1838 157 55 aider
725 1841 69 50 de
837 1857 88 34 ses
968 1844 505 65 encouragements
1518 1860 20 26 «
1561 1856 144 35 ceux
1749 1839 98 69 qui
1891 1838 332 53 travaillent
2275 1839 33 52 à

254 1915 259 54 embellir
557 1923 166 47 notre
769 1918 205 70 langue
1021 1918 323 67 Françoise,
1393 1923 56 47 et
1496 1918 322 52 conformer
1862 1917 286 53 l'écriture
2181 1918 33 51 à
2252 1917 57 53 la

253 1995 460 69 prononciation,
771 2015 75 34 ou
903 1997 273 52 reformer
1231 1997 56 52 la
1341 1995 191 70 poésie
1588 1994 305 70 Françoise
1948 1995 158 53 selon
2173 1997 135 52 l'art

253 2073 269 71 pratiqué
565 2092 70 36 en
677 2076 56 52 la
776 2093 224 36 mesure
1043 2076 99 53 des
1185 2076 249 68 syllabes
1476 2079 58 49 et
1576 2074 163 70 pieds
1781 2092 105 52 par
1928 2074 81 52 les
2042 2074 174 54 Grecs
2248 2079 59 49 et

254 2152 278 54 Romains
560 2175 10 31 :
621 2171 225 37 comme
893 2154 108 52 fait
1049 2154 148 68 Jean
1245 2154 251 52 Antoine
1527 2154 70 52 de
1626 2153 151 67 Baïf,
1806 2154 169 69 poète
2014 2153 291 69 François,

250 2236 364 63 tressçavant
654 2233 60 52 ès
758 2232 237 71 langues
1037 2251 242 52 grecque
1322 2238 57 47 et
1420 2232 179 53 latine
1623 2252 38 32 ».
1707 2232 239 54 Scévole
1988 2232 70 52 de
2084 2232 221 53 Sainte-

252 2310 227 54 Marthe
512 2310 222 55 déclare
772 2330 113 52 que
918 2312 141 53 c'est
1091 2330 113 34 une
1237 2310 315 70 entreprise
1584 2331 22 28 «
1630 2316 133 48 tout
1796 2312 34 52 à
1847 2310 108 53 fait
1990 2310 315 54 excellente

253 2393 58 48 et
349 2389 100 70 qui
485 2389 323 55 mériterait
845 2408 80 36 un
962 2390 195 54 succès
1195 2389 304 68 universel,
1539 2389 49 52 si
1626 2407 75 36 on
1738 2389 55 54 la
1830 2389 223 70 jugeait
2075 2406 72 35 en
2176 2388 104 53 elle-

249 2468 187 53 même
463 2473 57 50 et
555 2487 117 36 non
700 2470 227 69 d'après
955 2470 101 53 des
1081 2469 265 70 préjugés
1374 2469 294 52 enracinés
1697 2468 80 69 (6)
1805 2488 39 33 ».

360 2547 143 54 Mais
541 2564 62 39 ce
626 2566 240 53 passage
889 2548 295 53 lui-même
1208 2566 146 35 nous
1378 2548 189 53 donne
1594 2550 33 51 à
1653 2564 204 54 penser
1881 2564 113 54 que
2023 2544 280 73 l'opinion

363 2719 12 45 (
386 2729 14 25 i
412 2714 103 50 )Les
530 2719 272 49 expressions
815 2717 216 46 Kadansé,
1048 2718 605 45 kourkadansé,.surkadansé
1671 2716 182 38 doivent
1866 2715 246 38 s'entendre
2127 2726 54 26 en
2195 2715 108 37 effet

254 2777 76 38 des
362 2788 97 27 vers
490 2778 326 49 cataîectiques,
849 2777 482 50 brachycatalectiques
1362 2780 45 34 et
1437 2777 314 50 hypermètres.
1800 2776 67 47 (V.
1901 2775 49 38 V.
1987 2785 76 37 303
2087 2789 11 29 ;
2141 2773 159 38 GROTH

253 2836 164 50 passim
438 2851 11 30 ;
472 2836 281 47 MERSENNE,
780 2836 151 39 Harm.
958 2836 118 38 univ.
1104 2837 174 37 Traitez
1303 2837 75 37 des
1401 2848 356 26 consonances....
1785 2838 80 34 etc.
1896 2834 214 48 388-390).
2139 2832 161 51 Quand

253 2905 56 29 au
341 2898 95 36 mot
468 2895 154 39 rebrizê
657 2895 171 48 (Groth,
861 2897 68 44 66,
948 2907 54 36 79
1033 2899 45 34 et
1094 2896 182 49 passim)
1293 2896 30 37 il
1341 2896 176 49 désigne
1533 2895 233 38 l'anaclase
1783 2894 76 37 des
1875 2893 199 49 ioniques
2094 2892 202 38 mineurs.

369 2956 61 47 (2)
456 2955 50 37 V.
533 2954 161 39 GROTH
720 2956 103 47 (42),
849 2958 57 42 et,
933 2956 109 37 dans
1066 2956 60 36 les
1150 2956 174 36 Etrénes
1328 2985 8 14 ,
1363 2956 112 36 l'ode
1500 2954 27 38 à
1550 2955 42 37 la
1617 2954 136 37 Reine
1777 2954 116 36 Mère
1920 2952 66 47 (V.
2016 2952 111 48 305).

368 3015 62 48 (3)
454 3013 72 39 Du
550 3015 142 37 moins
715 3018 100 34 tous
839 3026 110 26 ceux
972 3015 75 49 qui
1071 3013 213 39 n'étaient
1307 3026 79 38 pas
1409 3013 191 39 destinés
1623 3013 27 37 à
1672 3013 42 37 la
1737 3012 200 49 musique
1959 3013 45 35 et
2027 3010 75 50 qui
2125 3021 44 27 se
2193 3009 80 38 don-

253 3074 154 37 naient
433 3073 282 50 simplement
741 3085 112 38 pour
880 3074 53 37 de
960 3074 42 37 la
1029 3073 157 50 poésie.
1218 3074 68 37 On
1314 3086 126 26 verra
1468 3073 106 50 qu'il
1602 3085 53 25 en
1684 3072 70 38 fut
1780 3073 102 36 tout
1910 3071 251 36 autrement
2187 3080 113 38 pour

252 3134 61 37 les
337 3144 99 26 vers
461 3133 192 38 mesurés
678 3134 82 36 mis
785 3145 53 25 en
864 3133 213 49 musique.
1106 3133 36 37 Il
1167 3133 98 38 faut
1287 3145 252 38 remarquer
1562 3144 85 38 que
1671 3133 60 35 les
1755 3130 207 50 premiers
1987 3140 96 26 vers
2108 3127 190 38 mesurés

253 3192 53 38 de
330 3191 103 39 Baïf
457 3193 204 49 (presque
684 3193 60 37 les
769 3192 130 48 seuls)
924 3192 168 50 publiés
1115 3192 54 38 de
1192 3204 79 26 son
1307 3193 170 44 vivant,
1514 3193 62 37 les
1607 3192 173 36 Etrénes
1817 3190 47 36 de
1900 3188 140 49 poézie
2071 3187 225 47 fransoêze,

257 3264 46 26 se
333 3252 243 38 donnaient
602 3264 168 26 comme
799 3263 84 27 une
912 3264 149 24 œuvre
1088 3255 232 46 parement
1346 3252 211 38 littéraire
1585 3253 45 35 et
1658 3248 213 39 n'étaient
1898 3259 79 38 pas
2005 3247 53 37 de
2086 3248 158 36 nature
2271 3244 27 39 à

252 3323 162 39 gagner
435 3311 231 50 beaucoup
690 3312 53 37 de
767 3311 226 50 suffrages.

369 3372 61 47 (4)
459 3372 81 37 Art
567 3371 193 51 poétique
764 3401 9 14 ,
806 3370 46 37 II
885 3372 91 46 845.

368 3431 61 48 (5)
452 3430 174 39 Recueil
647 3431 45 38 de
717 3430 196 49 Vorigine
935 3431 48 36 de
1007 3431 42 36 la
1074 3430 156 48 langue
1252 3434 36 32 et
1307 3430 139 48 poésie
1467 3429 215 48 française
1706 3426 144 48 (1581)
1873 3440 9 30 ;
1906 3424 177 48 (77*78).

368 3489 62 48 (6)
468 3489 95 39 Cité
602 3490 110 37 dans
750 3488 196 51 Ménage,
986 3488 292 38 Anti-Baillei
1280 3518 9 15 ,
1331 3492 81 34 art.
1455 3487 117 38 CXI.
1614 3499 17 24 «
1649 3485 203 38 Profecto
1889 3482 322 51 pulcerrimam,
2251 3484 45 35 et

252 3548 198 39 omnium
484 3549 215 51 applausu
732 3549 315 49 dignissimam,
1075 3547 35 38 si
1150 3559 54 26 ex
1238 3559 58 33 se,
1320 3559 89 26 non
1431 3559 54 26 ex
1524 3547 252 37 inveterata
1817 3543 230 39 hominum
2089 3541 207 50 opinione

253 3607 269 51 ponderetur
539 3620 28 27 ».
