2837 4132
612 328 97 62 428

1198 342 262 34 MERCURE
1495 341 239 35 MUSICAL
1768 341 69 35 ET
1875 341 41 35 S.
1955 342 36 34 I.
2027 342 55 35 M.

611 489 303 71 comparée
959 487 35 54 à
1037 486 57 55 la
1137 486 179 55 Patti.
1363 487 263 73 N'ayant
1669 486 210 73 jamais
1925 489 257 54 entendu
2227 493 155 49 cette
2427 486 258 56 dernière

610 567 56 72 je
703 585 71 36 ne
811 566 129 73 puis
980 584 224 37 assurer
1241 585 112 54 que
1390 567 57 54 la
1484 567 402 72 comparaison
1923 566 113 55 soit
2073 567 173 72 juste.
2286 566 148 56 Mais
2472 585 62 36 ce
2572 585 113 54 que

609 647 57 70 je
701 646 131 73 puis
870 646 140 70 dire,
1027 647 141 54 c'est
1204 665 113 54 que
1353 647 57 54 la
1446 647 266 54 nouvelle
1749 646 172 55 étoile
1958 665 34 36 a
2027 665 113 37 une
2177 646 139 56 voix
2352 646 333 56 réellement

609 727 118 53 très
761 726 164 54 belle.
966 726 562 55 Malheureusement
1564 745 76 36 on
1673 745 72 36 ne
1780 733 142 66 peut
1956 727 322 55 l'entendre
2313 729 145 53 dans

608 805 53 55 le
782 807 115 53 Bal
1069 807 95 72 Masqué
1165 824 151 37 ou
1827 807 274 70 Rigoletto
2431 829 13 47 ;
1557 807 143 54 c'est
1730 809 324 70 dommage.

721 886 110 54 Les
875 891 261 49 concerts
1182 887 78 54 du
1303 886 160 71 jeudi
1507 887 167 54 n'ont
1717 905 106 54 pas
1867 889 267 70 présenté
2179 891 154 51 cette
2378 887 183 54 année
2604 904 81 37 un

609 965 136 55 bien
778 967 185 70 grand
995 965 230 55 intérêt.
1262 966 71 70 Je
1366 966 127 55 vais
1526 966 369 73 simplement
1931 969 300 53 énumérer
2262 967 82 54 les
2375 966 310 71 premières

609 1045 294 53 auditions
928 1045 265 55 notables
1222 1067 9 33 :
1921 1048 76 52 Le
2120 1046 186 71 séjour
2537 1048 91 52 des
2078 1048 71 53 de
2166 1048 76 53 M.
2261 1046 423 71 Weingartner,

609 1125 390 71 composition
1014 1126 209 71 longue
1240 1131 58 50 et
1314 1145 80 36 un
1410 1145 113 52 peu
1540 1128 219 68 lourde,
1776 1128 160 53 bâtie
1952 1129 35 52 à
2002 1145 180 54 coups
2199 1128 70 53 de
2280 1126 372 71 contrepoint
2671 1147 13 48 ;

608 1205 58 53 la
816 1205 301 71 quatrième
1489 1208 329 69 symphonie
1411 1209 70 52 de
1521 1206 353 56 Glazounow
1898 1229 14 47 ;
1950 1225 80 36 un

610 1285 71 53 de
727 1285 70 52 A.
848 1284 170 71 Fijan
1044 1307 14 47 ;
1107 1285 52 53 le
1815 1286 206 54 Prince
2322 1288 156 52 Ador
1664 1288 222 67 (ballet)
1940 1288 70 53 de
2059 1286 295 57 Cornélius
2403 1286 242 54 Rubner
2670 1307 14 48 ;

608 1364 184 71 Après
827 1365 118 52 l'été
978 1366 171 69 (pour
1176 1366 82 54 les
1290 1366 220 69 cordes)
1547 1368 70 53 de
1649 1366 85 55 Fl.
1768 1366 254 56 Schmitt
2048 1388 14 48 ;
2093 1368 59 52 la
2181 1365 347 72 symphonie
2558 1366 126 54 Aus

621 1444 94 53 der
874 1463 179 34 neuen
1287 1445 145 53 Welt
1121 1446 69 54 de
1207 1446 241 54 Dvorak
1475 1468 13 47 ;
1523 1446 80 54 les
2177 1448 180 53 sde
2358 1445 234 55 Perilhon
2593 1467 54 47 ;
2648 1445 37 55 la

624 1524 265 53 Croisade
905 1525 92 52 des
1456 1526 220 68 enfants
1290 1526 71 54 de
1404 1526 67 55 G.
1517 1526 203 54 Pierné
1747 1548 14 47 ;
1806 1528 98 53 des
1946 1528 321 71 fragments
2312 1528 70 53 de

616 1604 273 71 prodigue
916 1605 70 53 de
1023 1605 270 71 Debussy
1319 1627 12 47 ;
1370 1605 57 53 la
2228 1606 67 71 Rapsodie
2296 1608 78 53 de
2375 1605 309 72 Bourgault-

608 1685 374 70 Ducoudray.
1033 1685 109 53 Les
1188 1691 263 49 concerts
1500 1688 78 53 du
1627 1688 306 53 dimanche
1980 1688 346 71 s'appellent
2374 1707 22 28 «
2421 1691 262 49 concerts

606 1764 305 53 modernes
935 1785 41 47 »,
1018 1782 146 36 ceux
1204 1765 79 55 du
1323 1765 160 71 jeudi
1523 1787 21 28 «
1569 1766 310 71 classiques
1903 1788 22 28 »
1965 1773 59 48 et
2064 1785 75 36 on
2180 1766 126 54 voit
2345 1766 81 54 les
2467 1766 218 54 mêmes

608 1849 236 48 auteurs
867 1845 210 70 figurer
1100 1863 117 37 aux
1240 1864 109 36 uns
1375 1851 57 49 et
1457 1864 116 37 aux
1598 1853 212 48 autres.
1839 1848 50 53 Il
1912 1853 87 48 est
2025 1848 237 54 difficile
2288 1848 70 53 de
2383 1864 263 53 compren-

608 1923 99 53 dre
743 1924 305 71 pourquoi.
1089 1925 96 53 Du
1223 1930 172 64 reste,
1410 1926 34 52 à
1481 1926 155 55 force
1673 1928 338 53 d'absorber
2046 1931 134 50 tant
2219 1928 71 53 de
2306 1925 288 72 musique,
2632 1925 52 55 le

606 2020 130 36 sens
778 2004 306 71 artistique
1123 2005 131 53 finit
1293 2023 108 53 par
1439 2006 360 55 s'émousser.
1841 2008 289 69 Toujours
2172 2008 79 53 du
2292 2006 199 71 plaisir
2532 2006 149 54 n'est

605 2083 131 69 plus
769 2084 79 53 du
879 2084 215 70 plaisir.
1129 2086 93 54 On
1255 2085 266 55 aimerait
1554 2086 195 55 mieux
1782 2088 278 54 entendre
2092 2086 189 55 moins
2317 2088 71 53 de
2420 2090 263 50 concerts

605 2163 147 53 mais
778 2163 152 53 aussi
955 2165 140 52 d'un
1118 2166 142 70 goût
1284 2165 131 71 plus
1438 2166 226 55 raffiné.
1692 2168 79 53 Et
1794 2168 81 53 les
1898 2168 160 69 jours
2082 2168 75 53 où
2181 2166 51 55 le
2256 2165 161 55 soleil
2439 2165 244 55 radieux

605 2240 258 56 illumine
889 2243 53 53 le
968 2249 250 48 sommet
1246 2245 101 53 des
1373 2250 346 68 montagnes
1745 2248 243 70 proches
2016 2264 76 36 on
2120 2248 255 70 éprouve
2402 2245 52 55 le
2481 2245 202 55 besoin

604 2321 71 55 de
710 2321 115 55 fuir
856 2321 120 55 loin
1013 2325 99 53 des
1147 2324 225 53 casinos
1408 2330 58 48 et
1514 2326 101 55 des
1649 2328 277 68 théâtres,
1963 2326 250 70 là-haut,
2255 2325 424 73 dansl'airpur,

601 2418 277 38 savourer
912 2403 57 53 la
1004 2404 241 71 volupté
1283 2405 79 53 du
1399 2404 225 56 silence.

1918 2528 284 54 Edouard
2243 2528 284 54 Perrin.
