2837 4132
543 361 96 60 386

1122 371 258 35 MERCURE
1416 370 238 36 MUSICAL
1690 371 67 35 ET
1795 370 50 34 S.
1891 370 42 34 I.
1977 370 65 34 M.

544 541 106 37 son
674 522 89 54 fils
787 521 52 53 le
864 525 131 49 tout
1012 520 277 71 jusqu'au
1313 518 131 72 jour
1468 520 100 53 des
1585 520 167 53 décès
1778 518 138 55 dud.
1944 518 57 55 S.
2027 517 168 55 Gelin
2220 535 134 53 pere
2378 521 60 50 et
2456 517 162 54 desd.

546 604 245 54 Dîne.et
820 600 147 54 Dlle.
1017 601 206 70 Lany;
1273 598 384 56 Comm'aussi
1700 598 81 55 les
1825 600 59 53 d.
1934 597 165 56 Sieur
2142 602 60 49 et
2246 597 151 54 Dlle.
2429 596 193 55 futurs

544 684 213 68 Epoux
798 698 60 35 se
899 684 296 49 reservent
1235 680 226 53 chacun
1502 678 58 54 la
1599 677 205 55 liberté
1847 678 73 54 de
1959 676 250 72 pouvoir
2249 675 260 72 disposer
2550 676 72 53 de

544 761 58 53 la
630 776 222 37 somme
884 761 73 53 de
986 758 101 55 Six
1117 758 156 55 mille
1303 757 172 56 livres
1506 762 61 51 et
1597 776 71 36 en
1700 775 97 37 cas
1827 758 180 70 qu'au
2038 757 131 70 jour
2201 757 71 55 de
2301 756 127 53 leur
2455 756 168 55 décès

544 840 69 53 ils
659 840 242 71 n'ayent
947 838 111 54 fait
1103 856 254 37 aucunes
1404 837 375 71 dispositions
1825 855 77 37 ou
1948 836 173 71 qu'ils
2167 840 180 67 ayent
2394 833 229 73 disposé

543 920 321 54 seulement
913 921 72 53 de
1031 918 189 72 partie
1267 920 74 53 de
1386 917 182 56 ladite
1615 918 74 55 de
1736 917 87 54 six
1872 916 155 55 mille
2074 916 174 55 livres
2294 916 53 53 le
2392 915 231 71 surplus

544 1001 146 53 dont
726 998 70 55 ils
830 998 275 55 n'auront
1140 1016 107 54 pas
1284 997 227 73 disposé
1548 998 339 55 demeurera
1921 996 252 72 compris
2207 997 148 54 dans
2388 995 59 54 la
2482 996 106 53 don-

543 1080 206 54 nation
788 1098 73 53 cy
901 1080 217 54 dessus.

656 1180 23 28 «
718 1160 80 53 Et
840 1176 150 52 pour
1032 1157 142 55 faire
1216 1157 257 55 insinuer
1512 1157 84 55 les
1637 1159 297 69 présentes
1974 1156 83 55 les
2100 1155 225 54 Parties
2366 1159 106 50 ont
2514 1152 112 56 fait

546 1244 58 50 et
646 1239 292 54 constitué
979 1256 150 54 pour
1168 1239 124 54 leur
1334 1255 315 55 procureur
1687 1237 55 55 le
1783 1242 240 66 porteur
2063 1237 103 54 des
2204 1237 300 70 présentes
2543 1233 84 55 lui

544 1336 72 37 en
651 1321 268 53 donnant
951 1319 267 71 pouvoir.

657 1419 22 29 «
720 1399 111 54 Car
857 1397 146 55 ainsi
1030 1399 53 53 le
1111 1402 133 50 tout
1272 1415 36 37 a
1334 1399 93 53 été
1454 1415 270 37 convenu
1751 1401 61 50 et
1839 1396 242 55 accordé
2109 1400 164 49 entre
2298 1395 83 54 les
2406 1392 221 73 parties

544 1482 369 68 promettant
957 1477 296 71 obligeant
1298 1481 354 51 renonceant
1698 1476 109 55 fait
1851 1481 60 50 et
1954 1476 169 71 passé
2167 1493 36 35 a
2248 1475 162 53 Paris
2456 1491 72 37 en
2570 1472 60 55 la

544 1560 272 53 demeure
861 1560 156 53 susd.
1066 1560 73 53 de
1183 1557 183 56 ladite
1411 1557 148 55 Dlle.
1624 1557 197 54 future
1875 1557 234 70 Epouse
2155 1556 148 55 L'an
2348 1555 104 54 mil
2498 1559 134 66 sept

544 1644 134 48 cent
727 1639 268 54 soixante
1044 1642 209 66 quatre
1303 1639 80 53 Le
1431 1637 169 71 vingt
1649 1637 144 54 trois
1840 1636 190 71 juillet
2079 1637 81 52 Et
2209 1640 107 49 ont
2364 1635 159 71 signé
2571 1633 60 54 la

543 1717 257 55 minutte
857 1719 100 54 des
1013 1722 299 65 présentes
1367 1717 305 55 demeurée
1731 1717 134 54 aud.
1921 1717 57 54 M
1980 1727 20 25 e
2058 1715 228 54 Fortier
2340 1715 134 54 Lun
2529 1714 103 54 des

543 1799 273 54 Notaires
854 1797 344 73 soussignés.

844 1998 22 28 «
889 1978 302 54 VOUINEL.
2232 1976 181 55 Scellé
2639 1975 4 57 l
2086 1975 322 55 FORTIER».

659 2223 53 53 Il
746 2222 131 54 faut
913 2227 297 49 constater
1244 2220 57 55 la
1337 2220 222 71 qualité
1597 2222 101 53 des
1734 2219 251 56 témoins
2023 2225 134 50 tous
2192 2225 241 66 parents
2471 2220 71 54 de
2576 2219 59 55 la

550 2303 195 56 future
779 2304 232 69 épouse,
1047 2303 35 53 à
1115 2300 351 71 l'exception
1502 2303 72 53 de
1609 2302 235 54 Charles
1877 2300 217 55 Vallier
2127 2305 194 50 comte
2357 2302 71 53 de
2462 2302 139 53 Saus-

548 2401 106 53 say
692 2382 119 72 qui,
852 2380 160 56 selon
1050 2385 168 50 toute
1256 2398 344 53 apparence,
1640 2398 36 37 a
1714 2382 93 53 été
1845 2385 336 66 protecteur
2242 2380 70 55 de
2371 2380 58 54 la
2494 2380 106 54 dan-

547 2481 164 36 seuse
757 2464 99 66 (1).

659 2543 81 53 Le
777 2540 174 55 traité
986 2558 60 36 se
1080 2540 221 71 passait
1338 2558 70 36 en
1444 2539 217 56 famille
1698 2545 58 50 et
1792 2540 40 54 il
1865 2545 215 50 ressort
2117 2540 71 55 de
2222 2540 57 54 la
2315 2544 207 50 teneur
2556 2539 80 55 du

548 2625 235 52 contrat
825 2639 113 52 que
979 2620 49 55 si
1070 2620 134 54 Mlle
1244 2620 169 70 Lany
1454 2620 360 55 recherchait
1855 2638 83 36 un
1982 2620 198 71 refuge
2221 2619 204 70 moral,
2468 2619 169 56 Gelin

550 2719 72 37 ne
651 2699 197 56 faisait
878 2700 167 71 point
1075 2718 115 36 une
1219 2705 133 65 trop
1383 2699 299 55 mauvaise
1713 2699 223 55 affaire.

664 2783 114 52 Par
824 2780 136 71 quel
1005 2784 242 50 ressorts
1294 2784 212 50 secrets
1555 2784 58 50 et
1659 2798 108 53 par
1813 2780 136 70 quel
1996 2779 182 72 esprit
2226 2778 413 56 d'association

548 2862 209 53 louche
800 2877 64 37 ce
906 2859 257 72 mariage
1206 2876 60 36 se
1309 2859 403 53 consacra-t-il
1737 2859 9 53 !
1797 2859 166 55 Gelin
2006 2877 73 35 ne
2121 2858 252 73 pouvait
2418 2858 208 72 ignore

552 2959 113 54 que
712 2959 66 36 sa
825 2940 215 54 femme
1088 2939 165 55 avait
1301 2938 110 54 fait
1461 2957 327 37 commerce
1839 2940 285 69 d'amour,
2175 2957 116 53 que
2339 2957 109 37 son
2503 2938 126 72 peti

551 3020 200 73 pécule
788 3019 197 55 s'était
1022 3019 185 53 formé
1245 3019 72 53 de
1352 3018 328 71 générosité
1719 3019 80 56 du
2157 3018 252 71 français
2447 3036 76 36 ou
2561 3019 80 53 du

572 3100 149 71 gobet
746 3100 285 70 étranger.
1080 3099 51 55 Il
1173 3098 83 54 lui
1299 3098 164 54 avait
1508 3116 193 36 connu
1746 3099 101 53 des
2279 3116 228 50 avares,
2554 3099 73 53 de

556 3180 270 71 farfadets
859 3180 73 54 de
971 3178 268 56 mauvais
1278 3184 126 62 ton,
1447 3178 101 53 des
2642 3178 1 73 q
1950 3180 10 54 !
2009 3179 73 55 de
2122 3179 176 53 basse
2340 3178 297 71 catégorie

552 3260 50 54 Il
631 3259 193 55 savait
856 3259 209 71 qu'elle
1096 3258 161 54 avait
1289 3258 108 53 fait
1427 3257 188 72 partie
1648 3259 71 53 de
1748 3258 219 56 maints
1996 3276 240 54 soupers
2267 3258 373 70 scandaleux,

551 3339 208 74 qu'elle
797 3339 163 55 avait
997 3339 304 71 fréquenté
1338 3339 137 52 chez
1512 3338 83 54 les
1632 3344 317 65 matrones,
1988 3357 115 53 que
2138 3339 52 55 le
2242 3339 400 55 délabrement

660 3556 58 44 (i)
748 3555 68 34 En
848 3563 113 37 1754,
990 3554 110 36 Mlle.
1131 3554 122 46 Lany
1277 3557 43 32 et
1348 3552 158 37 Vallier
1537 3552 239 37 habitaient
1811 3554 42 35 la
1882 3554 136 35 même
2046 3554 177 42 maison,
2270 3565 73 25 rue
2372 3553 147 37 Neuve
2557 3556 91 34 des»

566 3608 338 47 Petts-Champs.
934 3609 57 35 Le
1016 3608 148 36 laveur
1186 3608 50 35 de
1258 3606 170 37 vaiselle
1447 3607 51 36 de
1520 3607 42 34 la
1592 3608 203 35 danseuse
1835 3607 197 36 couchait
2067 3608 135 35 même
2245 3608 107 35 dans
2388 3608 169 36 l'écurie
2594 3609 52 36 de

581 3662 161 37 officier
765 3661 141 46 (Arch.
929 3661 101 37 Nat.
1045 3674 42 35 y,
1118 3662 174 45 11.324).
