2837 4132
543 387 96 50 374

1125 383 261 35 MERCURE
1421 382 238 36 MUSICAL
1692 383 69 35 ET
1799 382 48 36 S.
1893 383 42 35 I.
1979 382 64 36 M.

547 533 102 55 des
820 531 48 54 A
942 529 151 55 llard
914 536 24 48 ?
971 531 126 71 Que
1125 532 136 51 sont
1289 528 81 55 les
1399 527 280 71 Actrices,
1710 547 113 55 que
1853 535 136 49 sont
2016 529 83 55 les
2128 531 313 54 danseuses
2469 536 24 49 ?
2524 532 102 53 des

543 609 268 59 victimes
849 609 73 55 de
957 609 60 54 la
1054 607 254 74 passion,
1348 608 102 55 des
1488 608 254 56 esclaves
1781 611 73 53 de
1889 609 59 55 la
1983 609 265 73 volupté,
2288 611 267 54 exercées
2592 612 34 53 à

542 689 304 73 l'inspirer,
871 689 215 72 payées
1108 706 150 55 pour
1279 688 58 55 la
1361 688 144 55 faire
1527 691 225 71 goûter,
1775 707 75 37 ne
1864 689 362 70 travaillant,
2251 707 74 38 ne
2338 689 288 73 respirant

545 771 138 71 qu'à
736 769 308 70 l'allumer,
1101 769 101 55 des
1258 769 333 55 maîtresses
1646 769 351 72 d'impureté
2052 769 104 73 qui
2211 787 73 38 en
2339 769 286 70 débitent,

545 849 424 70 assaisonnent,
998 848 345 73 pratiquent
1371 853 60 51 et
1461 849 131 55 font
1619 849 303 73 pratiquer
1949 849 81 55 les
2058 849 212 72 leçons.

655 950 23 29 «
699 929 176 56 Aussi
905 929 83 56 les
1021 931 313 56 danseuses
1366 933 136 51 sont
1534 931 476 53 communément
2041 929 58 56 la
2128 929 191 73 partie
2352 931 81 56 du
2463 947 129 55 spec-

545 1009 151 56 tacle
726 1009 59 55 la
815 1009 133 72 plus
980 1011 374 71 dangereuse,
1387 1009 57 55 la
1475 1008 133 73 plus
1639 1009 358 70 recherchée,
2029 1009 59 56 la
2118 1011 132 71 plus
2282 1009 240 73 remplie
2554 1012 72 53 de

542 1090 145 55 filles
727 1091 270 63 perdues,
1040 1090 307 64 beaucoup
1388 1090 133 64 plus
1562 1090 192 55 même
1795 1107 115 47 que
1952 1090 82 55 les
2076 1091 248 63 grandes
2366 1090 260 54 Actrices

543 1170 139 54 chez
715 1170 103 71 qui
849 1170 220 55 l'étude
1101 1173 61 51 et
1193 1168 298 56 l'exercice
1524 1171 73 54 de
1629 1170 152 54 leurs
1815 1170 166 69 rôles,
2015 1175 253 50 souvent
2300 1170 190 54 même
2523 1171 102 54 des

542 1250 150 54 rôles
740 1250 246 69 sérieux,
1039 1250 221 69 nobles,
1312 1251 229 67 décens,
1592 1255 309 66 vertueux,
1961 1251 130 54 font
2155 1269 114 36 une
2333 1250 292 57 diversion

542 1330 337 55 nécessaire.
918 1331 86 53 La
1041 1331 285 54 danseuse
1364 1330 101 72 qui
1502 1330 99 54 n'a
1639 1335 168 50 autre
1845 1331 173 54 chose
2055 1332 36 53 à
2128 1330 163 69 faire,
2330 1335 90 50 est
2457 1335 169 49 toute

543 1411 343 54 concentrée
929 1412 148 53 dans
1116 1410 378 71 l'expression
1536 1411 73 54 de
1649 1410 59 54 la
1748 1410 254 72 passion,
2046 1411 53 54 le
2141 1412 143 70 goût
2328 1411 81 54 du
2448 1410 178 54 crime

543 1495 61 49 et
633 1490 58 54 la
719 1507 116 37 vue
865 1491 72 54 de
966 1490 225 72 l'objet.
1224 1490 193 73 Qu'on
1446 1490 102 54 lise
1577 1490 83 55 les
1688 1490 281 72 portraits
2000 1491 147 56 dans
2178 1495 136 50 tous
2340 1490 83 54 les
2452 1490 173 54 livres

543 1571 319 53 théâtraux
892 1571 73 54 de
994 1573 156 51 cette
1180 1570 284 55 danseuse
1493 1570 103 71 qui
1624 1570 273 55 s'avance
1926 1589 99 36 sur
2053 1570 59 55 la
2140 1571 188 68 scène,
2359 1571 102 54 des
2489 1570 136 54 bras

545 1650 209 71 qu'elle
781 1650 246 71 déploie,
1058 1651 71 54 de
1157 1667 64 38 sa
1249 1650 178 69 taille,
1456 1651 73 54 de
1557 1667 64 37 sa
1649 1651 140 70 tête,
1820 1652 81 55 du
1926 1650 290 55 moelleux
2244 1651 72 54 de
2344 1667 89 37 ses
2461 1667 123 37 mou-

543 1747 261 51 vemens,
872 1730 59 54 la
1414 1731 232 68 Vestris,
1242 1730 58 54 la
2141 1731 218 71 Du-pré,
1592 1731 59 54 la
2084 1736 112 49 etc.
2235 1730 58 54 la
2330 1730 156 54 seule
2524 1747 67 37 an-

543 1827 186 37 nonce
773 1810 111 54 fait
927 1810 53 54 le
1025 1810 251 72 portrait
1322 1812 72 53 de
1439 1811 58 53 la
1540 1810 263 72 volupté,
1850 1811 142 54 c'est
2037 1811 198 54 Vénus
2282 1810 338 69 elle-même,

545 1890 142 54 c'est
727 1890 55 54 le
823 1890 195 54 crime.
1063 1891 81 53 Le
1186 1890 230 54 théâtre
1459 1895 89 49 est
1588 1891 54 54 le
1682 1890 240 72 Temple
1966 1892 72 55 de
2088 1890 207 69 Gnide,
2345 1890 158 54 l'lsle
2551 1891 73 53 de

545 1970 251 71 Cythère
821 1990 16 48 ;
885 1975 198 50 toutes
1126 1970 83 54 les
1254 1970 399 72 occupations,
1703 1976 197 49 toutes
1945 1971 83 54 les
2074 1971 148 54 fêtes
2269 1971 74 54 de
2390 1970 234 72 Paphos

545 2053 134 51 sont
712 2051 103 55 des
847 2051 227 55 danses.
1110 2050 177 54 Est-il
1320 2051 73 56 de
1425 2067 284 55 personne
1741 2051 344 71 passionnée
2118 2050 104 72 qui
2253 2069 73 35 ne
2358 2050 83 56 les
2474 2050 150 54 aime

543 2130 405 71 éperdument,
988 2130 103 71 qui
1126 2131 305 55 n'attende
1469 2147 142 37 avec
1649 2130 370 72 impatience,
2058 2130 104 72 qui
2198 2149 75 37 ne
2312 2130 132 56 voie
2483 2147 141 37 avec

538 2213 299 68 transport
875 2210 146 54 dans
1049 2227 114 37 une
1199 2210 160 71 pièce
1385 2210 83 54 les
1497 2208 351 59 intermèdes
1877 2212 209 55 dansés
2112 2216 24 51 ?
2162 2231 23 29 »

661 2408 155 56 C'est
861 2427 81 35 un
986 2409 440 72 contemporain
1472 2410 101 71 qui
1615 2412 179 71 parle.
1841 2412 148 55 Sans
2035 2412 473 55 m'embarrasser
2554 2413 71 54 de

538 2506 65 38 sa
628 2485 375 74 casuistique,
1022 2489 358 72 j'enregistre
1395 2508 82 36 un
1501 2490 110 54 fait
1649 2492 305 54 corroboré
1980 2509 109 55 par
2109 2497 169 49 toute
2315 2509 115 38 une
2467 2492 130 54 litté-

542 2573 198 49 rature
788 2567 291 72 livresque
1127 2574 61 50 et
1235 2569 466 72 journalistique.
1755 2573 140 53 Mon
1943 2572 313 69 intention,
2310 2572 310 68 d'ailleurs,

542 2649 152 55 n'est
727 2648 171 72 point
932 2649 71 55 de
1037 2648 273 56 disserter
1342 2667 99 38 sur
1472 2650 58 54 la
1563 2652 451 71 prédominance
2048 2653 73 56 de
2154 2653 134 54 l'art
2323 2653 265 72 chorégra-

542 2728 218 72 phique
791 2746 72 38 en
892 2733 136 51 tant
1058 2729 353 71 qu'élément
1441 2730 295 71 d'intérêt,
1768 2749 77 37 au
1874 2737 193 68 temps
2099 2734 72 55 de
2198 2733 60 54 la
2286 2734 99 53 Du
2414 2734 206 70 Barry,

541 2809 148 55 mais
724 2809 72 55 de
828 2809 316 72 présenter,
1168 2827 72 37 en
1272 2827 116 38 une
1421 2810 151 55 suite
1606 2812 285 69 d'études,
1928 2814 101 54 des
2063 2813 280 55 tableaux
2376 2812 155 56 vrais
2564 2817 60 49 et

542 2888 295 72 d'ajouter
875 2906 119 36 aux
1031 2888 297 72 peintures
1369 2889 133 72 déjà
1541 2890 172 56 faites
1752 2892 281 71 quelques
2072 2893 243 55 touches
2353 2892 103 72 qui
2494 2892 93 72 pré-

542 2968 251 56 ciseront
825 2968 328 56 l'influence
1187 2972 73 53 de
1291 2970 285 55 certaines
1606 2972 423 71 personnalités
2062 2973 316 55 théâtrales
2410 2991 99 37 sur
2538 2972 80 54 les

541 3066 218 38 mœurs
796 3050 72 55 de
904 3048 124 56 leur
1064 3050 243 72 époque.

652 3129 78 56 Ce
772 3129 189 55 même
1004 3130 151 54 abbé
1199 3130 72 55 de
1312 3129 58 55 la
1412 3130 157 55 Tour
1610 3132 259 54 estimait
1912 3149 115 56 que
2067 3133 55 56 le
2164 3133 256 72 mariage
2462 3137 162 51 entre

542 3208 235 56 artistes
819 3214 89 50 est
948 3209 385 73 réprouvable
1376 3228 75 37 au
1492 3213 250 70 premier
1783 3213 132 55 chef
1939 3235 14 48 ;
1996 3231 84 52 or,
2123 3231 150 54 pour
2312 3213 308 72 reprendre

539 3306 116 36 une
699 3289 214 71 phrase
957 3290 73 55 de
1073 3290 575 56 Touchard-Lafosse
1691 3312 23 29 «
1737 3292 42 54 il
1822 3311 61 37 se
1926 3293 294 55 concluait
2264 3292 279 56 autrefois
2585 3292 36 53 à

541 3369 236 71 l'Opéra
804 3369 132 73 plus
964 3370 73 55 de
1064 3368 284 75 mariages
1376 3369 226 57 sérieux
1616 3389 116 54 que
1760 3374 72 55 de
1859 3391 108 37 nos
1981 3373 179 72 jours.
2178 3374 193 56 «C'est
2386 3374 151 55 donc
2551 3372 71 56 de

542 3467 93 37 ces
664 3448 209 56 unions
903 3450 334 73 singulières
1266 3449 143 73 qu'il
1437 3468 94 38 me
1559 3453 195 71 paraît
1783 3452 350 57 intéressant
2164 3454 72 55 de
2264 3453 208 74 parler.

661 3638 94 54 En
787 3637 164 71 1748,
983 3655 115 38 une
1127 3637 329 57 demoiselle
1487 3638 209 58 Louise
1727 3638 893 82 Madeleine^Lany/parisienne
