2611 4269
1391 3913 49 39 54

556 391 147 58 Dort
736 406 114 40 war
884 391 135 67 gross
1052 391 102 54 nnd
1186 389 135 57 breit
1356 388 102 58 das
1490 387 184 56 Meer.
1746 387 80 56 Er
1859 385 90 66 sah
1981 385 103 66 sein
2118 385 298 68 gleiszendes

379 480 197 58 Rollen
608 479 103 58 und
742 478 204 68 Fluten.
1013 474 131 59 Wie
1174 475 113 57 eine
1317 474 311 68 ungeheure,
1660 472 202 70 endlose
1892 471 177 70 Herde
2101 486 105 42 von
2235 469 146 70 Pfer-

380 569 114 67 den,
538 565 309 67 wimmelnd,
892 563 247 68 hiipfend,
1182 562 292 69 springend,
1518 561 91 68 sich
1654 558 299 69 tummelnd,
1995 557 274 67 bäumend,
2314 570 105 43 von

380 654 200 69 weissen
609 653 103 56 und
745 650 177 69 falben
953 647 264 70 Pferden,
1266 649 54 69 so
1368 648 219 66 näherte
1638 662 60 43 es
1746 645 111 70 sich.
1941 645 108 57 Die
2096 644 161 57 Diine
2304 657 115 42 war

380 735 306 68 versunken,
739 737 104 57 und
896 734 145 69 schon
1092 733 224 68 versank
1368 735 93 56 der
1514 732 190 58 Wald.
1795 732 174 67 schon
2019 730 284 57 taumelten
2338 730 83 56 die

380 821 208 69 Eichen,
627 822 92 59 der
758 821 227 67 Schaum
1023 820 197 68 sprilzte
1255 836 56 52 zu
1350 820 98 57 den
1487 819 235 57 Wolken
1763 818 142 67 hoch,
1941 817 104 56 nnd
2083 817 92 56 der
2214 815 206 68 Ehoral

380 909 191 70 wuchs,
608 910 86 58 als
728 907 191 71 sängen
953 909 82 57 die
1071 907 214 68 tausend
1323 905 391 58 Baumkronen
1746 904 95 57 mit
1877 920 104 41 von
2019 904 163 66 ihrem
2220 902 198 57 Unter«

381 1010 157 54 gnug.
608 995 80 58 Er
720 994 168 67 fiihlte
921 993 150 68 nicht,
1103 993 100 57 wie
1237 993 133 67 seine
1403 991 170 69 Pulse
1605 990 275 68 dröhntem
1949 990 80 58 Er
2062 989 91 68 sah
2186 1003 99 42 nur
2318 989 103 56 das

382 1083 185 57 Meer.
650 1082 80 58 Er
776 1080 91 69 sah
915 1095 100 42 nur
1058 1080 103 58 das
1210 1078 341 71 schrittweise,
1596 1077 124 68 doch
1764 1076 236 70 schneller
2045 1076 103 57 und
2195 1076 226 68 gieriger

384 1167 407 69 heranspiilende
823 1166 185 60 Meer.
1078 1166 83 59 Es
1193 1165 151 68 hatte
1375 1166 99 57 den
1506 1163 171 59 Wald
1711 1163 360 69 verschlungen
2105 1163 104 57 und
2245 1161 178 69 stürzte

382 1255 90 70 sich
511 1257 93 69 auf
641 1254 82 58 die
760 1252 234 71 Wiesen.
1068 1254 83 57 Es
1187 1252 251 59 donnerte
1474 1252 103 57 und
1614 1249 205 58 briillte.
1894 1250 116 57 Und
2045 1248 224 68 dennoch
2308 1263 115 42 war

383 1356 60 45 es
481 1342 120 58 kein
636 1340 203 70 wildes,
875 1340 267 67 erziirntes
1181 1338 186 58 Meer.
1439 1337 277 59 Erkannte
1753 1352 57 41 er
1845 1336 132 68 nicht
2014 1335 168 69 seinen
2216 1334 207 69 starken

383 1427 232 71 Gesang,
650 1427 94 57 der
780 1426 134 69 nicht
949 1426 197 58 anders
1201 1439 134 55 war,
1389 1424 85 57 als
1527 1422 102 59 das
1681 1422 278 69 gewaltige
2013 1420 265 70 Halleluja
2332 1420 92 58 der

383 1514 168 70 Orgel
582 1516 54 58 in
667 1514 93 59 der
791 1510 530 71 Weihnachtsmettq
1353 1512 83 56 die
1467 1509 168 68 Brust
1668 1507 314 71 aufackernd
2015 1507 99 58 wie
2148 1509 92 55 mit
2273 1507 121 68 gött-

385 1603 152 68 licher
566 1601 338 70 Pslugschan
951 1600 156 59 Eine
1134 1597 296 70 befreiende
1459 1596 245 69 Raserei,
1735 1596 82 57 ein
1844 1596 185 68 innigst
2059 1593 367 69 begliickender

386 1688 188 59 Sturm
631 1687 376 68 durchsieberte
1059 1685 107 68 ihn.
1258 1685 80 57 Er
1391 1684 90 69 sah
1536 1685 104 67 und
1697 1681 90 70 sah
1824 1721 16 18 .
1878 1721 16 16 .
1932 1721 14 14 .
2019 1681 205 58 Immer
2261 1679 165 67 näher

385 1772 218 69 wälzten
636 1773 91 69 sich
761 1773 83 58 die
876 1771 233 71 Wasser,
1142 1771 182 58 immer
1358 1770 193 69 grösser
1586 1770 104 58 und
1725 1768 338 68 leuchtender.
2132 1766 110 58 Die
2274 1766 153 58 Welt

386 1875 115 44 war
530 1859 167 68 nichts
728 1861 87 58 als
845 1859 83 59 ein
958 1858 220 70 einziger
1208 1857 195 70 Ozean,
1434 1859 103 56 das
1566 1855 284 69 schlafende
1880 1854 163 69 Dorf,
2075 1854 112 57 eine
2212 1854 215 68 winzige

385 1946 148 68 Insel
565 1946 172 57 darin.
804 1946 83 58 Es
915 1944 149 68 hatte
1091 1945 83 57 die
1204 1944 202 69 Hiitten
1436 1944 229 68 ertastet.
1730 1942 83 59 Es
1844 1942 157 57 leckte
2028 1942 54 56 in
2111 1941 83 57 die
2224 1941 203 68 Straße

385 2031 191 68 hinein.
652 2031 419 68 schimmerndes
1112 2030 168 70 Spiel,
1317 2029 277 59 neckender
1633 2029 142 69 Tanz
1812 2043 115 43 war
1964 2043 79 53 es,
2078 2026 209 68 Anlauf
2323 2025 104 57 und

386 2118 388 71 Zuriiclcebbem
818 2118 230 69 Wiegen
1090 2120 104 56 und
1238 2116 257 68 Eändeln,
1537 2116 209 67 obwohl
1788 2115 82 58 die
1913 2114 120 68 Zlut
2078 2109 351 70 iibermächtig

387 2208 197 67 skhwoll
612 2209 104 56 nnd
744 2206 123 58 bald
894 2206 83 57 die
1006 2203 206 70 Fenster
1243 2205 93 57 der
1366 2202 420 69 Banernhäuser
1815 2201 262 67 erreichte.
2125 2198 304 68 Ruckweise

387 2294 125 69 stiesz
542 2295 64 68 sie
637 2291 291 58 vorwärts.

565 2392 96 59 Da
703 2392 324 68 durchzuckte
1071 2392 89 67 ihn
1204 2393 83 54 ein
1328 2389 159 69 Blitz,
1528 2405 106 42 von
1676 2388 98 57 den
1817 2386 376 69 aufgerissenen
2236 2384 193 66 Augen

388 2480 187 68 durchs
606 2480 139 69 Hirn
773 2480 86 58 bis
888 2480 54 57 in
972 2478 83 58 die
1085 2476 523 70 Herzenskammern,
1638 2475 108 69 das;
1777 2488 60 43 es
1868 2473 65 68 sie
1965 2471 97 69 fast
2092 2470 339 69 zersprengte.

388 2566 116 72 Auf
543 2569 98 57 den
678 2563 419 72 Eischtkämmen
1133 2562 332 70 schwammen
1501 2561 229 68 Leichen!
1803 2559 148 58 Dort
1986 2558 130 68 eine,
2151 2557 113 67 hier
2301 2557 130 66 eine,

387 2656 54 56 in
477 2652 189 60 blauen
700 2652 173 69 Hosen
906 2653 104 56 und
1043 2649 190 58 blauen
1268 2649 222 69 Binsen,
1524 2649 83 57 die
1640 2646 261 70 Gesichter
1934 2660 109 53 zum
2076 2641 224 71 Himmel
2333 2654 65 55 ge-

391 2739 198 68 richtet.
657 2739 115 58 Und
806 2754 57 42 er
897 2736 195 57 konnte
1139 2737 54 56 in
1241 2736 114 57 dem
1405 2734 179 68 fahlen
1633 2731 377 67 Dämmerlicht
2060 2727 201 70 seltsam
2312 2726 119 58 klar

392 2825 531 70 unterscheidemdasz
948 2824 114 68 ihre
1088 2823 358 68 Augenslerne
1471 2819 277 58 unbedeckt
1774 2832 198 53 waren,
1998 2817 107 68 dasz
2131 2816 66 68 sie
2224 2813 178 69 hinein-

390 2913 223 67 starrten
661 2912 86 59 ins
797 2909 324 69 Unendliche.
1208 2908 132 70 Das;
1390 2908 67 69 sie
1506 2904 388 69 iiberznquellen
1943 2901 224 69 schienen
2216 2902 54 56 in
2317 2898 114 57 dem

391 3000 309 69 Bestreben,
741 2998 155 68 durch
935 2997 84 57 ein
1060 2994 404 72 unermeszliches
1506 2991 223 60 Erauen
1770 2990 245 68 hindurch
2055 2990 102 56 das
2198 2986 204 70 Unsicht-

391 3085 128 60 bare
553 3102 57 53 zu
645 3084 299 69 gewahren,
978 3084 102 59 das
1114 3078 500 73 Ewig-Unsagbare
1648 3094 58 54 zu
1739 3077 277 57 erkennen.

569 3183 108 59 Die
714 3183 209 68 Leichen
963 3181 322 70 schankelten
1324 3181 104 57 und
1466 3178 314 58 verrenkten
1817 3176 169 59 Arme
2024 3176 105 56 und
2167 3173 178 58 Beine
2381 3174 50 54 in

393 3271 435 67 merkwürdigen,
882 3268 344 70 hampelnden
1281 3268 398 67 Bewegungen.
1769 3263 97 59 Sie
1919 3262 201 58 trieben
2173 3262 93 56 mit
2320 3259 111 57 dem

393 3357 382 68 schänmenden,
828 3356 356 58 anriiklcenden
1238 3353 215 69 Wasser
1507 3352 94 67 ans
1655 3352 98 56 den
1805 3349 296 67 Kirchturm
2153 3364 74 52 zu.
2316 3345 115 57 Der
