3053 4313
527 259 97 51 22

1587 254 76 71 S.
1744 257 69 71 I.
1884 259 122 71 M.

517 386 73 59 de
658 389 289 61 Munster
1013 414 222 40 associe
1293 399 17 56 î
1335 400 302 61 allemand
1703 426 75 38 au
1838 408 172 72 latin,
2077 432 72 36 en
2219 435 80 37 un
2366 414 289 64 charabia
2718 441 228 48 cocasse

513 475 227 80 pédant
770 502 15 37 :
2871 472 10 12 '
2985 469 11 37 c

752 571 358 63 Franciscus
1129 577 207 60 Maria
1359 579 74 59 de
1457 582 328 77 Gauthier,
1803 587 288 62 dominus
2114 592 73 59 de
2205 595 258 82 Blaigne
2473 596 13 27 3
2505 612 58 46 et
2585 600 329 81 Piemelan,
2929 633 62 48 etc

510 658 313 78 quondam
874 662 512 86 Unterbrigadier
1435 671 107 60 der
1587 690 195 46 ersten
1834 684 374 78 compagnie
2257 706 122 39 von
2432 687 106 60 der
2580 691 415 83 Mosquetereri

516 745 578 90 (Muscetariorum)
1136 757 101 60 des
1274 760 243 84 Kônigs
1550 785 119 38 von
1710 767 380 64 Frankreich
2143 775 127 58 und
2321 776 271 63 oberster
2625 783 327 71 Lieutnant

505 835 202 62 dessen
748 841 239 75 Dienst,
1025 861 177 46 natus
1232 869 80 60 30
1343 851 230 61 Martis
1611 858 162 77 1728
1800 858 18 26 2
1850 859 31 60 à
1921 863 256 73 Mazan,
2214 866 258 64 diocesis
2502 872 504 82 Carpentosacensi;

501 947 62 36 in
633 930 320 61 Comitatu
1019 936 442 79 Avenionensi,
1522 943 326 66 defunctus
1916 954 453 79 7™Decemb.
2436 960 158 61 1801
2662 963 153 62 hora
2871 981 108 61 medi-

498 1019 290 61 secundœ
821 1028 353 72 matutinœ,
1209 1044 197 47 tactus
1441 1038 325 79 apoplexia

679 1109 97 61 De
827 1134 106 39 son
983 1119 271 82 mariage
1303 1143 146 40 avec
1499 1126 55 58 la
1603 1124 121 63 fille
1776 1131 72 59 de
1902 1133 299 76 Rameau,
2241 1140 285 61 Gaultier
2561 1147 161 59 avait
2759 1170 96 52 eu,
2891 1175 116 52 outre

494 1201 82 55 les
613 1218 57 92 5^
685 1202 235 62 enfants
955 1206 105 62 nés
1094 1208 32 61 à
1159 1212 284 85 Andrésy
1479 1231 58 44 et
1588 1218 151 63 dont
1794 1245 149 39 nous
1993 1247 187 40 avons
2224 1230 132 81 déjà
2403 1234 212 80 publié
2661 1239 81 58 les
2788 1256 151 50 actes
2973 1256 34 61 de

535 1291 263 78 aptême,
837 1296 162 61 deux
1032 1296 91 63 fils
1157 1324 106 39 nés
1296 1326 30 37 a
1366 1306 185 75 Paris,
1588 1310 123 61 l'un
1750 1314 985 87 André-Claude-Louis-Marie,
2764 1353 74 38 en
2876 1341 122 67 1767

491 1381 17 54 1
535 1395 191 60 autre,
766 1385 738 92 Paul-Marie-Auguste,
1542 1423 74 37 en
1655 1421 158 64 1771
1838 1404 17 28 3
1861 1453 11 12 .
1914 1408 667 69 Marie-Alexandrine
2620 1419 277 66 Rameau
2928 1451 59 43 sur-

489 1486 184 43 vécut
709 1495 31 37 a
787 1495 106 41 son
943 1482 155 58 mari
1135 1484 147 61 d'un
1326 1509 122 59 peu
1482 1493 138 78 plus
1655 1493 74 59 de
1766 1513 38 62 7
1841 1518 102 39 ans
1969 1523 13 48 ;
2035 1501 113 59 elle
2182 1518 202 47 rentra
2420 1507 146 61 dans
2600 1510 55 59 le
2692 1513 245 66 Comtat
2980 1548 25 35 et

487 1579 254 44 mourut
775 1588 31 37 a
842 1569 234 63 Mazan
1113 1575 55 59 le
1213 1576 71 61 18
1322 1576 225 64 février
1593 1583 161 63 1808
1781 1587 18 25 4
1805 1636 10 12 .
2943 1570 11 23 '

667 1655 89 61 Le
789 1663 262 76 portrait
1086 1686 120 61 que
1239 1691 155 38 nous
1414 1670 297 84 joignons
1759 1675 33 61 à
1843 1696 97 46 cet
1990 1683 214 61 article
2255 1701 58 46 et
2359 1688 152 61 dont
2552 1714 155 40 nous
2742 1696 214 68 devons
2979 1709 25 60 li

482 1747 465 83 photographie
980 1752 33 61 à
1046 1754 325 66 l'extrême
1406 1762 364 84 obligeance
1803 1769 73 61 de
1914 1772 102 61 M.
2059 1775 315 86 Belleudy,
2427 1802 158 41 nous
2633 1782 114 64 fait
2798 1790 130 61 voir
2963 1818 18 38 e
2982 1752 19 109 '„

484 1838 285 58 Gaultier
827 1861 79 38 un
962 1841 259 66 homme
1274 1848 229 64 d'assez
1559 1858 193 77 grand
1805 1861 89 58 air
1950 1876 61 46 et
2064 1863 74 61 de
2199 1869 157 58 teint
2407 1871 208 61 coloré
2648 1899 16 48 ;
2717 1879 206 61 revêtu
2966 1886 38 64 de

525 1929 310 59 uniforme
870 1929 102 64 des
1008 1955 485 66 mousquetaires
1528 1945 74 61 de
1637 1947 54 61 la
1736 1952 69 56 î™
1838 1957 396 82 compagnie,
2272 1960 290 63 Gaultier
2600 1983 178 61 porte
2811 1970 56 59 la
2910 1993 91 43 sou.

477 2018 277 61 breveste
787 2021 177 63 bleue
997 2026 267 66 doublée
1297 2034 76 61 de
1406 2056 193 61 rouge
1635 2056 61 46 et
1731 2046 214 79 garnie
1973 2046 144 64 d'un
2156 2049 226 66 double
2417 2054 188 63 bordé
2631 2059 274 79 d'argent
2925 2090 76 48 que

474 2110 196 56 décrit
720 2110 18 58 1
766 2112 153 59 Etat
947 2115 264 63 militaire
1241 2123 69 58 de
1340 2123 64 60 la
1437 2128 223 61 France
1693 2133 74 58 de
1815 2135 186 82 1765.
2034 2138 101 61 On
2166 2145 274 82 aperçoit
2471 2150 228 74 même,
2730 2173 76 38 au
2834 2156 165 66 milieu

472 2204 73 51 de
578 2204 56 53 la
667 2217 295 66 poitrine,
1000 2229 119 41 une
1152 2214 198 79 partie
1386 2214 74 63 de
1564 2222 56 61 la
1653 2227 175 58 croix
1879 2227 261 63 blanche
2186 2255 147 40 avec
2369 2255 216 63 quatre
2620 2239 183 66 fleurs
2852 2247 68 61 de
2948 2252 51 61 lus

469 2308 122 41 aux
649 2290 298 69 branches
1005 2300 213 64 ornées
1277 2305 73 61 de
1409 2308 279 66 flammes
1803 2318 109 81 qui
1965 2321 272 63 décorait
2290 2344 163 45 cette
2504 2331 289 63 brillante
2839 2354 157 48 tenue.

469 2392 51 45 G
545 2397 87 43 est
670 2407 78 38 un
787 2392 190 76 pastel
1013 2392 35 61 d
1079 2417 119 38 une
1234 2397 203 63 bonne
1470 2402 241 66 facture
1747 2425 61 46 et
1846 2412 152 61 dont
2031 2417 462 66 l'authenticité
2532 2448 76 38 ne
2643 2432 224 59 saurait
2913 2432 86 64 être

466 2488 153 43 mise
652 2496 74 38 en
764 2478 208 76 doute,
1008 2504 101 40 car
1142 2488 43 59 il
1221 2491 99 58 n'a
1345 2491 221 81 jamais
1602 2498 203 82 quitté
1841 2501 56 61 la
1930 2501 236 66 famille
2196 2509 287 66 Gaultier
2504 2516 221 79 depuis
2752 2519 244 76 l'époque

464 2582 79 38 ou
581 2570 663 71 Mane-Alexandrine
1282 2580 279 68 Rameau
1599 2605 87 43 est
1721 2613 201 43 venue
1957 2603 242 58 mourir
2232 2600 33 61 à
2303 2605 256 64 Mazan.
2600 2610 53 61 Il
2689 2618 307 66 appartient

461 2656 437 66 actuellement
947 2686 33 39 a
1030 2666 102 64 M.
1185 2671 656 74 Aimé-Marie-Félix
1894 2686 257 79 Baudet,
2201 2694 412 84 propriétaire
2653 2725 74 38 au
2770 2707 224 76 quartier

459 2752 74 51 de
599 2752 302 77 Terraud,
967 2780 71 38 en
1109 2760 257 79 Mazan,
1434 2770 109 82 qui
1622 2773 153 63 n'est
1843 2793 173 48 autre
2079 2806 122 61 que
2267 2788 270 64 l'arriére
2605 2796 282 71 petit-fils
2943 2801 51 58 du

456 2857 474 64 mousquetaire.

477 3017 10 17 ,
568 3019 23 13 .
621 3022 21 10 .
639 2930 81 61 Et
723 2981 18 53 .'
776 2956 33 38 e
875 3029 13 26 ,
888 2938 145 63 effet
1038 2989 15 25 '
1091 2943 960 81 André-Claude-Louis-Marie
2102 2966 74 61 de
2229 2968 310 79 Gaultier,
2587 2976 186 63 l'aîné
2808 2979 97 63 des
2933 2979 58 63 fils

454 3027 73 51 de
566 3027 662 71 Mane-Alexandrine
1269 3039 300 79 Rameau,
1604 3045 229 86 épousa
1856 3052 53 61 le
1947 3055 71 61 18
2049 3055 208 66 floréal
2295 3085 74 38 an
2410 3065 188 76 XIII,
2636 3067 30 61 à
2709 3072 282 77 Venasque

456 3116 386 81 (Vaucluse),
881 3141 116 41 une
1030 3123 356 66 demoiselle
1424 3133 841 94 Marie-Angélique-Reine
2303 3154 267 63 Mourre
2608 3161 84 61 St.
2719 3161 272 64 Martin.'

455 3215 95 45 IJe
587 3226 69 38 ce
689 3229 273 66 mariage
997 3221 327 79 naquirent
1359 3225 163 62 deux
1556 3227 150 65 filles
1739 3255 13 37 :

670 3443 152 46 lwture
842 3400 155 94 à'S
1653 3410 152 56 Blayne
1808 3446 10 18 '
1851 3431 28 28 *
1907 3420 61 39 é,é
2222 3438 73 43 P«
2643 3433 94 43 àla
2768 3436 101 43 suite
2900 3436 90 43 tm

560 3504 15 23 *
607 3506 162 50 Erreur,
795 3523 20 25 c
834 3521 55 28 est
911 3511 37 40 le
973 3528 46 35 31
1049 3530 107 26 mars
1180 3534 78 38 que
1280 3525 144 51 naquit
1448 3527 201 43 Gaultier.

558 3612 14 22 4
595 3565 135 90 r^t
731 3580 12 25 C
747 3567 173 88 T^\
921 3572 147 83 Ven^
1075 3589 49 27 Ue
1123 3634 23 21 ,
1150 3578 12 48 (
1166 3579 35 76 y
1206 3593 22 26 a
1262 3579 106 42 duSe
1372 3584 13 50 )
1408 3588 92 37 Acte
1519 3588 47 38 de
1587 3591 136 39 maria
1724 3605 26 38 s
1751 3607 17 24 e
1790 3594 188 44 d'André
2001 3597 156 44 Claude
2178 3605 291 44 Louis-Marie
2491 3611 49 39 de
2565 3611 189 43 Gaultier

595 3622 138 42 Greffe
752 3625 56 39 du
826 3629 206 43 Tribunal
1054 3634 94 40 civil
1169 3638 48 39 de
1242 3639 254 56 Carpentras.
1519 3647 117 41 Décès
2873 3650 47 38 de
1909 3662 122 35 1808.

496 3683 16 24 5
534 3682 95 38 Etat
651 3682 94 41 civil
767 3685 49 40 de
837 3688 225 56 Venasque.
1090 3695 250 53 (Vaucluse),
