3053 4313
1149 378 604 92 Courrier
1827 376 686 94 Financier

687 742 254 52 L'activité
987 741 257 48 financière
1283 741 113 45 d'un
1439 757 129 47 pays,
1613 756 192 30 comme
1843 738 280 48 l'ensemble
2161 739 57 46 de
2256 756 84 30 son
2380 738 245 48 évolution
2667 739 292 72 économique
2991 788 9 7 -

543 818 203 47 soumise
773 816 25 45 à
825 814 332 47 d'incessantes
1185 809 364 50 modifications.

686 888 93 47 Ces
808 884 348 48 modifications
1184 883 263 62 répondent
1476 882 23 47 à
1529 883 80 46 des
1637 883 183 46 besoins
1847 898 251 29 nouveaux
2128 882 54 45 de
2225 893 130 34 toute
2397 894 184 49 nature,
2622 882 25 47 à
2686 883 79 47 des
2803 892 201 58 transforrr,:

543 962 122 44 tions
691 958 55 46 de
775 957 42 47 la
842 957 73 45 vie
941 955 186 59 sociale,
1157 955 79 46 des
1265 953 262 61 habitudes,
1557 954 126 46 voire
1712 953 158 46 même
1898 952 80 47 des
2004 952 153 63 goûts.

685 1029 100 55 Qui
826 1029 148 44 aurait
1014 1044 61 45 pu
1114 1025 200 64 prédire,
1357 1025 98 64 il.y
1493 1043 25 28 a
1557 1043 94 28 une
1700 1024 241 63 vingtaine
1984 1021 241 64 d'années,
2265 1040 59 30 au
2365 1037 220 33 moment
2623 1025 62 46 où
2727 1024 64 48 les
2827 1016 201 83 principal

540 1101 243 47 émissions
808 1100 305 47 consistaient
1147 1115 59 30 en
1249 1098 181 45 valeurs
1470 1098 53 45 de
1564 1096 217 47 chemins
1819 1096 56 46 de
1916 1095 66 46 fer
2023 1096 214 61 français,
2277 1095 58 46 de
2373 1096 359 64 charbonnages
2770 1115 62 30 ou
2859 1100 50 48 de
2942 1094 87 68 min»!

536 1171 374 59 sud-africaines,
949 1188 108 43 que,
1099 1169 77 45 dix
1216 1185 82 29 ans
1335 1166 147 64 après,
1515 1169 50 44 1a
1604 1185 196 43 presque
1847 1166 184 47 totalité
2070 1166 79 46 des
2194 1167 221 60 capitaux
2459 1169 139 45 serait
2642 1169 220 47 absorbée
2905 1192 60 43 par
2986 1189 20 43 4

539 1245 245 47 émissions
809 1244 55 44 de
894 1241 136 48 fonds
1049 1240 188 48 d'Etats
1264 1240 239 63 étrangers
1529 1253 46 33 et
1602 1239 336 64 d'obligations
1965 1239 56 45 de
2049 1239 220 47 chemins
2295 1239 56 45 de
2380 1239 68 45 fer
2474 1240 234 62 garanties
2735 1258 80 44 par
2841 1242 71 50 des
2929 1247 75 58 Etat,
3017 1280 7 12 •

682 1312 79 48 De
789 1313 174 59 même,
994 1311 41 47 la
1065 1311 223 46 modalité
1329 1311 56 46 de
1425 1327 77 30 ces
1540 1310 293 62 placements
1870 1310 109 47 s'est
2018 1307 239 62 modifiée,
2299 1326 59 29 en
2399 1327 54 30 ce
2491 1327 105 30 sens
2633 1329 94 43 que
2765 1310 97 49 l'on
2900 1334 93 43 procc

536 1387 300 46 maintenant
875 1383 155 64 plutôt
1070 1400 78 44 par
1175 1382 245 47 émissions
1446 1382 246 62 publiques
1717 1399 91 45 que
1836 1399 80 44 par
1946 1381 325 47 introduction
2300 1399 59 29 en
2389 1381 196 61 Bourse,
2615 1395 46 34 et
2689 1382 42 47 le
2761 1388 177 49 marché
2958 1396 31 47 de

531 1457 292 63 spéculation
854 1470 67 33 est
949 1456 55 45 de
1032 1456 102 61 plus
1160 1472 58 28 en
1249 1454 101 63 plus
1377 1452 191 48 délaissé
1594 1471 59 29 au
1683 1452 137 62 profit
1848 1453 80 47 des
1952 1454 163 46 achats
2142 1453 186 61 directs,
2369 1471 94 29 aux
2501 1456 217 61 guichets
2758 1456 78 48 des
2874 1460 131 68 banque*

681 1528 131 48 C'est
839 1546 58 28 en
925 1527 146 62 partie
1099 1526 25 47 à
1151 1538 75 35 cet
1254 1526 95 45 état
1377 1524 57 47 de
1461 1526 162 47 choses
1650 1524 116 64 qu'il
1796 1524 99 46 faut
1922 1526 230 44 attribuer
2181 1523 39 47 le
2251 1526 202 45 nombre
2481 1526 228 47 croissant
2746 1527 79 47 des
2863 1528 141 56 émissir-

539 1602 117 45 dont
685 1599 41 47 le
755 1612 221 34 montant
1004 1614 115 46 pour
1148 1597 42 47 la
1216 1597 129 48 seule
1372 1597 152 45 année
1560 1612 57 47 19
1632 1612 60 32 10
1720 1595 188 61 dépasse
1940 1595 40 47 le
2017 1593 167 49 chiffre
2225 1597 56 45 de
2326 1609 24 47 5
2396 1597 227 47 milliards
2661 1598 57 46 de
2759 1598 147 51 francs
2929 1611 80 52 ;cV

536 1673 117 46 aussi
684 1689 92 28 une
806 1672 77 45 des
910 1672 175 45 raisons
1110 1672 78 59 qui
1218 1682 207 49 peuvent
1455 1668 186 47 décider
1669 1668 64 47 les
1759 1665 284 65 capitalistes
2068 1667 25 47 à
2121 1684 59 30 11e
2209 1686 80 43 pas
2314 1667 240 66 s'effrayer
2581 1669 56 46 de
2679 1669 284 55 l'abondance
2985 1686 21 43 d-

539 1743 140 48 offres
705 1743 79 62 qui
816 1743 99 45 leur
941 1754 108 34 sont
1079 1741 133 46 faites
1239 1741 162 61 depuis
1428 1740 228 64 quelques
1682 1740 189 47 années.

680 1814 39 47 Il
747 1832 29 47 y
804 1832 59 28 en
892 1833 25 28 a
945 1813 203 48 d'autres
1178 1813 115 47 dont
1321 1813 329 61 l'importance
1681 1810 119 50 n'est
1829 1829 78 45 pas
1935 1810 215 47 moindre
2177 1828 9 29 :

679 1886 139 47 Tout
846 1885 208 60 d'abord,
1088 1903 58 29 ne
1175 1885 201 62 perdons
1402 1903 79 43 pas
1508 1885 56 46 de
1592 1903 87 28 vue
1709 1901 88 45 que
1827 1900 120 29 nous
1971 1882 153 47 allons
2150 1896 159 33 entrer
2350 1884 117 47 dans
2505 1901 95 30 une
2639 1884 190 63 période
2867 1889 133 53 intens:.

536 1959 451 45 d'amortissements
1014 1969 47 33 et
1089 1956 54 46 de
1173 1957 435 45 remboursements
1635 1956 79 46 des
1740 1968 249 48 emprunts
2015 1956 77 61 qui
2123 1966 86 35 ont
2237 1954 75 47 été
2338 1954 119 48 émis
2486 1973 99 29 vers
2612 1955 43 48 le
2684 1956 162 48 milieu
2873 1959 55 49 du
2947 1966 79 52 siècH

535 2030 203 47 dernier.

676 2100 137 48 D'un
842 2114 131 33 autre
1002 2098 124 61 côté,
1154 2116 61 29 on
1245 2111 211 34 constate
1485 2117 107 45 que,
1622 2100 164 61 depuis
1824 2097 205 64 quelque
2068 2110 170 51 temps,
2280 2098 43 47 le
2363 2111 113 36 taux
2516 2117 177 47 moyen
2735 2101 56 47 de
2830 2102 171 62 placemet
3020 2125 7 32 ;

533 2172 55 47 de
616 2172 44 46 la
685 2171 189 47 fortune
903 2169 244 47 mobilière
1175 2169 225 60 française
1439 2169 108 47 s'est
1585 2186 141 30 accru
1754 2169 144 47 d'une
1927 2169 138 60 façon
2093 2182 266 34 constante.
2403 2169 144 49 Cette
2582 2172 366 51 transformation
2967 2178 39 50 sV
3020 2175 8 60 [

530 2243 170 62 opérée
724 2260 107 29 sous
858 2243 149 46 forme
1037 2241 279 64 d'arbitrage
1345 2242 80 47 des
1453 2243 181 46 bonnes
1660 2242 177 47 vieilles
1865 2241 181 48 valeurs
2086 2242 250 61 françaises
2363 2256 166 34 contre
2557 2244 79 46 des
2662 2246 131 45 titres
2831 2263 169 46 rapporta-

536 2332 31 44 -4
596 2328 47 33 et
673 2327 25 48 5
713 2312 87 82 _°/o-

677 2385 42 47 Si
750 2385 96 47 l'on
875 2384 179 47 calcule
1082 2384 397 64 l'augmentation
1508 2385 56 46 de
1592 2402 177 29 revenu
1796 2385 78 63 qui
1904 2397 114 49 peut
2057 2402 45 30 se
2143 2385 221 63 produire
2403 2387 56 45 de
2500 2404 53 30 ce
2594 2387 84 47 fait
2714 2404 77 30 sur
2829 2387 177 53 l'ensemls

531 2459 80 47 des
652 2458 182 47 valeurs
874 2456 266 49 mobilières
1179 2456 267 64 étrangères
1490 2456 227 47 détenues
1763 2474 80 45 par
1885 2456 65 47 les
1994 2458 322 61 portefeuilles
2360 2458 216 61 français,
2620 2477 63 29 on
2730 2473 67 34 est
2841 2462 129 63 frappé
2993 2484 7 28 :

534 2529 329 62 l'importance
891 2529 63 46 du
982 2526 164 49 chiffre
1174 2529 80 62 qui
1282 2526 198 66 s'ajoute
1509 2529 55 46 de
1593 2547 52 29 ce
1674 2529 84 46 fait
1785 2529 25 46 à
1837 2545 120 30 ceux
1985 2545 89 46 que
2105 2547 119 29 nous
2250 2547 144 29 avons
2422 2530 182 47 donnés
2631 2530 237 50 ci-dessus.

676 2600 77 47 En
783 2599 127 62 effet,
938 2599 277 48 l'ensemble
1258 2600 56 46 de
1362 2613 133 34 notre
1543 2601 190 46 fortune
1780 2600 246 47 mobilière
2069 2613 69 34 est
2180 2600 164 48 évalué
2382 2604 511 59 approximativement
2925 2605 19 46 à
2972 2622 34 33 ut

534 2672 225 47 milliards
798 2671 55 47 de
894 2672 169 60 francs,
1099 2689 77 30 sur
1211 2671 200 64 lesquels
1457 2688 65 44 40
1566 2672 225 47 milliards
1832 2674 198 45 environ
2076 2674 327 61 représentent
2449 2675 79 47 des
2575 2675 181 48 valeurs
2802 2676 196 65 étrangères

531 2745 139 45 fonds
696 2742 200 62 d'Etats,
925 2743 283 64 obligations
1246 2743 56 46 de
1343 2745 216 45 chemins
1601 2743 54 47 de
1701 2743 85 61 fer,
1833 2745 198 59 actions,
2079 2756 108 50 etc.,
2236 2746 80 62 qui
2364 2746 388 62 correspondent,
2798 2765 57 29 en
2896 2765 110 46 prenac:

531 2832 191 32 comme
769 2816 101 47 base
917 2815 41 47 le
1001 2827 113 36 taux
1161 2834 174 45 moyen
1382 2817 55 46 de
1485 2832 29 45 4
1542 2813 36 69 °/
1582 2858 17 19 y
1644 2816 112 61 l'an,
1803 2816 25 47 à
1881 2815 149 62 1,600
2073 2816 211 48 millions
2326 2818 56 46 de
2429 2835 199 32 revenus
2655 2820 209 48 annuels.
2902 2820 66 61 Or,
2989 2840 7 27 t

527 2900 272 49 supposant,
840 2905 107 44 que,
990 2905 77 43 par
1107 2888 119 46 suite
1265 2887 80 47 des
1382 2888 254 63 arbitrages
1673 2888 80 63 qui
1795 2888 288 47 continuent
2109 2888 25 47 à
2161 2906 45 29 se
2248 2890 219 61 produire
2506 2890 380 64 régulièrement,
2911 2891 32 47 le
2962 2905 42 33 tau

530 2976 177 47 moyen
737 2958 55 47 de
821 2976 75 29 ces
922 2957 290 62 placements
1249 2959 89 46 soit
1376 2959 133 61 porté
1536 2959 25 47 à
1592 2972 23 48 5
1641 2956 36 71 °/
1679 3000 19 20 0
1820 2971 47 35 et
1894 2958 30 48 il
1954 2958 83 66 n'y
2063 2977 25 29 a
2116 2959 43 47 là
2185 2978 189 30 aucune
2415 2962 304 63 exagération
2843 2963 26 47 il
2895 2963 101 46 faudra

531 3031 148 47 tabler
718 3031 55 47 de
813 3048 54 30 ce
905 3031 83 45 fait
1027 3047 77 31 sur
1142 3048 94 30 une
1277 3033 363 62 augmentation
1679 3032 57 47 de
1777 3050 200 30 revenus
2003 3033 250 47 d'environ
2295 3048 102 46 400
2439 3034 225 63 millions,
2699 3037 81 62 qui
2810 3036 191 47 viendrait:

526 3102 222 66 s'ajouter
793 3119 91 30 aux
926 3118 206 31 sommes
1176 3116 263 48 provenant
1481 3104 79 47 des
1603 3104 420 61 amortissements,
2070 3105 454 63 remboursements,
2571 3118 110 50 etc.,
2730 3119 45 35 et
2819 3118 180 52 augmente

526 3175 217 46 d'autant
771 3174 41 47 le
840 3171 164 50 chiffre
1033 3174 56 46 de
1117 3174 339 62 disponibilités
1481 3174 259 50 annuelles.

675 3244 86 49 On
790 3246 97 46 voit
914 3244 116 63 qu'il
1070 3243 82 67 n'y
1190 3263 27 29 a
1256 3263 78 44 pas
1372 3245 95 48 lieu
1495 3248 56 45 de
1576 3246 266 64 s'exagérer
1883 3245 331 65 l'importance
2243 3248 56 48 de
2327 3248 399 64 l'augmentation
2755 3250 77 48 des
2858 3249 162 48 émission-'

530 3316 306 64 enregistrées
863 3334 75 31 ces
963 3329 154 51 temps
1148 3318 207 48 derniers
1383 3335 9 31 :
1424 3319 86 47 elle
1551 3332 67 35 est
1658 3319 108 61 due,
1806 3337 60 29 en
1905 3320 177 64 grande
2116 3321 164 61 partie,
2319 3320 26 48 à
2384 3339 54 29 ce
2464 3323 84 45 fait
2575 3340 92 46 que
2695 3340 120 30 nous
2840 3335 165 35 travers®:

530 3406 58 30 en
618 3406 53 30 ce
700 3400 219 34 moment
945 3406 94 28 une
1067 3389 188 62 période
1286 3390 54 46 de
1362 3391 198 62 grandes
1598 3390 410 48 transformations
2048 3403 45 35 et
2133 3404 106 35 tout
2277 3392 83 46 fait
2398 3392 244 63 présumer
2681 3413 107 44 que,
2827 3395 54 46 de

530 3460 118 63 plus,
677 3460 64 48 les
767 3461 218 62 capitaux
1014 3461 283 62 disponibles
1322 3475 158 34 seront
1518 3464 232 47 suffisants
1791 3481 118 44 pour
1955 3464 230 62 répondre
2227 3483 59 29 au
2332 3465 398 63 développement
2758 3467 55 46 de
2839 3464 166 49 l'outilla?

526 3532 318 62 économique
867 3532 226 47 mondial.

1220 3643 282 53 Société
1540 3644 411 53 Auxiliaire
1989 3645 128 52 des
2159 3646 343 64 Banques
2545 3648 402 62 Régionales

1677 3766 81 48 34,
1791 3751 108 48 Rue
1926 3752 57 47 de
2010 3751 41 48 la
2083 3753 231 61 Victoire,
2346 3753 141 50 Paris.
