3053 4313
1021 1068 411 51 GUILMANT
1486 1072 331 66 (Alexandre).

885 1138 39 49 V
927 1157 132 46 orgue
1166 1142 183 62 desXVl\
1864 1143 158 49 XVII
2043 1166 106 29 avec
2310 1148 44 47 la
2452 1148 228 49 collaborat

874 1211 53 48 les
954 1213 149 47 notices
1129 1213 330 66 biographiques
1483 1217 52 46 de
1561 1214 190 51 ANDRÉ
1779 1217 178 51 PIRRO.
2001 1220 261 62 (Meudon,
2300 1222 120 47 chez
2455 1222 219 62 l'auteur,

880 1298 61 33 10
968 1284 92 49 vol.
1092 1287 48 46 in
1168 1284 103 65 fol.)

1016 1386 40 48 Il
1097 1400 69 35 est
1202 1401 205 36 souvent
1445 1392 221 61 question
1709 1394 59 45 ici
1815 1392 176 63 même,
2036 1406 47 36 et
2128 1396 115 47 dans
2281 1396 64 48 les
2384 1410 196 36 travaux
2619 1400 57 47 de

871 1461 191 46 chacun
1101 1460 57 47 de
1200 1479 118 29 nous
1345 1461 57 47 de
1430 1479 77 30 ces
1534 1462 302 48 Denkmaeler
1873 1467 79 61 qui
1992 1466 107 47 font
2138 1467 44 47 la
2218 1467 149 65 gloire
2406 1470 58 47 de
2504 1468 149 50 l'Alle-

871 1548 177 47 magne
1093 1532 245 62 musicale,
1390 1545 50 35 et
1492 1535 119 47 dont
1651 1535 66 48 les
1755 1537 171 62 grands
1967 1537 216 50 volumes
2221 1541 230 47 viennent
2492 1543 184 63 chaque

870 1603 156 48 année
1050 1621 48 30 se
1129 1621 169 47 ranger
1326 1604 296 49 docilement
1660 1623 78 31 sur
1777 1607 64 48 les
1879 1626 172 47 rayons
2090 1611 57 47 de
2185 1629 87 30 nos
2311 1612 362 65 bibliothèques.

874 1674 86 61 Là,
992 1674 30 47 il
1050 1687 70 35 est
1147 1677 115 61 vrai,
1291 1675 55 47 ils
1370 1693 48 31 se
1445 1691 236 34 couvrent
1709 1681 170 61 parfois
1906 1682 58 46 de
1991 1682 235 61 poussière
2253 1695 47 35 et
2328 1683 40 48 le
2398 1683 179 50 lecteur
2612 1686 65 48 les

871 1745 174 50 vénère
1084 1748 243 61 peut-être
1365 1761 185 50 autant,
1590 1752 140 45 sinon
1770 1750 104 64 plus
1914 1752 118 63 qu'il
2072 1771 60 30 ne
2171 1753 65 48 les
2274 1756 231 48 consulte.
2546 1757 131 48 Mais

872 1818 271 62 cependant
1187 1837 79 29 ces
1312 1820 288 63 imposantes
1646 1822 298 63 collections,
1992 1824 119 47 dont
2151 1824 145 51 MM.
2343 1827 256 63 Breitkopf
2629 1842 48 34 et

876 1889 196 48 Haertel
1098 1903 284 49 supportent
1408 1891 45 47 le
1481 1893 148 61 poids,
1658 1894 205 47 rendent
1901 1895 66 47 les
2006 1895 106 62 plus
2140 1896 238 50 éminents
2415 1902 198 45 services
2652 1900 25 49 à

874 1961 43 47 la
945 1979 138 31 cause
1111 1963 58 47 de
1210 1963 277 48 l'érudition
1530 1976 50 35 et
1605 1978 189 34 servent
1821 1968 119 47 aussi
1971 1969 371 48 indirectement
2380 1970 43 48 la
2462 1974 214 61 pratique

874 2034 58 47 de
971 2051 87 31 nos
1096 2046 233 37 concerts.
1361 2035 66 47 Ni
1456 2035 152 62 Bach,
1636 2039 48 45 ni
1716 2037 237 63 Haendel,
1982 2056 121 45 pour
2131 2058 60 30 ne
2218 2043 117 45 citer
2362 2060 93 46 que
2481 2044 195 48 ceux-là

874 2105 269 48 n'auraient
1169 2107 93 63 pris
1289 2107 107 63 pied
1436 2110 33 46 si
1510 2107 233 50 aisément
1782 2110 116 48 dans
1937 2124 137 35 notre
2105 2114 73 47 vie
2206 2115 244 61 musicale,
2476 2133 106 30 sans
2608 2116 65 48 les

881 2189 97 48 150
1006 2177 216 48 volumes
1249 2178 218 63 (environ
1496 2191 165 51 quatre
1703 2180 175 49 mètres
1916 2183 145 47 cubes
2099 2183 56 47 de
2194 2186 178 62 papier)
2399 2204 91 46 que
2517 2187 131 63 repré-

872 2261 192 36 sentent
1092 2250 65 48 les
1183 2250 202 49 éditions
1412 2251 262 63 complètes
1700 2253 56 46 de
1784 2253 125 49 leurs
1933 2272 200 32 œuvres.

1018 2321 146 62 Mais,
1205 2340 122 29 nous
1364 2324 137 61 aussi,
1542 2341 61 29 en
1643 2324 200 61 France,
1884 2344 120 30 nous
2048 2345 146 30 avons
2235 2346 85 29 nos

876 2392 278 48 Seulement
1206 2393 31 47 il
1290 2411 119 30 nous
1453 2412 207 46 manque
1712 2413 66 30 un
1825 2396 258 64 Breitkopf
2119 2416 119 44 pour
2283 2399 66 49 les
2395 2413 173 36 mettre
2612 2421 61 29 en

874 2482 163 29 œuvre
1067 2477 47 34 et
1140 2464 65 47 les
1232 2464 263 64 multiplier
1520 2484 114 30 avec
1662 2467 242 49 méthode.
1934 2468 146 50 MM.
2105 2469 206 49 Durand
2338 2484 85 35 ont
2451 2473 82 48 fait
2559 2492 113 29 avec

124 2530 203 51 Rameau
354 2553 94 29 une
475 2534 283 64 expérience
786 2535 119 49 dont
931 2538 188 46 chacun
1147 2537 100 48 leur
1275 2539 85 46 sait
1388 2538 95 63 gré,
1509 2540 116 46 mais
1652 2540 81 61 qui
1763 2557 59 29 ne
1843 2542 179 45 semble
2044 2559 79 45 pas
2145 2543 159 48 devoir
2324 2562 47 29 se
2396 2545 282 49 renouveler

119 2603 113 48 sitôt.
263 2606 82 46 Un
372 2619 133 34 autre
533 2606 184 47 éditeur
744 2609 201 60 parisien
974 2608 79 62 (ne
1081 2608 43 47 le
1152 2625 259 31 nommons
1437 2627 93 44 pas,
1562 2609 29 47 il
1620 2610 179 48 déteste
1826 2611 44 47 la
1909 2611 223 65 réclame)
2161 2627 83 34 eut
2277 2615 118 64 jadis
2433 2615 45 49 la
2518 2619 159 45 bonne

122 2674 172 49 fortune
334 2679 54 47 de
429 2691 191 35 trouver
656 2697 61 28 en
757 2691 137 36 notre
935 2679 214 65 collègue
1191 2681 171 65 Henry
1402 2680 184 64 Expert
1624 2700 67 30 un
1731 2700 265 31 amoureux
2037 2685 63 47 du
2135 2685 129 48 XVI
2268 2689 17 20 e
2287 2725 13 22 ,
2337 2698 47 35 et
2423 2688 254 49 l'honneur

122 2744 180 52 d'éditer
336 2768 104 30 sans
473 2751 110 47 frais
621 2763 124 34 cette
774 2751 328 47 merveilleuse
1133 2751 273 48 Collection
1435 2754 79 47 des
2276 2758 142 48 Cette
2447 2763 229 44 tentative

120 2813 11 47 1
152 2817 208 51 intéressa
386 2824 34 45 si
449 2839 92 44 peu
567 2820 112 65 qu'à
706 2824 136 59 peine
870 2840 84 29 son
981 2824 241 47 existence
1251 2822 228 49 était-elle
1506 2843 192 29 connue
1726 2826 78 47 des
1830 2826 244 65 employés
2102 2829 54 45 de
2184 2846 46 30 sa
2257 2831 181 46 maison
2466 2829 8 48 !
2519 2831 72 68 Çà
2627 2845 47 33 et

122 2886 35 48 là
180 2888 311 52 s'annoncent
518 2892 66 48 les
608 2910 215 32 amorces
849 2895 190 47 timides
1065 2895 57 47 de
1149 2895 278 48 collections
1454 2896 414 65 musicologiques,
1900 2900 117 45 mais
2056 2899 112 48 elles
2206 2918 58 29 ne
2304 2915 186 34 servent
2530 2904 146 62 guère

119 2959 99 61 qu'à
244 2963 287 64 démontrer,
560 2966 114 46 dans
701 2979 137 34 notre
866 2966 202 47 librairie
1097 2966 243 62 musicale,
1370 2966 234 49 l'absence
1633 2968 56 47 de
1717 2971 300 61 propagande
2044 2971 205 48 efficace.

250 3033 36 47 Il
315 3048 67 35 est
409 3037 269 62 cependant
712 3055 96 29 une
834 3055 164 29 œuvre
1026 3038 79 62 qui
1133 3056 47 29 se
1208 3039 229 61 poursuit,
1464 3056 106 30 sans
1595 3039 43 47 le
1663 3057 188 31 secours
1878 3041 208 48 d'aucun
2114 3042 198 62 éditeur,
2340 3056 49 34 et
2414 3046 138 62 grâce
2579 3046 27 46 à
2632 3046 42 47 la

120 3102 322 54 collaboration
481 3109 56 46 de
578 3109 124 47 deux
741 3109 191 47 maîtres
971 3111 56 45 de
1068 3109 43 49 la
1150 3112 158 46 bonne
1349 3112 233 61 musique.
1622 3111 132 48 C'est
1782 3112 250 48 l'Archive
2058 3114 56 47 de
2144 3113 208 65 l'Orgue
2380 3117 185 63 rédigée
2593 3136 80 44 par

122 3172 131 52 MM.
279 3179 62 47 A.
372 3178 260 51 Guilmant
670 3192 49 35 et
745 3182 64 47 A.
839 3180 150 63 Pirro,
1020 3182 124 45 deux
1185 3182 56 47 de
1281 3199 88 30 nos
1407 3182 105 62 plus
1550 3183 246 48 éminents
1832 3184 254 64 collègues.
2130 3184 186 65 Depuis
2356 3189 179 61 quinze
2572 3207 99 43 ans,

122 3244 90 58 près
236 3248 53 47 de
317 3252 111 45 trois
454 3250 131 47 mille
612 3268 140 46 pages
780 3252 181 62 infolio,
981 3253 210 46 formant
1218 3253 80 47 dix
1321 3271 105 45 gros
1445 3253 232 63 volumes,
1699 3267 86 34 ont
1812 3272 92 44 peu
1929 3255 27 47 à
1982 3273 89 45 peu
2100 3274 63 30 vu
2191 3257 41 47 le
2255 3259 123 62 jour,
2399 3258 25 47 à
2447 3258 224 49 Meudon

119 3315 109 48 chez
268 3319 76 51 M.
388 3320 261 51 Guilmant
691 3321 63 49 lui
799 3323 175 61 même,
1016 3335 47 35 et
1088 3324 212 47 forment
1337 3343 66 29 un
1434 3324 226 48 véritable
1700 3339 291 34 monument
2031 3326 129 49 élevé
2198 3328 26 47 à
2262 3328 43 48 la
2342 3329 148 64 gloire
2532 3332 56 45 de
2630 3332 42 47 la

120 3390 219 62 musique.
368 3393 347 67 Aujourd'hui,
745 3394 63 47 où
834 3407 107 35 tout
968 3413 47 29 se
1041 3396 103 60 sait,
1173 3395 29 47 il
1232 3408 114 49 peut
1371 3396 204 47 sembler
1604 3398 270 64 incroyable
1906 3398 154 63 qu'un
2099 3399 142 62 pareil
2281 3399 166 48 édifice
2486 3419 60 29 ne
2584 3405 89 45 soit

123 3471 71 45 pas
231 3464 157 47 mieux
427 3478 48 34 et
514 3465 103 62 plus
654 3466 421 47 universellement
1114 3484 179 30 connu.
1331 3466 118 48 Cela
1483 3469 123 45 tient
1633 3469 194 47 d'abord
1854 3469 27 47 à
1906 3469 43 48 la
1976 3470 231 47 modestie
2232 3471 79 47 des
2337 3485 204 50 auteurs,
2572 3476 102 60 puis

122 3532 105 45 aussi
254 3532 25 47 à
305 3551 52 31 ce
385 3536 82 47 fait
493 3554 91 44 que
611 3536 183 64 l'orgue
815 3550 69 34 est
910 3555 66 29 un
1006 3539 288 45 instrument
1314 3539 257 62 spécialisé,
1592 3540 118 47 dont
1731 3558 91 44 peu
1850 3541 56 46 de
1934 3542 255 46 musiciens
2216 3555 85 33 ont
2328 3541 42 48 la
2390 3545 213 62 pratique
2625 3561 47 35 et

124 3614 80 43 peu
232 3602 280 53 d'amateurs
538 3607 43 48 la
602 3610 282 63 jouissance.
913 3608 378 65 L'imagination
1319 3611 64 46 du
1409 3611 194 61 profane
1632 3624 67 34 est
1723 3611 205 48 alarmée
1954 3612 27 47 à
2006 3611 140 48 l'idée
2173 3612 56 47 de
2255 3630 47 31 se
2329 3612 197 66 plonger
2559 3617 114 50 dans

122 3666 56 50 les
200 3677 204 48 archives
429 3680 56 45 de
514 3696 85 32 nos
626 3681 138 46 vieux
792 3681 206 48 maîtres.

2632 3807 39 47 4
