3053 4313
1538 317 76 69 S.
1693 315 66 68 I.
1832 312 117 81 M.

479 337 100 88 84

472 486 173 45 chanta
688 479 222 62 quelques
951 473 179 58 lieders,
1169 468 186 46 Arthur
1399 465 108 47 Van
1553 462 198 48 Dooren
1793 458 257 62 interpréta
2093 473 112 31 avec
2258 473 94 28 une
2395 453 165 64 pureté
2607 454 253 60 technique
2894 458 72 57 éton-

474 565 144 37 nante
656 551 42 47 la
740 548 26 47 8
771 556 16 20 e
816 545 232 62 Rapsodie
1089 539 262 59 Polonaise,
1392 548 45 33 et
1483 526 25 81 S
1533 526 25 81 1
1583 526 199 81 François
1824 531 248 47 marchant
2116 545 77 30 sur
2236 527 64 46 les
2339 526 146 47 Flots.
2531 526 182 45 Aucun
2754 526 178 59 pianiste
2953 555 33 34 ne

474 623 207 63 pourrait
720 617 262 63 prétendre,
1008 613 125 46 chez
1152 627 133 42 nous,
1316 608 24 46 à
1382 604 203 49 rivaliser
1627 621 113 29 avec
1765 602 106 47 Van
1914 600 198 47 Dooren
2152 611 150 49 quant
2348 597 24 45 à
2413 595 43 47 la
2494 594 259 47 virtuosité.
2796 595 188 65 Applaudi

472 694 455 53 chaleureusement,
951 702 56 29 en
1037 694 132 36 toute
1192 680 171 67 justice
1389 677 112 61 fêté,
1525 675 191 47 l'artiste
1740 691 119 29 nous
1878 670 126 50 offrit
2032 689 57 28 en
2122 672 66 44 bis
2215 669 42 47 la
2285 668 250 47 délicieuse
2883 683 103 44 trans-
3020 668 2 79 ,

474 764 135 64 posée
636 780 58 29 en
1054 760 49 47 la
818 759 179 62 majeur
1131 752 118 49 Salle
1279 750 181 59 Studio,
2582 745 299 64 Marguerite
2048 743 113 45 dans
2199 758 66 28 un
2307 739 162 47 récital
2509 738 280 62 éclectique,
2831 757 101 34 nous
2958 750 29 51 fit

474 834 245 50 connaître
745 848 65 28 un
841 830 116 45 beau
985 824 193 65 prélude
1206 823 55 45 de
1286 819 115 48 Paul
1430 818 170 49 Gilson
1629 829 47 34 et
1704 816 64 46 les
1797 813 253 50 Variazoni
2076 811 123 65 quasi
2225 821 151 36 sonata
2404 810 56 46 de
2492 809 256 63 Raymond
2779 807 208 65 Moulaert,
3019 807 3 82 l

474 907 140 48 Cette
642 905 286 59 importante
973 895 315 62 composition
1335 891 114 47 d'un
1478 890 231 46 musicien
1749 886 382 57 consciencieux,
2171 894 168 34 atteste
2380 881 56 46 de
2474 880 169 47 solides
2681 879 194 63 qualités
2899 907 10 35 ;
2931 905 57 36 une

472 980 183 46 science
683 970 321 65 approfondie,
1032 969 104 47 sûre
1176 962 325 50 d'elle-même
1545 973 49 35 et
1620 960 314 62 dédaigneuse
1976 957 56 46 de
2071 954 146 48 l'effet
2255 951 263 63 superficiel
2551 974 10 37 ;
2592 969 94 29 une
2715 952 161 57 pensée
2903 957 72 52 réflé-

472 1049 106 47 chie
621 1045 216 57 sérieuse,
865 1041 80 62 qui
974 1037 215 49 n'exclut
1209 1053 77 45 pas
1307 1051 95 31 une
1429 1032 208 47 certaine
1661 1030 149 47 allure
1837 1026 296 65 personnelle
2164 1041 79 46 par
2272 1023 199 46 endoits.
2504 1022 59 47 M
2568 1018 37 29 lk
2605 1031 5 6 '
2629 1021 194 48 Laenen
2852 1030 137 54 possède

474 1136 64 30 un
566 1117 92 47 très
684 1112 324 64 remarquable
1034 1110 166 59 talent,
1229 1120 46 34 et
1313 1106 89 47 elle
1441 1105 168 45 mérite
1637 1102 80 47 des
1754 1100 336 63 compliments
2130 1115 118 44 pour
2282 1094 163 49 l'avoir
2472 1096 89 45 mis
2586 1112 60 28 au
2673 1094 172 46 service
2873 1097 48 47 de
2942 1119 49 35 nos

472 1188 353 63 compositeurs.
950 1183 61 47 M
1016 1178 43 31 lle
1087 1181 203 47 Godenne
1293 1215 12 24 ,
1352 1177 212 62 pianiste,
1606 1174 78 47 M.
1726 1172 313 48 Hildebrandt
2042 1208 13 22 ,
2095 1168 266 60 violoniste,
2390 1167 262 46 donnaient
2695 1164 42 47 le
2768 1164 61 47 26
2857 1186 57 29 un
2937 1177 55 48 très

474 1260 275 48 jintéressant
776 1270 313 48 programme,
1119 1268 111 30 avec
1260 1249 40 46 le
1328 1265 233 30 concours
1587 1247 54 46 de
1671 1246 12 45 1
1705 1246 237 45 orchestre
1982 1241 148 64 Isaye.
2163 1239 92 49 Ces
2281 1237 259 48 excellents
2565 1248 181 34 artistes
2772 1248 217 47 trouveront
3021 1237 1 81 (

474 1350 64 29 un
566 1329 162 50 succès
768 1326 184 48 mérité.
994 1324 70 49 Le
1105 1322 165 63 réputé
1309 1321 198 62 pianiste
1534 1335 123 30 russe
1699 1315 151 49 Marc
1878 1312 273 66 Meytschiek
2177 1329 26 30 a
2229 1309 238 62 triomphé
2509 1309 116 46 dans
2652 1326 66 28 un
2747 1308 166 65 récital,
2935 1314 57 52 àla

476 1402 197 51 Grande
719 1399 278 47 Harmonie.
1044 1395 94 47 Cet
1180 1394 158 46 artiste
1380 1402 69 35 est
1488 1408 59 28 en
1590 1389 254 62 possession
1892 1385 114 47 d'un
2051 1384 291 46 mécanisme
2385 1399 90 45 peu
2516 1380 249 60 ordinaire,
2806 1384 106 46 mais
2942 1404 49 33 son
3021 1380 1 73 ■

475 1472 359 63 inetrprétation
874 1482 67 34 est
979 1467 164 47 froide.
1280 1463 47 47 A
1354 1479 83 31 son
1467 1462 203 62 premier
1709 1456 178 61 récital,
1916 1454 225 49 Mathieu
2173 1453 247 48 Crickboom
2452 1468 118 30 nous
2605 1449 54 48 fit
2685 1451 229 61 apprécier
2935 1474 57 35 une

476 1547 85 45 fois
599 1545 55 46 de
697 1543 117 62 plus,
843 1540 43 47 la
912 1539 292 57 distinction,
1233 1534 277 63 l'élégance,
1539 1531 41 47 le
1627 1533 193 44 charme
1865 1528 115 48 d'un
2023 1528 81 63 jeu
2144 1524 293 63 impeccable
2478 1535 47 34 et
2551 1540 103 45 pur.
2697 1521 70 48 Le
2795 1522 197 56 deuxième

476 1628 194 37 concert
716 1614 197 48 Durant
957 1611 235 64 (musique
1238 1605 243 64 française)
1521 1622 101 29 sera
1666 1601 160 48 donné
1867 1618 113 30 avec
2025 1599 253 47 l'éminent
2318 1613 234 30 concours
2593 1595 27 47 d

476 1689 248 46 violoniste
764 1686 56 46 de
1307 1684 96 48 LL.
1559 1681 160 48 MM.
1190 1680 42 46 le
1276 1679 90 47 Roi
1408 1689 46 34 et
1493 1675 43 47 la
1577 1675 170 60 Reine,
1788 1674 118 45 dont
1947 1689 118 29 nous
2108 1686 173 31 aurons
2324 1667 42 47 le
2406 1667 153 62 plaisir
2597 1665 302 48 d'entretenir
2932 1672 60 60 plus

477 1760 311 47 longuement
832 1754 181 48 bientôt
1058 1770 85 29 nos
1183 1751 215 46 lecteurs.
1566 1747 86 49 On
1704 1763 220 29 annonce
1967 1756 112 32 tiois
2122 1757 190 31 séances
2358 1740 210 45 données
2611 1755 71 43 pai
2734 1736 57 47 IVi
2865 1738 128 66 Jeannt
3017 1732 5 69 |

477 1830 191 60 Samuel,
708 1827 78 47 M.
816 1827 56 47 L.
903 1825 188 59 Samuel,
1121 1820 341 50 violoncelliste
1502 1818 319 63 compositeur
1863 1827 47 35 et
1949 1813 61 49 M
2017 1811 41 29 Uu
2086 1812 199 48 Laenen
2332 1811 63 47 les
2425 1809 46 63 8,
2503 1823 63 33 20
2597 1809 169 46 février
2794 1821 44 34 et
2866 1826 24 47 3
2917 1831 76 32 mars

477 1901 120 48 Salle
628 1898 225 49 Mercelis
880 1896 220 65 (Ixelles),
1129 1906 124 36 cette
1281 1892 236 47 troisième
1538 1890 166 48 séance
1727 1906 9 30 :
1765 1903 188 32 œuvres
1980 1886 57 47 de
2060 1884 145 47 MM.
2776 1879 216 55 Dimanche

481 1986 23 47 5
536 1972 183 60 février,
759 1981 195 36 concert
992 1968 63 46 du
1083 1964 377 50 Conservatoire.
1492 1961 211 48 Récitals
2034 1972 27 32 2
2093 1973 137 44 mars,
2262 1970 63 48 23
2357 1971 123 29 mars
2518 1966 48 34 et
2596 1968 66 49 30
2690 1952 150 48 Avril.
2867 1953 125 52 Séance

479 2044 38 46 Z
519 2043 139 47 oelner
692 2058 16 30 1
744 2042 183 46 février.
959 2037 410 62 Compte-rendus
1396 2053 59 28 au
1483 2033 227 62 prochain
1740 2034 66 45 n°.

823 2116 71 45 M.
1027 2113 172 47 Stiènon
1422 2113 59 44 du
1594 2110 94 47 Pré
1121 2127 26 29 a
1175 2107 237 62 remporté
1440 2108 118 44 beau
1583 2104 164 47 succès
1771 2103 27 47 à
2161 2117 113 29 avec
2301 2117 85 29 son
2418 2109 132 36 acte:

534 2198 113 48 conte,
648 2185 176 47 libretto
863 2184 56 46 de
948 2182 187 49 Gaston
1166 2180 275 47 Dumestre.
1484 2177 72 48 La
1585 2193 151 46 presse
1774 2175 74 46 fut
1873 2174 230 47 unanime
2131 2171 25 47 à
2197 2170 301 48 reconnaître
2526 2169 40 47 le
2596 2170 191 45 charme
2827 2171 164 61 gracieux

476 2259 56 47 de
560 2269 123 36 cette
708 2265 253 37 œuvrette.

620 2326 180 49 —M.
829 2338 41 34 et
894 2325 74 47 M
970 2326 52 22 me
1050 2324 165 47 Gaston
1243 2321 202 47 Haardt
1470 2319 237 61 offraient,
1747 2317 43 47 le
1832 2316 63 48 28
1938 2316 199 66 janvier,
2178 2333 60 29 en
2277 2315 103 46 leur
2420 2324 289 51 somptueux
2749 2310 124 48 hôtel
2904 2312 42 46 de
2973 2314 19 47 la

476 2400 224 48 chaussée
726 2400 57 46 de
811 2398 245 48 Charleroi
1084 2413 94 29 une
1205 2394 147 48 soirée
1382 2392 91 47 très
1500 2390 232 48 brillante.
1774 2389 175 48 L'élite
1976 2389 244 61 artistique
2248 2398 47 34 et
2321 2385 258 47 mondaine
2607 2385 56 46 de
2692 2382 42 47 la
2761 2384 176 60 capitale
2955 2384 37 66 s'y

477 2483 267 35 rencontra.
773 2470 70 47 Le
882 2484 299 47 programme
1222 2464 196 48 musical
1465 2464 92 47 très
1597 2464 232 58 heureux,
1871 2478 119 29 nous
2032 2460 174 61 permit
2232 2456 289 63 d'apprécier
2549 2466 185 36 surtout
2780 2453 62 49 les
2865 2472 127 31 œuvres

480 2542 156 64 belges
664 2560 9 29 :
1026 2542 176 46 Roman
1431 2542 31 43 d
1491 2538 183 60 Amour,
1194 2537 169 62 poème
1404 2536 56 46 de
2579 2533 163 47 Lucien
2960 2533 62 47 Sol
1910 2532 217 61 musique
2160 2531 57 46 de
2262 2530 77 48 M.

477 2613 276 49 l'ensemble
781 2612 471 47 harmonieusement
1277 2607 167 61 fondu,
1473 2605 203 62 nuancé,
1721 2603 325 49 demanderait
2090 2620 94 29 une
2202 2601 189 64 analyse
2419 2601 217 58 serieuse,
2667 2611 47 34 et
2742 2599 118 46 deux
2897 2598 76 46 mélo-

477 2687 98 46 dies
620 2686 55 46 de
717 2685 78 47 M.
1236 2683 185 62 Leopold
1655 2681 180 48 Samuel
1253 2697 120 29 nous
1398 2677 212 48 révélant
1651 2695 95 29 une
1792 2673 317 65 personnalité
2146 2673 306 47 intéressante
2481 2693 12 37 ;
2541 2688 52 30 ce
2631 2671 145 64 jeune
2820 2671 171 45 musicien

479 2757 189 63 possède
694 2773 96 31 une
818 2756 257 62 technique
1105 2752 205 61 fouillée,
1338 2753 105 46 sûre
1470 2749 326 49 d'elle-même
1822 2771 12 37 ;
1874 2766 85 29 son
1987 2759 71 35 art
2085 2765 121 29 nous
2230 2745 208 63 apparaît
2474 2745 180 46 sincere
2683 2756 46 34 et
2756 2743 161 47 vivant.
2941 2742 51 47 Les
3019 2742 3 78 ,

480 2829 150 46 beaux
670 2845 103 29 vers
811 2827 55 47 de
910 2825 267 60 Verhaeren,
1271 2822 108 48 Très
1404 2823 258 58 doucement,
1702 2820 97 63 plus
1825 2820 242 46 doucement
2111 2836 143 28 encore
2347 2817 65 47 lui
2457 2827 88 35 ont
2592 2814 171 62 inspiré
2806 2831 87 29 une
2922 2831 70 45 page

476 2900 210 63 exquise,
715 2899 61 46 où
804 2899 172 46 chante
1003 2897 43 47 la
1074 2895 154 64 poésie
1255 2895 223 61 fluidique
1505 2906 48 34 et
1580 2894 222 46 berceuse
1841 2890 116 47 d'un
1984 2890 91 47 soir
2116 2890 138 47 d'ete.
2285 2888 60 47 M
2349 2892 52 22 me
2664 2886 61 47 M
2729 2881 77 31 ellCS
2963 2884 28 46 de

477 2973 184 60 Madré,
701 2970 167 47 Willia
912 2969 77 48 M.
1032 2969 184 46 Bureau
1220 3005 13 24 ,
1275 2964 347 66 accompagnés
1666 2982 80 45 par
1787 2961 274 50 l'excellent
2105 2963 196 62 pianiste
2347 2959 165 48 Minet
2539 2982 11 37 ;
2603 2959 79 47 des
2726 2958 162 47 chœurs
2928 2958 63 44 bien

476 3043 221 47 conduits
724 3059 80 45 par
833 3040 76 48 M.
940 3040 157 47 Soubre
1121 3038 302 48 charmèrent
1450 3036 267 47 l'auditoire
1746 3052 264 30 nomereux
2038 3034 56 48 de
2123 3033 103 63 près
2253 3033 57 46 de
2332 3033 113 46 trois
2470 3041 113 37 cent
2610 3046 250 46 personnes
2881 3043 92 47 appar-

477 3125 168 36 tenant
686 3132 91 29 aux
806 3113 198 47 mondes
1032 3111 55 47 de
1134 3110 43 47 la
1222 3109 245 63 politique,
1496 3107 65 49 les
1586 3119 93 35 arts
1705 3107 55 47 de
1806 3106 44 48 la
1877 3106 330 64 magistrature
2236 3105 57 47 de
2339 3104 43 47 la
2423 3102 189 49 finance
2654 3102 59 47 de
2753 3099 186 61 l'armée,
2959 3097 32 46 du

477 3186 207 47 barreau.

3015 3242 7 56 F

621 3332 386 51 PROVINCE.
1131 3331 49 47 A
1999 3330 160 62 Mons,
1396 3330 78 48 M.
2592 3328 86 49 Léo
2818 3328 155 68 Jadin
1798 3346 26 29 a
1851 3327 166 48 trouvé
2043 3327 43 48 le
2126 3327 105 64 plus
2257 3326 92 48 réel
2377 3325 178 61 succès,
2596 3323 25 49 à
2646 3341 86 31 son
2761 3321 205 66 grand-con-

479 3419 100 35 cert
621 3407 367 64 symphonique.
1031 3403 93 49 Les
1161 3421 186 29 œuvres
1374 3403 57 46 de
1465 3420 52 29 ce
1540 3402 145 64 jeune
1722 3402 231 46 musicien
1982 3401 303 62 témoignent
2320 3398 56 47 de
2405 3397 196 61 vitalité,
2630 3414 58 29 en
2718 3396 152 45 même
2893 3405 96 44 temps

476 3476 193 65 qu'elles
694 3477 105 47 font
825 3476 242 63 apprécier
1102 3494 95 29 une
1233 3473 187 48 culture
1449 3472 223 48 musicale
1712 3472 204 47 étendue
1944 3483 47 35 et
2019 3471 111 48 elles
2156 3471 217 47 donnent
2414 3469 79 47 des
2518 3468 272 62 espérances
2815 3464 173 49 sérieuses.

477 3549 61 47 M
542 3544 61 32 elle
628 3549 172 46 Hélène
844 3548 200 47 Dinsart
1079 3563 221 32 annonce
1340 3563 67 30 un
1434 3544 162 49 récital
1642 3544 56 47 de
1738 3546 140 61 piano
1919 3562 118 45 pour
2071 3543 43 47 le
2161 3542 28 48 6
2240 3560 137 30 mars.
2408 3542 47 47 A
2507 3539 209 65 Tournay
2720 3577 13 23 ,
2763 3539 61 47 les
2851 3537 138 45 Concert;

475 3619 327 64 Symphoniques
842 3619 170 65 dirigés
1037 3637 80 44 par
1148 3619 76 47 M.
1255 3618 188 47 Delooze
1468 3614 284 66 glorifiaient
1774 3615 257 47 dimanche
2060 3629 63 50 29
2138 3615 185 64 janvier
2352 3613 145 48 César
2519 3613 205 47 Franck.
2756 3607 176 52 Grande
2951 3603 38 45 fut

477 3690 267 47 l'affluence
772 3709 58 28 en
860 3690 41 47 la
929 3693 157 44 bonne
1115 3690 107 47 ville
1251 3689 80 47 des
1411 3688 350 63 cinq-clochers
1841 3699 47 36 et
1915 3687 65 47 les
2006 3688 209 46 fervents
2243 3687 55 45 de
2328 3687 216 61 musique
2573 3695 85 36 ont
2685 3680 153 69 ajouté
2864 3695 53 31 un
2939 3688 49 48 peu

474 3781 172 29 encore
686 3763 25 47 à
750 3763 44 47 la
820 3764 386 47 reconnaissance
1233 3761 138 65 qu'ils
1401 3773 176 35 vouent
1603 3778 59 30 au
1690 3759 193 48 vaillant
1911 3760 249 47 musicien.
2210 3759 47 46 A
2467 3756 251 47 l'audition
2749 3749 193 52 annuelle
2960 3744 28 45 Je

1963 3822 4 15 -
3012 3822 10 15 L
