3053 4313
2642 3837 26 55 5

936 220 381 71 LEURS
1413 220 378 71 MAINS

2559 247 93 67 57

636 489 493 77 RAOUL
1235 488 879 78 GUNSBOURG

235 684 182 49 Nature
445 682 91 47 fort
564 680 268 64 complexe,
862 682 110 47 faite
1001 680 283 49 d'éléments
1311 680 93 47 très
1430 680 152 49 divers
1601 680 62 49 où
1686 680 30 47 il
1738 698 61 29 en
1820 692 69 37 est
1909 679 177 50 d'assez
2109 679 316 64 hétéroclites,
2446 679 218 66 mélange

113 774 45 47 de
182 768 243 66 grandeur,
454 767 57 47 de
538 767 233 62 petitesse,
801 767 55 46 de
883 764 238 62 sincérité,
1150 763 279 50 d'artificiel.

237 853 67 69 Ça
329 851 121 49 n'est
489 868 79 46 pas
605 851 44 48 la
688 851 168 48 Suisse.
900 849 72 70 Ça
1010 849 122 49 n'est
1170 867 79 46 pas
1288 848 240 50 Meudon.
1573 848 72 69 Ça
1682 849 122 49 n'est
1843 866 79 47 pas
1960 848 144 50 Luna
2143 848 123 50 Park
2303 866 98 33 non
2440 849 120 65 plus.
2601 852 65 49 Et

112 950 200 56 pourtant
338 947 123 37 cette
489 946 169 37 nature
685 933 296 64 s'apparente
1008 933 26 48 à
1061 945 107 36 tout
1193 933 116 48 cela.
1339 932 132 57 Quel
1499 934 141 47 chaos
1665 931 9 50 !
1704 932 236 66 Essayons
1964 950 61 30 en
2052 932 317 51 l'inventaire.

381 1021 69 48 La
576 1022 174 62 grande
987 1020 191 48 Nature
755 1036 10 32 :
808 1017 280 51 Dévorante
1126 1017 209 63 activité,
1376 1017 206 65 logique,
1624 1017 119 48 belle
1782 1017 212 63 volonté,
2032 1017 149 48 allant
2215 1017 190 67 jusqu'à
2440 1018 226 68 l'énergie

111 1106 211 52 forcenée.
341 1106 105 48 Bon
470 1122 134 31 cœur
625 1115 292 53 permettant
934 1121 96 29 une
1047 1101 282 66 générosité,
1345 1114 188 36 surtout
1560 1101 76 49 d'à
1657 1119 182 47 propos.
1860 1102 124 64 Jolie
2006 1103 213 63 pratique
2239 1103 58 47 de
2318 1102 45 50 la
2383 1105 89 62 vie,
2491 1106 176 62 grande

108 1196 103 48 suite
238 1194 110 47 dans
374 1191 65 48 les
468 1190 137 49 idées.
635 1190 275 49 Sentiment
936 1188 174 49 délicat
1137 1188 59 47 de
1222 1187 45 47 la
1293 1187 153 48 forme
1472 1199 49 36 et
1549 1187 55 48 de
1634 1187 43 48 la
1707 1187 212 48 couleur.
1963 1187 139 48 Dons
2132 1188 265 64 artistiques
2435 1188 230 64 évidents,

108 1279 93 49 sauf
218 1294 113 46 pour
351 1276 43 48 la
420 1275 265 48 littérature
713 1290 119 47 pour
860 1271 203 65 laquelle
1089 1290 63 31 on
1180 1272 101 47 doit
1307 1274 131 45 avoir
1465 1271 179 63 l'esprit
1669 1272 139 47 sinon
1836 1271 149 48 fermé
2010 1289 61 30 au
2100 1289 169 30 verrou
2308 1274 57 47 de
2403 1274 170 62 sûreté,
2603 1275 63 48 du

111 1365 135 46 moins
270 1361 24 48 à
318 1379 95 30 une
442 1362 158 46 bonne
627 1376 181 31 serrure
836 1359 81 63 qui
947 1374 119 32 nous
1093 1357 148 63 paraît
1269 1356 329 48 difficilement
1625 1355 316 49 crochetable.

235 1446 69 49 La
326 1445 135 66 petite
489 1445 191 48 Nature
707 1461 10 32 :
748 1444 221 63 Manque
997 1444 59 45 de
1082 1441 244 50 réflexion.
1354 1440 268 49 Invincible
1650 1442 243 63 penchant
1918 1440 27 48 à
1969 1458 48 30 se
2045 1440 154 51 laisser
2224 1442 240 49 entraîner
2491 1461 80 46 par
2598 1461 69 31 ses

111 1534 208 47 instincts.
351 1530 324 65 Imagination
704 1530 222 61 baroque,
954 1528 173 63 parfois
1151 1544 105 31 sans
1281 1544 161 31 aucun
1472 1525 174 50 intérêt
1672 1538 48 35 et
1745 1536 205 39 souvent
1970 1525 128 51 folle.

234 1615 67 48 La
331 1615 188 48 Nature
545 1613 254 66 artificielle
822 1629 14 31 :
863 1610 108 50 Elle
997 1629 28 29 a
1048 1629 50 29 sa
1124 1611 132 64 place
1284 1623 49 37 et
1356 1629 50 31 sa
1430 1611 148 50 force.
1608 1610 116 57 Que
1751 1610 55 47 de
1836 1611 190 46 rochers
2064 1628 60 29 en
2163 1623 165 35 carton
2368 1611 106 64 pâte
2500 1614 11 48 !
2551 1613 113 57 Que

111 1703 47 47 de
176 1700 142 50 soleils
342 1713 47 36 et
416 1700 57 47 de
500 1699 137 48 clairs
662 1699 56 46 de
746 1698 114 48 lune
887 1698 204 47 obtenus
1117 1696 26 49 à
1169 1714 147 46 coups
1342 1696 57 47 de
1427 1696 177 64 lampes
1630 1695 27 48 à
1681 1713 78 30 arc
1786 1708 47 35 et
1860 1695 58 48 de
1945 1696 136 47 tubes
2107 1695 56 48 de
2192 1694 199 52 Gessler
2422 1694 11 51 !

237 1787 115 48 Bien
381 1803 92 47 que
501 1785 56 47 de
586 1784 43 47 la
657 1784 151 47 droite
836 1794 48 36 et
912 1783 57 47 de
1008 1780 45 49 la
1090 1783 201 63 gauche,
1333 1780 64 50 les
1437 1783 153 47 beaux
1629 1782 141 62 petits
1809 1780 152 64 doigts
1998 1780 315 65 grassouillets
2350 1782 254 64 indiquent
2641 1783 25 48 à

111 1870 94 65 quel
230 1873 131 62 point
387 1889 62 30 on
478 1881 117 52 peut
620 1886 47 30 se
695 1868 155 48 laisser
877 1867 113 48 aller
1015 1865 27 49 à
1067 1884 71 30 ses
1163 1865 217 64 appétits,
1408 1884 53 30 ce
1490 1884 60 30 ne
1575 1878 111 36 sont
1711 1882 80 47 pas
1817 1883 92 29 eux
1937 1864 65 50 les
2039 1864 105 64 plus
2181 1865 396 64 caractéristques.
2619 1868 48 47 A

112 1957 36 47 la
171 1958 179 62 rigueur
378 1957 53 47 ils
458 1966 214 52 peuvent
698 1953 113 48 faire
840 1952 206 48 illusion.
1076 1952 135 61 Non,
1239 1950 44 49 la
1311 1950 177 65 grande
1517 1968 193 46 preuve,
1738 1949 117 48 c'est
1881 1949 264 48 l'intérieur
2173 1950 79 49 des
2279 1952 166 48 mains.

237 2041 130 48 Dans
393 2039 44 49 la
465 2039 184 65 gauche
672 2055 12 33 :
713 2037 124 65 siège
865 2036 57 48 de
953 2047 107 37 tout
1080 2053 53 31 ce
1155 2037 80 62 qui
1262 2047 69 36 est
1359 2037 96 47 bon
1481 2048 49 36 et
1555 2036 81 63 qui
1665 2034 218 49 dénonce
1912 2033 120 50 belle
2059 2034 127 65 ligne
2225 2034 58 49 de
2312 2036 93 60 vie,
2438 2036 55 48 de
2533 2053 134 31 cœur

112 2137 38 34 et
174 2126 51 47 de
251 2126 108 47 tête.

238 2210 132 48 Dans
394 2210 45 48 la
465 2210 131 45 main
623 2208 167 61 droite,
817 2223 61 31 au
905 2207 236 47 contraire
1258 2206 82 47 Ah
1367 2216 126 37 cette
1533 2204 130 47 main
1702 2204 150 47 droite
1883 2201 8 50 !
1932 2203 260 48 Laissez-là
2231 2206 212 64 toujours
2481 2203 186 65 gantée,

113 2293 247 50 Monsieur.
389 2295 46 48 Si
463 2311 117 31 vous
618 2310 59 29 ne
718 2309 187 45 pouvez
940 2301 249 52 supporter
1227 2290 66 48 les
1331 2301 152 53 gants,
1524 2288 155 49 évitez
1716 2287 121 50 alors
1876 2288 56 47 de
1971 2288 44 47 la
2053 2300 261 49 retourner,
2356 2300 125 37 cette
2520 2290 145 47 main.

115 2378 175 50 Cachez
317 2399 52 29 ce
397 2380 174 63 qu'elle
601 2396 27 31 a
656 2378 115 47 dans
797 2376 42 48 le
868 2389 181 48 ventre,
1079 2394 63 29 ou
1168 2376 34 47 si
1232 2392 117 31 vous
1376 2375 213 62 préférez
1615 2391 53 31 ce
1696 2372 175 65 qu'elle
1898 2392 27 30 a
1950 2373 115 49 dans
2092 2373 43 49 la
2163 2391 188 46 paume.

239 2464 343 49 Désordonnée
610 2462 45 49 la
680 2462 131 65 ligne
839 2462 56 46 de
924 2461 95 47 tête
1048 2477 57 30 va
1129 2477 46 30 se
1203 2460 167 62 perdre
1399 2460 114 47 dans
1541 2458 42 47 le
1610 2476 106 46 gros
2281 2476 54 29 ce
2373 2460 80 62 qui
2493 2476 176 45 prouve

113 2549 291 64 imagination
444 2549 310 58 débordante,
794 2544 346 64 désiquilibrée,
1180 2556 134 36 toute
1354 2545 130 62 prête
1524 2544 26 47 à
1589 2560 154 31 verser
1782 2544 115 47 dans
1935 2542 371 49 l'incohérence.
2349 2542 171 56 Quant
2558 2542 27 47 à
2628 2542 43 49 la

113 2631 111 64 ligne
251 2635 53 46 de
332 2650 201 32 cœur....
562 2634 59 45 ah
646 2629 10 50 !
680 2630 154 63 quelle
864 2629 319 48 Danseuse....
1215 2626 325 50 Décidément
1566 2639 125 37 cette
1714 2627 127 51 main
1864 2627 151 47 droite
2035 2639 69 35 est
2130 2626 42 47 le
2201 2626 224 48 véritable
2450 2627 220 63 sabotage

115 2718 47 47 de
187 2719 38 47 la
249 2721 193 63 gauche.
474 2719 71 47 La
573 2718 59 48 C.
663 2715 68 51 G.
760 2716 68 47 T.
858 2733 26 29 a
911 2714 64 48 dû
1002 2730 150 46 passer
1180 2730 80 46 par
1287 2712 58 49 là.

240 2803 74 48 En
342 2803 199 61 résumé,
569 2803 36 47 si
633 2800 225 65 l'analyse
886 2799 73 47 fut
985 2814 131 32 assez
1141 2796 152 62 facile,
1323 2798 139 63 grâce
1489 2796 27 49 à
1541 2796 44 47 la
1622 2796 234 49 franchise
1897 2796 80 47 des
2015 2795 246 62 éléments,
2303 2795 286 48 déterminer
2628 2795 43 47 la

116 2888 142 58 portée
286 2890 55 46 de
367 2889 192 47 ceux-ci
587 2899 69 34 est
682 2903 129 30 assez
836 2884 159 47 ardue.

243 2972 84 49 On
354 2992 25 29 a
406 2974 78 47 des
508 2972 237 63 aptitudes
771 2985 118 46 pour
920 2969 245 61 beaucoup
1193 2969 56 46 de
1277 2968 162 47 choses
1467 2966 115 47 dans
1607 2965 43 47 la
1678 2966 128 46 main
1834 2965 200 64 gauche.
2065 2964 131 48 Mais
2222 2965 115 46 dans
2364 2964 43 47 la
2434 2964 165 60 droite,
2629 2963 41 47 le

117 3052 141 49 réseau
284 3057 76 47 des
385 3057 150 57 lignes
561 3067 68 35 est
653 3055 35 46 si
718 3050 437 50 défavorablement
1182 3049 182 50 installé
1391 3049 116 63 qu'il
1533 3062 69 35 est
1629 3048 198 63 possible
1855 3049 57 46 de
1937 3049 149 46 croire
2126 3048 26 45 à
2190 3048 79 47 des
2307 3046 363 47 déraillements.

119 3134 210 55 Pourtant
355 3159 94 30 une
477 3140 92 47 très
596 3138 121 49 belle
745 3137 128 63 ligne
912 3135 57 47 de
1010 3134 131 48 soleil
1179 3147 71 35 est
1290 3134 43 48 la
1371 3152 175 44 preuve
1585 3133 312 49 indiscutable
1937 3132 145 48 d'une
2123 3134 115 46 mise
2278 3148 61 31 en
2377 3148 106 44 vue,
2525 3130 145 47 d'une

120 3219 170 52 réussite
317 3224 335 50 considérable.

243 3309 136 49 Alors
401 3309 13 49 ?
441 3311 158 59 Alors,
629 3308 29 47 il
688 3318 68 36 est
784 3304 192 49 évident
1005 3321 95 47 que
1131 3303 100 47 l'on
1259 3322 27 29 a
1312 3304 110 47 bien
1451 3304 80 47 des
1556 3306 205 45 chances
1787 3319 117 46 pour
1932 3302 168 48 réussir
2119 3302 115 47 mais
2259 3299 152 65 qu'un
2435 3300 47 64 je
2509 3316 58 30 ne
2587 3299 86 47 sais

120 3392 94 57 quoi
240 3391 190 50 énorme
458 3411 118 30 vous
601 3410 61 30 en
691 3388 251 64 empêche.
971 3387 40 48 Il
1038 3389 140 46 serait
1204 3406 129 30 assez
1358 3387 199 66 original
1585 3405 92 45 que
1695 3387 43 48 la
1766 3386 128 64 ligne
1921 3386 56 47 de
2006 3386 189 47 fortune
2233 3384 108 47 bien
2379 3380 194 50 accusée
2610 3398 60 29 en

121 3474 75 46 soit
221 3476 40 47 la
285 3496 150 32 cause.

249 3562 77 48 Au
355 3566 132 60 point
515 3565 56 45 de
600 3581 91 29 vue
722 3561 292 49 intellectuel
1042 3572 48 36 et
1116 3558 158 61 social,
1306 3575 76 30 ces
1420 3557 153 47 mains
1610 3568 123 49 sont,
1759 3556 37 47 si
1837 3554 96 49 l'on
1975 3566 112 51 peut
2128 3554 115 59 dire,
2284 3552 48 46 ni
2373 3552 209 58 homme,
2624 3551 49 45 ni

124 3638 161 55 femme
322 3665 10 30 :
362 3648 119 47 Elles
506 3659 90 36 sont
621 3659 312 52 auvergnates.

2039 3637 51 48 P.
2130 3636 386 66 Jobbé-Duval.

1740 3746 204 54 Copyright
1964 3747 43 53 by
2030 3747 35 39 S.
2098 3747 34 37 I.
2168 3746 79 41 éM.
2281 3744 168 40 Février
2485 3759 48 35 19
2544 3756 60 28 11.
