3053 4313
919 244 173 73 LES
1158 244 751 73 INSTRUMENTS

2589 247 96 72 61

141 409 47 47 de
210 409 237 43 concertos
484 395 94 49 très
615 393 299 66 compliqués
940 416 13 38 ;
994 392 221 51 affolants
1241 395 56 47 de
1325 393 254 50 difficultés
1606 396 56 47 de
1691 396 260 63 technique
1978 416 14 38 ;
2021 395 58 47 de
2118 411 77 31 ces
2233 395 193 48 fameux
2453 407 250 39 concertos

140 477 67 65 qui
234 472 186 48 doivent
446 484 167 31 mener
641 477 106 38 tout
774 466 123 48 droit
924 484 59 30 au
1013 484 97 29 non
1141 467 156 47 moins
1325 466 194 48 fameux
1547 468 204 60 premier
1777 468 106 63 prix
1911 484 11 31 :
1951 466 28 48 à
2006 466 44 47 la
2076 463 185 52 Gloire.

265 556 62 50 Et
370 566 105 36 tous
517 569 80 31 ces
641 550 154 50 élèves
835 562 109 37 sont
987 550 182 66 guidés,
1215 562 109 37 sont
1370 550 187 63 poussés
1598 551 116 48 dans
1757 564 126 35 cette
1911 552 102 47 voie
2059 567 81 46 par
2184 562 163 51 quatre
2394 550 306 63 Professeurs,

140 630 250 58 excellents,
418 637 165 50 certes,
614 626 117 46 mais
756 623 83 65 qui
882 641 60 31 ne
983 636 207 52 songent
1216 622 110 65 qu'à
1367 623 43 47 la
1448 623 121 47 lutte
1596 623 209 65 engagée
1833 636 133 34 entre
1993 641 94 29 eux
2115 645 13 37 ;
2168 622 121 48 lutte
2316 623 80 64 qui
2436 623 96 47 fera
2565 625 137 47 sortir

138 702 240 51 victorieux
414 696 195 49 celui-là
643 696 80 48 des
751 706 165 53 quatre
943 696 80 62 qui
1063 712 115 31 aura
1215 696 198 59 obtenu,
1455 696 148 62 parmi
1645 712 71 31 ses
1756 694 167 63 élèves,
1970 694 42 47 le
2058 694 105 64 plus
2206 694 150 64 grand
2401 696 199 45 nombre
2645 694 57 49 de

138 776 320 59 récompenses,
500 768 44 48 le
583 768 105 64 plus
727 768 147 64 grand
919 768 200 47 nombre
1160 767 56 47 de
1248 766 233 49 Premiers
1508 766 128 49 Prix.
1665 768 49 46 A
1740 767 211 61 celui-là,
1979 767 66 48 les
2085 767 182 48 bonnes
2304 767 162 61 leçons
2491 768 127 46 iront
2645 767 55 47 de

139 846 264 68 préférence,
445 839 215 66 jusqu'au
694 840 108 65 jour
831 839 64 48 où
933 839 66 48 les
1025 838 219 49 résultats
1270 839 64 47 du
1362 856 235 31 concours
1624 839 308 48 favoriseront
1959 856 66 30 un
2054 838 57 48 de
2148 856 71 30 ses
2256 838 240 65 collègues
2523 860 11 36 ;
2660 837 44 48 la

138 936 99 33 roue
261 917 53 47 de
341 914 43 47 la
411 913 216 48 Fortune
652 929 116 31 aura
806 910 190 63 tourné,
1025 923 49 36 et
1100 912 117 47 ainsi
1256 928 47 31 se
1338 908 230 67 justifiera
1597 910 27 49 à
1662 909 124 50 leurs
1827 927 191 47 propres
2055 927 127 48 yeux
2218 909 44 48 la
2289 910 152 47 raison
2469 909 149 48 d'être
2646 909 57 47 de

140 993 88 48 leur
252 987 226 49 fonction.

262 1065 75 50 En
362 1081 201 44 somme,
594 1061 53 50 ils
674 1079 61 32 ne
761 1061 108 50 font
895 1079 92 46 que
1013 1063 256 47 continuer
1309 1060 44 48 la
1381 1060 211 48 manière
1621 1060 169 48 établie
1819 1061 215 63 depuis...
2074 1059 44 48 la
2143 1059 232 62 création,
2402 1077 61 30 au
2495 1058 180 50 Conser-

136 1141 173 59 vatoire,
351 1136 79 47 des
473 1135 165 48 classes
681 1135 57 47 de
782 1133 161 49 violon
969 1154 13 38 ;
1030 1133 54 48 ils
1128 1134 266 47 cherchent
1437 1149 54 32 ce
1537 1150 93 46 que
1676 1131 125 49 leurs
1846 1131 353 64 prédécesseurs
2242 1144 86 36 ont
2373 1130 167 50 trouvé
2589 1147 117 31 avec

138 1213 195 49 bonheur
361 1229 12 38 ;
402 1208 54 46 ils
482 1206 180 61 créent,
694 1205 53 48 ils
774 1205 165 49 créent
967 1205 80 48 des
1135 1205 229 47 virtuoses

262 1294 62 49 Et
350 1293 122 49 voilà
498 1291 102 49 leur
627 1309 160 31 erreur
813 1288 9 50 !
854 1290 63 48 Ils
945 1308 59 29 ne
1033 1291 163 46 voient
1223 1307 94 45 pas,
1348 1289 115 48 dans
1489 1288 103 48 leur
1620 1288 119 48 lutte
1767 1288 215 63 aveugle,
2010 1305 91 46 que
2142 1286 42 49 le
2218 1288 197 47 chemin
2441 1304 78 31 sur
2547 1286 153 64 lequel

136 1370 46 48 ils
205 1376 226 56 engagent
458 1364 124 49 leurs
608 1362 240 50 créatures
874 1374 69 37 est
969 1361 333 48 terriblement
1331 1373 154 50 court,
1513 1371 48 37 et
1588 1378 91 45 que
1706 1360 192 47 demain
1938 1360 176 60 même,
2148 1375 55 32 ce
2229 1360 195 46 chemin
2452 1357 252 50 n'existera

136 1441 102 65 plus.
282 1439 131 61 Non,
459 1436 44 48 la
545 1435 200 49 carrière
787 1435 57 48 de
892 1435 231 48 Virtuose
1183 1432 255 49 n'existera
1479 1431 104 64 plus
1625 1432 209 61 demain,
1876 1444 50 34 et
1965 1430 66 49 les
2076 1430 151 65 Isaye,
2266 1430 66 48 les
2372 1430 228 62 Kreisler,
2640 1430 66 48 les

138 1511 227 61 Thibaud,
393 1510 79 63 qui
501 1510 223 45 tiennent
750 1525 174 29 encore
954 1507 173 62 parfois
1152 1505 205 48 l'affiche
1385 1505 80 47 des
1493 1502 193 52 Grands
1714 1502 251 62 Concerts,
1993 1515 161 35 seront
2182 1502 65 47 les
2272 1502 225 48 derniers.
2526 1501 150 49 L'évo-

138 1583 136 49 lution
300 1581 54 48 de
394 1580 42 49 la
463 1581 219 62 musique
710 1580 248 61 moderne,
986 1596 61 29 en
1076 1577 235 65 dirigeant
1350 1576 42 48 le
1432 1576 118 63 goût
1577 1576 63 47 du
1679 1575 163 63 public
1869 1575 115 47 dans
2010 1591 95 31 une
2132 1575 105 47 voie
2264 1572 238 62 nouvelle,
2530 1591 27 29 a
2582 1572 124 48 voué

136 1657 22 47 à
181 1672 57 31 un
265 1652 125 50 oubli
420 1653 227 63 prochain
675 1651 66 48 les
768 1651 395 59 manifestations,
1190 1658 204 38 souvent
1422 1647 315 48 contestables
1761 1665 61 29 au
1857 1663 88 46 pur
1971 1646 136 63 point
2135 1647 57 46 de
2219 1662 92 31 vue
2337 1646 261 62 artistique,
2627 1644 80 49 des

139 1729 221 46 virtuoses.
404 1724 70 50 Le
519 1723 246 51 Concerto
809 1736 70 35 est
924 1736 145 48 mort,
1114 1735 47 34 et
1213 1721 30 48 il
1272 1721 249 48 contraîne
1549 1719 280 49 fatalement
1856 1719 114 47 dans
2013 1735 49 31 sa
2105 1719 145 46 chute
2297 1716 43 49 le
2388 1716 316 60 Concertiste,

138 1799 35 47 le
199 1801 210 44 virtuose.

268 1876 61 49 Et
370 1893 52 31 ce
468 1877 326 62 changement
839 1874 80 62 qui
964 1870 183 65 s'opère
1193 1872 116 47 dans
1353 1870 42 47 le
1437 1870 115 64 goût
1598 1870 64 46 du
1704 1868 176 63 public,
1926 1886 54 29 ce
2022 1867 174 62 mépris
2239 1867 80 47 des
2363 1865 343 63 compositeurs

139 1949 230 48 modernes
420 1966 118 45 pour
588 1958 135 37 toute
775 1945 215 49 création
1043 1945 57 47 de
1215 1944 217 61 musique
1484 1943 57 47 de
1592 1940 156 50 soliste
1879 1952 126 37 cette
2046 1938 246 49 évolution
2337 1936 131 50 enfin
2509 1936 78 49 n'a
2629 1935 75 50 été

138 2019 255 66 remarquée
420 2038 80 46 par
525 2037 161 30 aucun
715 2018 58 47 de
802 2034 86 32 nos
915 2018 286 62 professeurs
1226 2014 210 48 officiels.
1467 2013 64 49 Et
1557 2013 55 48 ils
1646 2011 181 63 créent,
1857 2013 55 47 ils
1938 2010 166 48 créent
2130 2011 214 65 toujours
2370 2010 79 47 des
2477 2010 229 46 virtuoses

136 2110 104 46 pour
287 2091 98 50 leur
430 2091 146 65 gloire
623 2089 315 65 personnelle,
981 2089 122 48 alors
1142 2085 120 67 qu'il
1306 2085 207 65 s'agirait
1555 2095 188 37 surtout
1794 2084 57 47 de
1902 2083 132 48 créer
2085 2083 78 48 des
2213 2081 256 47 musiciens
2518 2080 184 62 solides,

136 2164 308 62 documentés,
472 2177 48 35 et
561 2163 251 63 possédant
854 2179 99 29 non
996 2178 79 46 pas
1116 2159 269 49 seulement
1413 2157 56 47 de
1508 2156 44 48 la
1580 2155 263 61 virtuosité,
1874 2157 117 46 mais
2027 2173 96 29 une
2163 2154 286 48 instruction
2478 2151 226 48 musicale

136 2236 346 64 irréprochable.

268 2315 176 56 Quelle
486 2312 355 65 responsabilité
878 2310 376 49 n'assument-ils
1295 2326 78 47 pas
1414 2325 165 31 envers
1624 2325 76 29 ces
1738 2307 167 65 jeunes
1945 2321 117 49 gens
2104 2305 78 63 qui
2225 2304 247 59 viennent,
2523 2302 181 62 chaque

138 2386 152 62 année,
333 2389 165 62 grossir
539 2387 43 47 le
619 2386 201 48 nombre
859 2385 79 47 des
973 2384 289 60 violonistes,
1306 2381 399 48 insuffisamment
1748 2377 154 50 armés
1941 2394 119 47 pour
2101 2376 66 48 les
2210 2375 122 48 seuls
2375 2373 200 64 emplois
2613 2390 93 46 que

138 2458 257 50 l'évolution
425 2460 57 48 de
522 2458 46 49 la
609 2458 217 63 musique
856 2457 230 47 moderne
1127 2455 129 48 laisse
1284 2453 27 49 à
1349 2453 102 47 leur
1479 2453 274 63 disposition
1782 2450 14 47 ?
1833 2450 65 48 Et
1925 2451 55 46 de
2008 2448 158 65 quelle
2195 2448 130 47 triste
2354 2444 249 50 mentalité
2629 2462 77 31 ces

138 2530 292 49 malheureux
459 2531 152 48 élèves
635 2528 191 51 sont-ils
853 2530 263 62 empreints
1137 2526 15 49 ?
1190 2526 40 48 Il
1262 2524 120 50 n'est
1422 2541 78 47 pas
1526 2542 67 29 un
1626 2523 205 64 premier
1858 2523 103 61 prix
1988 2522 80 62 qui
2096 2538 60 30 ne
2182 2537 46 31 se
2256 2519 124 47 croie
2407 2536 61 29 en
2496 2517 123 48 droit
2646 2517 57 47 de

138 2603 175 47 devenir
351 2622 65 31 un
503 2603 150 66 grand
691 2605 206 45 virtuose
987 2617 10 32 :
1041 2598 233 50 d'aucuns
1315 2597 160 48 même
1516 2613 47 31 se
1606 2597 185 46 croient
1818 2593 104 66 déjà
1949 2596 31 24 u
2007 2593 173 47 arrives
2206 2591 13 19 '
2245 2630 10 10 .
2285 2589 66 50 Et
2382 2603 106 35 tous
2514 2601 190 37 tentent

139 2674 48 47 de
218 2677 148 47 suivre
403 2688 126 36 cette
555 2677 105 46 voie
700 2673 139 50 fatale
867 2696 12 37 ;
921 2673 55 48 ils
1013 2690 30 47 y
1084 2671 200 63 perdent
1323 2669 125 47 leurs
1488 2668 271 47 meilleures
1799 2664 176 50 années
2002 2686 13 37 ;
2054 2681 133 45 après
2228 2679 97 31 une
2365 2662 177 63 longue
2581 2660 122 47 lutte

136 2744 155 64 stérile,
343 2747 51 48 ils
445 2748 273 47 retombent
760 2745 115 49 dans
920 2744 44 47 la
1009 2742 162 49 réalité
1212 2753 47 36 et
1305 2742 198 47 essaient
1555 2740 57 46 de
1662 2738 255 63 reprendre
1960 2735 45 47 la
2043 2734 128 50 seule
2215 2734 106 46 voie
2360 2732 344 48 actuellement

138 2818 179 60 possible
345 2837 10 30 :
384 2819 43 48 la
454 2819 340 48 collaboration
822 2817 27 48 à
875 2834 67 30 un
971 2814 242 50 ensemble
1240 2812 273 49 orchestral.
1557 2810 131 49 Mais
1730 2825 118 47 pour
1886 2808 45 47 la
1969 2806 187 63 plupart
2184 2804 184 48 d'entre
2406 2820 110 46 eux,
2565 2803 28 45 il
2637 2813 67 35 est

139 2900 91 51 trop
267 2892 98 47 tard
389 2913 12 37 ;
444 2890 64 49 les
549 2889 175 50 années
766 2889 200 63 perdues
991 2888 66 47 les
1084 2886 222 65 rejettent
1334 2902 60 30 en
1422 2883 171 48 arrière
1617 2903 13 38 ;
1671 2881 54 47 ils
1754 2880 137 48 n'ont
1918 2895 80 47 pas
2025 2878 157 63 acquis
2209 2894 53 31 ce
2290 2894 62 45 qu
2374 2875 29 47 il
2434 2875 98 47 leur
2562 2874 142 47 fallait

138 2961 241 63 connaître,
408 2975 47 36 et
497 2963 52 48 ils
590 2974 109 37 sont
726 2960 143 48 restés
955 2960 228 62 premiers
1208 2958 106 62 prix
1400 2973 131 43 avec,
1560 2973 60 29 en
1660 2954 118 62 plus,
1808 2951 44 48 la
1879 2950 270 48 désillusion
2180 2950 26 46 d
2229 2965 66 31 un
2333 2945 139 49 effort
2511 2945 171 48 inutile-

141 3046 120 35 ment
285 3035 246 64 accompli.

266 3119 137 48 Voilà
428 3120 64 47 où
519 3133 116 34 vont
663 3135 85 31 nos
774 3116 274 50 violonistes
1086 3115 196 48 actuels.
1312 3113 144 48 Voilà
1493 3113 63 46 où
1596 3111 64 47 les
1687 3109 199 48 conduit
1909 3109 13 45 1
1945 3107 362 63 enseignement
2336 3104 62 47 du
2439 3102 236 49 Conserva-

140 3190 118 61 toire,
299 3204 46 34 et
384 3191 122 49 voilà
543 3191 44 49 la
624 3209 138 31 cause
807 3191 57 46 de
907 3203 137 33 notre
1086 3186 211 50 faiblesse
1336 3186 81 64 qui
1461 3186 81 46 fait
1583 3182 279 49 rechercher
1903 3180 188 48 ailleurs
2133 3179 63 45 les
2236 3176 231 47 elements
2506 3175 114 45 foits
2659 3185 45 34 et

141 3261 210 59 puissants
376 3280 89 47 que
494 3280 120 31 nous
643 3280 58 29 ne
731 3278 216 47 pouvons
973 3260 242 62 produire.

268 3347 37 47 Il
332 3360 67 36 est
426 3361 154 50 temps
605 3349 57 47 de
690 3346 151 65 réagir
869 3364 12 30 :
911 3345 31 48 il
969 3364 31 47 y
1028 3364 25 28 a
1081 3345 80 47 dix
1188 3360 85 32 ans
1298 3342 105 65 déjà
1429 3359 94 47 que
1550 3339 400 63 l'enseignement
1979 3336 64 47 du
2064 3333 160 49 violon
2253 3350 60 28 au
2342 3330 366 48 Conservatoiie

141 3419 134 47 aurait
300 3420 61 47 dû
402 3421 200 61 prendre
644 3438 96 29 une
780 3419 290 48 orientation
1113 3415 239 49 nouvelle.
1382 3415 48 47 A
1457 3425 126 35 cette
1612 3410 201 63 époque,
1848 3410 47 63 je
1936 3406 246 65 prévoyais
2215 3402 104 65 déjà
2359 3419 52 30 ce
2439 3417 89 46 que
2553 3411 100 69 _n°t
2659 3417 48 30 re

143 3486 282 53 insouciance
470 3509 121 30 nous
634 3491 156 63 oblige
836 3491 304 46 maintenant
1185 3487 26 48 à
1260 3487 130 47 subir
1418 3506 12 37 ;
1484 3483 103 66 déjà
1629 3482 114 47 dans
1785 3481 79 47 des
1913 3477 356 50 conversations
2321 3474 180 61 privées
2546 3472 16 63 j
2586 3471 125 48 avais

144 3562 196 60 exprimé
385 3581 99 31 mes
528 3565 218 59 craintes,
793 3561 173 62 exposé
1011 3577 101 30 mes
1156 3558 140 49 idées.
1342 3557 237 48 Plusieurs
1620 3552 176 49 années
1837 3551 56 47 de
1942 3565 201 49 voyages
2175 3566 25 28 a
2242 3546 13 45 1
2276 3544 235 64 Etranger
2554 3561 49 28 m
2624 3553 85 36 ont

144 3633 157 56 permis
326 3634 55 49 de
421 3652 247 46 comparer
707 3634 66 47 les
799 3631 273 49 différentes
1114 3629 250 49 méthodes
1403 3627 429 63 d'enseignement.
1876 3622 71 48 La
1988 3619 316 48 constatation
2354 3617 79 45 des
2471 3615 104 47 faits
2617 3631 48 29 m
2687 3631 24 29 a

145 3706 253 48 convaincu
423 3725 91 44 que
543 3708 40 56 je
610 3707 100 47 vois
732 3706 123 64 juste
883 3716 47 35 et
959 3703 339 62 m'encourage
1326 3701 26 47 à
1373 3701 121 64 jeter
1522 3716 53 29 ce
1604 3698 64 46 cri
1700 3694 240 48 d'alarme.
