3053 4313
475 186 97 69 86

1553 194 63 68 S.
1686 195 54 67 I.
1809 194 109 71 M.

463 331 151 62 plaisir
660 334 276 49 d'entendre
980 354 78 31 sur
1098 338 64 45 les
1205 338 161 47 scènes
1412 339 259 61 italiennes,
1722 341 77 47 M.
1845 343 250 45 Navarrini
2143 343 74 48 fut
2259 363 64 28 un
2373 343 251 63 Leporello
2667 346 90 47 très
2800 351 170 63 original

555 414 14 21 e
592 404 76 48 De
698 406 206 64 Hidalgo
932 425 91 28 une
1046 407 197 47 Zerlina
1268 409 267 62 délicieuse,
1558 423 46 34 et
1632 410 287 62 l'orchestre,
1948 414 147 63 dirigé
2122 431 57 28 au
2207 414 190 47 clavecin
2427 434 78 43 par
2536 416 76 49 M.
2638 418 180 47 Arturo
2841 404 141 83 Vigna'

458 472 55 50 fit
539 475 79 50 des
644 475 158 50 efforts
829 477 206 47 louables
1061 491 46 33 et
1133 492 200 33 souvent
1360 480 212 47 heureux
1600 500 117 43 pour
1745 484 166 45 rendre
1940 484 41 48 le
2003 484 350 48 chef-d'œuvre
2376 487 56 46 de
2457 487 194 47 Mozart
2677 506 114 30 avec
2815 490 169 65 légèreté

456 561 50 37 et
547 548 212 50 fermeté.
802 548 153 63 Après
997 550 129 44 avoir
1173 550 280 47 mentionné
1495 552 78 46 des
1613 552 278 48 exécutions
1935 555 330 48 intéressantes
2303 557 56 46 de
2390 557 272 47 Cavalleria
2691 560 231 49 rusticana.
2947 572 18 45 d
2969 594 14 28 e

462 621 232 63 Ragliacci
719 635 45 33 et
791 622 57 44 de
882 618 127 48 Tosca
1013 656 13 24 ,
1056 619 30 46 il
1115 619 98 47 faut
1241 619 199 49 féliciter
1468 622 162 48 M.M.
1661 622 202 51 Galletti
1893 639 47 34 et
1968 625 117 49 Geri
2116 625 179 48 d'avoir
2339 627 79 48 osé
2458 642 224 35 remettre
2729 630 109 47 àla
2876 639 109 54 scène

461 711 91 29 une
593 710 164 30 œuvre
799 691 200 61 oubliée,
1042 692 42 47 la
1821 691 151 48 Llnda
1374 692 849 65 diChamounix,
1702 696 54 45 de
1788 696 300 62 Donizzetti,
2119 698 117 47 dont
2264 699 53 47 ils
2344 712 85 34 ont
2457 701 159 47 donné
2655 719 113 30 avec
2814 702 41 47 le
2897 725 66 35 con-

459 779 136 31 cours
641 764 53 45 de
740 762 75 48 M.
858 763 239 47 Battistini
1140 781 94 29 une
1277 763 369 62 représentation
1694 767 201 48 modèle.
1940 768 37 46 Il
2022 769 100 46 faut
2166 769 65 47 les
2276 769 199 49 féliciter
2517 773 136 59 aussi,
2695 786 47 33 et
2781 779 204 56 peut-être

457 847 201 48 surtout,
682 834 172 46 d'avoir
882 834 130 47 tenté
1040 852 63 29 un
1133 833 137 48 effort
1299 853 115 45 pour
1444 854 118 30 nous
1588 837 182 47 donner
1792 839 77 46 des
1896 857 185 29 œuvres
2109 852 155 35 toutes
2291 840 228 63 récentes,
2542 854 47 35 et
2618 843 174 61 même,
2817 861 168 45 peut-on

456 905 115 61 dire,
603 905 39 46 la
670 904 101 62 plus
797 905 190 46 récente
1014 905 56 47 de
1112 918 169 51 toutes,
1324 924 52 29 ce
1422 908 193 47 fameux
2902 908 107 48 Rose
2053 912 57 45 de
2154 912 209 47 Richard
2408 913 193 61 Strauss,
2643 914 146 62 qu'on
2833 934 108 35 nous
2972 947 15 28 a

456 978 175 61 promis
658 994 115 45 pour
800 994 53 28 ce
880 978 261 62 printemps
1168 990 46 35 et
1241 997 92 45 que
1360 997 121 29 nous
1506 981 254 47 attendons
1785 999 113 29 avec
1926 984 303 62 impatience.

599 1046 70 50 La
713 1046 162 48 Libéra
919 1049 167 47 estetica
1089 1087 13 24 y
1144 1068 93 45 que
1279 1050 62 47 les
1384 1050 229 50 Parisiens
1653 1051 137 49 n'ont
1836 1070 78 46 pas
1957 1054 203 61 oubliée,
2203 1058 212 58 poursuit
2456 1074 60 29 en
2564 1056 133 49 Italie
2740 1077 84 29 son
2851 1078 136 39 œuvre

454 1120 262 47 excellente
743 1138 7 30 :
783 1138 94 29 une
904 1120 113 48 série
1047 1121 55 47 de
1130 1122 67 46 six
1227 1135 229 51 concerts,
1486 1124 241 63 organisée
1757 1143 79 44 par
1865 1125 97 48 M"'
1966 1127 16 22 e
2010 1125 83 48 Ida
2119 1126 115 47 Isori
2274 1140 47 33 et
2364 1127 77 47 M.
2474 1127 143 49 Paolo
2645 1129 132 48 Litta
2817 1149 105 33 avec
2959 1140 28 48 le

453 1207 231 31 concours
701 1192 56 46 de
773 1191 311 62 M.YVitwer,
1115 1192 246 48 violoniste
1392 1195 141 47 bâlois
1554 1195 56 47 de
1637 1196 145 64 grand
1813 1196 183 62 mérite,
2027 1215 118 29 nous
2163 1210 85 34 ont
2265 1200 173 60 permis
2465 1199 279 48 d'entendre
2768 1202 196 65 quelques-

454 1280 117 29 unes
599 1263 78 47 des
705 1263 101 61 plus
832 1265 301 47 charmantes
1157 1284 189 29 œuvres
1373 1267 182 47 vocales
1582 1280 46 34 et
1656 1268 385 47 instrumentales
2067 1270 56 47 de
2164 1270 43 47 la
2245 1271 216 62 musique
2490 1271 225 48 italienne
2738 1274 77 46 des
2842 1275 133 54 XVII
2978 1286 11 22 e

452 1343 48 36 et
525 1332 180 48 XVIII
710 1342 6 18 e
720 1342 5 9 '
750 1333 173 48 siècles.
959 1334 90 47 Les
1075 1337 112 46 trois
1211 1348 216 36 concerts
1467 1337 101 65 déjà
1609 1338 180 47 donnés
1830 1351 85 36 ont
1957 1357 112 42 reçu
2113 1359 62 28 un
2222 1341 182 48 accueil
2444 1342 92 47 fort
2577 1345 328 63 sympathique
2942 1352 45 49 du

453 1404 156 61 public
650 1404 175 49 cultivé
863 1407 55 44 de
960 1406 231 48 Florence
1219 1420 47 34 et
1293 1420 85 35 ont
1407 1408 107 47 valu
1541 1427 65 29 un
1635 1409 162 49 succès
1825 1409 169 50 mérité
2022 1412 25 47 à
2074 1411 42 48 la
2145 1412 192 62 parfaite
2366 1416 259 45 cantatrice
2654 1427 46 34 et
2726 1414 26 49 à
2777 1432 69 32 ses
2871 1421 99 49 colla-

453 1477 252 47 borateurs.

595 1548 45 46 A
666 1548 200 63 signaler
893 1549 116 47 aussi
1039 1567 66 29 un
1133 1550 276 49 intéressant
1436 1566 196 34 concert
1660 1553 54 47 de
1745 1555 141 61 harpe
1914 1555 330 64 chromatique
2274 1555 160 66 Pleyel
2476 1574 80 46 par
2597 1557 58 48 M
2662 1562 52 21 me
2739 1559 252 54 Wurmser-

452 1616 254 65 Delcourt,
736 1621 204 47 virtuose
969 1623 279 61 parisienne.
2604 1629 53 50 P.
2687 1630 78 49 M.
2795 1632 75 49 M.

595 1761 280 51 BERLIN.
1003 1768 22 45 I
1042 1766 132 49 andis
1200 1785 90 45 que
1318 1768 41 47 le
1389 1761 25 79 D
1439 1761 25 79 1
1489 1761 150 79 Julius
1667 1770 142 64 Kapp
1837 1771 41 47 le
1906 1773 187 48 dernier
2121 1775 256 64 biographe
2405 1775 55 47 de
2488 1776 218 64 Wagner
2734 1778 154 62 publie
2907 1798 84 36 sous

449 1832 42 47 le
519 1835 106 46 titre
651 1835 225 62 Jung-W
1332 1855 146 45 agner,
1051 1856 65 30 un
1160 1840 191 48 volume
1379 1840 232 49 d'articles
1638 1842 171 50 inédits
1850 1845 163 47 datant
2053 1846 55 47 de
2145 1845 131 65 1834
2303 1846 26 49 à
2363 1846 130 66 1843
2531 1867 93 45 que
2650 1849 219 65 Wagner
2892 1859 99 46 avait

448 1903 216 50 éliminés
689 1906 56 47 de
772 1925 68 29 ses
866 1925 185 32 œuvres
1077 1911 260 62 complètes
1359 1935 12 37 ;
1412 1911 296 66 l'antiquaire
1751 1915 240 65 Stargardt
2030 1936 26 28 a
2098 1917 43 47 la
2184 1920 156 46 bonne
2381 1920 190 47 fortune
2613 1921 58 47 de
2719 1926 270 50 reconnaître

448 1976 113 47 dans
589 1995 62 28 un
683 1977 65 47 lot
792 1980 57 45 de
877 1997 258 45 paperasses
1162 1997 261 47 provenant
1450 1985 57 47 de
1545 1985 43 47 la
1629 1986 178 50 famille
1834 1989 345 49 Wesendonck
2221 2009 65 29 un
2329 1992 259 47 manuscrit
2630 1995 195 47 musical
2867 1996 124 52 inédit

447 2046 63 47 du
555 2047 166 47 maître
764 2049 56 47 de
871 2049 259 67 Bayreuth.
1186 2052 132 50 C'est
1369 2055 372 64 l'arrangement
1793 2077 118 45 pour
1953 2060 286 49 violon-solo
2288 2076 49 34 et
2387 2065 117 61 petit
2555 2066 237 47 orchestre
2843 2067 41 62 (à
2930 2070 59 48 dix

445 2119 186 61 parties)
673 2119 62 46 du
776 2119 90 47 lied
1403 2121 208 48 Trœume
1145 2124 191 64 (Rêves)
1376 2143 91 46 que
1507 2129 217 63 Wagner
1762 2129 55 49 fît
1855 2149 60 29 en
1958 2132 250 48 décembre
2255 2133 129 66 1857
2433 2149 46 34 et
2505 2135 116 63 qu'il
2664 2137 198 48 exécuta
2899 2157 90 33 avec

445 2188 210 48 dix-huit
697 2193 251 47 musiciens
976 2194 55 46 de
1074 2197 156 61 choix,
1272 2198 187 62 appelés
1486 2199 55 47 de
1582 2201 202 63 Zurich,
1813 2203 173 48 devant
2025 2203 44 48 la
2107 2207 226 46 chambre
2359 2207 27 47 à
2427 2209 208 46 coucher
2674 2209 56 46 de
2773 2209 216 53 Mathilde

444 2259 360 65 Wesendonck,
832 2264 41 47 le
914 2267 150 45 matin
1093 2267 27 45 d
1147 2284 62 30 un
1238 2269 79 47 des
1359 2272 336 48 anniversaires
1740 2274 55 47 de
1835 2292 47 29 sa
1925 2277 307 48 bienfaitrice.
2278 2277 288 65 Glasenapp,
2597 2281 114 48 dans
2751 2298 47 31 sa
2838 2286 151 59 grande

445 2331 285 65 biographie,
760 2336 280 47 mentionne
1082 2352 123 34 cette
1232 2342 359 63 orchestration,
1620 2347 116 45 mais
1762 2363 61 29 on
1870 2364 61 30 ne
1957 2349 145 47 savait
2130 2349 101 62 plus
2272 2350 62 47 où
2362 2350 89 49 elle
2490 2353 123 46 avait
2654 2353 142 62 passé.
2828 2353 122 50 C'est
2972 2358 17 46 à

443 2404 77 61 qui
565 2423 57 28 en
650 2423 112 30 auia
800 2408 11 45 1
834 2411 291 61 autographe
1152 2413 315 50 maintenant.
1512 2415 93 48 Les
1632 2417 78 46 dix
1752 2437 140 46 pages
1916 2433 107 34 sont
2052 2420 165 49 écrites
2259 2434 105 37 tout
2403 2424 203 48 entières
2645 2427 57 45 de
2730 2425 43 49 la
2801 2428 121 47 main
2946 2429 42 47 de

444 2475 215 63 Wagner
687 2490 46 34 et
762 2491 189 49 portent
976 2481 26 47 à
1031 2481 42 47 la
1097 2481 66 49 fin
1191 2500 70 31 ses
1289 2486 198 49 initiales
1512 2505 113 31 avec
1653 2488 42 48 le
1723 2493 202 61 paraphe
1956 2493 224 49 habituel.

586 2621 317 51 MUNICH.
1031 2626 133 50 Dans
1190 2646 47 30 sa
1280 2646 147 31 sonee
1455 2631 56 47 de
1557 2645 272 38 récitations
1873 2636 246 65 classiques
2159 2639 63 48 du
2268 2639 29 49 6
2326 2640 252 50 décembre
2620 2641 77 51 IVI.
2745 2645 56 47 de
2831 2645 158 48 Possart

439 2705 231 48 apportait
698 2695 123 47 deux
851 2697 312 50 mélodrames
1188 2717 252 32 nouveaux
1470 2720 9 31 :
1521 2704 43 47 le
1592 2704 201 49 Château
1821 2726 57 28 au
1905 2710 109 46 bord
2034 2711 52 46 de
2113 2711 44 47 la
2198 2730 92 28 mer
2316 2712 56 47 de
2403 2714 213 64 Uhland,
2654 2734 113 30 avec
2794 2719 195 63 musique

439 2762 57 47 de
525 2762 206 49 Richaid
762 2766 193 62 Stiauss,
979 2782 226 36 executee
1234 2773 27 46 d
1282 2791 131 45 après
1440 2775 41 45 le
1510 2780 288 58 manuscrit;
1826 2792 48 35 et
1898 2780 220 49 M'uchka
2142 2785 52 46 de
2212 2784 45 47 la
2279 2784 171 49 Maros
2451 2823 13 24 y
2486 2804 96 30 une
2610 2789 190 48 histoire
2822 2791 165 64 tzigane

438 2833 56 48 de
523 2833 185 65 Lenau,
750 2839 115 47 mise
893 2858 58 30 en
995 2843 218 64 musique
1242 2862 80 46 par
1346 2847 136 64 Josef
1516 2847 234 51 Pembaut
1776 2851 94 63 (op.
1901 2853 100 64 93).

744 2926 46 29 es
832 2928 77 28 am
915 2913 33 46 is
989 2913 28 46 d
1041 2912 126 49 Otto
1195 2914 305 51 Vrieslander
1539 2932 116 36 vont
1699 2923 183 61 publier
1921 2942 80 45 par
2044 2928 333 63 souscription,
2418 2947 65 30 un
2531 2932 173 48 nouvel
2748 2935 159 47 album
2942 2936 43 47 de

437 2975 63 61 48
531 2977 124 48 liedet
691 2996 297 34 récemment
1014 2987 139 45 écrits
1194 3005 78 44 par
1300 2988 42 47 le
1370 2993 319 60 compositeur
1731 2993 63 48 du
1821 2994 184 50 Pierrot
2042 2998 176 48 lunaire
2221 3038 13 24 ,
2262 3017 77 31 sur
2367 3002 77 48 des
2486 3003 192 62 poèmes
2716 3007 57 46 de
2813 3007 172 48 Conrad

435 3046 271 51 Ferdinand
752 3050 189 69 Meyer.
973 3057 41 47 C
1036 3069 67 35 est
1131 3076 63 29 un
1241 3060 116 47 beau
1383 3074 127 51 geste
1552 3082 59 29 en
1651 3065 161 49 faveur
1858 3067 115 48 d'un
2016 3072 233 47 musicien
2292 3073 138 62 doué,
2472 3076 92 47 très
2603 3077 181 49 sincère
2825 3091 46 35 et
2913 3081 74 47 très

433 3121 173 49 artiste.

578 3260 285 53 VIENNE.
989 3266 70 48 Le
1087 3270 175 48 conseil
1305 3274 261 62 municipal
1595 3276 54 47 de
1677 3276 45 47 la
1750 3278 139 49 K.K.
1920 3281 198 61 capitale
2145 3284 179 48 semble
2366 3285 183 50 n'avoir
2589 3290 200 47 attendu
2831 3308 85 46 que
2952 3292 32 47 le

432 3331 135 46 deces
594 3332 62 47 du
687 3335 324 63 bourgmestre
1051 3341 299 50 nationaliste
1390 3344 49 48 D
1444 3347 16 21 r
1487 3345 189 66 Lueger
1703 3366 118 45 pour
1855 3368 216 48 saccager
2099 3352 43 47 la
2182 3354 124 51 ville.
2338 3355 85 51 On
2458 3359 199 48 démolit
2695 3378 104 32 sans
2838 3364 145 60 merci,

429 3419 61 29 au
517 3405 139 59 profit
683 3405 56 48 de
767 3424 106 31 rues
899 3408 25 47 à
951 3408 319 52 l'américaine
1298 3436 11 38 ;
1340 3429 47 34 et
1423 3435 116 31 avec
1578 3419 64 48 les
1667 3422 258 49 anciennes
1952 3425 261 63 demeures,
2244 3427 178 64 pleines
2450 3431 54 47 de
2532 3435 259 61 souvenirs,
2819 3434 109 49 c'est
2951 3434 33 48 le

426 3474 167 46 cachet
675 3477 140 47 vieux
843 3478 193 51 Vienne
1117 3483 55 47 de
1201 3483 42 49 la
1272 3487 158 47 bonne
1459 3488 107 47 ville
1594 3493 80 60 qui
1704 3492 220 62 disparait
1949 3497 149 61 grand
2127 3500 136 48 train.

508 3615 9 9 .
679 3565 140 31 nll
856 3570 11 25 f
868 3587 12 9 -
887 3570 23 28 e
940 3552 11 85 |
956 3571 24 27 a
1007 3554 391 66 Johannesgasse,
1426 3560 25 46 à
1478 3560 109 48 côté
1625 3562 63 47 du
1717 3565 141 61 palais
1878 3567 79 47 des
1985 3567 363 66 Chanoinesses,
2376 3591 63 29 on
2460 3593 26 27 a
2513 3573 193 51 éventré
2733 3595 94 29 une
2853 3577 127 49 solide

425 3631 179 33 maison
633 3619 61 47 du
724 3620 127 49 XIII
896 3623 154 64 siècle,
1080 3638 133 37 toute
1241 3647 55 29 en
1328 3632 172 61 pierres
1526 3633 56 46 de
1611 3634 141 63 taille,
1780 3637 27 47 à
1835 3637 223 50 l'escalier
2094 3641 156 63 étroit,
2279 3655 228 38 tortueux
2535 3660 47 34 et
2610 3650 119 59 noir,
2757 3651 80 63 qui
2865 3650 113 48 selon
