3053 4313
792 243 589 89 LÉONARD
1450 263 147 69 DE
1662 263 343 70 VINCI

2589 286 84 45 11

369 413 106 58 Du
508 409 365 62 frottement
908 412 102 59 des
1045 413 202 72 cieux,
1284 413 93 60 s'il
1411 412 111 61 fait
1557 435 106 38 son
1700 436 80 35 ou
1815 435 123 38 non
1974 414 19 59 ?

301 504 89 59 Le
417 523 108 39 son
562 501 222 61 résulte
808 503 83 59 du
915 525 161 59 coup
1100 503 146 60 d'un
1278 525 176 61 corps
1477 504 113 59 dur
1611 502 287 84 frappant
1919 503 149 73 l'air,
2087 518 57 44 et
2168 503 93 59 s'il
2282 516 87 46 est
2392 499 109 60 fait
2525 515 168 44 entre

137 600 145 59 deux
338 615 198 61 corps,
574 596 148 57 c'est
780 616 75 37 au
907 616 225 61 moyen
1189 595 74 59 de
1297 596 151 58 l'air.
1508 596 51 58 Il
1594 596 117 58 s'en
1772 596 254 58 suivrait
2075 616 120 60 que
2247 595 82 57 les
2379 593 182 59 cieux
2618 612 73 37 ne

137 687 341 87 produisent
529 708 105 61 pas
668 686 74 58 de
779 708 127 50 son,
943 709 75 37 en
1054 708 59 38 se
1147 685 282 75 frottant,
1465 685 166 61 faute
1678 687 152 59 d'air
1865 701 169 43 entre
2069 708 121 36 eux
2227 710 12 47 ;
2291 685 46 59 si
2374 705 68 38 ce
2477 682 187 60 frotte-

136 793 154 48 ment
324 777 160 59 avait
518 777 145 73 lieu,
700 777 216 82 depuis
952 791 129 45 tant
1117 777 73 59 de
1226 776 227 74 siècles,
1490 777 221 60 durant
1768 777 258 82 lesquels
2060 777 69 58 ils
2164 790 107 45 ont
2305 772 267 73 tournés,
2623 774 72 57 ils

136 871 239 63 seraient
410 868 194 61 abolis
637 890 110 60 par
772 871 133 56 leur
940 871 300 58 immense
1275 870 218 59 vitesse
1528 870 422 81 quotidienne.
1990 868 131 61 S'ils
2155 866 277 60 faisaient
2462 887 128 49 son,
2627 885 66 39 ce

136 986 93 39 son
263 983 73 37 ne
365 982 58 38 se
457 959 352 84 répandrait
845 982 104 60 pas
985 962 262 80 puisque
1283 963 53 57 le
1372 982 107 38 son
1514 960 250 83 produit
1801 982 135 38 sous
1969 960 153 59 l'eau
2159 957 272 62 s'entend
2464 978 121 60 peu
2636 969 57 45 et

136 1052 377 63 s'entendrait
550 1053 202 57 moins
788 1075 80 36 ou
907 1073 102 61 pas
1037 1052 80 58 du
1156 1067 157 57 tout,
1341 1052 146 59 dans
1522 1054 81 56 les
1631 1073 176 60 corps
1834 1052 236 70 denses;
2107 1052 55 57 le
2197 1048 361 61 frottement
2592 1045 102 60 des

137 1166 159 60 corps
347 1144 156 82 polis
541 1166 74 37 ne
661 1142 109 60 fait
807 1165 104 60 pas
946 1143 73 59 de
1052 1144 166 58 bruit
1255 1167 14 49 ;
1317 1144 151 59 ainsi
1504 1144 43 58 il
1583 1143 99 82 n'y
1719 1165 71 35 en
1828 1144 194 58 aurait
2079 1162 103 61 pas
2223 1164 73 35 au
2335 1138 359 60 frottement

137 1238 87 59 des
257 1236 199 58 cieux.
497 1235 131 59 S'ils
662 1235 170 59 n'ont
870 1256 102 60 pas
1007 1232 96 61 été
1141 1236 155 80 polis
1330 1256 108 60 par
1472 1236 55 57 le
1562 1233 381 72 frottement,
1983 1235 68 57 ils
2087 1247 133 44 sont
2267 1230 336 82 globuleux
2637 1242 58 43 et

137 1348 286 61 rugueux,
461 1341 59 44 et
557 1325 101 61 dès
694 1329 139 69 lors,
869 1329 131 57 leur
1035 1341 245 44 contact
1317 1325 148 60 n'est
1500 1346 104 61 pas
1640 1339 302 57 constant,
1971 1340 59 42 et
2063 1325 54 57 le
2153 1324 141 58 vide
2329 1344 58 37 se
2425 1320 269 82 produit,

136 1423 47 57 le
214 1418 134 59 vide
386 1420 336 57 inexistant
757 1419 146 58 dans
938 1419 54 57 la
1028 1434 233 43 nature.
1303 1419 184 57 Donc
1522 1418 54 57 le
1612 1414 362 61 frottement
2011 1415 194 58 aurait
2242 1411 103 61 usé
2380 1415 82 56 les
2496 1409 169 61 extré-

139 1508 165 62 mités
356 1509 72 58 de
464 1509 242 81 chaque
743 1510 116 59 ciel
894 1524 58 43 et
1006 1523 241 44 surtout
1284 1529 132 38 vers
1451 1509 53 57 le
1538 1509 217 57 milieu
1814 1508 203 80 plutôt
2055 1527 118 59 que
2206 1524 132 38 vers
2371 1505 83 56 les
2511 1503 187 80 pôles,

139 1602 311 82 puisqu'au
510 1602 215 58 milieu
780 1602 43 57 il
882 1614 85 45 est
1028 1602 134 80 plus
1219 1599 229 83 rapide.
1491 1600 93 59 En
1631 1613 175 43 outre
1865 1599 52 56 le
1971 1595 361 60 frottement
2390 1608 59 44 et
2501 1595 56 55 le
2591 1613 102 37 son

139 1693 364 71 cesseraient,
537 1693 84 59 les
656 1691 247 83 sphères
957 1692 443 58 s'arrêteraient
1452 1689 30 60 à
1537 1692 201 57 moins
1773 1711 118 60 que
1951 1689 84 57 les
2087 1708 112 38 uns
2251 1697 381 48 tournassent
2667 1680 32 60 à

137 1785 253 61 l'Orient
418 1799 61 45 et
506 1785 84 59 les
625 1799 200 44 autres
859 1806 73 36 au
965 1785 414 80 Septentrion.
1419 1782 140 78 (Les
1594 1782 366 58 manuscrits
1988 1781 71 57 de
2108 1778 318 70 l'lnstitut,
2456 1797 59 60 p.
2550 1774 149 79 269,

139 1875 242 80 Sansot.)

309 1967 187 60 Est-il
532 1965 331 61 nécessaire
891 1966 301 73 d'ajouter
1228 1988 120 58 que
1381 1966 54 57 le
1467 1964 235 59 Maître
1738 1985 30 36 a
1804 1964 123 80 pris
1955 1984 75 36 au
2056 1960 226 60 littéral
2310 1980 120 37 une
2458 1976 208 63 expres-

139 2060 117 59 sion
291 2056 253 84 figurée,
574 2074 59 45 et
668 2082 32 35 a
736 2056 198 61 réfuté
971 2058 485 82 physiquement
1486 2078 117 38 une
1639 2058 226 78 image,
1893 2074 247 40 comme
2176 2054 40 57 il
2244 2067 87 44 est
2359 2047 194 63 arrivé
2582 2069 118 37 aux

140 2150 367 60 traducteurs
560 2150 74 59 de
687 2152 56 57 la
780 2149 175 60 Bible
991 2149 72 58 de
1100 2148 271 80 changer
1405 2169 70 36 en
1533 2163 196 43 statue
1771 2147 72 57 de
1896 2145 82 59 sel
2030 2145 54 57 la
2135 2141 229 60 femme
2415 2141 72 58 de
2534 2136 164 63 Loth

141 2243 95 80 qui
271 2241 91 60 fut
399 2243 396 80 simplement
837 2239 319 84 fnitriféeJ,
1185 2237 297 85 pétrifiée,
1520 2261 72 35 au
1633 2238 192 58 moral
1854 2239 18 57 ?

2183 2366 330 57 Peladan.
