3053 4313
1558 269 76 69 S.
1704 269 53 68 I.
1842 268 120 69 M.

513 306 47 62 4

513 426 235 83 préside
783 424 31 60 à
851 438 160 46 cette
1046 422 257 81 opinion
1354 432 331 66 augmente
1721 437 59 37 sa
1816 417 227 68 valeur,
2080 435 99 36 car
2215 414 163 57 nulle
2414 426 132 67 part
2579 412 278 58 Léonard
2902 437 62 41 ne
2999 449 33 41 se

513 518 164 59 flatte
711 517 72 57 de
824 536 88 38 ses
962 515 215 57 talents
1227 511 320 58 musicaux
1601 506 198 58 tandis
1827 506 150 80 qu'il
2019 526 57 37 se
2116 503 278 81 prétend,
2428 517 60 43 et
2526 502 310 81 peut-être
2870 503 28 60 à
2932 523 99 69 tort,

510 609 149 58 aussi
699 605 190 82 grand
924 603 313 80 sculpteur
1271 620 118 60 que
1425 598 255 82 peintre.

763 695 48 58 Il
848 709 84 43 est
969 691 260 83 possible
1263 690 74 57 de
1371 686 317 61 connaître
1723 706 145 37 avec
1903 685 252 57 l'oreille
2193 685 52 56 la
2282 683 269 58 distance
2599 681 145 58 d'un
2799 703 152 64 coup
2992 696 42 62 de

512 804 304 51 tonnerre,
873 807 74 35 en
1008 796 227 68 voyant
1289 802 103 36 son
1461 777 206 72 éclair,
1728 798 108 59 par
1892 776 55 57 la
2005 775 438 58 ressemblance
2498 772 72 59 de
2629 774 54 56 la
2737 775 144 57 voix
2935 800 99 49 avec

509 876 199 61 l'écho

757 967 85 57 Le
877 986 162 57 coup
1074 960 215 83 frappé
1324 974 286 56 ressaute,
1647 979 71 36 en
1757 954 244 74 arrière,
2037 977 109 60 par
2182 977 78 35 un
2298 954 179 80 angle
2513 951 137 83 égal
2687 955 29 56 à
2745 954 153 58 celui
2928 959 106 69 delà

510 1057 369 82 percussion.
920 1053 284 60 L'oreille
1239 1052 195 78 reçoit
1469 1050 81 58 les
1585 1050 147 56 voix
1761 1048 262 57 diverses
2056 1068 109 59 par
2199 1045 103 59 des
2329 1045 195 79 lignes
2561 1044 244 71 droites,
2834 1052 201 67 courbes

509 1164 57 43 et
604 1144 238 72 brisées,
877 1158 60 44 et
973 1164 238 38 aucune
1249 1141 229 58 torsion
1517 1160 77 37 ne
1652 1155 146 64 peut
1835 1136 335 81 empêcher
2204 1156 106 38 son
2349 1134 198 59 office.
2678 1134 145 82 (Ap.
2874 1156 87 60 19,
2989 1150 42 77 r.)

691 1238 92 58 En
852 1235 197 58 divers
1114 1252 276 63 passages
1458 1231 42 57 il
1567 1244 142 43 note
1775 1230 81 57 les
1923 1247 256 61 moyens
2244 1224 359 60 d'entendre
2671 1246 100 37 sur
2833 1226 53 58 la
2950 1252 85 44 mer

506 1326 356 83 l'approche
899 1326 100 57 des
1036 1324 258 69 navires,
1331 1343 99 38 sur
1467 1336 155 42 terre
1657 1320 55 57 le
1749 1334 381 43 creusement
2166 1317 182 57 d'une
2378 1317 167 57 mine
2571 1330 60 44 et
2659 1336 60 38 se
2742 1315 293 90 préoccupe

505 1433 254 45 souvent
796 1416 74 59 de
904 1414 204 61 l'écho
1144 1429 56 43 et
1237 1414 103 57 des
1373 1410 452 82 répercussions
1859 1429 264 38 sonores.

689 1509 51 57 Il
799 1508 190 58 existe
1042 1528 75 36 au
1183 1501 211 61 musée
1460 1503 255 58 Arlaten
1779 1523 79 35 un
1923 1500 234 58 bizarre
2211 1500 373 57 instrument
2654 1518 117 60 que
2839 1498 196 71 Mistral

505 1600 236 82 appelle
776 1599 54 59 le
1257 1594 152 64 Bramabioii
1410 1594 167 79 (brame
1578 1589 159 83 bœuf)
1782 1605 58 45 et
1878 1612 119 60 que
2037 1589 277 60 Léonard
2354 1586 196 60 décrit
2587 1589 151 57 ainsi
2771 1609 13 37 :

758 1691 60 57 Si
853 1705 66 41 tu
956 1687 222 82 prends
1214 1707 81 37 un
1331 1685 157 82 petit
1525 1705 137 38 vase
1691 1703 216 38 sonore
1935 1696 59 43 et
2018 1682 47 57 si
2090 1696 66 43 tu
2185 1680 52 59 le
2267 1701 255 37 couvres
2549 1678 144 60 d'un
2726 1678 308 82 parchemin

505 1782 73 57 de
627 1802 153 37 veau
832 1777 274 72 mouillé,
1144 1792 58 43 et
1252 1776 281 81 lorsqu'il
1583 1796 126 37 sera
1760 1795 94 37 sec
1906 1773 46 59 si
2005 1787 66 42 tu
2122 1793 38 60 y
2202 1769 289 60 enfonces
2527 1791 119 37 une
2681 1771 191 80 petite
2905 1777 129 61 corde

505 1871 182 71 cirée,
722 1886 58 43 et
816 1891 121 60 que
973 1884 66 44 tu
1073 1870 56 57 la
1163 1868 211 58 retires
1409 1887 149 37 avec
1596 1886 81 37 un
1715 1879 147 66 gant
1898 1861 125 61 ciré
2061 1885 74 35 au
2170 1884 229 59 moyen
2437 1862 71 57 de
2545 1882 68 37 ce
2650 1862 107 80 qui
2794 1862 193 62 enduit
3006 1868 28 59 le

505 1978 137 43 trou
680 1961 101 60 des
815 1960 240 70 ruches,
1082 1974 65 43 tu
1183 1957 323 60 entendras
1542 1978 81 36 un
1665 1956 165 58 bruit
1865 1953 270 82 étrange.
2183 1952 100 80 (A.
2328 1952 274 71 Institut,
2631 1974 59 59 p.
2735 1971 102 61 52,
2865 1960 164 77 verso.)

687 2055 89 56 Le
810 2050 338 60 manuscrit
1186 2049 66 58 H
1290 2069 154 37 nous
1481 2060 247 46 montre
1766 2068 78 35 un
1884 2044 210 59 archet
2130 2044 73 59 de
2246 2045 163 57 viole
2453 2042 131 80 (28,
2638 2065 44 37 r.
2737 2058 59 44 et
2845 2044 78 81 v.)
2973 2047 58 61 On

505 2159 215 43 trouve
757 2143 240 58 ailleurs
1030 2141 54 58 le
1120 2139 248 81 croquis
1403 2138 145 59 d'un
1590 2136 289 60 tambour
1915 2135 72 58 de
2023 2134 143 61 fête.

757 2232 317 81 Pourquoi
1112 2244 162 46 as-tu
1310 2232 118 57 mis
1461 2230 59 57 la
1558 2229 287 80 musique
1883 2227 200 81 parmi
2118 2227 81 58 les
2235 2240 118 45 arts
2387 2224 281 60 libéraux
2704 2228 17 56 ?
2761 2225 101 60 Ou
2899 2227 132 62 efface

501 2328 75 69 la,
614 2347 80 37 ou
731 2340 153 43 mets
917 2346 38 60 y
990 2324 55 57 la
1082 2323 286 80 peinture
1407 2320 10 60 !

687 2416 159 58 Rien
884 2414 232 58 n'irrite
1152 2413 149 59 aussi
1342 2425 464 45 constamment
1841 2409 55 58 le
1934 2408 236 59 Maître
2207 2430 119 58 que
2362 2407 182 60 l'idée
2591 2407 185 60 d'une
2827 2428 174 64 concep-

503 2508 128 59 tion
669 2506 305 60 manuelle
1008 2505 74 58 de
1117 2505 55 57 la
1206 2505 311 80 peinture.
1559 2502 52 59 Il
1646 2516 147 45 veut
1827 2501 88 58 lui
1952 2498 331 84 conquérir
2317 2501 54 58 la
2409 2498 230 83 qualité
2682 2498 150 60 d'art
2881 2500 146 61 libéral

504 2621 104 59 par
642 2599 347 58 excellence
1025 2611 58 43 et
1121 2596 40 57 il
1195 2594 200 82 plaide
1436 2608 217 45 contre
1688 2595 82 57 les
1816 2606 199 45 autres
2066 2606 137 56 arts,
2241 2588 141 61 sauf
2423 2606 212 43 contre
2685 2592 54 56 la
2785 2592 241 82 musique.

569 2685 425 63 subordonnée
1032 2685 31 60 à
1096 2685 185 58 l'ouïe
1318 2686 107 79 qui
1465 2686 173 56 vient
1674 2681 171 83 après
1873 2684 151 57 l'œil
2146 2682 132 59 Elle
2315 2682 231 59 semble
2582 2681 212 59 l'avoir
2820 2681 205 60 charmé.

684 2780 87 59 Le
837 2780 257 79 langage
1166 2775 386 60 Leonardien
1628 2797 269 59 manque
1963 2774 73 58 de
2104 2774 271 80 rigueur,
2441 2794 247 38 comme
2753 2775 53 56 la
2870 2776 156 78 langue

503 2872 288 58 italienne
826 2869 375 59 elle-même.
1244 2868 280 58 Certains
1567 2882 161 43 mots
1765 2881 107 43 ont
1909 2865 203 82 plutôt
2149 2865 207 59 besoin
2410 2862 506 62 d'identification
2960 2884 65 61 que

501 2962 73 58 de
608 2961 371 59 traduction.
1018 2959 181 59 Ainsi
1238 2957 352 59 faudrait-il
1625 2955 266 83 préciser
1926 2977 68 37 ce
2032 2977 118 60 que
2185 2958 54 56 le
2277 2955 235 59 Maître
2549 2954 222 60 entend
2819 2977 102 60 par
2963 2975 62 38 une

501 3053 365 82 proportion
918 3051 432 80 harmonique.
1393 3051 147 57 Cela
1597 3070 101 37 me
1747 3048 195 81 paraît
1978 3048 127 57 être
2140 3049 81 56 les
2255 3048 225 80 parties
2514 3047 74 58 de
2622 3048 55 57 la
2714 3046 311 83 polyphonie

500 3146 210 57 vocale
759 3143 153 82 qu'il
960 3142 308 79 envisage,
1299 3140 283 82 lorsqu'il
1634 3140 90 58 dit
1765 3162 10 36 :
2132 3141 136 56 âme
2309 3154 86 43 est
2431 3137 148 60 faite
2613 3138 364 59 d'harmonie
2998 3151 27 42 et

500 3235 365 58 l'harmonie
923 3254 74 37 ne
1055 3231 356 80 s'engendre
1467 3253 125 59 que
1643 3230 75 59 de
1768 3231 54 57 la
1873 3227 415 61 simultanéité
2342 3227 78 61 où
2471 3230 55 57 la
2577 3231 356 79 proportion
2974 3225 51 59 de;

501 3325 190 75 objets
740 3347 59 36 se
847 3321 113 61 fait
1008 3325 135 57 voir
1195 3344 80 37 ou
1327 3321 305 60 entendre
1780 3323 101 58 On
1935 3343 74 37 ne
2046 3323 321 57 donnerait
2406 3342 101 61 pas
2544 3320 387 81 aujourd'hui
2961 3336 64 40 une

499 3432 170 43 autre
703 3413 342 61 définition.
1150 3415 280 80 Lorsque
1468 3413 331 81 beaucoup
1837 3413 73 58 de
1944 3414 150 57 voix
2130 3413 261 58 diverses
2427 3413 294 58 chantent
2765 3433 69 37 en
2888 3410 137 59 même

499 3523 220 66 temps,
757 3508 39 57 il
834 3528 73 36 en
943 3503 224 61 résulte
1202 3527 119 36 une
1357 3505 378 80 proportion
1771 3503 414 82 harmonique
2223 3504 107 80 qui
2368 3518 289 45 contente
2697 3504 288 57 tellement
3002 3498 23 56 le

496 3618 130 39 sens
677 3598 71 59 de
797 3597 183 58 l'âme
1032 3617 117 60 que
1201 3597 83 57 les
1336 3594 329 60 auditeurs
1700 3608 224 46 restent
1961 3616 71 37 en
2071 3616 119 37 une
2226 3596 46 57 si
2311 3596 137 57 vive
2485 3594 391 70 admiration,
2913 3588 112 84 qu'il;

496 3690 300 58 semblent
832 3687 30 60 à
898 3687 165 60 demi
1101 3684 211 83 pâmés
1440 3686 52 58 Il
1536 3687 179 80 s'agit
1754 3686 180 58 d'une
1971 3684 172 83 pièce
2180 3684 31 59 à
2249 3686 296 81 plusieurs
2592 3687 244 79 parties,
2872 3684 65 58 de
2975 3696 47 41 ce:
