3053 4313
582 1465 744 109 LÉONARD
1418 1482 188 87 DE
1692 1482 422 89 VINCI

851 1635 402 63 COMME
1306 1633 539 63 MUSICIEN

247 1864 160 67 Quel
439 1879 5 8 '
474 1884 119 60 que
648 1862 118 59 soit
823 1862 56 57 le
936 1860 155 73 sujet
1151 1881 119 59 que
1322 1858 122 59 l'on
1504 1855 231 74 étudie,
1789 1858 153 81 qu'il
1992 1858 241 80 s'agisse
2290 1855 352 74 d'aviation,

98 1954 541 84 d'ophtalmologie,
665 1953 72 58 de
773 1952 327 80 balistique
1136 1972 77 37 ou
1251 1949 74 60 de
1361 1949 443 71 chiromancie,
1832 1949 44 57 il
1917 1969 37 60 y
1990 1969 31 37 a
2057 1969 80 37 un
2176 1947 255 59 homme
2454 1948 188 80 qu'on

101 2062 283 45 rencontre
436 2044 297 82 toujours.
775 2044 170 59 Dans
994 2043 55 59 le
1099 2043 258 79 langage
1409 2039 77 60 du
1541 2039 226 60 second
1814 2039 184 60 Faust
2045 2061 78 37 on
2157 2038 401 81 l'appellerait
2592 2038 55 58 le

99 2140 293 78 magicien,
449 2154 57 43 et
564 2137 301 80 Prospero
924 2133 231 60 semble
1208 2154 107 38 son
1375 2132 280 81 portrait,
1709 2151 99 38 car
1861 2131 42 57 il
1954 2151 313 60 prononce
2318 2128 31 59 à
2407 2127 240 82 chaque

98 2231 189 59 instant
323 2245 160 45 cette
517 2227 273 60 fameuse
827 2226 391 81 conjuration
1255 2223 100 60 des
1391 2223 259 70 Quatre,
1691 2223 104 80 qui
1834 2221 369 60 commande
2238 2241 119 38 aux
2393 2240 255 61 gnomes

98 2342 212 40 comme
366 2344 121 37 aux
545 2319 277 72 ondines,
874 2340 122 37 aux
1048 2315 405 61 salamandres
1508 2335 248 38 comme
1806 2334 120 37 aux
1976 2311 262 84 sylphes.
2303 2311 86 59 Le
2441 2310 204 60 même

99 2433 341 62 personnage
475 2436 33 36 a
543 2410 217 61 trouvé
803 2411 55 58 la
910 2408 240 61 théorie
1202 2408 101 58 des
1353 2404 251 73 fossiles,
1641 2405 150 58 celle
1842 2404 71 57 de
1964 2404 54 57 la
2070 2403 416 71 combustion,
2524 2403 42 57 il
2615 2422 33 38 a

101 2504 203 83 analysé
337 2507 56 57 le
427 2517 406 47 mouvement
870 2500 74 60 de
978 2502 181 68 l'eau,
1198 2499 42 57 il
1275 2521 27 35 a
1341 2494 166 62 tenté
1543 2497 56 58 la
1634 2497 307 78 conquête
1978 2494 73 58 de
2086 2493 148 59 l'air.

251 2598 77 59 Et
379 2611 175 44 notre
605 2593 406 61 étonnement
1062 2589 382 60 deviendrait
1496 2588 72 58 de
1620 2588 54 57 la
1724 2601 274 66 stupeur,
2029 2587 45 57 si
2112 2604 152 39 nous
2298 2580 352 84 possédions

101 2698 167 49 toutes
322 2688 81 59 les
454 2701 172 44 notes
679 2684 72 60 de
803 2698 97 45 cet
950 2683 127 59 être
1126 2679 397 84 prodigieux,
1561 2679 108 80 qui
1725 2677 215 80 depuis
1997 2676 114 57 l'an
2184 2692 160 61 1519
2402 2695 58 36 se
2514 2687 134 44 sont

102 2778 221 77 perdues
357 2795 59 43 et
452 2778 150 59 dont
640 2778 148 79 cinq
823 2776 172 57 mille
1032 2794 184 61 pages
1250 2772 342 57 seulement
1634 2782 106 45 ont
1792 2766 96 59 été
1941 2763 373 62 conservées.
2354 2764 94 58 En
2500 2785 113 37 con-

102 2871 268 79 templant
403 2865 438 65 l'universalité
879 2866 74 59 de
990 2862 305 73 Léonard,
1320 2864 42 55 il
1401 2870 127 48 taut
1564 2881 58 37 se
1658 2858 284 60 souvenir
1978 2880 82 58 qu
2090 2857 43 57 il
2167 2870 94 44 lut
2290 2869 238 44 surtout
2563 2875 82 37 un

102 2961 190 61 artiste.
332 2964 100 58 Ses
482 2959 364 63 recherches
898 2971 107 45 ont
1056 2958 133 57 leur
1240 2955 176 81 point
1468 2952 73 58 de
1578 2950 213 82 départ
1828 2950 145 58 dans
2007 2970 118 37 une
2161 2945 484 84 préoccupation

103 3046 351 89 d'appliquer
511 3053 242 81 chaque
812 3050 239 59 science
1109 3068 121 37 aux
1279 3059 118 45 arts
1455 3043 81 58 du
1594 3041 217 60 dessin.
1874 3040 368 58 Définissant
2298 3038 53 57 le
2388 3036 260 82 peintre,

103 3137 264 67 l'homme
397 3144 322 65 universel,
751 3156 56 43 et
839 3138 280 60 réalisant
1148 3159 73 36 en
1259 3134 328 60 lui-même
1615 3147 161 44 cette
1804 3130 392 80 conception,
2225 3129 41 56 il
2294 3149 32 36 a
2360 3125 206 60 étudié
2595 3126 55 58 la

103 3236 252 81 musique
418 3237 146 58 dans
623 3255 105 38 son
790 3253 131 39 sens
976 3228 453 70 monumental,
1490 3222 372 62 c'est-à-dire
1917 3243 75 36 au
2045 3220 178 82 point
2276 3218 74 58 de
2403 3239 117 37 vue
2573 3215 74 60 de

102 3318 391 90 l'acoustique.

259 3419 97 57 On
394 3435 220 43 trouve
649 3417 74 59 de
760 3413 397 60 nombreuses
1194 3424 172 44 notes
1401 3430 98 37 sur
1533 3407 55 57 le
1622 3403 375 61 mécanisme
2031 3421 215 38 sonore
2279 3421 10 36 :

265 3507 139 80 318.
611 3509 113 58 Les
787 3526 123 37 sons
974 3502 323 80 s'éloignent
1357 3499 65 58 de
1486 3499 150 57 leurs
1702 3515 191 38 causes
1946 3506 121 67 par
2126 3490 93 58 des
2283 3499 365 48 mouvements

105 3598 292 61 circulaires
403 3648 14 23 ,
451 3622 66 37 en
552 3600 76 57 les
653 3595 264 84 gardant
947 3591 247 82 toujours
1218 3605 150 69 pour
1402 3600 197 47 centre.
1648 3586 104 79 {A.
1794 3584 102 72 61,
1933 3582 78 82 r.)

200 3739 7 22 i
229 3739 154 41 Toutes
404 3741 54 41 les
479 3741 189 39 citations
690 3753 88 25 sans
802 3736 219 41 références
1039 3745 90 28 sont
1148 3732 121 56 prises
1288 3744 67 26 des
1380 3747 48 32 14
1448 3728 202 55 chapitres
1668 3728 54 37 du
2473 3718 172 50 éditeui)

2541 3793 19 35 I
