3053 4313
951 1377 474 89 RAMEAU,
1492 1377 193 71 SON
1748 1375 432 71 GENDRE
2246 1375 135 68 ET
2444 1372 158 69 SES

1385 1504 775 74 DESCENDANTS.

653 1752 90 58 La
788 1749 367 83 biographie
1205 1749 73 60 de
1331 1752 278 57 Rameau
1659 1749 137 59 s'est
1847 1745 594 61 considérablement
2492 1744 276 60 enrichie
2830 1744 175 83 depuis

473 1842 162 57 deux
670 1862 135 50 ans;
859 1842 534 70 successivement,
1448 1841 188 58 MM.
1675 1838 172 60 Léon
1898 1838 109 59 Val
2016 1839 80 56 las
2130 1851 58 44 et
2229 1837 396 58 Paul-Marie
2665 1836 251 58 Masson
2947 1838 54 61 lui

470 1946 108 45 ont
614 1931 255 82 apporté
907 1933 470 80 d'importantes
1412 1931 474 70 contributions,
1922 1930 54 57 le
2028 1930 289 80 premier,
2364 1949 73 38 en
2491 1926 374 59 découvrant
2917 1950 86 60 que

473 2022 275 57 Rameau
784 2020 96 59 fut
917 2024 306 77 organiste
1259 2020 32 59 à
1327 2022 178 80 Lyon
1543 2021 71 58 de
1661 2039 111 61 171
1795 2041 28 59 3
1863 2018 32 59 à
1941 2038 161 60 1715
2144 2017 33 74 ',
2228 2018 56 59 le
2334 2018 246 70 second,
2615 2039 74 38 en
2727 2034 276 45 montrant

468 2134 141 60 que,
661 2111 71 59 de
781 2112 346 82 septembre
1172 2111 163 81 1706
1383 2111 31 60 à
1477 2112 55 58 la
1566 2107 81 63 fin
1684 2111 73 59 de
1804 2111 186 80 1708,
2042 2109 244 82 époque
2336 2110 270 81 pendant
2655 2110 256 79 laquelle
2954 2133 49 38 on

466 2204 158 58 avait
662 2203 194 81 perdu
892 2204 54 58 la
983 2219 162 43 trace
1181 2203 80 59 du
1299 2205 326 69 musicien,
1661 2204 254 58 celui-ci
1951 2223 60 38 se
2049 2203 268 57 trouvait
2354 2223 221 37 encore
2609 2200 32 60 à
2680 2201 184 59 Paris.
2872 2199 15 26 2

648 2293 267 59 L'année
962 2312 161 62 1723
1165 2316 254 59 marque
1468 2293 499 59 l'établissement
2020 2288 276 63 définitif
2337 2292 74 59 de
2465 2293 277 58 Rameau
2796 2290 137 60 dans
2968 2294 33 57 la

465 2386 258 78 capitale
757 2410 14 45 ;
809 2386 42 57 il
885 2407 37 60 y
960 2383 178 60 mène
1175 2407 118 37 une
1329 2387 96 57 vie
1461 2407 160 37 assez
1656 2384 169 70 dure,
1879 2384 292 82 puisqu'il
2224 2406 72 35 ne
2347 2383 239 83 dispose
2638 2382 207 82 guère,
2883 2405 118 59 pour

463 2474 303 74 subsister,
804 2497 120 60 que
974 2477 80 57 du
1106 2477 251 81 produit
1410 2477 72 58 de
1517 2497 87 38 ses
1639 2477 224 79 leçons.
1903 2477 87 57 Le
2027 2473 189 61 début
2253 2474 74 60 de
2362 2496 88 38 ses
2486 2476 284 57 relations
2804 2496 136 37 avec
2967 2476 33 57 le

461 2562 285 62 fastueux
802 2563 292 61 financier
1153 2568 88 56 Le
1310 2566 203 60 Riche
1571 2567 73 57 de
1701 2568 54 58 la
1824 2565 417 82 Pouplinière,
2309 2587 83 37 un
2450 2565 74 59 de
2582 2586 97 40 ces
2738 2563 262 61 Mécènes

463 2657 421 80 omnipotents
950 2660 107 79 qui
1124 2657 277 83 pesèrent
1461 2680 99 38 sur
1623 2660 55 56 la
1743 2659 291 58 situation
2103 2657 223 60 sociale
2379 2660 74 58 de
2508 2659 56 57 la
2623 2657 246 83 plupart
2929 2656 71 60 des

463 2749 327 58 musiciens
826 2747 81 60 du
944 2749 226 58 XVIII
1176 2754 18 19 e
1227 2747 201 73 siècle,
1465 2749 226 59 semble
1727 2750 213 58 devoir
1973 2770 58 37 se
2069 2750 202 80 placer
2322 2764 170 43 entre
2538 2768 165 61 1727
2740 2763 58 44 et
2846 2767 151 62 1732.

463 2836 162 60 C'est
683 2838 153 59 chez
887 2839 56 58 la
998 2838 416 82 Pouplinière,
1452 2839 145 60 dans
1653 2841 54 58 la
1758 2841 236 58 maison
2046 2839 151 82 qu'il
2247 2840 193 59 louait
2474 2838 32 61 à
2545 2840 188 71 Paris,
2787 2860 102 37 rue
2929 2838 70 59 des

465 2928 523 82 Petits-Champs,
1025 2952 120 58 que
1184 2932 279 57 Rameau
1500 2947 320 43 rencontra
1868 2929 197 61 l'abbé
2121 2932 328 80 Pellegrin,
2481 2946 57 44 et
2575 2932 142 58 c'est
2762 2930 55 59 là
2851 2930 145 70 aussi,

461 3018 210 81 qu'eut
728 3021 122 58 lieu
903 3022 56 56 la
1010 3018 272 62 fameuse
1341 3021 333 82 répétition
1726 3022 38 58 d
2536 3021 171 83 après
2770 3021 226 81 laquelle

457 3109 195 60 l'abbé
687 3109 324 61 librettiste
1047 3111 249 59 déchira
1330 3114 55 58 le
1420 3113 170 59 billet
1627 3113 72 60 de
1735 3114 273 81 garantie
2044 3116 256 57 souscrit
2350 3136 106 60 par
2495 3114 54 59 le
2586 3114 408 82 compositeur,

460 3200 88 59 Le
581 3197 312 78 financier,
931 3203 107 82 qui
1073 3224 59 38 se
1167 3205 242 80 piquait
1444 3203 155 60 d'art
1633 3219 58 44 et
1727 3205 74 58 de
1837 3203 363 74 littérature,
2228 3220 134 67 put,
2399 3226 73 37 en
2514 3224 186 63 1737,
2738 3203 258 61 entendre

456 3292 257 59 associer
746 3314 106 38 son
889 3314 150 38 nom
1075 3292 31 60 à
1141 3295 158 57 celui
1338 3294 78 59 du
1454 3294 192 81 grand
1686 3296 303 59 Haendel.
2022 3297 89 59 Ce
2147 3295 95 60 fut
2277 3294 32 61 à
2345 3318 227 59 propos
2605 3296 81 59 du
2723 3296 180 59 ballet
2935 3292 59 60 du

464 3382 286 83 Triomphe
780 3384 67 58 de
879 3385 45 58 /'
1312 3385 147 81 joué
1496 3388 54 57 le
1586 3408 36 58 9
1663 3390 122 56 mai
1821 3386 31 60 à
1886 3385 273 84 l'Opéra,
2196 3402 60 45 et
2309 3388 150 59 dont
2510 3389 82 58 les
2633 3409 132 38 vers
2799 3386 196 61 étaient

455 3471 74 60 de
563 3474 264 61 Lefranc
861 3474 74 61 de
973 3476 392 82 Pompignan
1402 3492 59 44 et
1501 3478 55 59 la
1606 3479 287 81 musique
1951 3478 72 59 de
2079 3480 252 59 Grenet.
2397 3479 87 60 Le
2538 3479 166 60 bruit
2762 3478 229 67 courait,

570 3615 11 24 1
614 3616 134 38 Revue
767 3617 183 39 musicale
972 3617 46 39 de
1038 3619 100 45 Lyon
1140 3649 10 17 ,
1180 3633 46 35 13
1252 3616 143 42 février
1423 3633 120 38 1910.

568 3669 15 23 2
613 3675 36 36 S.
674 3675 32 37 I.
730 3675 62 38 M.
824 3689 44 37 15
894 3676 82 39 mai
1005 3691 120 36 1910.
