3053 4313
738 224 592 94 LÉONARD
1396 250 150 71 DE
1612 252 343 74 VINCI

2585 290 34 68 3

79 410 202 49 sonore,
323 389 198 60 tandis
558 412 122 60 que
715 393 83 59 les
826 395 402 62 instruments
1274 398 266 74 soufflés,
1576 405 242 59 cuivres
1869 429 80 35 ou
1987 407 148 71 bois,
2173 411 276 79 gardent,
2486 435 143 40 avec

79 478 445 70 l'individualité
577 483 74 58 de
701 485 133 58 leur
878 486 246 74 timbre,
1162 511 120 37 une
1335 490 179 61 réelle
1564 496 338 79 puissance.
1947 499 117 78 J'ai
2114 499 111 61 fait
2278 501 288 62 exécuter
2600 506 30 60 à

79 571 503 81 l'Amphitheatre
619 575 72 58 de
729 576 244 73 Nîmes,
1010 600 119 37 une
1165 581 251 60 marche
1453 583 101 60 des
1604 590 486 79 mousquetaires
2139 613 156 60 pour
2345 594 285 62 hautbois

77 666 76 84 qui
173 663 140 59 dans
341 664 54 58 la
412 666 194 79 petite
630 666 143 59 salle
799 668 71 58 de
894 669 54 58 la
982 668 358 83 répétition,
1369 690 181 65 parut
1583 678 53 57 la
1662 679 137 80 plus
1823 680 204 59 mince
2051 680 185 61 chose
2258 683 80 60 du
2377 687 252 71 monde;

78 774 38 43 et
172 753 141 59 dans
380 754 55 58 le
486 757 251 58 colossal
804 776 371 44 monument
1241 764 113 57 elle
1405 767 235 58 soutint
1714 790 130 38 sans
1908 770 263 82 paraître
2236 773 255 74 mièvre,
2547 800 80 37 un

78 843 143 65 défilé
257 844 72 59 de
365 861 142 43 cent
544 848 335 80 cinquante
915 847 319 84 figurants,
1269 857 202 77 parmi
1509 878 80 37 un
1626 857 185 61 décor
1844 859 75 61 de
1946 862 297 61 dix-neuf
2284 864 221 63 mètres
2556 870 72 58 de

78 942 245 57 hauteur.
380 938 117 59 Ces
557 943 442 59 constatations
1046 942 536 84 expérimentales,
1635 972 119 59 que
1805 952 102 60 des
1956 952 368 84 spécialistes
2375 980 83 37 un
2483 960 145 80 jour

77 1028 283 61 réduiront
388 1049 72 36 en
491 1030 111 58 lois
628 1030 37 58 d
694 1032 378 80 application
1101 1037 308 80 pratique,
1439 1052 225 46 restent
1688 1063 159 58 pour
1869 1044 269 61 l'instant
2163 1046 101 60 des
2288 1049 334 61 curiosités.

77 1116 290 65 Toutefois
402 1120 54 58 le
492 1125 451 58 conservatoire
980 1125 72 60 de
1086 1125 254 61 l'avenir
1375 1130 402 61 n'attribuera
1811 1155 103 60 pas
1949 1136 54 57 la
2044 1139 206 57 même
2299 1141 141 57 salle
2490 1140 30 60 à
2571 1143 54 57 la

75 1210 376 61 déclamation
489 1225 59 46 et
583 1210 32 61 à
649 1212 55 59 la
740 1215 405 81 polyphonie,
1183 1239 73 37 en
1291 1235 178 42 vertu
1496 1220 74 58 de
1608 1243 68 37 ce
1716 1220 112 61 fait
1880 1226 272 60 constaté
2205 1228 139 82 qu'à
2375 1230 249 82 Orange

73 1305 37 57 le
152 1299 269 61 récitatif
460 1301 76 60 de
588 1304 212 60 Gluck
845 1308 107 80 qui
988 1328 60 38 se
1084 1309 343 81 rapproche
1480 1309 319 86 beaucoup
1851 1314 80 60 du
1984 1332 106 44 ton
2140 1318 73 60 de
2264 1320 53 59 la
2351 1320 273 82 tragédie

73 1392 310 83 s'épanouit
419 1393 585 85 magnifiquement,
1039 1399 56 59 là
1131 1398 78 61 où
1245 1402 55 58 le
1335 1403 302 60 cantabile
1674 1421 230 58 avorte,
1942 1430 128 38 sans
2107 1409 164 60 effet.

223 1486 100 59 On
384 1499 85 46 est
529 1487 322 59 excusable
902 1489 74 59 de
1028 1512 226 60 propos
1306 1515 254 59 rompus
1611 1516 73 37 en
1736 1517 68 38 ce
1861 1497 301 82 chapitre,
2220 1501 402 85 l'acoustique

73 1578 250 80 pratique
359 1577 246 84 n'ayant
640 1601 106 58 pas
783 1581 72 58 de
892 1582 112 58 lois
1038 1604 293 52 connues,
1371 1586 80 57 du
1489 1587 202 59 moins
1726 1587 73 59 de
1834 1610 108 38 nos
1978 1591 382 62 architectes.

223 1666 397 62 L'invention
689 1670 73 58 de
831 1672 284 60 Léonard
1180 1677 278 78 pourrait
1526 1696 58 38 se
1650 1675 301 63 formuler
2016 1682 150 59 ainsi
2201 1706 12 36 :
2276 1685 88 58 La
2421 1684 201 61 forme

72 1759 505 83 architectonique
611 1762 54 59 la
699 1764 136 80 plus
869 1785 227 61 propre
1132 1764 32 59 à
1198 1764 150 62 faire
1385 1770 288 79 parvenir
1706 1771 55 57 la
1795 1773 148 57 voix
1977 1773 203 81 parlée
2217 1774 30 59 à
2294 1798 83 35 un
2429 1779 189 77 grand

72 1849 222 59 nombre
331 1850 373 62 d'auditeurs
740 1869 87 43 est
863 1855 150 58 celle
1049 1855 82 58 du
1169 1855 236 61 théâtre
1434 1859 239 81 attique
1710 1883 11 36 :
1777 1861 377 61 c'est-à-dire
2203 1864 285 61 l'orateur
2538 1889 80 37 ou

70 1940 216 61 l'acteur
336 1964 72 37 en
463 1944 321 60 contrebas
835 1947 183 58 d'une
1067 1947 366 82 disposition
1471 1950 72 59 de
1580 1952 244 80 gradins
1858 1976 74 37 en
1969 1953 367 85 hémicycle.
2387 1959 89 59 Ce
2511 1960 107 80 qui

70 2048 62 43 est
177 2049 386 45 exactement
613 2037 54 58 le
719 2039 305 57 contraire
1076 2039 72 59 de
1194 2040 55 58 la
1286 2039 363 83 disposition
1686 2042 334 62 habituelle
2057 2044 80 61 où
2171 2048 286 59 l'orateur
2490 2071 97 37 sur-

69 2124 216 79 plombe
337 2147 81 37 un
479 2126 308 59 auditoire
846 2151 74 36 au
967 2150 101 38 rez
1119 2129 83 59 du
1253 2132 106 58 sol.
1415 2132 103 60 On
1570 2133 305 81 objectera
1926 2137 150 79 qu'il
2125 2138 288 80 s'agissait
2472 2138 146 61 dans

69 2214 314 84 l'antiquité
449 2217 143 60 d'un
660 2221 303 80 spectacle
1028 2220 280 83 hypètre.
1363 2223 243 60 Autant
1658 2246 119 61 que
1828 2226 408 82 l'expérience
2285 2245 147 67 peut
2491 2231 126 58 être

69 2307 329 60 concluante
435 2308 146 60 dans
610 2331 117 37 une
761 2311 141 58 salle
927 2311 163 72 vide,
1117 2312 105 80 j'ai
1260 2312 283 61 retrouvé
1571 2336 77 37 au
1676 2314 240 61 théâtre
1946 2319 271 59 Palladio
2247 2320 72 58 de
2345 2321 270 59 Vicence

69 2410 42 43 et
153 2419 67 37 au
272 2397 239 61 théâtre
566 2400 259 61 Farnèse
877 2401 72 60 de
1004 2404 219 58 Parme
1273 2405 82 60 les
1406 2405 163 60 deux
1618 2409 191 57 seules
1858 2409 345 61 imitations
2252 2410 80 60 du
2380 2410 237 61 théâtre

69 2490 183 58 ancien
287 2507 279 57 couvert,
601 2493 81 58 les
718 2494 232 60 mêmes
987 2494 261 82 qualités
1282 2498 387 81 acoustiques
1703 2498 332 84 d'Orange.

220 2582 282 59 Léonard
553 2583 258 59 attentif
850 2583 32 59 à
931 2599 162 59 tout,
1128 2602 145 43 note
1322 2588 55 57 le
1434 2587 31 59 8
1519 2589 151 59 avril
1734 2608 163 61 1502
1937 2613 12 36 :
2059 2592 207 64 Qu'on
2316 2590 148 61 fasse
2500 2615 117 36 une

69 2665 290 66 harmonie
394 2695 146 38 avec
576 2675 84 59 les
694 2674 264 61 diverses
992 2675 216 61 chutes
1244 2678 194 72 d'eau,
1469 2700 247 39 comme
1754 2695 65 44 tu
1856 2702 60 38 as
1950 2703 80 37 vu
2082 2682 30 58 à
2148 2683 53 59 la
2234 2681 276 61 fontaine
2544 2683 73 60 de

73 2757 211 65 Rimini
409 2763 97 81 (L.
538 2764 129 82 78.)

220 2856 267 60 Ailleurs
515 2857 40 57 il
585 2857 287 83 s'occupe
900 2858 101 60 des
1035 2881 167 38 vases
1237 2881 247 40 sonores
1526 2861 95 81 (L.
1665 2862 103 80 63,
1800 2863 75 80 r.)
1926 2885 78 37 ou
2039 2865 136 80 plus
2209 2879 406 58 exactement,

69 2937 76 62 des
190 2965 161 41 vases
408 2949 390 80 acoustiques
864 2947 19 83 (
887 2950 162 58 echea
1054 2950 18 80 )
1140 2950 149 60 dont
1344 2952 55 58 le
1453 2954 219 78 goulot
1730 2952 150 60 était
1938 2952 218 60 tourné
2211 2955 73 58 de
2341 2952 178 83 façon
2585 2954 32 59 à

69 3037 237 59 recevoir
356 3053 60 44 et
466 3037 31 60 à
548 3060 301 61 renvoyer
898 3040 201 60 l'onde
1148 3064 235 38 sonore.
1442 3041 124 61 Dès
1601 3045 55 57 le
1700 3045 91 58 XI
1797 3046 18 21 e
1848 3059 60 44 et
1933 3045 287 81 jusqu'au
2267 3046 191 59 XVII
2464 3046 18 22 e
2486 3095 14 22 ,
2537 3068 77 37 on

69 3134 203 66 trouve,
308 3144 241 45 surtout
586 3130 145 60 dans
774 3131 84 60 les
892 3131 234 74 voûtes,
1164 3154 96 38 ces
1295 3148 139 66 pots
1484 3137 386 80 acoustiques
1923 3137 109 81 qui
2083 3158 74 37 ne
2208 3150 133 45 sont
2392 3158 103 60 pas
2543 3135 74 60 de

68 3206 202 70 facture
304 3218 263 84 spéciale
602 3223 153 57 mais
790 3220 101 61 des
925 3224 267 79 poteries
1227 3223 338 61 ordinaires
1601 3224 73 60 de
1696 3225 54 58 la
1778 3224 234 83 région.
2045 3228 89 56 Le
2172 3225 254 73 Maître,
2450 3228 165 57 selon

68 3319 81 44 son
200 3307 294 62 habitude
545 3310 74 60 de
668 3310 461 83 perfectionner
1179 3336 69 37 ce
1302 3316 156 80 qu'il
1516 3313 259 61 étudiait
1827 3338 30 36 a
1916 3316 268 59 cherché
2243 3338 118 37 une
2416 3314 199 61 forme

68 3399 334 82 appropriée
437 3401 32 58 à
496 3403 56 57 la
586 3402 390 61 destination.

221 3491 140 60 Une
412 3493 168 80 ligne
638 3493 204 59 suffira
905 3516 158 59 pour
1117 3493 350 83 témoigner
1519 3496 74 58 de
1656 3496 503 61 l'enthousiasme
2229 3496 82 60 du
2377 3498 185 58 Vinci
2601 3520 11 36 :

115 3576 181 84 Après
346 3584 56 57 la
453 3585 285 80 musique
788 3586 171 57 vient
1010 3586 55 57 la
1115 3587 336 80 sculpture,
1488 3601 87 44 art
1622 3586 117 60 très
1775 3587 204 82 digne,
2018 3589 152 57 mais
2205 3609 121 37 non
2363 3586 73 60 de
2473 3587 141 59 telle

66 3672 336 74 excellence,
440 3676 62 56 ni
540 3689 130 44 tant
705 3675 74 58 de
839 3674 179 82 génie
1054 3699 120 60 que
1225 3679 56 57 la
1336 3679 289 80 musique
1767 3680 88 57 Le
1904 3678 567 59 désintéressement
2507 3679 106 80 qui
