3334 4572
911 483 145 47 PauC
1078 482 224 51 Cfaudef
1321 507 9 10 -
1356 483 117 50 Der
1499 484 224 61 Rußetag

2321 485 121 48 1085

287 668 112 60 Die
442 666 203 61 Schuld
690 690 197 38 unsers
931 668 342 63 Unwissens
1315 671 405 60 auszulöschen

287 760 139 62 Und
476 759 150 60 dann
676 760 138 61 über
861 761 127 61 dem
1030 764 163 59 Reich
1240 786 73 37 zu
1355 764 207 61 walten
1612 772 73 53 im
1726 764 188 61 Besitz
1956 762 99 63 der
2096 762 343 63 Erkenntnis

216 854 112 65 und
368 851 101 61 der
507 852 256 77 richtigen
807 854 193 61 Mitte!

286 945 123 70 Ah,
442 945 98 60 ah!
583 945 149 61 lasse
765 948 132 59 mich
931 949 139 58 nicht
1103 972 66 37 so
1203 949 160 61 allein
1398 950 117 60 und
1547 950 285 61 verloren!
1875 950 82 60 Ich
1990 950 94 60 bin
2119 950 140 60 nicht
2291 959 151 52 einer

216 1042 93 61 der
349 1038 220 70 deinen,
611 1038 367 79 Behausung!
1023 1042 99 67 Ich,
1166 1040 98 61 der
1303 1043 206 61 Kaiser
1548 1043 99 61 der
1687 1042 327 70 Lebenden,
2055 1058 141 46 trete
2230 1052 88 52 ein
2351 1042 90 62 bei

215 1134 79 60 dir
333 1141 109 51 wie
484 1141 88 51 ein
616 1131 168 62 Gast,

286 1226 81 60 Ich
394 1225 112 59 will
539 1226 108 58 auf
666 1225 108 61 den
799 1226 198 60 Boden
1025 1236 158 67 spein
1209 1228 117 60 und
1358 1228 108 60 den
1491 1230 177 59 Lehm
1702 1230 182 61 dieser
1909 1230 221 61 Klause
2163 1230 277 61 zwischen

216 1320 84 61 die
341 1319 209 76 Finger
588 1319 241 61 nehmen
871 1319 117 59 und
1030 1320 187 77 stopfe
1259 1320 90 60 ihn
1392 1331 52 50 in
1487 1333 143 49 mein
1674 1322 144 61 Ohr,

913 1430 90 52 <Er
1035 1440 73 37 tut
1141 1429 125 48 Erde
1301 1435 44 42 in
1379 1437 125 42 seine
1539 1432 183 54 Ohren)

288 1491 82 59 Ich
412 1489 139 61 höre

288 1581 230 72 Worte,

288 1678 224 75 Hastig,
554 1677 235 68 einzeln,

290 1771 299 68 Mundlos,
631 1769 272 79 klanglos,
945 1771 231 68 sinnlos.

290 1863 138 60 Wie
468 1888 135 35 vom
648 1863 187 70 Geist,
876 1888 171 36 wenn
1090 1888 58 36 er
1189 1875 223 60 träumt,
1454 1865 272 77 gestaltet.

291 1956 178 61 Diese
509 1957 183 61 Stätte
734 1966 70 52 ist
845 1959 138 59 nicht
1024 1959 132 68 leer,
1198 1966 81 52 sie
1320 1968 68 50 ist
1428 1959 114 59 voll
1583 1982 114 36 von
1739 1959 216 61 Seelen,

291 2049 80 60 Ich
414 2049 139 61 höre
593 2059 54 51 in
689 2060 209 51 meiner
941 2051 163 60 Seele
1147 2060 88 51 ein
1277 2051 246 61 Seufzen

291 2143 128 59 Wie
454 2143 101 61 das
598 2153 151 51 einer
789 2144 236 78 Menge,
1068 2144 89 61 die
1199 2153 97 51 mit
1336 2145 127 59 dem
1497 2145 232 61 Worte;
1773 2145 112 69 ach,
1925 2144 119 60 ach!
2088 2144 171 70 sucht.

290 2237 115 59 Mit
446 2237 234 62 diesem:
725 2239 115 69 ach,
880 2239 120 60 ach!
1047 2237 116 61 und
1204 2262 116 46 wo,
1362 2239 119 59 wo!

290 2329 81 60 Ich
414 2329 140 61 höre

291 2422 113 61 Ein
447 2423 349 70 Schluchzen,
838 2434 110 50 wie
989 2434 181 59 einen,
1213 2425 99 59 der
1353 2434 185 52 weint.
1583 2425 80 59 Ich
1705 2423 135 60 höre
1884 2423 282 70 Geschrei,

290 2516 138 61 Wie
470 2526 182 61 einen,
694 2519 108 59 den
843 2517 251 79 plötzlich
1137 2519 98 59 der
1277 2519 139 61 Stoß
1458 2519 98 59 des
1598 2514 192 63 Todes
1835 2516 174 61 ereilt!

291 2608 126 62 Das
461 2609 240 62 Grauen
743 2611 222 77 ergreift
1006 2611 150 61 mich.
1200 2613 82 58 Ich
1325 2611 146 61 habe
1510 2611 206 77 Angst,

290 2703 80 60 Ich
412 2705 174 60 selbst
625 2705 133 61 muß
799 2705 192 70 reden,
1031 2730 144 52 ganz
1217 2707 117 59 laut
1374 2705 132 60 muß
1548 2705 74 60 ich
1663 2703 182 61 reden,

405 2797 78 61 Ist
522 2807 151 51 einer
714 2797 136 71 hier,
892 2798 99 61 der
1031 2798 99 60 der
1170 2797 307 62 Lebenden
1519 2797 236 77 Sprache
1796 2793 278 62 versteht?

1228 2907 187 56 (Pause)

291 2998 127 62 Die
459 3000 283 61 Mutter:
786 3000 122 71 Ah,
950 3001 94 60 ah!
1086 3001 108 61 bist
1235 3001 77 60 du
1354 3000 114 60 hier
1509 2998 423 76 angekommen,
1974 3004 143 52 mein
2160 2995 192 62 Sohn?

290 3090 137 62 Der
468 3094 267 61 Kaiser;
780 3094 149 60 Wer
969 3095 197 78 spricht
1205 3118 74 36 zu
1320 3094 131 58 mir?

290 3184 128 62 Die
459 3187 279 61 Mutter:
780 3187 123 70 Äh,
945 3188 97 60 ah!

288 3277 139 62 Der
468 3281 265 61 Kaiser:
777 3281 82 59 Ich
902 3281 145 61 habe
1087 3279 259 79 sprechen
1386 3277 209 77 gehört.

290 3372 128 61 Die
459 3375 283 61 Mutter:
786 3375 123 71 Ah,
953 3375 99 61 ah!
1096 3375 109 59 bist
1245 3372 77 61 du
1365 3395 80 46 es,
1486 3380 145 51 mein
1673 3368 183 63 Sohn!

290 3464 137 63 Der
468 3469 271 59 Kaiser:
782 3469 233 77 Jemand
1056 3483 180 61 sagte:
1280 3466 118 60 Bist
1439 3465 78 60 du
1557 3465 93 58 es?
1806 3461 149 60 Wer
1995 3460 108 61 bist
2144 3460 108 61 du?

288 3558 127 62 Die
456 3561 288 61 Mutter:
790 3561 61 61 O
896 3570 146 51 mein
1083 3558 177 62 Kind!
1304 3582 37 35 o
1382 3565 146 52 mein
1569 3555 329 61 männliches
1939 3553 178 59 Kind!

290 3650 61 61 O
393 3663 147 51 mein
582 3653 354 70 Kaiserkind,
979 3654 75 59 ich
1095 3652 93 59 bin
1230 3650 161 60 deine
1431 3650 235 59 Mutter,

288 3744 139 63 Der
466 3748 266 61 Kaiser:
775 3748 80 60 Ich
897 3747 173 77 grüße
1113 3744 132 70 dich,
1285 3744 240 69 Mutter,
1567 3752 54 51 in
1664 3742 96 61 der
1800 3742 325 59 Finsternis,

288 3836 80 63 Ich
410 3841 146 62 habe
598 3842 167 60 nichts
799 3840 312 60 versäumt!
1156 3838 75 60 ich
1265 3837 145 61 habe
1444 3836 89 61 die
1566 3836 194 76 heilige
1795 3833 401 78 Sohnespflicht
2228 3832 202 63 erfüllt.

287 3928 83 64 Ich
410 3934 148 60 habe
597 3935 269 77 gefastet,-
906 3934 75 59 ich
1024 3931 145 61 habe
1208 3946 298 62 getrauert.
