3242 4572
1229 487 218 53 Gfossen

2360 518 122 51 1149

192 654 287 59 ausdrückte,
511 659 112 49 auch
647 680 87 32 nur
757 664 71 52 die
853 672 172 57 »große
1047 673 261 63 Legende«,

190 750 58 32 an
271 731 74 51 die
361 734 250 53 Millionen
634 739 216 63 glauben,
874 747 74 49 für
969 748 71 51 die
1058 752 248 52 Millionen

188 811 149 57 leben,
370 830 56 31 so
458 814 149 52 bliebe
633 824 66 44 sie
723 823 113 49 noch
860 829 160 48 immer
1048 830 71 50 die
1151 832 124 50 hand-

186 890 185 48 festeste
403 891 239 61 Legende,
684 898 72 49 die
797 918 49 32 es
884 910 45 54 je
969 908 205 59 gegeben
1207 910 93 51 hat.

184 966 125 50 Was
370 967 72 51 die
508 974 327 53 sozialistische
889 981 151 51 Partei
1094 988 207 62 aplangt,

182 1063 55 30 so
277 1044 81 49 hat
398 1051 67 45 sie
507 1049 140 51 leider
686 1072 61 30 zu
789 1064 154 55 wenig
973 1060 325 66 Philosophen,

181 1128 87 44 wie
301 1122 80 51 der
404 1125 198 52 Vüener
628 1130 120 51 Max
770 1134 152 51 A.dler
954 1144 123 46 einer
1110 1148 59 44 ist
1202 1147 95 48 und

178 1200 90 49 viel
309 1220 60 29 zu
418 1205 93 48 viel
553 1208 391 55 »Funktionäre«,
996 1218 171 52 Genau
1206 1229 90 45 wie

177 1277 87 50 alle
298 1280 198 52 Kirchen
529 1284 80 49 der
640 1286 139 60 Erde,
814 1296 88 45 wie
935 1294 86 51 alle
1053 1298 240 52 Nationen

177 1356 94 48 und
319 1357 90 51 alle
452 1360 206 52 Staaten,
709 1365 108 51 Daß
856 1369 104 51 dem
1001 1392 55 30 so
1093 1380 73 54 ist,
1208 1378 81 50 das

177 1435 169 60 gerade
402 1444 179 45 stimmt
635 1442 113 50 mich
809 1445 271 56 bedenklich.
1146 1455 108 50 Hun-

173 1512 299 52 derttausend
513 1517 271 63 Menschen,
832 1524 71 52 die
949 1530 86 47 auf
1082 1536 71 44 ein
1202 1534 57 49 be-

174 1596 224 46 stimmtes
423 1594 108 50 Ziel
565 1600 319 60 marschieren,
915 1618 244 51 vertragen
1181 1613 105 49 sehr

171 1669 125 48 wohl
328 1676 135 45 einen
497 1674 113 49 oder
642 1684 117 43 zwei
781 1680 112 49 oder
915 1700 139 45 sogar
1075 1696 211 55 zwanzig

169 1747 178 50 Weise.
381 1750 78 51 Sie
491 1752 227 52 brauchen
741 1763 67 44 sie
830 1778 151 43 sogar.
1016 1764 120 51 Man
1167 1769 116 49 wird

167 1830 73 46 nie
262 1825 399 57 hunderttausend
677 1835 167 52 Weise
869 1841 85 47 auf
977 1846 146 46 einem
1148 1845 132 51 Fleck

164 1910 243 56 vereinigt,
430 1909 282 63 geschweige
734 1912 136 61 denn,
893 1925 280 52 gemeinsam
1195 1924 84 51 das

164 1981 167 61 gleiche
352 1985 107 51 Ziel
489 1989 234 52 erstreben
746 1994 152 50 sehen.
934 1997 67 49 Im
1029 1999 249 64 Gedränge

162 2058 80 50 der
263 2060 255 53 Menschen
553 2066 82 60 gilt
668 2067 73 51 die
762 2070 140 60 Zahl,
934 2074 72 49 die
1038 2094 126 33 zwar
1188 2079 89 51 den

162 2137 138 50 Geist
352 2141 120 49 nicht
525 2145 250 51 entbehren
828 2150 121 49 kann
1096 2160 60 44 ist
1207 2164 68 44 sie

158 2215 110 49 doch
310 2218 144 50 selbst
494 2226 71 45 ein
601 2225 241 63 Geschöpf
869 2229 77 50 des
983 2230 190 53 Geistes
1203 2262 70 33 —,

159 2295 108 49 aber
300 2300 88 45 auf
422 2300 72 49 die
530 2302 182 50 Gefahr
742 2305 100 59 hin,
883 2309 79 49 der
993 2311 279 52 Übermacht

154 2391 58 29 zu
230 2376 302 62 unterliegen,
550 2381 118 50 nicht
684 2382 69 50 ihr
770 2387 269 51 materielles
1060 2390 209 52 Gewicht

153 2453 223 51 verlieren
411 2456 113 51 darf,

228 2531 75 49 Ihr
334 2535 135 48 wollt
499 2552 121 45 ganz
653 2558 97 31 von
781 2559 117 33 vorn
933 2545 255 62 anfangen?

150 2607 229 55 Versucht
412 2631 63 32 es.

209 2782 139 51 Dazu
381 2791 89 54 rät,
502 2790 174 49 wieder
708 2792 183 59 einmal,
922 2795 110 50 aber
1063 2803 110 53 jetzt
1204 2818 55 29 so

145 2861 292 64 eindringlich
463 2872 90 45 wie
569 2874 42 54 je
629 2870 202 49 vordem
849 2872 205 63 Kriege
1054 2872 205 63 Gustav

143 2937 315 64 Landauer,
475 2950 46 43 in
539 2951 126 45 einer
680 2966 150 32 neuen
847 2950 176 51 kleinen
1033 2952 192 51 Monats-

144 3016 150 51 schrift
347 3021 151 50 »Der
538 3025 331 51 Aufbruch«
919 3029 217 62 {Verlegt
1181 3033 74 48 bei

139 3092 263 56 Diederichs
456 3106 47 43 in
552 3104 128 59 Jena,
732 3105 373 63 herausgegeben
1157 3129 96 31 von

137 3171 145 53 Ernst
337 3179 95 58 Joel
488 3180 70 49 als
615 3182 366 52 Monatsblätter
1034 3205 84 31 aus
1171 3189 82 49 der

136 3250 473 70 Jugendbewegung).
668 3261 107 50 Sein
825 3264 188 48 Aufruf
1053 3265 196 49 fordert:

136 3330 167 52 »Steile
342 3333 96 50 dich
480 3355 97 32 nun
619 3340 170 49 endlich
823 3341 154 50 deiner
1009 3342 241 61 Aufgabe,

134 3406 235 56 Sozialist!
404 3415 99 48 Für
525 3416 75 51 die
621 3417 212 59 Massen,
866 3421 74 48 für
962 3421 73 48 die
1052 3422 195 59 Völker,

131 3486 73 49 für
235 3490 74 49 die
343 3492 305 61 Menschheit,
684 3497 76 47 für
793 3497 71 50 die
897 3500 349 62 Umwandlung

131 3562 78 51 der
251 3568 281 61 Geschichte,
574 3575 77 47 für
682 3575 223 48 Anstand
945 3581 46 43 in
1033 3576 86 50 den
1151 3579 62 49 Be-

129 3643 254 65 ziehungen
432 3650 81 49 der
554 3652 283 59 Wirtschaft,
886 3655 78 48 des
1014 3655 196 51 Gemein-

127 3717 169 66 lebens,
339 3726 80 49 der
454 3728 317 53 Geschlechter
803 3731 95 50 und
930 3732 80 49 der
1043 3734 170 49 Erzieh-

126 3814 92 47 ung
257 3802 215 52 brauchst
511 3807 79 59 du,
632 3808 59 49 da
732 3814 72 44 ein
836 3810 197 61 Anfang
1073 3811 166 51 anders

125 3878 114 49 nicht
278 3882 196 60 kommt,
513 3886 99 48 fürs
656 3897 120 38 erste
809 3887 116 48 nicht
958 3888 74 50 die
1063 3890 174 51 breiten

124 3951 212 67 Massen,
369 3963 203 51 sondern
606 3984 88 30 nur
728 3966 276 53 Gefährten.
1037 3968 77 51 Sie
1134 3970 105 49 sind

1358 679 138 52 heute
1537 684 76 56 da,
1654 692 90 44 wie
1785 694 67 45 sie
1893 697 162 46 immer
2088 696 61 49 da
2181 701 119 58 sind,
2341 722 136 33 wenn

1355 758 65 49 du
1461 780 87 30 nur
1589 763 60 51 da
1681 766 114 50 bist:
1837 769 73 50 die
1942 772 229 62 Aufgabe
2211 783 59 44 ist
2300 781 77 59 da,
2416 785 62 49 du

1354 835 112 51 aber
1498 840 144 61 folgst
1674 843 182 52 deinem
1888 848 101 50 Ruf
2015 851 135 59 nicht,
2182 853 64 50 du
2277 857 97 51 läßt
2397 863 85 47 auf

1353 914 95 50 dich
1480 931 193 39 warten.
1711 923 164 51 Wenn
1915 933 68 43 sie
2022 931 89 48 sich
2147 934 199 59 gesellen
2380 941 96 48 und

1350 992 84 50 das
1458 995 132 51 Reich
1626 1001 183 59 dessen,
1841 1021 101 34 was
1969 1007 122 51 ihrer
2114 1009 180 54 kleinen
2318 1017 155 48 wach®

1348 1073 174 51 senden
1545 1075 137 51 Schar
1714 1081 153 59 heute,
1902 1089 44 44 in
1982 1086 172 52 diesem
2177 1091 293 62 Augenblick

1347 1150 193 60 möglich
1581 1159 77 54 ist,
1700 1158 301 62 abschreiten,
2040 1166 189 50 werden
2262 1174 69 45 sie
2364 1177 106 46 inne

1343 1228 208 51 werden:
1587 1233 59 48 da
1679 1241 61 44 ist
1772 1237 103 49 kein
1908 1239 181 52 Ende.«

1877 1342 31 29 ★

1400 1432 103 51 Das
1552 1436 210 53 Forum
1813 1444 132 53 {Heft
1978 1446 113 60 2/3)
2139 1450 177 51 enthält
2361 1473 98 32 von

1338 1511 224 52 Wilhelm
1580 1516 217 64 Herzog:
1824 1522 358 63 »Realpolitiker
2204 1531 96 49 und
2318 1531 140 51 Ideo®

1335 1587 183 61 logen«,
1552 1597 149 55 einen,
1735 1599 111 48 auch
1879 1618 96 31 von
2009 1602 80 50 der
2119 1605 189 52 Hensur
2340 1628 114 32 aus®

1333 1670 316 57 gezeichneten
1691 1675 199 52 Artikel.
1933 1680 346 55 Anschließend
2310 1689 143 49 Aus®

1331 1752 118 54 zöge
1481 1766 87 31 aus
1601 1750 80 49 der
1711 1754 253 53 Broschüre
1998 1760 373 65 »Kriegsgegner
2403 1773 47 43 in

1329 1823 246 61 England«
1589 1830 172 53 {Druck
1771 1834 95 49 und
1876 1835 180 63 Verlag
2067 1839 62 49 G.
2140 1841 106 50 Birk
2256 1845 76 47 ®
2338 1845 112 58 Co.,

1327 1901 247 53 München.
1587 1907 69 49 M.
1670 1910 129 56 0.50)
1809 1917 82 44 mit
1908 1920 146 44 einem
2072 1917 172 53 kurzen
2255 1921 164 52 Schluß-

1325 1991 122 37 wort
1476 2001 97 31 von
1594 1985 212 65 Herzog;
1833 1990 213 53 »Unsere
2070 1995 228 62 Aufgabe
2318 2006 127 45 wäre

1325 2075 72 39 es,
1447 2077 85 32 aus
1573 2062 170 52 diesem
1785 2069 444 67 anbetungswürdig
2267 2079 176 48 reichen

1324 2136 130 49 Volk
1488 2140 100 54 {der
1618 2142 284 61 Deutschen)
1942 2149 85 50 das
2068 2151 373 66 hervorragende

1321 2212 290 55 Mittelschiff
1642 2220 82 49 der
1771 2227 326 57 europäischen
2136 2230 304 54 Demokratie

1320 2293 185 50 werden
1538 2315 61 30 zu
1632 2298 178 60 lassen,
1849 2304 152 50 indem
2034 2312 86 44 wir
2153 2309 103 50 dem
2289 2317 150 58 einzig

1319 2368 303 66 berechtigten
1665 2378 423 65 Eroberungstrieb
2194 2387 102 50 dem
2340 2391 64 48 Im-

1315 2450 288 57 perialismus
1637 2455 80 50 des
1752 2457 186 52 Geistes
1973 2462 96 49 und
2101 2464 80 49 der
2211 2466 192 51 Mensch-

1315 2525 174 52 lichkeit
1592 2551 109 31 zum
1734 2532 226 66 Triumph
1998 2540 278 52 verhelfen.«
2312 2545 118 49 Von

1314 2603 144 51 Wilh.
1509 2608 318 55 Hausenstein
1875 2616 115 51 über
2034 2618 87 50 den
2171 2622 258 58 gefallenen

1311 2681 156 52 Maler
1500 2686 320 63 Weisgerber:
1857 2693 221 52 »Gerade
2110 2697 109 59 ihm,
2251 2700 81 51 der
2364 2707 62 44 im

1308 2759 119 50 Feld
1458 2763 131 51 keine
1613 2767 129 50 Linie
1776 2771 258 58 gezeichnet
2065 2773 96 60 hat,
2192 2782 126 45 wäre
2341 2779 84 49 das

1306 2836 217 54 Erlebnis
1556 2842 79 50 des
1672 2846 169 61 Kriegs
1874 2850 110 48 nach
2015 2851 163 61 Jahren
2213 2860 72 44 ein
2319 2856 106 51 Ge®

1305 2919 132 49 wicht
1468 2925 149 45 seiner
1651 2923 148 51 Form
1832 2928 294 59 geworden.«

1837 3045 31 27 ★

1364 3123 99 48 Der
1486 3124 169 51 »Neue
1672 3126 265 64 Merkung«
1961 3135 60 46 ist
2037 3138 101 46 eine
2154 3146 109 49 gute
2280 3134 138 51 Heit®

1298 3201 160 50 schrift.
1496 3203 131 52 Weil
1668 3210 66 45 sie
1780 3208 110 49 aber
1928 3210 74 50 bei
2044 3212 165 62 Georg
2241 3214 177 50 Müller

1298 3280 243 60 erscheint,
1579 3283 154 62 bringt
1772 3292 67 44 sie
1880 3306 60 30 an
1980 3288 82 49 der
2101 3290 155 61 Spitze
2296 3293 121 49 ihrer

1296 3359 142 48 Hefte
1460 3361 157 49 Frank
1640 3363 289 52 Wedekinds
1961 3367 271 60 »Bismarck,
2263 3370 153 50 Bilder

1294 3454 87 32 aus
1430 3438 80 49 der
1559 3439 243 52 deutschen
1853 3444 308 52 Geschichte«.
2218 3448 65 48 So
2332 3449 81 50 hat

1292 3515 268 64 Strändberg
1593 3537 48 30 es
1675 3538 96 30 nun
1805 3520 112 51 doch
1950 3524 117 48 nicht
2096 3532 214 54 gemeint,
2343 3528 69 49 als

1291 3610 49 31 er
1373 3593 83 50 das
1480 3593 202 53 Theater
1715 3604 100 46 eine
1846 3600 273 51 Bilderbibel
2149 3607 196 47 nannte!

1832 3719 31 28 ★

1350 3814 146 50 Schon
1532 3821 62 45 im
1625 3817 141 50 März
1797 3838 159 33 waren
1989 3828 46 43 in
2070 3824 193 49 »Nord
2295 3826 113 50 und

1287 3892 142 51 Süd«
1463 3897 228 60 ungefähr
1731 3897 89 51 alle
1852 3900 298 61 Argumente
2180 3904 78 48 für
2289 3905 118 50 An®

1287 3979 230 45 nexionen
1533 3990 508 51 zusammengetragen,
2051 3980 73 52 die
2142 3988 171 55 später,
2330 4003 76 30 am
