<?xml version="1.0" encoding="UTF-8"?>
<alto xmlns:xsi="http://www.w3.org/2001/XMLSchema-instance" xmlns="http://www.loc.gov/standards/alto/ns-v2#" xsi:schemaLocation="http://www.loc.gov/standards/alto/ns-v2# http://www.loc.gov/standards/alto/v2/alto-2-0.xsd" xmlns:xlink="http://www.w3.org/1999/xlink">
	<Description>
		<MeasurementUnit>mm10</MeasurementUnit>
		<sourceImageInformation>
			<fileName>./bmtnabr_1915-09_01_0007.jp2</fileName>
		</sourceImageInformation>
		<OCRProcessing ID="OCRPROCESSING_1">
			<preProcessingStep>
				<processingSoftware>
					<softwareCreator>CCS Content Conversion Specialists GmbH, Germany</softwareCreator>
					<softwareName>CCS docWorks</softwareName>
					<softwareVersion>6.8-1.27</softwareVersion>
				</processingSoftware>
			</preProcessingStep>
			<ocrProcessingStep>
				<processingSoftware>
					<softwareCreator>ABBYY (BIT Software), Russia</softwareCreator>
					<softwareName>FineReader</softwareName>
					<softwareVersion>11.0</softwareVersion>
				</processingSoftware>
			</ocrProcessingStep>
			<postProcessingStep>
				<processingSoftware>
					<softwareCreator>CCS Content Conversion Specialists GmbH, Germany</softwareCreator>
					<softwareName>CCS docWorks</softwareName>
					<softwareVersion>6.8-1.27</softwareVersion>
					<applicationDescription>docWorks: Text modified manually, or automatically replaced</applicationDescription>
				</processingSoftware>
			</postProcessingStep>
		</OCRProcessing>
	</Description>
	<Styles>
		<TextStyle ID="TXT_0" FONTSIZE="19" FONTFAMILY="Times New Roman" FONTSTYLE="italics"/>
		<TextStyle ID="TXT_1" FONTSIZE="27" FONTFAMILY="Times New Roman"/>
		<TextStyle ID="TXT_2" FONTSIZE="21" FONTFAMILY="Times New Roman"/>
		<ParagraphStyle ID="PAR_LEFT" ALIGN="Left"/>
		<ParagraphStyle ID="PAR_RIGHT" ALIGN="Right"/>
		<ParagraphStyle ID="PAR_BLOCK" ALIGN="Block"/>
	</Styles>
	<Layout>
		<Page ID="P7" PHYSICAL_IMG_NR="7" HEIGHT="4572" WIDTH="3305" PRINTED_IMG_NR="1061" PC="0.943">
			<TopMargin ID="P7_TM00001" HPOS="0" VPOS="0" WIDTH="3305" HEIGHT="513">
				<TextBlock ID="P7_TB00001" HPOS="878" VPOS="442" WIDTH="1040" HEIGHT="69" STYLEREFS="TXT_0 PAR_LEFT">
					<TextLine ID="P7_TL00001" HPOS="878" VPOS="442" WIDTH="1040" HEIGHT="69">
						<String ID="P7_ST00001" HPOS="878" VPOS="454" WIDTH="138" HEIGHT="49" CONTENT="Max" WC="0.92" CC="973"/>
						<SP ID="P7_SP00001" HPOS="1016" VPOS="503" WIDTH="30"/>
						<String ID="P7_ST00002" HPOS="1046" VPOS="450" WIDTH="163" HEIGHT="51" CONTENT="Adfer" WC="0.62" CC="06290"/>
						<SP ID="P7_SP00002" HPOS="1209" VPOS="503" WIDTH="22"/>
						<String ID="P7_ST00003" HPOS="1231" VPOS="474" WIDTH="8" HEIGHT="10" CONTENT="•" WC="0.20" CC="8"/>
						<SP ID="P7_SP00003" HPOS="1239" VPOS="503" WIDTH="17"/>
						<String ID="P7_ST00004" HPOS="1256" VPOS="449" WIDTH="60" HEIGHT="62" CONTENT="J." WC="1.00" CC="00"/>
						<SP ID="P7_SP00004" HPOS="1316" VPOS="511" WIDTH="33"/>
						<String ID="P7_ST00005" HPOS="1349" VPOS="447" WIDTH="67" HEIGHT="51" CONTENT="G." WC="0.93" CC="01"/>
						<SP ID="P7_SP00005" HPOS="1416" VPOS="511" WIDTH="35"/>
						<String ID="P7_ST00006" HPOS="1451" VPOS="445" WIDTH="183" HEIGHT="52" CONTENT="Tichtss" WC="0.57" CC="7018065"/>
						<SP ID="P7_SP00006" HPOS="1634" VPOS="511" WIDTH="33"/>
						<String ID="P7_ST00007" HPOS="1667" VPOS="442" WIDTH="251" HEIGHT="54" CONTENT="Deutscße" WC="0.41" CC="76406677"/>
						<SP ID="P7_SP00007" HPOS="1918" VPOS="511" WIDTH="0"/>
					</TextLine>
				</TextBlock>
				<TextBlock ID="P7_TB00002" HPOS="2410" VPOS="439" WIDTH="118" HEIGHT="51" STYLEREFS="TXT_1 PAR_RIGHT">
					<TextLine ID="P7_TL00002" HPOS="2410" VPOS="439" WIDTH="118" HEIGHT="51">
						<String ID="P7_ST00008" HPOS="2410" VPOS="439" WIDTH="118" HEIGHT="51" CONTENT="1061" WC="1.00" CC="0000"/>
					</TextLine>
				</TextBlock>
			</TopMargin>
			<LeftMargin ID="P7_LM00001" HPOS="0" VPOS="513" WIDTH="1312" HEIGHT="3562"/>
			<RightMargin ID="P7_RM00001" HPOS="3304" VPOS="513" WIDTH="1" HEIGHT="3562"/>
			<BottomMargin ID="P7_BM00001" HPOS="0" VPOS="4075" WIDTH="3305" HEIGHT="497"/>
			<PrintSpace ID="P7_PS00001" HPOS="1312" VPOS="513" WIDTH="1992" HEIGHT="3562">
				<TextBlock ID="P7_TB00003" HPOS="281" VPOS="630" WIDTH="2307" HEIGHT="3445" STYLEREFS="TXT_2 PAR_BLOCK">
					<TextLine ID="P7_TL00003" HPOS="283" VPOS="631" WIDTH="2254" HEIGHT="104">
						<String ID="P7_ST00009" HPOS="283" VPOS="661" WIDTH="226" HEIGHT="74" CONTENT="nachher" WC="0.96" CC="7678857"/>
						<SP ID="P7_SP00008" HPOS="509" VPOS="735" WIDTH="32"/>
						<String ID="P7_ST00010" HPOS="541" VPOS="651" WIDTH="108" HEIGHT="65" CONTENT="sich" WC="0.97" CC="1541"/>
						<SP ID="P7_SP00009" HPOS="649" VPOS="735" WIDTH="34"/>
						<String ID="P7_ST00011" HPOS="683" VPOS="656" WIDTH="201" HEIGHT="69" CONTENT="zeigte," WC="0.97" CC="6565534"/>
						<SP ID="P7_SP00010" HPOS="884" VPOS="735" WIDTH="26"/>
						<String ID="P7_ST00012" HPOS="910" VPOS="642" WIDTH="113" HEIGHT="62" CONTENT="daß" WC="0.93" CC="665"/>
						<SP ID="P7_SP00011" HPOS="1023" VPOS="735" WIDTH="23"/>
						<String ID="P7_ST00013" HPOS="1046" VPOS="641" WIDTH="100" HEIGHT="62" CONTENT="der" WC="0.95" CC="606"/>
						<SP ID="P7_SP00012" HPOS="1146" VPOS="735" WIDTH="26"/>
						<String ID="P7_ST00014" HPOS="1172" VPOS="638" WIDTH="307" HEIGHT="79" CONTENT="Argwohn" WC="0.97" CC="5767065"/>
						<SP ID="P7_SP00013" HPOS="1479" VPOS="735" WIDTH="28"/>
						<String ID="P7_ST00015" HPOS="1507" VPOS="636" WIDTH="137" HEIGHT="63" CONTENT="doch" WC="0.98" CC="0070"/>
						<SP ID="P7_SP00014" HPOS="1644" VPOS="735" WIDTH="28"/>
						<String ID="P7_ST00016" HPOS="1672" VPOS="635" WIDTH="145" HEIGHT="62" CONTENT="recht" WC="0.97" CC="76005"/>
						<SP ID="P7_SP00015" HPOS="1817" VPOS="735" WIDTH="24"/>
						<String ID="P7_ST00017" HPOS="1841" VPOS="633" WIDTH="263" HEIGHT="61" CONTENT="behalten" WC="0.98" CC="76036456"/>
						<SP ID="P7_SP00016" HPOS="2104" VPOS="735" WIDTH="34"/>
						<String ID="P7_ST00018" HPOS="2138" VPOS="631" WIDTH="165" HEIGHT="71" CONTENT="habe," WC="0.98" CC="02724"/>
						<SP ID="P7_SP00017" HPOS="2303" VPOS="735" WIDTH="31"/>
						<String ID="P7_ST00019" HPOS="2334" VPOS="654" WIDTH="203" HEIGHT="36" CONTENT="»wenn" WC="0.98" CC="49000"/>
					</TextLine>
					<TextLine ID="P7_TL00004" HPOS="284" VPOS="724" WIDTH="2254" HEIGHT="104">
						<String ID="P7_ST00020" HPOS="284" VPOS="759" WIDTH="125" HEIGHT="69" CONTENT="nach" WC="0.96" CC="7507"/>
						<SP ID="P7_SP00018" HPOS="409" VPOS="828" WIDTH="39"/>
						<String ID="P7_ST00021" HPOS="448" VPOS="753" WIDTH="306" HEIGHT="68" CONTENT="Errettung" WC="0.98" CC="606067709"/>
						<SP ID="P7_SP00019" HPOS="754" VPOS="828" WIDTH="39"/>
						<String ID="P7_ST00022" HPOS="793" VPOS="749" WIDTH="77" HEIGHT="53" CONTENT="im" WC="0.58" CC="52"/>
						<SP ID="P7_SP00020" HPOS="870" VPOS="828" WIDTH="41"/>
						<String ID="P7_ST00023" HPOS="911" VPOS="734" WIDTH="256" HEIGHT="81" CONTENT="Kampfe" WC="0.99" CC="005130"/>
						<SP ID="P7_SP00021" HPOS="1167" VPOS="828" WIDTH="42"/>
						<String ID="P7_ST00024" HPOS="1209" VPOS="732" WIDTH="279" HEIGHT="64" CONTENT="abermals" WC="0.99" CC="07060000"/>
						<SP ID="P7_SP00022" HPOS="1488" VPOS="828" WIDTH="42"/>
						<String ID="P7_ST00025" HPOS="1530" VPOS="732" WIDTH="89" HEIGHT="63" CONTENT="die" WC="0.99" CC="020"/>
						<SP ID="P7_SP00023" HPOS="1619" VPOS="828" WIDTH="42"/>
						<String ID="P7_ST00026" HPOS="1661" VPOS="726" WIDTH="476" HEIGHT="80" CONTENT="Selbständigkeit" WC="1.00" CC="006005000404533"/>
						<SP ID="P7_SP00024" HPOS="2137" VPOS="828" WIDTH="41"/>
						<String ID="P7_ST00027" HPOS="2178" VPOS="725" WIDTH="100" HEIGHT="61" CONTENT="der" WC="1.00" CC="000"/>
						<SP ID="P7_SP00025" HPOS="2278" VPOS="828" WIDTH="33"/>
						<String ID="P7_ST00028" HPOS="2311" VPOS="724" WIDTH="227" HEIGHT="62" CONTENT="Nation" WC="0.99" CC="400400"/>
					</TextLine>
					<TextLine ID="P7_TL00005" HPOS="285" VPOS="821" WIDTH="2257" HEIGHT="101">
						<String ID="P7_ST00029" HPOS="285" VPOS="861" WIDTH="120" HEIGHT="61" CONTENT="dem" WC="0.94" CC="905"/>
						<SP ID="P7_SP00026" HPOS="405" VPOS="922" WIDTH="25"/>
						<String ID="P7_ST00030" HPOS="430" VPOS="840" WIDTH="217" HEIGHT="71" CONTENT="Vorteil" WC="0.98" CC="4664030"/>
						<SP ID="P7_SP00027" HPOS="647" VPOS="922" WIDTH="33"/>
						<String ID="P7_ST00031" HPOS="680" VPOS="838" WIDTH="99" HEIGHT="62" CONTENT="der" WC="0.98" CC="006"/>
						<SP ID="P7_SP00028" HPOS="779" VPOS="922" WIDTH="26"/>
						<String ID="P7_ST00032" HPOS="805" VPOS="833" WIDTH="435" HEIGHT="64" CONTENT="Herrschenden" WC="0.99" CC="446600740000"/>
						<SP ID="P7_SP00029" HPOS="1240" VPOS="922" WIDTH="36"/>
						<String ID="P7_ST00033" HPOS="1276" VPOS="828" WIDTH="356" HEIGHT="80" CONTENT="aufgeopfert" WC="0.99" CC="01600416365"/>
						<SP ID="P7_SP00030" HPOS="1632" VPOS="922" WIDTH="25"/>
						<String ID="P7_ST00034" HPOS="1657" VPOS="825" WIDTH="262" HEIGHT="71" CONTENT="würde«," WC="0.99" CC="0060644"/>
						<SP ID="P7_SP00031" HPOS="1919" VPOS="922" WIDTH="27"/>
						<String ID="P7_ST00035" HPOS="1946" VPOS="824" WIDTH="154" HEIGHT="61" CONTENT="dann" WC="0.97" CC="0473"/>
						<SP ID="P7_SP00032" HPOS="2100" VPOS="922" WIDTH="34"/>
						<String ID="P7_ST00036" HPOS="2134" VPOS="821" WIDTH="215" HEIGHT="61" CONTENT="könnte" WC="0.99" CC="504040"/>
						<SP ID="P7_SP00033" HPOS="2349" VPOS="922" WIDTH="31"/>
						<String ID="P7_ST00037" HPOS="2380" VPOS="835" WIDTH="162" HEIGHT="46" CONTENT="unter" WC="0.98" CC="60306"/>
					</TextLine>
					<TextLine ID="P7_TL00006" HPOS="287" VPOS="915" WIDTH="2255" HEIGHT="102">
						<String ID="P7_ST00038" HPOS="287" VPOS="964" WIDTH="170" HEIGHT="53" CONTENT="einem" WC="0.97" CC="44603"/>
						<SP ID="P7_SP00034" HPOS="457" VPOS="1017" WIDTH="47"/>
						<String ID="P7_ST00039" HPOS="504" VPOS="939" WIDTH="219" HEIGHT="64" CONTENT="solchen" WC="0.98" CC="0479704"/>
						<SP ID="P7_SP00035" HPOS="723" VPOS="1017" WIDTH="44"/>
						<String ID="P7_ST00040" HPOS="767" VPOS="932" WIDTH="166" HEIGHT="63" CONTENT="Staat" WC="0.98" CC="44052"/>
						<SP ID="P7_SP00036" HPOS="933" VPOS="1017" WIDTH="51"/>
						<String ID="P7_ST00041" HPOS="984" VPOS="931" WIDTH="99" HEIGHT="59" CONTENT="der" WC="1.00" CC="000"/>
						<SP ID="P7_SP00037" HPOS="1083" VPOS="1017" WIDTH="39"/>
						<String ID="P7_ST00042" HPOS="1122" VPOS="927" WIDTH="374" HEIGHT="77" CONTENT="Vernünftige" WC="0.99" CC="50500074500"/>
						<SP ID="P7_SP00038" HPOS="1496" VPOS="1017" WIDTH="40"/>
						<String ID="P7_ST00043" HPOS="1536" VPOS="924" WIDTH="143" HEIGHT="62" CONTENT="nicht" WC="0.99" CC="04006"/>
						<SP ID="P7_SP00039" HPOS="1679" VPOS="1017" WIDTH="39"/>
						<String ID="P7_ST00044" HPOS="1718" VPOS="920" WIDTH="236" HEIGHT="64" CONTENT="bleiben." WC="0.98" CC="76607063"/>
						<SP ID="P7_SP00040" HPOS="1954" VPOS="1017" WIDTH="67"/>
						<String ID="P7_ST00045" HPOS="2021" VPOS="918" WIDTH="138" HEIGHT="63" CONTENT="Sein" WC="0.98" CC="3400"/>
						<SP ID="P7_SP00041" HPOS="2159" VPOS="1017" WIDTH="41"/>
						<String ID="P7_ST00046" HPOS="2200" VPOS="915" WIDTH="244" HEIGHT="63" CONTENT="Wirken" WC="0.98" CC="716010"/>
						<SP ID="P7_SP00042" HPOS="2444" VPOS="1017" WIDTH="42"/>
						<String ID="P7_ST00047" HPOS="2486" VPOS="923" WIDTH="56" HEIGHT="53" CONTENT="in" WC="1.00" CC="00"/>
					</TextLine>
					<TextLine ID="P7_TL00007" HPOS="287" VPOS="1011" WIDTH="2258" HEIGHT="100">
						<String ID="P7_ST00048" HPOS="287" VPOS="1050" WIDTH="92" HEIGHT="61" CONTENT="der" WC="0.91" CC="966"/>
						<SP ID="P7_SP00043" HPOS="379" VPOS="1111" WIDTH="40"/>
						<String ID="P7_ST00049" HPOS="419" VPOS="1031" WIDTH="368" HEIGHT="72" CONTENT="Gesellschaft" WC="0.99" CC="000070097070"/>
						<SP ID="P7_SP00044" HPOS="787" VPOS="1111" WIDTH="50"/>
						<String ID="P7_ST00050" HPOS="837" VPOS="1026" WIDTH="100" HEIGHT="62" CONTENT="hat" WC="0.96" CC="704"/>
						<SP ID="P7_SP00045" HPOS="937" VPOS="1111" WIDTH="48"/>
						<String ID="P7_ST00051" HPOS="985" VPOS="1047" WIDTH="108" HEIGHT="40" CONTENT="nur" WC="0.95" CC="067"/>
						<SP ID="P7_SP00046" HPOS="1093" VPOS="1111" WIDTH="48"/>
						<String ID="P7_ST00052" HPOS="1141" VPOS="1046" WIDTH="69" HEIGHT="38" CONTENT="so" WC="1.00" CC="00"/>
						<SP ID="P7_SP00047" HPOS="1210" VPOS="1111" WIDTH="41"/>
						<String ID="P7_ST00053" HPOS="1251" VPOS="1022" WIDTH="166" HEIGHT="79" CONTENT="lange" WC="1.00" CC="04000"/>
						<SP ID="P7_SP00048" HPOS="1417" VPOS="1111" WIDTH="39"/>
						<String ID="P7_ST00054" HPOS="1456" VPOS="1021" WIDTH="160" HEIGHT="71" CONTENT="Sinn," WC="0.99" CC="01004"/>
						<SP ID="P7_SP00049" HPOS="1616" VPOS="1111" WIDTH="43"/>
						<String ID="P7_ST00055" HPOS="1659" VPOS="1019" WIDTH="83" HEIGHT="61" CONTENT="als" WC="1.00" CC="000"/>
						<SP ID="P7_SP00050" HPOS="1742" VPOS="1111" WIDTH="43"/>
						<String ID="P7_ST00056" HPOS="1785" VPOS="1041" WIDTH="60" HEIGHT="39" CONTENT="er" WC="1.00" CC="00"/>
						<SP ID="P7_SP00051" HPOS="1845" VPOS="1111" WIDTH="42"/>
						<String ID="P7_ST00057" HPOS="1887" VPOS="1017" WIDTH="91" HEIGHT="61" CONTENT="die" WC="1.00" CC="000"/>
						<SP ID="P7_SP00052" HPOS="1978" VPOS="1111" WIDTH="42"/>
						<String ID="P7_ST00058" HPOS="2020" VPOS="1013" WIDTH="302" HEIGHT="78" CONTENT="Hoffnung" WC="0.98" CC="55600057"/>
						<SP ID="P7_SP00053" HPOS="2322" VPOS="1111" WIDTH="41"/>
						<String ID="P7_ST00059" HPOS="2363" VPOS="1011" WIDTH="182" HEIGHT="78" CONTENT="hegen" WC="1.00" CC="00000"/>
					</TextLine>
					<TextLine ID="P7_TL00008" HPOS="288" VPOS="1106" WIDTH="2257" HEIGHT="101">
						<String ID="P7_ST00060" HPOS="288" VPOS="1145" WIDTH="157" HEIGHT="62" CONTENT="kann," WC="0.96" CC="66674"/>
						<SP ID="P7_SP00054" HPOS="445" VPOS="1207" WIDTH="49"/>
						<String ID="P7_ST00061" HPOS="494" VPOS="1132" WIDTH="109" HEIGHT="61" CONTENT="den" WC="1.00" CC="000"/>
						<SP ID="P7_SP00055" HPOS="603" VPOS="1207" WIDTH="42"/>
						<String ID="P7_ST00062" HPOS="645" VPOS="1127" WIDTH="171" HEIGHT="63" CONTENT="Keim" WC="0.99" CC="1050"/>
						<SP ID="P7_SP00056" HPOS="816" VPOS="1207" WIDTH="51"/>
						<String ID="P7_ST00063" HPOS="867" VPOS="1131" WIDTH="154" HEIGHT="52" CONTENT="einer" WC="0.98" CC="65006"/>
						<SP ID="P7_SP00057" HPOS="1021" VPOS="1207" WIDTH="50"/>
						<String ID="P7_ST00064" HPOS="1071" VPOS="1120" WIDTH="173" HEIGHT="61" CONTENT="freien" WC="0.98" CC="463500"/>
						<SP ID="P7_SP00058" HPOS="1244" VPOS="1207" WIDTH="54"/>
						<String ID="P7_ST00065" HPOS="1298" VPOS="1116" WIDTH="120" HEIGHT="62" CONTENT="und" WC="0.98" CC="050"/>
						<SP ID="P7_SP00059" HPOS="1418" VPOS="1207" WIDTH="47"/>
						<String ID="P7_ST00066" HPOS="1465" VPOS="1116" WIDTH="315" HEIGHT="62" CONTENT="rechtlichen" WC="0.99" CC="65000039703"/>
						<SP ID="P7_SP00060" HPOS="1780" VPOS="1207" WIDTH="43"/>
						<String ID="P7_ST00067" HPOS="1823" VPOS="1111" WIDTH="367" HEIGHT="77" CONTENT="Verfassung" WC="1.00" CC="0606000030"/>
						<SP ID="P7_SP00061" HPOS="2190" VPOS="1207" WIDTH="49"/>
						<String ID="P7_ST00068" HPOS="2239" VPOS="1132" WIDTH="75" HEIGHT="37" CONTENT="zu" WC="0.69" CC="60"/>
						<SP ID="P7_SP00062" HPOS="2314" VPOS="1207" WIDTH="52"/>
						<String ID="P7_ST00069" HPOS="2366" VPOS="1106" WIDTH="179" HEIGHT="79" CONTENT="legen." WC="0.98" CC="700553"/>
					</TextLine>
					<TextLine ID="P7_TL00009" HPOS="288" VPOS="1201" WIDTH="2259" HEIGHT="102">
						<String ID="P7_ST00070" HPOS="288" VPOS="1242" WIDTH="70" HEIGHT="61" CONTENT="Ist" WC="0.96" CC="703"/>
						<SP ID="P7_SP00063" HPOS="358" VPOS="1303" WIDTH="45"/>
						<String ID="P7_ST00071" HPOS="403" VPOS="1233" WIDTH="116" HEIGHT="59" CONTENT="dies" WC="0.99" CC="0202"/>
						<SP ID="P7_SP00064" HPOS="519" VPOS="1303" WIDTH="50"/>
						<String ID="P7_ST00072" HPOS="569" VPOS="1224" WIDTH="141" HEIGHT="65" CONTENT="nicht" WC="0.99" CC="04005"/>
						<SP ID="P7_SP00065" HPOS="710" VPOS="1303" WIDTH="49"/>
						<String ID="P7_ST00073" HPOS="759" VPOS="1219" WIDTH="160" HEIGHT="62" CONTENT="mehr" WC="0.99" CC="0006"/>
						<SP ID="P7_SP00066" HPOS="919" VPOS="1303" WIDTH="50"/>
						<String ID="P7_ST00074" HPOS="969" VPOS="1216" WIDTH="100" HEIGHT="61" CONTENT="der" WC="0.97" CC="007"/>
						<SP ID="P7_SP00067" HPOS="1069" VPOS="1303" WIDTH="39"/>
						<String ID="P7_ST00075" HPOS="1108" VPOS="1212" WIDTH="149" HEIGHT="73" CONTENT="Fall," WC="0.98" CC="30074"/>
						<SP ID="P7_SP00068" HPOS="1257" VPOS="1303" WIDTH="43"/>
						<String ID="P7_ST00076" HPOS="1300" VPOS="1212" WIDTH="152" HEIGHT="61" CONTENT="dann" WC="0.98" CC="0260"/>
						<SP ID="P7_SP00069" HPOS="1452" VPOS="1303" WIDTH="51"/>
						<String ID="P7_ST00077" HPOS="1503" VPOS="1221" WIDTH="70" HEIGHT="52" CONTENT="ist" WC="1.00" CC="000"/>
						<SP ID="P7_SP00070" HPOS="1573" VPOS="1303" WIDTH="39"/>
						<String ID="P7_ST00078" HPOS="1612" VPOS="1210" WIDTH="92" HEIGHT="62" CONTENT="für" WC="0.95" CC="606"/>
						<SP ID="P7_SP00071" HPOS="1704" VPOS="1303" WIDTH="39"/>
						<String ID="P7_ST00079" HPOS="1743" VPOS="1210" WIDTH="96" HEIGHT="61" CONTENT="ihn" WC="0.96" CC="605"/>
						<SP ID="P7_SP00072" HPOS="1839" VPOS="1303" WIDTH="43"/>
						<String ID="P7_ST00080" HPOS="1882" VPOS="1206" WIDTH="137" HEIGHT="64" CONTENT="auch" WC="1.00" CC="0000"/>
						<SP ID="P7_SP00073" HPOS="2019" VPOS="1303" WIDTH="42"/>
						<String ID="P7_ST00081" HPOS="2061" VPOS="1205" WIDTH="171" HEIGHT="62" CONTENT="nichts" WC="0.98" CC="506700"/>
						<SP ID="P7_SP00074" HPOS="2232" VPOS="1303" WIDTH="41"/>
						<String ID="P7_ST00082" HPOS="2273" VPOS="1201" WIDTH="160" HEIGHT="64" CONTENT="mehr" WC="0.98" CC="0506"/>
						<SP ID="P7_SP00075" HPOS="2433" VPOS="1303" WIDTH="39"/>
						<String ID="P7_ST00083" HPOS="2472" VPOS="1224" WIDTH="75" HEIGHT="38" CONTENT="zu" WC="1.00" CC="00"/>
					</TextLine>
					<TextLine ID="P7_TL00010" HPOS="290" VPOS="1299" WIDTH="2258" HEIGHT="98">
						<String ID="P7_ST00084" HPOS="290" VPOS="1342" WIDTH="282" HEIGHT="55" CONTENT="erwarten," WC="0.98" CC="679064054"/>
						<SP ID="P7_SP00076" HPOS="572" VPOS="1397" WIDTH="41"/>
						<String ID="P7_ST00085" HPOS="613" VPOS="1318" WIDTH="152" HEIGHT="62" CONTENT="»Ein" WC="0.97" CC="4730"/>
						<SP ID="P7_SP00077" HPOS="765" VPOS="1397" WIDTH="35"/>
						<String ID="P7_ST00086" HPOS="800" VPOS="1313" WIDTH="211" HEIGHT="63" CONTENT="solcher" WC="0.99" CC="0000737"/>
						<SP ID="P7_SP00078" HPOS="1011" VPOS="1397" WIDTH="25"/>
						<String ID="P7_ST00087" HPOS="1036" VPOS="1310" WIDTH="166" HEIGHT="62" CONTENT="Staat" WC="1.00" CC="10000"/>
						<SP ID="P7_SP00079" HPOS="1202" VPOS="1397" WIDTH="24"/>
						<String ID="P7_ST00088" HPOS="1226" VPOS="1308" WIDTH="246" HEIGHT="62" CONTENT="befindet" WC="0.99" CC="70600003"/>
						<SP ID="P7_SP00080" HPOS="1472" VPOS="1397" WIDTH="31"/>
						<String ID="P7_ST00089" HPOS="1503" VPOS="1306" WIDTH="107" HEIGHT="63" CONTENT="sich" WC="0.98" CC="0007"/>
						<SP ID="P7_SP00081" HPOS="1610" VPOS="1397" WIDTH="25"/>
						<String ID="P7_ST00090" HPOS="1635" VPOS="1314" WIDTH="77" HEIGHT="52" CONTENT="im" WC="0.94" CC="10"/>
						<SP ID="P7_SP00082" HPOS="1712" VPOS="1397" WIDTH="25"/>
						<String ID="P7_ST00091" HPOS="1737" VPOS="1303" WIDTH="268" HEIGHT="63" CONTENT="Zustand" WC="0.99" CC="6004400"/>
						<SP ID="P7_SP00083" HPOS="2005" VPOS="1397" WIDTH="27"/>
						<String ID="P7_ST00092" HPOS="2032" VPOS="1300" WIDTH="99" HEIGHT="62" CONTENT="der" WC="1.00" CC="000"/>
						<SP ID="P7_SP00084" HPOS="2131" VPOS="1397" WIDTH="25"/>
						<String ID="P7_ST00093" HPOS="2156" VPOS="1299" WIDTH="392" HEIGHT="75" CONTENT="Verstockung" WC="0.99" CC="00704007705"/>
					</TextLine>
					<TextLine ID="P7_TL00011" HPOS="292" VPOS="1392" WIDTH="2254" HEIGHT="99">
						<String ID="P7_ST00094" HPOS="292" VPOS="1425" WIDTH="109" HEIGHT="66" CONTENT="und" WC="0.94" CC="609"/>
						<SP ID="P7_SP00085" HPOS="401" VPOS="1491" WIDTH="39"/>
						<String ID="P7_ST00095" HPOS="440" VPOS="1422" WIDTH="97" HEIGHT="61" CONTENT="hat" WC="0.96" CC="702"/>
						<SP ID="P7_SP00086" HPOS="537" VPOS="1491" WIDTH="40"/>
						<String ID="P7_ST00096" HPOS="577" VPOS="1411" WIDTH="275" HEIGHT="67" CONTENT="öffentlich" WC="0.99" CC="1560000500"/>
						<SP ID="P7_SP00087" HPOS="852" VPOS="1491" WIDTH="43"/>
						<String ID="P7_ST00097" HPOS="895" VPOS="1407" WIDTH="105" HEIGHT="62" CONTENT="das" WC="0.97" CC="043"/>
						<SP ID="P7_SP00088" HPOS="1000" VPOS="1491" WIDTH="35"/>
						<String ID="P7_ST00098" HPOS="1035" VPOS="1404" WIDTH="186" HEIGHT="79" CONTENT="Siegel" WC="0.98" CC="060047"/>
						<SP ID="P7_SP00089" HPOS="1221" VPOS="1491" WIDTH="42"/>
						<String ID="P7_ST00099" HPOS="1263" VPOS="1403" WIDTH="99" HEIGHT="61" CONTENT="der" WC="0.98" CC="006"/>
						<SP ID="P7_SP00090" HPOS="1362" VPOS="1491" WIDTH="31"/>
						<String ID="P7_ST00100" HPOS="1393" VPOS="1400" WIDTH="390" HEIGHT="79" CONTENT="Verwerfung" WC="1.00" CC="0060060000"/>
						<SP ID="P7_SP00091" HPOS="1783" VPOS="1491" WIDTH="33"/>
						<String ID="P7_ST00101" HPOS="1816" VPOS="1399" WIDTH="106" HEIGHT="62" CONTENT="sich" WC="1.00" CC="0000"/>
						<SP ID="P7_SP00092" HPOS="1922" VPOS="1491" WIDTH="33"/>
						<String ID="P7_ST00102" HPOS="1955" VPOS="1398" WIDTH="173" HEIGHT="62" CONTENT="selbst" WC="0.98" CC="057704"/>
						<SP ID="P7_SP00093" HPOS="2128" VPOS="1491" WIDTH="34"/>
						<String ID="P7_ST00103" HPOS="2162" VPOS="1392" WIDTH="384" HEIGHT="81" CONTENT="aufgedrückt." WC="0.99" CC="600000700724"/>
					</TextLine>
					<TextLine ID="P7_TL00012" HPOS="292" VPOS="1488" WIDTH="2254" HEIGHT="99">
						<String ID="P7_ST00104" HPOS="292" VPOS="1525" WIDTH="114" HEIGHT="62" CONTENT="Der" WC="0.95" CC="670"/>
						<SP ID="P7_SP00094" HPOS="406" VPOS="1587" WIDTH="30"/>
						<String ID="P7_ST00105" HPOS="436" VPOS="1513" WIDTH="149" HEIGHT="65" CONTENT="Edle" WC="0.97" CC="6070"/>
						<SP ID="P7_SP00095" HPOS="585" VPOS="1587" WIDTH="41"/>
						<String ID="P7_ST00106" HPOS="626" VPOS="1524" WIDTH="160" HEIGHT="48" CONTENT="rettet" WC="0.98" CC="701735"/>
						<SP ID="P7_SP00096" HPOS="786" VPOS="1587" WIDTH="33"/>
						<String ID="P7_ST00107" HPOS="819" VPOS="1512" WIDTH="119" HEIGHT="55" CONTENT="sein" WC="0.98" CC="0045"/>
						<SP ID="P7_SP00097" HPOS="938" VPOS="1587" WIDTH="34"/>
						<String ID="P7_ST00108" HPOS="972" VPOS="1499" WIDTH="394" HEIGHT="65" CONTENT="unsterbliches" WC="1.00" CC="0002000010700"/>
						<SP ID="P7_SP00098" HPOS="1366" VPOS="1587" WIDTH="33"/>
						<String ID="P7_ST00109" HPOS="1399" VPOS="1497" WIDTH="216" HEIGHT="72" CONTENT="Leben," WC="0.98" CC="007564"/>
						<SP ID="P7_SP00099" HPOS="1615" VPOS="1587" WIDTH="42"/>
						<String ID="P7_ST00110" HPOS="1657" VPOS="1496" WIDTH="190" HEIGHT="61" CONTENT="indem" WC="0.97" CC="56070"/>
						<SP ID="P7_SP00100" HPOS="1847" VPOS="1587" WIDTH="36"/>
						<String ID="P7_ST00111" HPOS="1883" VPOS="1519" WIDTH="58" HEIGHT="38" CONTENT="er" WC="0.42" CC="46"/>
						<SP ID="P7_SP00101" HPOS="1941" VPOS="1587" WIDTH="33"/>
						<String ID="P7_ST00112" HPOS="1974" VPOS="1494" WIDTH="94" HEIGHT="61" CONTENT="ihn" WC="0.96" CC="360"/>
						<SP ID="P7_SP00102" HPOS="2068" VPOS="1587" WIDTH="35"/>
						<String ID="P7_ST00113" HPOS="2103" VPOS="1491" WIDTH="199" HEIGHT="62" CONTENT="flieht.«" WC="0.98" CC="67050642"/>
						<SP ID="P7_SP00103" HPOS="2302" VPOS="1587" WIDTH="46"/>
						<String ID="P7_ST00114" HPOS="2348" VPOS="1488" WIDTH="106" HEIGHT="72" CONTENT="&lt;A." WC="0.51" CC="364"/>
						<SP ID="P7_SP00104" HPOS="2454" VPOS="1587" WIDTH="40"/>
						<String ID="P7_ST00115" HPOS="2494" VPOS="1511" WIDTH="52" HEIGHT="38" CONTENT="a." WC="0.78" CC="04"/>
					</TextLine>
					<TextLine ID="P7_TL00013" HPOS="294" VPOS="1602" WIDTH="592" HEIGHT="87">
						<String ID="P7_ST00116" HPOS="294" VPOS="1620" WIDTH="94" HEIGHT="69" CONTENT="0.," WC="0.65" CC="144"/>
						<SP ID="P7_SP00105" HPOS="388" VPOS="1689" WIDTH="41"/>
						<String ID="P7_ST00117" HPOS="429" VPOS="1613" WIDTH="56" HEIGHT="63" CONTENT="S." WC="0.51" CC="54"/>
						<SP ID="P7_SP00106" HPOS="485" VPOS="1689" WIDTH="39"/>
						<String ID="P7_ST00118" HPOS="524" VPOS="1602" WIDTH="362" HEIGHT="73" CONTENT="413—415.)" WC="0.51" CC="533851447"/>
					</TextLine>
					<TextLine ID="P7_TL00014" HPOS="365" VPOS="1679" WIDTH="2185" HEIGHT="95">
						<String ID="P7_ST00119" HPOS="365" VPOS="1710" WIDTH="80" HEIGHT="64" CONTENT="So" WC="0.69" CC="60"/>
						<SP ID="P7_SP00107" HPOS="445" VPOS="1774" WIDTH="41"/>
						<String ID="P7_ST00120" HPOS="486" VPOS="1717" WIDTH="69" HEIGHT="52" CONTENT="ist" WC="0.97" CC="304"/>
						<SP ID="P7_SP00108" HPOS="555" VPOS="1774" WIDTH="39"/>
						<String ID="P7_ST00121" HPOS="594" VPOS="1703" WIDTH="150" HEIGHT="61" CONTENT="denn" WC="1.00" CC="0000"/>
						<SP ID="P7_SP00109" HPOS="744" VPOS="1774" WIDTH="35"/>
						<String ID="P7_ST00122" HPOS="779" VPOS="1699" WIDTH="91" HEIGHT="61" CONTENT="die" WC="0.98" CC="060"/>
						<SP ID="P7_SP00110" HPOS="870" VPOS="1774" WIDTH="25"/>
						<String ID="P7_ST00123" HPOS="895" VPOS="1696" WIDTH="279" HEIGHT="63" CONTENT="Antwort" WC="0.98" CC="5550161"/>
						<SP ID="P7_SP00111" HPOS="1174" VPOS="1774" WIDTH="32"/>
						<String ID="P7_ST00124" HPOS="1206" VPOS="1691" WIDTH="221" HEIGHT="62" CONTENT="Fichtes" WC="0.63" CC="3407261"/>
						<SP ID="P7_SP00112" HPOS="1427" VPOS="1774" WIDTH="42"/>
						<String ID="P7_ST00125" HPOS="1469" VPOS="1690" WIDTH="105" HEIGHT="61" CONTENT="auf" WC="0.96" CC="064"/>
						<SP ID="P7_SP00113" HPOS="1574" VPOS="1774" WIDTH="33"/>
						<String ID="P7_ST00126" HPOS="1607" VPOS="1696" WIDTH="153" HEIGHT="54" CONTENT="seine" WC="0.98" CC="00507"/>
						<SP ID="P7_SP00114" HPOS="1760" VPOS="1774" WIDTH="32"/>
						<String ID="P7_ST00127" HPOS="1792" VPOS="1686" WIDTH="189" HEIGHT="79" CONTENT="Frage" WC="0.99" CC="07000"/>
						<SP ID="P7_SP00115" HPOS="1981" VPOS="1774" WIDTH="40"/>
						<String ID="P7_ST00128" HPOS="2021" VPOS="1684" WIDTH="136" HEIGHT="62" CONTENT="nach" WC="0.98" CC="0007"/>
						<SP ID="P7_SP00116" HPOS="2157" VPOS="1774" WIDTH="35"/>
						<String ID="P7_ST00129" HPOS="2192" VPOS="1682" WIDTH="129" HEIGHT="63" CONTENT="dem" WC="1.00" CC="000"/>
						<SP ID="P7_SP00117" HPOS="2321" VPOS="1774" WIDTH="33"/>
						<String ID="P7_ST00130" HPOS="2354" VPOS="1679" WIDTH="157" HEIGHT="63" CONTENT="wahr" SUBS_TYPE="HypPart1" SUBS_CONTENT="wahrhaften" WC="0.98" CC="0007"/>
						<HYP HPOS="2511" VPOS="1679" WIDTH="39" CONTENT="-"/>
					</TextLine>
					<TextLine ID="P7_TL00015" HPOS="295" VPOS="1774" WIDTH="2256" HEIGHT="101">
						<String ID="P7_ST00131" HPOS="295" VPOS="1806" WIDTH="178" HEIGHT="64" CONTENT="haften" SUBS_TYPE="HypPart2" SUBS_CONTENT="wahrhaften" WC="0.99" CC="402200"/>
						<SP ID="P7_SP00118" HPOS="473" VPOS="1870" WIDTH="41"/>
						<String ID="P7_ST00132" HPOS="514" VPOS="1799" WIDTH="178" HEIGHT="76" CONTENT="Krieg" WC="0.98" CC="00609"/>
						<SP ID="P7_SP00119" HPOS="692" VPOS="1875" WIDTH="40"/>
						<String ID="P7_ST00133" HPOS="732" VPOS="1817" WIDTH="148" HEIGHT="57" CONTENT="ganz" WC="0.97" CC="0056"/>
						<SP ID="P7_SP00120" HPOS="880" VPOS="1875" WIDTH="40"/>
						<String ID="P7_ST00134" HPOS="920" VPOS="1800" WIDTH="77" HEIGHT="54" CONTENT="im" WC="0.81" CC="30"/>
						<SP ID="P7_SP00121" HPOS="997" VPOS="1875" WIDTH="41"/>
						<String ID="P7_ST00135" HPOS="1038" VPOS="1789" WIDTH="177" HEIGHT="62" CONTENT="Sinne" WC="1.00" CC="01000"/>
						<SP ID="P7_SP00122" HPOS="1215" VPOS="1875" WIDTH="41"/>
						<String ID="P7_ST00136" HPOS="1256" VPOS="1795" WIDTH="182" HEIGHT="54" CONTENT="seiner" WC="0.99" CC="004006"/>
						<SP ID="P7_SP00123" HPOS="1438" VPOS="1875" WIDTH="40"/>
						<String ID="P7_ST00137" HPOS="1478" VPOS="1780" WIDTH="524" HEIGHT="81" CONTENT="tatbegründenden" WC="1.00" CC="606700600000060"/>
						<SP ID="P7_SP00124" HPOS="2002" VPOS="1875" WIDTH="44"/>
						<String ID="P7_ST00138" HPOS="2046" VPOS="1775" WIDTH="362" HEIGHT="81" CONTENT="Philosophie" WC="0.99" CC="36400060700"/>
						<SP ID="P7_SP00125" HPOS="2408" VPOS="1875" WIDTH="41"/>
						<String ID="P7_ST00139" HPOS="2449" VPOS="1774" WIDTH="102" HEIGHT="62" CONTENT="des" WC="1.00" CC="000"/>
					</TextLine>
					<TextLine ID="P7_TL00016" HPOS="298" VPOS="1878" WIDTH="2256" HEIGHT="88">
						<String ID="P7_ST00140" HPOS="298" VPOS="1902" WIDTH="244" HEIGHT="64" CONTENT="Geistes:" WC="0.99" CC="50504006"/>
						<SP ID="P7_SP00126" HPOS="542" VPOS="1966" WIDTH="44"/>
						<String ID="P7_ST00141" HPOS="586" VPOS="1894" WIDTH="90" HEIGHT="61" CONTENT="die" WC="0.99" CC="020"/>
						<SP ID="P7_SP00127" HPOS="676" VPOS="1966" WIDTH="40"/>
						<String ID="P7_ST00142" HPOS="716" VPOS="1888" WIDTH="458" HEIGHT="76" CONTENT="Rechtfertigung" WC="0.99" CC="20073005060739"/>
						<SP ID="P7_SP00128" HPOS="1174" VPOS="1966" WIDTH="41"/>
						<String ID="P7_ST00143" HPOS="1215" VPOS="1883" WIDTH="132" HEIGHT="77" CONTENT="liegt" WC="0.97" CC="66405"/>
						<SP ID="P7_SP00129" HPOS="1347" VPOS="1966" WIDTH="41"/>
						<String ID="P7_ST00144" HPOS="1388" VPOS="1880" WIDTH="142" HEIGHT="63" CONTENT="nicht" WC="0.98" CC="55000"/>
						<SP ID="P7_SP00130" HPOS="1530" VPOS="1966" WIDTH="41"/>
						<String ID="P7_ST00145" HPOS="1571" VPOS="1888" WIDTH="54" HEIGHT="52" CONTENT="in" WC="0.66" CC="60"/>
						<SP ID="P7_SP00131" HPOS="1625" VPOS="1966" WIDTH="45"/>
						<String ID="P7_ST00146" HPOS="1670" VPOS="1878" WIDTH="146" HEIGHT="72" CONTENT="dem," WC="0.99" CC="0004"/>
						<SP ID="P7_SP00132" HPOS="1816" VPOS="1966" WIDTH="34"/>
						<String ID="P7_ST00147" HPOS="1850" VPOS="1900" WIDTH="140" HEIGHT="38" CONTENT="was" WC="0.99" CC="020"/>
						<SP ID="P7_SP00133" HPOS="1990" VPOS="1966" WIDTH="40"/>
						<String ID="P7_ST00148" HPOS="2030" VPOS="1883" WIDTH="104" HEIGHT="52" CONTENT="wir" WC="1.00" CC="000"/>
						<SP ID="P7_SP00134" HPOS="2134" VPOS="1966" WIDTH="40"/>
						<String ID="P7_ST00149" HPOS="2174" VPOS="1891" WIDTH="120" HEIGHT="53" CONTENT="tun," WC="0.99" CC="2004"/>
						<SP ID="P7_SP00135" HPOS="2294" VPOS="1966" WIDTH="35"/>
						<String ID="P7_ST00150" HPOS="2329" VPOS="1893" WIDTH="125" HEIGHT="38" CONTENT="was" WC="1.00" CC="000"/>
						<SP ID="P7_SP00136" HPOS="2454" VPOS="1966" WIDTH="41"/>
						<String ID="P7_ST00151" HPOS="2495" VPOS="1879" WIDTH="59" HEIGHT="68" CONTENT="ja" WC="0.62" CC="70"/>
					</TextLine>
					<TextLine ID="P7_TL00017" HPOS="298" VPOS="1972" WIDTH="2254" HEIGHT="91">
						<String ID="P7_ST00152" HPOS="298" VPOS="1994" WIDTH="260" HEIGHT="67" CONTENT="ohnedies" WC="0.99" CC="30000530"/>
						<SP ID="P7_SP00137" HPOS="558" VPOS="2061" WIDTH="49"/>
						<String ID="P7_ST00153" HPOS="607" VPOS="1988" WIDTH="174" HEIGHT="63" CONTENT="kaum" WC="1.00" CC="0000"/>
						<SP ID="P7_SP00138" HPOS="781" VPOS="2061" WIDTH="47"/>
						<String ID="P7_ST00154" HPOS="828" VPOS="1995" WIDTH="53" HEIGHT="68" CONTENT="je" WC="0.63" CC="70"/>
						<SP ID="P7_SP00139" HPOS="881" VPOS="2063" WIDTH="49"/>
						<String ID="P7_ST00155" HPOS="930" VPOS="1992" WIDTH="55" HEIGHT="54" CONTENT="in" WC="0.60" CC="25"/>
						<SP ID="P7_SP00140" HPOS="985" VPOS="2063" WIDTH="45"/>
						<String ID="P7_ST00156" HPOS="1030" VPOS="2002" WIDTH="235" HEIGHT="41" CONTENT="unserer" WC="0.98" CC="7000636"/>
						<SP ID="P7_SP00141" HPOS="1265" VPOS="2063" WIDTH="39"/>
						<String ID="P7_ST00157" HPOS="1304" VPOS="1977" WIDTH="198" HEIGHT="63" CONTENT="Macht" WC="0.99" CC="10006"/>
						<SP ID="P7_SP00142" HPOS="1502" VPOS="2063" WIDTH="41"/>
						<String ID="P7_ST00158" HPOS="1543" VPOS="1976" WIDTH="148" HEIGHT="77" CONTENT="liegt," WC="0.98" CC="750014"/>
						<SP ID="P7_SP00143" HPOS="1691" VPOS="2063" WIDTH="41"/>
						<String ID="P7_ST00159" HPOS="1732" VPOS="1972" WIDTH="245" HEIGHT="63" CONTENT="sondern" WC="0.99" CC="0100750"/>
						<SP ID="P7_SP00144" HPOS="1977" VPOS="2063" WIDTH="41"/>
						<String ID="P7_ST00160" HPOS="2018" VPOS="1978" WIDTH="127" HEIGHT="55" CONTENT="wie" WC="1.00" CC="000"/>
						<SP ID="P7_SP00145" HPOS="2145" VPOS="2063" WIDTH="39"/>
						<String ID="P7_ST00161" HPOS="2184" VPOS="1977" WIDTH="104" HEIGHT="53" CONTENT="wir" WC="0.98" CC="006"/>
						<SP ID="P7_SP00146" HPOS="2288" VPOS="2063" WIDTH="41"/>
						<String ID="P7_ST00162" HPOS="2329" VPOS="1991" WIDTH="61" HEIGHT="38" CONTENT="es" WC="0.95" CC="00"/>
						<SP ID="P7_SP00147" HPOS="2390" VPOS="2063" WIDTH="40"/>
						<String ID="P7_ST00163" HPOS="2430" VPOS="1982" WIDTH="122" HEIGHT="56" CONTENT="tun," WC="0.97" CC="0644"/>
					</TextLine>
					<TextLine ID="P7_TL00018" HPOS="299" VPOS="2061" WIDTH="2261" HEIGHT="94">
						<String ID="P7_ST00164" HPOS="299" VPOS="2103" WIDTH="51" HEIGHT="52" CONTENT="in" WC="0.55" CC="44"/>
						<SP ID="P7_SP00148" HPOS="350" VPOS="2155" WIDTH="39"/>
						<String ID="P7_ST00165" HPOS="389" VPOS="2086" WIDTH="260" HEIGHT="65" CONTENT="welchem" WC="1.00" CC="0000000"/>
						<SP ID="P7_SP00149" HPOS="649" VPOS="2155" WIDTH="43"/>
						<String ID="P7_ST00166" HPOS="692" VPOS="2082" WIDTH="221" HEIGHT="63" CONTENT="Geiste." WC="0.98" CC="6630304"/>
						<SP ID="P7_SP00150" HPOS="913" VPOS="2155" WIDTH="68"/>
						<String ID="P7_ST00167" HPOS="981" VPOS="2076" WIDTH="141" HEIGHT="65" CONTENT="Nur" WC="0.93" CC="666"/>
						<SP ID="P7_SP00151" HPOS="1122" VPOS="2155" WIDTH="49"/>
						<String ID="P7_ST00168" HPOS="1171" VPOS="2099" WIDTH="170" HEIGHT="38" CONTENT="wenn" WC="0.98" CC="0034"/>
						<SP ID="P7_SP00152" HPOS="1341" VPOS="2155" WIDTH="57"/>
						<String ID="P7_ST00169" HPOS="1398" VPOS="2081" WIDTH="87" HEIGHT="53" CONTENT="ein" WC="1.00" CC="000"/>
						<SP ID="P7_SP00153" HPOS="1485" VPOS="2155" WIDTH="42"/>
						<String ID="P7_ST00170" HPOS="1527" VPOS="2072" WIDTH="178" HEIGHT="76" CONTENT="Krieg" WC="0.98" CC="06550"/>
						<SP ID="P7_SP00154" HPOS="1705" VPOS="2155" WIDTH="40"/>
						<String ID="P7_ST00171" HPOS="1745" VPOS="2079" WIDTH="55" HEIGHT="52" CONTENT="in" WC="0.64" CC="07"/>
						<SP ID="P7_SP00155" HPOS="1800" VPOS="2155" WIDTH="42"/>
						<String ID="P7_ST00172" HPOS="1842" VPOS="2067" WIDTH="239" HEIGHT="62" CONTENT="solchem" WC="1.00" CC="0000050"/>
						<SP ID="P7_SP00156" HPOS="2081" VPOS="2155" WIDTH="43"/>
						<String ID="P7_ST00173" HPOS="2124" VPOS="2063" WIDTH="169" HEIGHT="63" CONTENT="Geist" WC="0.98" CC="36003"/>
						<SP ID="P7_SP00157" HPOS="2293" VPOS="2155" WIDTH="40"/>
						<String ID="P7_ST00174" HPOS="2333" VPOS="2061" WIDTH="227" HEIGHT="80" CONTENT="geführt" WC="0.99" CC="9400042"/>
					</TextLine>
					<TextLine ID="P7_TL00019" HPOS="299" VPOS="2156" WIDTH="2262" HEIGHT="100">
						<String ID="P7_ST00175" HPOS="299" VPOS="2184" WIDTH="153" HEIGHT="72" CONTENT="wird," WC="0.96" CC="96704"/>
						<SP ID="P7_SP00158" HPOS="452" VPOS="2256" WIDTH="40"/>
						<String ID="P7_ST00176" HPOS="492" VPOS="2180" WIDTH="111" HEIGHT="64" CONTENT="daß" WC="0.98" CC="004"/>
						<SP ID="P7_SP00159" HPOS="603" VPOS="2256" WIDTH="49"/>
						<String ID="P7_ST00177" HPOS="652" VPOS="2203" WIDTH="60" HEIGHT="38" CONTENT="er" WC="1.00" CC="00"/>
						<SP ID="P7_SP00160" HPOS="712" VPOS="2256" WIDTH="55"/>
						<String ID="P7_ST00178" HPOS="767" VPOS="2174" WIDTH="355" HEIGHT="65" CONTENT="unmittelbar" WC="0.99" CC="40020607706"/>
						<SP ID="P7_SP00161" HPOS="1122" VPOS="2256" WIDTH="41"/>
						<String ID="P7_ST00179" HPOS="1163" VPOS="2169" WIDTH="236" HEIGHT="80" CONTENT="tauglich" WC="0.98" CC="40506607"/>
						<SP ID="P7_SP00162" HPOS="1399" VPOS="2256" WIDTH="42"/>
						<String ID="P7_ST00180" HPOS="1441" VPOS="2178" WIDTH="175" HEIGHT="59" CONTENT="wäre," WC="0.98" CC="00634"/>
						<SP ID="P7_SP00163" HPOS="1616" VPOS="2256" WIDTH="43"/>
						<String ID="P7_ST00181" HPOS="1659" VPOS="2175" WIDTH="88" HEIGHT="52" CONTENT="ein" WC="0.97" CC="006"/>
						<SP ID="P7_SP00164" HPOS="1747" VPOS="2256" WIDTH="43"/>
						<String ID="P7_ST00182" HPOS="1790" VPOS="2162" WIDTH="164" HEIGHT="63" CONTENT="Reich" WC="0.98" CC="54100"/>
						<SP ID="P7_SP00165" HPOS="1954" VPOS="2256" WIDTH="42"/>
						<String ID="P7_ST00183" HPOS="1996" VPOS="2162" WIDTH="99" HEIGHT="61" CONTENT="der" WC="0.97" CC="007"/>
						<SP ID="P7_SP00166" HPOS="2095" VPOS="2256" WIDTH="39"/>
						<String ID="P7_ST00184" HPOS="2134" VPOS="2159" WIDTH="249" HEIGHT="62" CONTENT="Freiheit" WC="0.98" CC="46007066"/>
						<SP ID="P7_SP00167" HPOS="2383" VPOS="2256" WIDTH="44"/>
						<String ID="P7_ST00185" HPOS="2427" VPOS="2156" WIDTH="134" HEIGHT="61" CONTENT="aller" WC="0.97" CC="50706"/>
					</TextLine>
					<TextLine ID="P7_TL00020" HPOS="302" VPOS="2251" WIDTH="2259" HEIGHT="106">
						<String ID="P7_ST00186" HPOS="302" VPOS="2307" WIDTH="67" HEIGHT="37" CONTENT="zu" WC="0.37" CC="57"/>
						<SP ID="P7_SP00168" HPOS="369" VPOS="2344" WIDTH="46"/>
						<String ID="P7_ST00187" HPOS="415" VPOS="2275" WIDTH="348" HEIGHT="82" CONTENT="begründen," WC="0.99" CC="7007030054"/>
						<SP ID="P7_SP00169" HPOS="763" VPOS="2357" WIDTH="42"/>
						<String ID="P7_ST00188" HPOS="805" VPOS="2273" WIDTH="153" HEIGHT="61" CONTENT="dann" WC="0.99" CC="0004"/>
						<SP ID="P7_SP00170" HPOS="958" VPOS="2357" WIDTH="53"/>
						<String ID="P7_ST00189" HPOS="1011" VPOS="2279" WIDTH="69" HEIGHT="52" CONTENT="ist" WC="0.96" CC="504"/>
						<SP ID="P7_SP00171" HPOS="1080" VPOS="2357" WIDTH="51"/>
						<String ID="P7_ST00190" HPOS="1131" VPOS="2292" WIDTH="60" HEIGHT="38" CONTENT="er" WC="0.68" CC="60"/>
						<SP ID="P7_SP00172" HPOS="1191" VPOS="2357" WIDTH="48"/>
						<String ID="P7_ST00191" HPOS="1239" VPOS="2267" WIDTH="127" HEIGHT="61" CONTENT="kein" WC="0.97" CC="6006"/>
						<SP ID="P7_SP00173" HPOS="1366" VPOS="2357" WIDTH="43"/>
						<String ID="P7_ST00192" HPOS="1409" VPOS="2263" WIDTH="203" HEIGHT="63" CONTENT="Abfall" WC="0.99" CC="204000"/>
						<SP ID="P7_SP00174" HPOS="1612" VPOS="2357" WIDTH="47"/>
						<String ID="P7_ST00193" HPOS="1659" VPOS="2286" WIDTH="119" HEIGHT="38" CONTENT="von" WC="1.00" CC="000"/>
						<SP ID="P7_SP00175" HPOS="1778" VPOS="2357" WIDTH="43"/>
						<String ID="P7_ST00194" HPOS="1821" VPOS="2259" WIDTH="99" HEIGHT="62" CONTENT="der" WC="0.95" CC="066"/>
						<SP ID="P7_SP00176" HPOS="1920" VPOS="2357" WIDTH="40"/>
						<String ID="P7_ST00195" HPOS="1960" VPOS="2256" WIDTH="176" HEIGHT="63" CONTENT="Höhe" WC="0.97" CC="6070"/>
						<SP ID="P7_SP00177" HPOS="2136" VPOS="2357" WIDTH="40"/>
						<String ID="P7_ST00196" HPOS="2176" VPOS="2251" WIDTH="385" HEIGHT="65" CONTENT="menschlicher" WC="0.99" CC="020007060707"/>
					</TextLine>
					<TextLine ID="P7_TL00021" HPOS="302" VPOS="2348" WIDTH="2260" HEIGHT="90">
						<String ID="P7_ST00197" HPOS="302" VPOS="2375" WIDTH="218" HEIGHT="63" CONTENT="Kultur." WC="0.98" CC="0401674"/>
						<SP ID="P7_SP00178" HPOS="520" VPOS="2438" WIDTH="69"/>
						<String ID="P7_ST00198" HPOS="589" VPOS="2372" WIDTH="77" HEIGHT="61" CONTENT="Ist" WC="0.98" CC="004"/>
						<SP ID="P7_SP00179" HPOS="666" VPOS="2438" WIDTH="50"/>
						<String ID="P7_ST00199" HPOS="716" VPOS="2369" WIDTH="119" HEIGHT="61" CONTENT="dies" WC="0.98" CC="0560"/>
						<SP ID="P7_SP00180" HPOS="835" VPOS="2438" WIDTH="51"/>
						<String ID="P7_ST00200" HPOS="886" VPOS="2366" WIDTH="138" HEIGHT="62" CONTENT="aber" WC="0.97" CC="0707"/>
						<SP ID="P7_SP00181" HPOS="1024" VPOS="2438" WIDTH="50"/>
						<String ID="P7_ST00201" HPOS="1074" VPOS="2363" WIDTH="140" HEIGHT="62" CONTENT="noch" WC="0.97" CC="0407"/>
						<SP ID="P7_SP00182" HPOS="1214" VPOS="2438" WIDTH="52"/>
						<String ID="P7_ST00202" HPOS="1266" VPOS="2371" WIDTH="89" HEIGHT="52" CONTENT="ein" WC="0.98" CC="050"/>
						<SP ID="P7_SP00183" HPOS="1355" VPOS="2438" WIDTH="42"/>
						<String ID="P7_ST00203" HPOS="1397" VPOS="2359" WIDTH="177" HEIGHT="78" CONTENT="Krieg" WC="0.98" CC="06050"/>
						<SP ID="P7_SP00184" HPOS="1574" VPOS="2438" WIDTH="50"/>
						<String ID="P7_ST00204" HPOS="1624" VPOS="2357" WIDTH="138" HEIGHT="62" CONTENT="oder" WC="0.97" CC="5006"/>
						<SP ID="P7_SP00185" HPOS="1762" VPOS="2438" WIDTH="50"/>
						<String ID="P7_ST00205" HPOS="1812" VPOS="2354" WIDTH="156" HEIGHT="61" CONTENT="nicht" WC="0.98" CC="05072"/>
						<SP ID="P7_SP00186" HPOS="1968" VPOS="2438" WIDTH="41"/>
						<String ID="P7_ST00206" HPOS="2009" VPOS="2352" WIDTH="132" HEIGHT="62" CONTENT="eher" WC="0.99" CC="0006"/>
						<SP ID="P7_SP00187" HPOS="2141" VPOS="2438" WIDTH="40"/>
						<String ID="P7_ST00207" HPOS="2181" VPOS="2359" WIDTH="125" HEIGHT="54" CONTENT="eine" WC="0.97" CC="6430"/>
						<SP ID="P7_SP00188" HPOS="2306" VPOS="2438" WIDTH="41"/>
						<String ID="P7_ST00208" HPOS="2347" VPOS="2348" WIDTH="180" HEIGHT="62" CONTENT="Volks" SUBS_TYPE="HypPart1" SUBS_CONTENT="Volkserhebung" WC="0.99" CC="05000"/>
						<HYP HPOS="2527" VPOS="2348" WIDTH="35" CONTENT="-"/>
					</TextLine>
					<TextLine ID="P7_TL00022" HPOS="307" VPOS="2446" WIDTH="2257" HEIGHT="101">
						<String ID="P7_ST00209" HPOS="307" VPOS="2471" WIDTH="278" HEIGHT="76" CONTENT="erhebung" SUBS_TYPE="HypPart2" SUBS_CONTENT="Volkserhebung" WC="0.99" CC="37007009"/>
						<SP ID="P7_SP00189" HPOS="585" VPOS="2547" WIDTH="41"/>
						<String ID="P7_ST00210" HPOS="626" VPOS="2467" WIDTH="94" HEIGHT="61" CONTENT="für" WC="0.95" CC="507"/>
						<SP ID="P7_SP00190" HPOS="720" VPOS="2547" WIDTH="40"/>
						<String ID="P7_ST00211" HPOS="760" VPOS="2466" WIDTH="92" HEIGHT="61" CONTENT="die" WC="0.99" CC="030"/>
						<SP ID="P7_SP00191" HPOS="852" VPOS="2547" WIDTH="42"/>
						<String ID="P7_ST00212" HPOS="894" VPOS="2460" WIDTH="284" HEIGHT="64" CONTENT="Freiheit?" WC="0.98" CC="460376046"/>
						<SP ID="P7_SP00192" HPOS="1178" VPOS="2547" WIDTH="41"/>
						<String ID="P7_ST00213" HPOS="1219" VPOS="2456" WIDTH="298" HEIGHT="81" CONTENT="Jedenfalls" WC="0.99" CC="3000060770"/>
						<SP ID="P7_SP00193" HPOS="1517" VPOS="2547" WIDTH="33"/>
						<String ID="P7_ST00214" HPOS="1550" VPOS="2453" WIDTH="145" HEIGHT="62" CONTENT="wird" WC="0.97" CC="0660"/>
						<SP ID="P7_SP00194" HPOS="1695" VPOS="2547" WIDTH="33"/>
						<String ID="P7_ST00215" HPOS="1728" VPOS="2476" WIDTH="109" HEIGHT="38" CONTENT="nur" WC="0.97" CC="007"/>
						<SP ID="P7_SP00195" HPOS="1837" VPOS="2547" WIDTH="42"/>
						<String ID="P7_ST00216" HPOS="1879" VPOS="2458" WIDTH="88" HEIGHT="54" CONTENT="ein" WC="0.97" CC="051"/>
						<SP ID="P7_SP00196" HPOS="1967" VPOS="2547" WIDTH="42"/>
						<String ID="P7_ST00217" HPOS="2009" VPOS="2448" WIDTH="209" HEIGHT="62" CONTENT="solcher" WC="0.99" CC="0300760"/>
						<SP ID="P7_SP00197" HPOS="2218" VPOS="2547" WIDTH="26"/>
						<String ID="P7_ST00218" HPOS="2244" VPOS="2446" WIDTH="186" HEIGHT="71" CONTENT="Geist," WC="0.99" CC="002014"/>
						<SP ID="P7_SP00198" HPOS="2430" VPOS="2547" WIDTH="33"/>
						<String ID="P7_ST00219" HPOS="2463" VPOS="2467" WIDTH="101" HEIGHT="37" CONTENT="wo" WC="1.00" CC="00"/>
					</TextLine>
					<TextLine ID="P7_TL00023" HPOS="306" VPOS="2538" WIDTH="2258" HEIGHT="91">
						<String ID="P7_ST00220" HPOS="306" VPOS="2590" WIDTH="54" HEIGHT="39" CONTENT="er" WC="0.76" CC="40"/>
						<SP ID="P7_SP00199" HPOS="360" VPOS="2629" WIDTH="47"/>
						<String ID="P7_ST00221" HPOS="407" VPOS="2561" WIDTH="389" HEIGHT="66" CONTENT="entscheidend" WC="1.00" CC="003000660040"/>
						<SP ID="P7_SP00200" HPOS="796" VPOS="2629" WIDTH="49"/>
						<String ID="P7_ST00222" HPOS="845" VPOS="2557" WIDTH="164" HEIGHT="63" CONTENT="wirkt" WC="0.97" CC="01745"/>
						<SP ID="P7_SP00201" HPOS="1009" VPOS="2629" WIDTH="50"/>
						<String ID="P7_ST00223" HPOS="1059" VPOS="2565" WIDTH="76" HEIGHT="52" CONTENT="im" WC="0.67" CC="60"/>
						<SP ID="P7_SP00202" HPOS="1135" VPOS="2629" WIDTH="49"/>
						<String ID="P7_ST00224" HPOS="1184" VPOS="2554" WIDTH="199" HEIGHT="62" CONTENT="Leben" WC="0.99" CC="00700"/>
						<SP ID="P7_SP00203" HPOS="1383" VPOS="2629" WIDTH="43"/>
						<String ID="P7_ST00225" HPOS="1426" VPOS="2551" WIDTH="99" HEIGHT="61" CONTENT="der" WC="0.95" CC="066"/>
						<SP ID="P7_SP00204" HPOS="1525" VPOS="2629" WIDTH="48"/>
						<String ID="P7_ST00226" HPOS="1573" VPOS="2547" WIDTH="248" HEIGHT="70" CONTENT="Völker," WC="0.99" CC="0000754"/>
						<SP ID="P7_SP00205" HPOS="1821" VPOS="2629" WIDTH="51"/>
						<String ID="P7_ST00227" HPOS="1872" VPOS="2543" WIDTH="279" HEIGHT="64" CONTENT="imstande" WC="1.00" CC="52020000"/>
						<SP ID="P7_SP00206" HPOS="2151" VPOS="2629" WIDTH="48"/>
						<String ID="P7_ST00228" HPOS="2199" VPOS="2550" WIDTH="149" HEIGHT="61" CONTENT="sein," WC="0.98" CC="00454"/>
						<SP ID="P7_SP00207" HPOS="2348" VPOS="2629" WIDTH="49"/>
						<String ID="P7_ST00229" HPOS="2397" VPOS="2538" WIDTH="167" HEIGHT="79" CONTENT="jeden" WC="1.00" CC="00000"/>
					</TextLine>
					<TextLine ID="P7_TL00024" HPOS="304" VPOS="2632" WIDTH="2264" HEIGHT="107">
						<String ID="P7_ST00230" HPOS="304" VPOS="2662" WIDTH="169" HEIGHT="77" CONTENT="Krieg" WC="0.98" CC="90600"/>
						<SP ID="P7_SP00208" HPOS="473" VPOS="2739" WIDTH="41"/>
						<String ID="P7_ST00231" HPOS="514" VPOS="2684" WIDTH="74" HEIGHT="37" CONTENT="zu" WC="1.00" CC="00"/>
						<SP ID="P7_SP00209" HPOS="588" VPOS="2739" WIDTH="31"/>
						<String ID="P7_ST00232" HPOS="619" VPOS="2656" WIDTH="317" HEIGHT="78" CONTENT="beendigen" WC="0.99" CC="070706007"/>
						<SP ID="P7_SP00210" HPOS="936" VPOS="2739" WIDTH="35"/>
						<String ID="P7_ST00233" HPOS="971" VPOS="2653" WIDTH="141" HEIGHT="62" CONTENT="oder" WC="0.96" CC="3077"/>
						<SP ID="P7_SP00211" HPOS="1112" VPOS="2739" WIDTH="33"/>
						<String ID="P7_ST00234" HPOS="1145" VPOS="2650" WIDTH="170" HEIGHT="62" CONTENT="schon" WC="0.97" CC="29700"/>
						<SP ID="P7_SP00212" HPOS="1315" VPOS="2739" WIDTH="43"/>
						<String ID="P7_ST00235" HPOS="1358" VPOS="2672" WIDTH="119" HEIGHT="38" CONTENT="von" WC="0.98" CC="050"/>
						<SP ID="P7_SP00213" HPOS="1477" VPOS="2739" WIDTH="34"/>
						<String ID="P7_ST00236" HPOS="1511" VPOS="2645" WIDTH="242" HEIGHT="77" CONTENT="Anfang" WC="0.98" CC="705009"/>
						<SP ID="P7_SP00214" HPOS="1753" VPOS="2739" WIDTH="44"/>
						<String ID="P7_ST00237" HPOS="1797" VPOS="2667" WIDTH="72" HEIGHT="36" CONTENT="an" WC="1.00" CC="00"/>
						<SP ID="P7_SP00215" HPOS="1869" VPOS="2739" WIDTH="42"/>
						<String ID="P7_ST00238" HPOS="1911" VPOS="2665" WIDTH="74" HEIGHT="37" CONTENT="zu" WC="0.52" CC="90"/>
						<SP ID="P7_SP00216" HPOS="1985" VPOS="2739" WIDTH="40"/>
						<String ID="P7_ST00239" HPOS="2025" VPOS="2639" WIDTH="295" HEIGHT="70" CONTENT="verhüten," WC="0.99" CC="000703774"/>
						<SP ID="P7_SP00217" HPOS="2320" VPOS="2739" WIDTH="42"/>
						<String ID="P7_ST00240" HPOS="2362" VPOS="2632" WIDTH="206" HEIGHT="65" CONTENT="sobald" WC="0.99" CC="007000"/>
					</TextLine>
					<TextLine ID="P7_TL00025" HPOS="307" VPOS="2730" WIDTH="2259" HEIGHT="103">
						<String ID="P7_ST00241" HPOS="307" VPOS="2780" WIDTH="55" HEIGHT="38" CONTENT="er" WC="0.63" CC="07"/>
						<SP ID="P7_SP00218" HPOS="362" VPOS="2818" WIDTH="38"/>
						<String ID="P7_ST00242" HPOS="400" VPOS="2754" WIDTH="318" HEIGHT="79" CONTENT="überhaupt" WC="0.99" CC="000770002"/>
						<SP ID="P7_SP00219" HPOS="718" VPOS="2833" WIDTH="41"/>
						<String ID="P7_ST00243" HPOS="759" VPOS="2752" WIDTH="142" HEIGHT="62" CONTENT="nicht" WC="0.97" CC="60772"/>
						<SP ID="P7_SP00220" HPOS="901" VPOS="2833" WIDTH="42"/>
						<String ID="P7_ST00244" HPOS="943" VPOS="2750" WIDTH="83" HEIGHT="60" CONTENT="als" WC="0.97" CC="070"/>
						<SP ID="P7_SP00221" HPOS="1026" VPOS="2833" WIDTH="33"/>
						<String ID="P7_ST00245" HPOS="1059" VPOS="2747" WIDTH="189" HEIGHT="62" CONTENT="Mittel" WC="0.98" CC="950700"/>
						<SP ID="P7_SP00222" HPOS="1248" VPOS="2833" WIDTH="43"/>
						<String ID="P7_ST00246" HPOS="1291" VPOS="2744" WIDTH="99" HEIGHT="62" CONTENT="der" WC="0.97" CC="070"/>
						<SP ID="P7_SP00223" HPOS="1390" VPOS="2833" WIDTH="32"/>
						<String ID="P7_ST00247" HPOS="1422" VPOS="2742" WIDTH="250" HEIGHT="62" CONTENT="Freiheit" WC="0.98" CC="67060053"/>
						<SP ID="P7_SP00224" HPOS="1672" VPOS="2833" WIDTH="41"/>
						<String ID="P7_ST00248" HPOS="1713" VPOS="2736" WIDTH="232" HEIGHT="80" CONTENT="möglich" WC="0.99" CC="0006600"/>
						<SP ID="P7_SP00225" HPOS="1945" VPOS="2833" WIDTH="41"/>
						<String ID="P7_ST00249" HPOS="1986" VPOS="2744" WIDTH="98" HEIGHT="62" CONTENT="ist,-" WC="0.97" CC="50444"/>
						<SP ID="P7_SP00226" HPOS="2084" VPOS="2833" WIDTH="40"/>
						<String ID="P7_ST00250" HPOS="2124" VPOS="2733" WIDTH="153" HEIGHT="62" CONTENT="dann" WC="0.99" CC="0500"/>
						<SP ID="P7_SP00227" HPOS="2277" VPOS="2833" WIDTH="42"/>
						<String ID="P7_ST00251" HPOS="2319" VPOS="2730" WIDTH="146" HEIGHT="62" CONTENT="wird" WC="0.97" CC="0670"/>
						<SP ID="P7_SP00228" HPOS="2465" VPOS="2833" WIDTH="42"/>
						<String ID="P7_ST00252" HPOS="2507" VPOS="2753" WIDTH="59" HEIGHT="38" CONTENT="er" WC="0.63" CC="07"/>
					</TextLine>
					<TextLine ID="P7_TL00026" HPOS="307" VPOS="2825" WIDTH="2262" HEIGHT="94">
						<String ID="P7_ST00253" HPOS="307" VPOS="2852" WIDTH="127" HEIGHT="61" CONTENT="aber" WC="0.93" CC="9777"/>
						<SP ID="P7_SP00229" HPOS="434" VPOS="2913" WIDTH="39"/>
						<String ID="P7_ST00254" HPOS="473" VPOS="2851" WIDTH="170" HEIGHT="62" CONTENT="selbst" WC="1.00" CC="000005"/>
						<SP ID="P7_SP00230" HPOS="643" VPOS="2913" WIDTH="33"/>
						<String ID="P7_ST00255" HPOS="676" VPOS="2849" WIDTH="148" HEIGHT="70" CONTENT="dort," WC="0.98" CC="00704"/>
						<SP ID="P7_SP00231" HPOS="824" VPOS="2919" WIDTH="33"/>
						<String ID="P7_ST00256" HPOS="857" VPOS="2870" WIDTH="99" HEIGHT="38" CONTENT="wo" WC="0.81" CC="03"/>
						<SP ID="P7_SP00232" HPOS="956" VPOS="2919" WIDTH="34"/>
						<String ID="P7_ST00257" HPOS="990" VPOS="2844" WIDTH="183" HEIGHT="61" CONTENT="dieser" WC="0.99" CC="060007"/>
						<SP ID="P7_SP00233" HPOS="1173" VPOS="2919" WIDTH="34"/>
						<String ID="P7_ST00258" HPOS="1207" VPOS="2841" WIDTH="172" HEIGHT="62" CONTENT="Geist" WC="0.98" CC="70505"/>
						<SP ID="P7_SP00234" HPOS="1379" VPOS="2919" WIDTH="40"/>
						<String ID="P7_ST00259" HPOS="1419" VPOS="2838" WIDTH="139" HEIGHT="62" CONTENT="noch" WC="0.96" CC="0097"/>
						<SP ID="P7_SP00235" HPOS="1558" VPOS="2919" WIDTH="34"/>
						<String ID="P7_ST00260" HPOS="1592" VPOS="2846" WIDTH="55" HEIGHT="52" CONTENT="in" WC="0.62" CC="07"/>
						<SP ID="P7_SP00236" HPOS="1647" VPOS="2919" WIDTH="35"/>
						<String ID="P7_ST00261" HPOS="1682" VPOS="2834" WIDTH="98" HEIGHT="61" CONTENT="der" WC="0.97" CC="007"/>
						<SP ID="P7_SP00237" HPOS="1780" VPOS="2919" WIDTH="32"/>
						<String ID="P7_ST00262" HPOS="1812" VPOS="2833" WIDTH="305" HEIGHT="61" CONTENT="hdinorität" WC="0.51" CC="2767172606"/>
						<SP ID="P7_SP00238" HPOS="2117" VPOS="2919" WIDTH="31"/>
						<String ID="P7_ST00263" HPOS="2148" VPOS="2838" WIDTH="88" HEIGHT="62" CONTENT="ist," WC="0.99" CC="0004"/>
						<SP ID="P7_SP00239" HPOS="2236" VPOS="2919" WIDTH="37"/>
						<String ID="P7_ST00264" HPOS="2273" VPOS="2836" WIDTH="89" HEIGHT="52" CONTENT="ein" WC="0.95" CC="750"/>
						<SP ID="P7_SP00240" HPOS="2362" VPOS="2919" WIDTH="34"/>
						<String ID="P7_ST00265" HPOS="2396" VPOS="2825" WIDTH="173" HEIGHT="61" CONTENT="Keim" WC="0.99" CC="0050"/>
					</TextLine>
					<TextLine ID="P7_TL00027" HPOS="308" VPOS="2929" WIDTH="1745" HEIGHT="94">
						<String ID="P7_ST00266" HPOS="308" VPOS="2947" WIDTH="111" HEIGHT="61" CONTENT="und" WC="0.98" CC="500"/>
						<SP ID="P7_SP00241" HPOS="419" VPOS="3008" WIDTH="39"/>
						<String ID="P7_ST00267" HPOS="458" VPOS="2947" WIDTH="243" HEIGHT="76" CONTENT="Anfang" WC="0.98" CC="666050"/>
						<SP ID="P7_SP00242" HPOS="701" VPOS="3023" WIDTH="40"/>
						<String ID="P7_ST00268" HPOS="741" VPOS="2968" WIDTH="103" HEIGHT="38" CONTENT="zur" WC="0.95" CC="067"/>
						<SP ID="P7_SP00243" HPOS="844" VPOS="3023" WIDTH="40"/>
						<String ID="P7_ST00269" HPOS="884" VPOS="2938" WIDTH="440" HEIGHT="77" CONTENT="Überwindung" WC="0.99" CC="10070570500"/>
						<SP ID="P7_SP00244" HPOS="1324" VPOS="3023" WIDTH="43"/>
						<String ID="P7_ST00270" HPOS="1367" VPOS="2935" WIDTH="101" HEIGHT="62" CONTENT="des" WC="0.96" CC="074"/>
						<SP ID="P7_SP00245" HPOS="1468" VPOS="3023" WIDTH="42"/>
						<String ID="P7_ST00271" HPOS="1510" VPOS="2929" WIDTH="365" HEIGHT="82" CONTENT="Kriegsübels" WC="1.00" CC="07200000060"/>
						<SP ID="P7_SP00246" HPOS="1875" VPOS="3023" WIDTH="41"/>
						<String ID="P7_ST00272" HPOS="1916" VPOS="2936" WIDTH="137" HEIGHT="53" CONTENT="sein." WC="0.99" CC="00104"/>
					</TextLine>
					<TextLine ID="P7_TL00028" HPOS="379" VPOS="3016" WIDTH="2192" HEIGHT="87">
						<String ID="P7_ST00273" HPOS="379" VPOS="3041" WIDTH="130" HEIGHT="62" CONTENT="Den" WC="1.00" CC="000"/>
						<SP ID="P7_SP00247" HPOS="509" VPOS="3103" WIDTH="42"/>
						<String ID="P7_ST00274" HPOS="551" VPOS="3040" WIDTH="302" HEIGHT="62" CONTENT="deutschen" WC="1.00" CC="000000740"/>
						<SP ID="P7_SP00248" HPOS="853" VPOS="3103" WIDTH="34"/>
						<String ID="P7_ST00275" HPOS="887" VPOS="3030" WIDTH="573" HEIGHT="70" CONTENT="Nationalcharakter" WC="1.00" CC="06352700000613137"/>
						<SP ID="P7_SP00249" HPOS="1460" VPOS="3103" WIDTH="33"/>
						<String ID="P7_ST00276" HPOS="1493" VPOS="3027" WIDTH="144" HEIGHT="64" CONTENT="sieht" WC="0.96" CC="06675"/>
						<SP ID="P7_SP00250" HPOS="1637" VPOS="3103" WIDTH="31"/>
						<String ID="P7_ST00277" HPOS="1668" VPOS="3025" WIDTH="190" HEIGHT="63" CONTENT="Fichte" WC="0.99" CC="300020"/>
						<SP ID="P7_SP00251" HPOS="1858" VPOS="3103" WIDTH="33"/>
						<String ID="P7_ST00278" HPOS="1891" VPOS="3048" WIDTH="116" HEIGHT="36" CONTENT="nun" WC="0.98" CC="050"/>
						<SP ID="P7_SP00252" HPOS="2007" VPOS="3103" WIDTH="36"/>
						<String ID="P7_ST00279" HPOS="2043" VPOS="3020" WIDTH="151" HEIGHT="61" CONTENT="dazu" WC="1.00" CC="0000"/>
						<SP ID="P7_SP00253" HPOS="2194" VPOS="3103" WIDTH="33"/>
						<String ID="P7_ST00280" HPOS="2227" VPOS="3016" WIDTH="344" HEIGHT="74" CONTENT="auserlesen," WC="0.99" CC="00067000054"/>
					</TextLine>
					<TextLine ID="P7_TL00029" HPOS="306" VPOS="3114" WIDTH="2267" HEIGHT="103">
						<String ID="P7_ST00281" HPOS="306" VPOS="3145" WIDTH="53" HEIGHT="69" CONTENT="ja" WC="0.66" CC="60"/>
						<SP ID="P7_SP00254" HPOS="359" VPOS="3214" WIDTH="46"/>
						<String ID="P7_ST00282" HPOS="405" VPOS="3138" WIDTH="278" HEIGHT="79" CONTENT="eigentlich" WC="0.99" CC="0090040007"/>
						<SP ID="P7_SP00255" HPOS="683" VPOS="3217" WIDTH="52"/>
						<String ID="P7_ST00283" HPOS="735" VPOS="3135" WIDTH="160" HEIGHT="62" CONTENT="darin" WC="0.98" CC="90710"/>
						<SP ID="P7_SP00256" HPOS="895" VPOS="3217" WIDTH="53"/>
						<String ID="P7_ST00284" HPOS="948" VPOS="3131" WIDTH="276" HEIGHT="82" CONTENT="gegeben," WC="0.98" CC="00967094"/>
						<SP ID="P7_SP00257" HPOS="1224" VPOS="3217" WIDTH="43"/>
						<String ID="P7_ST00285" HPOS="1267" VPOS="3128" WIDTH="112" HEIGHT="62" CONTENT="daß" WC="1.00" CC="000"/>
						<SP ID="P7_SP00258" HPOS="1379" VPOS="3217" WIDTH="42"/>
						<String ID="P7_ST00286" HPOS="1421" VPOS="3126" WIDTH="114" HEIGHT="63" CONTENT="ihm" WC="0.96" CC="270"/>
						<SP ID="P7_SP00259" HPOS="1535" VPOS="3217" WIDTH="43"/>
						<String ID="P7_ST00287" HPOS="1578" VPOS="3124" WIDTH="90" HEIGHT="61" CONTENT="die" WC="0.98" CC="040"/>
						<SP ID="P7_SP00260" HPOS="1668" VPOS="3217" WIDTH="41"/>
						<String ID="P7_ST00288" HPOS="1709" VPOS="3117" WIDTH="394" HEIGHT="84" CONTENT="geschichtliche" WC="0.99" CC="90007607076070"/>
						<SP ID="P7_SP00261" HPOS="2103" VPOS="3217" WIDTH="40"/>
						<String ID="P7_ST00289" HPOS="2143" VPOS="3114" WIDTH="281" HEIGHT="78" CONTENT="Aufgabe" WC="0.98" CC="5550070"/>
						<SP ID="P7_SP00262" HPOS="2424" VPOS="3217" WIDTH="41"/>
						<String ID="P7_ST00290" HPOS="2465" VPOS="3137" WIDTH="72" HEIGHT="36" CONTENT="zu" SUBS_TYPE="HypPart1" SUBS_CONTENT="zugefallen" WC="0.96" CC="60"/>
						<HYP HPOS="2537" VPOS="3137" WIDTH="36" CONTENT="-"/>
					</TextLine>
					<TextLine ID="P7_TL00030" HPOS="309" VPOS="3206" WIDTH="2267" HEIGHT="103">
						<String ID="P7_ST00291" HPOS="309" VPOS="3230" WIDTH="229" HEIGHT="79" CONTENT="gefallen" SUBS_TYPE="HypPart2" SUBS_CONTENT="zugefallen" WC="0.99" CC="05607700"/>
						<SP ID="P7_SP00263" HPOS="538" VPOS="3309" WIDTH="51"/>
						<String ID="P7_ST00292" HPOS="589" VPOS="3241" WIDTH="100" HEIGHT="63" CONTENT="sei," WC="0.99" CC="0004"/>
						<SP ID="P7_SP00264" HPOS="689" VPOS="3309" WIDTH="43"/>
						<String ID="P7_ST00293" HPOS="732" VPOS="3232" WIDTH="92" HEIGHT="61" CONTENT="die" WC="0.99" CC="030"/>
						<SP ID="P7_SP00265" HPOS="824" VPOS="3309" WIDTH="39"/>
						<String ID="P7_ST00294" HPOS="863" VPOS="3225" WIDTH="484" HEIGHT="78" CONTENT="Verwirklichung" WC="0.99" CC="07702030507049"/>
						<SP ID="P7_SP00266" HPOS="1347" VPOS="3309" WIDTH="41"/>
						<String ID="P7_ST00295" HPOS="1388" VPOS="3223" WIDTH="100" HEIGHT="61" CONTENT="des" WC="1.00" CC="000"/>
						<SP ID="P7_SP00267" HPOS="1488" VPOS="3309" WIDTH="39"/>
						<String ID="P7_ST00296" HPOS="1527" VPOS="3214" WIDTH="494" HEIGHT="69" CONTENT="Vernunftreiches" WC="0.99" CC="007070227010760"/>
						<SP ID="P7_SP00268" HPOS="2021" VPOS="3309" WIDTH="42"/>
						<String ID="P7_ST00297" HPOS="2063" VPOS="3237" WIDTH="74" HEIGHT="37" CONTENT="zu" WC="0.30" CC="67"/>
						<SP ID="P7_SP00269" HPOS="2137" VPOS="3309" WIDTH="41"/>
						<String ID="P7_ST00298" HPOS="2178" VPOS="3210" WIDTH="233" HEIGHT="78" CONTENT="bringen" WC="0.98" CC="7760066"/>
						<SP ID="P7_SP00270" HPOS="2411" VPOS="3309" WIDTH="43"/>
						<String ID="P7_ST00299" HPOS="2454" VPOS="3206" WIDTH="122" HEIGHT="63" CONTENT="und" WC="1.00" CC="000"/>
					</TextLine>
					<TextLine ID="P7_TL00031" HPOS="309" VPOS="3303" WIDTH="2267" HEIGHT="86">
						<String ID="P7_ST00300" HPOS="309" VPOS="3350" WIDTH="70" HEIGHT="37" CONTENT="zu" WC="0.35" CC="66"/>
						<SP ID="P7_SP00271" HPOS="379" VPOS="3387" WIDTH="38"/>
						<String ID="P7_ST00301" HPOS="417" VPOS="3327" WIDTH="213" HEIGHT="62" CONTENT="diesem" WC="1.00" CC="040000"/>
						<SP ID="P7_SP00272" HPOS="630" VPOS="3389" WIDTH="33"/>
						<String ID="P7_ST00302" HPOS="663" VPOS="3326" WIDTH="214" HEIGHT="62" CONTENT="Zweck" WC="0.98" CC="90007"/>
						<SP ID="P7_SP00273" HPOS="877" VPOS="3389" WIDTH="33"/>
						<String ID="P7_ST00303" HPOS="910" VPOS="3324" WIDTH="111" HEIGHT="63" CONTENT="den" WC="0.95" CC="067"/>
						<SP ID="P7_SP00274" HPOS="1021" VPOS="3389" WIDTH="36"/>
						<String ID="P7_ST00304" HPOS="1057" VPOS="3323" WIDTH="172" HEIGHT="62" CONTENT="Geist" WC="0.97" CC="77006"/>
						<SP ID="P7_SP00275" HPOS="1229" VPOS="3389" WIDTH="43"/>
						<String ID="P7_ST00305" HPOS="1272" VPOS="3319" WIDTH="99" HEIGHT="63" CONTENT="des" WC="1.00" CC="000"/>
						<SP ID="P7_SP00276" HPOS="1371" VPOS="3389" WIDTH="42"/>
						<String ID="P7_ST00306" HPOS="1413" VPOS="3313" WIDTH="354" HEIGHT="66" CONTENT="wahrhaften" WC="0.99" CC="0076704477"/>
						<SP ID="P7_SP00277" HPOS="1767" VPOS="3389" WIDTH="35"/>
						<String ID="P7_ST00307" HPOS="1802" VPOS="3310" WIDTH="240" HEIGHT="78" CONTENT="Krieges" WC="1.00" CC="0000000"/>
						<SP ID="P7_SP00278" HPOS="2042" VPOS="3389" WIDTH="42"/>
						<String ID="P7_ST00308" HPOS="2084" VPOS="3331" WIDTH="75" HEIGHT="38" CONTENT="zu" WC="0.67" CC="60"/>
						<SP ID="P7_SP00279" HPOS="2159" VPOS="3389" WIDTH="43"/>
						<String ID="P7_ST00309" HPOS="2202" VPOS="3305" WIDTH="199" HEIGHT="79" CONTENT="hegen." WC="0.97" CC="098063"/>
						<SP ID="P7_SP00280" HPOS="2401" VPOS="3389" WIDTH="45"/>
						<String ID="P7_ST00310" HPOS="2446" VPOS="3303" WIDTH="130" HEIGHT="62" CONTENT="Das" WC="0.98" CC="500"/>
					</TextLine>
					<TextLine ID="P7_TL00032" HPOS="311" VPOS="3399" WIDTH="2268" HEIGHT="96">
						<String ID="P7_ST00311" HPOS="311" VPOS="3429" WIDTH="81" HEIGHT="66" CONTENT="ist," WC="0.97" CC="3034"/>
						<SP ID="P7_SP00281" HPOS="392" VPOS="3495" WIDTH="47"/>
						<String ID="P7_ST00312" HPOS="439" VPOS="3446" WIDTH="170" HEIGHT="38" CONTENT="wenn" WC="1.00" CC="0000"/>
						<SP ID="P7_SP00282" HPOS="609" VPOS="3495" WIDTH="52"/>
						<String ID="P7_ST00313" HPOS="661" VPOS="3446" WIDTH="134" HEIGHT="38" CONTENT="man" WC="0.97" CC="006"/>
						<SP ID="P7_SP00283" HPOS="795" VPOS="3495" WIDTH="52"/>
						<String ID="P7_ST00314" HPOS="847" VPOS="3421" WIDTH="133" HEIGHT="74" CONTENT="will," WC="0.99" CC="00504"/>
						<SP ID="P7_SP00284" HPOS="980" VPOS="3495" WIDTH="42"/>
						<String ID="P7_ST00315" HPOS="1022" VPOS="3420" WIDTH="100" HEIGHT="62" CONTENT="der" WC="1.00" CC="000"/>
						<SP ID="P7_SP00285" HPOS="1122" VPOS="3495" WIDTH="43"/>
						<String ID="P7_ST00316" HPOS="1165" VPOS="3417" WIDTH="458" HEIGHT="62" CONTENT="Chauvinismus" WC="0.99" CC="700006730050"/>
						<SP ID="P7_SP00286" HPOS="1623" VPOS="3495" WIDTH="49"/>
						<String ID="P7_ST00317" HPOS="1672" VPOS="3408" WIDTH="234" HEIGHT="70" CONTENT="Fichtes," WC="0.58" CC="70076704"/>
						<SP ID="P7_SP00287" HPOS="1906" VPOS="3495" WIDTH="52"/>
						<String ID="P7_ST00318" HPOS="1958" VPOS="3406" WIDTH="110" HEIGHT="61" CONTENT="den" WC="0.98" CC="006"/>
						<SP ID="P7_SP00288" HPOS="2068" VPOS="3495" WIDTH="51"/>
						<String ID="P7_ST00319" HPOS="2119" VPOS="3411" WIDTH="104" HEIGHT="53" CONTENT="wir" WC="0.97" CC="007"/>
						<SP ID="P7_SP00289" HPOS="2223" VPOS="3495" WIDTH="51"/>
						<String ID="P7_ST00320" HPOS="2274" VPOS="3425" WIDTH="108" HEIGHT="37" CONTENT="uns" WC="0.95" CC="770"/>
						<SP ID="P7_SP00290" HPOS="2382" VPOS="3495" WIDTH="50"/>
						<String ID="P7_ST00321" HPOS="2432" VPOS="3399" WIDTH="147" HEIGHT="61" CONTENT="recht" WC="0.96" CC="70974"/>
					</TextLine>
					<TextLine ID="P7_TL00033" HPOS="315" VPOS="3495" WIDTH="2263" HEIGHT="100">
						<String ID="P7_ST00322" HPOS="315" VPOS="3516" WIDTH="121" HEIGHT="62" CONTENT="sehr" WC="0.97" CC="0606"/>
						<SP ID="P7_SP00291" HPOS="436" VPOS="3578" WIDTH="39"/>
						<String ID="P7_ST00323" HPOS="475" VPOS="3519" WIDTH="240" HEIGHT="76" CONTENT="gefallen" WC="0.99" CC="90604060"/>
						<SP ID="P7_SP00292" HPOS="715" VPOS="3595" WIDTH="42"/>
						<String ID="P7_ST00324" HPOS="757" VPOS="3519" WIDTH="208" HEIGHT="70" CONTENT="lassen," WC="0.99" CC="0003604"/>
						<SP ID="P7_SP00293" HPOS="965" VPOS="3595" WIDTH="35"/>
						<String ID="P7_ST00325" HPOS="1000" VPOS="3514" WIDTH="205" HEIGHT="63" CONTENT="sobald" WC="0.99" CC="037300"/>
						<SP ID="P7_SP00294" HPOS="1205" VPOS="3595" WIDTH="40"/>
						<String ID="P7_ST00326" HPOS="1245" VPOS="3537" WIDTH="135" HEIGHT="38" CONTENT="man" WC="0.99" CC="030"/>
						<SP ID="P7_SP00295" HPOS="1380" VPOS="3595" WIDTH="42"/>
						<String ID="P7_ST00327" HPOS="1422" VPOS="3510" WIDTH="95" HEIGHT="62" CONTENT="ihn" WC="0.95" CC="570"/>
						<SP ID="P7_SP00296" HPOS="1517" VPOS="3595" WIDTH="43"/>
						<String ID="P7_ST00328" HPOS="1560" VPOS="3530" WIDTH="106" HEIGHT="38" CONTENT="nur" WC="0.97" CC="007"/>
						<SP ID="P7_SP00297" HPOS="1666" VPOS="3595" WIDTH="43"/>
						<String ID="P7_ST00329" HPOS="1709" VPOS="3520" WIDTH="110" HEIGHT="47" CONTENT="erst" WC="0.99" CC="0004"/>
						<SP ID="P7_SP00298" HPOS="1819" VPOS="3595" WIDTH="34"/>
						<String ID="P7_ST00330" HPOS="1853" VPOS="3498" WIDTH="344" HEIGHT="66" CONTENT="verstanden" WC="1.00" CC="0070150000"/>
						<SP ID="P7_SP00299" HPOS="2197" VPOS="3595" WIDTH="43"/>
						<String ID="P7_ST00331" HPOS="2240" VPOS="3496" WIDTH="114" HEIGHT="61" CONTENT="hat." WC="0.99" CC="0004"/>
						<SP ID="P7_SP00300" HPOS="2354" VPOS="3595" WIDTH="46"/>
						<String ID="P7_ST00332" HPOS="2400" VPOS="3495" WIDTH="178" HEIGHT="61" CONTENT="Denn" WC="0.97" CC="6500"/>
					</TextLine>
					<TextLine ID="P7_TL00034" HPOS="313" VPOS="3590" WIDTH="2267" HEIGHT="93">
						<String ID="P7_ST00333" HPOS="313" VPOS="3633" WIDTH="117" HEIGHT="41" CONTENT="was" WC="0.95" CC="930"/>
						<SP ID="P7_SP00301" HPOS="430" VPOS="3674" WIDTH="39"/>
						<String ID="P7_ST00334" HPOS="469" VPOS="3613" WIDTH="267" HEIGHT="63" CONTENT="bedeutet" WC="0.99" CC="75000303"/>
						<SP ID="P7_SP00302" HPOS="736" VPOS="3676" WIDTH="34"/>
						<String ID="P7_ST00335" HPOS="770" VPOS="3613" WIDTH="157" HEIGHT="62" CONTENT="diese" WC="0.99" CC="06000"/>
						<SP ID="P7_SP00303" HPOS="927" VPOS="3676" WIDTH="33"/>
						<String ID="P7_ST00336" HPOS="960" VPOS="3610" WIDTH="289" HEIGHT="64" CONTENT="nationale" WC="0.99" CC="600016070"/>
						<SP ID="P7_SP00304" HPOS="1249" VPOS="3676" WIDTH="26"/>
						<String ID="P7_ST00337" HPOS="1275" VPOS="3605" WIDTH="293" HEIGHT="78" CONTENT="Berufung" WC="0.99" CC="00600500"/>
						<SP ID="P7_SP00305" HPOS="1568" VPOS="3683" WIDTH="34"/>
						<String ID="P7_ST00338" HPOS="1602" VPOS="3603" WIDTH="99" HEIGHT="61" CONTENT="der" WC="0.98" CC="060"/>
						<SP ID="P7_SP00306" HPOS="1701" VPOS="3683" WIDTH="26"/>
						<String ID="P7_ST00339" HPOS="1727" VPOS="3598" WIDTH="322" HEIGHT="64" CONTENT="Deutschen" WC="0.99" CC="500600760"/>
						<SP ID="P7_SP00307" HPOS="2049" VPOS="3683" WIDTH="35"/>
						<String ID="P7_ST00340" HPOS="2084" VPOS="3618" WIDTH="101" HEIGHT="38" CONTENT="zur" WC="0.95" CC="670"/>
						<SP ID="P7_SP00308" HPOS="2185" VPOS="3683" WIDTH="24"/>
						<String ID="P7_ST00341" HPOS="2209" VPOS="3590" WIDTH="371" HEIGHT="77" CONTENT="Einführung" WC="0.99" CC="7005077060"/>
					</TextLine>
					<TextLine ID="P7_TL00035" HPOS="313" VPOS="3686" WIDTH="2268" HEIGHT="87">
						<String ID="P7_ST00342" HPOS="313" VPOS="3705" WIDTH="93" HEIGHT="63" CONTENT="des" WC="0.94" CC="960"/>
						<SP ID="P7_SP00309" HPOS="406" VPOS="3768" WIDTH="30"/>
						<String ID="P7_ST00343" HPOS="436" VPOS="3708" WIDTH="535" HEIGHT="65" CONTENT="Vernunftstaates?" WC="1.00" CC="0670502203002005"/>
						<SP ID="P7_SP00310" HPOS="971" VPOS="3773" WIDTH="42"/>
						<String ID="P7_ST00344" HPOS="1013" VPOS="3707" WIDTH="84" HEIGHT="63" CONTENT="So" WC="0.59" CC="43"/>
						<SP ID="P7_SP00311" HPOS="1097" VPOS="3773" WIDTH="43"/>
						<String ID="P7_ST00345" HPOS="1140" VPOS="3714" WIDTH="111" HEIGHT="54" CONTENT="wie" WC="1.00" CC="000"/>
						<SP ID="P7_SP00312" HPOS="1251" VPOS="3773" WIDTH="43"/>
						<String ID="P7_ST00346" HPOS="1294" VPOS="3705" WIDTH="90" HEIGHT="61" CONTENT="die" WC="0.99" CC="030"/>
						<SP ID="P7_SP00313" HPOS="1384" VPOS="3773" WIDTH="33"/>
						<String ID="P7_ST00347" HPOS="1417" VPOS="3699" WIDTH="259" HEIGHT="64" CONTENT="deutsche" WC="1.00" CC="00000000"/>
						<SP ID="P7_SP00314" HPOS="1676" VPOS="3773" WIDTH="34"/>
						<String ID="P7_ST00348" HPOS="1710" VPOS="3691" WIDTH="361" HEIGHT="68" CONTENT="idealistische" WC="0.99" CC="0078000400077"/>
						<SP ID="P7_SP00315" HPOS="2071" VPOS="3773" WIDTH="34"/>
						<String ID="P7_ST00349" HPOS="2105" VPOS="3686" WIDTH="366" HEIGHT="79" CONTENT="Philosophie" WC="0.99" CC="60600020060"/>
						<SP ID="P7_SP00316" HPOS="2471" VPOS="3773" WIDTH="34"/>
						<String ID="P7_ST00350" HPOS="2505" VPOS="3694" WIDTH="76" HEIGHT="52" CONTENT="im" WC="1.00" CC="00"/>
					</TextLine>
					<TextLine ID="P7_TL00036" HPOS="316" VPOS="3784" WIDTH="2269" HEIGHT="89">
						<String ID="P7_ST00351" HPOS="316" VPOS="3798" WIDTH="233" HEIGHT="67" CONTENT="Grunde" WC="0.99" CC="260400"/>
						<SP ID="P7_SP00317" HPOS="549" VPOS="3865" WIDTH="56"/>
						<String ID="P7_ST00352" HPOS="605" VPOS="3806" WIDTH="172" HEIGHT="62" CONTENT="nichts" WC="0.99" CC="040042"/>
						<SP ID="P7_SP00318" HPOS="777" VPOS="3868" WIDTH="51"/>
						<String ID="P7_ST00353" HPOS="828" VPOS="3805" WIDTH="241" HEIGHT="60" CONTENT="anderes" WC="0.99" CC="0000760"/>
						<SP ID="P7_SP00319" HPOS="1069" VPOS="3868" WIDTH="51"/>
						<String ID="P7_ST00354" HPOS="1120" VPOS="3810" WIDTH="90" HEIGHT="63" CONTENT="ist," WC="0.97" CC="5034"/>
						<SP ID="P7_SP00320" HPOS="1210" VPOS="3873" WIDTH="55"/>
						<String ID="P7_ST00355" HPOS="1265" VPOS="3799" WIDTH="82" HEIGHT="61" CONTENT="als" WC="1.00" CC="000"/>
						<SP ID="P7_SP00321" HPOS="1347" VPOS="3873" WIDTH="43"/>
						<String ID="P7_ST00356" HPOS="1390" VPOS="3798" WIDTH="89" HEIGHT="61" CONTENT="die" WC="0.98" CC="040"/>
						<SP ID="P7_SP00322" HPOS="1479" VPOS="3873" WIDTH="41"/>
						<String ID="P7_ST00357" HPOS="1520" VPOS="3789" WIDTH="363" HEIGHT="80" CONTENT="Philosophie" WC="1.00" CC="00402050000"/>
						<SP ID="P7_SP00323" HPOS="1883" VPOS="3873" WIDTH="50"/>
						<String ID="P7_ST00358" HPOS="1933" VPOS="3788" WIDTH="99" HEIGHT="60" CONTENT="des" WC="1.00" CC="000"/>
						<SP ID="P7_SP00324" HPOS="2032" VPOS="3873" WIDTH="41"/>
						<String ID="P7_ST00359" HPOS="2073" VPOS="3784" WIDTH="390" HEIGHT="70" CONTENT="Sozialismus," WC="0.99" CC="527060000604"/>
						<SP ID="P7_SP00325" HPOS="2463" VPOS="3873" WIDTH="52"/>
						<String ID="P7_ST00360" HPOS="2515" VPOS="3805" WIDTH="70" HEIGHT="38" CONTENT="so" WC="1.00" CC="00"/>
					</TextLine>
					<TextLine ID="P7_TL00037" HPOS="315" VPOS="3877" WIDTH="2272" HEIGHT="104">
						<String ID="P7_ST00361" HPOS="315" VPOS="3902" WIDTH="64" HEIGHT="54" CONTENT="ist" WC="0.96" CC="504"/>
						<SP ID="P7_SP00326" HPOS="379" VPOS="3956" WIDTH="46"/>
						<String ID="P7_ST00362" HPOS="425" VPOS="3899" WIDTH="97" HEIGHT="62" CONTENT="der" WC="0.95" CC="057"/>
						<SP ID="P7_SP00327" HPOS="522" VPOS="3961" WIDTH="47"/>
						<String ID="P7_ST00363" HPOS="569" VPOS="3901" WIDTH="176" HEIGHT="78" CONTENT="große" WC="0.98" CC="97000"/>
						<SP ID="P7_SP00328" HPOS="745" VPOS="3979" WIDTH="50"/>
						<String ID="P7_ST00364" HPOS="795" VPOS="3899" WIDTH="283" HEIGHT="82" CONTENT="politische" WC="1.00" CC="0005400000"/>
						<SP ID="P7_SP00329" HPOS="1078" VPOS="3981" WIDTH="44"/>
						<String ID="P7_ST00365" HPOS="1122" VPOS="3895" WIDTH="287" HEIGHT="64" CONTENT="Gedanke" WC="0.99" CC="6000750"/>
						<SP ID="P7_SP00330" HPOS="1409" VPOS="3981" WIDTH="54"/>
						<String ID="P7_ST00366" HPOS="1463" VPOS="3891" WIDTH="237" HEIGHT="71" CONTENT="Fichtes," WC="0.85" CC="50002004"/>
						<SP ID="P7_SP00331" HPOS="1700" VPOS="3981" WIDTH="51"/>
						<String ID="P7_ST00367" HPOS="1751" VPOS="3886" WIDTH="110" HEIGHT="62" CONTENT="daß" WC="1.00" CC="000"/>
						<SP ID="P7_SP00332" HPOS="1861" VPOS="3981" WIDTH="51"/>
						<String ID="P7_ST00368" HPOS="1912" VPOS="3885" WIDTH="90" HEIGHT="60" CONTENT="die" WC="0.99" CC="030"/>
						<SP ID="P7_SP00333" HPOS="2002" VPOS="3981" WIDTH="41"/>
						<String ID="P7_ST00369" HPOS="2043" VPOS="3883" WIDTH="392" HEIGHT="74" CONTENT="Bestimmung" WC="0.99" CC="3000020605"/>
						<SP ID="P7_SP00334" HPOS="2435" VPOS="3981" WIDTH="51"/>
						<String ID="P7_ST00370" HPOS="2486" VPOS="3877" WIDTH="101" HEIGHT="61" CONTENT="der" WC="1.00" CC="000"/>
					</TextLine>
					<TextLine ID="P7_TL00038" HPOS="316" VPOS="3972" WIDTH="2272" HEIGHT="103">
						<String ID="P7_ST00371" HPOS="316" VPOS="3987" WIDTH="311" HEIGHT="70" CONTENT="Deutschen" WC="0.99" CC="665600700"/>
						<SP ID="P7_SP00335" HPOS="627" VPOS="4057" WIDTH="27"/>
						<String ID="P7_ST00372" HPOS="654" VPOS="3996" WIDTH="259" HEIGHT="79" CONTENT="gerichtet" WC="0.99" CC="006507051"/>
						<SP ID="P7_SP00336" HPOS="913" VPOS="4075" WIDTH="31"/>
						<String ID="P7_ST00373" HPOS="944" VPOS="4004" WIDTH="82" HEIGHT="53" CONTENT="sei" WC="1.00" CC="001"/>
						<SP ID="P7_SP00337" HPOS="1026" VPOS="4075" WIDTH="35"/>
						<String ID="P7_ST00374" HPOS="1061" VPOS="3992" WIDTH="110" HEIGHT="63" CONTENT="auf" WC="0.98" CC="004"/>
						<SP ID="P7_SP00338" HPOS="1171" VPOS="4075" WIDTH="17"/>
						<String ID="P7_ST00375" HPOS="1188" VPOS="3991" WIDTH="90" HEIGHT="62" CONTENT="die" WC="1.00" CC="000"/>
						<SP ID="P7_SP00339" HPOS="1278" VPOS="4075" WIDTH="26"/>
						<String ID="P7_ST00376" HPOS="1304" VPOS="3990" WIDTH="364" HEIGHT="75" CONTENT="Umsetzung" WC="0.99" CC="500015070"/>
						<SP ID="P7_SP00340" HPOS="1668" VPOS="4075" WIDTH="28"/>
						<String ID="P7_ST00377" HPOS="1696" VPOS="3984" WIDTH="183" HEIGHT="61" CONTENT="dieser" WC="1.00" CC="004000"/>
						<SP ID="P7_SP00341" HPOS="1879" VPOS="4075" WIDTH="24"/>
						<String ID="P7_ST00378" HPOS="1903" VPOS="3975" WIDTH="365" HEIGHT="81" CONTENT="Philosophie" WC="1.00" CC="50301050000"/>
						<SP ID="P7_SP00342" HPOS="2268" VPOS="4075" WIDTH="32"/>
						<String ID="P7_ST00379" HPOS="2300" VPOS="3984" WIDTH="55" HEIGHT="53" CONTENT="in" WC="0.87" CC="20"/>
						<SP ID="P7_SP00343" HPOS="2355" VPOS="4075" WIDTH="27"/>
						<String ID="P7_ST00380" HPOS="2382" VPOS="3972" WIDTH="206" HEIGHT="81" CONTENT="gesell«" WC="0.99" CC="0000704"/>
					</TextLine>
				</TextBlock>
			</PrintSpace>
		</Page>
	</Layout>
</alto>
