3222 4572
1419 457 148 54 Pauf
1593 455 198 52 Cfände
1792 453 33 50 f
1843 476 7 12 •
1876 452 117 51 Der
2021 450 231 61 Rußetag

700 468 126 51 1120

781 661 138 63 Den
963 677 218 44 starren
1215 654 181 68 Stein,
1438 649 104 62 das
1576 644 137 64 Tier
1755 644 110 62 auf
1900 642 101 63 der
2034 640 158 81 Jagd,
2238 640 90 61 die
2371 635 335 81 knospende
2738 635 244 75 Pflanze,

783 757 139 62 Den
955 752 206 69 Wind,
1204 749 110 61 den
1350 741 260 65 Wandel
1653 741 102 61 der
1798 738 266 63 Stunden

787 851 146 63 Und
975 866 175 46 unten
1192 855 75 52 im
1309 838 111 65 Tal
1462 839 92 61 die
1598 837 288 63 schwache
1928 834 242 62 Stimme
2213 830 102 63 der
2356 829 344 62 Menschen:

787 950 127 61 Der
955 941 295 66 kreisende
1293 938 259 63 Schatten
1595 932 314 63 beschreibt
1949 940 168 52 einen
2160 928 159 62 Sinn.

786 1042 177 65 Mo<£
1004 1036 240 67 einmaf
1257 1031 149 66 und
1421 1030 229 65 wieder
1675 1030 123 62 Bör
1824 1028 86 63 ide
1944 1026 117 63 den
2095 1025 333 62 Böfzernen
2460 1020 303 80 Sdfägef
2779 1044 82 38 an
2895 1021 96 62 die

719 1134 396 70 Geßetscßafe
1150 1130 301 79 sdßfagen.

786 1234 171 62 Nicht
1006 1230 91 60 die
1149 1225 283 64 silbernen
1474 1220 271 65 Zimbeln
1789 1229 56 52 in
1888 1219 112 61 den
2042 1215 255 64 Händen
2340 1214 101 62 der
2474 1210 368 71 Wasserfee,
2893 1211 96 63 der

712 1324 397 72 schwatzende
1150 1323 174 61 Laut:
1369 1319 63 63 Si
1474 1319 37 61 li
1553 1318 56 71 li.

785 1425 174 63 Nicht
1001 1421 91 62 die
1134 1417 187 64 weiße
1363 1416 195 61 Dame
1600 1413 103 63 des
1746 1412 246 79 Mittags
2036 1418 100 54 mit
2178 1407 132 62 dem
2352 1402 516 66 walderfüllenden
2901 1397 91 68 To

720 1521 56 62 lo
819 1520 56 61 lo
918 1517 147 63 ihrer
1106 1514 288 80 goldenen
1438 1509 275 71 Schellen,

785 1615 213 64 Haben
1031 1636 69 39 so
1134 1610 132 62 sehr
1299 1605 433 65 verzückenden
1766 1604 195 77 Klang
1996 1601 92 61 für
2122 1600 133 71 den,
2299 1597 100 63 der
2433 1620 107 38 aus
2574 1595 100 62 der
2708 1594 143 62 Höh
2887 1594 106 62 den

710 1709 339 65 metallenen
1092 1703 135 66 Ton
1267 1713 328 60 vernimmt,
1637 1712 157 67 jenes
1829 1723 122 38 von
1984 1693 478 66 Menschenhand
2497 1689 374 65 unberührte:
2920 1689 72 62 C,

789 1807 87 62 Er
918 1803 145 64 wird
1114 1803 142 61 nicht
1298 1797 372 80 weitergehn,
1723 1794 253 65 sondern
2018 1802 114 53 wie
2183 1801 173 62 einer,
2408 1789 112 61 den
2570 1797 92 52 ein
2705 1784 291 64 unwider*

714 1901 289 66 stehlicher
1044 1897 197 65 Schlaf
1276 1895 216 71 fesselt,
1537 1893 262 79 ergriffen
1843 1914 119 39 von
2006 1887 342 77 Sammlung
2389 1884 204 80 gehört
2627 1906 61 38 er
2721 1905 148 56 ganz
2902 1879 96 63 der

714 1999 212 79 seligen
969 1995 171 63 Silbe,

789 2095 290 79 Jenseits
1128 2089 115 62 der
1288 2086 153 64 Zeit
1487 2085 325 64 erscßaffet
1857 2081 99 64 die
2010 2078 239 69 Gfocße,
2304 2100 78 41 so
2433 2075 92 83 ofi
2569 2074 113 63 der
2730 2072 270 64 Wasser*

716 2191 283 63 Beßäfter
1022 2185 234 82 gefüfft
1293 2191 99 55 ist.

795 2286 174 77 Selig,
1012 2283 93 61 die
1147 2281 76 62 da
1266 2277 329 65 bewohnen
1639 2276 106 62 das
1787 2274 200 63 Haus;
2032 2268 493 81 Verborgenheit!

796 2382 88 61 Es
927 2380 119 80 gibt
1087 2395 168 46 unter
1298 2376 171 61 ihnen
1511 2373 252 70 manche,
1807 2371 92 61 die
1940 2370 225 62 kennen
2200 2366 163 62 keine
2398 2362 255 71 Freude,
2696 2370 76 53 im
2805 2357 198 65 Leben

717 2478 195 63 reißen
970 2484 84 55 sie
1112 2474 92 62 die
1261 2471 179 64 Hölle
1497 2494 74 37 an
1632 2470 136 70 sich,
1829 2465 120 63 und
2010 2464 92 62 die
2160 2461 179 65 Hölle
2399 2457 336 80 verschlingt
2793 2465 82 53 sie
2934 2462 71 54 im

716 2570 187 66 Tode.

800 2667 211 63 Andre
1051 2690 121 38 von
1219 2663 172 63 ihnen
1432 2662 206 62 kosten
1681 2669 91 52 ein
1813 2666 192 69 wenig
2046 2653 237 65 Freude
2325 2652 111 62 auf
2470 2649 178 64 ihrem
2673 2648 181 78 Weg,
2897 2645 108 62 den

721 2766 148 63 Duft
918 2773 158 54 eines
1126 2760 329 63 blühenden
1505 2758 274 70 Baumes,
1836 2753 273 64 vielleicht
2160 2761 126 52 eine
2334 2749 203 73 Beere,
2596 2746 91 63 die
2728 2743 277 63 zwischen

722 2862 213 78 Zunge
978 2859 122 62 und
1142 2856 280 64 Gaumen
1465 2852 364 64 zerschmilzt.

801 2955 146 64 Und
998 2953 179 64 andre
1229 2953 136 62 nach
1408 2950 177 64 vieler
1633 2946 365 79 Bemühung,
2050 2968 105 38 zur
2206 2940 226 66 Stunde
2480 2937 280 64 zwischen
2812 2935 196 63 Sonne

724 3053 119 62 und
884 3050 217 73 Mond,
1147 3049 269 79 erlangen
1459 3048 108 61 sich
1613 3045 255 76 Stillung,

801 3148 169 62 Aber
1003 3147 93 62 die
1131 3146 75 62 da
1241 3143 128 65 sind
1404 3141 354 64 auserkoren
1793 3156 168 44 unter
1985 3132 424 67 Zehntausend
2436 3130 120 64 und
2581 3123 427 70 zehntausend*

726 3245 112 61 mal
881 3241 445 72 Zehntausend,

803 3340 140 62 Auf
985 3339 113 63 daß
1149 3348 84 52 sie
1285 3336 92 62 die
1417 3334 172 63 Fülle
1632 3332 101 63 des
1779 3331 253 64 Ganzen
2075 3328 142 61 nicht
2259 3326 135 62 bloß
2438 3334 75 53 im
2554 3322 162 64 Bilde
2758 3321 252 62 besitzen

726 3436 120 61 und
896 3435 111 64 daß
1059 3434 86 63 ihr
1189 3430 274 66 Schicksal
1514 3439 103 63 sei,
1669 3429 92 62 die
1811 3450 184 58 ganze
2037 3424 236 63 Freude
2324 3421 122 64 und
2495 3421 182 61 außer
2725 3417 85 64 ihr
2852 3416 160 61 keine

726 3532 234 62 Freude
1002 3556 76 37 zu
1121 3529 206 62 haben.

805 3628 127 61 Das
992 3627 231 62 höchste
1257 3623 229 64 Wesen
1539 3621 99 62 hat
1689 3629 83 54 sie
1822 3619 108 63 sich
1989 3614 374 73 auserwählt,
2423 3613 177 62 damit
2649 3621 84 52 sie
2782 3609 115 61 ihm
2940 3627 72 41 zu

731 3731 163 71 eigen
937 3722 147 73 sind,
1128 3720 200 64 Söhne
1371 3718 116 64 ihm
1531 3716 121 63 und
1693 3716 268 77 Zeugen,
2005 3713 92 63 die
2142 3711 192 63 Gäste
2377 3720 187 53 seiner
2605 3706 210 63 Pracht.

806 3817 146 63 Und
992 3826 114 54 wie
1157 3826 90 52 ein
1299 3815 182 62 hoher
1523 3814 151 77 Berg
1716 3811 91 62 die
1849 3810 253 62 Wasser
2145 3806 283 72 sammelt,
2479 3829 77 38 zu
2600 3801 256 75 Quellen
2898 3792 116 67 und

734 3913 171 72 Seen,
949 3914 91 61 die
1084 3913 92 62 die
1218 3923 190 51 wüste
1450 3909 164 63 Erde
1657 3906 238 71 nähren.

813 4008 155 62 Also
1011 4008 117 62 lebt
1171 4007 105 63 das
1321 4004 374 81 grauenhafte
1737 4002 164 63 Volk
1943 4002 102 62 der
2085 3999 320 64 Menschen
