3218 4572
2450 454 118 50 1157

1323 465 218 49 Gfossen

292 663 137 50 schon
461 659 170 49 wieder
663 658 114 49 über
809 658 71 49 die
913 656 155 50 Hälfte
1102 656 183 60 Weges
1322 670 56 43 ge-

296 743 152 56 langt,
489 736 68 50 als
599 736 80 49 der
722 745 125 40 »tote
889 735 177 48 Punkt«
1117 732 89 51 sich
1254 731 153 50 auftat

294 819 97 51 und
423 816 83 49 das
539 815 310 50 unbemannte
880 815 122 47 Boot
1023 832 60 30 an
1106 818 126 43 einer
1253 810 124 49 Sand-

296 896 124 51 bank
440 893 209 50 festfuhr.
673 894 160 48 Meine
851 893 161 48 Kräfte
1028 898 233 54 genügten
1276 887 132 58 nicht,

297 994 49 32 es
390 971 172 50 wieder
603 971 94 49 flott
736 989 60 29 zu
834 969 197 48 machen.
1073 969 199 57 Anfang
1312 964 96 50 und

296 1051 137 52 Ende
457 1051 136 60 lagen
611 1054 87 43 wie
715 1053 114 43 zwei
848 1047 272 60 geborstene
1136 1045 162 49 Stücke
1313 1042 96 50 und

298 1130 233 51 schlossen
571 1129 88 47 sich
692 1125 117 49 nicht
842 1144 75 37 an,
959 1124 86 49 alle
1075 1125 202 58 Energie
1309 1138 100 30 war

298 1206 269 62 vergebens.
602 1205 70 48 Es
703 1204 139 49 fehlte
873 1202 83 49 das
978 1202 283 59 Vermögen,
1295 1200 76 48 An-

299 1295 235 52 gestrengt
565 1281 96 51 und
694 1280 285 62 ausgelöscht
1012 1277 197 63 zugleich
1242 1286 167 40 starrte

301 1366 63 48 ich
397 1382 89 29 vor
520 1361 112 50 mich
664 1361 94 57 hin,
790 1360 66 48 als
889 1359 89 49 sich
999 1359 73 49 die
1092 1356 126 50 Türe
1240 1356 171 48 öffnete

301 1442 96 51 und
429 1448 74 43 ein
542 1459 97 30 von
679 1439 225 61 Begriffen
952 1436 212 50 schneller
1210 1431 202 57 Freund,

301 1522 80 49 der
410 1525 86 44 mir
529 1519 135 59 lange
696 1517 103 49 kein
825 1514 356 50 Lebenszeichen
1205 1511 207 61 gegeben

302 1600 137 55 hatte,
457 1605 311 47 unvermutet,
785 1599 86 44 wie
890 1592 84 49 auf
984 1591 215 48 höherem
1219 1587 195 56 Geheiß,

303 1682 89 44 wie
415 1675 80 49 der
518 1672 151 61 Engel
692 1690 87 31 vor
801 1671 187 55 Tobias,
1012 1677 293 41 unvermutet
1328 1681 88 32 vor

306 1762 84 42 mir
423 1754 149 49 stand,

367 1831 157 51 Ariel!
560 1830 87 48 rief
675 1829 65 48 ich
773 1845 102 38 aus,
906 1825 138 49 nahm
1075 1823 117 49 nicht
1213 1822 109 48 Zeit
1350 1839 61 29 zu

306 1916 186 50 wissen,
527 1907 161 50 woher
712 1925 50 31 er
783 1905 79 48 des
889 1905 177 58 Weges
1089 1907 79 52 sei,
1192 1900 112 49 noch
1327 1905 89 43 wie

306 2008 49 30 es
379 1989 93 48 ihm
499 1991 123 56 ging,
647 1983 200 51 sondern
866 1982 250 48 bestürmte
1141 1978 77 49 ihn
1244 1975 177 50 alsbald

311 2071 86 45 mir
430 2084 60 29 zu
524 2063 164 49 helfen.
746 2061 69 48 Er
853 2076 98 32 war
989 2058 150 49 sofort
1171 2058 250 50 orientiert,

312 2165 48 31 es
385 2143 207 51 bedurfte
614 2141 116 48 nicht
752 2138 141 50 vieler
913 2136 344 58 Erklärungen;
1284 2149 138 31 wenn

312 2225 65 48 ich
411 2221 117 51 nicht
561 2239 61 30 zu
652 2218 221 59 bewegen
905 2232 113 38 war,
1041 2231 95 32 von
1158 2211 79 48 der
1258 2211 132 58 Expe-

312 2302 147 48 dition
485 2319 61 30 zu
569 2298 169 55 lassen,
759 2296 122 48 dann
903 2311 99 31 war
1023 2297 84 43 mir
1124 2288 114 51 nicht
1256 2287 165 48 anders

313 2399 61 31 zu
406 2378 169 56 helfen,
607 2376 68 48 als
708 2373 151 50 indem
893 2389 104 30 man
1020 2375 83 43 mir
1125 2367 100 48 half
1327 2363 95 48 und

315 2476 49 31 er
396 2455 174 50 machte
600 2452 89 51 sich
730 2456 62 43 im
824 2446 284 62 Augenblick
1150 2444 169 53 daran,
1362 2457 60 31 zu

316 2536 88 49 den
437 2551 114 45 paar
583 2532 219 59 kräftigen
826 2526 181 51 Rucken
1041 2522 300 53 auszuholen,
1364 2536 59 30 zu

313 2612 201 50 welchen
547 2616 85 42 mir
665 2607 80 50 der
774 2607 148 48 Atem
956 2617 324 46 ausgegangen
1310 2616 111 30 war.

316 2692 114 48 Hei!
475 2690 115 48 Wie
623 2687 140 58 lustig
796 2681 255 52 schaukelte
1082 2686 109 53 jetzt
1223 2678 82 48 das
1340 2696 57 42 ge-

317 2770 177 47 lichtete
525 2768 124 46 Boot
682 2763 71 48 die
785 2759 190 51 Wellen
1006 2762 171 43 weiter.

379 2845 116 49 Und
515 2861 99 30 war
637 2860 50 30 es
710 2847 62 42 im
793 2839 188 59 übrigen
1004 2834 116 50 nicht
1141 2833 136 48 durch
1295 2838 125 43 seine

322 2925 281 57 Gesinnung
626 2917 273 52 verankert?

379 3001 176 51 Schnell
588 2998 106 50 fuhr
726 2997 64 48 ich
824 3002 108 55 jetzt
956 2992 112 49 noch
1091 2988 165 51 einmal
1289 2994 44 42 in
1357 2987 73 49 die

318 3082 149 58 Berge
499 3077 166 51 zurück
698 3074 95 50 und
826 3071 285 52 überraschte
1154 3069 71 47 die
1266 3065 164 50 beiden

322 3156 303 61 Ostpreußen
644 3153 134 48 durch
796 3156 146 44 meine
953 3144 317 52 Wiederkehr.
1289 3144 114 47 Dies-

322 3236 94 48 mal
449 3252 101 31 war
581 3232 112 49 auch
727 3236 101 43 eine
848 3224 234 52 Freundin
1105 3238 219 45 zugegen.
1360 3222 71 47 Es

321 3312 301 51 wiederholte
644 3309 90 51 sich
749 3314 123 55 jener
896 3303 190 56 Abend,
1108 3319 87 31 nur
1211 3300 89 49 daß
1318 3298 116 48 nicht

322 3392 129 48 mehr
485 3389 171 63 gelacht
688 3384 174 52 wurde,

387 3468 100 48 »Ich
522 3468 76 48 bin
631 3472 44 54 ja
707 3469 84 44 mit
821 3460 145 63 jedem
989 3459 123 48 Ihrer
1138 3457 174 48 Worte
1333 3458 77 43 ein-

326 3546 330 55 verstanden,«
677 3553 129 48 sagte
823 3540 80 49 der
919 3538 139 49 ältere
1068 3535 209 54 Offizier,
1296 3532 140 48 »aber

324 3643 101 31 was
459 3622 200 62 glauben
691 3620 91 56 Sie,
812 3636 101 30 was
937 3617 141 48 Ihnen
1111 3612 112 49 alles
1256 3628 61 29 an
1348 3608 88 49 den

325 3703 137 60 Kopf
490 3703 161 58 fliegen
684 3697 141 57 wird,
857 3713 136 32 wenn
1026 3693 76 51 Sie
1143 3690 87 49 den
1262 3689 177 48 Leuten

327 3782 83 48 das
445 3778 201 63 sagen?«

392 3858 108 49 »Sie
517 3858 149 48 haben
683 3847 288 57 tausendmal
998 3847 171 49 recht!«
1196 3855 131 51 sagte
1362 3841 79 50 der

329 3937 186 56 andere,
550 3934 138 50 »aber
708 3929 75 50 Sie
816 3927 184 49 werden
1032 3925 141 50 nichts
1206 3921 235 51 erreichen.

1517 651 69 50 Es
1620 655 60 43 ist
1712 647 270 61 vergebens.

1517 730 69 48 Es
1620 734 60 43 ist
1712 745 61 31 zu
1804 725 151 49 früh.«

1517 809 163 48 Meine
1727 802 237 52 Freundin
2014 800 136 51 erbot
2198 799 112 55 sieb,
2359 799 75 48 für
2486 799 88 48 den

1455 882 377 54 Kontraktbruch
1859 881 378 55 aufzukommen,
2253 895 138 31 wenn
2408 876 63 48 ich
2488 894 86 30 nur

1456 965 154 48 diesen
1621 964 213 57 Vortrag
1851 959 117 50 nicht
1978 957 121 50 hielt.
2112 955 274 49 Außerdem
2403 953 172 50 schiene

1458 1044 63 48 ich
1554 1041 158 50 krank.
1747 1040 98 48 Der
1863 1039 126 48 Arzt
2010 1033 161 51 würde
2196 1033 118 49 nicht
2336 1031 241 57 anstehen,

1456 1120 111 49 mich
1608 1121 73 47 für
1722 1115 315 59 reiseunfähig
2085 1133 61 29 zu
2197 1111 217 51 erklären.
2465 1108 113 50 Und

1456 1205 88 43 wie
1577 1197 137 49 schön
1747 1201 65 43 sei
1846 1213 49 30 es
1928 1194 97 48 hier
2057 1197 46 42 in
2137 1190 104 49 dem
2268 1187 310 51 verschneiten

1459 1275 298 62 gemütlichen
1776 1271 257 50 Gasthaus.
2060 1270 143 56 Nein,
2230 1267 66 48 ich
2312 1266 134 49 dürfe
2463 1265 117 48 nicht

1460 1354 169 62 gehen,-
1778 1356 66 43 sie
1883 1348 165 50 fuhren
2100 1346 112 49 mich
2262 1351 62 42 im
2364 1343 216 50 Schlitten

1460 1437 132 44 einen
1624 1430 95 49 Paß
1752 1446 173 43 empor.
1968 1427 125 48 Dort
2135 1423 86 50 sah
2263 1440 108 30 man
2413 1427 44 42 in
2499 1421 81 48 der

1460 1506 93 51 Tat
1585 1507 72 48 die
1689 1505 355 50 Herrlichkeiten
2079 1502 80 50 der
2193 1500 137 49 Welt
2361 1505 89 43 wie
2481 1516 98 32 von

1461 1586 80 49 der
1574 1585 154 48 Zinne
1761 1588 123 44 eines
1917 1578 244 63 Tempels,-
2194 1577 97 50 und
2331 1595 108 29 man
2479 1592 101 31 war

1463 1665 68 47 ihr
1563 1660 293 63 abgewandt,
1888 1660 80 47 der
1987 1657 295 58 wahnsinnig
2305 1653 274 61 grinsenden

1463 1740 288 59 Todesfrage
1792 1738 78 49 des
1917 1737 224 57 Krieges,-
2182 1735 127 47 ferne
2357 1732 87 47 den
2495 1747 57 43 ge-

1465 1830 186 38 narrten
1667 1816 252 49 Menschen
1936 1831 101 31 war
2053 1830 108 30 man
2180 1811 104 48 dem
2301 1809 155 50 Leben
2474 1808 106 48 nah,

1530 1897 104 48 »Sie
1675 1895 187 49 werden
1901 1892 88 50 sich
2029 1889 145 50 selbst
2213 1907 89 31 nur
2342 1886 238 57 schaden,«

1468 1973 153 51 redete
1639 1978 85 42 mir
1737 1971 95 49 hier
1850 1975 125 44 einer
1994 1968 78 48 der
2081 1968 184 48 Herren
2282 1964 114 50 noch
2414 1962 169 51 einmal

1469 2071 75 38 zu,
1580 2051 148 48 »ohne
1760 2067 61 29 zu
1853 2055 185 40 nützen.
2072 2046 70 47 Es
2176 2049 59 44 ist
2268 2061 60 30 zu
2359 2047 150 55 spät.«

1531 2129 131 49 Doch
1677 2132 88 42 wie
1776 2126 126 48 hätte
1912 2124 63 49 ich
2055 2122 85 48 auf
2146 2121 94 48 ihre
2251 2121 333 55 Zustimmung

1470 2208 79 48 hin
1684 2206 119 48 ihrer
1836 2203 316 57 Warnungen
2194 2198 156 48 achten
2391 2196 193 48 dürfen?

1474 2282 339 52 »Tausendmal
1837 2281 145 49 recht«
2005 2278 97 50 und
2121 2282 110 43 »mit
2246 2274 148 63 jedem
2411 2274 176 49 Worte

1469 2359 398 55 einverstanden,«
1891 2375 156 30 waren
2065 2354 96 49 dies
2179 2353 117 48 nicht
2306 2350 95 50 ihre
2411 2352 177 47 Worte

1472 2438 240 62 gewesen?
1751 2437 119 48 Was
1903 2433 121 50 blieb
2057 2432 61 48 da
2142 2430 150 60 übrig,
2315 2429 68 48 als
2408 2428 90 49 daß
2522 2428 66 47 ich

1472 2518 89 48 den
1592 2518 118 59 Berg
1731 2512 160 52 Tabör
1922 2510 174 50 wieder
2128 2509 344 59 herunterging,
2504 2523 81 31 um

1473 2594 103 50 dem
1595 2592 160 62 gelben
1757 2588 323 51 Winternebel
2099 2597 225 49 entgegen
2335 2602 60 30 zu
2411 2583 179 56 fahren,

1473 2672 192 48 welcher
1704 2669 72 49 die
1817 2667 135 49 Stadt
1991 2671 84 43 mit
2123 2664 126 48 ihren
2300 2660 292 51 elektrischen

1474 2751 188 49 Bahnen
1672 2747 96 49 und
1775 2747 127 48 ihren
1912 2742 449 61 Zeitungsplakaten
2372 2738 218 60 umhing?

1536 2829 126 47 Dort
1709 2825 127 49 hatte
1884 2823 64 48 ich
1995 2828 110 55 jetzt
2154 2824 147 55 einige
2349 2818 108 48 Not
2508 2820 82 44 mit

1477 2911 179 44 meinen
1699 2903 288 49 Bekannten:
2032 2904 66 43 sie
2138 2908 129 38 taten
2319 2894 87 50 sich
2457 2893 136 49 durch

1479 2988 101 43 eine
1610 2980 121 51 recht
1769 2975 312 64 empfindliche
2113 2972 270 62 Neugierde
2424 2972 172 48 hervor

1477 3059 94 51 und
1605 3058 206 49 machten
1844 3054 134 50 dabei
2010 3054 69 48 ihr
2110 3054 226 47 Interesse
2367 3050 76 47 für
2484 3048 112 49 mich

1479 3137 201 61 geltend,
1712 3140 144 45 sowie
1889 3133 96 48 ihre
2006 3130 346 59 Erfahrungen,
2385 3126 112 50 oder
2518 3125 74 50 die

1478 3215 293 59 Ratsdiläge,
1811 3212 72 48 die
1930 3217 66 42 sie
2044 3214 85 43 mir
2178 3206 147 61 geben
2377 3205 221 48 konnten.

1481 3293 129 49 Doch
1628 3309 98 31 wer
1742 3295 160 44 immer
1919 3288 89 48 den
2025 3286 211 59 Vortrag
2253 3284 144 48 hören
2422 3281 176 58 wollte,

1483 3372 80 48 der
1610 3370 135 49 hörte
1794 3386 88 30 nur
1936 3384 98 31 von
2082 3365 88 47 den
2229 3359 374 63 ostpreußischen

1484 3449 254 48 Offizieren
1788 3444 96 49 und
1931 3443 120 49 ihrer
2098 3441 344 60 Begeisterung,
2503 3438 100 47 Der

1483 3526 131 50 Eifer
1635 3529 173 43 meiner
1823 3521 268 50 Bekannten
2113 3518 179 57 wuchs,-
2319 3521 66 44 sie
2401 3520 201 43 meinten

1486 3624 49 31 es
1569 3614 96 51 gut,
1699 3601 109 50 aber
1839 3600 63 48 ich
1935 3599 158 48 wußte
2126 3615 48 31 es
2207 3596 170 49 besser.
2411 3593 195 49 Endlich

1487 3693 176 38 setzten
1698 3685 66 45 sie
1801 3679 113 48 über
1939 3683 180 42 meinen
2136 3674 137 61 Kopf
2293 3674 186 57 hinweg
2505 3675 103 45 eine

1496 3756 354 63 Generalprobe
1882 3756 104 55 fest,
2018 3754 75 48 bei
2124 3753 80 49 der
2229 3751 64 49 ich
2325 3749 154 49 fehlte,

1552 3836 136 51 Ariel
1721 3833 262 63 gegenüber
2015 3830 212 61 beklagte
2260 3829 64 48 ich
2357 3826 113 51 mich
2495 3826 117 50 über

1493 3918 126 49 diese
1646 3932 119 31 neue
1782 3914 113 54 Art,
1921 3916 84 44 mir
2033 3919 296 39 zuzusetzen.
2350 3907 93 49 Die
2460 3905 152 49 War-
