3209 4572
1008 503 139 49 CarC
1159 504 277 48 Sternßeim
1460 527 9 10 -
1488 501 229 51 Scßußfin

2354 500 122 50 1135

261 697 96 60 des
400 692 168 61 Flurs
610 692 213 61 besetzt
864 691 147 69 hielt,
1060 691 337 77 gewöhnten
1447 689 105 61 sich
1602 689 90 61 die
1739 697 146 52 zwei
1933 687 299 61 allmählich
2283 688 191 70 daran,

260 790 156 73 längs
467 785 97 61 der
604 785 233 61 Wände
884 783 480 70 hinzuschleichen,
1414 806 71 37 an
1536 791 88 52 ein
1664 782 191 61 Sitzen
1898 780 118 60 und
2055 780 327 62 Verweilen
2422 790 55 52 in

261 880 312 63 entfernten
614 877 204 63 Ecken.
862 877 158 60 Doch
1062 901 120 36 war
1223 900 59 37 es
1325 876 165 61 ihnen
1532 875 259 61 natürlich
1833 873 118 61 und
1991 872 330 78 angenehm.

338 971 141 61 Und
519 979 110 52 wie
662 970 123 60 froh
826 970 235 61 wurden
1093 979 81 52 sie
1206 970 146 60 beim
1383 970 191 61 Essen
1607 993 95 35 um
1737 967 109 60 den
1878 966 218 61 runden
2129 962 185 65 Tisch!
2351 966 84 61 Zu-

262 1080 113 47 erst
417 1063 118 61 und
576 1063 181 61 sofort
795 1063 182 76 flogen
1018 1063 89 61 die
1149 1063 292 61 Schüsseln
1481 1086 74 35 zu
1597 1060 278 70 Schuhlin,
1917 1060 98 60 der
2055 1060 106 60 sich
2204 1068 99 51 mit
2341 1083 102 37 aus-

261 1157 297 78 gesuchten
600 1154 237 61 Stücken
886 1155 284 77 regulierte
1211 1154 117 60 und
1367 1154 319 76 weitergab.
1730 1152 335 61 Bescheiden
2107 1150 243 61 nahmen
2393 1152 89 59 die

261 1247 416 70 Mitessenden,
724 1246 245 69 bedacht,
1020 1270 60 38 es
1129 1248 210 59 möchte
1381 1247 89 60 für
1510 1247 108 60 den
1659 1246 241 61 Meister
1940 1246 134 58 noch
2118 1253 88 51 ein
2247 1253 232 52 zweites

263 1342 127 65 Mal
431 1341 229 61 reichen.
703 1340 122 61 Der
864 1350 229 66 eigenen
1132 1340 284 77 Nahrung
1456 1341 138 60 nicht
1634 1340 247 68 achtend,
1924 1337 210 78 folgten
2176 1347 83 51 sie
2297 1337 185 76 jedem

262 1439 198 58 Bissen
511 1435 99 60 des
652 1432 331 61 Hausherrn
1024 1442 97 50 mit
1151 1432 516 61 Aufmerksamkeit
1700 1432 115 60 und
1858 1431 229 61 Genuß.
2139 1431 133 69 Hei,
2316 1455 166 36 wenn

262 1539 90 51 ein
393 1529 206 58 Braten
648 1525 273 77 gelungen
961 1526 142 59 war!
1145 1525 148 60 Was
1343 1525 107 76 gab
1499 1548 58 38 es
1610 1525 87 60 für
1747 1534 86 51 ein
1876 1524 384 70 Schmunzeln,
2309 1524 170 59 welch

263 1623 197 75 saftige
484 1619 423 76 Bemerkungen
942 1616 97 61 des
1065 1618 402 59 Zufriedenen!
1504 1618 140 59 Und
1677 1627 192 50 immer
1900 1618 346 59 strahlender
2279 1616 202 61 wurde

265 1723 153 53 seine
459 1713 218 69 Laune,
718 1710 349 79 prasselnder
1107 1721 118 49 sein
1260 1710 177 70 Witz,
1476 1710 84 61 bis
1602 1733 58 38 er
1700 1710 89 60 bei
1828 1710 203 60 Kaffee
2073 1710 117 60 und
2222 1710 260 77 Zigarre,

266 1808 88 60 die
395 1830 132 37 man
568 1829 107 36 nur
715 1804 111 60 ihm
860 1804 308 69 anrichtete,
1209 1803 291 60 freundlich
1535 1803 425 61 anerkennende
1992 1802 178 61 Blicke
2204 1803 89 60 für
2325 1812 154 51 seine

265 1898 348 78 Umgebung
653 1897 162 61 hatte.
859 1896 119 61 Um
1019 1896 89 60 die
1140 1896 327 76 Belohnung
1499 1896 164 60 durch
1695 1896 218 60 solchen
1945 1895 142 61 Blick
2120 1919 121 35 war
2274 1917 61 39 es
2370 1895 109 61 den

265 1992 202 61 beiden
502 2000 179 67 einzig
714 2014 73 36 zu
820 2006 116 44 tun.
981 1989 94 61 Sie
1107 1991 237 59 steckten
1377 1989 89 59 die
1498 1989 192 77 Köpfe
1721 2011 328 37 zusammen
2083 1987 117 60 und
2232 1987 249 60 berieten

266 2085 253 69 abends,'
549 2107 122 36 was
722 2107 129 35 man
900 2104 228 53 morgen
1176 2105 73 36 zu
1288 2076 158 64 Tisch
1486 2080 177 76 geben
1704 2080 153 60 solle.
1902 2079 259 61 Obwohl
2200 2079 283 61 Neander

267 2189 161 51 einen
463 2178 278 59 hübschen
774 2174 514 77 Unterkunftspreis
1323 2173 267 70 bezahlte,
1622 2174 231 60 reichten
1886 2173 206 59 Klaras
2118 2173 184 59 Mittel
2344 2173 139 59 nicht

267 2281 196 50 immer
502 2293 126 46 aus,
670 2269 99 60 des
811 2265 498 79 vorgeschlagenen
1340 2264 226 61 Mahles
1601 2264 219 61 Kosten
1860 2288 73 36 zu
1975 2264 285 60 betreiten.
2305 2264 174 60 Dann

267 2364 145 77 legte
454 2363 99 61 der
592 2363 304 60 Pensionär
936 2361 116 59 hier
1093 2368 120 52 eine
1253 2358 188 70 Mark,
1481 2358 125 60 dort
1645 2367 160 51 einen
1844 2353 209 65 Thaler
2092 2381 94 46 zu,
2228 2357 109 61 den
2379 2380 103 53 ge*

268 2458 228 77 planten
539 2456 267 61 Schmaus
849 2453 115 61 und
1005 2453 89 60 die
1133 2461 97 51 mit
1269 2450 292 62 Sicherheit
1601 2450 259 77 folgende
1899 2448 334 78 Belohnung
2274 2474 75 34 zu
2391 2471 94 38 er*

267 2550 334 76 möglichen,
657 2547 118 61 und
832 2547 82 60 als
971 2555 150 52 eines
1178 2544 385 76 mißlungenen
1612 2542 116 60 und
1775 2542 257 76 knappen
2079 2541 403 76 Mittagessens

270 2643 372 61 schrecklicher
681 2640 282 62 Eindruck
1004 2648 80 50 sie
1124 2636 160 61 beide
1317 2645 87 51 ein
1437 2645 240 67 einziges
1709 2635 127 60 Mal
1867 2636 271 75 getroffen
2172 2634 167 70 hatte,
2380 2657 68 53 ge-

268 2735 235 61 wöhnte
552 2735 104 61 sich
705 2734 196 69 Klara,
950 2733 97 59 der
1095 2731 268 60 breiteren
1410 2728 528 76 Haushaltführung
1987 2726 231 61 erhöhte
2259 2726 226 60 Kosten

268 2828 152 61 ohne
469 2837 258 51 weiteres
775 2850 116 38 von
931 2823 278 62 Neander
1255 2845 74 36 zu
1378 2820 242 70 fordern,
1677 2819 98 61 der
1823 2829 88 51 ein
1950 2817 244 78 Übriges
2245 2834 82 45 tat
2368 2818 119 60 und

270 2931 162 51 einen
461 2919 548 78 unerschwinglichen
1033 2917 406 68 Leckerbissen,
1465 2913 405 76 Frühgemüse,
1895 2912 283 77 Wildpret
2204 2921 84 51 ins
2314 2912 172 60 Haus

268 3015 237 62 brachte.
557 3015 174 59 Dann
771 3013 127 60 kam
940 3012 88 60 für
1069 3012 100 60 das
1211 3008 382 78 ausgegebene
1635 3006 312 61 Goldstück
1987 3029 115 37 von
2144 3005 98 61 der
2283 3005 204 59 Haus*

271 3107 126 61 frau
425 3110 343 58 entzücktem
785 3104 375 62 Händedruck
1184 3104 81 59 bis
1284 3126 73 36 zu
1376 3100 281 62 Schuhlins
1674 3097 371 76 wollüstigem
2063 3097 423 76 Verdauungs*

270 3200 304 60 schnaufen
616 3196 446 63 unaufhörlicher
1095 3194 168 61 Dank
1303 3217 70 36 an
1408 3193 106 59 den
1549 3190 195 62 Geber
1775 3189 115 61 und
1922 3190 443 75 Feststimmung
2401 3198 85 52 ins

270 3316 181 53 ganze
483 3294 187 69 Haus,
705 3293 89 60 die
826 3290 152 61 ihren
1006 3288 191 77 Gipfel
1231 3286 271 69 erreichte,
1533 3284 248 61 schlürfte
1815 3283 98 59 der
1935 3283 240 59 Meister
2208 3306 101 36 ans
2336 3281 150 60 Kla*

270 3394 119 53 vier
426 3386 117 59 und
574 3386 110 76 gab
718 3393 179 52 seiner
930 3380 316 61 dankbaren
1273 3378 546 74 Gemütsstimmung
1850 3374 282 60 tönenden
2158 3373 325 61 Ausdruck.

351 3478 83 61 So
468 3478 100 60 lief
594 3478 88 60 die
714 3478 145 60 Zeit.
895 3474 269 61 Draußen
1197 3481 53 51 in
1284 3471 98 59 der
1406 3469 160 61 Welt
1598 3468 156 78 gab's
1787 3468 258 75 Ereignis
2072 3467 106 58 auf
2196 3467 292 75 Ereignis,-

271 3571 315 61 Politisches
621 3571 117 60 und
761 3567 342 64 Kulturelles
1137 3565 346 75 beschäftigte
1517 3560 382 62 abwechselnd
1932 3560 89 59 die
2044 3558 444 61 Aufmerksam*

270 3664 114 61 keit
434 3665 99 60 der
580 3664 424 76 Zeitgenossen,
1053 3657 309 61 Luftschiffe
1410 3655 235 61 wurden
1692 3654 230 74 wichtig,
1970 3661 88 51 ein
2101 3651 389 61 afrikanischer

271 3756 315 61 Aufstand,
638 3756 86 60 Es
773 3754 193 60 tobten
1015 3750 117 61 und
1178 3749 326 77 beruhigten
1552 3747 105 60 sich
1698 3746 88 60 die
1824 3746 216 59 Börsen
2081 3742 406 63 abwechselnd.

271 3849 80 61 Im
403 3852 168 59 Haus
623 3873 89 36 am
760 3847 321 77 bayrischen
1129 3844 242 75 Bergsee
1419 3840 168 60 nahm
1635 3863 129 36 man
1811 3862 116 37 von
1975 3838 167 58 nichts
2190 3836 298 63 Kenntnis.

276 3943 191 61 »Was
517 3943 214 61 leistete
779 3939 89 61 die
906 3937 199 62 Musik
1154 3937 83 59 bis
1288 3958 73 37 zu
1400 3933 240 76 Ludwig
1679 3930 277 70 Schuhlin,
2005 3929 116 61 und
2163 3938 55 51 in
2259 3929 234 61 wiefern
