3237 4572
1708 462 222 52 GCossen

653 479 126 54 1148

1487 1043 680 89 GLOSSEN

1029 1239 387 66 Rundschau.

661 1368 71 50 S:
752 1365 254 61 Saengers
1033 1354 423 67 Ungewißheiten
1484 1348 120 53 und
1611 1347 193 51 Moritz

664 1445 288 53 Heimanns
990 1437 337 63 Hoffnungen
1366 1456 51 13 -
1464 1431 107 51 Ein
1613 1423 210 65 Aufruf

665 1545 98 32 von
787 1524 207 51 Gustav
1011 1519 280 50 Landauer
1394 1514 118 50 Das
1539 1510 187 49 Eorum

663 1605 118 53 Der
788 1602 154 51 Neue
952 1597 219 52 Merkur
1267 1634 20 17 „
1303 1595 211 51 Vertrau
1515 1589 138 52 hieße”
1668 1587 139 51 Ein*

659 1684 167 65 gaben
838 1676 428 65 vorderEingaße
1273 1700 46 12 —
1329 1669 451 55 ACCerßandMarx
1780 1691 28 17 *

666 1771 125 45 isten
857 1763 114 52 Der
978 1757 227 53 deutsche
1213 1756 160 62 Krieg
1392 1749 387 54 undderKatßo
1781 1770 28 19 *

679 1845 226 51 fizismus
1172 1865 51 14 ~
1320 1840 107 51 Ein
1262 1829 447 67 afterZeitungsartißeß

668 1919 353 66 Dostojewski
1656 1914 191 54 Eßrenß

734 2038 53 48 In
820 2036 81 49 der
937 2033 206 50 »Neuen
1168 2025 314 55 Rundschau«
1502 2023 140 57 (Heft
1666 2019 148 55 6—7)

673 2116 129 52 sucht
852 2110 234 54 Samuel
1117 2109 286 60 Saenger,
1445 2103 81 51 der
1568 2107 85 44 mit
1701 2118 115 32 ver*

671 2196 257 52 schleierter
960 2189 157 52 Treue
1159 2207 62 32 an
1262 2192 164 45 seinen
1468 2183 127 51 alten
1629 2179 188 51 Idealen

673 2274 250 52 festhalten
956 2271 201 58 möchte,
1190 2276 63 42 im
1279 2267 170 49 Chaos
1474 2268 164 46 seinen
1661 2260 157 61 Weg,-

674 2354 141 52 leider
849 2359 61 45 ist
943 2371 51 32 es
1028 2356 85 45 mit
1146 2353 154 47 seiner
1322 2344 152 62 Logik
1506 2340 193 54 schlecht
1729 2339 89 50 be*

675 2436 140 52 stellt.
851 2436 71 49 Er
947 2432 146 51 tadelt
1115 2432 247 48 Bernstein
1385 2425 99 51 und
1507 2423 103 51 lobt
1633 2419 189 59 David,-

677 2516 213 62 dagegen
932 2523 146 40 nennt
1121 2528 50 33 er
1204 2509 33 63 J.
1272 2508 214 60 Ramsay
1520 2498 302 56 Macdonald

678 2594 101 59 (der
828 2599 48 44 in
917 2589 226 65 England
1183 2589 74 50 die
1299 2584 213 61 Stellung
1553 2584 269 48 Bernsteins

680 2681 262 51 einnimmt)
978 2678 135 45 einen
1136 2671 257 59 Europäer
1425 2683 101 32 von
1550 2663 143 51 Geist
1724 2659 99 51 und

679 2758 155 55 Herz,
875 2756 64 48 H,
974 2753 76 50 M,
1086 2748 264 64 Hyndman
1399 2744 112 59 (den
1562 2740 261 64 englischen

680 2834 182 56 David)
903 2833 113 51 aber
1049 2836 136 45 einen
1219 2827 181 58 »alten,
1442 2820 383 54 denkohnmäch*

683 2923 126 56 tigen
825 2916 318 49 Marxisten«,
1169 2907 200 52 Harden
1393 2903 99 52 und
1512 2904 184 49 Perters
1719 2898 107 52 sind

687 2994 204 52 »scharfe
924 2991 239 64 politische
1185 2988 208 62 Köpfe«,
1428 2986 126 49 Man
1582 2980 119 51 wird
1736 2999 90 30 zu*

687 3076 165 62 geben,
885 3073 93 51 daß
1012 3071 82 50 des
1129 3074 136 46 einen
1299 3066 86 50 Stil
1418 3063 99 52 und
1550 3062 85 51 das
1661 3059 166 52 Welt*

685 3156 96 49 bild
806 3154 81 50 des
915 3151 178 52 andern
1117 3149 88 50 auf
1218 3148 78 50 ihn
1317 3144 246 64 abgefärbt
1578 3142 155 51 haben
1754 3179 41 12 ~,

687 3237 95 50 Ein
815 3234 108 50 sehr
945 3232 210 56 schöner,
1187 3227 286 52 vornehmer
1494 3224 215 51 Aufsatz
1729 3238 102 32 von

689 3317 221 50 Moritz
943 3314 296 49 Heimann
1281 3308 139 56 (Heft
1442 3307 51 56 7)
1526 3303 188 52 schließt
1748 3307 84 44 mit

692 3396 89 49 den
814 3394 236 51 Worten:
1094 3388 178 51 »Wird
1320 3406 111 32 man
1482 3402 91 32 nur
1621 3383 87 50 auf
1743 3380 91 51 den

693 3474 216 58 Straßen,
942 3472 74 51 die
1040 3488 112 32 man
1176 3474 87 45 seit
1285 3468 138 61 lange
1447 3473 291 52 angetreten,
1762 3461 74 49 die

694 3553 257 52 Wahrheit
981 3571 63 32 zu
1066 3549 157 51 finden
1248 3548 221 62 glauben,
1502 3563 57 32 so
1582 3542 121 51 wird
1726 3560 110 31 man

696 3640 66 45 sie
802 3633 118 50 nicht
961 3631 169 50 finden.
1171 3629 156 61 Möge
1366 3626 333 55 marschieren,
1740 3640 99 31 wer

698 3713 305 51 marschieren
1044 3709 111 51 will-
1199 3708 141 52 Aber
1380 3712 174 56 mögen
1599 3703 91 51 sich
1724 3701 115 50 auch

698 3811 111 31 zum
825 3789 352 64 Abseitsgehen
1195 3788 91 51 alle
1303 3787 73 51 die
1394 3781 447 57 zusammenfinden,

702 3872 74 51 die
823 3890 87 32 nur
960 3875 219 45 insoweit
1223 3869 195 60 Gegner
1460 3864 128 60 sind,
1635 3868 93 46 wie
1769 3861 75 49 die

703 3948 410 57 Tunnelarbeiter,
1155 3947 74 49 die
1262 3946 91 50 sich
1387 3951 48 44 in
1468 3944 90 50 den
1591 3943 122 60 Berg
1745 3958 99 33 von

705 4029 167 50 beiden
920 4028 158 51 Seiten
1127 4026 301 52 einbohren,«
1484 4024 113 50 Nur
1726 4019 120 51 nicht

1851 1225 135 51 wahr
2107 1220 209 65 gehören
2358 1218 123 49 dazu
2516 1213 157 52 starke
2705 1210 292 57 Maschinen,

1853 1305 99 51 und
1985 1323 82 31 um
2100 1300 93 52 sich
2225 1304 86 46 mit
2343 1298 123 49 ihrer
2498 1293 132 52 Hilfe
2664 1288 335 59 einzubohren,

1855 1387 109 49 darf
2001 1402 111 32 man
2155 1382 121 49 nicht
2325 1374 235 55 allzusehr
2610 1371 174 51 abseits
2827 1368 172 63 gehen?

1855 1467 159 49 Unter
2046 1463 82 49 der
2151 1459 279 61 Bedingung
2462 1460 132 45 wäre
2617 1453 84 49 das
2726 1448 275 52 Anhahnen

1858 1563 147 33 neuer
2037 1542 200 52 Straßen
2281 1545 102 46 eine
2416 1536 260 59 Erlösung.
2711 1530 73 51 Ich
2825 1529 174 49 zweifle

1858 1625 137 56 nicht,
2018 1623 90 49 daß
2132 1627 69 44 sie
2218 1616 289 54 massenhaft
2523 1614 248 61 begangen
2792 1606 210 51 würden.

1858 1705 72 50 Es
1952 1702 250 52 bedeutete
2223 1698 121 51 nicht
2367 1695 131 51 mehr
2521 1693 99 50 und
2643 1690 119 51 nicht
2784 1691 220 56 weniger,

1860 1784 70 50 als
1957 1783 91 49 den
2065 1779 150 52 Bruch
2237 1783 87 46 mit
2347 1774 289 52 mindestens
2660 1775 187 45 einem
2871 1765 133 64 Jahr*

1860 1860 202 54 tausend
2082 1900 9 11 ~
2159 1859 139 51 Aber
2324 1855 308 51 Demokratie
2667 1849 115 51 oder
2806 1848 201 49 Aristo*

1861 1944 166 56 kratie,
2060 1940 86 50 das
2182 1944 60 45 ist
2276 1954 85 45 gar
2394 1935 134 50 keine
2563 1930 323 55 Alternative,
2917 1929 91 44 wie

1865 2028 75 46 ein
1972 2019 124 52 Blick
2129 2018 88 51 auf
2245 2017 85 49 das
2354 2011 240 65 politische
2615 2005 226 65 England
2865 2009 146 57 zeigt,-

1865 2103 83 49 der
1981 2100 178 63 Begriff
2193 2097 83 50 der
2309 2095 186 51 Nation
2537 2091 83 50 hat
2660 2093 87 45 mit
2780 2083 231 53 Standes*

1865 2178 355 56 unterschieden
2254 2175 121 51 nicht
2415 2173 87 49 das
2545 2175 236 57 geringste
2815 2184 61 31 zu
2909 2175 102 46 tun,

1867 2262 99 52 und
2006 2260 75 50 die
2123 2258 109 51 Idee
2277 2257 82 49 der
2399 2249 317 55 katholischen
2758 2244 170 52 Kirche

1868 2343 75 49 die
1977 2340 90 52 sich
2102 2337 218 52 überdies
2345 2335 89 50 auf
2462 2337 153 45 einem
2636 2326 173 52 Felsen
2836 2321 177 59 erhebt,

1868 2427 93 45 wie
1991 2425 89 44 wir
2122 2418 79 49 ihn
2234 2420 76 45 nie
2342 2411 261 53 beschaffen
2635 2405 192 53 werden
2933 2401 82 50 hat

1870 2500 93 51 sich
1981 2505 165 45 immer
2170 2495 83 51 der
2269 2493 255 52 weltlichen
2543 2484 469 60 »Verwirklichung«

1873 2593 249 48 entzogen.
2157 2579 94 48 Die
2284 2573 228 52 römische
2533 2569 170 51 Kirche
2737 2572 63 44 im
2834 2580 183 46 ganzen

1872 2667 61 44 ist
1967 2665 63 45 im
2063 2654 253 65 Gegenteil
2349 2659 74 45 ein
2446 2649 202 63 Beispiel
2679 2648 77 49 für
2789 2644 75 51 die
2895 2640 122 52 viel*

1873 2739 132 51 leicht
2038 2735 227 65 tragische
2287 2728 433 56 Unvereinbarkeit
2749 2743 101 30 von
2874 2726 146 58 geist*

1873 2820 136 50 lieber
2066 2815 99 52 und
2217 2813 263 65 politischer
2532 2808 197 52 Macht,.
2747 2805 147 56 Nein,
2949 2800 72 50 die

1874 2900 309 53 Alternative
2236 2895 170 50 lautet;
2460 2886 414 55 Individualismus
2932 2880 89 57 (als

1875 2977 238 54 Weltbild
2154 2973 188 53 sowohl
2382 2977 92 44 wie
2516 2969 71 51 als
2621 2960 403 69 gesellschaftliche

1879 3062 370 59 Organisation)
2305 3053 115 51 oder
2475 3046 322 55 Sozialismus,
2856 3043 169 50 Wenn

1878 3142 185 49 Moritz
2085 3139 241 48 Heimann
2361 3132 88 52 sich
2485 3132 76 49 für
2596 3128 83 49 das
2714 3130 170 47 zweite
2916 3132 108 40 ent*

1879 3219 196 56 schiede,
2093 3237 57 30 so
2165 3214 166 51 würde
2340 3232 51 32 er
2410 3212 92 50 sich
2521 3209 151 62 gewiß
2691 3226 61 31 an
2770 3201 256 54 Proudhon

1881 3299 158 51 halten
2062 3295 100 52 und
2184 3294 121 51 nicht
2329 3311 60 31 an
2406 3292 162 49 Marx,
2594 3285 164 66 Jedoch
2781 3284 84 50 hat
2880 3281 149 51 Marx

1882 3378 189 52 Macht
2103 3374 274 64 geschaffen,
2410 3368 229 52 während
2660 3363 258 53 Proudhon
2941 3377 89 33 nur

1884 3459 85 51 das
2006 3457 153 53 Glück
2192 3454 171 52 suchte.
2408 3450 71 51 Ich
2512 3467 136 43 sage:
2686 3445 198 57 »Nur«,
2923 3438 108 53 weil

1887 3538 155 53 Glück
2058 3538 143 51 Sache
2227 3535 82 51 des
2328 3530 262 54 Einzelnen
2607 3534 76 45 ist.
2705 3527 150 50 Marx
2870 3520 161 54 wollte

1887 3621 82 49 der
2023 3614 376 55 Menschenwelt
2452 3617 137 44 einen
2645 3605 387 63 allgemeinen

1888 3699 116 51 Sinn
2048 3697 177 62 geben,
2259 3693 137 57 oder,
2430 3695 365 53 meinetwegen:
2830 3702 50 30 er
2921 3678 113 52 fand

1891 3784 137 46 einen
2062 3777 311 62 allgemeinen
2396 3770 114 51 Sinn
2541 3768 189 54 heraus,
2762 3763 195 52 worauf
2984 3777 50 31 es

1892 3858 114 64 galt,
2041 3857 78 49 ihn
2152 3873 111 32 zum
2296 3850 302 52 Bewußtsein
2632 3845 115 50 aller
2776 3840 260 54 Menschen

1893 3958 62 31 zu
1987 3937 216 59 bringen,
2234 3932 97 50 und
2353 3937 130 43 wäre
2505 3928 153 49 dieser
2679 3924 132 60 Sinn,
2842 3928 91 46 wie
2956 3919 82 50 der

1892 4014 316 54 französische
2230 4009 293 65 Syndikalist
2546 4007 221 61 Georges
2790 4000 136 54 Sorel
2947 3998 91 52 sich
