3218 4572
1352 482 218 51 GCossen

2471 494 119 48 1159

315 669 74 47 für
424 669 75 46 ein
534 664 96 49 und
662 665 245 51 denselben
931 669 211 61 Vortrag
1174 670 157 50 wollte
1366 671 62 49 ich

316 743 112 49 mich
446 753 262 50 unterwegs
718 744 236 61 besinnen,
971 746 153 51 kaufte
1142 748 110 48 auch
1261 748 167 50 schnell

316 826 74 45 ein
423 820 130 57 Heft,
592 839 79 31 um
713 839 49 32 es
800 825 221 48 zwischen
1054 825 235 50 München
1331 826 98 49 und

318 897 216 51 Dresden
565 904 83 43 mit
680 905 124 43 einer
836 901 319 51 unleserlichen
1180 904 156 49 Schrift
1367 924 61 29 zu

318 975 291 51 überziehen.
633 976 90 50 Die
744 979 161 61 übrige
926 980 109 50 Zeit
1058 981 144 50 lernte
1225 981 63 49 ich
1311 1000 115 31 aus»

315 1052 200 60 wendig,
548 1052 67 50 als
649 1054 121 61 gelte
802 1074 48 30 es
884 1064 120 43 mein
1037 1059 168 49 Leben,

856 1150 30 28 •k

376 1209 200 49 Wieder
607 1210 118 49 habe
767 1211 64 48 ich
870 1225 275 48 ausgesetzt.
1180 1216 70 49 Es
1282 1216 142 50 fehlte

316 1292 86 45 mir
450 1286 80 50 der
577 1287 128 58 Mut,
753 1295 158 44 weiter
958 1310 60 29 zu
1066 1292 240 51 schreiben,

315 1364 250 49 Während
590 1365 78 48 der
685 1365 180 49 Erdteil
888 1367 89 49 sich
995 1375 81 42 mit
1101 1370 122 48 alten
1246 1371 175 50 Leuten

314 1461 60 31 zu
397 1442 143 49 füllen
565 1444 187 58 scheint,
781 1445 104 48 weil
910 1450 64 44 sie
998 1446 72 50 die
1094 1447 327 51 zahlreicheren

314 1520 250 61 geworden
606 1521 118 57 sind,
765 1522 95 49 und
901 1522 70 50 die
1002 1524 155 49 Söhne
1197 1525 71 49 die
1307 1545 114 31 vom

313 1596 134 51 Tode
464 1597 256 50 Erlesenen
746 1600 115 58 sind,
884 1601 114 50 ihre
1020 1602 185 50 Herzen
1230 1623 47 30 es
1303 1605 118 57 sind,

314 1676 72 48 die
436 1675 228 58 erkalten,
714 1681 201 46 inmitten
963 1679 79 49 des
1090 1681 197 57 Feuers,
1339 1681 80 50 des

314 1753 311 56 Wahnsinns,
659 1753 79 50 des
761 1753 218 53 Taumels
1012 1757 78 50 der
1114 1759 196 57 Völker,
1335 1776 85 43 ge»

313 1832 142 48 bricht
487 1831 81 49 der
600 1832 129 59 Mut,
767 1851 56 31 so
855 1840 192 54 winzige
1078 1836 153 60 Dinge
1261 1842 158 44 weiter

311 1927 61 30 zu
404 1908 229 51 erzählen.
668 1911 69 48 Ich
760 1911 180 60 glaube,
972 1917 84 45 wir
1078 1913 214 60 sprachen
1317 1920 102 43 ein»

313 1986 92 49 mal
438 1986 174 60 davon,
645 1987 69 50 als
747 1988 79 49 Du
859 1988 173 50 lebtest.

374 2065 137 49 Aber
527 2065 73 49 die
615 2066 295 61 Hauptsache
927 2072 58 43 ist
1001 2067 109 50 doch
1133 2068 81 49 der
1230 2070 188 58 Posten,

311 2160 58 30 so
391 2152 177 50 sagtest
586 2143 96 57 Du,
715 2143 226 60 gleichviel
962 2145 203 57 welcher,
1186 2146 98 48 und
1306 2146 112 48 auch

311 2237 139 32 wenn
484 2239 48 30 es
565 2239 89 30 nur
686 2226 74 43 ein
791 2222 296 51 unbestallter
1118 2223 95 49 und
1246 2223 170 50 selbst»

311 2298 306 59 geschaffener
657 2303 141 54 wäre,
837 2298 95 50 und
971 2300 80 48 der
1087 2301 329 49 Uniformierte

311 2381 70 43 sei
414 2376 167 49 letzten
606 2377 159 50 Endes
798 2395 86 32 nur
906 2382 72 45 ein
998 2378 282 61 sinnfälliges
1303 2378 112 49 Ab»

313 2453 96 48 bild
441 2454 263 61 desjenigen
737 2454 355 59 Soldatentums,
1127 2456 103 48 dem
1261 2456 155 49 keiner

313 2531 236 49 entlaufen
583 2532 135 49 kann.
753 2532 64 49 So
850 2532 161 49 bedarf
1038 2551 49 30 es
1119 2532 121 49 denn
1261 2533 155 50 keiner

311 2608 416 62 Entschuldigung,
766 2611 219 48 vielmehr
1023 2609 266 61 obliegen
1332 2616 87 43 mir

311 2686 126 49 diese
469 2687 166 57 Briefe,
667 2687 111 49 auch
811 2706 137 30 wenn
978 2693 66 43 sie
1077 2706 87 30 nur
1197 2688 72 48 die
1292 2693 122 43 eines

310 2764 287 61 freiwilligen
652 2766 376 48 Grenzwächters
1081 2764 118 60 sind,
1251 2766 164 49 dessen

309 2841 197 52 Dienste
564 2843 280 61 unbegehrt,
898 2843 163 50 dessen
1108 2843 308 51 verzweifelte

309 2919 201 51 Zeichen
543 2932 111 38 stets
689 2921 340 50 unverstanden
1061 2921 190 49 blieben.

370 2998 66 48 So
468 2998 113 50 höre
612 2998 138 57 denn,
780 3004 88 44 wie
899 3017 50 31 es
981 3004 278 55 weiterging.

370 3077 95 48 Als
499 3078 65 48 ich
596 3096 89 30 vor
717 3077 102 49 dem
850 3077 145 49 Hotel
1015 3077 122 48 Belle
1159 3077 110 48 Vue
1302 3093 113 32 aus»

308 3161 141 53 stieg,
490 3175 100 30 war
630 3175 48 30 es
711 3156 314 55 Mitternacht,
1066 3154 95 49 und
1200 3173 97 30 von
1336 3154 80 50 der

308 3232 147 48 Fahrt
496 3238 45 43 in
583 3233 80 48 der
703 3233 284 50 überhitzten
1020 3232 269 48 Kohlenluft
1321 3230 95 50 und

306 3309 107 50 dem
437 3310 455 61 Auswendiglernen
922 3310 235 60 erschöpft,
1190 3309 139 48 nahm
1352 3309 64 48 ich

306 3387 83 49 das
422 3401 121 38 erste
573 3390 128 49 beste
723 3389 368 54 Staatszimmer,-
1123 3407 60 29 zu
1214 3388 201 58 Kriegs»

305 3473 196 52 preisen.
535 3468 137 48 Auch
705 3484 90 44 zog
827 3467 128 57 noch,
986 3477 122 38 trotz
1139 3465 80 49 der
1251 3472 164 56 späten

304 3544 200 59 Stunde,
551 3551 74 43 ein
675 3544 247 48 aufrechter
971 3543 186 49 Pikkolo
1207 3549 84 43 mit
1331 3562 84 42 ge»

305 3623 185 51 deckten
531 3623 239 49 Schüsseln
818 3620 313 63 schwungvoll
1170 3623 103 56 auf,
1320 3622 96 48 und

304 3718 51 32 es
403 3719 159 32 waren
602 3719 88 31 nur
737 3699 127 50 mehr
907 3718 55 29 so
1002 3699 278 60 abgelegene
1321 3699 95 48 und

305 3779 342 51 unbeschwerte
678 3778 150 49 Bilder
859 3783 89 43 wie
981 3778 72 48 die
1085 3777 80 49 des
1198 3778 217 61 Marquis

304 3876 99 31 von
427 3859 217 48 Carabas
678 3857 94 49 und
805 3857 79 49 des
918 3855 285 61 gestiefelten
1226 3857 187 57 Katers,

304 3953 59 32 an
398 3937 199 49 welchen
631 3935 64 50 ich
728 3934 212 50 festhielt,
991 3934 4 52 ,

1540 673 139 49 Nicht
1711 692 55 30 so
1800 674 81 48 der
1913 674 394 52 stellvertretende
2338 679 136 48 Herr.

1537 750 150 50 Allzu
1719 757 139 55 zeitig
1890 751 109 63 hing
2022 770 50 31 er
2092 753 137 49 schon
2255 772 74 30 am
2351 753 238 62 Telephon

1476 828 97 48 und
1606 829 88 60 gab
1730 834 85 44 mir
1847 835 127 43 seine
2006 830 299 61 Besorgnisse
2338 831 135 50 kund.
2510 834 76 48 In»

1473 906 126 60 folge
1656 911 125 45 eines
1840 925 152 31 neuen
2040 909 240 57 Erlasses,
2331 909 89 49 daß
2467 911 122 59 jeder

1473 985 230 61 Vortrag,
1736 985 193 50 welcher
1961 986 89 49 sich
2075 993 84 42 mit
2180 986 104 50 dem
2307 988 172 61 Kriege
2503 989 86 48 he»

1473 1061 141 57 faßte,
1656 1063 101 48 acht
1788 1060 130 64 Tage
1951 1082 89 30 vor
2072 1064 105 49 dem
2209 1063 189 50 Termin
2431 1071 159 55 einge»

1472 1140 136 48 reicht
1639 1140 185 50 werden
1847 1148 173 50 müsse,
2051 1141 111 51 hielt
2183 1148 112 56 jetzt
2317 1143 82 48 das
2425 1143 164 49 Gene»

1471 1218 352 49 ralkommando
1840 1225 83 43 mit
1940 1220 80 48 der
2031 1220 361 62 Genehmigung
2407 1221 178 49 zurück,

1537 1296 102 49 »O!
1680 1296 72 49 Es
1785 1296 116 49 wird
1934 1314 84 43 gar
2050 1298 141 49 nichts
2225 1315 148 43 gegen
2406 1304 181 43 meinen

1470 1371 213 61 Vortrag
1724 1372 330 51 einzuwenden
2094 1375 196 58 haben,«
2333 1386 132 50 sagte
2506 1376 81 56 ich,

1470 1449 89 49 den
1575 1450 292 61 Ellenbogen
1894 1451 195 62 bequem
2115 1454 303 59 aufgestützt,
2436 1459 46 43 in
2500 1454 83 48 das

1468 1526 129 48 Rohr
1628 1526 167 51 hinein,

1533 1604 164 49 »Aber
1744 1607 127 47 nein!
1927 1606 136 48 Aber
2110 1606 279 51 keinesfalls!
2440 1609 142 48 Diese

1468 1681 342 62 Versicherung
1840 1684 119 49 habe
1992 1684 63 48 ich
2089 1685 112 48 auch
2234 1686 85 47 auf
2347 1686 83 48 das
2464 1704 116 30 aus»

1467 1760 292 49 drücklichste
1792 1762 221 60 gegeben,
2054 1762 95 49 und
2181 1764 63 48 ich
2277 1764 117 48 habe
2416 1765 166 60 kräftig

1466 1839 305 59 vorgebaut,«
1814 1839 137 61 klang
1983 1858 48 31 es
2065 1840 184 58 lebhaft,
2289 1842 93 47 fast
2413 1842 165 60 aufge»

1465 1926 101 48 regt
1598 1916 179 50 zurück.

1527 1992 134 57 Nun,
1701 1992 157 50 dachte
1890 1993 80 56 ich,
2011 1993 59 49 da
2102 2000 60 43 ist
2192 1995 198 59 jemand,
2421 1995 80 49 der
2531 2001 49 55 ja

1465 2071 87 47 auf
1578 2068 82 49 das
1683 2070 461 50 Zustandekommen
2177 2077 170 43 meiner
2369 2073 124 49 Rede
2515 2091 61 31 zu

1463 2146 205 49 brennen
1715 2147 180 50 scheint.
1946 2148 77 49 Da
2070 2150 124 47 kann
2241 2148 64 50 ich
2352 2155 87 43 mir
2486 2150 89 48 den

1465 2225 158 48 Luxus
1656 2223 80 50 der
1767 2236 113 38 stets
1913 2244 54 30 so
2001 2226 279 49 kleidsamen
2314 2227 262 50 Gelassen»

1463 2301 94 49 heit
1590 2303 234 50 erlauben,

1527 2380 256 48 »Hailoh!«

1527 2457 137 61 »Ja?«
1696 2470 133 48 sagte
1861 2458 76 49 ich.

1527 2536 113 48 »Ah
1716 2537 64 47 ich
1790 2536 170 57 dachte,
1970 2541 85 43 wir
2064 2542 124 43 seien
2199 2537 373 51 unterbrochen,«

1462 2612 114 48 Und
1598 2630 48 30 er
1672 2613 165 59 fragte,
1867 2631 79 29 um
1970 2612 166 50 welche
2153 2613 110 49 Zeit
2284 2631 49 31 er
2355 2613 72 50 die
2445 2613 128 51 Ehre

1461 2689 150 49 haben
1667 2689 182 58 würde,
1905 2708 97 31 von
2058 2696 85 43 mir
2190 2691 274 61 empfangen
2511 2711 61 31 zu

1461 2767 213 49 werden?

1526 2848 125 47 »Um
1682 2847 30 48 5
1745 2846 146 48 Uhr.«

1524 2924 70 49 Er
1633 2924 80 49 bat
1753 2924 112 47 mich
1913 2923 217 50 mittlerer
2134 2923 151 59 weile,
2335 2924 88 50 den
2464 2924 109 50 Saal

1463 3002 80 49 des
1584 3002 395 48 Künstlerhauses
2028 3002 265 49 anzusehen
2332 3002 98 49 und
2469 3004 106 49 dort

1465 3084 147 45 meine
1632 3081 375 59 Bestimmungen
2028 3098 61 30 zu
2110 3082 171 47 treffen.
2315 3081 92 47 Ein
2432 3082 141 47 Auto

1463 3157 181 48 brächte
1675 3157 111 48 mich
1819 3162 44 43 in
1898 3163 210 55 wenigen
2141 3158 220 48 Minuten
2394 3158 93 50 hin.

1527 3234 68 49 Ich
1628 3234 140 49 nahm
1801 3234 73 49 die
1904 3234 295 49 Elektrische.
2327 3236 114 48 Wie
2473 3241 102 43 eine

1463 3310 186 50 Sächsin
1680 3316 162 43 mitten
1875 3322 134 38 unter
2041 3310 196 50 Sachsen
2270 3310 104 50 fuhr
2398 3312 65 48 ich
2486 3312 89 49 da»

1463 3388 93 58 hin,
1595 3388 69 49 bis
1706 3393 85 44 mir
1832 3388 78 49 der
1942 3388 227 49 Schaffner
2202 3401 145 48 sagte,
2380 3389 97 48 hier
2506 3396 69 43 sei

1463 3467 73 48 die
1567 3465 338 50 Albertstraße,
1938 3465 102 49 Das
2063 3465 339 51 Künstlerhaus
2436 3468 140 48 stand

1462 3543 104 49 hart
1598 3562 88 30 vor
1719 3549 96 42 mir.
1852 3544 81 48 Ob
1967 3544 112 47 mich
2114 3549 73 43 ein
2209 3544 123 48 Herr
2365 3544 113 50 oder
2500 3552 75 43 ein

1463 3620 220 50 Fräulein
1705 3639 109 31 zum
1835 3620 108 50 Saal
1966 3620 228 61 geleitete,
2225 3622 121 49 weiß
2369 3622 65 48 ich
2456 3623 120 48 nicht

1463 3699 144 57 mehr,
1647 3704 148 45 meine
1835 3699 239 50 Wünsche
2115 3700 132 56 aber,
2286 3700 168 50 welche
2495 3702 81 48 der

1463 3777 391 50 stellvertretende
1885 3778 124 48 Herr
2041 3777 173 50 ebenso
2247 3778 119 49 viele
2390 3778 187 49 Befehle

1463 3864 202 51 genannt
1697 3854 141 56 hatte,
1876 3854 169 48 sollten
2084 3854 89 48 sich
2206 3854 266 62 durchwegs
2507 3857 69 49 als

1463 3939 140 45 weise
1620 3932 374 60 Vorkehrungen
2012 3932 215 60 ergeben,
2248 3933 329 52 insbesondere
