3311 4572
926 502 145 49 PauC
1095 502 228 51 Cfaudef
1339 529 9 12 ■
1373 506 116 51 Der
1514 508 225 62 Rußetag

2322 512 123 53 1087

305 683 210 61 Wären
557 684 111 59 sie?
712 684 121 61 Wo
876 696 70 51 ist
986 688 101 61 das
1130 691 166 70 Licht,
1340 692 171 62 damit
1550 719 130 35 man
1722 696 234 59 schaue?

305 776 147 61 Kein
492 776 149 59 Licht
686 786 69 51 ist
795 778 134 71 hier,
971 805 36 36 o
1049 792 145 51 mein
1235 785 176 71 Sohn,
1454 787 115 60 und
1609 787 161 61 keine
1809 788 149 61 Zeit.

302 868 184 61 Keine
525 867 134 61 Zeit
698 877 70 52 ist
807 870 141 62 hier!
993 896 62 39 es
1096 884 71 51 ist
1205 875 124 62 kein
1370 879 194 61 Ende!
1610 903 60 38 es
1713 890 70 51 ist
1822 880 126 61 kein
1989 881 174 62 Maß!

303 962 137 59 Der
480 960 266 62 Kaiser:
799 964 124 59 Das
967 965 239 62 Grauen
1247 974 216 72 ergreift
1502 974 153 70 midi,
1703 973 138 62 höre
1889 975 75 60 ich
2008 975 113 60 dich
2164 985 53 52 in
2259 978 181 62 dieser

228 1054 271 63 Blindheit
537 1054 192 71 reden,
769 1055 259 64 leibloses
1070 1060 170 78 Ding,
1284 1063 291 79 Gespenst
1613 1077 209 51 meiner
1862 1068 251 62 Mutter!

303 1148 60 60 O
404 1147 209 69 Elend,
652 1148 116 76 gibt
807 1172 60 38 es
910 1150 146 61 denn
1097 1153 159 61 keine
1295 1156 274 80 Rettung?
1609 1159 246 63 Müssen
1888 1171 104 52 wir
2032 1163 108 61 alle
2180 1164 169 61 hinab
2382 1175 55 52 in

228 1241 97 59 das
367 1238 459 64 unabwendbare
867 1242 259 62 Dunkel?

298 1333 128 60 Die
467 1331 282 65 Mutter:
790 1335 233 77 Ewiges
1065 1337 310 64 Unwissen
1417 1351 69 51 ist
1525 1354 145 50 mein
1710 1342 143 66 Teil.

298 1426 139 60 Der
461 1425 268 63 Kaiser:
764 1427 83 60 Idh
872 1430 193 61 werde
1091 1432 138 59 nidit
1253 1434 366 63 schwankend
1643 1440 229 60 werden
1898 1450 54 51 in
1978 1451 239 52 meinem
2245 1444 188 72 Geist,

226 1519 70 59 idi
336 1517 149 61 lasse
524 1520 132 58 midi
691 1521 138 59 nidit
859 1521 238 73 beirren,
1136 1534 110 51 wie
1277 1535 88 51 ein
1397 1529 317 62 verlorener
1746 1533 253 71 Mensch,
2038 1544 98 52 mit
2168 1537 265 60 Wieder*

224 1610 114 61 und
377 1610 550 65 Wiederbedenken,

297 1704 141 60 Dies
486 1704 301 79 bekräftige
837 1708 75 60 ich
961 1718 72 51 im
1077 1709 217 73 Grabe,
1343 1722 74 51 im
1456 1714 226 61 Herzen
1723 1716 98 61 der
1860 1719 314 61 schwarzen
2216 1721 212 72 Weile,

297 1797 58 60 In
397 1797 189 61 Nacht
626 1799 118 60 und
785 1810 73 50 im
899 1801 226 62 Nichts!

296 1888 139 61 Und
475 1891 76 58 ich
592 1891 271 72 bekenne,
905 1893 109 63 daß
1055 1905 55 51 in
1150 1896 129 61 dem
1318 1907 202 52 weiten
1561 1900 245 62 Himmel
1845 1904 116 59 und
2000 1905 107 59 auf
2140 1905 97 61 der
2268 1906 160 62 Erde

222 1990 174 52 sowie
435 1991 55 51 in
532 1982 100 61 der
670 1981 164 65 Tiefe
871 1987 99 60 der
1009 2004 286 46 untersten
1337 1990 319 63 Unterwelt

296 2074 407 78 Gerechtigkeit
743 2088 89 61 ist,
873 2081 108 59 auf
1014 2091 164 68 ewig,
1218 2107 205 52 genau,
1465 2084 148 62 ohne
1652 2086 157 61 Fehl.

296 2166 414 79 Uranfänglidi,
752 2170 127 61 dem
920 2172 221 62 Wesen
1182 2177 409 76 wesensgleich,
1658 2198 5 17 1

293 2259 140 61 Hält
480 2269 81 52 sie
608 2263 105 60 sich
763 2263 174 62 selbst
985 2274 55 51 in
1088 2267 164 61 allem
1293 2268 215 61 Dasein
1558 2269 89 61 die
1688 2271 190 77 Wage
1925 2273 116 60 und
2088 2276 165 61 nichts
2296 2292 129 46 ent*

221 2352 222 79 schlüpft:
482 2353 174 61 ihrem
688 2356 163 62 Maß.

292 2445 123 71 Dir,
457 2470 37 37 o
536 2447 241 72 Mutter,
818 2459 71 52 ist
929 2451 182 62 dieser
1152 2452 114 61 Ort
1305 2455 139 58 nicht
1482 2456 265 75 grundlos
1788 2466 368 67 angewiesen.

291 2537 127 64 Die
449 2539 281 63 Mutter:
772 2542 122 71 Ah,
927 2544 96 61 ah!
1068 2546 75 60 ich
1177 2545 146 62 habe
1355 2549 165 59 nichts
1555 2550 359 60 verbrochen!
1948 2559 185 62 wisse,
2168 2553 75 58 ich
2276 2551 147 62 habe

218 2627 154 64 keine
412 2633 310 62 Vorschrift
760 2636 252 63 verletzt.

289 2723 80 59 Ich
411 2724 130 61 hielt
572 2728 134 59 mich
740 2728 221 62 ehrsam
993 2739 110 52 wie
1136 2730 89 61 die
1258 2733 188 60 Dame
1477 2757 114 37 von
1624 2734 130 61 Kin,
1795 2735 120 61 Still
1948 2735 115 60 und
2095 2735 325 63 bescheiden

219 2815 202 63 achtete
462 2819 75 60 ich
579 2820 109 60 auf
720 2822 89 59 die
851 2822 224 78 Spiegel
1117 2824 101 63 des
1258 2827 314 60 Anstands.

288 2908 80 60 Ich
410 2912 258 61 schmälte
708 2916 139 58 nicht
887 2925 98 50 mit
1026 2916 109 62 den
1177 2917 411 62 Nebenfrauen
1638 2920 116 59 und
1801 2920 143 60 lebte
1985 2928 52 52 in
2079 2921 96 61 der
2215 2922 205 62 Furcht

216 3011 204 53 meines
466 3005 232 62 Gatten.

288 3094 216 64 Wehe!
548 3123 122 37 was
712 3100 106 61 soll
858 3110 88 52 ein
971 3101 178 62 Weib
1190 3105 134 58 auch
1365 3106 131 59 tun?
1536 3105 145 60 Man
1722 3105 95 61 hat
1855 3105 81 61 ihr
1969 3106 89 60 die
2090 3106 164 62 Füße
2284 3132 135 36 ver*

214 3190 295 70 stümmelt.

287 3279 94 62 Sie
435 3281 148 63 kann
640 3285 164 61 allein
852 3288 194 61 weder
1101 3288 145 77 gehn
1295 3290 135 60 noch
1470 3289 181 70 stehn,
1705 3298 80 52 sie
1832 3289 112 61 lebt
1992 3299 110 52 wie
2157 3301 88 50 ein
2296 3302 122 51 ein*

213 3391 328 58 gespanntes
581 3373 134 66 Tier
754 3396 163 44 unter
956 3381 99 61 der
1093 3382 179 61 Zucht
1304 3392 149 51 eines
1493 3382 295 61 Fremden,

285 3464 162 65 Mein
487 3471 220 61 Leben!

284 3557 79 62 Ich
405 3563 151 60 starb
589 3563 81 61 als
705 3566 110 60 alte
847 3566 176 71 Frau,
1067 3567 134 61 doch
1234 3577 109 51 wie
1375 3567 135 62 kurz
1543 3569 260 59 erscheint
1842 3590 60 38 es
1936 3569 124 59 mir!
2103 3569 161 60 Kurz
2298 3571 119 61 und

212 3669 67 39 an
320 3651 180 64 Glück
541 3665 110 52 wie
691 3660 141 58 arm!
912 3659 141 61 Und
1093 3660 117 61 hier
1249 3670 179 51 meine
1469 3660 179 61 Stätte
1688 3683 114 37 nun
1844 3660 89 60 für
1971 3669 207 52 immer.

282 3742 160 65 Blind
481 3749 93 60 bin
616 3750 76 60 ich
734 3760 381 70 eingegangen
1154 3777 131 37 zum
1326 3753 222 61 blinden
1590 3753 131 70 Ort,
1761 3753 116 59 und
1909 3762 144 50 mein
2085 3753 329 63 Verweilen

214 3838 64 54 ist
316 3836 90 63 die
444 3840 428 83 Verblendung.

282 3927 136 64 Der
457 3934 268 62 Kaiser:
769 3937 195 60 Blind?
