1629 2540
1408 2169 54 48 71

581 254 154 39 UEBER
762 252 97 38 DEN
888 248 225 42 KRITIKER

333 334 64 30 Vor
421 334 120 37 einigen
564 331 139 31 Wochen
790 329 147 37 angeregt
959 334 63 22 von
1044 323 132 31 Herbert
1201 319 175 38 Eulenberg

252 380 199 38 beschäftigte
476 379 49 30 die
548 376 215 40 bürgerlichen
810 373 249 31 Feuilletonisten
1107 369 48 30 die
1201 366 219 41 „interessante

253 427 99 38 Frage
373 435 71 22 vom
466 425 101 31 Werte
589 424 54 30 der
664 422 106 32 Kritik.
804 420 110 39 Seicht,
936 419 60 30 wie
1018 418 56 29 das
1100 414 144 32 Problem
1267 422 62 22 von
1350 419 73 23 vorn-

253 474 103 30 herein
373 472 169 39 angepackt
558 479 76 30 war,
652 468 180 40 plätscherte
851 467 66 30 sein
935 466 62 29 Für
1013 463 64 31 und
1095 461 107 32 Wider
1218 460 77 30 bloß
1315 468 51 21 um
1385 457 56 30 das

253 521 163 38 mutwillig
435 529 56 21 aus
510 518 98 40 jedem
629 514 271 37 Zusammenhang
921 512 155 38 gerissene
1097 508 180 31 Phänomen
1299 505 62 38 (für
1382 503 59 30 den

254 567 248 32 Feuilletonisten
527 563 119 32 besteht
672 564 29 37 ja
727 562 49 30 die
798 560 81 30 Welt
905 567 56 21 aus
985 558 99 30 einem
1109 553 123 32 Mosaik
1258 560 72 23 vom
1356 550 64 30 Him-

253 614 59 31 mel
338 613 165 39 gefallener
529 609 160 38 Meteore),
715 617 52 21 um
794 606 48 31 die
867 606 109 36 Frage,
1004 603 41 30 ob
1073 611 31 21 es
1133 600 58 30 den
1219 600 222 36 Zeitgenossen

254 660 135 38 möglich
408 660 53 37 sei,
480 657 65 31 sich
564 665 72 22 vom
654 653 190 32 Geschmack
863 652 55 30 der
936 647 195 40 Tagesmode
1150 655 40 21 zu
1209 644 232 37 emancipieren,

255 719 51 20 um
329 708 48 30 die
397 705 182 32 ästhetische
602 703 190 37 Kompetenz
816 699 53 30 des
890 694 270 41 Unproduktiven,
1203 700 52 21 um
1298 689 49 30 die
1388 687 55 30 mit

255 756 114 29 seinem
399 748 312 35 durchschnittlichen
739 747 159 36 Versagen
925 740 198 33 verbundene
1154 737 287 35 Einschüchterung

256 800 53 32 des
334 797 240 42 „Schaffenden“
600 813 37 4 -
662 793 66 31 und
750 791 125 40 gipfelte
897 790 32 30 in
954 787 54 31 der
1030 796 37 22 so
1091 784 125 41 gerecht
1239 783 204 30 scheinenden

256 846 184 37 Forderung
456 844 79 30 nach
553 840 187 37 Abstellung
756 839 55 29 der
826 834 200 39 Nachtkritik,
1046 833 49 30 bei
1112 830 132 32 welcher
1263 828 54 31 der
1334 828 98 31 Rezen

256 896 66 28 sent
345 893 56 29 das
426 891 114 36 emsige
563 887 92 32 Werk
678 886 45 30 oft
748 885 116 37 einiger
888 882 94 37 Jahre
1004 879 82 31 noch
1110 877 99 40 gleich
1234 875 118 38 nachts,
1376 874 68 29 also

257 940 81 30 ohne
359 936 200 40 gründliches
580 933 200 31 Nachsinnen
804 929 108 40 (damit
934 927 188 36 anderntags
1143 924 50 30 die
1214 921 230 38 schöngeistige

258 981 355 35 Premierenbesucherin
640 980 55 30 mit
721 978 83 30 ihrer
831 976 151 36 Meinung
1009 973 80 29 beim
1117 970 82 30 Thee
1226 967 100 32 sicher
1353 965 91 39 gehe)

257 1032 54 30 mit
334 1030 143 38 wenigen
501 1027 129 31 Worten
657 1025 126 37 richten,
807 1023 84 30 seine
914 1020 152 36 Wirkung
1091 1015 176 33 vernichten
1294 1013 75 31 oder
1393 1020 35 21 zu-

257 1079 132 32 mindest
413 1077 50 31 auf
488 1075 94 38 Jahre
604 1074 172 35 verzögern
801 1070 89 30 kann.
936 1066 110 30 Dieses
1070 1062 159 32 mühelose
1254 1057 191 37 Aburteilen,

256 1136 63 21 von
340 1125 52 30 der
412 1119 254 39 Leichtfertigkeit
687 1117 54 31 der
760 1113 239 42 gerngeführten
1020 1109 207 37 Kleinbürger
1247 1105 128 32 niemals
1396 1112 34 29 ge-

258 1180 154 29 zwungen
435 1169 65 30 sich
524 1167 50 32 auf
597 1166 50 30 die
670 1162 150 33 leitenden
844 1159 181 33 Richtlinien
1048 1155 188 37 festzulegen
1259 1151 65 31 und
1347 1157 84 23 inner-

258 1218 73 31 halb
356 1217 82 31 eines
462 1215 133 38 Systems
620 1220 40 22 zu
682 1208 238 38 verantworten,
943 1205 54 30 hat
1020 1201 168 32 zweifellos
1213 1201 96 29 etwas
1335 1197 91 37 Empö-

260 1264 111 31 rendes
460 1261 82 38 aber,
567 1268 37 21 so
627 1258 106 37 wenig
759 1255 54 30 der
835 1251 157 33 kritiklose
1016 1248 133 33 Kritiker
1175 1245 99 31 durch
1302 1242 128 39 langwie-

260 1312 82 37 riges
367 1307 209 32 Nachdenken
602 1303 169 40 gescheiter
797 1298 120 39 würde,
943 1307 37 21 so
1006 1295 105 38 wenig
1137 1292 81 32 wird
1244 1291 50 30 die
1319 1288 114 38 sorgfäl-

260 1358 91 37 tigste
370 1352 244 40 Ueberprüfung
637 1350 53 30 des
710 1345 219 34 Kunstwerkes
950 1343 54 31 ihn
1026 1342 115 36 lehren,
1162 1340 49 29 bei
1236 1338 100 30 seiner
1358 1336 74 29 Beur-

261 1403 117 38 teilung
404 1400 117 31 andern
547 1396 177 38 Prinzipien
750 1402 40 22 zu
815 1391 116 39 folgen,
957 1390 45 30 als
1028 1388 97 30 denen
1152 1395 32 21 er
1209 1385 49 30 bis
1285 1392 39 21 zu
1353 1383 94 30 einem

261 1450 125 31 äußerst
404 1446 104 31 hohen
527 1443 106 32 Grade
651 1451 40 21 zu
709 1441 106 38 folgen
834 1444 195 33 gezwungen
1049 1435 48 30 ist.

345 1511 59 30 Die
435 1507 143 41 groteske
607 1504 185 36 Forderung
823 1501 54 34 der
907 1495 304 35 übermenschlichen
1240 1491 210 40 Objektivität,

263 1559 49 30 die
332 1567 39 21 an
392 1556 54 31 ihn
465 1553 120 40 gestellt
605 1551 91 39 wird,
717 1550 107 37 bringt
846 1547 59 30 den
926 1544 122 33 Krtiker
1067 1545 32 29 in
1121 1543 66 29 eine
1208 1548 87 23 zwar
1316 1537 135 38 weniger

261 1600 318 42 gemeingefährliche,
597 1598 74 31 aber
688 1596 115 31 ebenso
821 1593 166 37 verlogene
1004 1590 142 30 Position
1162 1588 61 30 wie
1241 1585 58 31 den
1316 1583 136 32 Richter:

261 1650 61 30 wie
342 1649 109 37 dieser,
475 1656 63 21 von
563 1645 54 31 der
640 1643 69 31 Idee
731 1641 54 31 des
808 1635 332 42 übergesellschaftlich
1163 1633 139 39 gültigen
1326 1629 126 33 Rechtes

263 1693 188 41 ausgehend,
479 1693 55 30 mit
563 1693 97 28 einem
687 1688 122 31 kühnen
839 1686 127 38 Sprung
994 1682 66 31 sich
1089 1681 51 30 auf
1169 1679 59 30 den
1258 1674 194 40 Standpunkt

263 1742 105 31 stellen
387 1740 86 40 muß,
494 1738 62 31 daß
578 1736 77 31 auch
677 1735 56 30 das
755 1731 144 32 hinieden
919 1728 162 38 waltende,
1102 1723 217 42 gehandhabte
1340 1722 113 30 Gesetz

263 1787 168 40 göttlichen
448 1786 186 37 Ursprungs
652 1780 64 31 und
736 1779 84 31 nicht
837 1777 54 31 das
910 1775 152 38 Ergebnis
1081 1775 81 29 einer
1179 1768 274 37 verhältnismäßig

264 1834 216 36 kurzfristigen
501 1827 226 33 menschlichen
748 1822 242 33 Uebereinkunft
1011 1822 41 28 im
1075 1819 94 31 Sinne
1191 1817 54 30 der
1266 1815 170 31 Herrschen-

266 1881 58 31 den
346 1881 49 37 ist,
420 1887 36 21 so
479 1876 141 37 verlangt
643 1873 55 30 das
723 1870 162 32 Publikum
911 1867 78 31 auch
1013 1875 63 22 von
1100 1865 114 30 seinem
1238 1862 133 31 Kritiker
1395 1860 59 30 den

266 1926 143 33 Glauben
427 1933 39 21 an
488 1923 55 30 das
564 1919 123 32 absolut
707 1917 130 39 Schöne,
856 1914 84 32 nicht
958 1913 77 30 bloß
1056 1912 45 30 als
1120 1910 78 39 Idee,
1218 1907 138 32 sondern
1376 1906 79 31 auch

267 1975 45 30 als
334 1970 224 40 Konglomerat
582 1968 81 36 ewig
688 1961 287 34 unveränderlicher
999 1957 64 32 und
1088 1957 63 30 ihm
1176 1955 154 32 natürlich
1354 1953 85 39 geläu-

267 2022 78 37 figer
369 2017 186 38 Prinzipien.
599 2012 76 32 Und
698 2013 33 30 in
757 2010 54 31 der
835 2008 137 31 schönen
999 2004 187 38 Gewißheit,
1211 2001 61 31 daß
1300 2011 31 20 es
1358 1999 98 31 selber

269 2069 74 37 eins,
367 2065 88 38 zwei,
481 2062 64 31 drei
569 2060 81 31 dazu
674 2056 151 34 imstande
848 2055 52 38 sei,
923 2053 142 37 verlangt
1089 2060 31 21 es
1145 2058 72 22 vom
1242 2046 214 33 Kunstrichter

267 2116 60 30 wie
353 2122 72 22 vom
452 2110 130 38 Richter,
611 2109 66 30 eine
703 2105 97 39 völlig
827 2100 246 41 unpersönliche,
1103 2107 63 22 von
1197 2097 79 30 allen
1305 2095 151 31 Gesetzen
