1586 2540
450 2140 80 30 DAS
554 2141 220 30 DEUTSCHE
798 2137 224 37 GESCHÄFT

163 2140 122 37 George
310 2140 118 30 Grosz

262 2188 51 21 Die
329 2189 78 18 Schuld
421 2195 27 13 an
463 2190 40 18 den
519 2189 108 20 Ursachen
641 2190 37 19 des
693 2191 86 24 Krieges
794 2191 62 19 lastet
870 2191 35 19 auf
919 2192 41 18 den
975 2192 110 20 Schultern
1099 2198 86 15 unserer
1199 2194 84 20 Feinde.
1310 2196 42 19 Der

160 2214 155 22 Gewaltfriede,
329 2214 41 19 den
385 2219 48 14 man
447 2219 40 14 uns
502 2214 104 19 diktieren
619 2215 49 23 will,
686 2216 99 19 bedeutet
798 2216 146 25 Versklavung
961 2217 37 19 des
1013 2217 115 20 deutschen
1142 2219 78 19 Volkes
1238 2221 32 18 für
1284 2222 68 23 ewige

159 2238 81 19 Zeiten.
254 2252 5 5 .
273 2253 5 4 .
292 2253 5 4 .
312 2238 39 19 Die
366 2239 20 18 in
401 2239 69 18 harter
483 2239 54 19 Fron
556 2240 176 19 aufwachsenden
747 2241 78 20 Kinder
844 2242 111 19 deutscher
969 2242 80 19 Frauen
1072 2243 84 19 werden
1174 2244 22 18 in
1215 2246 47 18 dem
1276 2245 76 21 Willen

160 2268 91 19 erzogen
265 2264 90 22 werden,
370 2264 33 18 die
418 2264 165 19 Sklavenketten
598 2271 27 13 zu
639 2266 91 19 brechen
744 2266 44 19 und
802 2266 34 19 die
847 2266 102 19 Schmach
964 2268 159 22 abzuwaschen,
1138 2269 34 18 die
1186 2274 97 15 unserem
1294 2271 47 19 deut-

159 2289 66 18 schen
240 2289 79 18 Antlitz
334 2285 101 28 zugefügt
448 2289 85 19 werden
547 2290 55 18 soll.«
957 2292 52 24 Abg.
1023 2292 136 19 Fehrenbach
1174 2294 37 23 (im
1225 2294 49 19 Juni
1290 2295 61 25 1919).

261 2322 46 20 »Ich
320 2322 37 19 bin
371 2322 34 19 ein
416 2322 59 19 Greis
489 2323 43 18 und
547 2323 53 19 habe
614 2323 56 19 mich
684 2323 75 19 immer
773 2324 65 19 selbst
851 2324 31 19 als
896 2325 61 18 einen
972 2325 107 19 ehrlichen
1088 2326 66 19 Mann
1168 2327 123 21 betrachtet.
1317 2329 35 19 Ich

160 2346 80 19 fürchte
255 2347 57 18 mich
324 2347 64 22 nicht,
402 2352 38 14 vor
454 2347 50 19 Gott
519 2353 97 14 unserem
630 2349 98 18 obersten
743 2349 82 19 Richter
839 2355 26 13 zu
879 2350 141 19 erscheinen.«

929 2374 161 22 Reichskanzler
1102 2376 135 20 Fehrenbach
1255 2378 22 18 in
1291 2378 60 24 Spaa.
