1596 2540
168 2158 45 49 70

896 896 177 37 George
1100 894 153 31 Grosz

151 245 81 30 Eure
254 242 197 32 individuelle
475 241 204 38 Absperrung
703 239 60 39 auf,
788 238 65 30 laßt
879 238 85 30 Euch
988 246 62 22 von
1077 236 58 31 den
1160 235 89 31 Ideen
1276 234 52 30 der

150 289 196 32 arbeitenden
373 287 167 31 Menschen
565 285 133 31 erfassen
723 283 65 31 und
812 283 73 31 helft
909 283 92 30 ihnen
1027 284 41 29 im
1093 282 111 38 Kampf
1230 289 98 31 gegen

152 337 49 30 die
228 336 160 30 verrottete
412 331 210 32 Gesellschaft.

234 382 74 29 Dies
325 379 136 31 schreibe
481 378 49 31 ich
547 387 39 21 an
606 377 89 30 Stelle
712 375 54 32 der
783 385 37 21 so
839 375 159 37 beliebten,
1017 375 107 28 immer
1142 373 65 30 und
1224 374 106 28 immer

151 427 114 32 wieder
282 425 219 39 gewünschten
520 422 261 39 biographischen
801 421 142 30 Notizen.
985 420 41 30 Es
1043 428 67 21 war
1128 420 58 29 mir
1204 419 109 30 wesent-

151 474 103 37 licher,
284 470 281 32 Erkenntnisfakten
593 469 65 30 und
686 468 160 38 allgemein
877 466 119 39 gültige
1023 464 222 37 Forderungen
1275 473 56 21 aus

154 519 58 30 den
240 518 214 37 Erfahrungen
479 516 114 30 meines
619 514 117 30 Lebens
761 522 40 22 zu
828 513 109 38 geben,
963 511 46 31 als
1037 511 40 30 all
1104 510 48 31 die
1179 509 153 39 dummen,

153 563 195 32 äußerlichen
367 562 231 38 Zufälligkeiten
617 562 113 29 meines
748 559 117 30 Lebens
887 557 211 39 aufzuzählen,
1117 557 60 29 wie
1196 565 32 21 es
1247 555 85 30 sind:

153 610 54 31 der
226 609 199 38 Geburtstag,
445 606 305 39 Familientradition,
771 603 217 39 Schulbesuch,
1008 605 78 29 erste
1105 603 95 38 Hose,
1223 602 92 31 Künst-

153 656 61 31 lers
237 655 214 30 Erdenwallen
477 663 62 21 von
563 653 53 30 der
640 653 106 37 Wiege
769 651 49 31 bis
842 660 70 21 zum
936 650 114 38 Grabe,
1076 647 257 37 Schaffensdrang

155 702 64 30 und
239 701 133 39 -rausch,
393 702 94 29 erster
509 699 108 38 Erfolg
639 707 78 22 usw.
739 706 77 22 usw.

236 752 67 29 Das
322 750 109 31 Getute
454 757 50 21 um
526 747 55 30 das
603 747 104 37 eigene
727 744 51 31 Ich
799 745 39 30 ist
856 742 205 32 vollkommen
1083 740 171 38 belanglos.

239 842 112 38 Berlin,
374 841 57 30 den
453 840 46 31 16.
519 838 123 39 August
663 838 87 30 1920.
