1583 2540
1436 2235 36 39 33

553 731 213 63 Ohne
812 731 251 63 Bleibe

238 846 31 26 Es
290 853 54 17 war
364 842 159 26 schneidend
544 842 60 25 kalt.

237 888 52 24 Der
310 885 172 26 Schutzmann
501 893 33 16 an
553 885 47 24 der
621 884 66 25 Ecke
708 884 46 24 sah
775 882 81 25 einem
878 882 190 33 angeheiterten
1090 881 170 33 Doppelpaar
1279 884 177 30 griesgrämig

176 931 60 24 nach
258 929 50 25 und
329 928 106 24 knurrte
456 926 139 25 mürrisch.

237 971 87 25 Durch
344 971 48 24 den
412 969 150 29 Gedanken,
582 969 50 25 daß
654 967 71 26 diese
745 968 76 25 Leute
841 975 53 18 nun
913 967 27 25 in
960 966 58 26 ihre
1038 973 116 18 warmen
1173 966 96 25 Stuben
1288 964 168 33 heimgingen

178 1015 48 24 und
245 1020 46 18 vor
313 1013 56 24 dem
390 1010 212 26 Zu-Bett-Gehen
625 1009 128 26 vielleicht
776 1009 68 25 noch
865 1008 94 25 heißen
980 1008 51 26 Tee
1054 1007 108 25 tranken
1184 1007 54 25 und
1260 1006 56 26 eine
1339 1005 105 32 Kleinig-

177 1055 47 25 keit
243 1062 30 17 zu
294 1053 55 24 sich
372 1052 119 29 nahmen,
511 1052 68 24 hatte
601 1058 27 18 er
649 1050 55 25 sich
726 1051 86 24 davon
833 1049 146 32 abbringen
1002 1049 96 30 lassen,
1117 1048 90 26 weiter
1228 1048 43 25 auf
1293 1048 53 24 und
1368 1048 33 24 ab
1424 1055 32 17 zu

177 1096 77 32 gehen
280 1095 51 24 und
358 1094 70 25 seine
455 1093 206 24 durchfrorenen
689 1091 80 25 Beine
796 1091 81 25 durch
905 1089 169 33 zeitweiliges
1102 1089 130 32 Stampfen
1261 1089 197 32 einigermaßen

178 1143 76 19 warm
273 1143 32 18 zu
324 1135 121 26 erhalten.
483 1134 65 32 Jetzt
569 1134 71 25 stach
661 1133 42 25 die
725 1133 75 26 Kälte
820 1131 107 33 doppelt
946 1131 113 33 quälend
1082 1131 26 24 in
1128 1130 65 25 allen
1213 1129 89 26 seinen
1324 1129 134 25 Gliedern.

240 1177 33 25 Er
289 1176 131 26 knirschte
437 1175 167 29 verdrossen,
621 1182 51 24 zog
691 1173 88 26 seinen
799 1173 71 31 Kopf
886 1173 67 24 noch
971 1171 74 26 tiefer
1064 1171 26 25 in
1108 1173 49 24 den
1176 1171 198 32 aufgestülpten,
1394 1172 52 23 star-

177 1225 42 19 ren
244 1217 204 32 Mantelkragen,
475 1217 53 31 bog
553 1216 47 25 mit
626 1214 150 26 sichtlicher
802 1213 216 35 Ueberwindung
1046 1213 41 25 die
1114 1213 234 31 steifgewordenen
1376 1212 82 27 Kniee

178 1260 48 24 und
246 1259 63 32 ging
327 1258 99 26 wieder
444 1256 98 27 weiter.

239 1300 49 25 Die
306 1299 123 27 Stimmen
449 1300 47 24 der
514 1298 133 32 Spätlinge
666 1297 221 25 verschwammen
907 1296 74 25 mehr
1002 1296 53 25 und
1075 1295 80 26 mehr.
1193 1295 34 26 Es
1249 1295 92 25 wurde
1360 1294 100 25 wieder

179 1340 56 27 still.
275 1340 56 26 Wie
358 1340 190 33 ausgestorben
575 1339 94 25 dehnte
694 1338 55 25 sich
784 1338 47 24 das
859 1337 147 25 verlassene
1033 1336 107 25 Geviert
1174 1343 55 18 aus.
1273 1336 98 25 Düster
1406 1336 54 25 und

179 1383 126 25 drückend
325 1383 90 32 ragten
435 1382 42 26 die
496 1380 170 26 Hauswände
684 1387 99 24 empor.
821 1380 53 24 Der
894 1378 98 26 Schnee
1011 1378 44 24 fiel
1075 1377 70 25 dicht
1166 1378 52 24 und
1239 1378 61 24 sehr
1321 1376 87 33 ruhig.

240 1425 143 34 Mißmutig
404 1425 149 26 schwenkte
574 1425 47 24 der
642 1423 174 26 Schutzmann
838 1422 27 25 in
887 1421 56 26 eine
966 1421 113 25 breitere
1100 1421 93 25 Straße
1214 1420 50 26 ein.
1303 1421 92 25 Durch
1418 1420 43 25 die

177 1466 200 32 gleichmäßiger
398 1467 114 24 verteilte
534 1465 181 26 Schneefläche
739 1463 89 26 schien
850 1471 26 17 es
898 1463 57 25 hier
977 1463 80 25 heller
1079 1463 52 25 und
1152 1461 91 27 weiter
1266 1470 32 16 zu
1321 1462 64 24 sein.
1427 1462 34 24 Er

179 1507 89 27 blickte
291 1509 144 25 erleichtert
459 1507 27 25 in
512 1507 41 25 die
579 1505 86 27 weiße
689 1504 184 33 Eintönigkeit.
919 1503 63 26 Eine
1007 1503 244 32 strichhaft-hagere
1276 1502 102 26 Gestalt
1402 1503 59 25 kam

179 1549 40 25 auf
238 1550 43 25 ihn
301 1557 40 18 zu.
378 1550 54 25 Der
451 1549 84 26 Mann
555 1548 89 25 schien
665 1547 88 25 weder
773 1546 71 32 Kopf
864 1547 67 23 noch
954 1545 79 25 Arme
1053 1553 33 16 zu
1108 1544 92 25 haben.
1237 1544 59 25 Nur
1317 1543 42 26 die
1380 1543 83 26 Beine

179 1591 62 24 warf
263 1599 27 17 er
311 1591 164 25 mechanisch
500 1590 65 26 nach
589 1596 81 18 vorne
692 1587 51 26 wie
776 1587 42 25 ein
849 1587 190 31 aufgezogenes
1065 1585 136 32 Gespenst.
1244 1585 47 26 Als
1324 1593 28 18 er
1384 1585 77 25 kaum

180 1633 63 23 noch
261 1632 54 25 fünf
334 1632 110 26 Schritte
463 1639 52 17 von
536 1631 54 25 ihm
609 1630 109 25 entfernt
738 1636 64 22 war,
823 1629 99 24 hustete
941 1628 47 25 der
1009 1627 172 26 Schutzmann
1202 1627 62 24 sehr
1285 1627 176 24 vernehmlich

179 1674 49 24 und
248 1674 51 24 hob
322 1672 56 27 sein
399 1674 163 31 verärgertes
585 1671 115 26 Gesicht.

241 1717 85 30 „Sie!“
346 1717 49 26 rief
415 1725 29 18 er
463 1717 59 25 dem
544 1715 260 26 Herankommenden
825 1713 125 34 gehässig
971 1713 52 25 laut
1044 1713 126 30 entgegen
1191 1711 53 25 und
1265 1710 67 26 warf
1354 1709 55 26 sich
1434 1710 27 25 in

179 1757 113 28 straffere
311 1759 124 31 Haltung.

242 1800 49 25 Die
310 1801 101 24 Gestalt
428 1800 71 25 blieb
518 1798 132 26 stocksteif
671 1797 96 27 stehen.
804 1797 58 25 Nur
880 1797 47 25 der
946 1796 78 24 Frost
1043 1794 133 26 schüttelte
1197 1793 45 25 sie.

243 1841 106 29 „Haben
369 1841 42 26 Sie
431 1840 138 33 Papiere!“
590 1841 83 31 fragte
692 1839 47 25 der
758 1837 183 30 Schutzmann,
962 1837 67 25 noch
1051 1836 73 25 einen
1146 1834 95 26 Schritt
1261 1835 127 25 machend
1410 1834 53 25 und

181 1883 118 24 musterte
318 1884 49 24 den
386 1883 92 25 Mann.

244 1924 52 25 Der
318 1924 89 25 rührte
432 1924 56 25 sich
512 1923 78 26 nicht.

244 1964 96 32 „Sie!!“
357 1966 94 26 brüllte
467 1967 47 25 der
531 1966 174 25 Schutzmann
721 1963 51 26 wie
787 1963 121 26 fluchend
924 1962 54 25 und
993 1960 126 26 leuchtete
1134 1961 58 24 dem
1209 1959 128 26 Fremden
1355 1958 47 27 mit
1418 1959 46 26 der

181 2004 212 29 Taschenlaterne
418 2009 134 30 entgegen.
596 2006 70 26 Alles
693 2013 33 18 an
752 2004 54 27 ihm
830 2011 57 19 war
912 2002 98 27 wieder
1037 2002 26 24 in
1089 2002 87 25 bester
1201 2001 168 25 dienstlicher
1395 2001 53 25 Ord-

180 2053 76 26 nung.

245 2088 48 26 Ein
315 2091 130 32 harkiger,
467 2090 184 33 abgerissener
675 2088 149 25 verdorrter
849 2086 175 25 Baumstamm
1047 2085 65 24 oder
1135 2084 57 25 eine
1218 2091 47 27 arg
1289 2084 178 32 ramponierte

181 2128 73 26 Säule
276 2131 94 26 konnte
393 2140 26 18 es
444 2132 64 29 sein,
531 2140 54 17 was
611 2132 31 24 da
666 2130 33 25 im
724 2127 142 27 Lichtkreis
891 2128 82 24 stand.
1015 2126 116 27 Raschen
1158 2126 101 25 Blickes
1284 2126 121 32 überflog
1428 2126 38 25 sie

181 2169 44 26 der
247 2171 115 27 Polizist.

178 221 373 145 Der
668 200 785 158 Gegner

172 411 86 45 mit
301 404 121 45 DEM
468 400 351 45 SATIRISCHEN
856 400 115 42 TEIL
1009 399 136 50 „DIE
1192 399 254 42 PLEITE“

171 504 91 31 HEFT
284 500 89 28 ZWEI
776 498 76 26 1922
1164 493 156 29 DRITTES
1354 493 99 27 JAHR
