1562 2540
1408 2256 37 41 49

141 232 93 28 Kinder,
257 234 49 18 von
330 220 120 33 heiligem
474 218 70 26 Eifer
567 217 103 29 beseelt,
696 215 41 25 die
762 222 65 17 neue
850 213 79 25 Form
952 212 47 25 der
1023 210 93 26 Schule
1140 217 32 17 zu
1196 207 135 33 gestalten,
1354 212 64 18 neue

140 272 165 30 Beziehungen
332 262 132 27 zwischen
491 260 115 25 Lehrern
633 259 53 24 und
714 257 128 27 Kindern,
869 254 133 25 zwischen
1028 252 93 26 Schule
1148 250 53 26 und
1229 249 93 26 Leben.
1368 246 34 26 Ge-

160 316 89 26 einsam
270 308 33 25 ist
325 306 65 26 allen
413 304 89 24 diesen
526 300 243 26 Versuchsschulen
792 298 42 25 die
858 296 227 27 Schulkommune,
1110 293 25 25 d.
1157 293 25 26 h.
1206 292 42 25 die
1272 288 146 34 lebendige,

138 326 35 58 Tie
190 345 280 36 Lebensgemeinschaft
488 352 52 17 von
562 343 115 25 Lehrern
698 342 53 24 und
769 340 135 26 Schülern.
940 337 80 25 Diese
1039 335 111 26 Schulen
1171 334 60 26 sind
1251 333 58 25 dem
1329 332 90 25 Geiste

138 399 55 27 nach
210 390 132 30 vielleicht,
364 387 41 26 ich
424 386 96 33 glaube
539 385 94 29 sicher,
654 384 42 24 die
716 383 90 25 besten
826 382 46 24 der
893 380 78 30 Welt;
992 387 26 17 es
1039 378 34 25 ist
1092 377 41 26 ein
1154 376 86 25 Glück
1258 376 43 25 für
1321 373 99 26 Lehrer

138 441 45 26 und
200 434 105 28 Kinder,
325 430 59 25 dort
405 437 32 17 zu
457 427 100 26 wirken
581 427 53 25 und
655 434 31 17 zu
708 424 131 26 wachsen.
878 421 83 27 Keine
981 421 87 25 dieser
1088 419 111 26 Schulen
1219 417 57 33 gibt
1296 416 56 25 sich
1375 415 45 26 mit

138 484 49 25 dem
214 473 147 30 Erreichten
389 469 142 30 zufrieden,
560 477 27 18 es
618 468 32 25 ist
678 467 60 25 dort
766 466 41 25 ein
837 462 209 28 fortwährendes
1076 462 107 25 Streben
1211 459 66 26 nach
1306 458 98 25 Hinaus-

136 521 111 28 wachsen
272 516 64 25 über
363 513 46 26 das
440 511 141 29 Erreichte,
610 510 67 25 nach
703 509 200 29 Verbesserung
931 506 47 24 der
1006 504 144 26 Methoden
1178 502 52 25 und
1260 502 45 24 der
1333 500 87 28 Form,

138 563 51 27 dort
213 561 31 26 ist
268 556 39 26 ein
333 554 146 26 dauerndes
504 552 116 26 Fließen.
667 551 71 25 Aber
762 549 71 26 eines
858 549 86 24 haben
979 546 72 26 diese
1076 543 243 27 Versuchsschulen
1355 542 65 25 auch

137 605 62 26 nicht
221 596 154 30 vollbracht:
399 596 42 24 die
464 593 197 33 Umwandlung
684 593 27 24 in
738 592 56 25 eine
817 589 194 27 sozialistische
1037 586 206 27 Arbeitsschule.

195 646 61 26 Eine
281 641 85 27 dieser
389 638 252 29 Versuchsschulen,
665 636 44 26 die
735 634 150 34 Potylicher
912 633 227 27 Schulkommune,
1163 629 114 25 herrlich
1304 627 43 26 auf
1373 627 49 24 den

137 686 223 37 Sperlingsbergen
380 683 116 32 gelegen,
515 680 35 26 ist
569 679 57 27 eine
645 678 84 26 kleine
749 678 93 25 Schule
863 676 46 25 mit
930 676 33 24 70
964 675 65 24 —80
1048 673 126 26 Schülern
1197 671 53 26 und
1270 671 16 24 4
1307 669 114 26 Lehrern

137 732 73 26 außer
231 728 56 25 dem
312 724 92 27 Leiter.
449 723 57 26 Alle
529 722 103 27 Kinder
654 721 115 25 erhalten
794 719 98 25 ebenso
917 717 52 25 wie
992 716 42 25 die
1058 715 98 25 Lehrer
1234 713 48 25 das
1307 711 47 33 gilt
1380 711 43 25 für

138 773 42 26 alle
202 767 239 29 Versuchsschulen
468 752 37 47 —,
528 764 68 26 volle
620 762 180 32 Verpflegung
825 760 126 25 reichlich
978 758 54 26 und
1058 758 56 31 gut,
1149 754 109 26 obwohl
1295 761 52 18 nur
1381 752 41 25 ein

136 814 90 27 kleiner
246 808 55 28 Teil
322 809 48 25 der
391 807 102 27 Kinder
515 807 26 25 in
565 807 47 24 der
634 805 93 26 Schule
750 803 80 26 selbst
851 802 100 25 wohnt.
991 800 80 25 Diese
1095 798 83 26 kleine
1201 796 101 30 Schule,
1325 795 27 26 in
1377 795 46 25 der

137 852 156 34 Hauptsache
315 858 53 18 von
390 847 271 27 Proletarierkindern
684 847 45 25 des
750 845 103 26 kleinen
875 842 188 27 Fabrikdorfes
1086 841 66 26 nahe
1174 841 42 25 bei
1241 838 116 26 Moskau
1382 837 28 25 be-

137 896 75 29 sucht,
231 893 79 26 bildet
329 891 120 26 wirklich
472 891 57 25 eine
553 888 202 30 Gemeinschaft,
775 887 50 26 fast
846 885 102 26 möchte
970 892 60 17 man
1054 890 88 25 sagen,
1163 881 57 25 eine
1241 879 116 28 Familie.
1388 878 35 26 Es

137 937 113 26 bestehen
267 934 108 26 deshalb
396 933 65 25 auch
479 932 74 26 keine
572 930 277 28 Schülerausschüsse,
869 927 41 26 die
929 927 148 26 Kommune
1096 925 33 24 ist
1148 924 89 25 weder
1254 922 56 26 eine
1329 922 77 25 Demo-

138 977 73 28 kratie
227 976 66 26 noch
308 975 56 26 eine
381 973 138 34 Republik,
535 974 116 25 sondern
666 972 57 25 eine
738 970 203 29 Gemeinschaft,
957 968 42 25 bei
1016 965 288 28 selbstverständlicher
1321 963 88 26 Gleich-

136 1019 181 31 berechtigung
337 1018 47 25 der
406 1016 109 27 Kinder.
556 1015 57 26 Alle
632 1013 144 33 wichtigen
799 1010 238 34 Angelegenheiten
1060 1009 47 25 der
1126 1008 94 26 Schule
1243 1006 107 25 werden
1371 1012 54 19 von

138 1062 40 25 der
196 1059 314 31 Generalversammlung,
533 1066 33 16 zu
587 1057 47 25 der
654 1056 66 25 auch
743 1055 43 25 die
804 1053 179 32 Dorfsowjets
1004 1052 124 33 gehören,
1150 1048 173 27 entschieden.
1363 1048 47 25 Ver-

138 1104 75 32 gehen
237 1109 82 26 gegen
345 1101 42 25 die
413 1097 275 33 Kommunedisziplin
773 1096 49 26 seit
846 1095 129 26 Bestehen
1001 1094 47 25 der
1074 1093 148 27 Kommune
1248 1090 33 26 ist
1308 1097 50 18 nur
1385 1088 41 27 ein

137 1146 93 24 ernster
252 1144 55 25 Fall
333 1142 203 33 vorgekommen
619 1140 107 25 werden
751 1138 124 25 ebenfalls
903 1145 49 17 vor
979 1135 43 26 die
1047 1133 310 31 Generalversammlung
1385 1139 28 25 ge-

136 1186 93 29 bracht,
249 1186 54 24 und
323 1184 60 26 dort
404 1184 70 25 wird
494 1191 53 17 von
569 1183 66 25 allen
656 1181 161 33 gemeinsam
838 1180 46 25 der
908 1179 101 32 Spruch
1032 1177 95 33 gefällt.

198 1233 53 24 Das
272 1231 153 26 Schulleben
448 1228 146 26 entwickelt
617 1226 56 26 sich
746 1224 94 26 soweit
862 1231 27 17 es
912 1231 50 17 nur
983 1222 93 32 irgend
1100 1229 32 16 zu
1153 1220 107 25 machen
1283 1217 33 28 ist
1391 1215 36 26 im

138 1274 93 27 Freien,
272 1271 278 29 Naturwissenschaft,
574 1267 172 27 Mathematik
770 1266 107 26 werden
902 1266 50 24 fast
977 1262 202 27 ausschließlich
1206 1261 35 25 im
1267 1259 93 26 Freien
1385 1266 28 25 ge-

138 1315 100 26 trieben.
272 1315 55 24 Der
345 1313 75 29 Fluß,
438 1312 104 29 Teiche,
560 1310 112 32 Sümpfe,
692 1309 84 30 Wald,
794 1308 71 29 Feld,
885 1308 38 24 sie
942 1306 83 33 geben
1044 1302 241 33 unerschöpfliches
1303 1299 124 28 Material

139 1358 38 24 für
192 1357 41 25 die
251 1356 205 31 Untersuchung
473 1353 42 26 die
534 1352 103 33 einzige
655 1351 93 30 Quelle
766 1351 45 25 des
832 1347 254 30 Naturunterrichts,
1106 1346 42 26 die
1168 1346 25 24 in
1212 1346 46 24 der
1276 1342 151 33 Potylicher

138 1398 211 25 Schulkommune
370 1396 143 26 anerkannt
534 1395 42 26 ist.
616 1394 59 25 Daß
700 1393 43 24 bei
764 1391 88 26 dieser
877 1391 49 25 Art
948 1389 57 26 eine
1026 1389 143 30 Trennung
1192 1387 45 25 des
1262 1384 166 27 Unterrichts

140 1439 22 25 in
184 1440 142 29 „Klassen“
347 1438 71 26 nicht
439 1436 162 33 notwendig,
622 1436 26 32 ja
668 1435 72 26 nicht
761 1433 115 33 möglich
900 1433 41 29 ist,
962 1431 85 25 dürfte
1068 1431 57 25 klar
1149 1428 64 27 sein.
1255 1427 49 25 Die
1328 1426 102 27 Kinder

140 1482 109 25 erhalten
270 1482 65 25 oder
355 1480 90 26 stellen
465 1480 56 25 sich
543 1478 23 33 je
588 1478 66 25 nach
675 1476 83 26 ihrem
782 1475 81 29 Alter,
885 1475 84 24 ihrem
989 1473 129 25 Interesse
1139 1471 51 25 und
1217 1470 81 24 ihrem
1322 1468 105 26 Wissen

141 1523 139 33 Aufgaben,
310 1522 43 26 die
374 1523 37 25 oft
432 1521 223 31 Beobachtungen
678 1527 51 17 von
751 1517 118 25 Wochen
891 1516 66 25 oder
978 1515 68 25 noch
1069 1515 91 31 länger
1184 1512 144 25 erfordern.
1374 1510 56 26 Alle

140 1565 66 25 diese
234 1565 221 31 Beobachtungen
484 1562 60 26 sind
571 1562 46 25 mit
644 1562 47 24 der
721 1560 113 31 Uebung
863 1559 47 25 der
936 1557 78 26 Hand
1043 1555 163 30 verbunden;
1236 1553 194 32 Zeichnungen,

142 1606 110 33 Anlegen
272 1614 52 17 von
344 1605 156 30 Herbarien,
521 1603 198 33 Präparierung
738 1610 52 17 von
811 1600 103 29 Tieren,
936 1598 148 33 Aquarium
1107 1597 49 27 usf.
1194 1595 50 26 Die
1268 1596 88 24 besten
1382 1595 32 24 Ai-

140 1648 79 25 beiten
242 1649 120 24 kommen
387 1647 26 25 in
437 1648 47 25 das
510 1646 206 28 Schulmuseum,
740 1644 47 25 das
813 1643 66 26 nach
962 1640 129 33 jährigem
1115 1638 126 26 Bestehen
1266 1637 81 26 schon
1375 1636 57 25 eine

140 1690 93 25 schöne
256 1688 329 27 naturwissenschaftliche
607 1687 152 32 Sammlung
782 1684 104 26 enthält.
925 1682 171 26 Mathematik
1120 1681 33 25 ist
1175 1680 83 32 völlig
1281 1678 150 26 verbunden

140 1730 43 26 mit
206 1731 105 33 Physik,
337 1732 47 25 der
407 1730 194 33 physikalische
626 1727 152 27 Unterricht
803 1726 144 25 wiederum
971 1724 68 26 wird
1065 1722 136 33 abgeleitet
1227 1729 51 17 von
1309 1720 123 26 Arbeiten

141 1773 40 25 auf
204 1774 57 25 dem
287 1774 70 29 Feld,
383 1773 26 25 in
434 1773 47 25 der
504 1766 142 30 Werlcstatt
670 1770 65 25 oder
761 1774 47 20 aüs
834 1767 221 31 Beobachtungen
1081 1765 26 25 in
1133 1763 146 27 Betrieben.
1323 1762 95 33 Sprach-

142 1815 137 25 unterricht
301 1816 54 25 und
376 1813 157 27 Geschichte
555 1813 42 29 ist,
616 1819 77 19 wenn
714 1812 66 25 auch
801 1810 71 26 nicht
893 1810 58 25 dem
973 1808 91 30 Inhalt,
1086 1815 31 17 so
1140 1806 67 25 doch
1229 1806 46 24 der
1298 1805 48 25 Art
1368 1804 64 26 nach

141 1856 44 24 der
209 1857 48 25 alte
281 1857 144 32 geblieben.
468 1856 65 25 Hier
557 1854 101 26 scheint
682 1853 51 25 mir
759 1852 56 26 eine
842 1850 112 33 richtige
980 1850 107 32 Lösung
1112 1849 68 24 noch
1207 1847 70 25 nicht
1303 1847 129 32 gefunden

142 1905 30 17 zu
196 1898 62 25 sein.
299 1898 112 26 Freilich
435 1898 62 27 fehlt
520 1905 27 17 es
572 1896 65 26 auch
660 1895 59 26 hier
741 1895 72 25 nicht
837 1902 32 18 an
893 1894 79 32 guten
1001 1892 144 31 Anfängen.
1186 1890 34 25 So
1252 1889 93 25 wurde
1377 1888 57 25 eine

143 1939 57 25 sehr
224 1940 96 25 schöne
348 1938 217 28 Kollektivarbeit
589 1939 66 25 über
679 1937 43 25 die
746 1934 152 34 Soziologie
923 1936 45 24 des
995 1934 96 25 Dorfes
1116 1932 127 33 gemacht.
1288 1931 71 25 Aber
1393 1930 42 25 die

144 1979 146 36 Auflösung
310 1983 66 24 auch
400 1981 86 26 dieses
509 1979 166 27 Unterrichts
699 1979 26 26 in
748 1977 126 27 Aktivität
895 1977 33 25 ist
950 1984 49 17 nur
1021 1974 115 33 möglich
1158 1973 42 25 bei
1223 1972 127 33 richtiger
1371 1972 48 25 Ver-

143 2022 115 36 bindung
277 2026 47 24 der
343 2025 92 25 Schule
455 2024 46 25 mit
521 2024 47 25 der
586 2021 175 35 produktiven
783 2019 93 28 Arbeit
896 2019 53 26 und
969 2018 46 25 mit
1037 2018 58 25 dem
1115 2024 101 25 ganzen
1238 2016 86 24 Leben
1347 2014 89 26 selbst.

210 2067 50 27 Die
289 2068 92 25 Arbeit
407 2066 77 33 spielt
513 2073 74 18 zwar
613 2064 27 25 in
659 2064 46 24 der
731 2062 151 33 Potylicher
909 2061 219 25 Schulkommune
1157 2058 57 26 eine
1241 2057 85 33 große
1353 2056 81 27 Rolle.

143 2106 39 28 Da
205 2108 33 26 ist
261 2110 126 25 zunächst
412 2108 42 26 die
477 2104 276 35 „Selbstbedienung“,
776 2103 43 26 die
844 2103 26 25 in
896 2103 47 24 der
968 2103 85 24 ersten
1078 2100 57 25 Zeit
1161 2099 82 26 soviel
1270 2098 96 26 Unheil
1394 2105 28 18 an-

143 2150 112 30 gerichet
280 2151 53 27 hat.
375 2151 102 25 Früher
501 2148 124 27 verstand
649 2155 61 17 man
736 2148 76 24 unter
837 2143 236 33 Selbstbedienung
1100 2142 42 25 die
1168 2141 178 32 Verrichtung
1373 2141 64 24 aller

147 2191 120 29 Arbeiten
293 2193 27 27 in
344 2195 46 24 der
414 2191 220 28 Schulkommune
657 2190 75 26 unter
759 2186 143 35 Anleitung
926 2186 47 26 der
997 2186 105 26 Lehrer,
1143 2183 51 27 Die
1218 2183 101 28 Kinder
1345 2183 91 26 sollten
