1551 2540
126 2290 42 35 36

206 201 34 26 Es
258 201 156 33 plätscherte
433 203 51 25 fort
502 202 51 26 und
572 202 61 31 fort,
650 204 76 30 oben,
747 208 86 26 unten,
852 203 108 27 überall.
998 202 253 33 Abschiednehmen,
1270 204 162 35 Handküsse,

139 243 181 34 Einladungen
343 244 42 26 für
407 245 46 25 das
478 245 122 32 morgige
623 246 144 29 Festessen,
792 246 109 30 Lachen,
927 248 131 24 Autovor-
1082 248 53 25 und
1160 248 134 26 Abfahren
1372 251 59 26 alles

139 286 49 24 wie
210 286 42 24 ein
271 286 179 26 flimmernder
470 287 161 25 Hexentanz!

203 328 65 26 Karl
287 329 97 25 Pruvik
404 338 57 17 war
478 329 173 26 mittlerweile
670 331 152 24 unbemerkt
841 331 41 26 bis
901 340 32 18 an
954 333 47 24 das
1022 332 178 32 Eingangstor
1218 333 113 32 gelangt.
1360 335 72 26 Noch

138 370 56 25 eine
214 371 147 30 geschickte
381 371 73 26 Finte
475 373 52 24 und
548 380 28 17 er
595 372 68 25 hatte
683 373 41 24 für
736 373 75 26 heute
831 373 85 26 Nacht
937 373 41 26 ein
999 374 73 25 Dach
1092 375 66 24 über
1180 375 58 25 dem
1259 375 78 32 Kopf.
1376 376 56 26 Sein

139 412 69 25 Herz
229 413 92 33 schlug
339 413 89 33 heftig.
466 414 34 24 Es
520 422 56 17 war
595 414 97 25 wieder
713 415 84 24 Leben
818 415 25 24 in
864 415 70 24 seine
952 415 172 26 froststarren
1143 416 108 25 Glieder
1272 418 160 32 gekommen,

138 454 115 25 behende
273 455 58 31 glitt
350 462 28 19 er
398 463 32 17 an
450 455 49 25 den
520 455 332 34 aufeinandergedrängten
874 456 135 26 Gestalten
1030 458 94 24 vorbei
1145 459 54 24 und
1217 458 81 26 fühlte
1319 459 43 25 auf
1382 460 38 26 ein-

138 496 50 25 mal
209 496 82 27 Raum
310 497 53 24 und
382 497 111 24 Wärme.
532 498 35 24 Er
586 498 70 32 lugte
677 498 118 32 spähend
814 499 65 25 nach
899 499 58 25 dem
976 499 134 26 betreßten
1131 500 113 31 Portier,
1265 500 93 29 cKuckte
1378 502 53 26 sich

138 537 72 25 mehr
228 538 68 24 noch
313 546 160 22 zusammen,
492 539 61 25 hielt
570 540 48 24 den
640 540 73 24 Atem
732 547 41 22 an,
792 540 123 26 arbeitete
933 541 55 25 sich
1007 549 32 17 an
1058 542 47 24 der
1123 542 84 25 Wand
1225 543 111 32 entlang.

205 582 36 26 Im
261 582 89 26 selben
370 583 164 32 Augenblick
553 584 62 25 aber
633 584 99 25 stockte
749 584 41 25 die
811 585 150 33 Bewegung
980 586 45 24 des
1044 586 248 32 Menschentrupps.
1329 587 35 25 Er
1382 595 39 18 zer-

137 624 68 25 teilte
224 624 56 25 sich
300 625 53 24 und
370 625 43 32 Jäh
432 625 112 24 brachen
564 625 41 26 die
624 626 86 26 Reden
730 627 39 24 ab.
806 627 90 24 Durch
915 626 57 25 eine
990 628 138 31 glotzende
1150 629 169 32 Gaffergasse
1338 630 94 25 hastete

137 667 47 24 der
202 666 104 25 Portier
325 666 47 25 mit
390 666 165 30 steinernem,
573 667 265 26 finster-drohendem
859 668 110 25 Gesicht
989 669 43 25 auf
1051 669 44 26 ihn
1116 678 41 17 zu.

205 711 77 29 „Was
301 712 98 24 suchen
415 711 42 25 Sie
473 712 68 24 denn
559 712 51 25 da?
679 713 50 25 He!
748 712 54 26 Sie!
821 713 70 25 Sie!“
908 714 87 24 schrie
1012 715 47 23 der
1076 714 138 26 Türhüter.
1252 715 65 26 Karl
1337 715 95 26 Pruvik

137 760 52 25 zog
211 752 51 26 wie
284 753 42 25 ein
348 752 181 33 gezüchtigter
551 754 79 25 Hund
656 754 42 25 die
721 755 136 25 Schultern
881 756 67 24 hoch
973 756 52 24 und
1049 756 113 33 verbarg
1185 757 49 24 den
1259 755 72 33 Kopf
1353 757 79 32 völlig

138 794 26 24 in
193 794 84 26 seiner
306 795 195 25 schlotternden
527 796 87 26 Brust.

204 841 79 29 „Was
299 841 42 24 Sie
358 841 104 29 wollen,
478 841 58 31 frag
556 839 72 26 ich!?
640 843 5 10 ‘
663 841 76 25 bellte
755 841 47 24 der
819 840 105 26 Portier
940 841 85 26 hinter
1042 842 53 25 ihm
1113 843 54 24 und
1183 842 90 32 packte
1291 842 46 25 ihn
1354 843 79 32 heftig

137 890 39 17 am
199 883 72 29 Arm,
291 883 42 24 riß
354 882 43 25 ihn
420 883 105 24 zurück.
562 883 77 24 Ohne
661 883 74 25 Wort
755 884 54 24 und
828 883 68 26 ohne
917 883 119 26 Abwehr
1055 883 51 26 ließ
1129 884 56 25 sich
1205 884 47 25 der
1273 884 144 33 Eingedruu-

136 931 65 25 gene
221 932 50 17 von
289 925 57 24 dem
363 924 151 25 beliernden
530 924 131 26 Türhüter
680 925 53 25 und
749 924 67 26 zwei
834 924 163 26 inzwischen
1014 925 203 32 herbeigeeilten
1234 926 198 32 Logendienern

138 973 39 19 ms
203 966 73 26 Freie
300 966 130 25 schieben.
473 966 77 31 „Hm,
582 968 108 23 sowas?
771 965 60 27 Sich
865 966 49 28 ins.
931 966 111 26 Theater
1073 967 256 26 einzuschleichen!“
1362 970 71 31 sagte

136 1008 104 32 jemand
261 1016 52 18 von
334 1008 49 25 den
405 1008 266 31 Stehengebliebenen
693 1009 53 25 und
769 1008 134 25 schüttelte
926 1010 50 24 den
1000 1009 79 32 Kopf.
1119 1010 54 25 Der
1195 1010 40 26 ins
1259 1010 110 25 Stocken
1390 1018 28 25 ge-

137 1051 87 24 ratene
245 1050 224 25 Menschenhaufe
492 1051 92 24 bekam
606 1050 99 26 wieder
727 1051 153 32 Bewegung
902 1051 53 25 und
977 1051 110 32 drängte
1109 1051 56 26 sich
1188 1053 83 24 durch
1292 1053 51 25 den
1367 1053 50 24 Aus-

136 1100 78 24 gang.
254 1092 50 25 Die
323 1092 70 25 Tore
412 1093 137 24 schlossen
569 1092 55 25 sich
645 1091 99 26 finster.
781 1093 172 25 Schwätzend
974 1093 102 26 trabten
1096 1093 42 25 die
1158 1093 93 26 letzten
1271 1094 84 26 Paare
1375 1102 43 17 vor-

136 1134 73 25 über.

206 1178 65 26 Karl
291 1171 195 31 PruvilTstand
505 1177 118 31 zögernd
643 1177 51 24 und
715 1177 155 24 benommen
888 1177 36 25 im
943 1176 163 34 glitzernden
1125 1177 209 33 Schneegeflock.
1355 1178 81 25 Einen

143 1220 163 31 Augenblick
324 1221 68 23 hatte
409 1227 26 17 es
453 1220 49 24 den
524 1218 141 29 Anschein,
682 1218 38 26 als
739 1218 88 25 straffe
845 1218 56 25 sich
920 1218 55 25 sein
993 1219 114 32 Körper,
1125 1219 38 26 als
1181 1220 60 25 hole
1258 1228 29 17 er
1304 1228 32 17 zu
1354 1220 82 26 einem

139 1264 57 22 Satz
219 1269 47 17 aus
289 1266 50 20 und
364 1261 76 25 wolle
462 1260 27 25 in
510 1260 41 24 die
573 1260 248 32 vorbereitenden,
845 1260 148 30 duftenden,
1013 1262 189 29 rauschenden,
1223 1262 213 32 geschwätzigen

139 1305 143 23 Menschen
301 1303 136 32 springen,
454 1304 63 23 aber
536 1302 154 25 schließlich
707 1303 109 25 torkelte
835 1309 28 17 er
880 1303 68 24 doch
966 1303 66 25 über
1049 1303 41 26 die
1107 1304 161 25 verschneite
1285 1304 150 33 Freitreppe

140 1345 123 25 hinunter
287 1347 52 23 und
360 1346 54 31 bog
437 1344 26 25 in
485 1344 42 26 die
550 1344 164 32 Seitengasse
739 1344 51 29 ein,
819 1344 42 24 die
892 1351 61 18 vom
974 1344 183 33 Theaterplatz
1189 1345 154 33 abzweigte.
1385 1346 48 25 Ein

139 1389 87 23 letztes
243 1387 70 24 Auto
332 1390 85 21 surrte
434 1394 65 24 weg.
534 1386 50 25 Die
601 1386 123 25 Stimmen
741 1387 121 25 verloren
878 1386 56 25 sich
952 1386 26 26 in
994 1387 47 24 der
1056 1387 90 24 Ferne.
1179 1387 50 25 Die
1248 1387 187 26 erleichternde

139 1428 150 33 Heiligkeit,
309 1429 42 24 die
371 1429 41 24 die
434 1429 178 32 Beleuchtung
633 1429 45 24 des
699 1427 226 33 Theaterpalastes
949 1429 65 24 nach
1036 1429 66 24 allen
1124 1428 86 26 Seiten
1231 1429 45 26 hin
1298 1429 137 26 verbreitet

139 1472 76 28 hatte,
234 1472 119 23 verlosch
373 1471 102 24 lautlos.
513 1470 33 25 Es
567 1478 56 17 war
641 1469 100 26 wieder
760 1469 169 33 ringsherum
947 1470 41 25 die
1007 1471 76 29 fahle,
1103 1471 173 26 unwirkliche
1294 1472 140 26 Düsternis

138 1517 46 21 der
202 1512 185 26 Winternacht.

205 1558 65 26 Karl
286 1557 98 25 Pruvik
402 1557 52 25 hob
471 1558 49 23 den
539 1556 71 33 Kopf
627 1556 97 27 hilflos.
760 1556 64 26 Eine
840 1557 101 32 knappe
960 1557 151 25 Wurfweite
1127 1566 50 17 vor
1193 1558 54 25 ihm
1264 1560 74 31 ragte
1352 1560 81 24 etwas

137 1599 154 25 Schwarzes
317 1606 46 18 aus
389 1599 57 25 dem
472 1599 99 25 Schnee
598 1599 53 24 und
676 1599 117 31 bewegte
827 1598 56 26 sich
918 1598 51 26 wie
1002 1599 158 26 schwebend
1195 1608 50 17 von
1279 1602 47 23 der
1351 1601 82 25 Stelle.

139 1641 134 25 Willenlos
296 1642 53 23 und
369 1641 68 25 ohne
458 1641 95 24 Grund
573 1640 81 33 folgte
673 1648 28 17 er
722 1641 45 24 der
788 1640 190 33 Erscheinung.

205 1686 87 32 Lange
313 1685 65 33 ging
402 1692 28 19 er
452 1693 39 18 so.

205 1732 33 24 Es
261 1732 89 24 mußte
370 1731 82 24 schon
474 1730 43 24 tief
538 1731 65 24 nach
624 1730 171 25 Mitternacht
816 1730 63 25 sein.
918 1731 72 25 Trist
1009 1732 115 31 gähnten
1145 1732 42 25 die
1207 1732 226 26 menschenleeren

137 1773 112 25 Straßen
268 1773 52 25 und
338 1773 96 25 Plätze.

203 1819 65 24 Man
290 1819 75 24 stand
390 1826 40 17 am
455 1818 88 27 Rande
566 1819 45 24 des
634 1819 176 31 Stadtparkes.
851 1817 49 26 Die
922 1819 193 32 kerzengerade
1138 1819 101 26 Gestalt
1263 1820 170 26 verschwand

137 1859 132 26 zwischen
291 1861 49 24 den
362 1860 123 25 Bäumen,
527 1860 28 25 ln
577 1860 48 25 der
645 1860 213 32 aufgeworfenen
880 1860 74 25 Bahn
976 1862 46 24 der
1044 1861 69 32 Spur
1134 1862 92 25 schritt
1248 1862 67 26 Karl
1336 1861 97 27 Pruvik

137 1902 97 25 weiter.
273 1902 35 25 Es
329 1909 55 18 war
406 1902 49 25 viel
477 1901 110 25 dunkler
608 1902 65 25 hier.
711 1901 50 25 Die
781 1902 238 26 schneebeladenen
1041 1903 140 26 Baumäste
1200 1904 108 25 lasteten
1331 1905 102 25 schwer

137 1944 88 24 herab.
259 1944 59 25 Nur
334 1943 142 33 zeitweilig
492 1944 52 32 gab
562 1944 56 25 sich
638 1944 56 24 eine
711 1944 103 29 hellere,
831 1944 94 26 freiere
943 1944 75 26 Stelle
1035 1946 54 24 und
1106 1946 150 25 undeutlich
1273 1946 86 26 ließen
1377 1946 55 26 sich

136 1988 200 32 eingemummte
361 1988 89 25 Bänke
475 1988 136 25 erkennen.
656 1988 51 25 Auf
732 1987 71 26 einer
828 1988 107 25 solchen
959 1988 93 27 hockte
1075 1988 42 26 die
1143 1990 291 32 zusammengekauerte

137 2031 101 24 Gestalt
255 2038 61 24 nun,
333 2031 46 24 der
396 2038 27 17 er
440 2030 41 25 die
497 2038 84 25 ganze
597 2030 57 25 Zeit
671 2030 100 32 gefolgt
789 2038 63 17 war.
887 2031 103 25 Stoisch
1008 2031 51 25 ließ
1080 2032 56 25 sich
1155 2032 64 26 Karl
1237 2033 98 24 Pruvik
1352 2033 82 24 neben

137 2073 42 24 ihr
196 2073 89 24 nieder
306 2073 52 24 und
377 2073 66 31 legte
460 2072 51 25 wie
528 2080 47 17 aus
595 2073 71 25 einer
682 2072 160 32 plötzlichen
861 2072 157 34 Eingebung
1035 2074 96 25 heraus
1150 2074 89 25 seinen
1257 2074 91 26 steifen
1369 2075 64 25 Arm

136 2123 43 19 um
200 2124 85 22 nasse,
304 2116 102 25 scharfe
426 2116 143 26 Schultern.
607 2116 81 25 Lahm
708 2116 160 33 schmiegten
889 2116 56 26 sich
964 2116 43 26 die
1026 2116 94 26 beiden
1140 2118 106 31 Körper
1266 2118 167 26 aneinander.

136 2160 102 30 „Kalt,“
259 2160 136 24 murmelte
423 2166 27 18 es
472 2160 76 24 kaum
579 2160 99 24 hörbar
710 2167 47 18 aus
789 2161 57 24 dem
870 2160 79 32 Kopf,
979 2161 46 25 der
1054 2161 95 26 haltlos
1180 2162 43 24 auf
1252 2162 72 25 seine
1354 2163 79 24 Brust

136 2202 147 31 herabglitt.
