3225 4275
2249 331 312 55 TEK
2640 332 60 55 H
2780 333 61 55 N
2921 333 45 55 E

484 3786 169 55 200

482 466 57 40 les
566 463 139 55 étages
733 464 256 54 superposés
1018 480 171 28 comme
1219 466 90 42 s'ils
1337 466 160 42 étaient
1524 468 100 51 adja-

482 537 138 34 cents;
653 527 52 40 de
735 527 39 41 la
804 537 129 37 sorte,
967 530 35 40 le
1032 539 103 41 type
1165 527 36 42 B
1234 543 97 26 avec
1363 543 84 26 une
1478 529 170 52 largeur

483 588 50 40 de
565 587 150 52 façade
748 588 136 42 totale
918 590 50 40 de
1002 604 75 38 7.7
1087 604 25 26 0
1145 604 75 35 m.,
1254 604 38 27 se
1326 601 155 30 trouve
1515 589 111 42 sensi-

482 649 196 44 blement
717 649 291 54 désavantagé
1042 666 79 37 par
1156 662 184 41 rapport
1375 665 53 27 au
1465 661 103 41 type
1606 650 41 41 A

483 710 98 52 déjà
606 711 261 41 mentionné
891 725 39 30 et
954 712 111 41 aussi
1090 726 77 38 par
1194 724 183 40 rapport
1404 727 54 26 au
1483 723 104 42 type
1610 711 38 42 C

482 772 116 41 dont
628 772 30 41 il
691 787 89 26 sera
812 774 206 53 question
1051 774 101 52 plus
1184 772 108 43 loin.
1326 772 139 42 Etant
1499 773 149 41 donné

484 834 310 52 l'importance
823 849 83 39 que
937 836 35 40 le
1001 847 103 40 type
1131 834 49 41 de
1209 836 39 39 la
1278 833 172 42 maison
1481 834 20 41 à
1532 835 116 41 deux

483 894 140 54 étages
646 894 117 42 bâtie
788 911 49 26 en
866 895 152 54 rangée
1043 895 194 53 présente
1263 910 150 27 encore
1439 895 210 52 toujours

484 956 110 41 dans
626 957 39 40 la
696 957 218 54 pratique,
949 967 39 31 et
1016 972 59 26 vu
1107 956 190 43 l'intérêt
1328 958 141 52 qu'on
1504 957 116 41 mani-

484 1017 106 42 feste
626 1018 49 41 de
710 1019 253 40 nombreux
998 1018 115 41 côtés
1146 1032 115 39 pour
1297 1018 38 41 le
1368 1018 185 52 système
1589 1018 59 40 du

484 1080 171 40 couloir
692 1080 213 41 extérieur
940 1092 101 32 tous
1076 1080 57 40 les
1168 1080 116 40 deux
1320 1078 154 53 étages,
1512 1079 136 52 pareil

484 1151 104 42 type
616 1156 52 26 ne
695 1141 145 44 devait
866 1156 76 37 pas
971 1155 214 39 manquer
1213 1141 110 40 dans
1351 1150 126 32 notre
1505 1140 141 41 étude.

553 1202 239 54 Signalons
828 1218 51 25 en
916 1212 178 42 passant
1131 1202 58 41 les
1224 1213 236 42 avantages
1496 1216 127 38 excep-

484 1263 195 42 tionnels
707 1279 82 38 que
817 1279 39 26 ce
887 1275 103 40 type
1018 1264 23 41 à
1069 1262 149 52 façade
1245 1261 403 54 particulièrement

485 1324 154 42 étroite
665 1325 196 53 présente
887 1325 33 41 si
947 1339 59 26 on
1036 1327 34 39 le
1097 1324 218 43 construit
1343 1338 98 26 avec
1467 1338 85 27 une
1582 1338 45 26 ar-

486 1397 170 30 mature
688 1401 50 26 en
774 1386 119 42 acier.
929 1385 129 41 Nous
1089 1399 182 27 verrons
1303 1399 84 39 que
1418 1399 63 27 ces
1514 1399 108 27 avan-

486 1461 117 40 tages
625 1459 103 30 sont
752 1461 181 39 propres
954 1446 21 41 à
997 1461 254 38 compenser
1276 1446 178 53 jusqu'à
1479 1461 61 26 un
1563 1460 65 27 cer-

486 1510 92 40 tain
602 1509 133 52 point
759 1509 56 40 les
839 1507 337 42 inconvénients
1202 1508 50 41 de
1276 1522 41 26 ce
1342 1519 118 41 type.

555 1569 133 54 Type
712 1569 52 42 C.
881 1568 57 42 Ce
963 1582 104 39 type
1090 1568 97 54 (fig.
1227 1584 47 25 11
1300 1569 15 53 )
1341 1569 22 40 à
1389 1569 116 41 deux
1531 1569 95 52 loge-

487 1642 143 31 ments
658 1646 77 38 par
764 1631 115 53 étage
909 1630 87 43 n'a,
1026 1646 49 25 en
1104 1630 212 52 principe,
1347 1630 90 40 rien
1467 1630 49 41 de
1544 1628 105 42 neuf

486 1693 33 41 si
555 1707 58 26 on
648 1694 35 40 le
715 1706 202 38 compare
952 1706 88 27 aux
1074 1704 125 39 types
1234 1691 50 40 de
1316 1706 41 25 ce
1390 1705 126 39 genre
1552 1689 97 53 déjà

487 1753 180 42 réalisés.
699 1753 62 41 La
790 1753 333 41 concentration
1156 1753 71 40 des
1255 1751 207 43 conduits
1493 1764 38 30 et
1559 1750 68 42 ins-

486 1816 230 42 tallations
740 1815 183 40 diverses
947 1814 108 40 dans
1079 1816 38 40 la
1141 1814 126 51 paroi
1291 1813 220 45 médiane;
1538 1811 89 43 l'ad-

485 1876 206 51 jonction
713 1876 22 41 à
761 1876 39 41 la
823 1875 205 41 chambre
1054 1875 49 40 de
1128 1873 170 42 famille
1324 1874 132 41 d'une
1480 1873 145 42 alcôve-

1787 469 213 41 Fig.
2053 469 159 41 11.
2265 469 213 41 Type
2504 471 55 36 C.
2660 471 182 39 42.70
2871 475 80 34 m2

1787 1442 175 46 cuisine,
1991 1458 40 29 et
2053 1446 124 42 enfin
2203 1449 40 40 la
2266 1449 248 52 possibilité
2538 1452 49 41 de
2611 1452 202 44 chauffer
2837 1456 114 42 aussi

1802 1506 39 39 la
1873 1506 101 51 plus
2008 1509 163 51 grande
2203 1510 207 42 chambre
2443 1512 21 41 à
2497 1514 184 41 coucher
2713 1530 50 26 en
2799 1530 50 27 en
2883 1531 55 26 ou-

1802 1581 132 30 vrant
1968 1568 38 41 la
2041 1580 139 41 porte,
2220 1571 79 41 tels
2334 1584 103 30 sont
2473 1574 56 40 les
2566 1586 234 43 avantages
2836 1577 51 41 de
2925 1592 40 26 ce

1801 1641 117 40 type.
1952 1630 373 48 L'inconvénient
2353 1649 83 38 que
2463 1635 38 41 la
2528 1636 101 52 plus
2654 1637 134 52 petite
2814 1638 121 41 cham-

1801 1691 73 41 bre
1911 1691 21 40 à
1968 1694 183 40 coucher
2186 1693 111 43 n'est
2330 1710 76 38 pas
2441 1696 258 44 chauffable
2734 1713 39 27 se
2809 1710 156 31 trouve

1801 1767 50 25 en
1887 1754 139 51 partie
2064 1755 232 52 compensé
2333 1771 79 38 par
2452 1757 247 55 l'avantage
2737 1774 84 39 que
2858 1771 107 31 cette

1801 1814 204 41 chambre
2041 1827 63 30 est
2138 1816 282 44 directement
2457 1818 222 43 accessible
2717 1820 58 42 du
2812 1821 149 52 palier.

2685 1882 61 46 (A
2772 1883 156 41 suivre.
2954 1889 11 39 )

488 2045 191 126 LE
776 2045 965 126 TREILLAGE
1868 2045 1092 136 CERAMIQUE

484 2227 148 42 (Fin)

488 2323 332 43 TOITURES
856 2323 84 41 EN
976 2322 367 44 TREILLAGE
1382 2322 230 44 CERAMI-

489 2385 144 54 QUE.

557 2482 97 53 Que
677 2482 91 42 Ton
797 2482 59 40 ait
879 2481 19 41 à
924 2481 107 42 faire
1053 2481 20 41 à
1098 2496 84 26 une
1204 2481 234 52 charpente
1461 2496 50 26 en
1537 2480 111 45 bois,

489 2559 49 25 en
570 2543 63 40 fer
660 2558 58 25 ou
748 2558 49 25 en
827 2542 150 47 béton,
1008 2542 209 52 toujours
1249 2543 35 40 le
1314 2541 192 53 treillage
1538 2542 90 41 céra-

489 2606 149 52 mique
662 2618 156 30 trouve
844 2619 80 25 son
950 2604 179 52 emploi.
1159 2603 53 41 Sa
1236 2618 103 38 pose
1367 2618 39 26 se
1430 2603 89 41 fera
1549 2614 101 31 tout

488 2681 171 26 comme
684 2680 113 37 pour
827 2667 57 40 les
909 2666 244 51 planchers,
1185 2663 109 42 mais
1320 2665 29 41 il
1375 2663 160 42 faudra
1563 2663 66 42 évi-

489 2728 225 43 demment
738 2726 113 42 tenir
876 2738 175 40 compte
1081 2726 57 40 du
1165 2740 126 39 genre
1319 2726 50 40 de
1393 2735 257 31 couverture

488 2803 85 39 que
604 2789 93 39 l'on
730 2788 160 51 adopte
922 2799 39 30 et
994 2787 71 41 des
1096 2801 187 38 moyens
1316 2787 219 40 d'attache
1566 2799 84 40 que

487 2849 162 42 celle-ci
680 2848 261 42 nécessitera.

555 2911 120 41 Pour
705 2925 41 25 ce
775 2910 76 53 qui
884 2921 59 29 est
974 2909 71 41 des
1072 2909 171 48 calculs,
1274 2909 32 40 si
1337 2910 92 40 l'on
1462 2921 188 39 suppose

488 2987 83 39 que
606 2972 57 41 les
695 2971 153 52 points
881 2971 183 51 d'appui
1099 2981 101 30 sont
1234 2969 154 42 écartés
1423 2970 49 40 de
1511 2984 24 26 2
1572 2983 75 30 m.,

488 3049 84 38 que
602 3034 39 40 la
670 3042 255 31 couverture
954 3046 102 26 aura
1086 3046 23 38 5
1140 3046 98 30 cm.,
1270 3044 38 29 et
1340 3045 83 39 que
1453 3030 39 41 la
1521 3041 129 42 pente

488 3110 88 26 sera
604 3095 50 40 de
691 3109 53 25 10
771 3108 99 37 p.c.,
900 3093 93 40 l'on
1021 3091 232 42 obtiendra
1287 3107 9 25 :

488 3156 169 53 Charge
679 3170 78 37 par
781 3152 28 57 m
837 3152 28 57 2
893 3152 27 57 =
944 3168 88 38 325
1060 3153 70 53 kg.
1156 3168 39 26 se
1215 3165 267 39 composant
1506 3152 70 40 de:

554 3217 137 41 Poids
724 3230 159 38 propre
921 3230 9 25 :
968 3229 73 39 0.5
1078 3217 46 44 X
1166 3229 104 26 1.00
1309 3216 31 32 X

496 3293 104 26 1.00
637 3277 38 39 X
714 3291 143 38 2.400
888 3297 58 15 =
1408 3289 87 27 120
1535 3273 115 41 kilos

483 3340 171 52 Charge
681 3337 240 43 éventuelle
949 3337 49 40 de
1025 3337 121 52 neige
1436 3350 55 39 75
1535 3335 115 42 kilos

554 3399 185 43 Poussée
768 3400 59 40 du
855 3410 104 29 vent
1469 3411 23 40 5
1535 3397 115 41 kilos

482 3463 272 41 Couverture
782 3475 50 26 en
862 3458 198 53 asphalte
1469 3472 22 39 5
1535 3456 115 42 kilos

554 3523 174 53 Charge
762 3520 108 43 utile
1408 3533 87 26 100
1535 3519 115 40 kilos

940 3642 142 41 Total
1114 3640 187 42 environ
1404 3654 89 39 325
1535 3639 114 41 kilos

1824 2268 36 29 y
1968 2231 33 43 P
2010 2235 18 39 /
2122 2234 90 43 650
2245 2241 38 37 X
2318 2232 88 46 200

1818 2269 186 42 M=—
2056 2288 46 14 =
2428 2291 57 12 =
2506 2269 166 47 16.000
2696 2273 72 57 kg.

2095 2401 31 45 h
2230 2415 30 32 a
2211 2423 83 12 =
2295 2401 53 47 0.345
2489 2424 57 13 =
2574 2406 104 43 4.37
2704 2420 58 29 ou

1951 2526 115 42 pour
2090 2512 60 58 S}'
2180 2533 42 13 =
2260 2514 116 43 1200
2412 2519 43 40 et
2568 2517 138 43 =5O
2762 2551 9 18 ,

1938 2608 37 56 /
1985 2621 28 44 y
2036 2630 56 11 =
2114 2611 28 43 0
2161 2608 150 45 00277
2337 2588 105 72 bl/
2459 2588 48 60 M
2535 2632 57 13 =
2617 2613 71 43 3.5
2715 2626 70 30 cm
2790 2611 18 26 2

1868 2716 36 41 Il
1937 2731 23 38 y
1995 2732 103 26 aura
2131 2717 115 42 donc
2281 2718 83 41 lieu
2397 2719 218 42 d'utiliser
2650 2719 23 42 8
2706 2720 85 41 fers
2827 2719 138 43 ronds

1799 2778 51 40 de
1875 2778 23 40 8
1925 2794 107 27 mm.
2059 2779 50 41 de
2132 2779 163 41 section
2320 2780 208 43 donnant
2552 2780 18 41 f
2593 2796 27 37 y
2641 2799 55 14 =
2720 2797 26 37 4
2771 2797 67 25 cm
2843 2785 14 19 2
2863 2813 9 9 »

1799 2888 555 43 CONSTRUCTIONS
2427 2889 82 42 DE
2577 2890 228 43 PAROIS
2879 2891 86 41 EN

1799 2949 368 43 TREILLAGE
2195 2950 401 54 CERAMIQUE.

1867 3023 120 42 C'est
2017 3038 114 38 pour
2162 3026 39 40 la
2231 3024 304 41 construction
2566 3025 49 41 de
2646 3024 161 53 parois,
2842 3039 121 26 murs

1799 3084 52 41 de
1889 3084 263 53 séparation,
2192 3085 206 46 cloisons,
2439 3096 91 39 etc.,
2571 3100 82 40 que
2694 3086 34 41 le
2768 3086 196 53 treillage

1799 3145 244 54 céramique
2072 3159 61 29 est
2163 3147 36 40 le
2228 3147 101 52 plus
2361 3146 206 53 employé
2596 3161 38 29 et
2666 3161 97 27 avec
2798 3147 33 41 le
2861 3147 101 52 plus

1798 3208 141 52 grand
1972 3206 151 42 succès.
2159 3207 81 41 Ces
2275 3206 295 53 applications
2605 3222 39 28 se
2678 3217 287 32 rencontrent

1799 3268 224 43 d'ailleurs
2046 3269 114 41 aussi
2186 3269 98 40 bien
2311 3269 109 40 dans
2448 3270 51 40 de
2523 3269 217 41 modestes
2767 3269 194 41 maisons

1799 3330 218 41 ouvrières
2045 3345 83 38 que
2156 3330 109 41 dans
2297 3330 56 41 les
2380 3329 102 53 plus
2510 3330 162 54 grands
2699 3330 262 41 immeubles

1799 3391 19 40 à
1850 3390 138 54 étages
2017 3391 238 52 multiples.
2289 3391 62 41 La
2379 3392 144 40 raison
2553 3392 49 40 de
2629 3406 41 26 ce
2696 3390 138 42 succès
2864 3390 97 43 doit

1796 3451 464 44 vraisemblablement
2281 3452 84 43 être
2387 3452 178 42 trouvée
2586 3453 109 40 dans
2716 3454 36 41 le
2773 3451 82 42 fait
2877 3464 85 41 que

1798 3514 72 41 des
1899 3529 120 26 murs
2044 3528 50 26 en
2122 3513 194 54 treillage
2346 3514 243 53 céramique
2615 3514 204 41 donnent
2846 3526 119 40 pour

1798 3591 60 26 un
1886 3575 240 41 minimum
2152 3575 276 52 d'épaisseur,
2457 3590 59 25 un
2543 3575 250 40 maximum
2819 3575 50 40 de
2899 3572 41 43 ré-

1798 3639 196 41 sistance.
2032 3636 78 42 Ces
2144 3638 148 51 parois
2326 3651 53 27 ne
2412 3636 182 42 doivent
2629 3651 76 37 pas
2741 3634 85 42 être
2862 3634 103 54 plus
