3225 4275
2635 3696 96 51 105

324 893 884 91 ARCHITECTURE
1233 921 34 33 •
1294 893 651 87 URBANISME
1973 896 271 81 «ART
2313 893 408 87 PUBLIC

324 1058 330 89 ANNÉE
710 1074 181 71 1931
1272 1071 403 74 VOLUME
1731 1074 82 71 IX
2196 1055 417 90 NUMÉRO
2671 1074 51 68 9

328 1434 135 83 LA
554 1428 447 89 CUISINE
1103 1428 620 87 STANDARD
1824 1411 898 104 INDUSTRIALISÉE

325 1590 105 53 par
474 1573 47 52 L.
567 1571 62 54 H.
674 1570 77 54 de
797 1570 270 67 Koninck,
1110 1570 334 54 architecte.

329 1730 67 41 La
433 1727 184 43 cuisine
649 1727 232 42 moderne
916 1736 112 40 peut
1066 1726 101 43 être
1203 1726 281 42 considérée

329 1817 184 27 comme
537 1801 43 41 le
604 1809 163 33 centre
790 1800 257 50 important
1071 1799 82 42 des
1178 1799 306 50 occupations

330 1875 57 42 de
407 1875 43 42 la
469 1873 267 51 ménagère.
755 1873 142 42 Cette
917 1873 282 50 conception
1219 1872 266 50 cependant

333 1957 68 34 est
435 1947 95 42 loin
563 1962 174 27 encore
772 1947 180 41 d'avoir
983 1946 137 42 rallié
1151 1954 105 34 tous
1288 1946 68 42 les
1392 1945 72 42 suf-

332 2021 153 51 frages
518 2036 58 26 en
609 2020 241 51 Belgique.
882 2020 46 41 A
958 2036 53 25 ce
1043 2020 123 50 sujet
1198 2020 44 50 je
1273 2018 212 51 rappelle

330 2094 58 42 ici
415 2094 67 42 les
508 2094 296 51 légendaires
831 2093 373 42 cuisines-caves
1232 2093 58 41 de
1315 2092 42 42 la
1385 2091 75 51 plu-

330 2177 104 40 part
471 2167 57 42 de
560 2182 87 26 nos
682 2167 209 41 maisons
926 2166 316 42 bruxelloises
1278 2174 45 33 et
1358 2164 106 43 d'ail-

332 2241 142 49 leurs,
513 2241 115 41 dans
667 2240 254 51 lesquelles
961 2240 43 42 la
1041 2239 294 50 parcimonie
1372 2253 115 26 avec

332 2314 202 51 laquelle
558 2314 105 42 l'air
686 2323 45 33 et
753 2314 43 41 la
822 2314 202 41 lumière
1046 2329 28 35 y
1098 2321 104 34 sont
1228 2312 256 43 distribués

329 2388 74 41 n'a
424 2402 120 35 pour
567 2387 273 51 équivalent
861 2402 92 35 que
976 2386 297 50 l'empreinte
1296 2385 62 42 du
1381 2400 78 27 sou-

331 2460 40 41 ci
402 2460 210 50 d'éviter,
642 2460 290 49 semble-t-il,
960 2460 42 41 la
1031 2458 220 43 moindre
1278 2473 172 27 commo-

334 2533 94 42 dité
457 2533 24 42 à
509 2533 277 50 l'occupant.

333 2606 131 42 Dans
494 2606 43 42 la
568 2606 281 50 conception
881 2606 58 42 de
968 2622 78 26 ces
1077 2604 208 43 cuisines
1317 2604 41 41 la
1390 2603 64 42 mé-

334 2679 139 42 thode
497 2689 70 32 est
589 2679 208 42 absente.
821 2680 92 41 Les
937 2679 153 50 objets
1114 2688 44 32 et
1181 2678 68 41 les
1271 2676 214 43 meubles

332 2752 79 50 qui
446 2761 191 33 servent
668 2752 26 42 à
725 2753 67 41 les
826 2752 178 42 classer
1037 2759 104 35 sont
1172 2751 138 50 épars
1343 2759 45 33 et
1419 2749 67 41 les

335 2825 248 49 distances,
611 2834 135 33 entre
772 2825 67 42 les
864 2825 156 50 points
1049 2823 318 43 fonctionnels
1395 2822 69 41 fré-

334 2908 223 41 quement
592 2900 94 41 mal
723 2898 183 49 établis,
943 2907 106 33 sont
1085 2907 201 32 souvent
1324 2895 136 50 exagé-

333 2970 121 43 rées.

334 3043 73 41 De
436 3043 44 43 là
510 3054 70 32 est
610 3046 103 48 née,
743 3044 250 51 peut-être,
1023 3044 42 42 la
1097 3043 209 42 locution
1338 3058 22 26 «
1381 3042 80 42 évo-

335 3116 103 41 luer
469 3117 115 42 dans
617 3133 73 27 ses
721 3117 207 42 cuisines
960 3134 36 25 ».
1026 3116 129 42 Mais
1186 3116 30 41 il
1249 3116 101 41 faut
1379 3115 110 41 bien

334 3189 233 43 admettre
609 3190 277 51 qu'évoluer
929 3206 58 25 en
1028 3199 75 33 cet
1145 3188 189 42 endroit
1376 3189 113 40 c'est

334 3263 174 48 perdre
541 3279 63 26 un
640 3272 151 41 temps
827 3263 229 50 précieux
1090 3278 58 26 en
1181 3276 306 27 manœuvres

336 3334 204 43 inutiles.
573 3336 77 42 On
678 3337 108 41 n'en
818 3336 107 42 finit
954 3352 83 34 pas
1068 3350 115 27 avec
1213 3336 43 41 la
1285 3335 206 49 besogne

337 3417 44 33 et
402 3408 197 43 résultat
627 3425 8 26 :
664 3409 26 42 à
712 3425 93 26 une
829 3410 175 50 fatigue
1026 3408 232 51 physique
1280 3408 211 42 certaine

335 3490 44 33 et
408 3492 199 33 souvent
634 3483 192 50 répétée
854 3483 130 43 vient
1012 3483 223 50 s'ajouter
1263 3498 93 26 une
1385 3481 83 42 fati-

334 3563 86 41 gue
445 3556 195 42 morale.

1568 1726 338 42 Evidemment
1929 1726 42 42 la
1995 1727 281 49 conception
2298 1727 157 40 même
2481 1727 56 40 de
2561 1726 42 41 la
2627 1726 71 41 cui-

1567 1799 102 42 sine
1695 1800 121 42 n'est
1842 1814 84 35 pas
1954 1799 312 52 uniquement
2294 1814 141 26 cause
2465 1799 63 42 du
2554 1799 92 40 mal
2679 1806 44 33 et

1566 1872 95 41 l'on
1684 1880 111 42 peut
1821 1872 102 42 dire
1945 1887 116 26 avec
2084 1872 235 42 certitude
2341 1887 91 36 que
2457 1871 235 51 remplace-

1565 1954 131 33 ment
1724 1945 160 42 relatif
1917 1945 57 42 de
2004 1945 184 42 celle-ci
2221 1945 115 42 dans
2368 1945 42 41 la
2442 1945 280 50 disposition

1569 2019 62 42 du
1662 2019 111 49 plan
1804 2020 58 40 de
1892 2019 42 41 la
1965 2020 184 40 maison
2181 2035 60 26 ou
2274 2019 57 41 de
2362 2019 361 49 l'appartement

1567 2092 109 51 joue
1705 2091 263 51 également
1996 2108 62 26 un
2087 2092 102 41 rôle
2218 2092 95 42 très
2344 2092 271 49 important.

1568 2165 37 41 Il
1639 2174 69 33 est
1739 2164 183 43 certain
1953 2180 91 35 que
2077 2165 43 41 le
2150 2180 206 35 manque
2388 2165 59 41 de
2479 2180 107 26 sens
2618 2180 78 34 pra-

1566 2238 130 51 tique
1724 2238 115 42 dans
1868 2237 327 43 l'élaboration
2223 2238 62 41 du
2314 2237 222 42 domaine
2562 2237 128 41 ména-

1567 2319 80 42 ger
1679 2311 56 42 de
1766 2310 42 42 la
1838 2310 184 42 maison
2054 2320 71 33 est
2154 2326 92 26 une
2277 2326 143 26 cause
2449 2309 273 43 indéniable

1569 2385 62 41 du
1659 2383 454 42 désintéressement
2138 2399 92 35 que
2258 2383 90 41 l'on
2377 2392 213 33 constate
2618 2391 104 41 trop

1569 2457 351 51 fréquemment
1947 2456 152 50 parmi
2127 2456 67 42 les
2223 2456 317 51 jeunes-filles
2568 2472 60 25 ou
2655 2456 67 40 les

1569 2529 391 51 jeunes-femmes
2005 2544 119 35 pour
2166 2529 41 41 la
2248 2529 218 50 pratique
2509 2529 81 41 des
2632 2536 68 33 tra-

1566 2619 126 25 vaux
1717 2603 263 50 ménagers.
2007 2602 47 42 A
2082 2602 404 41 l'accroissement
2513 2601 186 41 intellec-

1569 2677 96 41 tuel
1699 2675 79 51 qui
1813 2691 50 26 se
1894 2675 256 42 manifeste
2182 2675 26 42 à
2238 2683 138 33 notre
2409 2674 185 51 époque
2627 2674 97 41 doit

1569 2749 388 42 inévitablement
1989 2747 349 51 correspondre
2372 2763 62 26 un
2465 2747 233 41 accroisse-

1569 2831 130 33 ment
1726 2822 56 41 de
1808 2820 201 43 confort.

1569 2895 285 50 Cependant
1877 2903 73 33 cet
1974 2893 372 42 accroissement
2371 2893 57 42 de
2452 2893 190 41 confort
2663 2907 61 26 ne

1571 2968 249 42 s'effectue
1859 2983 82 34 pas
1981 2967 214 50 toujours
2237 2982 108 26 sans
2386 2968 67 40 les
2495 2965 229 51 quelques

1570 3042 163 42 heurts
1769 3041 243 41 inhérents
2047 3039 25 42 à
2106 3048 100 33 tout
2239 3039 209 50 progrès.
2485 3039 59 41 Je
2578 3053 148 35 pense

1571 3115 111 50 qu'il
1710 3123 70 33 est
1804 3121 235 43 opportun
2067 3112 56 42 de
2150 3112 102 42 dire
2278 3112 59 41 ici
2364 3120 129 33 toute
2519 3111 180 49 l'impor-

1572 3197 136 32 tance
1759 3187 61 42 du
1867 3186 101 42 rôle
2017 3185 225 42 salutaire
2290 3200 92 34 que
2429 3192 112 42 peut
2592 3183 134 51 jouer

1571 3261 163 41 l'école
1777 3260 116 42 dans
1934 3267 122 34 cette
2098 3258 95 42 très
2237 3258 212 42 sérieuse
2491 3256 234 51 question.

1574 3334 94 42 Son
1704 3333 243 42 influence
1980 3340 112 42 peut
2126 3331 112 42 àce
2273 3330 131 50 point
2438 3330 100 41 être
2573 3329 127 41 consi-

1572 3406 194 42 dérable
1798 3422 91 35 que
1920 3406 68 41 les
2020 3404 280 42 architectes
2333 3403 255 41 modernes
2622 3411 106 32 sont

1572 3479 249 42 unanimes
1854 3479 25 42 à
1909 3478 222 41 affirmer
2162 3493 105 34 que,
2300 3491 108 26 sans
2440 3474 288 43 l'éducation

1573 3552 201 43 scolaire
1802 3552 298 50 appropriée,
2129 3551 127 41 leurs
2286 3550 171 41 efforts
2488 3564 119 35 pour
2635 3564 93 25 une
