3225 4275
277 347 314 55 TEK
672 347 57 55 H
812 348 57 55 N
952 352 44 51 E

2616 3783 147 56 197

345 486 59 41 Le
424 487 246 53 graphique
697 489 24 40 6
745 487 239 42 ci-dessous
1006 489 56 40 les
1083 488 195 52 exprime
1300 501 149 28 encore

285 549 100 52 plus
412 548 266 42 clairement.

355 633 59 42 Le
440 633 181 43 résultat
647 635 49 40 de
720 646 107 30 cette
851 634 207 53 première
1084 634 138 53 partie
1249 635 52 42 de
1324 646 125 30 notre

287 694 127 42 étude
441 707 104 41 peut
576 711 38 26 se
644 695 190 43 résumer
863 711 170 27 comme
1065 696 87 42 suit
1188 711 9 25 :
1232 696 152 53 quand
1415 696 36 40 le

287 757 190 41 nombre
510 757 72 42 des
616 757 139 54 étages
788 770 248 41 augmente,
1074 758 51 41 de
1162 773 23 25 2
1220 757 20 41 à
1285 772 69 30 12,
1394 757 56 40 les

285 818 108 41 frais
422 818 175 45 d'achat
626 832 40 30 et
694 819 382 53 d'aménagement
1105 819 58 40 du
1192 819 158 41 terrain
1383 818 45 40 di-

289 880 207 42 minuent
529 879 50 42 de
618 894 57 39 27
710 894 83 39 p.c.
830 894 115 39 pour
981 880 39 41 la
1056 879 304 42 construction
1397 894 51 25 en

288 941 153 53 rangée
468 941 158 53 simple
654 953 40 31 et
720 942 51 41 de
800 942 58 53 36
887 955 83 39 p.c.
1000 955 116 39 pour
1142 940 101 43 celle
1271 955 50 27 en
1350 955 75 26 ran-

287 1002 70 54 gée
390 1002 178 42 double.

355 1100 81 40 Les
472 1100 180 41 courbes
689 1100 207 42 tombent
934 1100 187 40 d'abord
1160 1099 83 42 très
1280 1099 146 53 rapide-

288 1173 135 31 ment;
466 1162 99 51 puis
608 1176 39 26 se
689 1162 297 52 rapprochent
1026 1161 51 41 de
1116 1160 101 53 plus
1259 1175 50 27 en
1349 1161 100 52 plus

288 1223 51 40 de
368 1223 331 42 l'horizontale.
732 1223 115 42 Elles
878 1238 50 26 ne
960 1234 102 29 sont
1093 1237 77 37 pas
1199 1232 250 31 constantes

287 1285 190 51 (comme
504 1284 121 41 celles
649 1284 77 54 qui
753 1284 246 42 traduisent
1025 1298 85 26 une
1134 1283 195 43 formule
1357 1298 62 26 ma-

288 1345 274 54 thématique
633 1345 273 41 élémentaire
925 1343 30 54 ),
1025 1344 109 41 mais
1200 1344 250 53 présentent

285 1408 213 52 quelques
551 1407 308 48 ondulations,
913 1421 42 26 ce
1009 1407 77 53 qui
1139 1405 208 53 provient
1400 1406 49 39 de

287 1468 359 53 l'élargissement
687 1469 188 40 soudain
917 1468 73 40 des
1030 1477 157 36 routes,
1233 1466 71 43 des
1343 1466 106 41 frais

287 1529 390 53 supplémentaires
708 1543 114 39 pour
856 1528 509 52 l'approvisionnement
1398 1541 51 27 en

288 1605 76 27 eau
401 1591 22 40 à
461 1591 138 51 partir
636 1592 58 39 du
735 1591 24 39 6
765 1597 16 16 e
816 1590 131 53 étage,
988 1590 50 40 de
1075 1589 372 53 l'augmentation

288 1652 109 41 dans
445 1653 39 42 la
531 1652 363 41 consommation
941 1651 50 40 de
1037 1662 185 30 courant
1270 1665 77 38 par
1393 1649 57 41 les

287 1728 242 27 ascenseurs
560 1726 39 29 et
628 1714 57 40 les
713 1727 200 38 pompes,
945 1712 71 42 des
1044 1712 120 41 voies
1192 1712 162 40 d'accès
1382 1726 45 26 ca-

288 1775 213 41 rossables
531 1774 248 42 nécessaires
807 1788 115 39 pour
955 1775 58 40 les
1042 1773 327 42 constructions
1398 1785 52 28 en

289 1836 154 54 rangée
487 1836 155 52 simple
687 1838 174 51 lorsque
905 1835 183 41 celles-ci
1132 1849 81 30 ont
1256 1833 101 53 plus
1401 1832 50 42 de

285 1898 101 53 cinq
416 1896 153 55 étages,
600 1909 77 31 etc.

290 3617 119 35 Fig.
439 3617 59 35 6.

1667 486 62 42 La
1762 488 160 41 courbe
1956 487 201 54 figurant
2194 488 35 41 le
2263 487 102 53 prix
2404 489 50 40 de
2490 487 164 44 revient
2691 488 73 41 des

1601 549 194 43 maisons
1828 549 23 40 à
1886 564 84 26 une
2005 549 164 53 rangée,
2206 551 75 51 qui
2318 549 213 44 débutent
2566 563 78 38 par
2678 548 83 42 être

1601 611 196 41 meilleur
1827 610 184 43 marché,
2042 625 170 26 comme
2244 611 215 52 plusieurs
2488 611 71 41 des
2588 609 151 43 évalua-

1601 671 119 41 tions
1774 672 260 41 antérieures
2088 674 36 40 le
2179 672 298 48 démontrent,
2536 686 137 38 coupe
2723 671 40 40 la

1599 733 160 41 courbe
1785 734 57 40 du
1870 734 102 52 prix
2002 735 50 39 de
2081 733 165 42 revient
2274 734 71 40 des
2374 734 195 41 maisons
2599 733 21 41 à
2649 733 85 40 dou-

1600 794 70 41 ble
1710 795 152 53 rangée
1901 794 72 42 dès
2013 806 134 29 avant
2189 795 36 40 le
2263 794 242 54 quatrième
2545 794 131 54 étage.
2720 794 43 40 À

1599 855 139 53 partir
1773 856 48 41 de
1855 856 53 46 là,
1945 858 38 40 la
2016 856 305 41 construction
2358 856 20 40 à
2413 856 164 41 double
2610 855 153 53 rangée

1600 929 74 39 est,
1714 933 51 25 en
1804 932 233 37 moyenne,
2079 917 150 41 moins
2263 917 122 41 chère
2424 917 234 41 d'environ
2702 917 59 40 80

1601 978 125 41 mark
1758 994 77 36 par
1867 980 243 52 logement;
2145 990 106 30 cette
2284 977 237 42 différence
2554 990 61 30 est
2648 978 114 40 donc

1601 1039 302 43 relativement
1942 1039 225 54 modique,
2211 1039 425 52 comparativement
2675 1053 87 26 aux

1601 1113 233 41 avantages
1863 1102 204 41 sensibles
2096 1102 49 40 de
2176 1102 39 40 la
2242 1101 305 41 construction
2578 1116 49 26 en
2662 1116 75 26 ran-

1599 1163 70 53 gée
1700 1164 167 53 simple.
1903 1165 35 41 Il
1968 1178 60 30 est
2055 1166 216 42 toutefois
2300 1166 191 52 possible
2521 1168 50 40 de
2604 1167 157 41 reculer

1600 1225 20 41 à
1658 1240 81 37 peu
1774 1227 95 51 près
1903 1227 211 54 jusqu'au
2150 1227 212 42 huitième
2398 1227 117 54 étage
2552 1242 40 27 ce
2629 1228 130 51 point

1601 1286 326 43 d'intersection
1967 1289 71 40 des
2074 1289 116 41 deux
2225 1290 181 40 courbes
2441 1301 52 31 et,
2532 1304 50 26 en
2622 1288 140 42 même

1600 1359 154 41 temps,
1781 1350 39 40 la
1846 1349 138 43 limite
2008 1350 59 40 du
2091 1349 196 42 meilleur
2312 1350 269 47 rendement,
2608 1351 33 40 si
2666 1350 92 40 Ton

1599 1410 172 52 dispose
1799 1411 56 43 les
1884 1410 173 54 rangées
2084 1411 50 41 de
2161 1411 170 41 maison
2362 1426 171 26 comme
2562 1412 35 40 le
2628 1425 99 27 mon-

1599 1483 62 29 tre
1698 1473 38 42 la
1771 1470 140 54 figure
1950 1488 40 36 7.
2027 1471 122 43 Cette
2185 1473 269 51 disposition
2493 1472 146 42 réalise
2677 1487 84 25 une

1590 1532 307 41 combinaison
1925 1533 70 40 des
2018 1533 313 52 prescriptions
2354 1533 197 41 relatives
2571 1535 21 40 à
2615 1532 126 41 l'écar-

1600 1604 165 30 tement
1797 1594 70 40 des
1900 1596 206 43 maisons,
2142 1594 213 42 traduites
2386 1610 78 37 par
2496 1595 39 41 la
2565 1594 197 41 formule

1599 1669 22 26 a
1653 1672 54 14 =
1741 1670 23 25 2
1799 1656 60 44 h.,
1895 1670 98 27 avec
2026 1655 35 42 le
2095 1657 198 51 postulat
2329 1656 50 41 de
2416 1657 38 40 la
2488 1655 166 42 surface
2688 1656 73 39 des

1599 1716 170 50 jardins
1804 1716 114 53 égale
1951 1717 21 40 à
2007 1717 100 40 celle
2143 1717 72 40 des
2249 1717 152 53 étages,
2437 1732 72 26 sur
2546 1716 137 54 lequel
2721 1730 40 26 se

1600 1778 98 42 base
1729 1783 34 40 le
1790 1780 171 52 présent
1989 1780 150 42 calcul.
2169 1781 62 42 Ce
2258 1782 186 51 système
2474 1793 59 29 est
2564 1782 35 40 le
2631 1782 130 40 mode

1599 1841 50 41 de
1677 1841 272 43 lotissement
1977 1843 36 40 le
2042 1843 99 52 plus
2169 1842 291 53 économique
2490 1855 38 28 et
2559 1843 109 40 dans
2698 1855 61 31 cet

1599 1902 216 42 auditoire
1850 1904 50 41 de
1934 1918 102 38 gens
2072 1905 49 40 de
2157 1904 164 48 métier;
2359 1904 28 41 il
2422 1904 144 52 paraît
2602 1903 158 41 inutile

1224 2043 254 74 TOTAL
1529 2046 142 73 DES
1717 2036 226 86 FRAIS
1991 2051 348 73 D'ACHAT
2382 2053 94 71 ET

1224 2122 701 89 D'AMÉNAGEMENT
1963 2140 99 71 DU
2093 2132 337 85 TERRAIN
