3225 4275
220 316 314 58 TEK
612 316 60 55 H
758 316 60 55 N
899 317 45 52 E

2506 451 118 37 Fig.
2653 451 60 36 9.

222 459 121 39 Fig.
373 457 59 36 8.

2499 2150 70 37 Fig.
2586 2150 35 37 10

1552 3361 131 52 façon
1717 3359 226 42 anormale
1977 3361 56 40 les
2065 3361 174 42 locaux.
2273 3360 36 43 Il
2343 3375 113 26 nous
2488 3376 21 25 a
2541 3375 109 38 paru
2682 3359 32 40 si

1552 3424 251 52 important
1827 3422 49 41 de
1903 3421 166 42 réduire
2099 3422 35 42 le
2159 3421 101 53 plus
2285 3422 193 52 possible
2503 3422 39 41 la
2566 3420 149 53 façade

1552 3499 123 38 parce
1705 3499 83 39 que
1820 3484 108 40 dans
1961 3483 36 41 le
2027 3482 137 44 calcul
2196 3483 69 42 des
2299 3483 106 42 frais
2438 3483 249 53 d'aménage-

1554 3557 122 31 ment
1712 3546 59 40 du
1810 3544 161 42 terrain
2008 3558 40 30 et
2085 3545 59 41 du
2180 3545 104 42 coût
2321 3544 50 41 de
2410 3543 303 42 construction

1552 3619 286 41 proprement
1871 3606 79 46 dit,
1987 3606 30 43 il
2051 3605 99 43 faut
2184 3621 50 27 en
2268 3605 107 42 effet
2410 3604 106 42 faire
2551 3604 165 54 figurer

2555 3757 158 57 199

294 1705 232 40 Ci-contre
550 1705 56 40 les
629 1705 108 40 trois
762 1717 123 40 types
908 1705 215 53 auxquels
1147 1719 112 28 nous
1283 1719 113 28 nous

230 1780 191 27 sommes
451 1765 169 42 arrêtés»

299 1837 135 54 Type
461 1838 56 43 A.
548 1838 112 54 (Pig.
695 1839 39 42 8.
755 1842 16 53 )
891 1839 75 42 On
998 1839 203 52 l'appelle
1237 1855 23 26 «
1293 1851 104 41 type

232 1900 21 40 à
279 1900 191 44 couloirs
500 1900 233 41 extérieurs
763 1917 39 25 »,
832 1900 120 43 C'est
977 1900 36 42 le
1037 1902 89 41 seul
1157 1910 103 44 type
1283 1914 116 40 pour

232 1961 141 54 lequel
411 1976 113 28 nous
561 1976 140 38 ayons
737 1961 201 54 envisagé
975 1962 35 42 le
1046 1977 67 27 cas
1150 1962 50 42 de
1236 1962 139 42 l'habi-

232 2023 146 41 tation
421 2038 98 26 sans
561 2022 132 55 étage*
738 2023 63 42 La
843 2023 207 42 chambre
1093 2023 305 42 d'habitation

231 2084 201 42 contient
464 2086 39 42 la
531 2084 113 42 seule
671 2098 147 28 source
848 2085 50 41 de
925 2084 237 54 chauffage
1191 2085 58 41 du
1280 2086 96 52 loge-

233 2160 122 30 ment
394 2161 50 26 en
484 2146 158 41 dehors
683 2146 60 41 du
781 2145 190 42 réchaud
1009 2160 54 27 au
1101 2145 199 43 charbon
1339 2161 58 26 ou

232 2207 110 41 d'un
369 2218 140 42 tuyau
536 2207 51 42 de
612 2206 236 55 chauffage
874 2208 76 53 qui
975 2222 121 38 passe
1120 2222 79 36 par
1227 2207 39 41 la
1296 2206 103 43 salle

235 2269 49 40 de
320 2269 141 41 bains.
499 2268 95 42 Elle
628 2269 98 43 doit
756 2267 207 43 chauffer
994 2283 52 27 en
1082 2268 140 42 même
1256 2279 143 41 temps

233 2330 40 41 la
312 2329 163 42 cuisine
511 2341 40 30 et
590 2331 38 42 la
668 2329 206 42 chambre
913 2329 71 44 des
1022 2329 178 42 enfants
1238 2328 139 42 avoisi-

235 2404 147 29 nante.
414 2391 80 41 Les
524 2392 72 41 lits
627 2391 70 41 des
724 2401 178 43 parents
930 2403 104 31 sont
1063 2390 196 42 installés
1291 2391 110 41 dans

235 2467 84 26 une
347 2453 125 41 niche
499 2453 77 54 qui
604 2463 105 42 peut
738 2452 85 42 être
851 2452 167 53 séparée
1046 2452 50 42 de
1122 2452 42 41 la
1195 2451 206 42 chambre

237 2514 303 42 d'habitation
567 2529 79 37 par
671 2529 60 26 un
757 2514 163 42 rideau.
948 2514 44 42 Si
1018 2528 62 28 ces
1108 2512 72 42 lits
1206 2524 103 31 sont
1335 2526 66 28 ra~

236 2575 232 47 battables,
507 2586 106 31 cette
651 2575 125 41 niche
814 2587 105 40 peut
955 2574 86 42 être
1077 2575 162 41 rendue
1274 2574 103 41 habi-

237 2637 116 41 table
385 2636 200 54 pendant
617 2637 39 40 la
690 2636 198 52 journée.
924 2636 58 41 Le
1015 2636 297 43 water-closet
1342 2645 61 31 est

239 2698 143 52 séparé
420 2698 50 42 de
508 2699 40 41 la
583 2697 103 42 salle
724 2698 49 41 de
812 2697 103 42 bain
954 2712 78 38 par
1070 2712 84 26 une
1189 2697 127 52 paroi
1352 2710 51 27 en

237 2774 118 27 verre
386 2759 148 53 dépoli
566 2759 50 41 de
649 2759 39 42 la
719 2759 188 41 hauteur
937 2759 26 40 d
986 2773 84 26 une
1098 2768 141 43 porte.

305 2820 134 54 Type
467 2821 50 41 B.
641 2820 60 42 Ce
729 2831 103 41 type
857 2819 98 55 (fig.
989 2834 24 39 9
1044 2830 39 32 et
1118 2818 88 54 10)
1235 2818 97 42 doit
1359 2832 44 27 sa

235 2882 284 53 disposition
543 2883 78 53 qui
648 2881 157 42 diffère
827 2881 50 42 de
901 2881 39 41 la
963 2880 172 42 maison
1158 2880 21 41 à
1202 2895 61 26 un
1286 2879 118 54 étage
1429 2907 11 3 -

239 2943 269 42 coutumière
545 2944 109 41 dans
689 2945 58 40 les
781 2940 413 56 quartiers-jardins
1232 2940 148 42 d'Alle-

239 3020 170 38 magne,
456 3020 54 26 au
552 3004 111 41 désir
705 3004 50 41 de
795 3003 290 52 comprendre
1125 3002 109 42 dans
1277 3012 127 31 notre

240 3065 126 42 étude
406 3065 242 54 également
689 3067 40 40 la
772 3065 171 41 maison
985 3064 21 41 à
1048 3079 61 26 un
1149 3063 118 53 étage
1306 3077 98 26 avec

239 3128 191 41 couloirs
472 3127 248 44 extérieurs.
764 3126 37 42 Il
839 3141 50 27 en
931 3124 158 42 résulte
1128 3138 84 39 que
1253 3123 151 54 l'étage

240 3189 257 52 surplombe
522 3189 58 41 du
602 3188 94 42 côté
720 3187 50 42 de
796 3187 189 50 l'entrée,
1012 3188 39 41 le
1076 3185 303 42 rez-de-chaus-

241 3249 74 49 sée,
350 3250 204 42 formant
585 3249 124 43 ainsi,
743 3263 172 27 comme
945 3262 112 27 vous
1088 3248 36 40 le
1154 3260 148 28 verrez
1333 3259 71 27 sur

240 3312 39 41 la
310 3326 150 38 coupe,
494 3326 61 26 un
583 3310 173 41 couloir
781 3320 194 32 couvert,
1006 3319 102 31 tout
1134 3323 51 26 en
1216 3318 162 43 permet-

240 3384 97 31 tant
365 3372 216 42 d'utiliser
608 3371 338 54 intégralement
970 3385 172 26 comme
1168 3368 149 52 jardin
1346 3382 58 27 ou

239 3434 177 51 pelouse
450 3436 36 40 le
519 3435 65 41 sol
621 3448 93 26 non
748 3431 145 43 utilisé
926 3446 53 27 au
1015 3428 388 44 rez-de-chaussée.

239 3493 139 44 Etant
402 3495 150 42 donné
578 3497 38 41 la
641 3494 198 53 présence
862 3493 50 42 de
934 3507 43 27 ce
999 3492 170 41 couloir
1192 3489 213 43 extérieur

242 3566 99 31 tous
374 3557 58 41 les
466 3557 115 41 deux
614 3556 153 53 étages,
802 3570 59 26 on
896 3570 22 26 a
952 3552 144 43 réduit
1127 3552 41 42 la
1199 3551 151 54 façade
1382 3550 22 41 à

243 3617 104 55 3.85
385 3633 81 31 m.;
502 3632 41 27 ce
577 3618 77 54 qui
689 3618 72 40 n'a
792 3615 247 54 cependant
1069 3629 77 38 pas
1178 3612 144 43 réduit
1354 3611 50 41 de
