3640 5313
1682 4866 82 47 21

373 511 68 73 le
478 506 315 77 trouble
832 508 413 75 intérieur.
1286 506 152 75 Par
1474 532 117 49 ses
1628 508 369 88 conseils,
2041 508 58 73 il
2136 506 207 77 n'est
2378 496 390 109 peut-être
2807 505 262 98 qu'un

370 633 259 95 grand
680 633 333 73 homme
1063 632 94 73 de
1208 664 36 35 «
1296 657 85 49 ce
1428 635 258 70 matin
1740 664 35 37 »
1826 677 102 9 —
1975 657 158 48 une
2180 632 202 73 date.
2439 632 193 71 Mais
2680 655 145 72 par
2873 630 191 86 cela,

372 765 279 67 autant
692 781 155 71 que
888 781 146 71 par
1074 781 146 47 son
1261 757 249 71 talent
1550 757 442 73 d'écrivain
2036 759 139 93 qui
2219 755 71 73 le
2333 759 138 67 fait
2512 779 146 71 par
2703 754 371 72 bonheur

373 882 71 73 le
521 882 183 95 plus
781 882 258 93 grand
1117 884 352 69 écrivain
1550 882 344 88 français
1970 884 302 83 vivant,
2356 879 56 71 il
2488 889 112 61 est
2678 877 179 73 l'un
2939 877 133 71 des

375 1008 373 72 hommes
805 1006 108 73 les
971 1006 185 95 plus
1212 1009 482 92 importants
1752 1004 647 95 d'aujourd'hui.
2492 1004 59 70 A
2637 1003 75 71 la
2793 1004 281 71 moitié

372 1130 94 74 de
517 1155 198 47 ceux
763 1153 156 71 que
966 1130 173 72 l'on
1188 1130 310 96 appelle
1554 1160 33 36 «
1640 1130 108 71 les
1792 1131 281 92 jeunes
2129 1158 34 36 »
2216 1128 57 69 il
2322 1152 44 47 a
2415 1126 256 73 révélé
2720 1126 76 71 la
2844 1143 180 54 cons-

375 1258 269 70 cience
690 1253 598 75 intellectuelle.

510 1378 89 88 (A
658 1378 330 88 suivre.)

2145 1378 274 69 André
2477 1374 428 71 Malraux.

365 1628 2713 184 LUCIOLE

465 1998 352 95 Lorsque
871 1997 75 72 la
998 1997 298 93 longue
1350 2020 266 48 averse
1672 2003 130 65 eut
1857 1998 233 83 cessé,
2153 1993 132 73 des
2343 2017 211 49 roses
2609 1995 457 69 montèrent

367 2120 333 97 jusqu'à
751 2120 74 71 la
880 2120 298 71 fenêtre
1232 2129 73 64 et
1357 2118 71 72 le
1482 2122 195 91 petit
1726 2122 292 91 joueur
2070 2117 95 73 de
2221 2117 474 71 mandoline
2751 2120 152 68 tira
2956 2140 110 50 un

367 2247 137 92 jeu
548 2242 95 73 de
687 2251 249 66 cartes
981 2244 93 71 de
1120 2267 81 48 sa
1244 2245 376 92 poitrine.

470 2366 137 72 Les
656 2367 239 71 fleurs
942 2366 109 71 du
1096 2388 285 71 square
1427 2367 293 70 étaient
1764 2364 132 71 des
2248 2364 91 71 de
2385 2362 362 97 liqueurs
2796 2362 226 73 multi-

375 2488 330 74 colores.
788 2488 254 72 L'une
1118 2513 127 46 me
1320 2511 225 49 versa
1618 2486 356 73 l'amour
2046 2494 71 65 et
2192 2488 284 93 depuis
2554 2494 195 65 cette
2827 2488 244 71 heure

367 2611 408 97 j'entends
817 2611 134 71 des
996 2611 315 73 cloches
1357 2620 73 62 et
1472 2611 132 71 des
1653 2611 436 71 sonnailles
2134 2615 139 91 qui
2324 2611 359 71 reculent
2730 2635 100 47 au
2878 2611 189 73 fond

372 2735 94 73 de
517 2735 642 73 l'interminable
1212 2759 331 49 avenue.

475 2858 103 72 La
632 2858 232 72 dame
919 2858 93 72 de
1064 2858 225 73 trèfle
1344 2857 271 74 attend
1669 2857 71 73 le
1789 2860 245 93 jeune
2089 2857 208 73 valet
2353 2857 93 73 de
2504 2860 269 92 pique.
2837 2858 237 72 Lucie

372 2984 188 69 était
624 2980 279 73 nubile
968 2984 42 69 à
1073 2984 235 91 peine
1374 2980 320 95 lorsque
1755 2984 76 91 je
1897 2982 75 71 la
2036 3004 339 49 connus.
2448 2980 164 88 Que
2680 2982 67 71 le
2812 2991 259 84 temps

373 3128 224 71 passe
646 3107 157 68 vite
856 3107 41 68 à
946 3107 365 92 toujours
1362 3104 358 73 attendre
1770 3104 71 73 le
1894 3104 493 73 lendemain.

480 3228 132 72 Ses
665 3228 262 93 doigts
981 3236 180 64 sont
1213 3233 319 88 soignés
1587 3251 317 49 comme
1957 3228 133 72 des
2145 3228 167 72 cils.
2375 3229 105 71 La
2532 3253 446 49 manucure
3034 3255 40 47 a

377 3350 135 72 des
549 3350 287 72 œillets
876 3355 364 88 étranges
1281 3353 42 69 à
1362 3375 144 47 son
1550 3351 285 73 balcon
1892 3375 12 49 :
1948 3351 225 73 bleus
2217 3375 317 49 comme
2575 3351 133 73 des
2754 3353 315 71 larmes.

482 3473 79 75 Si
610 3482 90 66 tu
749 3477 225 71 viens
1027 3485 179 85 trop
1257 3475 115 71 tôt
1421 3483 89 66 tu
1560 3499 129 47 me
1740 3483 411 65 trouveras
2206 3499 101 49 au
2360 3475 462 73 Hammam.

480 3597 347 74 L'odeur
873 3597 110 73 du
1032 3597 254 73 santal
1335 3622 44 48 a
1427 3597 71 73 le
1547 3598 161 72 don
1758 3597 515 74 d'illuminer
2319 3622 168 49 mes
2539 3600 244 71 rêves.

478 3720 137 75 Cet
659 3724 160 71 être
864 3722 209 93 agile
1118 3727 97 68 né
1261 3722 94 71 de
1399 3725 165 70 moi
1613 3732 286 63 tourne
1945 3731 71 64 et
2060 3747 78 46 se
2185 3724 175 71 love
2405 3724 200 71 dans
2653 3749 157 49 une
2861 3725 213 72 bulle

373 3844 95 74 de
516 3869 272 48 savon.

472 3966 60 74 0
573 3991 313 65 amour,
934 3971 272 71 oiseau
1245 3969 253 73 blessé
1538 3973 139 91 qui
1721 3993 97 47 ne
1857 3973 115 69 vit
2011 3969 181 95 plus
2236 3995 152 69 que
2431 3969 93 73 de
2564 3974 348 88 mirages
2959 3974 12 70 !

470 4091 139 73 Les
653 4096 186 70 toits
885 4103 183 64 sont
1108 4093 227 73 bleus
1383 4117 315 50 comme
1743 4095 109 71 les
1897 4118 168 48 ans.

472 4216 101 72 La
624 4218 125 71 vie
800 4240 224 71 passe
1076 4242 317 49 comme
1447 4220 69 71 le
1565 4227 214 64 vent.

475 4338 90 73 Et
605 4342 78 93 je
731 4343 162 68 suis
941 4364 210 71 pour
1193 4345 367 90 toujours
1608 4342 74 71 la
1730 4342 277 95 plume

1501 4465 164 89 Que
1708 4465 333 73 l'oiseau
2084 4491 40 47 a
2167 4470 257 70 semée
2466 4467 200 71 dans
2710 4469 68 71 le
2818 4469 243 71 ciel...

2140 4590 196 72 Paul
2392 4592 366 70 Dermée.
