3640 5313
1869 4804 89 50 22

589 577 2690 122 INCIDENT

944 985 190 71 Taxi
1174 988 142 91 qui
1355 986 364 93 patine...
1765 985 103 72 ah

885 1105 72 74 le
1015 1110 198 91 pavé
1271 1130 179 70 gras
1498 1110 13 71 1

1098 1227 545 76 Saint-Lazare
1687 1254 14 49 :
1748 1254 107 49 on
1904 1237 222 66 entre
2173 1254 146 73 par
2365 1230 76 71 la
2490 1228 254 73 Sortie

883 1352 310 93 malgré
1247 1352 305 93 l'agent
1603 1354 94 73 de
1750 1355 296 72 service
2099 1357 140 92 qui
2295 1377 244 72 pense
2595 1352 325 73 ailleurs

886 1474 410 98 (apéritif).

1286 1599 169 73 Une
1511 1599 286 73 affiche
1852 1625 99 47 en
2006 1601 370 73 couleurs

886 1723 197 73 offre
1130 1748 159 48 une
1338 1723 488 74 Normandie

883 1845 323 95 parfum
1254 1845 93 73 de
1389 1845 275 73 vache.
2233 1845 193 74 Mais
2473 1846 71 73 le
2592 1846 375 73 meilleur

881 1967 134 74 des
1090 1968 430 88 chocolats,
1596 1992 244 73 voyez
1909 1970 427 73 Lombard.

2422 2126 36 37 <(
2495 2094 335 74 Porteur
2876 2097 14 73 !
2927 2124 35 39 »

1086 2214 88 71 Je
1218 2217 258 70 souris
1521 2219 43 69 à
1609 2216 339 74 Clotilde
1992 2217 418 75 endormie

881 2336 253 73 là-bas
1174 2341 65 68 si
1284 2338 417 74 seulette...
2466 2373 34 36 «
2542 2341 285 74 Chérie
2873 2344 13 73 !
2923 2371 36 39 »

1271 2505 105 10 —
1416 2461 207 73 Hein
1669 2466 30 70 ?
1747 2468 193 90 quoi
1985 2466 29 71 ?
2060 2471 91 66 tu
2194 2465 350 72 charries
2593 2468 12 71 !
2649 2510 103 10 —

1283 2581 277 95 Swing
1767 2608 200 72 sang
2011 2610 137 49 sur
2190 2590 117 69 soi
2514 2586 233 75 Soins

1279 2705 280 86 (odeur
1611 2707 95 72 de
1760 2708 466 95 pharmacie

1279 2852 317 49 comme
1640 2854 161 49 une
1841 2832 334 74 enfance
2217 2857 102 49 au
2363 2834 235 89 loin).

572 3366 674 110 MAL
1473 3368 410 105 DE
2103 3368 1161 114 TERRE

858 3750 237 76 Vivre
1147 3777 181 49 sans
1381 3762 222 66 autre
1653 3755 324 76 volonté

864 3899 154 71 que
1068 3875 94 71 de
1208 3875 229 75 hâter
1482 3877 77 73 la
1608 3878 113 72 fin
1774 3878 111 73 du
1931 3880 302 75 monde

1454 4002 320 73 évasion
2078 4004 283 74 liberté

1454 4126 326 74 ailleurs
1840 4132 514 72 nouveau-né

863 4266 130 49 car
1051 4244 281 95 depuis
1393 4248 254 94 qu'on
1709 4253 149 69 sait
1916 4276 154 70 que
2129 4253 76 72 la
2263 4261 205 66 terre
2529 4265 115 64 est
2703 4259 251 73 ronde

858 4390 103 47 on
1015 4392 42 47 a
1103 4371 163 71 mal
1318 4395 102 49 au
1469 4395 223 51 cœur
1741 4375 138 96 d'y
1926 4376 274 75 dessus
2251 4386 356 66 tourner.

1968 4530 542 76 Jean-Victor
2566 4535 428 78 Pellerin.
