3640 5313
1819 4805 91 83 43

516 648 1494 166 VIRTUOSITÉ
2129 682 34 135 !
2427 712 173 105 tu
2827 682 359 135 n'es

516 929 543 169 qu'un
1248 963 336 105 mot....
1977 963 162 108 et
2329 936 149 135 le
2708 939 474 166 pire?

616 1388 117 71 En
794 1391 352 71 écrivant
1205 1413 122 49 ces
1388 1391 379 93 quelques
1827 1393 420 71 réflexions
2329 1396 77 91 je
2468 1393 165 72 n'ai
2692 1418 166 71 pas,
2953 1396 225 71 chers

1645 1497 5 9 *

523 1508 354 86 lecteurs,
934 1509 464 73 l'intention
1447 1511 95 71 de
1588 1537 196 47 vous
1832 1521 430 65 soumettre
2311 1515 132 71 des
2489 1520 455 89 jugements
2993 1516 149 73 défi-

521 1631 246 70 nitifs.
838 1631 61 70 Il
963 1655 127 49 me
1151 1631 318 95 plairait
1532 1635 513 91 simplement
2108 1636 93 70 de
2263 1636 192 72 faire
2519 1638 379 71 entendre
2963 1642 42 67 à
3069 1664 110 45 un

521 1753 271 93 public
848 1755 594 93 compréhensif
1493 1757 203 93 qu'il
1750 1765 112 63 est
1918 1765 256 87 temps
2230 1760 94 70 de
2380 1763 261 89 réagir
2694 1770 272 63 contre
3024 1785 155 48 une

521 1874 383 71 tendance
960 1899 150 68 que
1166 1885 178 65 sont
1398 1901 97 47 en
1551 1882 208 69 train
1816 1879 94 71 de
1967 1884 213 67 créer
2233 1880 134 85 (ou
2423 1906 205 67 pour
2682 1882 262 93 parler
2997 1882 182 95 plus

513 1999 435 90 justement
999 1997 548 90 d'entretenir)
1603 1999 75 73 la
1730 2002 210 71 foule
1991 2004 565 71 innombrable
2609 2004 132 71 des
2792 2009 387 68 virtuoses

518 2119 199 69 issus
768 2117 132 71 des
948 2141 189 71 pays
1186 2119 107 71 les
1341 2121 179 91 plus
1571 2121 284 71 divers.

611 2239 217 71 Paris
863 2248 263 64 centre
1158 2241 206 71 d'art
1400 2243 108 71 du
1542 2243 295 72 monde
1872 2248 226 69 attire
2133 2246 110 73 du
2277 2248 117 69 fin
2431 2248 193 71 fond
2660 2248 95 71 de
2790 2248 388 73 l'univers

514 2368 175 64 tous
724 2361 109 71 les
870 2363 476 93 spécialistes
1381 2365 109 71 du
1525 2365 290 72 clavier
1849 2376 74 63 et
1954 2368 93 69 de
2084 2368 74 71 la
2192 2366 232 75 corde
2456 2414 104 6 —
2595 2393 178 48 sans
2810 2380 369 85 apporter

516 2481 439 73 l'humilité
1004 2488 64 66 si
1115 2488 432 71 nécessaire
1596 2490 44 68 à
1684 2487 75 71 la
1805 2488 342 90 religion
2194 2488 95 73 de
2336 2498 225 65 notre
2609 2498 142 65 art.

612 2603 155 71 J'ai
828 2629 111 69 pu
999 2610 408 90 apprécier
1468 2610 469 71 moi-même
1996 2634 98 47 en
2155 2620 442 85 voyageant
2658 2615 373 71 combien
3097 2639 82 49 ce

514 2734 170 64 mot
728 2725 93 73 de
866 2725 217 73 Paris
1131 2751 267 50 exerce
1442 2754 112 47 un
1603 2735 528 88 magnétisme
2177 2737 386 90 puissant.
2622 2734 287 88 Certes,
2961 2737 218 71 Paris

521 2846 205 72 n'est
763 2871 137 71 pas
938 2857 174 65 tout
1149 2851 70 71 le
1254 2854 315 85 Monde,
1615 2857 227 83 mais,
1889 2879 203 46 nous
2133 2856 71 71 le
2245 2879 283 48 savons
2570 2857 210 87 bien,
2827 2859 56 69 il
2929 2883 96 47 en
3068 2868 111 64 est

521 2991 151 49 ane
717 2969 268 73 bonne
1026 2974 276 92 partie.
1356 2973 122 72 Un
1520 2978 266 69 artiste
1833 2981 369 68 consacré
2248 2981 100 68 ici
2394 3003 44 47 a
2477 2979 181 93 plus
2704 2979 93 73 de
2843 2981 223 71 relief
3107 2989 72 65 et

513 3089 94 73 de
684 3105 582 79 rayonnement
1342 3096 259 93 qu'un
1681 3106 220 65 autre
1979 3108 295 63 venant
2353 3101 246 73 d'une
2677 3103 499 95 quelconque

516 3213 357 93 capitale.
919 3213 279 74 J'écris
1239 3221 161 68 ceci
1440 3242 178 47 sans
1661 3220 228 71 céder
1925 3223 44 68 à
2008 3220 393 73 l'illusion
2445 3247 431 49 commune
2919 3227 42 69 à
3002 3233 176 65 tous

514 3331 109 73 les
678 3335 442 93 indigènes,
1185 3340 44 69 à
1285 3338 343 95 quelque
1684 3343 278 70 nation
2021 3342 242 93 qu'ils
2321 3347 638 91 appartiennent.
3029 3347 149 71 Car

516 3455 54 70 il
628 3464 113 64 est
794 3458 367 94 fréquent
1214 3460 465 75 d'entendre
1733 3487 111 46 un
1901 3464 278 71 Italien
2235 3465 294 93 prôner
2585 3491 81 47 sa
2721 3469 447 91 péninsule,

519 3604 109 46 un
684 3579 399 95 Espagnol
1142 3582 349 73 déclarer
1545 3609 151 68 que
1757 3589 168 68 rien
1986 3611 98 47 ne
2143 3611 359 71 surpasse
2561 3589 75 71 la
2694 3594 301 83 sienne,
3063 3616 110 47 un

516 3701 327 91 Anglais
877 3726 152 69 que
1065 3728 115 47 ses
1215 3706 141 71 îles
1391 3712 178 65 sont
1603 3707 69 72 le
1706 3731 327 48 cerveau
2067 3709 108 71 du
2209 3711 319 86 monde,
2572 3736 110 46 un
2721 3714 452 71 Américain

523 3823 110 71 du
677 3823 210 72 Nord
932 3850 155 69 que
1131 3826 76 71 la
1251 3828 479 72 civilisation
1777 3853 463 49 commence
2285 3831 134 86 (ou
2467 3833 343 86 s'arrête,
2866 3860 313 47 comme

518 3966 105 50 on
670 3946 334 87 voudra)
1058 3950 44 69 à
1146 3948 76 71 la
1268 3956 249 65 statue
1566 3950 93 71 de
1706 3950 75 71 la
1823 3951 307 73 Liberté
2179 3956 139 90 qui
2367 3953 327 73 domine
2739 3956 70 71 le
2858 3965 179 84 port
3085 3958 93 71 de

514 4063 464 91 New-York,
1024 4077 142 64 etc.
1212 4070 115 71 En
1368 4071 164 87 fait,
1579 4071 215 72 Paris
1835 4082 112 62 est
1984 4075 227 71 visité
2252 4073 411 95 (peut-être
2705 4100 207 70 pour
2949 4088 225 63 notre

516 4187 179 94 plus
738 4190 255 91 grand
1036 4190 225 90 bien)
1300 4215 142 72 par
1481 4193 107 70 les
1634 4195 301 70 artistes
1977 4193 95 72 de
2113 4204 342 84 partout.
2509 4197 141 73 Ces
2694 4204 330 83 artistes,
3073 4226 103 47 au

523 4310 162 71 lieu
724 4310 93 73 de
858 4312 379 74 chercher
1275 4317 44 69 à
1358 4339 76 47 se
1473 4315 201 93 plier
1713 4339 102 47 au
1854 4317 196 90 goût
2087 4317 93 71 de
2218 4325 225 67 notre
2484 4320 204 87 élite,
2736 4344 76 49 se
2854 4324 324 73 laissent

521 4430 195 73 aller
772 4434 44 69 à
877 4434 74 71 la
1010 4434 368 73 fâcheuse
1439 4439 477 91 impression
1979 4437 244 93 qu'ils
2285 4449 346 83 peuvent
2694 4446 348 89 imposer
3105 4446 71 71 le

513 4552 196 73 leur.
758 4554 146 73 S'il
946 4566 115 64 est
1098 4559 469 71 intéressant
1608 4557 95 73 de
1742 4561 410 71 connaître
2192 4583 87 49 ce
2319 4564 139 93 qui
2499 4571 189 86 peut
2727 4564 251 95 plaire
3017 4579 156 60 aux:
