2684 4495
201 3772 217 122 88

324 352 236 92 LA
687 321 521 122 CITÉ.
1497 341 437 94 NOV.
2066 341 460 92 1923.

323 641 263 53 National
623 641 87 50 des
746 639 340 53 Architectes,
1126 654 63 33 en
1235 653 164 45 1919,
1438 634 38 50 il
1514 631 372 52 conviendrait
1923 630 328 64 d'organiser
2289 627 88 51 des

326 744 152 36 cours
506 725 281 52 itinérants
815 724 85 63 (en
933 721 284 52 attendant
1248 721 50 51 la
1329 719 232 52 création
1593 719 61 50 de
1686 733 155 35 cours
1871 715 316 65 complets),
2223 715 124 51 fonc-

326 815 254 51 tionnant
599 813 133 50 dans
750 811 72 50 les
840 808 320 53 chefs-lieux
1179 808 65 52 de
1264 819 198 39 canton
1481 818 51 38 et
1551 804 267 54 donnant,
1843 820 64 34 en
1927 804 255 63 quelques
2201 802 177 64 leçons

323 899 358 53 dominicales,
723 898 72 49 les
832 894 251 52 éléments
1119 891 418 66 indispensables
1575 890 28 51 à
1643 890 50 51 la
1733 889 249 65 pratique
2024 889 87 51 des
2151 889 227 51 diverses

323 985 328 65 professions
674 983 73 52 du
770 981 281 53 bâtiment.

479 1070 271 65 Quelques
779 1068 287 51 brochures
1094 1067 297 54 succinctes,
1406 1065 87 56 l'a,
1516 1063 50 56 b,
1601 1081 40 38 c,
1676 1063 61 49 de
1767 1062 202 63 chaque
1998 1060 201 56 métier,
2232 1077 110 34 com-

326 1157 309 66 pléteraient
658 1155 71 50 les
752 1154 177 64 leçons
952 1152 184 52 orales.

478 1243 72 51 Le
576 1239 236 54 confrère
837 1239 237 64 Symons
1099 1238 102 52 fait
1227 1235 216 56 ensuite,
1475 1252 121 34 avec
1625 1252 53 33 sa
1707 1251 154 34 verve
1888 1232 310 58 habituelle,
2228 1232 125 50 l'his-

322 1331 209 63 torique
566 1329 87 51 des
688 1326 240 64 Congrès
961 1326 323 50 Nationaux
1321 1337 50 37 et
1405 1321 473 57 Internationaux,
1916 1335 49 36 et
2003 1321 50 49 la
2090 1319 175 52 séance
2302 1331 76 38 est

321 1413 228 54 clôturée
585 1412 147 66 après
768 1430 73 33 un
877 1411 227 65 échange
1140 1411 61 51 de
1237 1426 126 34 vues
1397 1425 91 34 sur
1521 1407 72 51 les
1626 1407 105 51 lieu
1766 1420 49 38 et
1850 1406 122 52 date
2007 1406 74 50 du
2115 1404 262 65 prochain

321 1501 252 65 Congrès.

473 1587 72 51 Le
564 1586 239 65 banquet
825 1583 349 54 traditionnel
1196 1581 174 52 réunit
1389 1581 203 51 ensuite
1611 1581 71 49 les
1700 1580 367 63 congressistes
2087 1595 67 34 au
2186 1595 31 33 «
2242 1577 102 50 Ter-

315 1675 182 51 minus
519 1672 185 52 Palace
731 1690 51 33 ».

477 1757 301 67 Remarqué
802 1759 28 51 à
853 1759 50 51 la
929 1757 141 53 table
1091 1757 306 53 d'honneur
1427 1773 12 31 :
1465 1752 151 54 MM.
1643 1754 72 50 les
1735 1754 377 63 Bourgmestre
2138 1765 51 38 et
2212 1750 132 52 Eche-

318 1848 121 50 vins
468 1846 61 52 de
559 1846 50 51 la
641 1844 146 52 Ville
816 1844 293 56 d'Anvers;
1143 1843 210 63 Snyers,
1386 1839 277 52 Président
1693 1839 64 52 de
1787 1839 52 51 la
1870 1836 343 59 Fédération;
2250 1836 125 56 Sels,

315 1933 301 53 Architecte
639 1931 301 66 provincial
966 1930 291 55 d'Anvers;
1284 1926 512 66 Metdepennighen,
1824 1924 302 52 Architecte
2151 1923 195 68 provin-

317 2020 96 52 cial
436 2020 75 52 du
533 2019 261 56 Brabant,
820 2031 114 44 etc.,
959 2031 93 38 etc.

474 2105 160 53 Nous
658 2104 386 52 n'étonnerons
1065 2118 261 50 personne
1350 2118 63 34 en
1438 2100 180 52 disant
1641 2098 137 67 qu'il
1805 2117 34 47 y
1865 2116 28 34 a
1919 2116 65 34 eu
2010 2098 87 52 des
2121 2097 254 55 discours,

315 2194 63 51 de
401 2192 306 52 nombreux
731 2191 255 55 discours,
1009 2206 141 37 nous
1171 2206 64 34 ne
1258 2203 258 50 pouvons
1537 2187 73 51 les
1632 2185 244 65 analyser
1899 2198 149 43 tous;
2077 2201 140 35 nous
2239 2201 139 34 nous

315 2279 299 53 bornerons
652 2278 27 51 à
717 2278 125 51 citer
877 2276 387 66 quelques-uns
1300 2274 89 52 des
1425 2286 242 39 orateurs
1711 2291 13 33 ;
1766 2273 47 52 le
1848 2271 278 53 Président
2165 2271 210 64 Snyers,

314 2366 83 52 M.
428 2366 127 51 Van
587 2363 355 57 Cauwelaert,
975 2363 71 51 les
1074 2361 263 52 confrères
1366 2361 125 56 Sels,
1527 2358 391 55 Roosenboom
1947 2372 51 38 et
2030 2358 259 65 Symons;
2327 2373 51 33 ce

317 2452 219 57 dernier,
571 2451 341 52 visiblement
943 2448 197 65 inspiré
1170 2466 98 47 par
1298 2448 73 51 les
1403 2446 311 66 splendeurs
1747 2445 349 52 rubéniennes
2129 2443 249 54 assistant

315 2558 69 34 au
409 2539 257 66 banquet,
694 2551 90 38 eut
808 2537 89 52 des
922 2535 242 53 envolées
1188 2533 333 68 applaudies.

474 2625 145 57 Bref,
656 2624 161 53 soirée
850 2624 173 66 pleine
1056 2624 62 52 de
1150 2621 200 53 cordial
1385 2620 228 58 entrain,
1650 2621 95 65 qui
1780 2620 209 52 laissera
2024 2620 49 49 la
2110 2619 268 50 meilleure

314 2713 316 64 impression
660 2711 28 51 à
718 2724 123 39 tous
868 2728 131 34 ceux
1027 2710 94 65 qui
1149 2710 142 51 l'ont
1316 2707 174 54 vécue.

473 2798 80 54 La
583 2796 265 55 troisième
878 2798 221 63 journée
1133 2796 129 54 était
1287 2794 270 53 consacrée
1591 2795 27 51 à
1650 2795 50 51 la
1731 2794 153 51 visite
1916 2794 89 52 des
2036 2806 235 39 travaux
2303 2790 75 53 du

314 2886 367 53 Kruisschans.

472 2972 175 52 Partis
670 2973 73 51 du
769 2972 153 52 Steen
949 2970 28 52 à
1005 2988 31 47 9
1063 2970 187 51 heures
1274 2970 74 51 du
1375 2969 191 56 matin,
1594 2969 71 51 les
1691 2967 367 64 congressistes
2085 2963 261 67 débarquè-

317 3074 114 37 rent
459 3060 28 51 à
516 3059 123 65 pied
667 3059 253 56 d'œuvre,
953 3058 149 65 après
1131 3076 104 34 une
1262 3058 160 49 heure
1451 3057 62 52 de
1541 3054 319 65 navigation
1892 3072 88 34 sur
2012 3053 240 53 l'Escaut
2281 3071 97 48 par

315 3165 102 34 une
440 3144 222 68 journée
685 3144 291 66 splendide.

470 3233 206 52 Disons
698 3233 62 52 de
779 3233 136 51 suite
935 3232 313 66 qu'Anvers
1268 3250 28 31 a
1319 3248 73 35 vu
1415 3231 187 64 grand,
1626 3247 114 34 non
1765 3228 288 53 seulement
2076 3228 71 52 les
2171 3227 207 52 navires

315 3321 61 52 de
404 3339 110 33 200
540 3320 188 52 mètres
752 3321 63 52 de
839 3321 147 62 long,
1018 3336 70 34 22
1113 3318 190 52 mètres
1328 3318 61 52 de
1414 3318 140 64 large
1580 3331 51 38 et
1659 3335 32 47 9
1720 3334 71 34 m.
1824 3332 73 50 50
1926 3314 451 55 d'enfoncement,

314 3407 94 65 qui
439 3421 124 38 sont
591 3407 72 51 les
690 3407 125 65 plus
844 3406 198 65 grands
1070 3403 349 66 fréquentant
1451 3402 372 53 actuellement
1852 3402 47 52 le
1930 3415 129 53 port
2088 3401 289 54 d'Anvers,

315 3509 270 51 pourront
619 3508 171 38 entrer
825 3494 133 52 dans
991 3492 206 52 l'écluse
1229 3510 97 47 par
1358 3506 125 38 tout
1514 3491 110 52 état
1657 3492 62 51 de
1751 3490 187 57 marée,
1974 3490 152 56 mais,
2163 3508 64 33 en
2261 3486 88 67 pré-

314 3581 174 52 vision
522 3582 89 51 des
644 3581 329 52 dimensions
1008 3581 124 65 plus
1164 3580 225 66 grandes
1422 3576 438 70 qu'atteindront
1894 3579 72 50 les
1999 3576 211 53 navires
2246 3576 132 51 dans
