2723 3970
239 3669 125 95 90

458 191 1811 106 TECHNOLOGIE

280 496 478 69 COMMENT
821 496 615 69 CONSTRUIRE
1517 496 249 71 DANS
1847 501 168 66 LES
2099 494 414 76 RÉGIONS

278 643 477 71 SOUMISES
885 643 190 66 AUX
1207 638 772 76 AFFAISSEMENTS
2114 648 396 69 MINIERS

231 962 100 35 Sou»
358 964 34 34 le
423 965 89 32 titre
541 961 201 39 ci-dessus,
774 960 52 35 M.
856 960 42 35 R.
933 960 179 44 Hautier,
1144 962 207 42 ingénieur

171 1026 70 34 des
280 1027 291 32 constructions
609 1023 144 40 civiles,
795 1023 131 43 publie
966 1023 98 35 dans
1103 1023 35 35 le
1177 1026 173 40 premier

173 1088 186 35 fascicule
400 1087 98 35 1923
531 1087 68 35 des
631 1098 20 24 «
681 1085 179 37 Annales
891 1086 68 34 des
988 1086 129 36 Mines
1146 1087 51 34 de
1225 1085 102 44 Belgi-

172 1166 76 28 que
284 1162 33 28 >,
355 1166 51 19 un
444 1152 189 33 mémoire
672 1152 65 41 qui
773 1158 55 26 est
865 1150 50 34 du
951 1148 87 44 plus
1073 1150 98 35 haut
1202 1152 145 33 intérêt

169 1228 103 30 pour
308 1223 90 25 tous
437 1213 56 35 les
531 1212 238 44 exploitants
807 1213 47 34 de
894 1215 125 33 mines
1057 1227 54 20 ou
1148 1213 47 34 de
1234 1213 90 34 char-

166 1277 78 35 bon
251 1291 130 29 nages.

223 1364 62 34 On
312 1365 72 34 sait
410 1364 182 34 combien
616 1362 36 35 la
680 1365 227 41 réparation
932 1363 68 35 des
1027 1363 138 43 dégâts
1187 1363 48 36 de
1261 1376 62 21 sur-

166 1427 87 34 face
283 1430 117 40 grève
433 1427 33 34 le
496 1427 149 43 budget
675 1426 47 35 de
752 1425 212 45 beaucoup
994 1426 48 35 de
1074 1440 73 21 nos
1177 1428 166 32 sociétés

165 1491 194 38 minières,
393 1498 155 26 surtout
579 1489 46 36 de
656 1488 117 36 celles
803 1489 221 43 exploitant
1054 1490 98 35 dans
1184 1489 67 35 des
1284 1492 38 31 ré-

162 1555 112 41 gions
299 1552 250 44 populeuses,
579 1561 35 26 et
642 1555 104 32 aussi
773 1552 183 36 combien
983 1554 56 34 les
1066 1550 253 46 responsabili-

161 1620 60 31 tés
250 1625 89 26 sont
366 1614 184 37 difficiles
581 1620 21 30 à
635 1614 151 36 établir.
819 1615 92 36 Bien
943 1625 167 26 souvent
1141 1615 54 36 les
1227 1614 89 35 char-

158 1679 217 43 bonnages,
416 1681 66 41 qui
522 1688 68 26 ont
627 1678 79 36 bon
745 1678 84 40 dos,
872 1683 186 39 réparent
1096 1679 68 35 des
1201 1678 137 43 dégâts

157 1741 96 36 dont
280 1742 45 35 ils
352 1757 48 21 ne
426 1751 89 26 sont
541 1756 70 29 pas
637 1742 50 35 du
716 1750 87 27 tout
831 1743 286 43 responsables.

212 1830 130 42 Après
371 1831 111 34 avoir
508 1829 164 36 observé
701 1838 204 29 comment
932 1846 41 19 se
1002 1839 251 35 comportent
1281 1828 55 36 les

157 1895 292 33 constructions
480 1892 153 36 élevées
664 1908 67 20 sur
759 1893 69 36 des
858 1896 172 33 terrains
1061 1896 122 41 sujets
1214 1896 21 32 à
1267 1892 68 36 des

153 1955 305 40 affaissements,
498 1955 52 36 M.
592 1957 170 35 Hautier
799 1955 137 37 établit
975 1956 192 45 quelques
1208 1955 125 44 règles

153 2018 317 37 fondamentales
496 2023 78 32 très
602 2020 161 43 simples
788 2029 38 27 et
853 2022 82 34 très
962 2020 276 43 méthodiques
1266 2021 66 41 qui

152 2091 241 35 permettent
423 2082 47 37 de
503 2082 173 37 calculer
704 2082 55 38 les
789 2082 142 37 efforts
958 2083 52 36 de
1039 2083 146 36 flexion
1214 2096 95 23 anor-

151 2160 132 25 maux,
320 2146 146 36 directs
502 2161 51 21 ou
587 2147 191 35 indirects
810 2147 195 44 auxquels
1039 2156 172 34 peuvent
1247 2149 84 33 être

148 2211 151 33 soumis
327 2209 54 37 les
408 2209 213 37 bâtiments
651 2219 38 27 et
716 2210 55 35 les
799 2225 196 29 ouvrages
1023 2211 113 36 d'art.

206 2296 27 35 Il
273 2312 47 20 en
361 2296 135 36 déduit
534 2300 154 33 ensuite
727 2297 194 44 quelques
961 2298 127 44 règles
1126 2298 203 43 pratiques

148 2359 222 44 desquelles
404 2360 26 36 il
466 2375 47 21 ne
548 2360 174 36 faudrait
755 2363 145 41 jamais
934 2376 40 22 se
1006 2361 189 43 départir,
1232 2360 77 37 lors-

146 2436 56 31 qu
218 2437 53 21 on
294 2426 194 33 construit
512 2423 97 36 dans
631 2424 71 35 des
725 2427 156 41 régions
905 2427 165 48 sujettes
1093 2439 78 21 aux
1193 2423 116 37 affais-

144 2496 187 32 sements.
365 2487 27 36 11
424 2487 96 40 faut,
552 2502 50 21 en
634 2486 174 45 général,
841 2503 77 30 que
948 2489 54 35 les
1033 2490 295 34 constructions

143 2551 243 34 constituent
412 2550 68 35 des
504 2550 112 37 blocs
638 2550 324 42 indéformables,
988 2556 232 40 présentant
1247 2566 79 21 une

143 2616 80 32 très
263 2613 150 44 grande
454 2614 283 44 homogénéité
776 2624 38 26 et
856 2623 137 28 autant
1035 2630 77 29 que
1154 2615 171 44 possible

144 2677 251 37 monolithes.
430 2678 27 36 11
489 2679 102 35 n'est
623 2694 71 29 pas
726 2683 22 31 à
782 2679 208 37 conseiller
1023 2681 46 35 de
1101 2682 223 33 construire

141 2756 68 21 sur
234 2742 66 35 des
329 2742 151 36 radiers
505 2757 48 21 en
579 2743 121 36 béton
729 2747 122 33 armé.
879 2744 108 36 Pour
1011 2747 209 41 présenter
1245 2757 78 23 une

142 2808 212 33 résistance
404 2806 221 41 suffisante,
679 2810 154 33 ceux-ci
882 2817 91 27 sont
1024 2808 298 44 généralement

139 2877 92 35 trop
269 2872 171 33 coûteux
479 2872 176 33 vis-à-vis
694 2871 52 35 du
788 2880 148 27 restant
974 2871 52 36 du
1065 2874 94 33 coût
1197 2872 50 35 de
1285 2871 37 36 1a

138 2935 283 34 construction.
449 2933 26 37 Il
498 2949 24 28 y
545 2949 20 20 a
588 2948 146 30 moyen
758 2934 253 37 d'améliorer
1030 2935 213 44 beaucoup
1266 2937 55 35 les

138 2998 193 42 procédés
362 2998 48 35 de
444 3001 273 34 construction
751 2999 143 40 usuels,
927 2999 169 37 d'abord
1127 3013 50 23 en
1209 3014 88 30 pros-

138 3062 151 33 crivant
313 3061 35 36 le
375 3064 165 33 mortier
564 3062 49 36 de
639 3063 142 40 chaux,
809 3078 103 29 pour
936 3064 34 36 le
998 3064 224 44 remplacer
1246 3078 75 31 par

136 3123 35 40 le
200 3125 157 35 ciment.
388 3124 160 39 Ensuite
579 3140 47 21 en
657 3125 161 45 plaçant
846 3126 49 37 de
924 3127 223 37 nombreux
1176 3142 119 21 ancra-

136 3201 78 30 ges,
254 3188 214 44 chaînages
501 3203 51 22 ou
586 3198 237 33 armatures,
861 3206 50 21 au
945 3191 106 36 droit
1085 3191 68 36 des
1187 3191 131 36 divers

135 3251 222 44 planchers.
386 3253 129 40 Enfin,
545 3269 48 22 en
625 3257 250 41 proscrivant
903 3258 57 35 les
986 3259 152 38 voûtes,
1171 3255 56 38 les
1253 3271 42 21 ar-

135 3314 117 37 cades
282 3316 251 42 surbaissées,
563 3326 73 28 etc.

191 3404 51 35 Le
264 3404 119 37 béton
405 3409 122 37 armé,
552 3409 66 42 qui
642 3417 155 34 permet
821 3408 68 36 des
912 3411 294 34 constructions
1228 3423 57 22 mo-

130 3467 255 47 nolithiques,
440 3472 120 37 serait
611 3471 236 38 hautement
896 3488 27 22 m
973 3473 225 42 conseiller»
1251 3474 63 37 s'il

1425 973 24 20 n
1465 962 99 31 étatt
1590 973 70 29 pas
1688 962 30 31 si
1748 964 172 31 coûteux
1947 970 38 27 et
2013 962 59 36 s'il
2099 978 52 21 ne
2176 966 218 41 présentait
2422 979 70 28 pas
2520 964 68 36 l'in-

1425 1023 237 33 convénient
1693 1037 119 28 grave
1843 1023 48 36 de
1925 1025 141 35 rendre
2098 1026 56 35 les
2184 1026 242 37 habitations
2458 1028 147 36 froides

1425 1098 47 20 en
1505 1084 113 35 hiver
1649 1094 37 25 et
1720 1086 173 37 chaudes
1927 1102 49 20 en
2011 1091 72 33 été.

1474 1183 52 38 M.
1566 1185 169 35 Hautier
1772 1188 208 40 préconise
2018 1197 157 26 surtout
2212 1191 57 35 les
2306 1191 296 34 constructions

1418 1248 141 34 mixtes
1589 1249 241 35 constituées
1858 1249 120 37 d'une
2007 1260 204 27 armature
2239 1256 23 31 à
2290 1253 128 43 larges
2450 1253 151 36 mailles

1418 1324 47 21 en
1489 1310 120 36 béton
1635 1315 147 37 armée,
1808 1323 37 25 et
1872 1314 96 35 dont
1989 1314 57 36 les
2070 1315 228 36 intervalles
2321 1326 90 26 sont
2439 1317 160 43 remplis

1417 1373 46 34 de
1496 1374 162 42 briques
1687 1389 53 22 ou
1772 1376 48 34 de
1853 1378 221 35 matériaux
2107 1378 143 35 usuels.
2284 1379 79 35 Ces
2394 1388 182 27 construc-

1414 1438 104 33 tions
1545 1439 141 34 mixtes
1713 1447 89 27 sont
1829 1443 79 32 très
1935 1440 151 44 légères
2114 1450 37 25 et
2176 1455 49 22 ne
2253 1446 230 40 présentent
2510 1442 89 45 plus

1415 1500 54 34 les
1499 1501 287 36 inconvénents
1816 1503 52 35 du
1898 1503 121 36 béton
2046 1508 125 32 armé.

1469 1606 207 35 Certaines
1712 1610 256 41 précautions
2005 1609 276 37 élémentaires
2316 1612 160 35 doivent
2511 1615 84 33 être

1411 1669 213 38 observées
1651 1686 7 19 :
1681 1670 55 38 les
1760 1672 162 35 édifices
1942 1673 163 35 doivent
2128 1677 85 33 être
2236 1678 104 33 aussi
2363 1675 129 44 légers
2517 1691 79 29 que

1409 1733 185 42 possible,
1623 1734 95 35 c'est
1744 1738 201 41 pourquoi
1971 1736 176 44 l'emploi
2174 1738 48 35 de
2248 1738 161 45 briques
2436 1753 158 23 creuses

1411 1804 36 26 et
1481 1796 23 35 d
1519 1797 179 35 ardoises
1728 1808 60 24 est
1821 1802 23 32 à
1876 1799 207 36 conseller.
2119 1801 26 36 11
2180 1801 85 36 faut
2295 1806 105 32 aussi
2434 1818 161 21 assurer

1409 1874 76 21 une
1511 1862 233 41 répartition
1768 1861 92 36 bien
1884 1863 200 37 uniforme
2108 1864 70 36 des
2199 1865 114 44 poids
2337 1881 67 20 sur
2426 1865 55 36 les
2506 1866 65 36 fon-

1406 1922 169 41 dations,
1605 1933 38 26 et
1672 1924 158 36 réduire
1855 1935 140 27 autant
2023 1927 124 44 qu'on
2173 1928 36 35 le
2236 1937 95 35 peut
2358 1929 54 35 les
2441 1929 125 36 dimen-

1408 2001 91 21 sons
1531 2001 49 21 en
1613 1988 105 43 plan.
1754 1988 64 36 On
1853 1992 169 42 conçoit,
2058 2006 49 21 en
2141 1991 107 41 effet,
2282 2007 79 30 que
2392 1994 89 43 plus
2513 2008 78 21 une

1407 2054 272 33 construction
1714 2062 57 26 est
1804 2054 182 41 étendue,
2018 2057 132 34 moins
2179 2057 25 36 il
2237 2065 58 27 est
2326 2056 118 37 facile
2474 2054 67 41 de.
2554 2058 37 36 la

1407 2114 143 36 rendre
1592 2115 305 46 monolithique.
1943 2118 30 36 Il
2013 2118 87 36 faut
2145 2119 105 37 donc
2291 2123 201 41 proscrire
2533 2124 57 35 les

1403 2180 296 35 constructions
1733 2183 89 33 côte
1853 2184 24 32 à
1913 2191 87 26 cote
2034 2191 37 26 et
2107 2197 197 22 ramasser
2336 2192 139 28 autant
2509 2200 79 29 que

1402 2241 172 43 possible
1602 2242 56 35 les
1686 2243 129 36 divers
1844 2244 121 37 blocs.
1996 2246 106 35 Pour
2129 2245 56 38 les
2213 2246 214 37 bâtiments
2455 2248 111 36 indus-

1401 2304 121 42 triels,
1559 2309 67 40 qui
1661 2307 224 36 forcément
1918 2308 160 36 doivent
2112 2313 82 32 être
2227 2310 179 41 étendus,
2443 2312 24 35 il
2502 2312 85 36 faut

1400 2368 56 36 les
1493 2371 223 35 construire
1749 2385 51 21 en
1837 2374 172 34 sections
2045 2373 315 43 indépendantes
2394 2375 60 36 les
2489 2390 99 21 unes

1400 2431 67 36 des
1492 2442 145 26 autres.
1665 2433 26 36 Il
1717 2434 67 44 n'y
1806 2450 22 20 a
1851 2450 131 20 aucun
2008 2438 282 35 inconvénient
2314 2441 23 32 à
2361 2441 224 37 construire

1399 2509 49 21 en
1484 2496 183 41 hauteur,
1705 2501 23 32 à
1764 2498 203 37 condition
2003 2500 191 37 toutefois
2224 2501 50 36 de
2307 2501 139 37 veiller
2481 2505 22 33 à
2540 2517 45 21 ce

1399 2573 78 29 que
1518 2560 35 35 le
1594 2570 136 26 centre
1771 2561 47 36 de
1859 2565 151 41 gravité
2051 2563 51 36 de
2139 2563 37 36 la
2218 2569 272 32 construction
2535 2581 48 21 ne

1397 2625 134 41 puisse
1564 2624 157 37 tomber
1752 2625 94 36 hors
1877 2625 150 48 plomb,
2062 2630 29 33 si
2125 2629 34 35 le
2191 2627 196 38 bâtiment
2420 2632 107 33 vient
2561 2634 22 32 à

1397 2702 18 19 s
1431 2686 168 37 incliner
1628 2688 100 36 dans
1756 2704 52 20 un
1835 2704 93 21 sens
1959 2705 52 21 ou
2040 2690 101 37 dans
2170 2707 53 20 un
2253 2700 127 29 autre.

1451 2775 52 36 M.
1531 2775 170 37 Hautier
1724 2778 170 36 termine
1918 2792 74 22 son
2017 2781 81 33 très
2122 2780 241 36 intéressant
2386 2784 195 33 mémoirs

1394 2852 48 21 en
1470 2848 194 34 exposant
1690 2840 149 44 quelles
1867 2850 89 26 sont
1980 2841 57 37 les
2063 2841 126 45 règles
2213 2847 24 32 à
2263 2843 190 37 observer
2477 2859 104 29 pour

1393 2902 36 35 la
1466 2907 272 33 construction
1773 2904 69 36 des
1875 2919 197 30 ouvrages
2107 2906 101 36 d'art
2249 2923 8 19 :
2291 2916 131 36 ponts,
2457 2922 97 30 aque-

1392 2965 109 41 ducs,
1547 2970 226 38 réservoirs,
1818 2968 198 36 châteaux
2057 2970 128 41 d'eau,
2232 2980 74 33 etc.
2350 2970 47 37 Et
2440 2971 119 37 finale-

1392 3038 109 27 ment
1527 3030 27 36 il
1584 3034 182 34 examine
1797 3042 203 26 comment
2030 3031 57 38 les
2115 3036 168 35 sociétés
2309 3034 270 45 exploitantes

1390 3097 234 40 pourraient
1660 3097 152 34 arriver
1846 3099 23 32 à
1904 3096 210 42 diminuer,
2152 3098 99 35 dans
2285 3114 78 21 une
2400 3102 177 33 certaine

1390 3172 169 26 mesure,
1585 3158 105 36 leurs
1715 3159 96 37 frais
1834 3159 48 37 de
1908 3163 229 42 réparation
2161 3161 70 37 des
2254 3162 140 44 dégâts
2417 3162 49 36 de
2490 3177 64 21 sur-

1390 3220 97 36 face.
1516 3220 170 46 D'après
1714 3223 53 35 lui
1795 3222 94 36 elles
1918 3225 182 35 auraient
2128 3226 147 35 intérêt
2300 3229 23 32 à
2354 3226 97 36 faire
2481 3241 69 21 con-

1388 3287 127 34 naître
1551 3300 79 21 aux
1667 3295 310 36 entrepreneurs
2009 3297 42 27 et
2086 3303 80 22 aux
2202 3291 287 42 propriétaires
2526 3290 49 37 de

1388 3348 157 36 surface
1583 3350 57 36 les
1679 3349 126 45 règles
1842 3354 22 31 à
1903 3354 131 33 suivre
2072 3351 100 38 dans
2209 3353 39 36 la
2284 3356 287 38 construction,

1385 3426 74 29 par
1481 3411 37 37 la
1540 3413 247 44 publication
1812 3414 47 38 de
1884 3415 234 42 brochures,
2143 3416 47 36 de
2216 3417 260 44 plans-types,
2481 3426 90 32 etc.,

1384 3479 76 35 mis
1489 3479 323 44 gracieusement
1837 3483 27 34 à
1891 3479 91 39 kur
2006 3480 251 45 disposition»
