<?xml version="1.0" encoding="UTF-8"?>
<alto xmlns:xsi="http://www.w3.org/2001/XMLSchema-instance" xmlns="http://www.loc.gov/standards/alto/ns-v2#" xsi:schemaLocation="http://www.loc.gov/standards/alto/ns-v2# http://www.loc.gov/standards/alto/alto-v2.0.xsd" xmlns:xlink="http://www.w3.org/1999/xlink">
	<Description>
		<MeasurementUnit>mm10</MeasurementUnit>
		<sourceImageInformation>
			<fileName>//fileserver7/IN2/Princeton/Batch3/bmtnaac/1923/11_01/00000014.tif</fileName>
		</sourceImageInformation>
		<OCRProcessing ID="OCRPROCESSING_1">
			<preProcessingStep>
				<processingSoftware>
					<softwareCreator>CCS Content Conversion Specialists GmbH, Germany</softwareCreator>
					<softwareName>CCS docWORKS</softwareName>
					<softwareVersion>6.6-1.18</softwareVersion>
				</processingSoftware>
			</preProcessingStep>
			<ocrProcessingStep>
				<processingSoftware>
					<softwareCreator>ABBYY (BIT Software), Russia</softwareCreator>
					<softwareName>FineReader</softwareName>
					<softwareVersion>10.0</softwareVersion>
				</processingSoftware>
			</ocrProcessingStep>
		</OCRProcessing>
	</Description>
	<Styles>
		<TextStyle ID="TXT_0" FONTSIZE="22" FONTFAMILY="Courier New"/>
		<TextStyle ID="TXT_1" FONTSIZE="39" FONTFAMILY="Times New Roman"/>
		<TextStyle ID="TXT_2" FONTSIZE="20" FONTFAMILY="Times New Roman"/>
		<ParagraphStyle ID="PAR_LEFT" ALIGN="Left"/>
		<ParagraphStyle ID="PAR_RIGHT" ALIGN="Right"/>
		<ParagraphStyle ID="PAR_BLOCK" ALIGN="Block"/>
	</Styles>
	<Layout>
		<Page ID="P14" PHYSICAL_IMG_NR="14" HEIGHT="4522" WIDTH="2685" PRINTED_IMG_NR="80" PC="0.929">
			<TopMargin ID="P14_TM00001" HPOS="0" VPOS="0" WIDTH="2685" HEIGHT="376"/>
			<LeftMargin ID="P14_LM00001" HPOS="0" VPOS="376" WIDTH="189" HEIGHT="3492"/>
			<RightMargin ID="P14_RM00001" HPOS="2388" VPOS="376" WIDTH="297" HEIGHT="3492"/>
			<BottomMargin ID="P14_BM00001" HPOS="0" VPOS="3868" WIDTH="2685" HEIGHT="654">
				<TextBlock ID="P14_TB00001" HPOS="189" VPOS="3871" WIDTH="122" HEIGHT="99" STYLEREFS="TXT_0 PAR_LEFT">
					<TextLine ID="P14_TL00001" HPOS="189" VPOS="3871" WIDTH="122" HEIGHT="99">
						<String ID="P14_ST00001" HPOS="189" VPOS="3871" WIDTH="122" HEIGHT="99" CONTENT="80" WC="1.00" CC="00"/>
					</TextLine>
				</TextBlock>
			</BottomMargin>
			<PrintSpace ID="P14_PS00001" HPOS="189" VPOS="376" WIDTH="2340" HEIGHT="3492">
				<TextBlock ID="P14_TB00002" HPOS="302" VPOS="376" WIDTH="2227" HEIGHT="122" STYLEREFS="TXT_1 PAR_RIGHT">
					<TextLine ID="P14_TL00002" HPOS="303" VPOS="376" WIDTH="2208" HEIGHT="122">
						<String ID="P14_ST00002" HPOS="303" VPOS="404" WIDTH="234" HEIGHT="94" CONTENT="LA" WC="0.58" CC="35"/>
						<SP ID="P14_SP00001" HPOS="537" VPOS="498" WIDTH="130"/>
						<String ID="P14_ST00003" HPOS="667" VPOS="376" WIDTH="528" HEIGHT="122" CONTENT="CITÉ." WC="0.98" CC="00644"/>
						<SP ID="P14_SP00002" HPOS="1195" VPOS="498" WIDTH="292"/>
						<String ID="P14_ST00004" HPOS="1487" VPOS="402" WIDTH="465" HEIGHT="94" CONTENT="NOV." WC="0.94" CC="0200"/>
						<SP ID="P14_SP00003" HPOS="1952" VPOS="498" WIDTH="132"/>
						<String ID="P14_ST00005" HPOS="2084" VPOS="404" WIDTH="289" HEIGHT="92" CONTENT="192" WC="0.83" CC="040"/>
						<SP ID="P14_SP00004" HPOS="2373" VPOS="498" WIDTH="66"/>
						<String ID="P14_ST00006" HPOS="2439" VPOS="407" WIDTH="72" HEIGHT="91" CONTENT="3." WC="0.76" CC="40"/>
					</TextLine>
				</TextBlock>
				<TextBlock ID="P14_TB00003" HPOS="300" VPOS="695" WIDTH="2072" HEIGHT="662" STYLEREFS="TXT_2 PAR_BLOCK">
					<TextLine ID="P14_TL00003" HPOS="308" VPOS="695" WIDTH="2064" HEIGHT="69">
						<String ID="P14_ST00007" HPOS="308" VPOS="697" WIDTH="220" HEIGHT="58" CONTENT="donnés," WC="0.99" CC="0106704"/>
						<SP ID="P14_SP00005" HPOS="528" VPOS="755" WIDTH="56"/>
						<String ID="P14_ST00008" HPOS="584" VPOS="699" WIDTH="135" HEIGHT="51" CONTENT="mais" WC="1.00" CC="0000"/>
						<SP ID="P14_SP00006" HPOS="719" VPOS="755" WIDTH="50"/>
						<String ID="P14_ST00009" HPOS="769" VPOS="715" WIDTH="124" HEIGHT="35" CONTENT="avec" WC="0.99" CC="0030"/>
						<SP ID="P14_SP00007" HPOS="893" VPOS="755" WIDTH="49"/>
						<String ID="P14_ST00010" HPOS="942" VPOS="697" WIDTH="230" HEIGHT="67" CONTENT="laquelle" WC="0.99" CC="60000640"/>
						<SP ID="P14_SP00008" HPOS="1172" VPOS="764" WIDTH="50"/>
						<String ID="P14_ST00011" HPOS="1222" VPOS="697" WIDTH="66" HEIGHT="53" CONTENT="ils" WC="0.95" CC="551"/>
						<SP ID="P14_SP00009" HPOS="1288" VPOS="764" WIDTH="49"/>
						<String ID="P14_ST00012" HPOS="1337" VPOS="695" WIDTH="353" HEIGHT="67" CONTENT="coopéreront" WC="1.00" CC="00007000060"/>
						<SP ID="P14_SP00010" HPOS="1690" VPOS="764" WIDTH="51"/>
						<String ID="P14_ST00013" HPOS="1741" VPOS="697" WIDTH="465" HEIGHT="65" CONTENT="organiquement." WC="0.99" CC="20754400609204"/>
						<SP ID="P14_SP00011" HPOS="2206" VPOS="764" WIDTH="57"/>
						<String ID="P14_ST00014" HPOS="2263" VPOS="695" WIDTH="109" HEIGHT="52" CONTENT="Dès" WC="0.96" CC="470"/>
					</TextLine>
					<TextLine ID="P14_TL00004" HPOS="308" VPOS="781" WIDTH="2059" HEIGHT="69">
						<String ID="P14_ST00015" HPOS="308" VPOS="785" WIDTH="261" HEIGHT="65" CONTENT="l'origine," WC="1.00" CC="5200002104"/>
						<SP ID="P14_SP00012" HPOS="569" VPOS="850" WIDTH="33"/>
						<String ID="P14_ST00016" HPOS="602" VPOS="785" WIDTH="51" HEIGHT="52" CONTENT="la" WC="0.74" CC="50"/>
						<SP ID="P14_SP00013" HPOS="653" VPOS="850" WIDTH="33"/>
						<String ID="P14_ST00017" HPOS="686" VPOS="784" WIDTH="189" HEIGHT="52" CONTENT="beauté" WC="0.98" CC="306007"/>
						<SP ID="P14_SP00014" HPOS="875" VPOS="850" WIDTH="30"/>
						<String ID="P14_ST00018" HPOS="905" VPOS="784" WIDTH="83" HEIGHT="52" CONTENT="vit" WC="0.95" CC="930"/>
						<SP ID="P14_SP00015" HPOS="988" VPOS="850" WIDTH="33"/>
						<String ID="P14_ST00019" HPOS="1021" VPOS="784" WIDTH="134" HEIGHT="53" CONTENT="dans" WC="0.99" CC="0600"/>
						<SP ID="P14_SP00016" HPOS="1155" VPOS="850" WIDTH="31"/>
						<String ID="P14_ST00020" HPOS="1186" VPOS="784" WIDTH="72" HEIGHT="53" CONTENT="les" WC="0.98" CC="302"/>
						<SP ID="P14_SP00017" HPOS="1258" VPOS="850" WIDTH="31"/>
						<String ID="P14_ST00021" HPOS="1289" VPOS="783" WIDTH="279" HEIGHT="53" CONTENT="fonctions" WC="1.00" CC="003002000"/>
						<SP ID="P14_SP00018" HPOS="1568" VPOS="850" WIDTH="32"/>
						<String ID="P14_ST00022" HPOS="1600" VPOS="784" WIDTH="387" HEIGHT="52" CONTENT="constructives" WC="0.86" CC="0020060002050"/>
						<SP ID="P14_SP00019" HPOS="1987" VPOS="850" WIDTH="32"/>
						<String ID="P14_ST00023" HPOS="2019" VPOS="784" WIDTH="66" HEIGHT="52" CONTENT="de" WC="1.00" CC="00"/>
						<SP ID="P14_SP00020" HPOS="2085" VPOS="850" WIDTH="31"/>
						<String ID="P14_ST00024" HPOS="2116" VPOS="781" WIDTH="251" HEIGHT="56" CONTENT="l'édifice;" WC="0.99" CC="5460100206"/>
					</TextLine>
					<TextLine ID="P14_TL00005" HPOS="307" VPOS="869" WIDTH="2063" HEIGHT="56">
						<String ID="P14_ST00025" HPOS="307" VPOS="874" WIDTH="50" HEIGHT="51" CONTENT="la" WC="0.80" CC="40"/>
						<SP ID="P14_SP00021" HPOS="357" VPOS="925" WIDTH="25"/>
						<String ID="P14_ST00026" HPOS="382" VPOS="873" WIDTH="210" HEIGHT="52" CONTENT="tension" WC="1.00" CC="5000002"/>
						<SP ID="P14_SP00022" HPOS="592" VPOS="925" WIDTH="24"/>
						<String ID="P14_ST00027" HPOS="616" VPOS="871" WIDTH="377" HEIGHT="53" CONTENT="harmonieuse" WC="0.99" CC="70600100005"/>
						<SP ID="P14_SP00023" HPOS="993" VPOS="925" WIDTH="22"/>
						<String ID="P14_ST00028" HPOS="1015" VPOS="871" WIDTH="90" HEIGHT="53" CONTENT="des" WC="0.98" CC="004"/>
						<SP ID="P14_SP00024" HPOS="1105" VPOS="925" WIDTH="23"/>
						<String ID="P14_ST00029" HPOS="1128" VPOS="871" WIDTH="201" HEIGHT="53" CONTENT="formes" WC="0.99" CC="006050"/>
						<SP ID="P14_SP00025" HPOS="1329" VPOS="925" WIDTH="23"/>
						<String ID="P14_ST00030" HPOS="1352" VPOS="869" WIDTH="182" HEIGHT="55" CONTENT="l'élève" WC="0.98" CC="5470603"/>
						<SP ID="P14_SP00026" HPOS="1534" VPOS="925" WIDTH="25"/>
						<String ID="P14_ST00031" HPOS="1559" VPOS="888" WIDTH="69" HEIGHT="34" CONTENT="au" WC="0.94" CC="01"/>
						<SP ID="P14_SP00027" HPOS="1628" VPOS="925" WIDTH="24"/>
						<String ID="P14_ST00032" HPOS="1652" VPOS="869" WIDTH="117" HEIGHT="55" CONTENT="delà" WC="0.97" CC="0354"/>
						<SP ID="P14_SP00028" HPOS="1769" VPOS="925" WIDTH="25"/>
						<String ID="P14_ST00033" HPOS="1794" VPOS="870" WIDTH="92" HEIGHT="54" CONTENT="des" WC="1.00" CC="000"/>
						<SP ID="P14_SP00029" HPOS="1886" VPOS="925" WIDTH="21"/>
						<String ID="P14_ST00034" HPOS="1907" VPOS="869" WIDTH="271" HEIGHT="55" CONTENT="nécessités" WC="0.99" CC="4633003073"/>
						<SP ID="P14_SP00030" HPOS="2178" VPOS="925" WIDTH="24"/>
						<String ID="P14_ST00035" HPOS="2202" VPOS="869" WIDTH="135" HEIGHT="53" CONTENT="maté" SUBS_TYPE="HypPart1" SUBS_CONTENT="matérielles" WC="0.99" CC="0007"/>
						<HYP HPOS="2337" VPOS="869" WIDTH="33" CONTENT="-"/>
					</TextLine>
					<TextLine ID="P14_TL00006" HPOS="307" VPOS="955" WIDTH="1170" HEIGHT="69">
						<String ID="P14_ST00036" HPOS="307" VPOS="958" WIDTH="167" HEIGHT="53" CONTENT="rielles" SUBS_TYPE="HypPart2" SUBS_CONTENT="matérielles" WC="0.99" CC="0034500"/>
						<SP ID="P14_SP00031" HPOS="474" VPOS="1011" WIDTH="27"/>
						<String ID="P14_ST00037" HPOS="501" VPOS="958" WIDTH="138" HEIGHT="53" CONTENT="dans" WC="1.00" CC="0000"/>
						<SP ID="P14_SP00032" HPOS="639" VPOS="1011" WIDTH="28"/>
						<String ID="P14_ST00038" HPOS="667" VPOS="958" WIDTH="49" HEIGHT="52" CONTENT="le" WC="0.97" CC="00"/>
						<SP ID="P14_SP00033" HPOS="716" VPOS="1011" WIDTH="28"/>
						<String ID="P14_ST00039" HPOS="744" VPOS="958" WIDTH="255" HEIGHT="53" CONTENT="domaine" WC="0.99" CC="0005271"/>
						<SP ID="P14_SP00034" HPOS="999" VPOS="1011" WIDTH="29"/>
						<String ID="P14_ST00040" HPOS="1028" VPOS="959" WIDTH="65" HEIGHT="52" CONTENT="de" WC="1.00" CC="00"/>
						<SP ID="P14_SP00035" HPOS="1093" VPOS="1011" WIDTH="31"/>
						<String ID="P14_ST00041" HPOS="1124" VPOS="955" WIDTH="353" HEIGHT="69" CONTENT="l'esthétique." WC="0.99" CC="1330057010664"/>
					</TextLine>
					<TextLine ID="P14_TL00007" HPOS="460" VPOS="1044" WIDTH="1911" HEIGHT="66">
						<String ID="P14_ST00042" HPOS="460" VPOS="1045" WIDTH="222" HEIGHT="54" CONTENT="Pareille" WC="0.99" CC="00401650"/>
						<SP ID="P14_SP00036" HPOS="682" VPOS="1099" WIDTH="28"/>
						<String ID="P14_ST00043" HPOS="710" VPOS="1044" WIDTH="346" HEIGHT="55" CONTENT="architecture" WC="0.99" CC="060630000370"/>
						<SP ID="P14_SP00037" HPOS="1056" VPOS="1099" WIDTH="28"/>
						<String ID="P14_ST00044" HPOS="1084" VPOS="1063" WIDTH="66" HEIGHT="36" CONTENT="ne" WC="0.37" CC="66"/>
						<SP ID="P14_SP00038" HPOS="1150" VPOS="1099" WIDTH="30"/>
						<String ID="P14_ST00045" HPOS="1180" VPOS="1045" WIDTH="162" HEIGHT="53" CONTENT="tolère" WC="0.98" CC="004606"/>
						<SP ID="P14_SP00039" HPOS="1342" VPOS="1099" WIDTH="28"/>
						<String ID="P14_ST00046" HPOS="1370" VPOS="1044" WIDTH="163" HEIGHT="66" CONTENT="point" WC="1.00" CC="00300"/>
						<SP ID="P14_SP00040" HPOS="1533" VPOS="1110" WIDTH="28"/>
						<String ID="P14_ST00047" HPOS="1561" VPOS="1044" WIDTH="383" HEIGHT="59" CONTENT="d'ornements," WC="1.00" CC="030020004034"/>
						<SP ID="P14_SP00041" HPOS="1944" VPOS="1110" WIDTH="33"/>
						<String ID="P14_ST00048" HPOS="1977" VPOS="1062" WIDTH="88" HEIGHT="36" CONTENT="car" WC="0.98" CC="060"/>
						<SP ID="P14_SP00042" HPOS="2065" VPOS="1110" WIDTH="28"/>
						<String ID="P14_ST00049" HPOS="2093" VPOS="1045" WIDTH="95" HEIGHT="51" CONTENT="elle" WC="0.99" CC="0030"/>
						<SP ID="P14_SP00043" HPOS="2188" VPOS="1110" WIDTH="29"/>
						<String ID="P14_ST00050" HPOS="2217" VPOS="1059" WIDTH="124" HEIGHT="37" CONTENT="cons" SUBS_TYPE="HypPart1" SUBS_CONTENT="constitue" WC="0.98" CC="0133"/>
						<HYP HPOS="2341" VPOS="1059" WIDTH="30" CONTENT="-"/>
					</TextLine>
					<TextLine ID="P14_TL00008" HPOS="303" VPOS="1129" WIDTH="2069" HEIGHT="69">
						<String ID="P14_ST00051" HPOS="303" VPOS="1133" WIDTH="135" HEIGHT="51" CONTENT="titue" SUBS_TYPE="HypPart2" SUBS_CONTENT="constitue" WC="0.99" CC="02020"/>
						<SP ID="P14_SP00044" HPOS="438" VPOS="1184" WIDTH="30"/>
						<String ID="P14_ST00052" HPOS="468" VPOS="1150" WIDTH="75" HEIGHT="34" CONTENT="un" WC="0.95" CC="00"/>
						<SP ID="P14_SP00045" HPOS="543" VPOS="1184" WIDTH="32"/>
						<String ID="P14_ST00053" HPOS="575" VPOS="1132" WIDTH="305" HEIGHT="65" CONTENT="organisme" WC="0.99" CC="060663000"/>
						<SP ID="P14_SP00046" HPOS="880" VPOS="1197" WIDTH="29"/>
						<String ID="P14_ST00054" HPOS="909" VPOS="1132" WIDTH="236" HEIGHT="66" CONTENT="complet" WC="1.00" CC="0000500"/>
						<SP ID="P14_SP00047" HPOS="1145" VPOS="1198" WIDTH="30"/>
						<String ID="P14_ST00055" HPOS="1175" VPOS="1150" WIDTH="63" HEIGHT="34" CONTENT="en" WC="1.00" CC="00"/>
						<SP ID="P14_SP00048" HPOS="1238" VPOS="1198" WIDTH="33"/>
						<String ID="P14_ST00056" HPOS="1271" VPOS="1131" WIDTH="295" HEIGHT="53" CONTENT="lui-même." WC="0.99" CC="304307004"/>
						<SP ID="P14_SP00049" HPOS="1566" VPOS="1198" WIDTH="35"/>
						<String ID="P14_ST00057" HPOS="1601" VPOS="1131" WIDTH="189" HEIGHT="52" CONTENT="Toute" WC="0.99" CC="20006"/>
						<SP ID="P14_SP00050" HPOS="1790" VPOS="1198" WIDTH="32"/>
						<String ID="P14_ST00058" HPOS="1822" VPOS="1132" WIDTH="438" HEIGHT="51" CONTENT="ornementation" WC="1.00" CC="5054060000042"/>
						<SP ID="P14_SP00051" HPOS="2260" VPOS="1198" WIDTH="33"/>
						<String ID="P14_ST00059" HPOS="2293" VPOS="1129" WIDTH="79" HEIGHT="54" CONTENT="lui" WC="0.95" CC="453"/>
					</TextLine>
					<TextLine ID="P14_TL00009" HPOS="302" VPOS="1216" WIDTH="2069" HEIGHT="67">
						<String ID="P14_ST00060" HPOS="302" VPOS="1218" WIDTH="287" HEIGHT="54" CONTENT="donnerait" WC="0.99" CC="041006050"/>
						<SP ID="P14_SP00052" HPOS="589" VPOS="1272" WIDTH="31"/>
						<String ID="P14_ST00061" HPOS="620" VPOS="1236" WIDTH="74" HEIGHT="34" CONTENT="un" WC="1.00" CC="00"/>
						<SP ID="P14_SP00053" HPOS="694" VPOS="1272" WIDTH="31"/>
						<String ID="P14_ST00062" HPOS="725" VPOS="1218" WIDTH="255" HEIGHT="54" CONTENT="caractère" WC="0.99" CC="000500690"/>
						<SP ID="P14_SP00054" HPOS="980" VPOS="1272" WIDTH="29"/>
						<String ID="P14_ST00063" HPOS="1009" VPOS="1217" WIDTH="300" HEIGHT="55" CONTENT="individuel" WC="1.00" CC="5002000105"/>
						<SP ID="P14_SP00055" HPOS="1309" VPOS="1272" WIDTH="32"/>
						<String ID="P14_ST00064" HPOS="1341" VPOS="1218" WIDTH="96" HEIGHT="65" CONTENT="qui" WC="0.97" CC="042"/>
						<SP ID="P14_SP00056" HPOS="1437" VPOS="1283" WIDTH="32"/>
						<String ID="P14_ST00065" HPOS="1469" VPOS="1217" WIDTH="351" HEIGHT="53" CONTENT="diminuerait" WC="0.99" CC="05030306530"/>
						<SP ID="P14_SP00057" HPOS="1820" VPOS="1283" WIDTH="29"/>
						<String ID="P14_ST00066" HPOS="1849" VPOS="1235" WIDTH="56" HEIGHT="35" CONTENT="sa" WC="0.79" CC="04"/>
						<SP ID="P14_SP00058" HPOS="1905" VPOS="1283" WIDTH="32"/>
						<String ID="P14_ST00067" HPOS="1937" VPOS="1218" WIDTH="186" HEIGHT="52" CONTENT="valeur" WC="0.99" CC="050020"/>
						<SP ID="P14_SP00059" HPOS="2123" VPOS="1283" WIDTH="33"/>
						<String ID="P14_ST00068" HPOS="2156" VPOS="1216" WIDTH="185" HEIGHT="53" CONTENT="univer" SUBS_TYPE="HypPart1" SUBS_CONTENT="universelle." WC="0.99" CC="004007"/>
						<HYP HPOS="2341" VPOS="1216" WIDTH="30" CONTENT="-"/>
					</TextLine>
					<TextLine ID="P14_TL00010" HPOS="300" VPOS="1305" WIDTH="134" HEIGHT="52">
						<String ID="P14_ST00069" HPOS="300" VPOS="1305" WIDTH="134" HEIGHT="52" CONTENT="selle." SUBS_TYPE="HypPart2" SUBS_CONTENT="universelle." WC="0.99" CC="005003"/>
					</TextLine>
				</TextBlock>
				<TextBlock ID="P14_TB00004" HPOS="295" VPOS="1474" WIDTH="2079" HEIGHT="678" STYLEREFS="TXT_2 PAR_BLOCK">
					<TextLine ID="P14_TL00011" HPOS="460" VPOS="1474" WIDTH="1912" HEIGHT="68">
						<String ID="P14_ST00070" HPOS="460" VPOS="1476" WIDTH="355" HEIGHT="53" CONTENT="L'évolution" WC="1.00" CC="00000330000"/>
						<SP ID="P14_SP00060" HPOS="815" VPOS="1529" WIDTH="23"/>
						<String ID="P14_ST00071" HPOS="838" VPOS="1476" WIDTH="400" HEIGHT="53" CONTENT="architecturale" WC="0.99" CC="95050000927435"/>
						<SP ID="P14_SP00061" HPOS="1238" VPOS="1529" WIDTH="22"/>
						<String ID="P14_ST00072" HPOS="1260" VPOS="1489" WIDTH="77" HEIGHT="39" CONTENT="est" WC="0.98" CC="400"/>
						<SP ID="P14_SP00062" HPOS="1337" VPOS="1529" WIDTH="22"/>
						<String ID="P14_ST00073" HPOS="1359" VPOS="1489" WIDTH="127" HEIGHT="53" CONTENT="trop" WC="0.98" CC="0700"/>
						<SP ID="P14_SP00063" HPOS="1486" VPOS="1542" WIDTH="21"/>
						<String ID="P14_ST00074" HPOS="1507" VPOS="1476" WIDTH="281" HEIGHT="66" CONTENT="complexe" WC="1.00" CC="00006010"/>
						<SP ID="P14_SP00064" HPOS="1788" VPOS="1542" WIDTH="20"/>
						<String ID="P14_ST00075" HPOS="1808" VPOS="1494" WIDTH="145" HEIGHT="48" CONTENT="pour" WC="0.97" CC="0346"/>
						<SP ID="P14_SP00065" HPOS="1953" VPOS="1542" WIDTH="22"/>
						<String ID="P14_ST00076" HPOS="1975" VPOS="1475" WIDTH="106" HEIGHT="54" CONTENT="être" WC="0.99" CC="6000"/>
						<SP ID="P14_SP00066" HPOS="2081" VPOS="1542" WIDTH="23"/>
						<String ID="P14_ST00077" HPOS="2104" VPOS="1474" WIDTH="268" HEIGHT="68" CONTENT="exprimée" WC="0.99" CC="00070076"/>
					</TextLine>
					<TextLine ID="P14_TL00012" HPOS="301" VPOS="1562" WIDTH="2070" HEIGHT="69">
						<String ID="P14_ST00078" HPOS="301" VPOS="1584" WIDTH="99" HEIGHT="47" CONTENT="par" WC="0.98" CC="050"/>
						<SP ID="P14_SP00067" HPOS="400" VPOS="1631" WIDTH="30"/>
						<String ID="P14_ST00079" HPOS="430" VPOS="1565" WIDTH="259" HEIGHT="66" CONTENT="quelques" WC="0.99" CC="02600203"/>
						<SP ID="P14_SP00068" HPOS="689" VPOS="1631" WIDTH="31"/>
						<String ID="P14_ST00080" HPOS="720" VPOS="1565" WIDTH="248" HEIGHT="53" CONTENT="facteurs." WC="0.99" CC="040341604"/>
						<SP ID="P14_SP00069" HPOS="968" VPOS="1631" WIDTH="36"/>
						<String ID="P14_ST00081" HPOS="1004" VPOS="1565" WIDTH="162" HEIGHT="52" CONTENT="Tout" WC="0.99" CC="0200"/>
						<SP ID="P14_SP00070" HPOS="1166" VPOS="1631" WIDTH="33"/>
						<String ID="P14_ST00082" HPOS="1199" VPOS="1581" WIDTH="75" HEIGHT="36" CONTENT="un" WC="0.61" CC="42"/>
						<SP ID="P14_SP00071" HPOS="1274" VPOS="1631" WIDTH="35"/>
						<String ID="P14_ST00083" HPOS="1309" VPOS="1562" WIDTH="177" HEIGHT="55" CONTENT="réseau" WC="0.97" CC="770454"/>
						<SP ID="P14_SP00072" HPOS="1486" VPOS="1631" WIDTH="33"/>
						<String ID="P14_ST00084" HPOS="1519" VPOS="1564" WIDTH="372" HEIGHT="59" CONTENT="d'influences," WC="0.99" CC="0313055070904"/>
						<SP ID="P14_SP00073" HPOS="1891" VPOS="1631" WIDTH="37"/>
						<String ID="P14_ST00085" HPOS="1928" VPOS="1564" WIDTH="137" HEIGHT="54" CONTENT="dans" WC="1.00" CC="0010"/>
						<SP ID="P14_SP00074" HPOS="2065" VPOS="1631" WIDTH="32"/>
						<String ID="P14_ST00086" HPOS="2097" VPOS="1562" WIDTH="274" HEIGHT="68" CONTENT="lesquelles" WC="0.99" CC="6000056300"/>
					</TextLine>
					<TextLine ID="P14_TL00013" HPOS="296" VPOS="1650" WIDTH="2071" HEIGHT="69">
						<String ID="P14_ST00087" HPOS="296" VPOS="1653" WIDTH="261" HEIGHT="52" CONTENT="l'homme" WC="0.99" CC="4460000"/>
						<SP ID="P14_SP00075" HPOS="557" VPOS="1705" WIDTH="28"/>
						<String ID="P14_ST00088" HPOS="585" VPOS="1653" WIDTH="294" HEIGHT="53" CONTENT="intervient" WC="0.99" CC="2006601600"/>
						<SP ID="P14_SP00076" HPOS="879" VPOS="1706" WIDTH="28"/>
						<String ID="P14_ST00089" HPOS="907" VPOS="1653" WIDTH="125" HEIGHT="66" CONTENT="plus" WC="0.99" CC="0110"/>
						<SP ID="P14_SP00077" HPOS="1032" VPOS="1719" WIDTH="30"/>
						<String ID="P14_ST00090" HPOS="1062" VPOS="1669" WIDTH="73" HEIGHT="36" CONTENT="ou" WC="0.81" CC="03"/>
						<SP ID="P14_SP00078" HPOS="1135" VPOS="1719" WIDTH="31"/>
						<String ID="P14_ST00091" HPOS="1166" VPOS="1651" WIDTH="180" HEIGHT="52" CONTENT="moins" WC="0.99" CC="00631"/>
						<SP ID="P14_SP00079" HPOS="1346" VPOS="1719" WIDTH="28"/>
						<String ID="P14_ST00092" HPOS="1374" VPOS="1651" WIDTH="433" HEIGHT="57" CONTENT="consciemment," WC="1.00" CC="0200035000054"/>
						<SP ID="P14_SP00080" HPOS="1807" VPOS="1719" WIDTH="33"/>
						<String ID="P14_ST00093" HPOS="1840" VPOS="1650" WIDTH="337" HEIGHT="53" CONTENT="collaborent" WC="0.99" CC="00146400430"/>
						<SP ID="P14_SP00081" HPOS="2177" VPOS="1719" WIDTH="31"/>
						<String ID="P14_ST00094" HPOS="2208" VPOS="1651" WIDTH="30" HEIGHT="51" CONTENT="à" WC="0.47" CC="5"/>
						<SP ID="P14_SP00082" HPOS="2238" VPOS="1719" WIDTH="31"/>
						<String ID="P14_ST00095" HPOS="2269" VPOS="1668" WIDTH="98" HEIGHT="34" CONTENT="son" WC="0.99" CC="002"/>
					</TextLine>
					<TextLine ID="P14_TL00014" HPOS="300" VPOS="1736" WIDTH="2073" HEIGHT="69">
						<String ID="P14_ST00096" HPOS="300" VPOS="1738" WIDTH="462" HEIGHT="67" CONTENT="développement." WC="1.00" CC="07060000500033"/>
						<SP ID="P14_SP00083" HPOS="762" VPOS="1805" WIDTH="28"/>
						<String ID="P14_ST00097" HPOS="790" VPOS="1739" WIDTH="214" HEIGHT="52" CONTENT="Parfois" WC="0.99" CC="0250010"/>
						<SP ID="P14_SP00084" HPOS="1004" VPOS="1805" WIDTH="24"/>
						<String ID="P14_ST00098" HPOS="1028" VPOS="1739" WIDTH="145" HEIGHT="51" CONTENT="l'une" WC="0.98" CC="43400"/>
						<SP ID="P14_SP00085" HPOS="1173" VPOS="1805" WIDTH="24"/>
						<String ID="P14_ST00099" HPOS="1197" VPOS="1738" WIDTH="181" HEIGHT="53" CONTENT="d'elles" WC="0.99" CC="0450601"/>
						<SP ID="P14_SP00086" HPOS="1378" VPOS="1805" WIDTH="23"/>
						<String ID="P14_ST00100" HPOS="1401" VPOS="1738" WIDTH="125" HEIGHT="66" CONTENT="plus" WC="0.99" CC="0400"/>
						<SP ID="P14_SP00087" HPOS="1526" VPOS="1805" WIDTH="24"/>
						<String ID="P14_ST00101" HPOS="1550" VPOS="1750" WIDTH="324" HEIGHT="54" CONTENT="marquante" WC="0.99" CC="005006005"/>
						<SP ID="P14_SP00088" HPOS="1874" VPOS="1805" WIDTH="24"/>
						<String ID="P14_ST00102" HPOS="1898" VPOS="1750" WIDTH="54" HEIGHT="41" CONTENT="et" WC="0.81" CC="03"/>
						<SP ID="P14_SP00089" HPOS="1952" VPOS="1805" WIDTH="23"/>
						<String ID="P14_ST00103" HPOS="1975" VPOS="1738" WIDTH="125" HEIGHT="64" CONTENT="plus" WC="0.99" CC="0400"/>
						<SP ID="P14_SP00090" HPOS="2100" VPOS="1805" WIDTH="25"/>
						<String ID="P14_ST00104" HPOS="2125" VPOS="1736" WIDTH="171" HEIGHT="57" CONTENT="claire," WC="0.99" CC="0362003"/>
						<SP ID="P14_SP00091" HPOS="2296" VPOS="1805" WIDTH="27"/>
						<String ID="P14_ST00105" HPOS="2323" VPOS="1753" WIDTH="50" HEIGHT="35" CONTENT="se" WC="0.59" CC="25"/>
					</TextLine>
					<TextLine ID="P14_TL00015" HPOS="300" VPOS="1825" WIDTH="417" HEIGHT="66">
						<String ID="P14_ST00106" HPOS="300" VPOS="1825" WIDTH="148" HEIGHT="54" CONTENT="laisse" WC="0.99" CC="301010"/>
						<SP ID="P14_SP00092" HPOS="448" VPOS="1879" WIDTH="24"/>
						<String ID="P14_ST00107" HPOS="472" VPOS="1825" WIDTH="245" HEIGHT="66" CONTENT="signaler." WC="0.99" CC="048004704"/>
					</TextLine>
					<TextLine ID="P14_TL00016" HPOS="460" VPOS="1910" WIDTH="1913" HEIGHT="69">
						<String ID="P14_ST00108" HPOS="460" VPOS="1913" WIDTH="182" HEIGHT="53" CONTENT="Parmi" WC="0.97" CC="44602"/>
						<SP ID="P14_SP00093" HPOS="642" VPOS="1966" WIDTH="35"/>
						<String ID="P14_ST00109" HPOS="677" VPOS="1913" WIDTH="148" HEIGHT="53" CONTENT="celles" WC="0.98" CC="071065"/>
						<SP ID="P14_SP00094" HPOS="825" VPOS="1966" WIDTH="32"/>
						<String ID="P14_ST00110" HPOS="857" VPOS="1913" WIDTH="97" HEIGHT="66" CONTENT="qui" WC="0.98" CC="013"/>
						<SP ID="P14_SP00095" HPOS="954" VPOS="1979" WIDTH="34"/>
						<String ID="P14_ST00111" HPOS="988" VPOS="1931" WIDTH="51" HEIGHT="34" CONTENT="se" WC="0.41" CC="56"/>
						<SP ID="P14_SP00096" HPOS="1039" VPOS="1979" WIDTH="35"/>
						<String ID="P14_ST00112" HPOS="1074" VPOS="1926" WIDTH="322" HEIGHT="52" CONTENT="rapportent" WC="0.99" CC="7500060602"/>
						<SP ID="P14_SP00097" HPOS="1396" VPOS="1979" WIDTH="35"/>
						<String ID="P14_ST00113" HPOS="1431" VPOS="1913" WIDTH="346" HEIGHT="52" CONTENT="directement" WC="0.99" CC="02860560600"/>
						<SP ID="P14_SP00098" HPOS="1777" VPOS="1979" WIDTH="36"/>
						<String ID="P14_ST00114" HPOS="1813" VPOS="1912" WIDTH="30" HEIGHT="52" CONTENT="à" WC="0.32" CC="6"/>
						<SP ID="P14_SP00099" HPOS="1843" VPOS="1979" WIDTH="34"/>
						<String ID="P14_ST00115" HPOS="1877" VPOS="1910" WIDTH="405" HEIGHT="57" CONTENT="l'architecture," WC="0.99" CC="543404115363664"/>
						<SP ID="P14_SP00100" HPOS="2282" VPOS="1979" WIDTH="39"/>
						<String ID="P14_ST00116" HPOS="2321" VPOS="1928" WIDTH="52" HEIGHT="33" CONTENT="ce" WC="0.60" CC="07"/>
					</TextLine>
					<TextLine ID="P14_TL00017" HPOS="296" VPOS="1994" WIDTH="2071" HEIGHT="70">
						<String ID="P14_ST00117" HPOS="296" VPOS="2014" WIDTH="128" HEIGHT="39" CONTENT="sont" WC="0.96" CC="9007"/>
						<SP ID="P14_SP00101" HPOS="424" VPOS="2053" WIDTH="18"/>
						<String ID="P14_ST00118" HPOS="442" VPOS="2000" WIDTH="72" HEIGHT="51" CONTENT="les" WC="0.98" CC="301"/>
						<SP ID="P14_SP00102" HPOS="514" VPOS="2053" WIDTH="19"/>
						<String ID="P14_ST00119" HPOS="533" VPOS="1999" WIDTH="277" HEIGHT="54" CONTENT="nouvelles" WC="0.99" CC="104060340"/>
						<SP ID="P14_SP00103" HPOS="810" VPOS="2053" WIDTH="18"/>
						<String ID="P14_ST00120" HPOS="828" VPOS="1998" WIDTH="279" HEIGHT="53" CONTENT="méthodes" WC="0.99" CC="08040001"/>
						<SP ID="P14_SP00104" HPOS="1107" VPOS="2053" WIDTH="21"/>
						<String ID="P14_ST00121" HPOS="1128" VPOS="1999" WIDTH="63" HEIGHT="52" CONTENT="de" WC="0.70" CC="05"/>
						<SP ID="P14_SP00105" HPOS="1191" VPOS="2053" WIDTH="19"/>
						<String ID="P14_ST00122" HPOS="1210" VPOS="1998" WIDTH="333" HEIGHT="66" CONTENT="production" WC="1.00" CC="0000200311"/>
						<SP ID="P14_SP00106" HPOS="1543" VPOS="2064" WIDTH="20"/>
						<String ID="P14_ST00123" HPOS="1563" VPOS="2012" WIDTH="51" HEIGHT="39" CONTENT="et" WC="1.00" CC="00"/>
						<SP ID="P14_SP00107" HPOS="1614" VPOS="2064" WIDTH="20"/>
						<String ID="P14_ST00124" HPOS="1634" VPOS="1998" WIDTH="73" HEIGHT="52" CONTENT="les" WC="0.96" CC="604"/>
						<SP ID="P14_SP00108" HPOS="1707" VPOS="2064" WIDTH="19"/>
						<String ID="P14_ST00125" HPOS="1726" VPOS="2013" WIDTH="296" HEIGHT="37" CONTENT="nouveaux" WC="1.00" CC="00000000"/>
						<SP ID="P14_SP00109" HPOS="2022" VPOS="2064" WIDTH="22"/>
						<String ID="P14_ST00126" HPOS="2044" VPOS="1994" WIDTH="323" HEIGHT="59" CONTENT="matériaux," WC="0.99" CC="0607445203"/>
					</TextLine>
					<TextLine ID="P14_TL00018" HPOS="295" VPOS="2084" WIDTH="2011" HEIGHT="68">
						<String ID="P14_ST00127" HPOS="295" VPOS="2087" WIDTH="93" HEIGHT="65" CONTENT="qui" WC="0.95" CC="057"/>
						<SP ID="P14_SP00110" HPOS="388" VPOS="2152" WIDTH="27"/>
						<String ID="P14_ST00128" HPOS="415" VPOS="2087" WIDTH="347" HEIGHT="52" CONTENT="contribuent" WC="0.99" CC="40144403515"/>
						<SP ID="P14_SP00111" HPOS="762" VPOS="2152" WIDTH="20"/>
						<String ID="P14_ST00129" HPOS="782" VPOS="2100" WIDTH="219" HEIGHT="39" CONTENT="surtout" WC="0.98" CC="5665140"/>
						<SP ID="P14_SP00112" HPOS="1001" VPOS="2152" WIDTH="26"/>
						<String ID="P14_ST00130" HPOS="1027" VPOS="2087" WIDTH="28" HEIGHT="51" CONTENT="à" WC="0.45" CC="5"/>
						<SP ID="P14_SP00113" HPOS="1055" VPOS="2152" WIDTH="27"/>
						<String ID="P14_ST00131" HPOS="1082" VPOS="2105" WIDTH="63" HEIGHT="33" CONTENT="en" WC="0.59" CC="61"/>
						<SP ID="P14_SP00114" HPOS="1145" VPOS="2152" WIDTH="31"/>
						<String ID="P14_ST00132" HPOS="1176" VPOS="2086" WIDTH="409" HEIGHT="53" CONTENT="révolutionner" WC="0.99" CC="6701735212166"/>
						<SP ID="P14_SP00115" HPOS="1585" VPOS="2152" WIDTH="24"/>
						<String ID="P14_ST00133" HPOS="1609" VPOS="2086" WIDTH="72" HEIGHT="52" CONTENT="les" WC="0.95" CC="461"/>
						<SP ID="P14_SP00116" HPOS="1681" VPOS="2152" WIDTH="27"/>
						<String ID="P14_ST00134" HPOS="1708" VPOS="2084" WIDTH="187" HEIGHT="54" CONTENT="modes" WC="1.00" CC="00002"/>
						<SP ID="P14_SP00117" HPOS="1895" VPOS="2152" WIDTH="26"/>
						<String ID="P14_ST00135" HPOS="1921" VPOS="2084" WIDTH="385" HEIGHT="65" CONTENT="d'expression." WC="0.99" CC="0460075365324"/>
					</TextLine>
				</TextBlock>
				<TextBlock ID="P14_TB00005" HPOS="293" VPOS="2258" WIDTH="2083" HEIGHT="1283" STYLEREFS="TXT_2 PAR_LEFT">
					<TextLine ID="P14_TL00019" HPOS="463" VPOS="2258" WIDTH="1913" HEIGHT="66">
						<String ID="P14_ST00136" HPOS="463" VPOS="2260" WIDTH="79" HEIGHT="53" CONTENT="La" WC="1.00" CC="00"/>
						<SP ID="P14_SP00118" HPOS="542" VPOS="2313" WIDTH="23"/>
						<String ID="P14_ST00137" HPOS="565" VPOS="2260" WIDTH="361" HEIGHT="53" CONTENT="substitution" WC="0.99" CC="534050510003"/>
						<SP ID="P14_SP00119" HPOS="926" VPOS="2313" WIDTH="22"/>
						<String ID="P14_ST00138" HPOS="948" VPOS="2261" WIDTH="75" HEIGHT="52" CONTENT="du" WC="0.64" CC="70"/>
						<SP ID="P14_SP00120" HPOS="1023" VPOS="2313" WIDTH="26"/>
						<String ID="P14_ST00139" HPOS="1049" VPOS="2260" WIDTH="194" HEIGHT="53" CONTENT="travail" WC="0.98" CC="0643440"/>
						<SP ID="P14_SP00121" HPOS="1243" VPOS="2313" WIDTH="23"/>
						<String ID="P14_ST00140" HPOS="1266" VPOS="2258" WIDTH="311" HEIGHT="66" CONTENT="mécanique" WC="0.99" CC="070636215"/>
						<SP ID="P14_SP00122" HPOS="1577" VPOS="2324" WIDTH="24"/>
						<String ID="P14_ST00141" HPOS="1601" VPOS="2276" WIDTH="69" HEIGHT="36" CONTENT="au" WC="1.00" CC="00"/>
						<SP ID="P14_SP00123" HPOS="1670" VPOS="2324" WIDTH="25"/>
						<String ID="P14_ST00142" HPOS="1695" VPOS="2258" WIDTH="196" HEIGHT="54" CONTENT="travail" WC="0.98" CC="0806035"/>
						<SP ID="P14_SP00124" HPOS="1891" VPOS="2324" WIDTH="24"/>
						<String ID="P14_ST00143" HPOS="1915" VPOS="2258" WIDTH="236" HEIGHT="59" CONTENT="manuel," WC="0.98" CC="0512457"/>
						<SP ID="P14_SP00125" HPOS="2151" VPOS="2324" WIDTH="27"/>
						<String ID="P14_ST00144" HPOS="2178" VPOS="2258" WIDTH="98" HEIGHT="66" CONTENT="qui" WC="0.98" CC="600"/>
						<SP ID="P14_SP00126" HPOS="2276" VPOS="2324" WIDTH="22"/>
						<String ID="P14_ST00145" HPOS="2298" VPOS="2271" WIDTH="78" HEIGHT="38" CONTENT="est" WC="0.95" CC="903"/>
					</TextLine>
					<TextLine ID="P14_TL00020" HPOS="305" VPOS="2343" WIDTH="2068" HEIGHT="70">
						<String ID="P14_ST00146" HPOS="305" VPOS="2365" WIDTH="102" HEIGHT="34" CONTENT="une" WC="0.95" CC="318"/>
						<SP ID="P14_SP00127" HPOS="407" VPOS="2399" WIDTH="26"/>
						<String ID="P14_ST00147" HPOS="433" VPOS="2346" WIDTH="242" HEIGHT="53" CONTENT="nécessité" WC="0.99" CC="672000037"/>
						<SP ID="P14_SP00128" HPOS="675" VPOS="2399" WIDTH="25"/>
						<String ID="P14_ST00148" HPOS="700" VPOS="2346" WIDTH="351" HEIGHT="67" CONTENT="économique" WC="1.00" CC="0000100050"/>
						<SP ID="P14_SP00129" HPOS="1051" VPOS="2413" WIDTH="24"/>
						<String ID="P14_ST00149" HPOS="1075" VPOS="2361" WIDTH="51" HEIGHT="38" CONTENT="et" WC="1.00" CC="00"/>
						<SP ID="P14_SP00130" HPOS="1126" VPOS="2413" WIDTH="27"/>
						<String ID="P14_ST00150" HPOS="1153" VPOS="2346" WIDTH="204" HEIGHT="57" CONTENT="sociale," WC="0.99" CC="10006654"/>
						<SP ID="P14_SP00131" HPOS="1357" VPOS="2413" WIDTH="31"/>
						<String ID="P14_ST00151" HPOS="1388" VPOS="2346" WIDTH="189" HEIGHT="67" CONTENT="prend," WC="0.97" CC="486066"/>
						<SP ID="P14_SP00132" HPOS="1577" VPOS="2413" WIDTH="29"/>
						<String ID="P14_ST00152" HPOS="1606" VPOS="2345" WIDTH="173" HEIGHT="54" CONTENT="même" WC="0.98" CC="0700"/>
						<SP ID="P14_SP00133" HPOS="1779" VPOS="2413" WIDTH="25"/>
						<String ID="P14_ST00153" HPOS="1804" VPOS="2346" WIDTH="136" HEIGHT="52" CONTENT="dans" WC="1.00" CC="0000"/>
						<SP ID="P14_SP00134" HPOS="1940" VPOS="2413" WIDTH="26"/>
						<String ID="P14_ST00154" HPOS="1966" VPOS="2345" WIDTH="307" HEIGHT="53" CONTENT="l'industrie" WC="0.99" CC="23060202006"/>
						<SP ID="P14_SP00135" HPOS="2273" VPOS="2413" WIDTH="25"/>
						<String ID="P14_ST00155" HPOS="2298" VPOS="2343" WIDTH="75" HEIGHT="54" CONTENT="du" WC="1.00" CC="00"/>
					</TextLine>
					<TextLine ID="P14_TL00021" HPOS="303" VPOS="2434" WIDTH="1636" HEIGHT="68">
						<String ID="P14_ST00156" HPOS="303" VPOS="2435" WIDTH="281" HEIGHT="58" CONTENT="bâtiment," WC="0.99" CC="540404004"/>
						<SP ID="P14_SP00136" HPOS="584" VPOS="2493" WIDTH="36"/>
						<String ID="P14_ST00157" HPOS="620" VPOS="2454" WIDTH="101" HEIGHT="34" CONTENT="une" WC="0.99" CC="200"/>
						<SP ID="P14_SP00137" HPOS="721" VPOS="2493" WIDTH="28"/>
						<String ID="P14_ST00158" HPOS="749" VPOS="2435" WIDTH="282" HEIGHT="53" CONTENT="extension" WC="0.99" CC="005001029"/>
						<SP ID="P14_SP00138" HPOS="1031" VPOS="2493" WIDTH="31"/>
						<String ID="P14_ST00159" HPOS="1062" VPOS="2436" WIDTH="63" HEIGHT="52" CONTENT="de" WC="1.00" CC="00"/>
						<SP ID="P14_SP00139" HPOS="1125" VPOS="2493" WIDTH="29"/>
						<String ID="P14_ST00160" HPOS="1154" VPOS="2436" WIDTH="127" HEIGHT="66" CONTENT="plus" WC="0.97" CC="4420"/>
						<SP ID="P14_SP00140" HPOS="1281" VPOS="2502" WIDTH="28"/>
						<String ID="P14_ST00161" HPOS="1309" VPOS="2454" WIDTH="65" HEIGHT="34" CONTENT="en" WC="0.85" CC="02"/>
						<SP ID="P14_SP00141" HPOS="1374" VPOS="2502" WIDTH="29"/>
						<String ID="P14_ST00162" HPOS="1403" VPOS="2436" WIDTH="127" HEIGHT="66" CONTENT="plus" WC="1.00" CC="0010"/>
						<SP ID="P14_SP00142" HPOS="1530" VPOS="2502" WIDTH="28"/>
						<String ID="P14_ST00163" HPOS="1558" VPOS="2434" WIDTH="381" HEIGHT="54" CONTENT="considérable." WC="1.00" CC="0000200060303"/>
					</TextLine>
					<TextLine ID="P14_TL00022" HPOS="462" VPOS="2521" WIDTH="1913" HEIGHT="68">
						<String ID="P14_ST00164" HPOS="462" VPOS="2522" WIDTH="76" HEIGHT="53" CONTENT="Le" WC="1.00" CC="00"/>
						<SP ID="P14_SP00143" HPOS="538" VPOS="2575" WIDTH="38"/>
						<String ID="P14_ST00165" HPOS="576" VPOS="2522" WIDTH="229" HEIGHT="67" CONTENT="produit" WC="0.99" CC="5600010"/>
						<SP ID="P14_SP00144" HPOS="805" VPOS="2589" WIDTH="39"/>
						<String ID="P14_ST00166" HPOS="844" VPOS="2524" WIDTH="89" HEIGHT="52" CONTENT="des" WC="0.99" CC="003"/>
						<SP ID="P14_SP00145" HPOS="933" VPOS="2589" WIDTH="41"/>
						<String ID="P14_ST00167" HPOS="974" VPOS="2522" WIDTH="287" HEIGHT="59" CONTENT="machines," WC="0.99" CC="000501324"/>
						<SP ID="P14_SP00146" HPOS="1261" VPOS="2589" WIDTH="44"/>
						<String ID="P14_ST00168" HPOS="1305" VPOS="2524" WIDTH="97" HEIGHT="65" CONTENT="qui" WC="0.99" CC="030"/>
						<SP ID="P14_SP00147" HPOS="1402" VPOS="2589" WIDTH="42"/>
						<String ID="P14_ST00169" HPOS="1444" VPOS="2522" WIDTH="90" HEIGHT="54" CONTENT="fut" WC="0.97" CC="540"/>
						<SP ID="P14_SP00148" HPOS="1534" VPOS="2589" WIDTH="44"/>
						<String ID="P14_ST00170" HPOS="1578" VPOS="2524" WIDTH="28" HEIGHT="51" CONTENT="à" WC="0.43" CC="5"/>
						<SP ID="P14_SP00149" HPOS="1606" VPOS="2589" WIDTH="42"/>
						<String ID="P14_ST00171" HPOS="1648" VPOS="2522" WIDTH="249" HEIGHT="67" CONTENT="l'origine" WC="0.99" CC="540030008"/>
						<SP ID="P14_SP00150" HPOS="1897" VPOS="2589" WIDTH="41"/>
						<String ID="P14_ST00172" HPOS="1938" VPOS="2521" WIDTH="437" HEIGHT="66" CONTENT="énergiquement" WC="0.79" CC="0206000300085"/>
					</TextLine>
					<TextLine ID="P14_TL00023" HPOS="300" VPOS="2608" WIDTH="2072" HEIGHT="69">
						<String ID="P14_ST00173" HPOS="300" VPOS="2608" WIDTH="167" HEIGHT="54" CONTENT="écarté" WC="1.00" CC="004000"/>
						<SP ID="P14_SP00151" HPOS="467" VPOS="2662" WIDTH="29"/>
						<String ID="P14_ST00174" HPOS="496" VPOS="2628" WIDTH="99" HEIGHT="48" CONTENT="par" WC="0.94" CC="059"/>
						<SP ID="P14_SP00152" HPOS="595" VPOS="2676" WIDTH="28"/>
						<String ID="P14_ST00175" HPOS="623" VPOS="2611" WIDTH="71" HEIGHT="51" CONTENT="les" WC="0.95" CC="354"/>
						<SP ID="P14_SP00153" HPOS="694" VPOS="2676" WIDTH="28"/>
						<String ID="P14_ST00176" HPOS="722" VPOS="2610" WIDTH="238" HEIGHT="59" CONTENT="esthètes," WC="1.00" CC="000360004"/>
						<SP ID="P14_SP00154" HPOS="960" VPOS="2676" WIDTH="33"/>
						<String ID="P14_ST00177" HPOS="993" VPOS="2624" WIDTH="93" HEIGHT="43" CONTENT="est," WC="0.97" CC="6304"/>
						<SP ID="P14_SP00155" HPOS="1086" VPOS="2676" WIDTH="33"/>
						<String ID="P14_ST00178" HPOS="1119" VPOS="2610" WIDTH="200" HEIGHT="67" CONTENT="malgré" WC="0.98" CC="065050"/>
						<SP ID="P14_SP00156" HPOS="1319" VPOS="2677" WIDTH="32"/>
						<String ID="P14_ST00179" HPOS="1351" VPOS="2624" WIDTH="179" HEIGHT="39" CONTENT="toutes" WC="1.00" CC="030000"/>
						<SP ID="P14_SP00157" HPOS="1530" VPOS="2677" WIDTH="28"/>
						<String ID="P14_ST00180" HPOS="1558" VPOS="2611" WIDTH="72" HEIGHT="52" CONTENT="les" WC="0.99" CC="300"/>
						<SP ID="P14_SP00158" HPOS="1630" VPOS="2677" WIDTH="31"/>
						<String ID="P14_ST00181" HPOS="1661" VPOS="2610" WIDTH="364" HEIGHT="66" CONTENT="oppositions," WC="0.99" CC="400104060044"/>
						<SP ID="P14_SP00159" HPOS="2025" VPOS="2677" WIDTH="35"/>
						<String ID="P14_ST00182" HPOS="2060" VPOS="2609" WIDTH="63" HEIGHT="53" CONTENT="de" WC="1.00" CC="00"/>
						<SP ID="P14_SP00160" HPOS="2123" VPOS="2677" WIDTH="29"/>
						<String ID="P14_ST00183" HPOS="2152" VPOS="2609" WIDTH="129" HEIGHT="67" CONTENT="plus" WC="0.98" CC="0600"/>
						<SP ID="P14_SP00161" HPOS="2281" VPOS="2677" WIDTH="28"/>
						<String ID="P14_ST00184" HPOS="2309" VPOS="2627" WIDTH="63" HEIGHT="34" CONTENT="en" WC="0.51" CC="54"/>
					</TextLine>
					<TextLine ID="P14_TL00024" HPOS="298" VPOS="2698" WIDTH="2075" HEIGHT="67">
						<String ID="P14_ST00185" HPOS="298" VPOS="2698" WIDTH="126" HEIGHT="64" CONTENT="plus" WC="0.99" CC="0410"/>
						<SP ID="P14_SP00162" HPOS="424" VPOS="2762" WIDTH="24"/>
						<String ID="P14_ST00186" HPOS="448" VPOS="2698" WIDTH="267" HEIGHT="67" CONTENT="employé," WC="0.99" CC="00030604"/>
						<SP ID="P14_SP00163" HPOS="715" VPOS="2765" WIDTH="26"/>
						<String ID="P14_ST00187" HPOS="741" VPOS="2717" WIDTH="115" HEIGHT="35" CONTENT="non" WC="0.95" CC="902"/>
						<SP ID="P14_SP00164" HPOS="856" VPOS="2765" WIDTH="25"/>
						<String ID="P14_ST00188" HPOS="881" VPOS="2699" WIDTH="292" HEIGHT="53" CONTENT="seulement" WC="0.99" CC="505400400"/>
						<SP ID="P14_SP00165" HPOS="1173" VPOS="2765" WIDTH="24"/>
						<String ID="P14_ST00189" HPOS="1197" VPOS="2718" WIDTH="209" HEIGHT="34" CONTENT="comme" WC="1.00" CC="00000"/>
						<SP ID="P14_SP00166" HPOS="1406" VPOS="2765" WIDTH="25"/>
						<String ID="P14_ST00190" HPOS="1431" VPOS="2699" WIDTH="263" HEIGHT="53" CONTENT="matériau" WC="0.99" CC="00007106"/>
						<SP ID="P14_SP00167" HPOS="1694" VPOS="2765" WIDTH="27"/>
						<String ID="P14_ST00191" HPOS="1721" VPOS="2699" WIDTH="318" HEIGHT="57" CONTENT="secondaire," WC="0.99" CC="25000053704"/>
						<SP ID="P14_SP00168" HPOS="2039" VPOS="2765" WIDTH="28"/>
						<String ID="P14_ST00192" HPOS="2067" VPOS="2698" WIDTH="139" HEIGHT="53" CONTENT="mais" WC="0.98" CC="0630"/>
						<SP ID="P14_SP00169" HPOS="2206" VPOS="2765" WIDTH="24"/>
						<String ID="P14_ST00193" HPOS="2230" VPOS="2716" WIDTH="143" HEIGHT="48" CONTENT="pour" WC="0.99" CC="0006"/>
					</TextLine>
					<TextLine ID="P14_TL00025" HPOS="301" VPOS="2784" WIDTH="2071" HEIGHT="69">
						<String ID="P14_ST00194" HPOS="301" VPOS="2787" WIDTH="87" HEIGHT="50" CONTENT="des" WC="0.97" CC="600"/>
						<SP ID="P14_SP00170" HPOS="388" VPOS="2837" WIDTH="35"/>
						<String ID="P14_ST00195" HPOS="423" VPOS="2784" WIDTH="254" HEIGHT="55" CONTENT="éléments" WC="0.99" CC="05905000"/>
						<SP ID="P14_SP00171" HPOS="677" VPOS="2839" WIDTH="33"/>
						<String ID="P14_ST00196" HPOS="710" VPOS="2787" WIDTH="63" HEIGHT="52" CONTENT="de" WC="1.00" CC="00"/>
						<SP ID="P14_SP00172" HPOS="773" VPOS="2839" WIDTH="35"/>
						<String ID="P14_ST00197" HPOS="808" VPOS="2788" WIDTH="370" HEIGHT="52" CONTENT="construction" WC="1.00" CC="000000400290"/>
						<SP ID="P14_SP00173" HPOS="1178" VPOS="2840" WIDTH="36"/>
						<String ID="P14_ST00198" HPOS="1214" VPOS="2788" WIDTH="334" HEIGHT="65" CONTENT="importants" WC="1.00" CC="2000006000"/>
						<SP ID="P14_SP00174" HPOS="1548" VPOS="2853" WIDTH="35"/>
						<String ID="P14_ST00199" HPOS="1583" VPOS="2802" WIDTH="51" HEIGHT="38" CONTENT="et" WC="0.68" CC="60"/>
						<SP ID="P14_SP00175" HPOS="1634" VPOS="2853" WIDTH="35"/>
						<String ID="P14_ST00200" HPOS="1669" VPOS="2788" WIDTH="231" HEIGHT="52" CONTENT="visibles." WC="0.99" CC="011006007"/>
						<SP ID="P14_SP00176" HPOS="1900" VPOS="2853" WIDTH="38"/>
						<String ID="P14_ST00201" HPOS="1938" VPOS="2787" WIDTH="86" HEIGHT="53" CONTENT="De" WC="0.69" CC="05"/>
						<SP ID="P14_SP00177" HPOS="2024" VPOS="2853" WIDTH="33"/>
						<String ID="P14_ST00202" HPOS="2057" VPOS="2787" WIDTH="51" HEIGHT="52" CONTENT="la" WC="0.42" CC="65"/>
						<SP ID="P14_SP00178" HPOS="2108" VPOS="2853" WIDTH="37"/>
						<String ID="P14_ST00203" HPOS="2145" VPOS="2799" WIDTH="142" HEIGHT="40" CONTENT="sorte" WC="1.00" CC="00000"/>
						<SP ID="P14_SP00179" HPOS="2287" VPOS="2853" WIDTH="34"/>
						<String ID="P14_ST00204" HPOS="2321" VPOS="2788" WIDTH="51" HEIGHT="48" CONTENT="la" WC="0.26" CC="76"/>
					</TextLine>
					<TextLine ID="P14_TL00026" HPOS="298" VPOS="2874" WIDTH="1703" HEIGHT="56">
						<String ID="P14_ST00205" HPOS="298" VPOS="2874" WIDTH="247" HEIGHT="52" CONTENT="machine" WC="0.98" CC="9504700"/>
						<SP ID="P14_SP00180" HPOS="545" VPOS="2926" WIDTH="22"/>
						<String ID="P14_ST00206" HPOS="567" VPOS="2892" WIDTH="177" HEIGHT="36" CONTENT="exerce" WC="0.98" CC="506705"/>
						<SP ID="P14_SP00181" HPOS="744" VPOS="2928" WIDTH="25"/>
						<String ID="P14_ST00207" HPOS="769" VPOS="2893" WIDTH="99" HEIGHT="35" CONTENT="son" WC="0.96" CC="730"/>
						<SP ID="P14_SP00182" HPOS="868" VPOS="2928" WIDTH="26"/>
						<String ID="P14_ST00208" HPOS="894" VPOS="2874" WIDTH="269" HEIGHT="55" CONTENT="influence" WC="0.99" CC="305044008"/>
						<SP ID="P14_SP00183" HPOS="1163" VPOS="2929" WIDTH="24"/>
						<String ID="P14_ST00209" HPOS="1187" VPOS="2893" WIDTH="92" HEIGHT="36" CONTENT="sur" WC="0.92" CC="677"/>
						<SP ID="P14_SP00184" HPOS="1279" VPOS="2929" WIDTH="25"/>
						<String ID="P14_ST00210" HPOS="1304" VPOS="2876" WIDTH="51" HEIGHT="53" CONTENT="la" WC="0.36" CC="65"/>
						<SP ID="P14_SP00185" HPOS="1355" VPOS="2929" WIDTH="27"/>
						<String ID="P14_ST00211" HPOS="1382" VPOS="2877" WIDTH="177" HEIGHT="52" CONTENT="forme" WC="0.97" CC="50607"/>
						<SP ID="P14_SP00186" HPOS="1559" VPOS="2929" WIDTH="26"/>
						<String ID="P14_ST00212" HPOS="1585" VPOS="2877" WIDTH="416" HEIGHT="53" CONTENT="architecturale." WC="1.00" CC="070600003000104"/>
					</TextLine>
					<TextLine ID="P14_TL00027" HPOS="460" VPOS="2962" WIDTH="1907" HEIGHT="68">
						<String ID="P14_ST00213" HPOS="460" VPOS="2962" WIDTH="156" HEIGHT="52" CONTENT="Cette" WC="1.00" CC="00000"/>
						<SP ID="P14_SP00187" HPOS="616" VPOS="3014" WIDTH="30"/>
						<String ID="P14_ST00214" HPOS="646" VPOS="2962" WIDTH="271" HEIGHT="53" CONTENT="influence" WC="0.99" CC="440500000"/>
						<SP ID="P14_SP00188" HPOS="917" VPOS="3015" WIDTH="29"/>
						<String ID="P14_ST00215" HPOS="946" VPOS="2981" WIDTH="65" HEIGHT="34" CONTENT="ne" WC="0.71" CC="05"/>
						<SP ID="P14_SP00189" HPOS="1011" VPOS="3015" WIDTH="30"/>
						<String ID="P14_ST00216" HPOS="1041" VPOS="2981" WIDTH="51" HEIGHT="35" CONTENT="se" WC="0.69" CC="14"/>
						<SP ID="P14_SP00190" HPOS="1092" VPOS="3016" WIDTH="32"/>
						<String ID="P14_ST00217" HPOS="1124" VPOS="2977" WIDTH="198" HEIGHT="39" CONTENT="ressent" WC="0.99" CC="0300503"/>
						<SP ID="P14_SP00191" HPOS="1322" VPOS="3016" WIDTH="30"/>
						<String ID="P14_ST00218" HPOS="1352" VPOS="2963" WIDTH="375" HEIGHT="55" CONTENT="actuellement" WC="1.00" CC="700400050210"/>
						<SP ID="P14_SP00192" HPOS="1727" VPOS="3018" WIDTH="29"/>
						<String ID="P14_ST00219" HPOS="1756" VPOS="2981" WIDTH="106" HEIGHT="49" CONTENT="que" WC="0.99" CC="030"/>
						<SP ID="P14_SP00193" HPOS="1862" VPOS="3030" WIDTH="30"/>
						<String ID="P14_ST00220" HPOS="1892" VPOS="2964" WIDTH="137" HEIGHT="52" CONTENT="dans" WC="0.99" CC="0032"/>
						<SP ID="P14_SP00194" HPOS="2029" VPOS="3030" WIDTH="29"/>
						<String ID="P14_ST00221" HPOS="2058" VPOS="2963" WIDTH="75" HEIGHT="52" CONTENT="les" WC="0.97" CC="304"/>
						<SP ID="P14_SP00195" HPOS="2133" VPOS="3030" WIDTH="31"/>
						<String ID="P14_ST00222" HPOS="2164" VPOS="2962" WIDTH="203" HEIGHT="54" CONTENT="détails." WC="0.99" CC="00004713"/>
					</TextLine>
					<TextLine ID="P14_TL00028" HPOS="293" VPOS="3050" WIDTH="2078" HEIGHT="68">
						<String ID="P14_ST00223" HPOS="293" VPOS="3050" WIDTH="145" HEIGHT="53" CONTENT="Mais" WC="0.95" CC="5646"/>
						<SP ID="P14_SP00196" HPOS="438" VPOS="3103" WIDTH="27"/>
						<String ID="P14_ST00224" HPOS="465" VPOS="3051" WIDTH="71" HEIGHT="52" CONTENT="les" WC="0.94" CC="555"/>
						<SP ID="P14_SP00197" HPOS="536" VPOS="3103" WIDTH="26"/>
						<String ID="P14_ST00225" HPOS="562" VPOS="3050" WIDTH="191" HEIGHT="53" CONTENT="détails" WC="0.98" CC="0707225"/>
						<SP ID="P14_SP00198" HPOS="753" VPOS="3103" WIDTH="25"/>
						<String ID="P14_ST00226" HPOS="778" VPOS="3051" WIDTH="291" HEIGHT="65" CONTENT="(j'entends" WC="0.99" CC="5046105465"/>
						<SP ID="P14_SP00199" HPOS="1069" VPOS="3116" WIDTH="27"/>
						<String ID="P14_ST00227" HPOS="1096" VPOS="3070" WIDTH="98" HEIGHT="48" CONTENT="par" WC="0.95" CC="056"/>
						<SP ID="P14_SP00200" HPOS="1194" VPOS="3118" WIDTH="28"/>
						<String ID="P14_ST00228" HPOS="1222" VPOS="3051" WIDTH="179" HEIGHT="58" CONTENT="détail," WC="0.98" CC="0948434"/>
						<SP ID="P14_SP00201" HPOS="1401" VPOS="3118" WIDTH="31"/>
						<String ID="P14_ST00229" HPOS="1432" VPOS="3070" WIDTH="64" HEIGHT="34" CONTENT="en" WC="0.22" CC="77"/>
						<SP ID="P14_SP00202" HPOS="1496" VPOS="3118" WIDTH="28"/>
						<String ID="P14_ST00230" HPOS="1524" VPOS="3071" WIDTH="52" HEIGHT="33" CONTENT="ce" WC="0.68" CC="06"/>
						<SP ID="P14_SP00203" HPOS="1576" VPOS="3118" WIDTH="27"/>
						<String ID="P14_ST00231" HPOS="1603" VPOS="3070" WIDTH="85" HEIGHT="34" CONTENT="cas" WC="0.95" CC="075"/>
						<SP ID="P14_SP00204" HPOS="1688" VPOS="3118" WIDTH="34"/>
						<String ID="P14_ST00232" HPOS="1722" VPOS="3071" WIDTH="11" HEIGHT="32" CONTENT=":" WC="1.00" CC="0"/>
						<SP ID="P14_SP00205" HPOS="1733" VPOS="3118" WIDTH="33"/>
						<String ID="P14_ST00233" HPOS="1766" VPOS="3052" WIDTH="47" HEIGHT="52" CONTENT="le" WC="0.44" CC="65"/>
						<SP ID="P14_SP00206" HPOS="1813" VPOS="3118" WIDTH="26"/>
						<String ID="P14_ST00234" HPOS="1839" VPOS="3051" WIDTH="169" HEIGHT="54" CONTENT="motif" WC="0.98" CC="00047"/>
						<SP ID="P14_SP00207" HPOS="2008" VPOS="3118" WIDTH="28"/>
						<String ID="P14_ST00235" HPOS="2036" VPOS="3050" WIDTH="335" HEIGHT="54" CONTENT="ornemental" WC="0.98" CC="0595050495"/>
					</TextLine>
					<TextLine ID="P14_TL00029" HPOS="294" VPOS="3137" WIDTH="2078" HEIGHT="69">
						<String ID="P14_ST00236" HPOS="294" VPOS="3151" WIDTH="51" HEIGHT="38" CONTENT="et" WC="0.56" CC="61"/>
						<SP ID="P14_SP00208" HPOS="345" VPOS="3189" WIDTH="29"/>
						<String ID="P14_ST00237" HPOS="374" VPOS="3137" WIDTH="256" HEIGHT="65" CONTENT="figuratif" WC="0.98" CC="569466066"/>
						<SP ID="P14_SP00209" HPOS="630" VPOS="3202" WIDTH="39"/>
						<String ID="P14_ST00238" HPOS="669" VPOS="3157" WIDTH="12" HEIGHT="32" CONTENT=":" WC="0.45" CC="5"/>
						<SP ID="P14_SP00210" HPOS="681" VPOS="3202" WIDTH="38"/>
						<String ID="P14_ST00239" HPOS="719" VPOS="3140" WIDTH="49" HEIGHT="50" CONTENT="la" WC="0.94" CC="10"/>
						<SP ID="P14_SP00211" HPOS="768" VPOS="3202" WIDTH="32"/>
						<String ID="P14_ST00240" HPOS="800" VPOS="3138" WIDTH="339" HEIGHT="64" CONTENT="décoration)" WC="0.99" CC="09006004054"/>
						<SP ID="P14_SP00212" HPOS="1139" VPOS="3202" WIDTH="44"/>
						<String ID="P14_ST00241" HPOS="1183" VPOS="3140" WIDTH="336" HEIGHT="53" CONTENT="constituent" WC="0.99" CC="05460265565"/>
						<SP ID="P14_SP00213" HPOS="1519" VPOS="3202" WIDTH="30"/>
						<String ID="P14_ST00242" HPOS="1549" VPOS="3141" WIDTH="52" HEIGHT="51" CONTENT="la" WC="0.34" CC="57"/>
						<SP ID="P14_SP00214" HPOS="1601" VPOS="3202" WIDTH="31"/>
						<String ID="P14_ST00243" HPOS="1632" VPOS="3140" WIDTH="366" HEIGHT="66" CONTENT="quintessence" WC="0.99" CC="040207544343"/>
						<SP ID="P14_SP00215" HPOS="1998" VPOS="3206" WIDTH="30"/>
						<String ID="P14_ST00244" HPOS="2028" VPOS="3140" WIDTH="90" HEIGHT="52" CONTENT="des" WC="0.96" CC="056"/>
						<SP ID="P14_SP00216" HPOS="2118" VPOS="3206" WIDTH="32"/>
						<String ID="P14_ST00245" HPOS="2150" VPOS="3156" WIDTH="191" HEIGHT="48" CONTENT="concep" SUBS_TYPE="HypPart1" SUBS_CONTENT="conceptions" WC="0.99" CC="200070"/>
						<HYP HPOS="2341" VPOS="3156" WIDTH="31" CONTENT="-"/>
					</TextLine>
					<TextLine ID="P14_TL00030" HPOS="294" VPOS="3225" WIDTH="2077" HEIGHT="66">
						<String ID="P14_ST00246" HPOS="294" VPOS="3225" WIDTH="144" HEIGHT="52" CONTENT="tions" SUBS_TYPE="HypPart2" SUBS_CONTENT="conceptions" WC="0.97" CC="07057"/>
						<SP ID="P14_SP00217" HPOS="438" VPOS="3277" WIDTH="34"/>
						<String ID="P14_ST00247" HPOS="472" VPOS="3225" WIDTH="428" HEIGHT="52" CONTENT="architecturales" WC="0.99" CC="760420540564641"/>
						<SP ID="P14_SP00218" HPOS="900" VPOS="3277" WIDTH="36"/>
						<String ID="P14_ST00248" HPOS="936" VPOS="3225" WIDTH="293" HEIGHT="66" CONTENT="régnantes." WC="0.99" CC="6702050754"/>
						<SP ID="P14_SP00219" HPOS="1229" VPOS="3291" WIDTH="38"/>
						<String ID="P14_ST00249" HPOS="1267" VPOS="3226" WIDTH="399" HEIGHT="53" CONTENT="Relativement" WC="0.99" CC="042006050622"/>
						<SP ID="P14_SP00220" HPOS="1666" VPOS="3291" WIDTH="32"/>
						<String ID="P14_ST00250" HPOS="1698" VPOS="3226" WIDTH="193" HEIGHT="52" CONTENT="faibles" WC="0.98" CC="6640366"/>
						<SP ID="P14_SP00221" HPOS="1891" VPOS="3291" WIDTH="34"/>
						<String ID="P14_ST00251" HPOS="1925" VPOS="3226" WIDTH="135" HEIGHT="53" CONTENT="dans" WC="0.97" CC="0641"/>
						<SP ID="P14_SP00222" HPOS="2060" VPOS="3291" WIDTH="34"/>
						<String ID="P14_ST00252" HPOS="2094" VPOS="3227" WIDTH="71" HEIGHT="51" CONTENT="les" WC="0.95" CC="445"/>
						<SP ID="P14_SP00223" HPOS="2165" VPOS="3291" WIDTH="36"/>
						<String ID="P14_ST00253" HPOS="2201" VPOS="3225" WIDTH="142" HEIGHT="52" CONTENT="archi" SUBS_TYPE="HypPart1" SUBS_CONTENT="architectures" WC="0.98" CC="67060"/>
						<HYP HPOS="2343" VPOS="3225" WIDTH="28" CONTENT="-"/>
					</TextLine>
					<TextLine ID="P14_TL00031" HPOS="296" VPOS="3311" WIDTH="2077" HEIGHT="67">
						<String ID="P14_ST00254" HPOS="296" VPOS="3326" WIDTH="221" HEIGHT="37" CONTENT="tectures" SUBS_TYPE="HypPart2" SUBS_CONTENT="architectures" WC="0.98" CC="66054774"/>
						<SP ID="P14_SP00224" HPOS="517" VPOS="3363" WIDTH="38"/>
						<String ID="P14_ST00255" HPOS="555" VPOS="3312" WIDTH="63" HEIGHT="52" CONTENT="de" WC="0.82" CC="03"/>
						<SP ID="P14_SP00225" HPOS="618" VPOS="3364" WIDTH="37"/>
						<String ID="P14_ST00256" HPOS="655" VPOS="3314" WIDTH="136" HEIGHT="63" CONTENT="style" WC="0.96" CC="66435"/>
						<SP ID="P14_SP00226" HPOS="791" VPOS="3377" WIDTH="36"/>
						<String ID="P14_ST00257" HPOS="827" VPOS="3312" WIDTH="274" HEIGHT="66" CONTENT="classique," WC="0.99" CC="0645360004"/>
						<SP ID="P14_SP00227" HPOS="1101" VPOS="3378" WIDTH="41"/>
						<String ID="P14_ST00258" HPOS="1142" VPOS="3331" WIDTH="78" HEIGHT="35" CONTENT="ces" WC="0.95" CC="067"/>
						<SP ID="P14_SP00228" HPOS="1220" VPOS="3378" WIDTH="36"/>
						<String ID="P14_ST00259" HPOS="1256" VPOS="3311" WIDTH="284" HEIGHT="55" CONTENT="influences" WC="0.99" CC="3400665166"/>
						<SP ID="P14_SP00229" HPOS="1540" VPOS="3378" WIDTH="37"/>
						<String ID="P14_ST00260" HPOS="1577" VPOS="3331" WIDTH="50" HEIGHT="35" CONTENT="se" WC="0.61" CC="34"/>
						<SP ID="P14_SP00230" HPOS="1627" VPOS="3378" WIDTH="35"/>
						<String ID="P14_ST00261" HPOS="1662" VPOS="3311" WIDTH="407" HEIGHT="55" CONTENT="manifestèrent" WC="0.99" CC="0040572370620"/>
						<SP ID="P14_SP00231" HPOS="2069" VPOS="3378" WIDTH="38"/>
						<String ID="P14_ST00262" HPOS="2107" VPOS="3330" WIDTH="123" HEIGHT="36" CONTENT="avec" WC="0.98" CC="4040"/>
						<SP ID="P14_SP00232" HPOS="2230" VPOS="3378" WIDTH="39"/>
						<String ID="P14_ST00263" HPOS="2269" VPOS="3330" WIDTH="104" HEIGHT="34" CONTENT="une" WC="0.95" CC="515"/>
					</TextLine>
					<TextLine ID="P14_TL00032" HPOS="293" VPOS="3399" WIDTH="2082" HEIGHT="68">
						<String ID="P14_ST00264" HPOS="293" VPOS="3399" WIDTH="367" HEIGHT="53" CONTENT="désinvolture" WC="0.99" CC="594720020766"/>
						<SP ID="P14_SP00233" HPOS="660" VPOS="3452" WIDTH="48"/>
						<String ID="P14_ST00265" HPOS="708" VPOS="3400" WIDTH="289" HEIGHT="53" CONTENT="croissante" WC="0.99" CC="0602400006"/>
						<SP ID="P14_SP00234" HPOS="997" VPOS="3453" WIDTH="49"/>
						<String ID="P14_ST00266" HPOS="1046" VPOS="3401" WIDTH="216" HEIGHT="66" CONTENT="lorsque" WC="0.99" CC="6100007"/>
						<SP ID="P14_SP00235" HPOS="1262" VPOS="3467" WIDTH="51"/>
						<String ID="P14_ST00267" HPOS="1313" VPOS="3401" WIDTH="389" HEIGHT="52" CONTENT="l'architecture" WC="0.99" CC="54660665600377"/>
						<SP ID="P14_SP00236" HPOS="1702" VPOS="3467" WIDTH="52"/>
						<String ID="P14_ST00268" HPOS="1754" VPOS="3419" WIDTH="127" HEIGHT="36" CONTENT="sous" WC="0.96" CC="4056"/>
						<SP ID="P14_SP00237" HPOS="1881" VPOS="3467" WIDTH="50"/>
						<String ID="P14_ST00269" HPOS="1931" VPOS="3400" WIDTH="303" HEIGHT="53" CONTENT="l'influence" WC="0.99" CC="33500026370"/>
						<SP ID="P14_SP00238" HPOS="2234" VPOS="3467" WIDTH="51"/>
						<String ID="P14_ST00270" HPOS="2285" VPOS="3400" WIDTH="90" HEIGHT="53" CONTENT="des" WC="0.96" CC="065"/>
					</TextLine>
					<TextLine ID="P14_TL00033" HPOS="297" VPOS="3486" WIDTH="1852" HEIGHT="55">
						<String ID="P14_ST00271" HPOS="297" VPOS="3488" WIDTH="279" HEIGHT="50" CONTENT="tendances" WC="0.98" CC="075663174"/>
						<SP ID="P14_SP00239" HPOS="576" VPOS="3538" WIDTH="33"/>
						<String ID="P14_ST00272" HPOS="609" VPOS="3486" WIDTH="317" HEIGHT="54" CONTENT="médiévales" WC="0.99" CC="2005707374"/>
						<SP ID="P14_SP00240" HPOS="926" VPOS="3540" WIDTH="34"/>
						<String ID="P14_ST00273" HPOS="960" VPOS="3486" WIDTH="348" HEIGHT="55" CONTENT="renaissantes" WC="0.99" CC="750065403076"/>
						<SP ID="P14_SP00241" HPOS="1308" VPOS="3541" WIDTH="32"/>
						<String ID="P14_ST00274" HPOS="1340" VPOS="3507" WIDTH="49" HEIGHT="34" CONTENT="se" WC="0.61" CC="16"/>
						<SP ID="P14_SP00242" HPOS="1389" VPOS="3541" WIDTH="34"/>
						<String ID="P14_ST00275" HPOS="1423" VPOS="3488" WIDTH="164" HEIGHT="53" CONTENT="libéra" WC="0.98" CC="700765"/>
						<SP ID="P14_SP00243" HPOS="1587" VPOS="3541" WIDTH="36"/>
						<String ID="P14_ST00276" HPOS="1623" VPOS="3488" WIDTH="63" HEIGHT="53" CONTENT="de" WC="0.63" CC="07"/>
						<SP ID="P14_SP00244" HPOS="1686" VPOS="3541" WIDTH="35"/>
						<String ID="P14_ST00277" HPOS="1721" VPOS="3486" WIDTH="428" HEIGHT="54" CONTENT="l'Académisme." WC="0.99" CC="6440609003053"/>
					</TextLine>
				</TextBlock>
				<TextBlock ID="P14_TB00006" HPOS="460" VPOS="3649" WIDTH="1916" HEIGHT="68" STYLEREFS="TXT_2 PAR_RIGHT">
					<TextLine ID="P14_TL00034" HPOS="460" VPOS="3649" WIDTH="1916" HEIGHT="68">
						<String ID="P14_ST00278" HPOS="460" VPOS="3649" WIDTH="101" HEIGHT="55" CONTENT="Les" WC="0.95" CC="066"/>
						<SP ID="P14_SP00245" HPOS="561" VPOS="3704" WIDTH="26"/>
						<String ID="P14_ST00279" HPOS="587" VPOS="3649" WIDTH="190" HEIGHT="53" CONTENT="détails" WC="0.98" CC="9760104"/>
						<SP ID="P14_SP00246" HPOS="777" VPOS="3704" WIDTH="30"/>
						<String ID="P14_ST00280" HPOS="807" VPOS="3665" WIDTH="126" HEIGHT="39" CONTENT="sont" WC="0.99" CC="3000"/>
						<SP ID="P14_SP00247" HPOS="933" VPOS="3704" WIDTH="30"/>
						<String ID="P14_ST00281" HPOS="963" VPOS="3669" WIDTH="143" HEIGHT="47" CONTENT="pour" WC="1.00" CC="0000"/>
						<SP ID="P14_SP00248" HPOS="1106" VPOS="3716" WIDTH="30"/>
						<String ID="P14_ST00282" HPOS="1136" VPOS="3651" WIDTH="323" HEIGHT="53" CONTENT="l'architecte" WC="1.00" CC="036055010000"/>
						<SP ID="P14_SP00249" HPOS="1459" VPOS="3716" WIDTH="29"/>
						<String ID="P14_ST00283" HPOS="1488" VPOS="3651" WIDTH="421" HEIGHT="66" CONTENT="d'aujourd'hui" WC="0.99" CC="0424400003635"/>
						<SP ID="P14_SP00250" HPOS="1909" VPOS="3717" WIDTH="31"/>
						<String ID="P14_ST00284" HPOS="1940" VPOS="3669" WIDTH="51" HEIGHT="35" CONTENT="ce" WC="0.96" CC="00"/>
						<SP ID="P14_SP00251" HPOS="1991" VPOS="3717" WIDTH="30"/>
						<String ID="P14_ST00285" HPOS="2021" VPOS="3669" WIDTH="104" HEIGHT="47" CONTENT="que" WC="1.00" CC="000"/>
						<SP ID="P14_SP00252" HPOS="2125" VPOS="3717" WIDTH="32"/>
						<String ID="P14_ST00286" HPOS="2157" VPOS="3651" WIDTH="47" HEIGHT="51" CONTENT="le" WC="0.85" CC="20"/>
						<SP ID="P14_SP00253" HPOS="2204" VPOS="3717" WIDTH="28"/>
						<String ID="P14_ST00287" HPOS="2232" VPOS="3667" WIDTH="144" HEIGHT="48" CONTENT="coup" WC="0.99" CC="0300"/>
					</TextLine>
				</TextBlock>
			</PrintSpace>
		</Page>
	</Layout>
</alto>
