4851 6568
46 6487 80 38 174

37 60 144 51 wird.
264 62 223 50 Peinlich
532 67 68 50 ist
647 63 150 50 dabei
844 63 160 51 außer
1049 63 92 49 der
1186 62 358 63 jugendlichen

40 131 197 49 Freude
291 149 107 46 nur,
449 135 106 48 daß
605 132 76 52 sie
728 134 109 50 sich
885 136 98 47 seit
1031 150 63 33 so
1142 134 165 50 vielen
1360 132 185 62 Jahren

36 201 317 63 wiederholt,
394 206 109 47 und
539 206 106 52 daß,
682 206 84 48 die
805 206 302 47 Dümmsten
1146 207 51 46 in
1235 204 91 48 der
1367 204 178 49 KlasSe

36 288 84 34 am
175 273 249 50 lautesten
473 276 239 49 wiehern.
799 277 103 46 Das
955 277 129 60 ewig
1133 289 129 33 neue
1315 273 228 48 Erlebnis

37 344 230 51 Verführt
312 347 90 59 sie,
449 346 85 48 die
581 347 191 47 Mutter
817 361 65 33 zu
926 344 368 61 beschimpfen,
1341 344 82 49 die
1470 344 75 46 sie

40 427 97 34 nur
170 416 227 60 geboren
435 416 100 60 hat,
571 416 137 48 ohne
741 416 153 48 ihnen
929 430 64 32 zu
1024 430 176 46 sagen,
1236 416 101 44 wie
1370 427 52 33 es
1460 413 57 47 da-

37 483 85 49 bei
157 499 337 48 zugegangen
531 488 77 47 ist.
674 485 234 47 Welcher
941 499 100 33 von
1076 485 99 47 den
1208 483 216 60 Herren,
1461 482 85 48 die

38 553 155 50 heute
231 557 53 47 in
323 556 408 61 Theaterdingen
771 551 100 51 den
911 554 164 47 Mund
1115 553 158 48 voller
1308 553 236 59 nehmen,

38 623 79 50 als
149 640 55 33 es
204 621 2 65 !
232 626 158 47 ihrem
424 627 387 59 Temperament
841 626 232 59 geziemt,
1107 623 136 47 hätte
1273 624 82 46 ein
1390 621 156 51 Recht

38 708 66 34 zu
135 695 234 62 leugnen,
401 695 102 47 daß
531 694 128 48 auch
687 709 57 32 er
771 694 90 47 der
888 692 135 49 alten
1057 691 489 62 Burgtheaterkunst

38 765 144 47 seine
203 780 164 46 ganze
388 764 165 48 kleine
576 764 307 60 Geistigkeit
905 763 281 47 verdankt?
1241 762 201 47 Anstatt
1463 762 81 49 die

41 848 131 33 neue
197 835 487 61 Burgtheaterkunst
702 848 65 32 an
789 834 92 46 der
900 832 134 48 alten
1056 848 64 34 zu
1141 843 219 49 messen,
1380 846 162 47 sagen

38 905 91 58 sie,
173 919 57 32 es
230 902 2 62 1
272 906 74 45 sei
390 902 240 60 dieselbe,
675 903 107 47 und
822 913 188 51 wagen
1052 918 69 44 es,
1165 902 168 49 dieser
1377 903 166 47 Herrn

43 973 275 51 Reinhardt
351 973 78 51 als
462 974 211 47 Meister
706 987 62 32 zu
805 973 305 60 empfehlen,
1147 973 186 47 dessen
1367 972 149 48 schau-

38 1040 350 64 spielerischer
440 1044 143 46 Fond
631 1044 82 45 ein
761 1040 184 53 vierter
993 1042 362 48 Galerieschall
1405 1045 140 46 eines

38 1113 462 61 Lewinsky-Tones
561 1114 81 58 ist,
691 1112 106 47 und
846 1113 185 47 dessen
1081 1111 465 63 dramaturgisches

41 1183 267 61 Imperium
339 1182 127 49 bloß
491 1183 83 47 die
601 1182 302 62 allgemeine
931 1180 322 64 Tüchtigkeit
1281 1186 143 47 eines
1451 1182 72 47 Ell-

38 1251 415 63 bogennaturells
512 1252 257 60 bedeutet,
825 1253 86 47 die
966 1252 107 47 Sich
1074 1250 2 64 1
1132 1253 288 60 ebensogut
1474 1253 67 46 im

38 1320 265 50 Bankfach
337 1322 104 47 und
475 1323 68 48 im
585 1321 279 49 Feuilleton
899 1322 243 48 ausleben
1178 1322 206 49 könnte.
1437 1321 106 48 Das

38 1391 337 63 ©tirgtheater
402 1392 123 48 aber
551 1393 67 48 ist
645 1402 63 38 so
735 1393 171 47 echtes
936 1392 232 61 Theater,
1197 1393 105 49 daßi
1331 1407 53 32 es
1413 1392 130 47 eben

38 1462 53 49 in
134 1464 137 45 einer
314 1459 217 63 Epoche,
574 1459 82 50 die
695 1462 153 49 keine
885 1458 517 65 schauspielerischen
1444 1462 68 47 Na-

16 1532 169 48 turen
236 1529 366 64 hervorbringt,
650 1530 282 50 schlechtes
981 1531 219 49 Theater
1245 1532 109 47 sein
1402 1531 140 60 muß,

38 1601 245 48 während
313 1602 89 47 der
429 1602 194 62 findige
647 1602 162 60 Geist,
837 1603 92 47 der
954 1601 146 51 keine
1128 1601 285 50 Vorurteile
1439 1602 105 46 und

38 1670 148 49 keine
225 1673 317 60 Erinnerung
574 1686 64 33 zu
667 1672 248 61 besiegen
949 1669 100 61 hat,
1087 1675 114 46 eine
1231 1670 314 63 praktikable

37 1741 338 62 Verbindung
427 1757 102 33 von
585 1741 369 60 Ballettschule,
1010 1741 375 61 Opiumkneipe
1438 1741 104 47 und

41 1808 356 64 Bildergalerie
424 1825 97 34 uns
550 1812 80 46 für
655 1811 217 47 Theater
896 1812 265 60 ausgeben
1185 1811 149 48 kann.
1376 1812 166 46 Wenn

38 1894 108 34 nun
193 1883 114 46 eine
351 1879 243 64 gläubige
645 1881 157 51 Kritik
850 1881 91 48 das
993 1880 334 63 Burgtheater
1371 1880 170 48 tadeln

38 1948 121 62 will,
207 1966 63 32 so
313 1951 151 47 sollte
509 1966 120 32 man
678 1949 130 49 doch
808 1947 8 20 r
854 1951 272 61 verlangen
1171 1951 220 59 können,
1440 1951 100 47 daß

38 2018 109 52 ihre
178 2020 296 63 Besinnung
498 2021 267 51 immerhin
794 2034 89 34 zur
913 2021 302 47 Erkenntnis
1215 2018 2 65 1
1242 2021 90 46 des
1363 2021 151 47 Unter-

38 2089 232 49 schiedes
312 2090 253 48 zwischen
605 2092 134 47 einst
779 2091 105 47 und
923 2091 120 59 jetzt
1085 2090 168 60 reicht,
1297 2090 102 48 und
1440 2090 100 49 daß

38 2160 77 47 sie
149 2175 93 31 vor
277 2161 98 46 den
411 2161 263 46 Wundern
710 2160 90 47 der
836 2160 224 47 Berliner
1092 2160 291 61 Gastspiele
1419 2160 127 48 bloß'

38 2227 97 50 das
178 2229 205 61 heutige
426 2229 333 61 Burgtheater
800 2227 313 52 verkleinert.
1172 2231 116 46 Wie
1328 2245 119 45 mag
1486 2244 55 33 es

38 2313 100 33 uns
187 2314 103 32 nun
338 2299 352 60 überraschen,
740 2299 104 48 daßi
888 2300 107 59 wir,
1043 2299 91 48 auf
1176 2299 82 48 die
1308 2299 208 48 hundert-

37 2366 197 64 jährige
270 2369 264 47 Wahrheit
569 2369 192 61 gefaßt,
800 2370 94 46 das
931 2369 333 61 Burgtheater
1297 2370 76 47 sei
1409 2369 136 49 nicht

38 2437 143 48 mehr
215 2438 106 59 das,
354 2453 110 33 was
464 2437 2 63 1
495 2453 55 33 es
582 2440 133 46 einst
747 2453 114 45 war,
895 2439 78 47 die
1007 2440 252 60 Meinung
1288 2453 62 33 zu
1383 2439 159 47 hören

38 2507 321 60 bekommen,
403 2523 60 32 es
502 2509 77 48 sei
623 2511 128 45 trotz
792 2508 115 47 dem
955 2508 224 48 Berliner
1221 2508 219 61 Beispiel
1480 2524 61 34 so

38 2575 225 49 schlecht
304 2578 98 46 wie
444 2580 156 45 einst!
678 2579 149 46 Einer
868 2578 97 49 will
1010 2580 138 46 einer
1188 2578 329 62 Burgtheater-

38 2647 316 61 vorstellung
404 2647 91 48 das
546 2647 318 49 Schlimmste
910 2648 290 61 nachsagen
1251 2648 102 47 und
1402 2651 139 58 sagt:

41 2718 193 58 „Einen
285 2717 180 47 Abend
514 2717 120 62 lang
682 2733 107 32 war
833 2733 55 31 es
937 2718 237 61 möglich,
1221 2718 107 47 sich
1376 2721 140 45 einzu-

38 2785 188 61 bilden,
261 2788 95 46 wir
386 2789 141 45 seien
563 2786 129 48 noch
725 2790 53 49 in
811 2788 99 46 den
943 2788 256 61 achtziger
1233 2788 200 59 Jahren,
1451 2787 91 48 des

39 2856 213 61 vorigen
281 2853 287 56 Säkulums.
634 2856 152 48 Diese
819 2856 329 62 Vorstellung
1180 2857 136 48 hätte
1349 2857 193 48 ebenso

39 2928 94 59 gut
165 2928 145 45 unter
340 2926 156 47 Adolf
525 2926 288 48 Wilbrandt
842 2927 296 48 stattfinden
1477 2928 65 46 Es

39 2995 131 49 wird
210 2993 109 50 also
358 2996 325 61 gottseidank
719 2997 314 60 zugegeben,
1074 2996 104 48 daßi
1212 2999 52 45 in
1305 2998 91 46 der
1435 2998 111 47 Zeit

39 3062 93 49 der
168 3066 208 58 Wolter,
413 3066 91 46 der
540 3066 246 59 Meixner,
827 3066 315 48 Baumeister
1177 3066 103 48 und
1316 3067 195 47 Sonnen-

43 3132 119 62 thäl,
218 3135 89 47 der
358 3135 264 47 Gabillons
676 3137 104 45 und
834 3137 309 46 Hartmanns
1146 3132 2 64 1
1149 3175 11 21 ,
1213 3137 91 46 der
1352 3138 165 45 Mitter-

41 3219 210 43 wurzer,
303 3205 196 48 Krastel
547 3206 102 45 und
701 3205 187 50 Robert
932 3206 82 47 die
1076 3205 157 48 Sache
1293 3221 88 32 zur
1439 3206 106 48 Not

41 3273 195 47 ebenso
271 3272 240 62 geglückt
546 3277 150 45 wäre.
765 3276 156 57 „Was
958 3290 117 30 man
1111 3276 95 45 sah
1240 3276 103 45 und
1382 3276 161 58 hörte,

40 3357 110 32 war
187 3357 102 33 von
330 3342 137 48 einer
503 3342 272 49 achtbaren
816 3342 298 61 Schablone,
1153 3357 102 35 von
1298 3343 136 49 einer
1473 3359 48 32 re-

41 3411 300 61 spektablen
386 3413 247 47 Banalität
675 3453 9 9 .
722 3453 8 8 .
766 3452 9 9 .
836 3414 79 47 Da
955 3429 107 32 war
1101 3414 124 47 alles
1225 3411 2 61 1
1264 3429 99 32 von
1406 3414 140 48 einer

41 3497 133 45 ganz
216 3482 109 48 und
367 3497 93 46 gar
503 3482 340 61 unwichtigen
1239 3484 97 47 Mit
1380 3486 163 44 einem

42 3549 2 64 ;
45 3549 161 63 Wort,
242 3566 133 47 ganz
406 3566 60 33 so
503 3553 97 47 wie
634 3550 210 51 damals.
911 3551 119 61 „Ich-
1062 3553 132 48 habe
1226 3553 181 48 keinen
1445 3555 76 46 ein-

42 3622 148 60 zigen
235 3621 206 60 Akzent,
485 3621 146 48 keine
677 3622 253 60 Gebärde,
975 3623 113 47 kein
1131 3624 149 46 Wort
1319 3625 92 48 mit
1451 3638 94 32 aus

40 3690 116 48 dem
186 3690 216 48 Theater
427 3707 323 45 genommen,
778 3692 171 48 davon
973 3694 135 46 mein
1138 3694 137 46 Herz
1297 3693 248 47 schneller

40 3760 309 62 geschlagen
397 3762 150 59 hätte,
592 3760 180 62 nichts,
819 3762 243 49 wodurch
1108 3762 78 49 ich
1231 3765 51 46 in
1326 3765 217 46 meinem

41 3828 398 50 künstlerischen
491 3831 316 48 Besitzstand
851 3832 308 62 glücklicher
1203 3833 105 46 und
1356 3833 190 47 reicher

38 3900 282 61 geworden
616 3901 123 48 Also
778 3917 135 45 ganz
950 3903 97 48 wie
1087 3904 51 47 in
1177 3903 92 46 der
1308 3902 208 48 Theater-

39 3971 112 58 zeit,
209 3972 51 44 in
317 3970 152 47 deren
530 3972 317 60 Erinnerung
902 3986 153 33 unser
1111 3973 136 46 Herz
1298 3972 248 48 schneller

38 4037 199 63 schlägt
264 4040 105 47 und
397 4040 94 60 die,
518 4055 152 33 wenn
697 4041 494 48 Theatereindrücke
1214 4042 199 47 solches
1440 4057 80 32 ver-

40 4111 206 59 mögen,
271 4123 187 33 unsern
480 4108 398 50 künstlerischen
905 4111 318 48 Besitzstand
1245 4111 298 61 geschaffen

41 4176 104 51 hat.
218 4178 88 49 Bei
342 4179 248 47 manchen
631 4182 203 58 Leuten,
873 4182 87 46 die
994 4184 172 58 später
1207 4180 339 61 Journalisten

40 4248 230 60 wurden,
307 4248 195 49 scheint
535 4251 60 46 es'
627 4250 78 48 ihr
740 4250 136 48 nicht
910 4248 256 64 gelungen
1201 4265 63 33 zu
1299 4253 125 48 sein.
1479 4252 65 46 Es

42 4332 109 32 war
188 4319 113 46 eine
334 4331 140 34 arme
510 4320 124 58 Zeit,
671 4320 84 47 die
790 4324 86 46 ein
910 4320 192 48 reiches
1137 4320 220 49 Theater
1391 4321 151 49 hatte.

41 4386 113 48 Das
203 4386 331 62 Burgtheater
576 4389 302 50 schwindelt
924 4390 109 48 sich
1079 4390 136 48 nicht
1259 4391 158 47 durch
1463 4391 81 48 die

44 4458 199 55 Zeiten;
297 4472 58 32 es
388 4457 136 48 kann
563 4458 134 49 nicht
734 4458 345 62 hochstapeln.
1134 4460 137 47 Aber
1303 4475 56 32 es
1396 4461 148 47 sollte

42 4525 129 48 auch
208 4526 134 48 nicht
375 4527 73 47 als
485 4528 187 47 Bettler
703 4529 98 47 den
838 4529 227 48 Verkehr
1094 4529 230 49 hindern.

37 4771 182 118 Von
259 4774 475 119 teutscher
784 4778 163 115 Art
994 4778 176 117 und
1218 4778 288 117 Kunst

170 4971 132 48 Herr
336 4971 269 49 Professor
638 4973 192 49 Bartels
863 4976 136 48 stellt
1029 4977 81 47 die
1143 4976 282 49 Tatsachen
1459 4977 88 49 auf

43 5037 100 50 den
194 5041 153 61 Kopf,
395 5056 85 33 um
529 5043 152 49 ihnen
727 5043 277 61 bequemer
1048 5049 149 45 unter
1243 5048 85 46 die
1375 5048 170 50 Röcke

45 5109 173 48 fassen
248 5125 62 33 zu
338 5111 230 59 können;
599 5116 146 44 sonst
772 5114 148 47 käme
948 5130 56 32 er
1032 5115 218 49 nämlich'
1277 5118 135 46 nicht
1441 5133 104 33 ran.

46 5175 119 51 Und
203 5179 166 48 dieser
409 5182 159 46 Mann
607 5181 106 49 hält
748 5183 107 48 sich
893 5212 61 5 —
992 5185 78 46 ich
1108 5186 86 48 bin
1233 5190 315 60 wenigstens!

43 5248 227 49 ziemlich
309 5249 99 48 fest
446 5250 167 47 davon
651 5251 278 65 überzeugt
961 5282 60 5 —
1059 5255 82 47 für
1175 5257 213 48 normal.

169 5318 147 47 Seine
356 5319 278 49 vornehkne
676 5321 434 64 Darstellungslart
1148 5352 62 6 —
1249 5326 167 59 „denn
1458 5330 91 45 mit

43 5385 288 50 schlechten
361 5389 208 47 Waffen
599 5391 181 47 dürfen
808 5392 95 49 wir
931 5393 252 49 Deutsche
1214 5396 136 47 nicht
1375 5396 140 62 kämp-

209 5486 61 5 —
308 5459 67 47 ist
416 5457 240 50 innerlich
695 5460 258 63 verlogen,
990 5463 262 56 (äußerlich
1290 5465 256 63 verlogen,

44 5543 133 46 ganz
218 5529 107 47 und
369 5544 94 46 gar
505 5529 256 61 verlogen.

172 5599 65 46 Er
272 5598 154 62 greift
460 5598 107 48 sich
603 5606 97 40 aus:
731 5600 91 46 der
858 5601 533 64 Literaturgeschichte
1427 5606 100 49 will-

43 5667 191 48 kürlich
277 5670 114 46 eine
438 5668 196 48 Anzahl
677 5669 254 60 jüdischer
973 5672 197 48 Namen
1217 5674 185 48 heraus!
1444 5677 106 46 und

43 5736 344 50 beschnüffelt
413 5739 76 47 sie
517 5739 49 47 in
594 5739 91 47 der
710 5739 132 47 allen
872 5740 223 48 Hunden
1122 5744 427 61 eigentümlichen

43 5807 186 50 Weise.
300 5809 157 47 Hatte
496 5823 104 33 nun
638 5810 140 46 einer
811 5820 101 37 von
950 5810 176 49 diesen
1166 5812 164 59 Juden
1366 5813 184 50 keinen

48 5876 193 62 Erfolg,
290 5893 62 32 so
402 5879 127 47 wird
579 5879 93 47 das
725 5878 245 49 natürlich
971 5876 2 67 1
1021 5882 388 61 herangezogen
1474 5885 75 47 als

43 5944 172 49 bester
265 5947 195 49 Beweis
514 5949 81 47 für
643 5950 83 47 die
774 5949 237 61 spezielle
1075 5952 106 46 und
1249 5953 302 61 allgemeine

44 6015 227 59 jüdische
312 6018 318 50 Inferiorität.
701 6020 123 47 War
861 6020 124 47 aber
1023 6020 177 62 Erfolg
1238 6024 311 61 vorhanden,

44 6098 62 33 so
137 6086 67 45 ist
237 6087 244 48 natürlich
513 6089 92 47 der
637 6090 297 47 Betroffene
964 6090 129 48 eben
1128 6093 388 61 „emporgekom-

44 6162 136 51 men,
213 6154 131 49 ohne
378 6157 97 47 daß
508 6159 106 48 sich
644 6159 104 49 ihm
779 6159 86 49 die
894 6160 445 63 Schwierigkeiten
1370 6165 50 46 in
1451 6164 99 48 den

44 6222 136 62 Weg
220 6225 216 60 stellten,
479 6230 92 45 mit
612 6230 165 47 denen
817 6232 95 46 wir
955 6231 255 49 Deutsche
1253 6247 60 33 so
1354 6234 81 47 oft
1488 6248 63 34 zu

44 6291 243 63 kämpfen
634 6300 65 46 Er
745 6301 106 47 läßt
894 6302 110 47 sich'
1048 6302 81 48 bei
1176 6317 61 33 so
1286 6306 266 60 günstiger

45 6363 339 61 Gelegenheit
420 6367 154 48 Leute
608 6371 98 46 wie
742 6370 338 62 Blumenthal,
1115 6385 99 39 von
1249 6374 100 47 den
1386 6375 164 59 Juden

1679 61 324 50 bekanntlich
2048 66 123 45 stets
2222 62 72 48 als
2340 63 92 48 der
2473 61 174 48 wahre
2692 61 240 48 deutsche
2982 61 207 48 Dichter

1679 134 285 62 gepriesen,
2004 132 136 49 nicht
2175 134 271 61 entgehen,
2486 132 105 49 und
2630 132 103 47 ruft
2769 134 93 45 mit
2900 131 256 48 Ueberzeu-

1680 206 340 59 gungstreue:
2067 204 146 58 „Daß
2263 201 320 49 Blumenthal
2628 202 135 47 nicht
2808 201 217 60 Dichter,
3069 216 90 32 son-

1678 272 127 48 dern
1853 273 432 48 Geschäftsmann
2352 275 78 57 ist,
2480 272 128 46 wird
2669 272 133 47 doch
2866 271 175 47 keiner
3103 271 58 47 be-

2024 344 117 46 Und
2204 343 81 46 bei
2348 343 117 47 dem
2530 341 381 62 ungewohnten
2975 340 210 60 Gefühl,

1680 414 159 46 etwas
1872 413 214 47 Wahres
2122 427 58 32 zu
2213 427 178 45 sagen,
2423 412 194 47 wächst
2648 427 57 31 er
2736 410 125 48 über
2889 410 106 48 sich
3028 410 159 48 selbst

1680 481 204 58 hinaus;
1927 482 199 47 klettert
2164 482 226 48 sichtlich
2430 480 91 48 auf
2556 483 177 45 seinen
2772 482 217 59 eigenen
3034 480 151 60 Kopf.

1806 551 117 47 Nun
1972 552 195 46 scheint
2219 566 51 32 es
2324 551 121 48 aber
2490 553 150 45 unter
2687 551 101 47 den
2840 550 163 59 Juden
3056 549 129 48 noch

1678 621 180 47 immer
1892 621 134 48 nicht
2059 636 175 45 genug
2265 620 254 48 schlechte
2552 620 206 47 Dichter
2790 635 62 32 zu
2885 620 182 61 geben,
3102 635 83 31 um

1680 691 147 46 einen
1879 690 363 47 Bartels'schen
2296 692 219 59 Vortrag
2578 689 334 47 auszufüllen.
2994 690 191 46 Darum

1677 756 111 51 holt
1844 775 54 32 er
1949 760 108 48 sich
2115 775 90 32 aus
2261 760 114 48 dem
2429 761 219 59 eigenen
2706 760 161 60 Lager
2920 759 265 48 Zuwachs.

1680 830 210 61 Lindau,
1931 832 121 59 „mit
2090 831 113 47 dem
2241 831 83 47 die
2361 830 300 61 Verjudung
2696 845 210 33 unserer
2942 830 247 48 Literatur

1996 901 90 46 der
2137 915 136 32 arme
2324 899 421 63 protestantische
2797 898 390 49 Pastors-Enkel

1678 970 127 48 muß
1868 970 241 48 zunächst
2175 971 124 46 dran
2364 968 236 64 glauben.
2694 971 150 46 Zwar
2904 969 129 48 wird
3098 971 90 46 mit

1678 1039 279 48 schwerem
2010 1041 199 46 Herzen
2260 1038 314 63 zugegeben,
2623 1040 101 46 daß
2777 1054 53 32 er
2878 1039 307 61 „allerdings

1678 1109 116 49 kein
1829 1111 162 45 reiner
2026 1110 164 60 Jude"'
2227 1111 79 58 ist,
2340 1110 155 60 „aber
2527 1124 55 32 er
2613 1109 88 47 hat
2731 1109 106 47 sich
2871 1109 131 47 dodh
3036 1111 120 45 ziem-

1680 1179 95 47 lich
1818 1182 103 45 rein
1965 1194 112 33 zum
2123 1179 271 60 Jüdischen
2848 1178 144 48 Audi
3031 1178 130 60 Spiel-

1678 1249 186 61 hägen,
1902 1250 123 47 Paul
2061 1250 186 60 Heyse,
2285 1250 143 47 Hans
2463 1248 210 61 Hopfen
2706 1248 180 48 stellen
2919 1249 106 46 sich
3060 1249 125 47 nach

1678 1333 227 46 genauer
1958 1319 394 62 Untersuchung
2399 1318 106 48 und
2556 1318 236 61 Zählung
2839 1318 135 49 ihrer
3025 1318 135 48 Bluts-

1681 1388 201 60 tropfen
1921 1390 72 46 als
2027 1389 217 48 infiziert
2280 1389 205 56 heraus;
2521 1402 100 33 von
2657 1388 225 48 Thomas
2920 1390 158 45 Mann
3111 1404 50 31 er-

1678 1457 111 62 gibt
1834 1458 124 60 sich,
2005 1459 105 49 daß
2169 1460 169 46 seiner
2383 1456 287 49 Vorfahren
2731 1459 132 61 selig
2903 1456 285 50 Uebertritt

1678 1537 113 38 zum
1821 1527 348 48 Christentum
2198 1528 161 47 schon
2388 1527 255 61 ungefähr
2671 1527 217 48 hundert
2917 1527 152 60 Jahre
3097 1541 90 34 vor

1677 1597 190 48 Christi
1921 1597 195 48 Geburt
2169 1597 188 61 erfolgt
2407 1599 86 55 ist;
2545 1597 132 47 doch
2727 1612 109 32 was
2888 1599 129 46 tuts:
3070 1600 115 58 „ein

1679 1667 128 59 Jude
1850 1668 96 46 ist

1804 1735 178 49 Solche
2024 1736 407 62 Spitzfindigkeit
2471 1738 64 46 ist
2572 1736 165 49 sicher
2773 1736 137 48 nicht
2947 1736 89 48 auf
3076 1752 84 46 ger-

1677 1806 310 47 manischem
2034 1807 124 47 Mist
2201 1807 322 60 gewachsen,
2567 1806 132 48 doch
2744 1807 114 60 „ein
2904 1807 283 48 Deutscher

1677 1875 171 48 macht
1891 1876 127 47 auch
2061 1891 93 32 aus
2198 1876 262 60 jüdischen
2502 1876 203 47 Stoffen
3041 1878 144 48 Kann

1678 1945 287 61 überhaupt
2003 1946 141 60 alles,
2189 1946 88 47 der
2321 1946 270 60 Deutsche,
2633 1961 150 33 wenn
2825 1962 57 32 er
2922 1961 96 33 nur
3056 1947 128 48 will:

1678 2015 82 46 die
1804 2016 162 59 Juden
2008 2017 115 45 sind
2167 2016 218 59 „formal
2422 2017 51 59 ja
2513 2029 133 48 ganz
2684 2017 148 61 groß,
2873 2017 124 47 aber
3035 2032 150 32 wenn

1678 2086 79 46 ein
1801 2085 282 48 Deutscher
2120 2086 107 47 sich
2268 2086 116 47 aufs
2427 2086 228 47 Formale
2699 2086 118 61 legt,
2859 2086 134 47 kann
3032 2102 57 32 er
3129 2102 53 32 es

1678 2155 127 46 auch
2268 2157 95 46 Mit
2420 2156 166 46 einem
2647 2156 147 47 Wort
2853 2155 138 49 also:
3069 2156 114 60 „die

1678 2225 226 60 jüdische
1948 2225 481 48 Mitarbeiterschaft
2467 2227 67 47 ist
2575 2226 137 47 nicht
3007 2227 178 47 Zumal

1677 2290 156 51 durch
1885 2296 72 46 sie
2010 2297 79 44 ein
2141 2296 279 60 unruhiger
2470 2295 146 48 Geist
2668 2298 82 56 „in
2992 2296 165 49 hinein-

1674 2363 214 60 kommt,
1928 2365 134 46 denn
2103 2365 112 59 „die
2257 2365 161 60 Juden
2455 2365 116 46 sind
2610 2365 95 47 viel
2745 2365 409 62 neuerungssüch-

1679 2434 127 60 tiger
1838 2434 74 47 als
1945 2436 106 57 wir,
2083 2437 73 44 sie
2186 2437 207 44 müssen
2428 2431 93 50 alle
2554 2449 122 46 paar
2706 2435 148 59 Jahre
2884 2451 108 32 was
3011 2437 171 47 Neues

1953 2503 260 48 Natürlich
2236 2504 115 47 sind
2372 2506 73 46 sie
2468 2504 128 60 „alle
2871 2506 105 47 und
2999 2508 184 61 neigen

1676 2586 63 33 zu
1765 2574 287 59 „gewissen
2079 2573 300 61 politischen
2804 2575 154 48 deren
2984 2576 199 48 Namen

1679 2642 403 61 auszusprechen
2115 2643 88 47 der
2234 2643 322 48 Alldeutsche
2589 2645 243 47 natürlich
2864 2646 135 47 nicht
3029 2649 154 60 wagt.

1680 2712 362 47 Bedenklicher
2087 2713 126 46 wird
2258 2714 94 47 das
2401 2713 281 48 Verfahren
2727 2713 92 49 der
2863 2717 290 46 unzweideu-

1681 2782 136 60 tigen
1852 2782 417 62 Dreideutigkeit,
2301 2798 147 32 wenn
2481 2783 184 48 erklärt
2691 2785 143 59 wird,
2865 2785 101 47 daß
3001 2800 187 45 „unser

1676 2851 274 48 deutsches
1976 2852 131 47 Volk
2133 2852 158 48 durch
2321 2852 318 49 Verbrechen
2665 2854 106 47 und
2797 2855 359 47 Geisteskrank-

1679 2919 168 48 heiten
1873 2922 545 61 heruntergekommen
2585 2923 105 48 und
2712 2923 101 49 daß
2840 2926 146 58 „eine
3010 2926 177 46 Masse

1681 2990 492 49 Volkskrankheiten
2614 2994 124 47 Was
2777 2994 105 47 und
2916 3010 115 32 wen
3069 3011 116 32 man

1678 3061 93 47 mit
1803 3061 164 47 dieser
1998 3061 314 62 Andeutung
2342 3065 172 57 meint,
2545 3063 108 47 läßt
2681 3079 118 31 man
2832 3066 50 47 in
2913 3065 272 47 diskretem

1682 3129 590 62 Bogenlampendunkel.
2333 3132 146 47 Doch'
2503 3133 128 47 wird
2658 3134 83 47 die
2770 3134 279 62 Hoffnung
3073 3150 87 32 aus-

1679 3200 335 59 gesprochen,
2044 3202 98 46 daß
2175 3202 167 58 „wir's
2369 3202 160 47 schon
2556 3203 331 48 überwinden

1679 3269 200 57 „haben
1921 3271 89 44 wir
2049 3271 131 44 doch
2219 3270 85 47 sch
2330 3311 5 5 .
2365 3288 10 28 i
2418 3271 226 47 ähnliche
2687 3274 249 45 Perioden
2976 3274 207 59 gehabt,

1678 3352 86 32 wo
1809 3338 94 48 wir
1949 3338 190 48 wieder
2182 3340 489 63 emporgekommen
2714 3341 131 60 sind,
2893 3342 127 47 nach
3068 3342 115 47 dem

1678 3402 432 70 3reißigjährigen
2157 3409 167 66 Krieg,
2367 3409 130 49 nach
2498 3402 3 73 1
2543 3411 125 47 1806

1807 3478 115 58 „Ich
1951 3479 291 60 (Professor
2266 3480 155 46 Adolf
2447 3480 213 61 Bartels)
2688 3480 212 64 predige
2920 3481 111 48 also
3056 3497 131 46 ganz

1682 3545 147 62 ruhig
1888 3547 96 47 den
2045 3548 187 61 Kampf
2287 3563 166 47 gegen
2506 3549 94 48 das
2658 3551 274 59 Judentum
2990 3552 52 46 in
3097 3552 90 47 der

1806 3685 134 60 Nun,
1976 3686 78 48 ich
2090 3688 222 47 schließe
2348 3688 131 49 mich
2514 3704 94 33 aus
2609 3685 2 60 1
2644 3690 184 48 vollem
2868 3691 201 48 Herzen
3103 3707 82 33 an.

1807 3784 252 60 Berlin,
2104 3784 208 61 Anfang
2357 3786 221 48 Heuerts
2623 3789 126 45 2023

1683 3853 163 61 (Nach
1887 3854 341 47 teutonischer
2265 3856 411 63 Zeitrechnung).

2982 3929 53 49 L.
3070 3930 50 48 L.

1718 4015 99 34 Zum
1841 4018 182 32 Berliner
2038 4018 181 41 Vortrag
2244 4020 68 33 des
2346 4020 134 33 Herrn
2504 4020 211 33 Professor
2738 4023 129 33 Adolf
2886 4024 160 33 Bartels
3070 4034 74 24 aus

1716 4072 183 34 Weimar
1923 4076 101 31 über
2042 4075 214 39 Judentum
2279 4077 79 32 und
2384 4078 190 32 deutsche
2598 4078 208 33 Literatur

1675 4321 180 118 Das
1905 4324 502 139 bespuckte
2457 4324 268 122 Genie

1810 4495 106 48 Das
1946 4496 549 60 Inquisitionstribunal
2523 4497 193 64 gehöre
2742 4501 91 48 der
2860 4503 297 62 Vergangen-

1680 4563 105 49 heit
1819 4580 80 44 an,
1931 4568 145 59 sagte
2109 4582 116 32 man
2259 4570 94 46 mir
2385 4568 255 62 unlängst,
2675 4571 72 47 als
2781 4572 79 47 ich
2893 4573 89 47 auf
3015 4574 175 47 Ferrer

1680 4649 64 32 zu
1779 4635 247 60 sprechen
2063 4636 132 49 kam.
2263 4639 277 47 Wirklich?
2608 4640 136 47 Aber
2780 4644 80 45 ein
2899 4642 291 61 Psychiater

1680 4702 139 49 hatte
1868 4706 50 58 ja
1963 4709 198 58 gesagt,
2213 4707 100 48 daß
2359 4710 83 46 die
2491 4709 180 48 Aerzte
2717 4711 82 47 die
2852 4712 201 50 Richter
3098 4714 92 46 der

1683 4773 227 49 Zukunft
1953 4777 109 45 sein
2107 4778 225 49 würden.
2409 4779 152 47 Diese
2609 4780 324 60 Perspektive
2976 4785 66 46 ist
3086 4786 78 44 ent-

1680 4844 230 48 setzlich!
1985 4845 149 48 Dann
2176 4847 154 47 lieber
2372 4849 519 49 Daumenschrauben
2933 4852 103 47 und
3075 4868 87 46 spa-

1683 4915 172 48 nische
1899 4915 175 47 Stiefel
2118 4916 76 47 als!
2231 4916 83 49 die
2357 4920 366 60 Zwangsjacke
2765 4923 51 48 in
2860 4921 93 48 der
2995 4923 173 48 Isolier-

1680 4982 140 61 zelle,
1872 4985 134 47 denn
2058 4986 89 46 das
2202 4988 257 60 Fangnetz
2505 4988 178 48 beider
2729 4991 64 46 ist
2842 4992 345 62 engmaschig,

1680 5054 76 47 sei
1799 5069 58 32 es
1902 5069 102 33 nun
2053 5071 89 32 aus
2191 5056 354 63 Paragraphen
2589 5059 128 47 oder
2757 5061 432 60 psychiatrischen

1681 5122 252 49 Theorien
1978 5140 317 50 gesponnen.
2371 5129 172 46 Damit
2585 5129 125 48 aber
2750 5131 86 47 die
2876 5131 315 62 Gegenwart

1683 5192 136 49 nicht
1862 5195 140 47 ohne
2046 5196 136 60 Spuk
2226 5198 90 59 sei,
2360 5198 271 48 entdeckte
2672 5214 120 33 man
2834 5203 145 47 eines
3020 5204 169 60 Tages

1680 5264 53 46 in
1769 5264 147 47 Wien
1954 5265 90 47 das
2083 5265 498 63 Unterbewußtsein,
2616 5269 92 48 das
2744 5286 117 32 man
2897 5287 90 32 aus
3022 5275 166 45 einem

1685 5333 160 47 Hirne
1892 5335 176 46 Hiram
2115 5336 153 47 Witts
2313 5340 99 45 wie
2452 5340 149 45 einen
2649 5340 290 49 Blinddarm
2985 5341 177 50 heraus-

1680 5402 201 50 schnitt.
1956 5404 81 48 Ich
2081 5404 181 48 dachte
2302 5410 117 58 erst,
2462 5409 112 47 eine
2617 5424 133 33 neue
2792 5411 254 49 Groteske
3088 5425 101 36 von

1685 5473 199 47 Gustav
1922 5474 232 62 Meyrink
2192 5490 66 33 zu
2294 5476 153 62 lesen,
2487 5479 123 48 aber
2644 5482 134 58 nein,
2821 5481 176 48 Alfred
3038 5485 125 45 Holz-

1680 5541 132 49 bock
1833 5543 153 47 sollte
2008 5543 138 48 recht
2165 5544 253 62 behalten,
2441 5547 100 48 daß
2567 5550 215 48 nämlich
2806 5551 160 49 nichts
2991 5568 168 33 roman-

1683 5610 166 50 hafter
1886 5612 77 48 als
2003 5613 89 48 das
2134 5615 167 48 Leben
2339 5618 89 48 sei.
2500 5618 95 48 Die
2636 5619 409 64 Psychoanalyse
3084 5638 107 35 war

1685 5681 249 49 erfunden
1973 5711 61 6 —
2070 5684 107 47 und
2217 5700 129 33 wem
2389 5702 56 33 es
2482 5689 136 47 nicht
2653 5689 182 49 darauf
2873 5692 201 61 ankam,
3112 5692 79 49 für

1683 5751 83 48 die
1814 5750 211 65 Sitzung
2075 5756 59 45 25
2186 5755 204 49 Kronen
2440 5772 61 32 zu
2549 5758 260 62 bezahlen,
2860 5762 93 46 der
2999 5763 194 48 konnte

1683 5819 122 50 bald
1832 5823 295 63 entdecken,
2156 5825 225 48 welchen
2412 5827 260 50 Reichtum
2702 5844 53 32 er
2781 5832 49 45 in
2855 5833 169 46 seiner
3047 5833 144 48 Seele

1688 5893 128 60 trug.
1900 5893 67 47 Es
2016 5909 108 32 war
2171 5894 186 62 keiner,
2410 5897 113 47 dem
2575 5899 91 45 der
2714 5898 295 62 Analytiker
3056 5903 138 47 nicht

1686 5961 146 47 einen
1869 5963 162 47 Inzest
2063 5965 93 46 mit
2186 5967 166 46 seiner
2385 5966 193 48 Mutter
2608 5968 108 47 und
2746 5969 299 62 Schwester,
3079 5976 112 44 eine

1687 6028 382 52 homosexuelle
2099 6034 150 47 Liebe
2275 6049 63 34 zu
2365 6037 114 46 dem
2510 6037 155 47 Vater
2691 6039 104 46 und
2821 6037 197 51 Bruder
3042 6044 122 46 nach-

1685 6102 191 45 weisen
1915 6102 206 49 konnte.
2191 6103 137 50 Aber
2366 6106 135 47 nicht
2539 6121 174 47 genug
2749 6109 175 49 damit.
2993 6111 81 48 Da
3108 6113 85 50 die

1689 6169 372 50 Untersuchten
2113 6173 106 47 sich
2270 6190 168 46 gegen
2490 6176 259 62 derartige
2800 6179 392 51 Peinlichkeiten

1685 6239 244 61 wehrten,
1976 6241 184 49 welche
2204 6244 81 47 die
2331 6246 201 50 Richter
2572 6246 91 48 der
2703 6247 315 63 Gegenwart
3058 6253 136 48 nicht

1688 6307 188 49 dulden
1907 6310 222 62 durften,
2162 6328 63 32 so
2255 6316 211 47 wurden
2498 6316 81 47 die
2616 6317 200 51 Richter
2843 6320 93 47 der
2967 6322 227 49 Zukunft

1686 6392 64 34 zu
1788 6379 343 62 Nekrophilen
2169 6385 105 46 und
2313 6385 380 62 Nekrophagen
2729 6416 60 6 —
2827 6390 105 47 und
2967 6391 90 48 auf
3092 6393 101 47 den

3326 56 341 51 literarischen
3700 57 323 60 Friedhöfen,
4052 57 83 48 die
4165 59 47 46 in
4244 57 173 49 letzter
4442 59 113 49 Zeit
4578 73 99 36 von
4706 62 90 54 Aas-

3323 130 176 61 geiern
3534 130 109 48 und
3678 127 358 50 lichtscheuem
4074 128 247 47 Gesindel
4356 129 310 60 ausgeraubt
4700 146 95 38 wur-

3323 200 117 58 den,
3473 199 94 48 sah
3601 214 117 32 man
3751 200 82 45 die
3867 197 504 62 psychoanalytische
4406 200 181 59 Hyäne
4617 200 77 49 ihr
4726 202 67 52 Un-

3325 283 173 33 wesen
3540 268 207 49 treiben.

3450 343 265 45 Leonardo
3775 343 67 46 da
3905 343 142 45 Vinci
4109 343 64 45 ist
4230 341 98 47 das
4385 344 209 45 neueste
4654 344 169 61 Opfer.

3329 416 165 46 Herrn
3528 415 270 47 Professor
3829 416 84 48 Dr.
3945 416 248 60 Sigmund
4226 416 162 46 Freud
4417 417 63 46 ist
4510 430 54 33 es
4593 418 233 60 geglückt

3323 489 155 59 „Eine
3518 488 576 61 Kindheitserinnerung
4127 488 95 47 des
4256 489 265 48 Leonardo
4554 491 67 46 da

3328 561 303 61 („Schriften
3666 576 88 33 zur
3788 563 373 60 angewandten
4621 565 124 49 Heft
4775 570 45 61 7)

3323 631 127 48 über
3501 631 370 60 Jahrhunderte
3923 632 206 61 hinweg
4178 647 63 32 zu
4290 632 293 49 entdecken.
4667 635 154 51 Freud

3325 701 149 59 weiß,
3517 701 99 46 daß
3657 702 265 46 Leonardo
3959 703 82 45 ein
4083 701 386 61 „homosexuell

3323 786 242 46 gewesen
3615 772 79 47 ist.
3778 772 163 47 Freud
3992 773 131 46 weiß
4171 772 122 47 aber
4339 772 135 47 noch
4517 773 97 46 viel
4662 776 158 53 mehr!

3327 841 180 59 „Seine
3808 841 279 66 behauptet
4125 857 70 45 er,
4236 844 201 58 „atmen
4477 844 114 46 eine
4625 843 181 61 Mystik
4806 839 3 71 1
4809 889 11 21 ,

3323 912 51 45 in
3415 911 153 47 deren
3607 911 294 47 Geheimnis
3943 912 361 61 einzudringen
4341 927 120 32 man
4496 912 139 50 nicht
4667 921 153 57 wagt;

3323 995 120 33 man
3472 981 135 47 kann
3638 996 53 32 es
3723 981 274 48 höchstens
4028 982 293 59 versuchen,
4352 983 98 46 den
4479 982 256 49 Anschluß
4764 1002 56 35 an

3327 1051 82 47 die
3444 1051 236 48 früheren
3715 1051 365 61 Schöpfungen
4116 1052 295 48 Leonardos

3331 1121 64 46 Er
3430 1123 140 59 wagt
3606 1136 53 32 es
3697 1122 150 60 nicht,
3886 1122 79 46 die
4004 1121 169 47 Bilder
4204 1136 62 32 zu
4301 1122 248 60 betasten,
4585 1123 110 48 weil
4730 1125 87 52 ihm

3323 1193 149 45 sonst
3513 1191 133 47 Herr
3686 1191 156 60 Bode,
3883 1192 92 46 der
4012 1193 144 45 seine
4197 1193 304 48 Kenntnisse
4538 1193 134 47 beim
4716 1194 78 51 Ent-

3326 1260 191 47 decken
3552 1261 94 47 der
3682 1259 299 50 Florabüste
4261 1261 90 48 auf
4384 1261 99 48 den
4521 1261 137 62 Kopf
4691 1262 99 52 kom-

3326 1344 116 33 men
3476 1331 190 48 würde.
3732 1332 65 46 Er
3828 1334 134 59 wagt
3991 1346 59 32 es
4081 1331 149 60 nicht,
4263 1332 156 47 lieber
4448 1332 155 61 greift
4632 1347 54 34 er
4714 1333 105 52 dem

3327 1400 267 47 Leonardo
3634 1415 63 33 an
3738 1402 80 46 die
3856 1401 322 49 Genitialien.
4249 1401 136 47 Aber
4422 1402 244 61 nirgends
4698 1405 124 51 Steht

3324 1468 84 48 bei
3439 1469 118 60 ihm,
3589 1470 99 47 daß
3722 1470 83 47 die
3837 1470 145 48 Flora
4013 1475 80 45 ein
4125 1471 317 62 Stridhjunge
4471 1475 67 46 ist
4565 1471 128 49 oder
4720 1476 100 49 eine

3326 1538 273 60 Lesbierin,
3642 1540 124 47 oder
3804 1555 111 32 zum
3958 1542 287 46 mindesten
4284 1545 82 45 ein
4405 1543 329 49 Transvestit.

3452 1609 131 59 „Die
3613 1609 268 49 Gestalten
3912 1611 116 47 sind
4062 1611 192 47 wieder
4283 1611 399 61 mannweiblich,
4714 1612 106 53 aber

3327 1676 135 49 nicht
3505 1679 145 47 mehr
3693 1681 66 45 im
3806 1680 152 47 Sinne
4005 1681 89 47 der
4138 1681 437 62 Geierphantasie,
4620 1697 54 33 es
4675 1676 2 67 1
4716 1687 102 51 $ind

3323 1746 194 49 schöne
3547 1746 273 64 Jünglinge
3848 1765 100 32 von
3980 1751 289 47 weiblicher
4296 1752 226 49 Zartheit
4549 1752 92 48 mit
4667 1754 128 49 weibi-

3323 1816 155 48 schen
3514 1819 231 60 Formen,
3776 1820 73 47 sie
3879 1818 242 63 schlagen
4154 1822 84 46 die
4266 1821 181 61 Augen
4477 1822 136 47 nicht
4643 1823 174 63 nieder,

3323 1888 225 46 sondern
3600 1886 198 50 blicken
3850 1890 386 61 geheimnisvoll
4292 1892 412 60 triumphierend,
4753 1895 67 48 als

3325 1958 209 47 wüßten
3580 1960 75 46 sie
3702 1974 100 32 von
3849 1961 165 45 einem
4063 1961 198 61 großen
4308 1961 376 62 Glückserfolg,
4729 1977 90 36 von

3323 2027 116 47 dem
3468 2042 120 33 man
3615 2028 292 62 schweigen
3935 2031 121 46 muß
4059 2027 3 63 :
4074 2047 8 41 ;
4112 2031 91 47 das
4233 2030 251 48 bekannte
4511 2032 309 51 berückende

3326 2094 214 50 Lächeln
3574 2097 106 48 läßt
3710 2098 183 64 ahnen,
3926 2100 99 47 daß
4056 2115 55 32 es
4145 2101 79 46 ein
4256 2100 464 64 Liebesgeheimnis
4748 2105 70 50 ist.

3309 2164 242 64 'Möglich
3552 2164 3 64 1
3556 2207 11 20 ,
3620 2168 106 48 daß
3776 2170 265 46 Leonardo
4096 2172 48 45 in
4195 2170 175 48 diesen
4422 2172 265 47 Gestalten
4737 2173 83 51 das

3325 2236 237 63 Unglück
3594 2240 169 46 seines
3800 2239 356 49 Liebeslebens
4192 2240 295 61 verleugnet
4520 2241 105 48 und
4659 2241 135 51 künst-

3323 2306 178 48 lerisch
3557 2308 350 47 überwunden
3964 2310 100 55 hat,
4121 2310 167 47 indem
4345 2326 53 32 er
4448 2311 86 48 die
4582 2313 204 48 Wunsch-

3323 2375 257 64 erfüllung
3618 2379 92 47 des
3752 2393 99 33 von
3892 2380 90 46 der
4022 2381 192 46 Mutter
4252 2381 233 47 betörten
4527 2381 210 50 Knaben
4775 2385 42 49 in

3321 2447 143 46 solch
3486 2448 187 60 seliger
3696 2449 347 61 Vereinigung
4066 2464 99 33 von
4188 2451 336 48 männlichem
4549 2451 105 47 und
4676 2453 142 47 Weib-

3323 2515 177 49 Hchem
3543 2518 188 47 Wesen
4144 2521 292 47 Leonardos
4477 2521 191 47 Mutter
4705 2524 109 47 muß

3324 2586 126 47 auch
3495 2587 125 47 dran
3663 2587 237 61 glauben,
3946 2590 104 45 und
4091 2590 80 46 ihr
4213 2591 321 58 „verzücktes

3324 2657 104 45 und
3463 2656 78 47 ihr
3576 2657 455 60 „sinnbetörendes
4290 2663 164 44 reizen
4489 2661 99 46 den
4621 2662 199 49 Meister

3320 2740 62 32 zu
3418 2726 114 47 dem
3569 2727 246 59 „ideellen
4118 2729 111 47 Nur
4260 2729 104 48 daßi
4395 2731 265 47 Leonardo
4693 2731 121 48 beim

3324 2795 287 62 Stuhlgang
3653 2797 627 63 Wollustempfindungen
4321 2800 191 61 gehabt
4555 2801 128 47 habe
4725 2801 95 49 Und

3323 2865 91 47 der
3445 2866 308 48 Defäkation
3782 2869 139 46 eines
3956 2868 209 48 Pferdes
4198 2869 134 48 nicht
4360 2870 134 47 ohne
4527 2870 290 49 Erektionen

3323 2934 221 49 zusehen
3576 2936 206 60 konnte,
3813 2937 159 48 bleibt
4003 2953 94 32 uns
4132 2942 208 58 erspart,
4372 2940 135 47 denn
4536 2940 150 48 beide
4714 2941 101 48 sind

3326 3003 431 50 Glanznummern
3790 3008 91 47 des
3915 3006 537 63 psychoanalytischen
4489 3011 326 61 Programms.

3452 3075 270 48 Professor
3775 3077 162 47 Freud
3989 3079 130 47 weiß
4176 3078 120 48 aber
4343 3079 128 48 auch
4473 3075 2 66 1
4476 3119 11 20 ,
4538 3081 126 47 daß:
4714 3081 102 60 „die

3324 3145 308 62 Hauptzüge
3659 3147 91 46 der
3775 3148 337 59 organischen
4144 3149 345 49 Konstitution
4518 3154 139 45 eines
4684 3151 99 47 Men-

3322 3213 155 48 schen
3507 3215 159 48 durch
3699 3217 78 46 die
3811 3218 364 61 Vermengung
4205 3219 310 48 männlicher
4545 3220 102 47 und
4676 3221 113 47 weib-

3323 3284 151 45 licher
3501 3286 231 56 Anlagen
3760 3299 64 31 im
3852 3285 293 46 stofflichen
4174 3287 150 45 Sinne
4349 3300 61 33 zu
4438 3287 225 46 erklären
4687 3286 126 58 sind;

3320 3352 84 46 die
3449 3353 463 50 Körperschönheit
3953 3356 96 46 wie
4091 3355 83 48 die
4218 3355 448 62 Link&händigkeit
4706 3357 82 47 Leo-

3324 3422 190 47 nardos
3553 3425 253 59 gestatten
3848 3423 106 48 hier
3991 3425 212 46 manche

3451 3492 67 47 Es
3549 3493 75 47 sei
3660 3493 97 47 den
3796 3493 512 61 Psychoanalytikern
4342 3496 108 46 hier
4484 3495 130 48 noch
4649 3495 168 48 einmal

3323 3564 207 58 gesagt:
3573 3562 104 47 Der
3716 3563 238 50 Künstler
3990 3563 189 49 schafft
4215 3564 334 62 unabhängig
4585 3580 99 33 von
4719 3566 98 47 Zeit

3320 3631 108 47 und
3456 3632 176 50 Raum.
3691 3634 64 45 Er
3776 3633 135 46 kann
3938 3633 413 62 Liebesgedichte
4373 3635 282 60 schreiben,
4679 3647 135 36 wenn

3323 3716 54 31 er
3421 3702 250 60 impotent
3715 3704 78 58 ist,
3838 3704 106 47 und
3989 3703 471 62 Mäßigkeitslieder
4501 3709 66 47 im
4615 3704 185 52 Rausch
4800 3702 4 63 1
4805 3744 9 10 .

3326 3772 64 45 Er
3430 3771 324 48 durchbricht
3797 3773 79 46 die
3918 3773 200 48 Grenze
4160 3773 91 48 der
4291 3774 294 57 Sexualität,
4626 3776 83 48 die
4745 3775 69 47 die

3325 3840 309 60 Psychiatrie
3681 3842 192 62 gebaut
3923 3844 108 57 hat;
4085 3858 56 33 es
4186 3845 113 60 gibt
4344 3845 66 47 da
4456 3845 150 49 keine
4654 3846 160 48 Norm.

3323 3911 111 46 Nur
3475 3912 99 46 wie
3612 3927 56 32 er
3708 3928 55 32 es
3805 3915 91 45 mit
3937 3914 91 46 der
4069 3913 309 49 Defäkation
4420 3913 119 62 hält,
4582 3916 130 48 weiß'
4748 3913 69 52 ich

3323 3978 149 51 nicht.
3550 3982 96 46 Die
3688 3982 294 61 Analytiker
4025 3983 166 48 lassen
4236 3985 244 47 natürlich
4522 3986 82 46 die
4649 3987 167 59 Finger

3323 4049 137 49 nicht
3505 4066 99 33 von
3649 4052 115 47 dem
3812 4052 150 49 Stoff.
4040 4054 145 47 Doch
4231 4056 64 46 ist
4334 4070 55 32 es
4434 4056 121 59 jetzt
4597 4056 122 59 Zeit,
4759 4068 55 37 an

3321 4121 149 46 einen
3516 4121 294 61 Ausspruch
3853 4137 100 33 von
4001 4124 117 48 Karl
4163 4126 160 47 Kraus
4367 4139 62 32 zu
4469 4126 256 46 erinnern:

3450 4191 160 59 „Eine
3641 4193 222 60 gewisse
3900 4193 406 69 Psychoanalyse
4339 4197 67 45 ist
4438 4195 84 48 die
4557 4193 233 49 Beschäfti-

3322 4273 145 48 gung
3514 4259 160 62 geiler
3726 4262 381 61 Rationalisten,
4158 4264 82 48 die
4289 4264 122 48 alles
4413 4259 4 64 1
4463 4267 48 45 in
4560 4264 92 49 der
4697 4263 117 49 Welt

3322 4329 90 49 auf
3443 4331 226 47 sexuelle
3704 4332 260 48 Ursachen
3997 4333 387 61 zurückführen,
4416 4336 91 46 mit
4538 4334 276 48 Ausnahme

3321 4397 135 51 ihrer

3925 4473 53 51 R.
4015 4474 57 49 K.
4119 4473 646 52 Neumann-Lankwitz

3319 4741 159 121 Die
3529 4744 518 140 Eroberung
4091 4771 170 95 von
4312 4747 499 137 Norderney

3507 4938 50 6 —
3589 4914 92 43 und
3703 4915 221 52 Journale
3956 4916 102 44 sind
4087 4930 168 31 unsere
4284 4918 263 55 Festungen
4578 4920 18 51 /
4626 4919 139 44 Heine

3450 4999 96 48 Die
3586 5001 196 47 Herren
3824 5003 88 46 der
3953 5004 226 61 Festung
4665 5004 144 49 haben

3323 5070 83 46 ein
3457 5071 120 47 Fort
3623 5072 49 46 in
3720 5072 299 60 Norderney
4066 5073 246 51 errichtet.
4389 5077 103 45 Zur
4538 5076 274 61 Besingung

3324 5139 167 48 dieser
3524 5144 246 44 neuesten
3805 5142 287 48 Attraktion
4125 5145 176 47 wurde
4334 5146 223 47 Norbert
4589 5145 117 48 Falk
4737 5153 75 37 ans

3325 5210 145 47 Meer
3511 5211 271 60 geschickt.

3451 5280 67 47 So
3564 5280 87 48 tief
3691 5281 136 48 kann
3869 5283 79 46 die
3991 5284 232 46 Nordsee
4265 5284 135 48 nicht
4440 5288 127 57 sein,
4609 5285 101 47 daß
4744 5281 65 48 ein

3327 5350 278 58 Journalist
3633 5366 63 32 an
3726 5352 131 47 ihrer
3886 5353 156 48 Küste
4069 5354 264 48 standhaft
4356 5356 162 46 seicht
4544 5371 63 32 zu
4631 5352 178 50 bleiben

3325 5418 136 49 nicht
3504 5419 142 62 fähig
3688 5424 150 57 wäre,
3881 5423 104 46 und
4026 5438 64 31 so
4127 5424 96 46 viel
4264 5427 77 47 sie
4380 5425 130 48 auch
4553 5425 134 49 lockt
4723 5416 86 53 und

3322 5489 233 61 spiegelt,
3597 5506 53 31 er
3688 5491 137 48 wirft
3862 5493 80 46 die
3980 5492 370 49 Sandschaufel
4386 5496 115 59 fort,
4542 5495 168 48 taucht
4743 5490 67 49 die

3328 5558 159 47 Feder
3534 5560 89 46 tief
3669 5562 48 45 in
3765 5562 98 46 den
3909 5562 428 61 Wellenschaum,
4382 5565 164 48 bricht
4591 5566 79 47 die
4713 5562 73 47 See-

3325 5628 501 61 zungenstummheit
3871 5633 104 46 und
4018 5633 148 47 sucht
4211 5634 261 61 Erholung
4515 5638 50 45 in
4608 5623 175 59 mensch-

3325 5697 153 47 licher
3528 5699 380 50 Beredsamkeit
3957 5717 115 33 vom
4120 5703 397 63 schweigenden
4566 5700 245 52 Genießen

3323 5767 92 48 des
3456 5769 519 52 Ins-Meer-Starrens.

3452 5838 136 47 Aber
3626 5840 79 47 die
3744 5842 288 47 Windstille
4068 5842 91 48 des
4196 5844 190 50 Witzes
4423 5845 154 61 greift
4611 5840 129 53 nicht
4771 5838 40 46 in

3326 5906 80 48 die
3434 5908 254 48 schlaffen
3716 5910 447 64 Gedankensegel,
4192 5914 105 47 und
4325 5915 81 47 die
4434 5907 378 55 Canseriebarke

3324 5975 159 50 bleibt
3517 5981 66 45 im
3622 5980 347 50 Dünensande
4001 5983 93 47 der
4124 5983 436 62 gewöhnlichsten
4597 5981 215 53 Reklame

3324 6048 222 49 stecken.

3454 6119 57 58 Ja
3560 6119 78 46 die
3687 6120 292 60 „Lesehalle
4023 6123 93 47 der
4163 6124 223 47 Berliner

3329 6187 127 47 Dem
3520 6187 380 63 Börsenjobber
3957 6193 126 47 wird
4138 6195 74 46 sie
4268 6195 104 46 den
4429 6191 292 50 Aufenthalt
4770 6186 42 47 i»

3328 6257 300 62 Norderney
3668 6260 229 48 dadurch
3898 6255 2 69 1
3941 6263 368 60 genußreicher
4347 6265 227 59 machen,
4617 6261 94 49 daß
4751 6255 61 47 sie

3329 6327 84 47 ihn
3463 6343 101 32 von
3616 6330 99 47 den
3767 6330 181 48 letzten
4003 6334 197 47 Kursen
4250 6335 94 47 der
4392 6335 195 61 großen
4639 6331 173 48 Börsen

3328 6397 298 63 informiert,
3663 6401 303 61 unzähligen
4003 6402 289 49 Liebenden
4323 6405 113 61 gibt
4466 6408 76 47 sie
4571 6401 125 50 süße
4727 6396 57 46 Ge-
