3243 4572
2643 453 30 56 5

740 464 141 51 Rene
919 459 261 56 Schickele
1231 473 22 23 *
1302 456 182 52 Durch
1524 456 83 51 die
1648 455 189 52 Blume
1878 456 139 51 eines
2058 455 347 66 Privatbriefs

562 662 84 70 Es
693 663 241 68 kommt
978 659 121 70 mir
1129 654 220 70 darauf
1396 685 99 46 an,
1546 656 118 67 mit
1705 654 99 68 dir
1846 653 129 69 klar
2006 684 80 38 zu
2118 653 336 84 sprechen.
2521 653 155 70 Und

470 753 79 69 da
580 756 205 67 meine
820 753 120 75 ich,
983 748 122 70 daß
1146 748 117 77 dir,
1307 746 311 70 nachdem
1662 746 101 68 die
1806 745 453 72 sozialistische
2293 745 383 82 Gesinnung

469 846 227 70 einmal
728 846 274 81 gegeben
1037 869 143 48 war,
1217 840 187 68 kaum
1439 858 188 49 etwas
1662 837 227 70 anders
1930 869 80 38 zu
2054 856 113 50 tun
2212 837 191 78 blieb,
2439 837 90 70 als
2563 838 113 69 der

469 939 199 68 Partei
704 939 381 68 beizutreten
1110 932 135 72 und
1278 934 62 67 in
1378 932 98 68 ihr
1508 930 104 70 für
1644 931 113 69 das
1791 930 168 70 Ideal
1994 963 79 38 zu
2098 931 307 69 arbeiten.
2458 931 71 70 In
2565 932 111 69 der

469 1030 222 69 Partei.
755 1029 127 70 Für
921 1026 101 69 die
1062 1024 225 70 Partei.
1352 1024 131 68 Mit
1523 1024 366 68 Hinnahme
1932 1023 113 71 der
2088 1023 431 71 bestehenden
2552 1024 82 70 Ar-

469 1122 626 80 beitsbedingungen,
1129 1147 183 39 wenn
1357 1118 89 68 sie
1486 1117 163 68 auch
1691 1117 357 69 manchmal
2092 1115 385 75 zweifelhaft
2516 1119 155 78 und,

470 1216 63 67 in
567 1214 110 69 der
708 1212 325 76 Tendenz,
1069 1208 407 72 versklavend
1507 1237 228 41 waren.
1789 1208 307 72 Erinnere
2132 1211 149 71 dich
2314 1241 79 38 an
2430 1211 239 82 Jaures,

468 1306 118 68 den
621 1305 86 68 du
742 1306 180 67 intim
957 1303 270 82 gekannt
1260 1302 159 76 hast,
1455 1331 77 38 an
1566 1299 120 70 alle
1717 1301 392 72 wahrhaften
2138 1301 245 73 Führer
2408 1303 136 69 und
2568 1303 102 69 die

467 1395 422 78 Wahrhaften,
926 1396 99 69 die
1060 1396 176 69 nicht
1276 1424 111 39 zur
1423 1392 306 84 Führung
1778 1393 206 72 haben
2035 1393 305 86 gelangen
2393 1396 277 70 können.

467 1489 81 68 Es
596 1489 135 81 gibt
1028 1494 175 68 keinen
1204 1487 185 78 „Betrieb“,
2419 1493 257 67 keinerfe
1742 1487 287 70 Versuch
2069 1491 173 68 einer
2269 1489 402 84 praktischen

467 1580 445 81 Realisierung,
961 1580 199 69 wobei
1218 1579 136 68 dies
1401 1579 226 68 anders
1676 1592 276 59 wäre...
2021 1583 155 68 Hier
2233 1581 302 69 könntest
2584 1583 87 68 du

463 1670 399 70 einwenden:
889 1672 301 76 „Warum
1211 1673 124 68 bist
1353 1670 88 69 du
1465 1672 169 69 dann
1655 1673 165 68 doch
1846 1674 252 79 einmal,
2126 1702 113 41 vor
2255 1675 146 69 acht
2417 1673 253 82 Jahren,

458 1766 63 64 in
547 1792 138 40 eine
699 1762 199 70 Partei
924 1764 134 68 und
1074 1792 236 41 warum
1328 1764 224 83 gerade
1570 1796 64 39 in
1660 1766 102 68 die
1781 1766 504 71 demokratische
2304 1767 365 70 elsässische

458 1853 199 70 Partei
684 1856 472 80 eingetreten?“
1202 1856 157 71 Weil
1387 1857 102 69 ich
1516 1860 139 67 eine
1672 1856 274 86 Zeitung
1964 1861 435 70 übernehmen
2425 1861 242 80 mußte,

456 1946 102 69 die
590 1946 104 69 für
726 1947 110 69 das
869 1947 187 71 Elsaß
1089 1950 256 82 wichtig
1376 1978 147 52 war,
1568 1950 104 70 für
1704 1981 193 41 unser
1930 1952 212 82 Elsaß,
2176 1952 103 70 für
2312 1955 109 70 das
2457 1954 209 80 Elsaß,

455 2040 113 67 wie
616 2068 112 40 wir
761 2070 87 47 es,
897 2040 255 80 damals,
1203 2042 117 70 alle
1353 2044 213 71 hätten
1617 2045 206 70 haben
1856 2046 248 70 wollen.
2161 2046 306 71 Erinnere
2500 2048 167 78 dich,

454 2161 63 38 es
564 2159 125 41 war
736 2134 136 67 eine
929 2134 291 68 kritische
1268 2133 161 72 Zeit.
1494 2136 133 69 Wir
1673 2138 257 70 wußten
1980 2139 149 70 alle:
2179 2142 322 68 entweder
2557 2142 109 68 das

454 2222 187 68 Elsaß
675 2224 195 69 erhält
903 2228 140 66 eine
1074 2225 392 85 aufrichtige,
1512 2230 138 68 eine
1684 2230 544 83 republikanische
2257 2232 409 80 Autonomie,

453 2314 152 69 oder
637 2345 64 38 es
736 2315 240 69 kommt
1008 2318 111 69 der
1145 2317 218 84 Krieg.
1427 2319 132 70 Das
1593 2351 140 39 eine
1764 2323 153 69 oder
1949 2324 109 69 das
2091 2326 253 68 andere.
2411 2326 156 68 Und
2600 2357 66 39 es

454 2406 119 78 gab
620 2406 181 70 keine
834 2406 137 71 Zeit
1004 2439 77 38 zu
1129 2409 326 72 verlieren.
1518 2412 85 69 Er
1635 2413 267 71 brannte
1932 2446 120 40 uns
2100 2416 110 70 auf
2242 2417 124 70 den
2401 2418 227 83 Finger-

454 2496 241 82 nägeln,
723 2498 202 70 dieser
952 2500 214 82 Krieg.
1216 2502 140 70 Von
1381 2533 259 40 unserer
1659 2505 311 71 Kindheit
1993 2540 79 38 an
2097 2538 126 42 war
2251 2539 66 41 er
2333 2511 100 78 da,
2462 2511 204 70 dieser

455 2586 213 85 Krieg,
718 2619 124 41 war
875 2622 131 38 sein
1039 2592 143 69 Bild
1213 2624 103 39 nie
1363 2625 122 40 von
1519 2627 258 40 unserm
1811 2597 313 74 Horizont
2172 2604 490 81 geschwunden.

447 2679 163 80 Jetzt
641 2683 213 68 wurde
887 2684 99 68 ich
1010 2714 79 38 an
1116 2716 138 39 eine
1286 2688 193 82 große
1504 2686 276 88 Zeitung
1804 2694 160 70 nach
1991 2695 354 84 Straßburg
2369 2696 293 84 gerufen:

446 2770 99 69 ich
595 2773 272 78 glaubte,
931 2777 99 67 ein
1400 2790 223 83 springen,
1624 2778 191 82 handeln,
1816 2784 162 71 helfen
2044 2817 79 38 zu
2537 2790 123 69 Die

446 2859 269 88 Zeitung
740 2895 127 39 war
891 2867 108 70 das
1018 2867 213 83 Organ
1260 2870 112 70 der
1397 2873 544 75 demokratischen
1961 2878 205 72 Partei
2194 2879 327 84 (übrigens
2549 2883 113 70 der

442 2986 284 52 einzigen
775 2959 347 72 deutschen
1175 2963 544 78 demokratischen
1756 2970 226 81 Partei,
2012 2973 100 70 die
2149 2975 102 69 die
2288 2976 372 81 Forderung

445 3047 112 69 der
590 3048 315 87 Republik
955 3084 61 39 in
1056 3056 198 70 ihrem
1288 3057 366 84 Programm
1691 3064 220 90 hatte).
1979 3066 108 71 Ich
2121 3069 219 68 wurde
2373 3086 244 54 automa-

444 3140 160 70 tisch
632 3142 635 88 Vorstandsmitglied
1301 3150 112 70 der
1446 3152 227 72 Partei.

534 3231 85 70 So
647 3234 159 70 habe
825 3236 100 70 ich
953 3238 100 69 die
1071 3241 326 80 politische
1415 3244 334 74 Maschine
1781 3250 135 69 und
1942 3251 177 72 ihren
2137 3251 255 72 Betrieb
2417 3255 200 80 gründ-

444 3323 120 71 lich
600 3325 244 73 kennen
878 3329 241 81 gelernt
1166 3335 135 70 und
1334 3337 116 69 alle
1484 3338 547 87 Demütigungen,
2085 3345 102 70 die
2238 3348 62 69 in
2339 3347 111 70 der
2501 3351 122 66 zeit-

442 3418 281 81 weiligen
757 3420 406 87 Abdankung
1211 3427 112 70 der
1357 3431 369 85 Intelligenz
1763 3437 325 79 bestehen,
2142 3467 152 54 gern
2342 3460 310 63 ertragen.

445 3505 105 70 Ich
583 3511 205 69 wollte
815 3533 186 52 etwas
1028 3519 342 80 erreichen,
1397 3544 119 49 mit
1542 3526 122 70 den
1701 3530 448 71 vorhandenen
2179 3533 284 77 Mitteln,
2492 3563 120 42 wor-

442 3598 108 68 auf
597 3602 99 70 die
746 3603 302 83 Parteien,
1100 3610 116 71 alle
1249 3612 281 75 Parteien
1569 3624 394 78 angewiesen
1998 3625 165 68 sind.
2232 3626 109 69 Ich
2377 3627 147 69 sehe
2573 3627 82 69 da

440 3691 221 72 keinen
694 3701 441 71 wesentlichen
1173 3704 425 76 Unterschied
1643 3715 313 70 zwischen
1991 3718 219 69 deiner
2242 3719 136 70 und
2412 3748 241 42 meiner

439 3784 350 86 damaligen
822 3791 240 73 Bereit-
1094 3799 135 67 und
1264 3798 419 90 Einstellung.
1748 3805 155 71 Und
1937 3809 88 70 du
2058 3810 192 71 weißt
2284 3812 143 69 sehr
2459 3814 189 75 wohl,

435 3875 123 70 daß
592 3879 99 70 ich
742 3884 179 71 einen
958 3886 425 77 Unterschied
1433 3897 160 68 auch
1645 3899 318 81 praktisch
2012 3903 177 69 nicht
2239 3906 206 79 gelten
2499 3904 148 70 ließ.
