3350 4572
1751 434 133 68 Ludwig
1885 434 264 52 Rubiner*
2150 433 230 51 Dichter
2381 428 139 55 Voltaire

809 432 60 61 16

804 661 339 69 empfunden,
1186 661 183 55 immer
1411 683 292 33 zusammen
1745 660 240 67 gesehen.
2044 659 185 56 Nichts
2270 658 110 64 läge
2420 655 110 56 ihm
2569 654 188 66 ferner,
2798 656 72 55 als
2909 655 85 56 die

801 738 161 67 große
995 735 455 65 Gemeinsamkeit,
1483 735 85 56 die
1600 738 85 54 die
1719 735 405 56 Lebensformen
2166 734 122 56 aller
2321 731 90 56 auf
2437 731 93 55 der
2549 730 134 56 Erde
2710 731 281 62 ausmacht,

802 839 65 32 zu
900 825 188 54 stören,
1121 815 72 53 sie
1225 813 163 55 durch
1420 811 283 59 Verweilen
1737 814 83 54 bei
1850 813 306 55 Individuen
2185 833 64 32 zu
2277 806 368 57 durchstoßen.
2678 806 186 56 Nichts
2884 807 110 67 läge

804 894 193 53 seinem
1030 887 190 69 großen
1249 887 141 56 Ziele
1418 887 187 65 ferner,
1635 889 91 62 als,
1760 890 51 53 in
1842 885 408 66 Durchstoßung
2277 885 91 53 der
2396 882 305 66 mächtigen,
2735 882 107 56 ihm
2871 896 123 42 stets

801 969 410 65 gegenwärtigen
1256 965 358 65 Lebensform,
1656 965 315 66 Wirkungen
2013 988 63 30 zu
2117 961 278 61 erreichen,
2450 960 82 54 die
2573 960 108 62 wir,
2735 960 93 54 mit
2867 983 95 31 neu-

802 1045 214 65 zeitiger
1058 1042 491 66 Literatursprache,
1592 1041 163 65 „tief“
1788 1064 203 32 nennen
2027 1039 229 55 würden.
2296 1036 68 55 Er
2404 1036 86 55 hat
2530 1036 147 55 keine
2717 1035 169 57 Tiefe.
2926 1036 70 55 Er

805 1119 218 57 braucht
1064 1119 147 54 keine
1244 1116 168 57 Tiefe.
1455 1117 154 56 Seine
1649 1116 183 58 Werke
1872 1116 117 56 sind
2029 1112 324 57 Oberfläche.
2401 1111 327 63 Oberfläche,
2768 1111 228 66 gebildet

805 1219 101 32 von
947 1196 98 53 den
1087 1194 305 66 unzähligen
1435 1194 211 67 Spitzen
1686 1194 254 55 einzelner
1981 1191 197 62 Leben,
2218 1191 85 55 die
2344 1210 53 34 er
2436 1211 91 33 aus
2568 1187 91 57 der
2697 1187 297 68 gewaltigen

806 1270 319 63 Lebensflut,
1178 1271 85 55 die
1312 1271 83 55 die
1445 1268 136 58 Erde
1630 1280 292 51 umströmt,
1975 1290 97 33 uns
2122 1263 259 58 erblicken
2439 1263 121 56 läßt.
2639 1265 157 56 Diese
2847 1263 149 55 letzte

806 1347 225 65 Rettung
1083 1347 90 55 des
1216 1345 223 66 Lebens,
1479 1346 139 56 diese
1657 1343 235 58 äußerste
1931 1341 322 63 Oberfläche,
2297 1342 66 53 ist
2414 1341 83 54 die
2537 1340 177 57 Größe
2752 1340 109 55 und
2913 1340 84 54 die

805 1422 281 67 Heiligkeit
1111 1421 270 57 Voltaires.
1435 1422 115 56 Nur
1581 1422 109 55 eins
1719 1420 134 57 reißt
1883 1420 88 55 ihn
2004 1421 184 53 immer
2212 1418 189 55 wieder
2433 1439 119 33 zum
2580 1416 270 56 Einhalten
2884 1415 110 63 hin,

804 1522 120 35 zum
973 1498 400 57 unmittelbaren
1412 1497 276 57 Ausdruck
1727 1496 270 56 seelischer
2037 1493 268 68 Vorgänge
2343 1493 109 56 und
2504 1515 120 33 zum
2662 1491 307 57 dichterisch-

806 1575 358 68 persönlichen
1219 1575 291 68 Lyrismus:
1562 1575 89 55 das
1709 1573 278 65 Geistigste
2038 1571 121 56 alles
2211 1594 98 31 uns
2352 1568 453 57 wahrnehmbaren
2837 1567 128 56 Welt-

804 1652 331 66 geschehens,
1190 1653 91 54 das
1334 1651 326 56 Kosmische.
1736 1649 250 56 Voltaires
2044 1646 390 58 unmittelbares
2485 1644 361 68 Aussprechen
2905 1646 91 54 des

807 1728 224 56 Gefühls
1083 1728 211 65 beginnt
1346 1727 82 56 bei
1468 1728 91 54 der
1596 1726 346 56 Astronomie.
2001 1723 57 56 In
2100 1724 192 55 diesem
2335 1722 160 56 Reich
2537 1722 90 56 der
2665 1719 331 59 Abstraktion

804 1806 111 54 und
959 1804 90 54 der
1089 1802 249 66 Ewigkeit
1378 1802 355 66 umschlingen
1776 1799 106 57 sich
1922 1801 84 54 die
2039 1799 239 56 Wurzeln
2331 1818 166 35 seiner
2535 1797 459 57 erdverbundenen

807 1881 110 54 und
945 1882 166 53 seiner
1138 1878 362 57 himmlischen
1528 1878 163 62 Seele,
1719 1877 109 56 und
1855 1900 90 33 aus
1969 1874 139 57 ihrer
2138 1874 186 56 beiden
2356 1873 412 66 Umschlingung
2801 1873 196 55 kommt

805 1957 95 54 der
939 1980 150 39 neue,
1131 1956 92 54 der
1274 1954 229 56 ethische
1545 1953 239 56 Mensch.
1859 1952 227 57 Voltaire
2124 1952 127 54 wird
2302 1973 92 33 zur
2434 1949 202 56 Gestalt
2674 1949 92 56 des
2803 1947 194 67 großen

810 2032 545 61 Menschenänderers,
1404 2032 90 53 des
1539 2029 339 56 universellen
1919 2027 265 57 Politikers
2230 2029 71 54 im
2348 2027 170 56 hohen
2560 2025 438 56 Menschensinne

806 2108 187 55 Platos.
1060 2107 109 54 Der
1202 2105 254 56 kosmisch
1498 2104 248 56 fühlende
1780 2104 219 56 Mensch
2033 2107 63 52 ist
2129 2126 63 33 an
2226 2104 85 55 die
2342 2126 155 43 ganze
2531 2102 133 57 Welt
2704 2100 292 68 gebunden,

810 2184 235 62 Mensch,
1060 2184 93 55 der
1167 2183 107 54 sich
1291 2183 168 54 dieser
1470 2182 135 55 Welt
1620 2179 407 57 verantwortlich
2043 2179 153 64 fühlt,
2211 2180 90 55 der
2314 2179 228 56 ethische
2554 2178 241 56 Mensch.
2817 2178 182 54 Dieser

805 2257 562 68 kosmisch-politische
1402 2258 239 63 Mensch,
1676 2258 92 56 der
1798 2257 91 55 das
1924 2259 175 52 innere
2132 2257 116 54 Bild
2288 2255 92 56 der
2413 2255 185 55 Person
2632 2254 252 56 Voltaires
2916 2255 81 61 ist,

809 2337 177 55 wurde
1020 2337 52 53 in
1107 2335 89 56 der
1235 2335 244 65 geistigen
1516 2331 100 59 Tat
1658 2335 165 54 seiner
1854 2333 199 62 Arbeit,
2088 2333 53 53 in
2182 2331 119 55 dem
2343 2330 414 68 schöpferischen
2792 2329 206 58 Wirken

806 2414 168 53 seines
1026 2410 328 57 öffentlichen
1408 2409 206 56 Lebens
1666 2432 118 33 zum
1834 2408 436 68 Repräsentanten
2324 2408 90 54 des
2466 2406 249 56 stärksten
2771 2404 195 57 Lebens-

805 2488 207 67 gefühls
1064 2488 168 54 seines
1279 2485 397 66 Jahrhunderts:
1729 2508 119 32 zum
1902 2484 415 66 Kosmopoliten.
2394 2483 124 55 Und
2569 2483 108 55 hier
2728 2483 128 55 wird
2907 2483 94 54 der

809 2563 368 57 Schriftsteller
1210 2565 175 52 weiter
1416 2563 109 55 und
1557 2560 183 67 größer
1779 2561 74 55 als
1886 2584 50 31 es
1971 2563 106 52 sein
2114 2560 333 56 Individuum
2488 2560 109 55 und
2637 2561 140 54 seine
2809 2558 189 55 Person

807 2641 84 55 ist.
952 2640 108 55 Der
1097 2638 329 68 Kosmopolit
1459 2639 121 65 ging
1613 2659 90 33 zur
1735 2659 193 43 ganzen
1963 2635 347 56 Menschheit.
2370 2635 67 55 Es
2470 2635 98 66 gab
2607 2634 84 56 für
2723 2634 86 56 ihn
2852 2634 147 54 keine

811 2714 418 68 Sprachgrenzen
1274 2712 160 64 mehr,
1481 2712 146 56 keine
1670 2710 461 63 Ideenschranken,
2174 2710 145 56 keine
2352 2709 461 63 Völkerbarrieren,
2855 2709 144 56 keine

810 2791 549 65 Rassenscheidungen
1503 2810 98 35 nur
1633 2789 135 56 noch
1802 2790 101 53 den
1939 2786 307 57 Menschen.
2310 2787 56 55 In
2403 2786 165 56 dieser
2598 2809 169 32 neuen
2800 2785 108 56 und
2942 2808 56 31 so

807 2866 440 59 leidenschaftlich
1281 2865 257 57 erfühlten
1572 2864 311 57 Erkenntnis
1917 2864 80 66 lag
2029 2866 139 52 seine
2199 2886 131 32 neue
2363 2862 470 66 Unbefangenheit.
2884 2860 117 57 Nur

810 2946 149 53 einen
1000 2941 144 57 Blick
1185 2941 249 58 brauchte
1474 2944 71 53 sie
1585 2940 90 57 auf
1724 2941 99 55 den
1865 2939 134 57 alten
2039 2939 195 57 Ablauf
2270 2940 93 54 der
2401 2939 362 55 wimmelnden
2808 2936 160 57 Unter-

805 3035 183 42 tanen-
1021 3021 109 55 und
1163 3017 340 59 Sklavenwelt
1535 3041 62 32 zu
1639 3033 113 45 tun,
1787 3039 90 33 um
1907 3019 84 52 ein
2024 3015 252 56 Erzittern
2317 3015 417 63 hervorzurufen,
2768 3015 101 54 den
2903 3036 64 33 un-

811 3097 322 65 befangenen
1167 3095 145 57 Blick
1343 3096 92 55 des
1469 3093 266 58 Rebellen.
1798 3095 57 54 In
1889 3095 195 53 diesem
2124 3115 167 33 neuen
2325 3091 146 57 Blick
2509 3091 89 56 auf
2637 3091 83 57 die
2753 3090 213 57 Mensch-

811 3173 107 55 heit
951 3172 297 56 schimmert
1281 3171 159 56 schon
1482 3173 81 54 ein
1599 3171 266 61 Horizont,
1907 3171 93 55 der
2039 3170 51 54 in
2133 3168 193 56 seinem
2357 3166 402 67 Ausschwingen
2803 3167 94 56 mit
2936 3191 62 32 an

811 3250 92 54 der
945 3247 199 57 Gestalt
1186 3248 90 55 der
1315 3247 275 66 folgenden
1633 3245 115 57 Zeit
1798 3245 278 63 zeichnete,
2131 3245 108 55 und
2288 3245 183 55 dessen
2513 3242 489 57 weitschweifender

811 3326 175 65 Bogen
1020 3325 129 55 auch
1182 3347 184 33 unsere
1395 3323 141 66 Tage
1564 3323 132 55 noch
1733 3321 230 58 berührt.
2015 3321 239 63 Voltaire,
2281 3322 92 56 der
2401 3321 254 62 Einsame,
2683 3320 92 55 der
2803 3318 198 62 Rebell,

814 3401 208 56 brachte
1055 3401 93 56 der
1182 3400 330 57 Menschheit
1545 3400 73 55 als
1647 3398 99 57 Tat
1788 3421 137 33 seine
1954 3398 142 56 Idee:
2141 3400 178 54 Damit
2359 3398 71 55 sie
2462 3398 187 56 wieder
2681 3396 101 57 Tat
2815 3396 186 62 werde,

809 3476 283 65 Erhebung
1125 3500 61 32 zu
1220 3500 188 33 neuem
1442 3474 301 64 Erddasein,
1780 3473 404 57 Gemeinschaft.
