3317 4572
1248 489 218 67 Ludwig
1498 489 232 52 Rubiner
1780 507 19 24 *
1988 486 212 51 Dichter
2238 485 228 52 Voltaire

765 487 61 59 12

760 701 101 58 daß
913 724 54 33 er
1018 724 99 33 von
1171 702 100 55 den
1322 699 362 68 Zeitgenossen
1734 699 73 55 als
1858 697 386 67 geistreichster,
2298 693 259 57 boshafter
2609 693 332 58 Unterhalter

759 800 305 45 genommen
1094 778 174 55 wurde
1397 776 238 55 während
1663 798 54 33 er
1743 776 89 54 das
1854 773 327 57 Bewußtsein
2209 773 92 53 der
2321 769 230 56 Zukunft
2579 769 359 57 vorbereitete:

758 856 84 53 ein
875 852 332 57 Auflockerer
1240 854 91 54 der
1365 851 359 57 Gesellschaft.
1784 852 241 54 Inmitten
2060 849 90 55 der
2183 844 496 57 Mißverständnisse
2721 868 88 32 um
2851 845 87 55 ihn

760 933 116 71 (mit
904 931 166 54 denen
1099 929 108 56 sich
1238 928 81 56 die
1347 928 340 56 Gesellschaft
1714 925 267 58 instinktiv
2005 947 160 45 gegen
2195 924 98 54 den
2322 920 271 66 Angreifer
2620 923 320 65 verteidigte,

760 1005 92 56 der
901 1007 71 53 sie
1013 1028 81 33 am
1146 1004 393 66 gefährlichsten
1581 1026 99 32 von
1734 1026 154 32 innen
1943 1002 89 54 her
2084 998 268 71 bedrohte)
2406 1019 101 33 war
2559 998 162 54 dieser
2762 995 179 57 Rebell

760 1080 224 59 Voltaire
1036 1105 56 31 so
1144 1083 212 61 einsam,
1398 1079 100 56 daß
1538 1102 54 33 er
1632 1079 144 56 nicht
1814 1078 187 56 einmal
2041 1075 279 64 entmutigt
2362 1074 202 55 werden
2607 1073 213 56 konnte:
2874 1073 67 56 Er

760 1159 87 55 hat
878 1179 148 45 sogar
1056 1157 85 55 die
1174 1157 329 64 Resignation
1536 1178 92 33 zur
1660 1154 341 66 Atmosphäre
2033 1152 109 54 und
2174 1172 118 33 zum
2326 1152 181 53 innern
2543 1149 199 56 Thema
2777 1150 164 55 seiner

762 1233 354 65 Erzählungen
1148 1232 250 66 gemacht,
1432 1253 89 33 um
1554 1230 196 56 schnell
1789 1229 108 56 und
1938 1226 260 56 strömend
2239 1225 127 55 über
2406 1228 71 52 sie
2515 1225 426 65 hinwegzueilen,

762 1309 111 55 weil
914 1331 55 31 er
1007 1310 82 52 nie
1130 1309 107 53 sein
1280 1306 108 58 Ziel
1427 1305 203 68 vergaß.
1695 1306 125 55 Und
1859 1305 108 55 dies
2007 1306 64 53 ist
2118 1303 81 54 die
2240 1300 180 67 größte
2461 1301 173 55 Kunst
2676 1300 265 64 Voltaires,

760 1385 85 54 nie
896 1384 90 56 das
1026 1383 112 56 Ziel
1188 1385 165 54 seines
1392 1383 273 54 Erzählens
1715 1381 110 55 und
1875 1379 287 61 Erfindens,
2216 1376 131 56 auch
2400 1378 82 53 bei
2535 1378 101 54 den
2687 1376 253 56 kühnsten

760 1460 456 66 Phantasiebögen,
1281 1460 100 55 den
1447 1458 496 67 geschnörkeltesten
2002 1454 470 65 Abschweifungen
2538 1478 63 30 zu
2670 1454 271 56 verlassen.

763 1538 180 54 Dieses
976 1535 111 57 Ziel
1118 1538 67 53 ist
1215 1550 124 42 stets
1371 1534 286 57 ideenhaft:
1689 1533 230 57 Aufruhr
1952 1554 160 43 gegen
2154 1531 82 55 die
2269 1529 307 56 Dummheit
2616 1530 93 55 der
2742 1529 172 56 Gesell-

762 1613 181 62 schaft,
984 1613 298 66 Empörung
1323 1634 159 43 gegen
1524 1611 81 55 die
1649 1607 465 68 Ungerechtigkeit,
2159 1605 195 67 Kampf
2391 1628 159 44 gegen
2592 1606 99 55 den
2734 1605 209 65 Zwang,

760 1690 84 53 die
887 1687 219 64 Gewalt,
1146 1689 83 54 die
1270 1687 274 63 Sklaverei,
1586 1687 84 55 die
1700 1684 342 64 Bedrückung
2082 1682 92 55 der
2204 1682 277 55 Autorität.
2533 1681 140 55 Zwei
2706 1680 208 57 Willens-

760 1775 192 45 ströme
1004 1762 184 58 fließen
1242 1766 50 54 in
1345 1764 163 53 seiner
1562 1761 188 56 Person
1803 1781 320 35 zusammen:
2176 1756 435 64 unaufhörliches,
2665 1757 277 64 unruhiges

763 1840 242 66 Drängen
1072 1841 165 55 dieses
1289 1839 218 62 kleinen,
1564 1839 205 61 dürren,
1834 1835 497 65 trockenknochigen
2397 1834 185 54 Leibes
2649 1834 129 54 nach
2830 1832 85 56 auf-

762 1915 282 56 rüttelnder
1070 1915 304 65 Berührung
1403 1916 93 53 mit
1524 1912 304 64 Menschen,
1858 1912 106 55 und
1992 1912 84 55 die
2103 1911 246 65 Begierde
2383 1910 129 56 nach
2547 1908 396 65 Durchsetzung

762 1992 169 54 seines
980 1994 248 63 geistigen
1282 1990 135 56 Ziels
1458 2004 148 40 unter
1657 1990 99 54 den
1799 1986 306 57 Menschen.
2171 1986 103 55 Das
2326 1986 109 65 gibt
2488 1986 82 53 die
2613 1983 202 56 Gestalt
2856 1985 90 53 des

763 2067 265 55 Rebellen.
1187 2067 123 55 Und
1361 2066 74 55 als
1477 2065 336 56 Grundhebel
1860 2086 90 33 zur
1991 2062 265 56 Rebellion
2314 2063 90 54 der
2443 2061 151 63 Welt,
2644 2061 71 54 als
2768 2061 178 54 letzter

762 2142 323 69 Sprengstoff
1116 2142 90 55 des
1235 2141 220 62 Geistes,
1484 2142 99 52 den
1619 2140 107 55 ihm
1760 2162 138 32 seine
1922 2138 115 55 Zeit
2070 2138 175 63 bietet,
2274 2140 144 53 dient
2444 2137 108 55 ihm
2582 2160 113 30 eine
2724 2135 219 62 Formel,

760 2220 84 54 die
876 2218 293 56 tatsächlich
1200 2218 51 54 in
1279 2217 149 65 jenen
1459 2216 378 56 Generationen
1867 2239 63 31 an
1959 2216 92 53 der
2076 2213 315 66 Zerstörung
2418 2215 137 53 einer
2582 2213 134 55 alten
2747 2212 171 56 Gesell-

759 2293 183 56 schaft’
974 2295 108 53 und
1122 2316 83 32 am
1244 2292 80 56 An
1329 2291 223 56 wurzeln
1593 2292 140 53 eines
1771 2314 168 31 neuen
1983 2289 527 55 Menschenstammes
2562 2288 260 62 arbeitete,
2862 2288 84 55 die

763 2369 227 56 Formel:
1025 2368 269 56 Verstand.
1360 2368 108 55 Der
1501 2367 251 57 Verstand
1784 2369 66 55 ist
1883 2367 83 56 die
2001 2366 339 64 Entdeckung
2380 2367 137 63 jenes
2550 2364 393 65 Jahrhunderts;

762 2446 222 54 Voltaire
1016 2447 64 52 ist
1121 2446 90 53 der
1247 2443 327 66 Kopernikus
1607 2443 164 55 dieses
1803 2465 168 31 neuen
2006 2441 349 67 Weltsystems
2397 2463 118 32 vom
2550 2439 235 56 Denken.
2850 2439 95 55 Ein

760 2522 200 56 solcher
1012 2521 165 54 Mann
1230 2522 174 53 würde
1456 2523 51 52 in
1560 2522 168 52 einem
1779 2519 192 56 andern
2005 2518 344 65 Jahrhundert
2400 2518 90 55 der
2531 2516 415 55 Rebellionsheid

760 2599 141 52 einer
932 2597 225 56 anderen
1190 2597 246 65 geistigen
1468 2593 440 66 Zeitentdeckung
1947 2594 269 64 geworden
2258 2594 133 54 sein:
2434 2592 68 54 Er
2543 2593 138 53 hätte
2712 2613 92 33 zur
2836 2592 111 54 Zeit

762 2674 89 55 des
881 2673 198 55 Athens
1111 2672 91 54 der
1235 2670 345 66 Perserkriege
1611 2669 306 55 sokratlsche
1950 2668 306 55 Erkenntnis
2289 2668 219 65 gelehrt;
2542 2669 70 52 im
2646 2667 300 56 Römertum

760 2753 140 52 eines
941 2748 141 56 Nero
1122 2759 130 45 wäre
1304 2771 55 32 er
1409 2748 80 53 ein
1544 2747 254 66 Sprecher
1847 2747 92 54 der
1985 2744 386 56 urchristlichen
2425 2745 117 55 Idee
2593 2766 245 43 gewesen,
2894 2767 49 30 in

762 2847 218 34 unseren
1023 2824 177 65 Tagen
1243 2823 140 56 hätte
1422 2844 53 33 er
1516 2823 88 53 das
1646 2820 231 56 einfache
1920 2819 175 56 Leben
2148 2820 107 55 und
2308 2820 102 54 den
2461 2818 296 56 staatlichen
2796 2819 120 55 Anti-

763 2902 349 54 militarismus
1148 2900 222 55 Tolstois
1406 2899 285 65 verteidigt.
1743 2898 167 54 Dabei
1943 2898 148 53 stand
2126 2918 53 33 er
2211 2895 249 56 zwischen
2495 2898 125 52 zwei
2651 2894 295 63 Zeitaltern,

762 2978 108 54 und
904 2978 89 54 das
1035 2977 194 67 spricht
1270 2999 89 32 aus
1399 2975 131 55 allen
1572 2973 178 67 Zügen
1792 2975 165 54 seines
1992 2973 226 54 Lebens:
2273 2970 67 57 Es
2382 2993 103 33 war
2523 2974 114 52 eine
2677 2971 269 55 Rebellion

762 3057 50 52 in
847 3054 268 55 höchstem
1149 3051 196 58 Luxus.
1398 3051 164 55 Wenn
1599 3073 53 32 er
1684 3051 82 54 die
1799 3049 339 56 Gesellschaft
2166 3049 167 55 seiner
2358 3046 114 56 Zeit
2505 3046 292 56 auflockern
2828 3048 119 62 will,

763 3129 216 56 braucht
1017 3152 55 32 er
1112 3130 92 55 sie.
1257 3128 165 56 Wenn
1465 3151 52 31 er
1558 3128 84 53 die
1672 3125 259 56 Autorität
1963 3125 298 56 vernichten
2308 3125 116 61 will,
2467 3124 125 54 muß
2632 3145 54 33 er
2726 3147 98 30 von
2869 3124 80 54 ihr

763 3205 283 56 anerkannt
1080 3209 127 52 sein.
1268 3204 165 56 Wenn
1469 3224 52 34 er
1555 3227 99 30 von
1690 3201 335 64 Herrschern,
2060 3201 85 55 die
2178 3223 53 32 er
2265 3199 280 68 bekämpft,
2580 3201 108 54 und
2724 3224 98 31 von
2857 3200 92 55 der

765 3280 356 62 Gesellschaft,
1164 3281 83 54 die
1299 3302 53 31 er
1394 3279 273 61 verachtet,
1720 3278 72 54 als
1834 3276 207 66 Gegner
2093 3276 365 65 ihresgleichen
2514 3276 276 55 behandelt
2841 3279 106 51 sein

725 3402 11 11 .
765 3358 117 60 will,
918 3379 145 32 wenn
1097 3379 53 32 er
1182 3356 95 55 frei
1310 3358 107 53 sein
1453 3355 119 61 will,
1609 3352 123 56 muß
1766 3375 54 32 er
1859 3352 405 66 bewegungsfrei
2305 3354 125 61 sein,
2472 3351 136 55 reich
2651 3354 126 52 sein.
2836 3350 113 57 Wie

763 3434 81 53 ein
877 3431 319 57 Abenteurer
1244 3435 186 52 nimmt
1478 3454 52 33 er
1572 3432 105 54 sein
1720 3430 221 65 adeliges
1971 3430 325 67 Pseudonym
2324 3452 89 39 an;
2442 3431 93 52 wie
2568 3429 80 53 ein
2673 3427 276 56 Wucherer

760 3507 154 56 treibt
947 3530 53 32 er
1031 3507 579 68 Börsenspekulationen
1652 3506 107 55 und
1800 3506 194 55 scharrt
2034 3506 80 53 ein
2151 3505 287 65 Vermögen
2480 3526 312 33 zusammen.
2851 3502 96 56 Ein

765 3584 240 63 Mensch,
1040 3585 91 53 der
1163 3587 107 52 sein
1306 3584 177 55 Leben
1519 3586 80 52 ein
1633 3582 275 66 Jahrzehnt
1941 3604 91 33 vor
2063 3584 118 54 dem
2223 3581 192 66 großen
2458 3580 489 67 gesellschaftlichen

765 3661 246 56 Umsturz
1052 3662 164 54 seines
1266 3660 371 66 Jahrhunderts
1682 3657 261 64 beschloß,
1991 3660 89 53 der
2124 3660 82 53 die
2251 3657 342 56 französische
2641 3655 306 57 Revolution

762 3737 71 55 als
868 3736 253 57 Tatsache
1153 3736 141 55 nicht
1328 3736 145 56 mehr
1505 3736 193 56 erlebte
1731 3736 109 55 und
1874 3750 93 39 mit
2000 3736 166 55 einem
2207 3733 465 66 ungeheuerlichen
2710 3732 236 55 Glauben

763 3838 63 30 an
863 3813 139 54 seine
1036 3810 150 57 Kraft
1218 3812 96 55 alle
1345 3812 337 65 Umwälzung
1712 3810 370 56 menschlicher
2110 3810 347 56 Verhältnisse
2489 3808 87 56 auf
2606 3811 139 52 seine
2772 3811 177 62 eigene

763 3890 190 56 Wucht
988 3891 106 53 und
1129 3888 90 56 auf
1251 3890 139 53 seine
1422 3892 175 62 eigene
1632 3888 188 55 Person
1854 3886 199 67 gestellt
2086 3887 155 55 sehen
2277 3885 202 57 mußte!
