3371 4572
1532 465 142 50 Rene
1706 456 266 57 Schickele
2021 477 23 21 *
2095 454 209 67 Weißes
2341 451 144 51 Brett

901 470 72 58 48

988 684 150 59 Mein
1182 682 211 58 Freund
1434 680 68 55 ist
1540 678 117 55 eine
1690 674 229 56 ehrliche
1962 672 162 61 Haut,
2168 666 109 58 und
2319 687 54 33 er
2414 660 103 57 will
2552 660 74 53 sie
2657 655 146 57 nicht
2843 654 276 56 wechseln.

908 764 70 55 Er
1011 760 163 56 findet
1208 762 72 53 sie
1313 758 179 61 schön,
1526 776 55 34 er
1614 753 89 54 hat
1745 750 111 56 sich
1891 749 145 55 darin
2080 741 277 69 eingelebt,
2401 759 195 34 warum
2636 733 150 55 sollte
2822 753 71 40 er,
2937 731 181 54 mitten

910 843 74 53 im
1017 839 292 60 Unwetter,
1336 837 79 53 ins
1445 833 146 54 Freie
1632 830 110 55 und
1776 832 79 53 ins
1884 825 306 66 Ungewisse
2225 820 222 55 hinaus?
2504 811 181 63 Nicht,
2728 810 72 56 als
2842 810 69 53 ob
2952 829 54 33 er
3039 830 81 31 ein

914 915 319 68 Ungeheuer
1271 936 64 33 an
1364 907 341 69 Bequemheit
1737 915 149 52 wäre,
1929 924 53 33 er
2009 901 162 64 hängt
2199 918 99 33 nur
2324 918 65 30 an
2420 891 178 55 seinen
2626 887 205 55 kleinen
2856 887 228 53 Gewöhn-

913 994 194 62 heiten,
1150 990 110 57 und
1301 1010 54 32 er
1397 985 131 57 sieht
1560 982 163 64 nicht,
1766 980 101 57 daß
1908 981 72 53 sie
2021 974 164 58 durch
2220 973 102 55 den
2355 969 160 64 Krieg
2557 965 110 55 ihre
2695 965 277 54 Unschuld
3013 982 81 31 ein-

914 1069 197 69 gebüßt
1152 1067 186 57 haben.
1380 1063 69 57 Er
1489 1059 160 58 besaß
1691 1063 74 53 sie
1804 1058 163 57 schon
1997 1075 91 35 vor
2116 1054 121 54 dem
2268 1047 179 65 Krieg,
2491 1065 54 35 er
2571 1042 187 56 besitzt
2786 1063 90 38 sie,
2918 1040 206 61 solange

915 1171 55 33 er
1013 1144 200 58 denken
1256 1141 152 56 kann.
2739 1194 9 10 •
2786 1192 27 28 l
2907 1190 28 30 l
3030 1188 28 32 j
3095 1186 31 34 ß

995 1223 87 56 Ich
1125 1220 133 57 liebe
1300 1218 108 63 ihn,
1450 1215 139 56 denn
1630 1237 55 33 er
1724 1214 66 53 ist
1831 1213 137 53 mein
2013 1205 227 57 Freund.
2283 1202 69 55 Es
2394 1202 256 53 schmerzt
2679 1202 140 46 mich
2848 1202 136 50 sehr,
3027 1202 101 42 dau

917 1301 94 55 ■wir
1050 1298 147 56 nicht
1238 1295 145 56 mehr
1413 1290 328 58 Kameraden
1770 1289 133 56 sind.
1945 1285 182 56 Sicher
2160 1280 155 56 leidet
2354 1299 54 33 er
2437 1274 146 55 nicht
2610 1272 223 64 weniger
2866 1267 262 61 darunter,

918 1376 74 58 als
1034 1374 102 56 ich.
1194 1370 231 58 Deshalb
1465 1369 171 56 haben
1679 1366 92 55 wir
1812 1365 97 53 seit
1939 1362 253 55 Monaten
2227 1376 101 33 nur
2367 1351 135 56 noch
2545 1347 218 65 abseitig
2792 1346 341 55 voreinander

920 1451 409 65 monologisiert,
1371 1462 154 41 unter
1553 1446 122 55 dem
1702 1439 278 62 Vorwand,
2024 1435 102 57 daß
2166 1434 93 55 wir
2300 1450 185 36 unsere
2516 1426 321 65 Gegensätze
2876 1422 256 60 achteten,

923 1533 53 53 in
1018 1526 360 60 Wirklichkeit
1437 1547 91 34 aus
1568 1520 186 66 Angst,
1812 1515 248 57 einander
2100 1535 64 32 zu
2206 1507 268 61 verlieren,
2537 1526 149 33 wenn
2729 1521 109 41 wir,
2894 1520 102 33 was
3035 1517 100 33 uns

920 1620 224 49 trennte,
1186 1606 109 54 eins
1335 1600 115 58 aufs
1489 1599 192 57 andere
1722 1594 254 57 zwischen
2018 1613 99 31 uns
2156 1586 89 57 auf
2249 1585 274 56 richteten.
2575 1580 250 56 Konnten
2867 1595 92 34 wir
2998 1578 98 49 doc

923 1682 146 58 nicht
1108 1680 246 61 absehen,
1409 1677 96 55 wie
1559 1672 135 57 hoch
1751 1672 85 55 die
1892 1669 202 59 Mauer,
2150 1662 317 67 geschweige
2521 1657 139 55 denn
2711 1676 103 33 was
2867 1675 52 30 in
2970 1653 165 51 dieser

926 1755 509 70 Abgeschiedenheit
1474 1775 92 33 aus
1606 1770 214 36 unserer
1862 1740 379 61 Freundschaft
2282 1736 196 57 wurde.

1004 1836 108 55 Das
1166 1836 213 54 dauerte
1408 1830 235 61 Monate,
1699 1849 55 32 es
1807 1825 213 56 dauerte
2061 1820 80 54 ein
2185 1816 141 68 Jahr.
2392 1811 223 58 Endlich
2658 1821 141 52 sagte
2838 1811 109 49 ich.
2991 1811 148 56 ~Wir

929 1912 183 56 wollen
1157 1907 340 59 miteinander
1536 1902 291 69 sprechen“
1869 1898 109 56 und
2020 1893 223 57 erzählte
2281 1892 110 56 ihm
2419 1890 172 54 meine
2620 1883 335 56 Geschichte.

1007 1987 70 56 Er
1119 1989 147 54 hörte
1308 1986 74 53 sie
1420 2008 83 36 an,
1547 1981 135 53 ohne
1723 2003 65 30 zu
1830 1990 293 44 erstaunen,
2164 1992 54 33 er
2259 1968 191 55 kannte
2490 1966 73 53 sie
2596 1963 66 66 ja,
2705 1962 110 53 und
2843 1962 84 52 ich
2955 1962 187 60 glaube

932 2066 165 61 nicht,
1139 2061 102 58 daß
1284 2063 73 53 sie
1399 2060 107 54 sein
1549 2051 526 62 freundschaftliches
2118 2044 198 60 Gefühl
2358 2044 150 55 einen
2551 2038 234 65 einzigen
2814 2033 330 67 Augenblick

932 2145 235 54 verwirrt
1206 2140 108 54 hat.
3083 2184 35 12 ~

1011 2217 127 64 „Ich
1181 2214 103 57 will
1324 2214 84 55 die
1449 2209 165 56 Sache
1671 2206 135 55 noch
1849 2203 186 56 einmal
2091 2196 426 61 durchdenken,“
2573 2204 145 50 sagte
2766 2210 71 40 er,
2898 2208 128 42 „um
3066 2196 80 43 dir

934 2298 51 55 in
1027 2296 93 55 der
1159 2291 233 58 denkbar
1434 2288 179 56 besten
1658 2282 157 57 Form
1855 2305 64 32 zu
1961 2284 343 53 antworten.“

1014 2367 420 60 Durchdenken:
1475 2386 56 33 er
1572 2361 185 68 sprach
1792 2382 53 32 es
1886 2381 111 38 aus,
2039 2352 198 58 worauf
2277 2375 52 30 es
2371 2348 206 57 ankam.
2634 2345 89 54 Ich
2767 2345 84 51 bat
2886 2345 110 58 ihn,
3038 2345 110 47 sich

938 2474 57 30 so
1049 2467 91 36 vor
1191 2446 102 54 den
1335 2439 208 69 Spiegel
1583 2436 87 57 auf
1674 2434 268 61 zusteilen,
1999 2432 75 54 als
2131 2429 67 56 ob
2239 2450 54 31 er
2334 2424 128 62 sich,
2522 2443 90 32 vor
2654 2418 109 57 sich
2806 2417 177 61 selbst,
3039 2415 110 54 und

938 2549 129 43 ganz
1108 2522 150 57 allein
1299 2521 102 54 den
1442 2514 195 57 Prozeß
1680 2512 221 61 machte,
1944 2512 150 52 einen
2126 2503 212 63 Prozeß,
2381 2502 84 56 bei
2507 2519 119 35 ciem
2655 2518 54 33 er
2738 2493 148 57 beide
2916 2493 233 54 Parteien

938 2605 55 53 in
1049 2601 167 54 seiner
1268 2597 192 55 Person
1520 2605 300 49 vereinigte,
1879 2584 248 57 wodurch
2197 2577 474 62 Verheimlichung,
2733 2570 419 64 Beschönigung,

941 2674 366 63 absichtsvolle
1351 2671 244 64 Färbung
1636 2668 110 53 und
1787 2662 378 58 Rechthaberei
2206 2659 146 53 ihren
2395 2657 131 53 Sinn
2569 2650 254 57 verlören.

1020 2753 90 57 Als
1162 2752 82 54 ich
1280 2749 89 55 ihn
1412 2743 298 62 wiedersah,
1774 2739 196 56 merkte
2011 2737 82 57 ich
2133 2757 83 33 am
2251 2730 305 68 sieghaften,
2611 2730 82 52 ein
2744 2745 167 44 wenig
2954 2735 199 52 spitzen

946 2830 270 57 Leuchten
1258 2846 167 36 seiner

945 2907 102 58 daß
1088 2909 139 54 mein
1263 2904 246 64 Drängen
1550 2899 93 55 ihn
1682 2917 100 34 nur
1823 2892 266 57 veranlaßt
2131 2889 157 61 hatte,
2330 2907 142 34 seine
2505 2881 152 56 Rolle
2695 2879 90 56 auf
2831 2879 115 53 ihre
2987 2879 136 53 Wirk-

947 2983 217 58 samkeit
1205 3005 63 31 zu
1310 2978 187 68 prüfen
1554 2974 111 56 und
1705 2975 73 54 sie
1820 2994 63 32 zu
1917 2965 270 59 vertiefen.
2267 2961 70 58 Er
2376 2960 129 55 hielt
2546 2960 83 53 ein
2671 2952 313 69 glänzendes
3025 2952 108 54 Plai-

947 3064 178 66 doyer,
1168 3060 92 55 das
1299 3079 122 34 vom
1460 3068 169 41 ersten
1672 3050 118 56 Satz
1831 3072 64 32 an
1939 3068 140 33 seine
2103 3038 438 59 Absichtlichkeit
2580 3033 282 58 ausschrie.
2923 3033 69 52 Er
3020 3033 141 49 hatte

951 3140 108 55 sein
1101 3158 185 46 ganzes
1327 3133 222 61 Wissen,
1608 3130 109 54 sein
1773 3148 185 43 ganzes
2001 3119 197 58 Gefühl
2254 3115 133 57 nach
2424 3113 358 66 Argumenten
2838 3106 324 57 durchsucht

954 3217 109 56 und
1105 3213 162 56 damit
1305 3213 167 53 seiner
1503 3199 624 71 Voreingenommenheit
2168 3196 81 55 ein
2281 3194 147 56 Haus
2456 3190 208 67 gebaut,
2707 3185 93 57 das
2829 3187 115 53 eine
2977 3184 155 54 unein-

952 3290 285 59 nehmbare
1270 3287 230 63 Festung
1539 3285 109 54 sein
1691 3280 165 56 sollte.
3073 3333 20 31 T
3130 3332 12 24 ,

1032 3369 89 56 Sie
1161 3387 102 34 war
1304 3388 52 31 es
1395 3361 152 56 auch.
1590 3356 232 59 Deshalb
1850 3368 73 42 tat
1957 3351 103 64 ich,
2103 3353 95 53 wie
2226 3347 85 56 ich
2352 3368 91 34 vor
2470 3345 142 66 jeder
2641 3345 229 60 Festung
2911 3353 109 39 tue.
3076 3345 87 44 ich

957 3444 188 69 grüßte
1187 3441 159 56 voller
1378 3436 236 59 Einsicht
1655 3436 100 55 den
1790 3427 369 72 geschweiften
2202 3422 215 59 Rücken
2451 3422 93 55 der
2573 3417 180 64 Welle,
2787 3416 85 56 die
2900 3414 263 55 schweren

956 3520 180 67 Riegel
1176 3520 136 55 ihrer
1354 3516 156 63 Tore,
1545 3514 112 54 ihre
1686 3510 223 57 Gründe
1949 3506 109 56 und
2086 3502 289 68 Abgründe
2409 3497 102 59 voll
2544 3496 256 56 Kanonen
2831 3491 110 57 und
2969 3491 196 53 andern

960 3595 432 66 überzeugenden
1422 3589 307 62 Gedanken,
1770 3585 85 57 ich
1890 3584 99 66 gab
2019 3581 156 56 ihnen
2204 3580 91 54 das
2324 3571 307 69 Schauspiel
2660 3572 92 55 des
2779 3565 388 72 jämmerlichen

961 3676 255 65 Gegners,
1247 3674 91 53 der
1365 3671 100 55 den
1496 3669 183 56 Sturm
1708 3662 143 58 nicht
1879 3659 191 58 einmal
2098 3656 259 62 versucht,
2395 3650 257 59 schamlos
2681 3647 203 56 machte
2912 3645 82 56 ich
3024 3645 147 53 kehrt

961 3754 111 56 und
1114 3773 95 41 zog
1249 3749 66 56 ab
1355 3772 65 31 zu
1460 3748 102 54 den
1599 3742 171 58 Lilien
1809 3740 75 55 im
1914 3737 125 56 Feld
2081 3735 109 57 und
2231 3734 102 54 den
2363 3728 197 68 Vögeln
2591 3741 153 41 unter
2771 3725 121 54 dem
2919 3721 252 56 Himmel.
