3566 4414
1739 165 109 52 146

168 304 108 51 Von
301 305 295 51 Gemeinheit
625 305 55 50 ist
709 323 51 32 er
790 305 252 67 allerdings
1067 310 313 50 vollkommen
1411 310 102 62 frei,
1545 312 118 49 aber
1692 314 43 48 in

163 384 114 52 dem
323 402 176 49 ganzen
554 384 250 60 „Paradies
847 385 96 51 und
1171 390 59 50 ist
1273 390 140 50 kaum
1457 390 103 51 eine
1603 393 132 48 echte

167 465 205 51 Melodie
402 464 283 52 vorhanden.
745 465 114 51 Wie
888 466 154 51 Heine
1086 486 84 33 von
1202 470 148 49 einem
1383 470 268 59 Paradiese,
1689 472 46 49 in

169 544 229 51 welchem
427 543 83 49 der
534 544 150 51 Baum
715 544 83 49 mit
828 544 83 51 der
934 546 283 53 verbotenen
1242 548 178 51 Frucht
1451 549 129 61 fehlt,
1608 559 127 57 sagt:

181 625 127 59 „Das
350 624 57 48 ist
450 624 104 49 kein
593 625 155 50 echtes
1105 644 50 35 so
1198 629 180 48 scheint
1421 630 120 50 auch
1585 632 148 49 Schü-

374 703 237 58 Paradies,
642 704 153 51 wobei
821 704 75 52 die
919 705 199 51 Melodie
1148 708 102 49 eine
1279 708 254 52 verbotene
1559 710 176 50 Frucht

171 784 73 61 ist,
273 783 108 49 kein
413 784 155 49 echtes
597 802 55 31 zu
680 785 113 50 sein.

289 863 80 49 Ich
412 864 79 48 für
534 864 152 49 meine
729 867 174 49 Person
950 867 190 64 gestehe
1181 868 143 59 offen,
1374 868 103 51 dass
1523 870 86 49 mir
1653 870 81 50 das

171 941 157 53 Werk
360 941 235 51 durchaus
624 944 127 50 nicht
778 954 177 59 zusagt,
987 947 92 48 und
1110 947 73 49 ich
1216 948 77 49 bin
1325 949 273 67 überzeugt,
1630 950 104 50 dass

169 1021 75 50 ich
273 1023 121 49 nach
425 1021 82 50 der
536 1024 212 51 sechsten
779 1025 114 50 oder
915 1024 237 52 siebenten
1178 1028 266 66 Anhörung
1475 1030 118 50 noch
1625 1030 79 50 der-

169 1100 159 51 selben
360 1103 226 67 Meinung
615 1104 95 48 sein
743 1105 178 57 würde,
953 1105 86 49 wie
1071 1105 155 52 heute.
1286 1108 156 49 Indess
1479 1110 57 49 ist
1575 1127 46 33 es
1653 1110 52 50 be-

169 1180 165 60 kannt,
378 1180 104 51 dass
512 1181 84 51 der
624 1184 189 48 Mensch
850 1184 95 50 sich
977 1202 72 32 am
1084 1185 134 50 Ende
1247 1204 58 33 an
1336 1189 126 48 Alles
1491 1189 242 66 gewöhnt,

171 1260 97 50 und
298 1277 50 33 so
381 1278 110 50 mag
520 1278 47 33 es
597 1263 117 49 auch
745 1264 113 56 sein,
897 1263 104 49 dass
1039 1265 103 50 eine
1171 1267 137 67 lange
1339 1267 395 53 Vertraulichkeit

172 1340 120 51 auch
325 1341 83 49 mit
442 1343 249 57 „Paradies
722 1343 92 49 und
1021 1345 238 51 aussöhnt.
1294 1348 93 48 Vor
1418 1349 113 50 zehn
1555 1350 176 50 Jahren

171 1419 186 51 schrieb
399 1421 128 50 einer
573 1439 193 33 unserer
808 1424 248 66 Collegen:
1098 1427 90 57 „Es
1231 1427 57 49 ist
1333 1428 71 49 ein
1451 1429 153 51 Werk
1644 1430 87 50 voll

173 1500 149 50 Genie
367 1499 92 51 und
505 1502 321 59 Geisteskraft,
866 1503 163 53 dessen
1073 1505 312 51 Schönheiten
1427 1509 94 50 sich
1565 1510 168 50 immer

172 1579 136 50 mehr
327 1579 237 51 enthüllen
590 1582 208 59 werden,
823 1583 47 66 je
899 1584 122 50 öfter
1044 1602 106 32 man
1181 1602 47 33 es
1433 1589 296 50 —während

172 1659 73 50 ein
275 1658 216 51 Anderer
520 1668 156 58 sagte:
718 1662 176 58 „nichts
936 1664 65 50 sei
1046 1664 149 50 leerer
1239 1683 57 33 an
1326 1667 267 67 Erfindung
1636 1669 94 50 und

173 1739 113 50 aller
308 1739 367 51 verständlichen
701 1743 141 49 Form
875 1743 103 58 bar,
1009 1743 269 70 überhaupt
1300 1763 49 33 so
1373 1749 360 60 uninteressant,

174 1818 88 49 wie
291 1834 109 35 man
428 1820 146 50 selten
604 1828 146 43 etwas
1060 1825 127 58 Nun,
1225 1825 73 51 die
1330 1827 257 52 Wahrheit
1615 1829 118 50 wird

176 1899 123 50 wohl
327 1899 45 50 in
403 1898 84 51 der
516 1902 132 48 Mitte
677 1902 167 67 liegen.
981 1904 87 50 Ein
1099 1905 181 51 Dritter
1321 1907 100 50 half
1452 1909 94 48 sich
1584 1909 147 50 durch

174 1978 248 65 folgenden
445 1979 314 51 Lakonismus
789 1998 81 34 aus
901 1983 84 49 der
1007 1984 243 67 Schlinge:
1292 1987 110 57 „Dr.
1425 1988 309 51 Schumann's

176 2058 196 49 Cantate
423 2060 56 49 ist
529 2060 108 50 sehr
692 2062 126 66 lang,
873 2063 65 49 sie
981 2062 195 53 dauerte
1222 2065 95 50 drei

172 2135 79 68 (D.
278 2137 162 50 Peters
469 2138 110 68 Esq.
609 2139 47 51 in
1208 2137 131 54 Mus.
1559 2139 170 53 World.
1061 2143 81 51 Nr.
1180 2143 69 52 10
1279 2162 103 33 vom
1420 2147 84 50 10.
1536 2147 159 68 März.)

300 2377 57 49 11.
381 2377 69 48 Im
469 2383 152 44 ersten
635 2378 456 67 philharmonischen
1107 2383 228 51 Concerte
1353 2384 173 52 bildete
1550 2388 30 48 S
1593 2403 23 32 c
1631 2387 27 49 h
1675 2406 28 30 u
1716 2417 18 8 -

179 2457 210 48 mann's
430 2457 250 57 „Paradies
712 2460 92 49 und
1010 2462 80 49 das
1123 2464 295 65 Programm.

292 2534 101 51 Vor
430 2537 115 49 zehn
587 2538 178 51 Jahren
808 2538 109 68 (den
959 2540 89 52 23.
1077 2543 111 48 Juni
1236 2543 165 67 1856)
1447 2545 164 50 wurde
1654 2545 81 51 das

176 2613 155 52 Werk
369 2614 82 50 mit
480 2617 127 49 Frau
638 2618 470 53 Lind-Goldschmidt
1151 2638 88 33 von
1282 2622 245 53 derselben
1560 2625 149 50 Gesell-

171 2693 165 59 schaft,
378 2694 44 51 in
454 2695 334 54 Anwesenheit
816 2699 82 50 der
931 2702 203 67 Königin
1169 2702 94 49 und
1292 2704 127 50 einer
1451 2705 283 65 glänzenden

169 2773 383 59 Zuhörerschaft,
587 2777 222 50 ebenfalls
853 2787 137 42 unter
1028 2780 247 51 Sterndale
1305 2783 236 51 Bennett's
1571 2784 135 50 Direc-

171 2852 115 59 tion,
317 2854 87 48 wie
427 2854 112 66 jetzt
567 2858 138 58 auch,
734 2859 229 65 gegeben.
1007 2860 268 60 Trotzdem,
1305 2862 105 52 dass
1441 2865 124 49 Frau
1592 2864 113 50 Gold-

169 2930 203 51 schmidt
400 2949 132 50 sang,
578 2937 87 48 wie
706 2954 89 32 nur
832 2938 65 49 sie
935 2939 137 50 allein
1110 2940 163 66 singen
1319 2942 141 61 kann,
1508 2942 93 50 und
1631 2943 103 51 dass

171 3012 129 49 Alles
342 3029 56 32 zu
442 3014 127 50 einer
611 3015 264 52 trefflichen
920 3019 311 67 Aufführung
1273 3023 461 58 zusammenwirkte,

172 3092 183 49 machte
384 3092 82 49 das
492 3093 153 51 Werk
677 3094 120 51 doch
828 3097 164 50 keinen
1024 3098 204 51 anderen
1255 3102 260 58 Eindruck,
1547 3103 65 50 als
1642 3103 89 50 den

169 3169 84 51 der
284 3172 379 67 Ermüdung—
695 3175 81 49 mit
808 3177 163 49 Einem
1007 3178 196 51 Worte:
1234 3197 46 32 es
1312 3182 173 49 konnte
1515 3183 126 48 nicht
1670 3183 60 48 im

172 3250 275 66 Geringsten
479 3269 86 33 von
596 3254 149 50 einem
781 3255 191 65 Erfolge
1002 3257 73 49 die
1104 3259 130 50 Rede
1261 3262 112 49 sein.
1418 3262 204 49 Seitdem
1654 3263 81 50 hat

171 3329 289 60 Schumann,
506 3333 136 48 Dank
686 3335 156 49 seinen
875 3335 270 51 Verehrern
1189 3339 93 50 und
1326 3342 193 66 eifrigen
1552 3343 150 48 Freun-

169 3408 108 58 den,
320 3410 298 51 entschieden
662 3414 307 50 Fortschritte
1016 3415 46 50 in
1119 3417 216 66 England
1391 3420 234 65 gemacht.
1681 3422 52 48 In

171 3504 200 35 neuerer
400 3490 99 50 Zeit
538 3490 153 51 haben
723 3509 166 35 unsere
917 3494 355 52 Kunstfreunde
1297 3516 51 33 so
1380 3499 81 50 viel
1493 3507 111 58 gute
1627 3500 70 50 Mu-

169 3567 70 50 sik
271 3568 183 66 gehört,
485 3587 86 33 von
601 3572 142 50 deren
764 3574 214 50 Existenz
1007 3575 65 49 sie
1101 3577 120 48 noch
1253 3594 80 33 vor
1362 3580 204 49 Kurzem
1599 3579 135 51 keine

171 3647 209 68 Ahnung
418 3649 177 60 hatten,
638 3652 95 50 und
771 3653 73 49 ein
883 3671 50 33 so
977 3654 392 69 überwiegender
1411 3659 135 50 Theil
1584 3658 151 51 dieser

171 3727 153 49 Musik
355 3727 105 50 kam
493 3728 145 51 direct
667 3747 83 33 aus
776 3733 337 60 Deutschland,
1137 3733 104 52 dass
1269 3737 83 58 sie,
1382 3737 159 51 besser
1564 3737 140 51 vorbe-

169 3805 154 60 reitet,
366 3808 66 49 als
474 3808 179 61 früher,
695 3812 119 49 auch
860 3813 196 65 williger
1098 3831 179 47 waren,
1321 3817 128 59 alles,
1505 3834 96 34 was
1644 3817 91 51 den

169 3887 207 66 Stempel
419 3888 248 52 deutscher
696 3892 357 68 Anerkennung
1094 3902 128 59 trug,
1264 3897 84 49 mit
1377 3897 325 52 Aufmerksam-

172 3964 94 51 keit
295 3968 268 51 anzuhören
605 3969 94 51 und
729 3970 106 51 dem
866 3975 182 63 gemäss
1077 3991 57 31 zu
1164 3974 263 69 würdigen.
1482 3977 121 51 Dass
1632 3977 103 51 eine

172 4062 161 48 grosse
361 4047 180 50 Anzahl
573 4048 248 52 deutscher
850 4052 210 50 Musiker
1087 4053 274 53 Schumann
1390 4055 85 51 seit
1501 4055 205 53 Mendels-

171 4123 156 51 sohn's
357 4124 132 51 Tode
520 4128 65 48 als
614 4128 73 49 ihr
714 4128 99 52 Idol
850 4130 203 63 verehrt,
1090 4132 58 49 ist
1181 4133 158 67 jedem
1385 4134 224 62 bekannt,
1653 4135 82 51 der

171 4202 95 50 sich
298 4221 77 34 um
407 4205 319 54 musicalische
755 4210 235 51 Zustände
1020 4212 314 53 bekümmert.
1366 4215 120 51 Dass
1514 4215 102 52 ihre
1646 4217 59 50 Be-

1843 315 296 65 wunderung
2187 320 332 61 grossentheils
2567 322 146 49 durch
2764 324 310 51 Schumann's
3125 328 273 52 Verdienste

1841 394 354 69 gerechtfertigt
2224 397 69 64 ist,
2322 398 123 51 kann
2478 419 89 31 nur
2597 418 84 33 von
2713 402 88 50 den
2827 405 211 65 wenigen
3065 407 333 68 hartnäckigen

1842 473 220 67 Gegnern
2101 474 240 52 desselben
2379 480 253 68 geläugnet
2674 483 216 51 werden:
2933 486 152 62 allein,
3131 487 103 51 dass
3269 492 129 53 alles,

1841 569 96 35 was
1980 572 51 32 er
2074 555 324 61 hinterlassen,
2455 562 261 63 glückliche
2764 564 275 66 Inspiration
3090 566 210 63 beweist,
3343 572 55 49 ist

1835 633 238 51 schwerer
2101 638 338 51 anzunehmen.
2469 642 128 48 Zehn
2620 643 163 58 Jahre,
2812 644 73 50 die
2915 662 85 32 von
3024 647 156 49 seinen
3205 651 158 49 Anhän-

1835 729 116 49 gern
1984 714 93 50 und
2109 715 226 51 Schülern
2366 728 84 55 gut
2482 719 185 51 benutzt
2691 723 192 50 worden
2907 724 117 57 sind,
3056 726 152 50 haben
3234 728 133 67 hinge-

1837 793 161 60 reicht,
2030 794 71 50 ein
2126 797 183 48 wahres
2333 798 228 51 Interesse
2585 804 77 45 für
2690 803 76 47 ihn
2798 821 55 32 zu
2883 821 212 51 erregen,
3127 807 126 49 nicht
3281 809 115 50 aber

1835 872 133 49 einen
1994 873 320 67 unbedingten
2341 877 208 49 Gefallen
2575 896 57 31 an
2660 880 195 59 Vielem,
2888 901 93 32 was
3012 902 50 32 er
3090 887 304 63 geschrieben

1834 950 98 60 hat,
1961 972 54 30 zu
2049 954 292 67 begründen,
2387 959 228 50 wesshalb
2650 962 82 45 wir
2761 962 121 49 denn
2914 966 117 48 auch
3064 967 223 57 zweifeln,
3332 968 61 50 ob

1847 1033 250 54 „Paradies
2142 1035 91 47 und
2457 1039 115 47 nach
2618 1039 113 48 zehn
2777 1042 91 48 Mal
2914 1044 113 47 zehn
3070 1046 174 48 Jahren
3291 1063 100 33 vom

1835 1112 265 57 Publicum,
2150 1115 82 47 mit
2283 1117 273 49 Ausnahme
2613 1119 176 65 einiger
2846 1122 332 51 Enthusiasten

1830 1207 163 47 meme,
2025 1193 77 48 für
2134 1194 135 48 mehr
2304 1198 263 62 angesehen
2609 1199 185 49 werden
2844 1201 169 58 dürfte,
3055 1206 64 47 als
3151 1204 79 49 für
3259 1207 134 48 einen

1833 1270 229 68 Complex
2109 1289 85 33 von
2243 1275 314 65 Ergebnissen
2614 1279 290 64 geschickter
2952 1282 181 58 Arbeit,
3192 1286 201 49 welcher

1833 1353 197 49 manche
2059 1353 173 49 schöne
2262 1357 188 53 Stellen,
2484 1357 252 51 besonders
2778 1361 57 47 im
2876 1371 151 39 ersten
3067 1363 93 48 und
3198 1367 192 48 zweiten

1832 1430 179 60 Theile,
2054 1434 190 60 enthält,
2290 1434 73 50 die
2398 1434 166 68 jedoch
2611 1438 60 48 im
2702 1439 442 68 Zusammenhange
3180 1444 126 49 nicht
3340 1461 50 33 so

1833 1510 336 59 hervortreten,
2220 1514 103 48 dass
2373 1517 63 47 sie
2478 1517 133 49 einen
2653 1518 61 48 im
2763 1519 330 51 Gedächtnisse
3140 1522 250 52 haftenden

1829 1589 240 51 Eindruck
2102 1593 229 49 machten.
2361 1594 87 50 Nie
2472 1595 129 49 ward
2625 1597 73 48 ein
2722 1613 48 33 so
2797 1599 136 49 leicht
2957 1601 91 48 und
3075 1601 310 64 phantastisch

1832 1670 199 65 duftiges
2062 1672 196 49 Gedicht
2288 1691 83 31 von
2410 1675 149 49 einem
2592 1678 209 48 Musiker
2839 1679 81 49 mit
2957 1682 182 48 solcher
3168 1683 223 50 Schwere

1832 1749 208 52 belastet.
2073 1752 100 49 Alle
2208 1753 169 51 Fehler
2404 1754 310 51 Schumann's
2745 1757 217 51 kommen
2992 1759 133 50 darin
3156 1777 96 46 vor,
3285 1763 84 48 viel-

1833 1832 137 48 leicht
2011 1848 73 33 am
2130 1833 225 50 stärksten
2402 1834 71 49 die
2516 1836 413 50 Unbestimmtheit
2978 1839 44 49 in
3078 1842 311 51 melodischen

1834 1912 255 57 Umrissen,
2140 1913 70 48 ein
2250 1914 203 65 Mangel,
2505 1916 206 49 welchen
2761 1917 83 49 das
2892 1919 155 49 reiche
3092 1921 176 49 Colorit
3312 1922 77 49 des

1834 1990 277 50 Orchesters
2143 1992 124 48 nicht
2296 1993 295 65 ausgleichen
2625 1994 136 51 kann.
2796 1998 114 47 Dass
2933 1999 226 49 zwischen
3184 2001 205 49 Thomas

1835 2072 164 48 Moore
2030 2072 91 48 und
2152 2073 268 50 Schumann
2451 2074 272 66 Sympathie
2752 2078 122 47 Statt
2916 2077 155 51 finden
3104 2079 169 59 könne,
3311 2082 79 48 hat

1835 2149 249 57 Niemand,
2128 2149 82 51 der
2248 2152 82 48 mit
2370 2152 104 49 dem
2519 2153 153 50 Geiste
2702 2154 169 50 Beider
2910 2156 204 50 bekannt
3151 2159 71 58 ist,
3266 2162 118 47 auch

1835 2248 89 32 nur
1947 2232 132 48 einen
2106 2232 291 65 Augenblick
2421 2233 94 48 sich
2540 2234 305 65 eingebildet;
2877 2237 113 48 aber
3019 2238 71 48 ein
3121 2238 96 50 drei
3249 2241 110 48 Stun-

1835 2309 89 50 den
1968 2310 176 65 langes,
2186 2310 364 68 schwerfälliges
2581 2314 189 57 Düster,
2815 2333 89 31 nur
2947 2317 122 48 dann
3114 2318 92 48 und
3252 2336 135 33 wann

1834 2389 146 50 durch
2039 2389 81 50 das
2177 2391 268 49 Aufblitzen
2500 2393 172 50 schnell
2731 2394 173 50 wieder
2957 2397 433 52 verschwindender

1834 2471 136 48 Helle
2001 2469 364 60 unterbrochen,
2410 2472 171 49 konnte
2624 2473 140 50 kaum
2808 2483 221 41 erwartet
3072 2477 188 49 werden
3304 2495 85 33 von

1834 2548 150 50 einem
2029 2549 350 65 Componisten,
2429 2549 161 51 dessen
2629 2552 267 51 Sinfonieen
2948 2554 93 49 und
3092 2557 297 49 Ouvertüren

1834 2628 95 50 und
1959 2628 174 51 andere
2163 2631 207 64 weniger
2401 2631 350 66 umfangreiche
2783 2633 182 50 Werke
2994 2636 42 48 in
3067 2652 200 33 neuerer
3291 2638 100 48 Zeit

1833 2708 348 51 aufmerksame
2204 2711 157 48 Hörer
2390 2711 232 64 gefunden
2655 2712 92 48 und
2780 2713 129 48 Viele
2940 2714 131 49 mehr
3100 2716 115 48 oder
3246 2718 112 47 weni-

1833 2805 84 48 ger
1959 2788 138 50 leicht
2138 2806 54 30 zu
2236 2789 308 49 Schumann's
2585 2792 148 48 Musik
2778 2791 197 50 bekehrt
3018 2794 174 50 hatten.
3250 2797 137 48 Trotz

1833 2867 84 51 der
1966 2876 141 57 guten
2159 2869 315 65 Ausführung
2524 2869 82 49 der
2655 2871 92 48 Soli
2804 2872 202 66 (Sopran
3052 2874 108 49 Miss
3206 2877 179 65 Parepa

1834 2965 42 31 u.
1908 2963 34 33 s.
1974 2947 76 65 w.)
2083 2947 90 49 und
2203 2948 82 48 der
2316 2948 156 50 Chöre
2504 2949 78 47 mit
2610 2949 280 51 trefflichem
2924 2953 254 48 Orchester
3206 2954 183 50 machte

1844 3027 249 56 „Paradies
2124 3026 92 49 und
2425 3027 249 51 denselben
2709 3031 234 49 Eindruck
2976 3032 81 48 der
3089 3034 297 63 Ermüdung,

1833 3107 86 48 wie
1943 3123 80 33 vor
2046 3108 113 48 zehn
2183 3108 195 60 Jahren,
2404 3108 91 48 und
2523 3109 130 49 allein
2681 3109 79 47 das
2783 3112 293 48 Tenor-Solo
3111 3114 88 47 und
3229 3114 123 59 Quar-

1830 3193 85 42 tett
1955 3187 62 48 im
2062 3186 191 49 zweiten
2294 3187 160 49 Theile
2498 3186 145 67 („Die
2676 3191 101 47 Peri
3055 3193 86 47 rief
3183 3196 204 63 Applaus

1833 3264 94 50 und
1957 3264 323 66 Dacapo-Ruf
2303 3266 180 49 hervor.
2535 3264 148 68 [Mus.
2728 3267 170 65 World,
2930 3272 79 47 Nr.
3048 3271 101 64 11.)

1950 3502 81 49 111.
2050 3503 88 48 Die
2156 3503 245 50 Tonkunst
2430 3506 54 48 ist
2512 3504 44 49 in
2587 3504 87 50 den
2707 3507 162 48 letzten
2892 3507 353 52 Jahrzehenden
3277 3511 112 49 eher

1832 3579 443 69 zurückgegangen,
2305 3583 65 50 als
2401 3583 387 66 fortgeschritten.
2846 3587 132 48 Auch
3010 3605 84 31 von
3126 3588 86 48 den
3248 3589 102 50 Com-

1833 3661 231 67 ponisten,
2093 3661 74 50 die
2190 3662 326 52 Mendelssohn
2547 3663 217 51 überlebt
2796 3666 169 57 haben,
2996 3685 84 31 von
3104 3669 155 65 Spohr
3295 3669 91 50 und

1834 3738 295 70 Meyerbeer,
2159 3739 124 52 kann
2308 3758 107 33 man
2439 3743 125 50 nicht
2584 3760 161 49 sagen,
2768 3743 103 50 dass
2893 3746 99 49 ihre
3017 3747 162 49 letzten
3207 3748 180 51 Werke

1833 3819 103 50 ihre
1966 3819 162 50 besten
2157 3821 115 50 sind.
2328 3823 87 50 Mit
2443 3823 269 50 Schumann
2750 3824 128 50 starb
2915 3824 72 50 die
3019 3827 241 67 Hoffnung
3301 3845 85 33 von

1832 3899 495 66 Jung-Deutschland,
2357 3901 94 50 und
2482 3918 47 35 es
2557 3902 57 49 ist
2636 3902 133 51 keine
2791 3904 172 66 Frage,
2995 3904 103 51 dass
3121 3907 119 49 auch
3264 3907 125 49 seine

1833 3979 168 50 letzten
2026 3979 184 51 Werke
2238 3981 100 50 fern
2368 3981 149 52 davon
2545 3982 117 58 sind,
2691 3983 126 51 seine
2845 3984 332 66 glücklichsten
3199 4005 54 31 zu
3276 3988 110 50 sein.

1834 4059 149 51 Unter
2012 4057 84 52 der
2123 4061 101 49 Zeit
2252 4061 83 50 hat
2363 4061 72 50 die
2458 4063 152 48 Kunst
2638 4062 45 49 in
2708 4063 215 67 England
2952 4064 46 50 in
3027 4082 49 33 so
3105 4066 100 50 fern
3230 4083 157 49 grosse

1835 4138 310 51 Fortschritte
2167 4139 234 66 gemacht,
2431 4142 66 49 als
2525 4142 71 49 ein
2619 4141 272 67 richtigeres
2915 4144 357 51 Kunst-Urtheil
3302 4147 56 49 im-

1834 4236 102 33 mer
1976 4219 303 65 allgemeiner
2321 4221 268 66 geworden.
2653 4222 310 52 Schumann's
3009 4226 182 49 Werke
3232 4226 154 52 haben
