<?xml version="1.0" encoding="UTF-8"?>
<alto xmlns:xsi="http://www.w3.org/2001/XMLSchema-instance" xmlns="http://www.loc.gov/standards/alto/ns-v2#" xsi:schemaLocation="http://www.loc.gov/standards/alto/ns-v2# http://www.loc.gov/standards/alto/alto-v2.0.xsd" xmlns:xlink="http://www.w3.org/1999/xlink">
	<Description>
		<MeasurementUnit>mm10</MeasurementUnit>
		<sourceImageInformation>
			<fileName>//fileserver7/IN2/Princeton/Batch3/bmtnabh/1913/02/15_01/00000135.tif</fileName>
		</sourceImageInformation>
		<OCRProcessing ID="OCRPROCESSING_1">
			<preProcessingStep>
				<processingSoftware>
					<softwareCreator>CCS Content Conversion Specialists GmbH, Germany</softwareCreator>
					<softwareName>CCS docWORKS</softwareName>
					<softwareVersion>6.6-1.18</softwareVersion>
				</processingSoftware>
			</preProcessingStep>
			<ocrProcessingStep>
				<processingSoftware>
					<softwareCreator>ABBYY (BIT Software), Russia</softwareCreator>
					<softwareName>FineReader</softwareName>
					<softwareVersion>10.0</softwareVersion>
				</processingSoftware>
			</ocrProcessingStep>
		</OCRProcessing>
	</Description>
	<Styles>
		<TextStyle ID="TXT_0" FONTSIZE="27" FONTFAMILY="Times New Roman"/>
		<TextStyle ID="TXT_1" FONTSIZE="15" FONTFAMILY="Times New Roman"/>
		<TextStyle ID="TXT_2" FONTSIZE="14" FONTFAMILY="Times New Roman"/>
		<TextStyle ID="TXT_3" FONTSIZE="13" FONTFAMILY="Times New Roman" FONTSTYLE="italics"/>
		<TextStyle ID="TXT_4" FONTSIZE="53" FONTFAMILY="Times New Roman"/>
		<ParagraphStyle ID="PAR_CENTER" ALIGN="Center"/>
		<ParagraphStyle ID="PAR_BLOCK" ALIGN="Block"/>
		<ParagraphStyle ID="PAR_RIGHT" ALIGN="Right"/>
		<ParagraphStyle ID="PAR_LEFT" ALIGN="Left"/>
	</Styles>
	<Layout>
		<Page ID="P47" PHYSICAL_IMG_NR="47" HEIGHT="3934" WIDTH="2702" PC="0.944">
			<TopMargin ID="P47_TM00001" HPOS="0" VPOS="0" WIDTH="2702" HEIGHT="144"/>
			<LeftMargin ID="P47_LM00001" HPOS="0" VPOS="144" WIDTH="121" HEIGHT="3615"/>
			<RightMargin ID="P47_RM00001" HPOS="2623" VPOS="144" WIDTH="79" HEIGHT="3615"/>
			<BottomMargin ID="P47_BM00001" HPOS="0" VPOS="3759" WIDTH="2702" HEIGHT="175"/>
			<PrintSpace ID="P47_PS00001" HPOS="121" VPOS="144" WIDTH="2502" HEIGHT="3615">
				<TextBlock ID="P47_TB00001" HPOS="455" VPOS="144" WIDTH="1867" HEIGHT="92" STYLEREFS="TXT_0 PAR_CENTER">
					<TextLine ID="P47_TL00001" HPOS="455" VPOS="144" WIDTH="1867" HEIGHT="92">
						<String ID="P47_ST00001" HPOS="455" VPOS="164" WIDTH="117" HEIGHT="67" CONTENT="LE" WC="0.82" CC="30"/>
						<SP ID="P47_SP00001" HPOS="572" VPOS="231" WIDTH="63"/>
						<String ID="P47_ST00002" HPOS="635" VPOS="144" WIDTH="493" HEIGHT="92" CONTENT="THÉÂTRE" WC="0.99" CC="0224001"/>
						<SP ID="P47_SP00002" HPOS="1128" VPOS="236" WIDTH="66"/>
						<String ID="P47_ST00003" HPOS="1194" VPOS="167" WIDTH="178" HEIGHT="69" CONTENT="DES" WC="1.00" CC="000"/>
						<SP ID="P47_SP00003" HPOS="1372" VPOS="236" WIDTH="61"/>
						<String ID="P47_ST00004" HPOS="1433" VPOS="167" WIDTH="411" HEIGHT="69" CONTENT="CHAMPS" WC="0.98" CC="046260"/>
						<SP ID="P47_SP00004" HPOS="1844" VPOS="236" WIDTH="66"/>
						<String ID="P47_ST00005" HPOS="1910" VPOS="147" WIDTH="412" HEIGHT="86" CONTENT="ÉLYSÉES" WC="0.91" CC="5000000"/>
					</TextLine>
				</TextBlock>
				<TextBlock ID="P47_TB00002" HPOS="1094" VPOS="323" WIDTH="607" HEIGHT="1153" STYLEREFS="TXT_1 PAR_BLOCK">
					<TextLine ID="P47_TL00002" HPOS="1103" VPOS="325" WIDTH="598" HEIGHT="62">
						<String ID="P47_ST00006" HPOS="1103" VPOS="325" WIDTH="280" HEIGHT="46" CONTENT="l'ensemble." WC="0.99" CC="54460100203"/>
						<SP ID="P47_SP00005" HPOS="1383" VPOS="371" WIDTH="50"/>
						<String ID="P47_ST00007" HPOS="1433" VPOS="327" WIDTH="163" HEIGHT="60" CONTENT="Voyez" WC="0.97" CC="74904"/>
						<SP ID="P47_SP00006" HPOS="1596" VPOS="387" WIDTH="48"/>
						<String ID="P47_ST00008" HPOS="1644" VPOS="345" WIDTH="57" HEIGHT="26" CONTENT="au" WC="0.50" CC="72"/>
					</TextLine>
					<TextLine ID="P47_TL00003" HPOS="1101" VPOS="396" WIDTH="599" HEIGHT="44">
						<String ID="P47_ST00009" HPOS="1101" VPOS="396" WIDTH="224" HEIGHT="43" CONTENT="contraire" WC="0.99" CC="000675530"/>
						<SP ID="P47_SP00007" HPOS="1325" VPOS="439" WIDTH="39"/>
						<String ID="P47_ST00010" HPOS="1364" VPOS="407" WIDTH="119" HEIGHT="32" CONTENT="cette" WC="0.99" CC="00540"/>
						<SP ID="P47_SP00008" HPOS="1483" VPOS="439" WIDTH="36"/>
						<String ID="P47_ST00011" HPOS="1519" VPOS="397" WIDTH="151" HEIGHT="43" CONTENT="harmo" SUBS_TYPE="HypPart1" SUBS_CONTENT="harmonieuse" WC="0.99" CC="08010"/>
						<HYP HPOS="1670" VPOS="397" WIDTH="30" CONTENT="-"/>
					</TextLine>
					<TextLine ID="P47_TL00004" HPOS="1100" VPOS="464" WIDTH="599" HEIGHT="55">
						<String ID="P47_ST00012" HPOS="1100" VPOS="466" WIDTH="153" HEIGHT="42" CONTENT="nieuse" SUBS_TYPE="HypPart2" SUBS_CONTENT="harmonieuse" WC="0.99" CC="044202"/>
						<SP ID="P47_SP00009" HPOS="1253" VPOS="508" WIDTH="18"/>
						<String ID="P47_ST00013" HPOS="1271" VPOS="464" WIDTH="154" HEIGHT="55" CONTENT="façade" WC="0.98" CC="580062"/>
						<SP ID="P47_SP00010" HPOS="1425" VPOS="519" WIDTH="17"/>
						<String ID="P47_ST00014" HPOS="1442" VPOS="467" WIDTH="134" HEIGHT="42" CONTENT="sortie" WC="0.99" CC="000052"/>
						<SP ID="P47_SP00011" HPOS="1576" VPOS="519" WIDTH="14"/>
						<String ID="P47_ST00015" HPOS="1590" VPOS="464" WIDTH="109" HEIGHT="45" CONTENT="d'un" WC="0.97" CC="1372"/>
					</TextLine>
					<TextLine ID="P47_TL00005" HPOS="1098" VPOS="533" WIDTH="600" HEIGHT="59">
						<String ID="P47_ST00016" HPOS="1098" VPOS="533" WIDTH="92" HEIGHT="44" CONTENT="seul" WC="0.96" CC="0990"/>
						<SP ID="P47_SP00012" HPOS="1190" VPOS="577" WIDTH="23"/>
						<String ID="P47_ST00017" HPOS="1213" VPOS="549" WIDTH="191" HEIGHT="28" CONTENT="cerveau" WC="0.99" CC="0044000"/>
						<SP ID="P47_SP00013" HPOS="1404" VPOS="577" WIDTH="27"/>
						<String ID="P47_ST00018" HPOS="1431" VPOS="545" WIDTH="44" HEIGHT="32" CONTENT="et" WC="0.77" CC="04"/>
						<SP ID="P47_SP00014" HPOS="1475" VPOS="577" WIDTH="26"/>
						<String ID="P47_ST00019" HPOS="1501" VPOS="533" WIDTH="197" HEIGHT="59" CONTENT="réalisée," WC="0.99" CC="080110707"/>
					</TextLine>
					<TextLine ID="P47_TL00006" HPOS="1096" VPOS="601" WIDTH="604" HEIGHT="59">
						<String ID="P47_ST00020" HPOS="1096" VPOS="601" WIDTH="289" HEIGHT="59" CONTENT="semble-t-il," WC="0.77" CC="300050502054"/>
						<SP ID="P47_SP00015" HPOS="1385" VPOS="660" WIDTH="29"/>
						<String ID="P47_ST00021" HPOS="1414" VPOS="619" WIDTH="75" HEIGHT="41" CONTENT="par" WC="1.00" CC="000"/>
						<SP ID="P47_SP00016" HPOS="1489" VPOS="660" WIDTH="28"/>
						<String ID="P47_ST00022" HPOS="1517" VPOS="620" WIDTH="61" HEIGHT="26" CONTENT="un" WC="0.47" CC="63"/>
						<SP ID="P47_SP00017" HPOS="1578" VPOS="660" WIDTH="28"/>
						<String ID="P47_ST00023" HPOS="1606" VPOS="604" WIDTH="94" HEIGHT="43" CONTENT="seul" WC="0.99" CC="0004"/>
					</TextLine>
					<TextLine ID="P47_TL00007" HPOS="1098" VPOS="669" WIDTH="602" HEIGHT="47">
						<String ID="P47_ST00024" HPOS="1098" VPOS="672" WIDTH="181" HEIGHT="43" CONTENT="artisan." WC="1.00" CC="00000063"/>
						<SP ID="P47_SP00018" HPOS="1279" VPOS="715" WIDTH="22"/>
						<String ID="P47_ST00025" HPOS="1301" VPOS="669" WIDTH="82" HEIGHT="47" CONTENT="On" WC="1.00" CC="00"/>
						<SP ID="P47_SP00019" HPOS="1383" VPOS="716" WIDTH="24"/>
						<String ID="P47_ST00026" HPOS="1407" VPOS="672" WIDTH="180" HEIGHT="43" CONTENT="croirait" WC="1.00" CC="30030000"/>
						<SP ID="P47_SP00020" HPOS="1587" VPOS="716" WIDTH="19"/>
						<String ID="P47_ST00027" HPOS="1606" VPOS="674" WIDTH="94" HEIGHT="42" CONTENT="voir" WC="0.98" CC="4300"/>
					</TextLine>
					<TextLine ID="P47_TL00008" HPOS="1100" VPOS="739" WIDTH="599" HEIGHT="45">
						<String ID="P47_ST00028" HPOS="1100" VPOS="756" WIDTH="62" HEIGHT="27" CONTENT="un" WC="0.70" CC="05"/>
						<SP ID="P47_SP00021" HPOS="1162" VPOS="783" WIDTH="24"/>
						<String ID="P47_ST00029" HPOS="1186" VPOS="741" WIDTH="113" HEIGHT="43" CONTENT="beau" WC="1.00" CC="0000"/>
						<SP ID="P47_SP00022" HPOS="1299" VPOS="784" WIDTH="21"/>
						<String ID="P47_ST00030" HPOS="1320" VPOS="739" WIDTH="162" HEIGHT="45" CONTENT="coffret" WC="0.99" CC="0000008"/>
						<SP ID="P47_SP00023" HPOS="1482" VPOS="784" WIDTH="23"/>
						<String ID="P47_ST00031" HPOS="1505" VPOS="740" WIDTH="51" HEIGHT="44" CONTENT="de" WC="1.00" CC="00"/>
						<SP ID="P47_SP00024" HPOS="1556" VPOS="784" WIDTH="24"/>
						<String ID="P47_ST00032" HPOS="1580" VPOS="758" WIDTH="90" HEIGHT="26" CONTENT="mar" SUBS_TYPE="HypPart1" SUBS_CONTENT="marbre" WC="0.99" CC="000"/>
						<HYP HPOS="1670" VPOS="758" WIDTH="29" CONTENT="-"/>
					</TextLine>
					<TextLine ID="P47_TL00009" HPOS="1101" VPOS="808" WIDTH="597" HEIGHT="61">
						<String ID="P47_ST00033" HPOS="1101" VPOS="810" WIDTH="75" HEIGHT="42" CONTENT="bre" SUBS_TYPE="HypPart2" SUBS_CONTENT="marbre" WC="1.00" CC="000"/>
						<SP ID="P47_SP00025" HPOS="1176" VPOS="852" WIDTH="19"/>
						<String ID="P47_ST00034" HPOS="1195" VPOS="808" WIDTH="201" HEIGHT="44" CONTENT="travaillé" WC="1.00" CC="200601000"/>
						<SP ID="P47_SP00026" HPOS="1396" VPOS="852" WIDTH="18"/>
						<String ID="P47_ST00035" HPOS="1414" VPOS="826" WIDTH="77" HEIGHT="41" CONTENT="par" WC="0.96" CC="090"/>
						<SP ID="P47_SP00027" HPOS="1491" VPOS="867" WIDTH="14"/>
						<String ID="P47_ST00036" HPOS="1505" VPOS="810" WIDTH="193" HEIGHT="59" CONTENT="quelque" WC="0.99" CC="4004160"/>
					</TextLine>
					<TextLine ID="P47_TL00010" HPOS="1098" VPOS="878" WIDTH="601" HEIGHT="61">
						<String ID="P47_ST00037" HPOS="1098" VPOS="878" WIDTH="187" HEIGHT="43" CONTENT="ciseleur" WC="0.99" CC="20021600"/>
						<SP ID="P47_SP00028" HPOS="1285" VPOS="921" WIDTH="21"/>
						<String ID="P47_ST00038" HPOS="1306" VPOS="878" WIDTH="152" HEIGHT="61" CONTENT="géant," WC="0.98" CC="500047"/>
						<SP ID="P47_SP00029" HPOS="1458" VPOS="939" WIDTH="21"/>
						<String ID="P47_ST00039" HPOS="1479" VPOS="878" WIDTH="27" HEIGHT="43" CONTENT="il" WC="0.90" CC="10"/>
						<SP ID="P47_SP00030" HPOS="1506" VPOS="939" WIDTH="23"/>
						<String ID="P47_ST00040" HPOS="1529" VPOS="879" WIDTH="170" HEIGHT="44" CONTENT="semble" WC="0.98" CC="500750"/>
					</TextLine>
					<TextLine ID="P47_TL00011" HPOS="1098" VPOS="947" WIDTH="601" HEIGHT="58">
						<String ID="P47_ST00041" HPOS="1098" VPOS="963" WIDTH="86" HEIGHT="42" CONTENT="que" WC="0.98" CC="060"/>
						<SP ID="P47_SP00031" HPOS="1184" VPOS="1005" WIDTH="45"/>
						<String ID="P47_ST00042" HPOS="1229" VPOS="948" WIDTH="119" HEIGHT="43" CONTENT="deux" WC="1.00" CC="0000"/>
						<SP ID="P47_SP00032" HPOS="1348" VPOS="1005" WIDTH="28"/>
						<String ID="P47_ST00043" HPOS="1376" VPOS="949" WIDTH="146" HEIGHT="42" CONTENT="mains" WC="0.98" CC="00490"/>
						<SP ID="P47_SP00033" HPOS="1522" VPOS="1005" WIDTH="31"/>
						<String ID="P47_ST00044" HPOS="1553" VPOS="947" WIDTH="122" HEIGHT="45" CONTENT="colos" SUBS_TYPE="HypPart1" SUBS_CONTENT="colossales" WC="0.99" CC="06000"/>
						<HYP HPOS="1675" VPOS="947" WIDTH="24" CONTENT="-"/>
					</TextLine>
					<TextLine ID="P47_TL00012" HPOS="1097" VPOS="1015" WIDTH="601" HEIGHT="62">
						<String ID="P47_ST00045" HPOS="1097" VPOS="1015" WIDTH="110" HEIGHT="44" CONTENT="sales" SUBS_TYPE="HypPart2" SUBS_CONTENT="colossales" WC="0.98" CC="70320"/>
						<SP ID="P47_SP00034" HPOS="1207" VPOS="1059" WIDTH="44"/>
						<String ID="P47_ST00046" HPOS="1251" VPOS="1033" WIDTH="55" HEIGHT="26" CONTENT="en" WC="0.65" CC="33"/>
						<SP ID="P47_SP00035" HPOS="1306" VPOS="1059" WIDTH="42"/>
						<String ID="P47_ST00047" HPOS="1348" VPOS="1028" WIDTH="82" HEIGHT="32" CONTENT="ont" WC="0.97" CC="170"/>
						<SP ID="P47_SP00036" HPOS="1430" VPOS="1060" WIDTH="44"/>
						<String ID="P47_ST00048" HPOS="1474" VPOS="1017" WIDTH="142" HEIGHT="60" CONTENT="ajusté" WC="0.99" CC="950000"/>
						<SP ID="P47_SP00037" HPOS="1616" VPOS="1077" WIDTH="38"/>
						<String ID="P47_ST00049" HPOS="1654" VPOS="1031" WIDTH="44" HEIGHT="29" CONTENT="et" WC="0.99" CC="00"/>
					</TextLine>
					<TextLine ID="P47_TL00013" HPOS="1096" VPOS="1085" WIDTH="602" HEIGHT="59">
						<String ID="P47_ST00050" HPOS="1096" VPOS="1085" WIDTH="110" HEIGHT="43" CONTENT="orné" WC="0.98" CC="1080"/>
						<SP ID="P47_SP00038" HPOS="1206" VPOS="1128" WIDTH="38"/>
						<String ID="P47_ST00051" HPOS="1244" VPOS="1085" WIDTH="62" HEIGHT="44" CONTENT="les" WC="1.00" CC="000"/>
						<SP ID="P47_SP00039" HPOS="1306" VPOS="1129" WIDTH="40"/>
						<String ID="P47_ST00052" HPOS="1346" VPOS="1103" WIDTH="258" HEIGHT="41" CONTENT="panneaux," WC="0.99" CC="007800044"/>
						<SP ID="P47_SP00040" HPOS="1604" VPOS="1144" WIDTH="50"/>
						<String ID="P47_ST00053" HPOS="1654" VPOS="1099" WIDTH="44" HEIGHT="31" CONTENT="et" WC="1.00" CC="00"/>
					</TextLine>
					<TextLine ID="P47_TL00014" HPOS="1095" VPOS="1154" WIDTH="603" HEIGHT="59">
						<String ID="P47_ST00054" HPOS="1095" VPOS="1154" WIDTH="143" HEIGHT="59" CONTENT="qu'un" WC="1.00" CC="00400"/>
						<SP ID="P47_SP00041" HPOS="1238" VPOS="1213" WIDTH="64"/>
						<String ID="P47_ST00055" HPOS="1302" VPOS="1154" WIDTH="169" HEIGHT="46" CONTENT="Cellini" WC="0.55" CC="0834670"/>
						<SP ID="P47_SP00042" HPOS="1471" VPOS="1213" WIDTH="62"/>
						<String ID="P47_ST00056" HPOS="1533" VPOS="1156" WIDTH="138" HEIGHT="43" CONTENT="surhu" SUBS_TYPE="HypPart1" SUBS_CONTENT="surhumain" WC="0.98" CC="00039"/>
						<HYP HPOS="1671" VPOS="1156" WIDTH="27" CONTENT="-"/>
					</TextLine>
					<TextLine ID="P47_TL00015" HPOS="1096" VPOS="1224" WIDTH="603" HEIGHT="45">
						<String ID="P47_ST00057" HPOS="1096" VPOS="1225" WIDTH="125" HEIGHT="42" CONTENT="main" SUBS_TYPE="HypPart2" SUBS_CONTENT="surhumain" WC="0.98" CC="0800"/>
						<SP ID="P47_SP00043" HPOS="1221" VPOS="1267" WIDTH="28"/>
						<String ID="P47_ST00058" HPOS="1249" VPOS="1240" WIDTH="54" HEIGHT="27" CONTENT="en" WC="1.00" CC="00"/>
						<SP ID="P47_SP00044" HPOS="1303" VPOS="1267" WIDTH="29"/>
						<String ID="P47_ST00059" HPOS="1332" VPOS="1241" WIDTH="25" HEIGHT="26" CONTENT="a" WC="0.04" CC="9"/>
						<SP ID="P47_SP00045" HPOS="1357" VPOS="1267" WIDTH="35"/>
						<String ID="P47_ST00060" HPOS="1392" VPOS="1224" WIDTH="179" HEIGHT="45" CONTENT="modelé" WC="1.00" CC="000000"/>
						<SP ID="P47_SP00046" HPOS="1571" VPOS="1269" WIDTH="27"/>
						<String ID="P47_ST00061" HPOS="1598" VPOS="1236" WIDTH="101" HEIGHT="33" CONTENT="tous" WC="0.99" CC="0060"/>
					</TextLine>
					<TextLine ID="P47_TL00016" HPOS="1096" VPOS="1292" WIDTH="598" HEIGHT="60">
						<String ID="P47_ST00062" HPOS="1096" VPOS="1292" WIDTH="62" HEIGHT="45" CONTENT="les" WC="0.99" CC="100"/>
						<SP ID="P47_SP00047" HPOS="1158" VPOS="1337" WIDTH="17"/>
						<String ID="P47_ST00063" HPOS="1175" VPOS="1306" WIDTH="230" HEIGHT="32" CONTENT="contours." WC="0.99" CC="300000704"/>
						<SP ID="P47_SP00048" HPOS="1405" VPOS="1338" WIDTH="16"/>
						<String ID="P47_ST00064" HPOS="1421" VPOS="1293" WIDTH="273" HEIGHT="59" CONTENT="Terminée," WC="0.71" CC="700044504"/>
					</TextLine>
					<TextLine ID="P47_TL00017" HPOS="1096" VPOS="1363" WIDTH="600" HEIGHT="45">
						<String ID="P47_ST00065" HPOS="1096" VPOS="1374" WIDTH="119" HEIGHT="32" CONTENT="cette" WC="1.00" CC="30000"/>
						<SP ID="P47_SP00049" HPOS="1215" VPOS="1406" WIDTH="28"/>
						<String ID="P47_ST00066" HPOS="1243" VPOS="1363" WIDTH="267" HEIGHT="44" CONTENT="formidable" WC="0.99" CC="5000109110"/>
						<SP ID="P47_SP00050" HPOS="1510" VPOS="1407" WIDTH="29"/>
						<String ID="P47_ST00067" HPOS="1539" VPOS="1364" WIDTH="157" HEIGHT="44" CONTENT="bâtisse" WC="0.99" CC="3602000"/>
					</TextLine>
					<TextLine ID="P47_TL00018" HPOS="1098" VPOS="1431" WIDTH="598" HEIGHT="45">
						<String ID="P47_ST00068" HPOS="1098" VPOS="1433" WIDTH="408" HEIGHT="43" CONTENT="minutieusement" WC="1.00" CC="02000300000080"/>
						<SP ID="P47_SP00051" HPOS="1506" VPOS="1476" WIDTH="32"/>
						<String ID="P47_ST00069" HPOS="1538" VPOS="1431" WIDTH="158" HEIGHT="45" CONTENT="édifiée" WC="0.99" CC="0036700"/>
					</TextLine>
				</TextBlock>
				<TextBlock ID="P47_TB00003" HPOS="2004" VPOS="1362" WIDTH="362" HEIGHT="61" STYLEREFS="TXT_2 PAR_RIGHT">
					<TextLine ID="P47_TL00019" HPOS="2005" VPOS="1383" WIDTH="361" HEIGHT="40">
						<String ID="P47_ST00070" HPOS="2005" VPOS="1384" WIDTH="74" HEIGHT="34" CONTENT="LA" WC="0.72" CC="50"/>
						<SP ID="P47_SP00052" HPOS="2079" VPOS="1418" WIDTH="33"/>
						<String ID="P47_ST00071" HPOS="2112" VPOS="1383" WIDTH="254" HEIGHT="40" CONTENT="MUSIQUE" WC="1.00" CC="0103000"/>
					</TextLine>
				</TextBlock>
				<TextBlock ID="P47_TB00004" HPOS="432" VPOS="1366" WIDTH="292" HEIGHT="52" STYLEREFS="TXT_2 PAR_LEFT">
					<TextLine ID="P47_TL00020" HPOS="433" VPOS="1383" WIDTH="290" HEIGHT="35">
						<String ID="P47_ST00072" HPOS="433" VPOS="1383" WIDTH="75" HEIGHT="35" CONTENT="LA" WC="0.80" CC="40"/>
						<SP ID="P47_SP00053" HPOS="508" VPOS="1418" WIDTH="32"/>
						<String ID="P47_ST00073" HPOS="540" VPOS="1383" WIDTH="183" HEIGHT="35" CONTENT="DANSE" WC="0.98" CC="40005"/>
					</TextLine>
				</TextBlock>
				<TextBlock ID="P47_TB00005" HPOS="134" VPOS="1499" WIDTH="2489" HEIGHT="894" STYLEREFS="TXT_1 PAR_BLOCK">
					<TextLine ID="P47_TL00021" HPOS="141" VPOS="1502" WIDTH="2480" HEIGHT="60">
						<String ID="P47_ST00074" HPOS="141" VPOS="1518" WIDTH="76" HEIGHT="42" CONTENT="par" WC="0.97" CC="080"/>
						<SP ID="P47_SP00054" HPOS="217" VPOS="1560" WIDTH="28"/>
						<String ID="P47_ST00075" HPOS="245" VPOS="1503" WIDTH="75" HEIGHT="43" CONTENT="des" WC="0.96" CC="540"/>
						<SP ID="P47_SP00055" HPOS="320" VPOS="1560" WIDTH="26"/>
						<String ID="P47_ST00076" HPOS="346" VPOS="1502" WIDTH="175" HEIGHT="45" CONTENT="armées" WC="0.99" CC="000700"/>
						<SP ID="P47_SP00056" HPOS="521" VPOS="1560" WIDTH="27"/>
						<String ID="P47_ST00077" HPOS="548" VPOS="1503" WIDTH="261" HEIGHT="56" CONTENT="d'ouvriers," WC="0.99" CC="03067041034"/>
						<SP ID="P47_SP00057" HPOS="809" VPOS="1560" WIDTH="30"/>
						<String ID="P47_ST00078" HPOS="839" VPOS="1503" WIDTH="151" HEIGHT="42" CONTENT="donne" WC="0.99" CC="00080"/>
						<SP ID="P47_SP00058" HPOS="990" VPOS="1560" WIDTH="28"/>
						<String ID="P47_ST00079" HPOS="1018" VPOS="1515" WIDTH="119" HEIGHT="32" CONTENT="cette" WC="0.99" CC="00340"/>
						<SP ID="P47_SP00059" HPOS="1137" VPOS="1560" WIDTH="28"/>
						<String ID="P47_ST00080" HPOS="1165" VPOS="1503" WIDTH="264" HEIGHT="58" CONTENT="impression" WC="1.00" CC="1000600300"/>
						<SP ID="P47_SP00060" HPOS="1429" VPOS="1561" WIDTH="30"/>
						<String ID="P47_ST00081" HPOS="1459" VPOS="1502" WIDTH="179" HEIGHT="45" CONTENT="d'unité" WC="0.99" CC="0300347"/>
						<SP ID="P47_SP00061" HPOS="1638" VPOS="1561" WIDTH="26"/>
						<String ID="P47_ST00082" HPOS="1664" VPOS="1514" WIDTH="45" HEIGHT="33" CONTENT="et" WC="0.96" CC="00"/>
						<SP ID="P47_SP00062" HPOS="1709" VPOS="1561" WIDTH="27"/>
						<String ID="P47_ST00083" HPOS="1736" VPOS="1503" WIDTH="52" HEIGHT="44" CONTENT="de" WC="1.00" CC="00"/>
						<SP ID="P47_SP00063" HPOS="1788" VPOS="1561" WIDTH="35"/>
						<String ID="P47_ST00084" HPOS="1823" VPOS="1504" WIDTH="250" HEIGHT="58" CONTENT="perfection" WC="1.00" CC="0020020000"/>
						<SP ID="P47_SP00064" HPOS="2073" VPOS="1562" WIDTH="33"/>
						<String ID="P47_ST00085" HPOS="2106" VPOS="1502" WIDTH="139" HEIGHT="60" CONTENT="qu'on" WC="0.98" CC="00407"/>
						<SP ID="P47_SP00065" HPOS="2245" VPOS="1562" WIDTH="37"/>
						<String ID="P47_ST00086" HPOS="2282" VPOS="1519" WIDTH="56" HEIGHT="26" CONTENT="ne" WC="0.98" CC="00"/>
						<SP ID="P47_SP00066" HPOS="2338" VPOS="1562" WIDTH="40"/>
						<String ID="P47_ST00087" HPOS="2378" VPOS="1514" WIDTH="243" HEIGHT="31" CONTENT="rencontre" WC="1.00" CC="000200100"/>
					</TextLine>
					<TextLine ID="P47_TL00022" HPOS="136" VPOS="1570" WIDTH="2484" HEIGHT="62">
						<String ID="P47_ST00088" HPOS="136" VPOS="1570" WIDTH="278" HEIGHT="45" CONTENT="d'ordinaire" WC="1.00" CC="74000100000"/>
						<SP ID="P47_SP00067" HPOS="414" VPOS="1615" WIDTH="27"/>
						<String ID="P47_ST00089" HPOS="441" VPOS="1589" WIDTH="87" HEIGHT="42" CONTENT="que" WC="1.00" CC="000"/>
						<SP ID="P47_SP00068" HPOS="528" VPOS="1631" WIDTH="39"/>
						<String ID="P47_ST00090" HPOS="567" VPOS="1573" WIDTH="109" HEIGHT="44" CONTENT="dans" WC="1.00" CC="0000"/>
						<SP ID="P47_SP00069" HPOS="676" VPOS="1631" WIDTH="37"/>
						<String ID="P47_ST00091" HPOS="713" VPOS="1589" WIDTH="61" HEIGHT="26" CONTENT="un" WC="1.00" CC="00"/>
						<SP ID="P47_SP00070" HPOS="774" VPOS="1631" WIDTH="43"/>
						<String ID="P47_ST00092" HPOS="817" VPOS="1570" WIDTH="183" HEIGHT="45" CONTENT="meuble" WC="1.00" CC="000500"/>
						<SP ID="P47_SP00071" HPOS="1000" VPOS="1631" WIDTH="38"/>
						<String ID="P47_ST00093" HPOS="1038" VPOS="1570" WIDTH="116" HEIGHT="45" CONTENT="d'art" WC="1.00" CC="04000"/>
						<SP ID="P47_SP00072" HPOS="1154" VPOS="1631" WIDTH="40"/>
						<String ID="P47_ST00094" HPOS="1194" VPOS="1585" WIDTH="404" HEIGHT="31" CONTENT="amoureusement" WC="1.00" CC="0020507000003"/>
						<SP ID="P47_SP00073" HPOS="1598" VPOS="1631" WIDTH="38"/>
						<String ID="P47_ST00095" HPOS="1636" VPOS="1572" WIDTH="153" HEIGHT="59" CONTENT="patiné" WC="0.99" CC="000105"/>
						<SP ID="P47_SP00074" HPOS="1789" VPOS="1631" WIDTH="27"/>
						<String ID="P47_ST00096" HPOS="1816" VPOS="1590" WIDTH="76" HEIGHT="41" CONTENT="par" WC="0.98" CC="060"/>
						<SP ID="P47_SP00075" HPOS="1892" VPOS="1631" WIDTH="28"/>
						<String ID="P47_ST00097" HPOS="1920" VPOS="1572" WIDTH="61" HEIGHT="44" CONTENT="les" WC="1.00" CC="000"/>
						<SP ID="P47_SP00076" HPOS="1981" VPOS="1631" WIDTH="38"/>
						<String ID="P47_ST00098" HPOS="2019" VPOS="1572" WIDTH="147" HEIGHT="60" CONTENT="doigts" WC="1.00" CC="000000"/>
						<SP ID="P47_SP00077" HPOS="2166" VPOS="1632" WIDTH="34"/>
						<String ID="P47_ST00099" HPOS="2200" VPOS="1572" WIDTH="53" HEIGHT="43" CONTENT="de" WC="1.00" CC="00"/>
						<SP ID="P47_SP00078" HPOS="2253" VPOS="1632" WIDTH="38"/>
						<String ID="P47_ST00100" HPOS="2291" VPOS="1588" WIDTH="81" HEIGHT="27" CONTENT="son" WC="1.00" CC="000"/>
						<SP ID="P47_SP00079" HPOS="2372" VPOS="1632" WIDTH="28"/>
						<String ID="P47_ST00101" HPOS="2400" VPOS="1571" WIDTH="220" HEIGHT="45" CONTENT="créateur." WC="0.99" CC="035002064"/>
					</TextLine>
					<TextLine ID="P47_TL00023" HPOS="140" VPOS="1638" WIDTH="2479" HEIGHT="64">
						<String ID="P47_ST00102" HPOS="140" VPOS="1639" WIDTH="68" HEIGHT="45" CONTENT="Le" WC="0.67" CC="50"/>
						<SP ID="P47_SP00080" HPOS="208" VPOS="1684" WIDTH="40"/>
						<String ID="P47_ST00103" HPOS="248" VPOS="1657" WIDTH="146" HEIGHT="41" CONTENT="pouce" WC="1.00" CC="00002"/>
						<SP ID="P47_SP00081" HPOS="394" VPOS="1698" WIDTH="38"/>
						<String ID="P47_ST00104" HPOS="432" VPOS="1641" WIDTH="126" HEIGHT="43" CONTENT="hardi" WC="0.98" CC="06006"/>
						<SP ID="P47_SP00082" HPOS="558" VPOS="1698" WIDTH="28"/>
						<String ID="P47_ST00105" HPOS="586" VPOS="1653" WIDTH="44" HEIGHT="31" CONTENT="et" WC="0.54" CC="09"/>
						<SP ID="P47_SP00083" HPOS="630" VPOS="1698" WIDTH="25"/>
						<String ID="P47_ST00106" HPOS="655" VPOS="1652" WIDTH="157" HEIGHT="33" CONTENT="savant" WC="1.00" CC="003000"/>
						<SP ID="P47_SP00084" HPOS="812" VPOS="1698" WIDTH="28"/>
						<String ID="P47_ST00107" HPOS="840" VPOS="1641" WIDTH="53" HEIGHT="43" CONTENT="de" WC="0.87" CC="02"/>
						<SP ID="P47_SP00085" HPOS="893" VPOS="1698" WIDTH="28"/>
						<String ID="P47_ST00108" HPOS="921" VPOS="1640" WIDTH="244" HEIGHT="44" CONTENT="Bourdelle" WC="0.87" CC="500001004"/>
						<SP ID="P47_SP00086" HPOS="1165" VPOS="1698" WIDTH="40"/>
						<String ID="P47_ST00109" HPOS="1205" VPOS="1641" WIDTH="141" HEIGHT="59" CONTENT="paraît" WC="0.98" CC="079030"/>
						<SP ID="P47_SP00087" HPOS="1346" VPOS="1700" WIDTH="26"/>
						<String ID="P47_ST00110" HPOS="1372" VPOS="1642" WIDTH="124" HEIGHT="42" CONTENT="avoir" WC="1.00" CC="00030"/>
						<SP ID="P47_SP00088" HPOS="1496" VPOS="1700" WIDTH="30"/>
						<String ID="P47_ST00111" HPOS="1526" VPOS="1642" WIDTH="313" HEIGHT="60" CONTENT="accompagné" WC="1.00" CC="0000000005"/>
						<SP ID="P47_SP00089" HPOS="1839" VPOS="1702" WIDTH="27"/>
						<String ID="P47_ST00112" HPOS="1866" VPOS="1655" WIDTH="43" HEIGHT="30" CONTENT="et" WC="0.54" CC="17"/>
						<SP ID="P47_SP00090" HPOS="1909" VPOS="1702" WIDTH="39"/>
						<String ID="P47_ST00113" HPOS="1948" VPOS="1641" WIDTH="121" HEIGHT="44" CONTENT="noué" WC="0.99" CC="0006"/>
						<SP ID="P47_SP00091" HPOS="2069" VPOS="1702" WIDTH="39"/>
						<String ID="P47_ST00114" HPOS="2108" VPOS="1641" WIDTH="110" HEIGHT="43" CONTENT="dans" WC="1.00" CC="0000"/>
						<SP ID="P47_SP00092" HPOS="2218" VPOS="1702" WIDTH="41"/>
						<String ID="P47_ST00115" HPOS="2259" VPOS="1640" WIDTH="61" HEIGHT="44" CONTENT="les" WC="1.00" CC="000"/>
						<SP ID="P47_SP00093" HPOS="2320" VPOS="1702" WIDTH="44"/>
						<String ID="P47_ST00116" HPOS="2364" VPOS="1641" WIDTH="83" HEIGHT="44" CONTENT="airs" WC="0.99" CC="0400"/>
						<SP ID="P47_SP00094" HPOS="2447" VPOS="1702" WIDTH="37"/>
						<String ID="P47_ST00117" HPOS="2484" VPOS="1638" WIDTH="135" HEIGHT="46" CONTENT="l'élan" WC="0.98" CC="646000"/>
					</TextLine>
					<TextLine ID="P47_TL00024" HPOS="140" VPOS="1709" WIDTH="616" HEIGHT="61">
						<String ID="P47_ST00118" HPOS="140" VPOS="1710" WIDTH="54" HEIGHT="43" CONTENT="de" WC="1.00" CC="00"/>
						<SP ID="P47_SP00095" HPOS="194" VPOS="1753" WIDTH="27"/>
						<String ID="P47_ST00119" HPOS="221" VPOS="1726" WIDTH="74" HEIGHT="27" CONTENT="ces" WC="1.00" CC="000"/>
						<SP ID="P47_SP00096" HPOS="295" VPOS="1753" WIDTH="35"/>
						<String ID="P47_ST00120" HPOS="330" VPOS="1709" WIDTH="143" HEIGHT="61" CONTENT="lignes" WC="1.00" CC="300000"/>
						<SP ID="P47_SP00097" HPOS="473" VPOS="1770" WIDTH="28"/>
						<String ID="P47_ST00121" HPOS="501" VPOS="1711" WIDTH="255" HEIGHT="44" CONTENT="heureuses." WC="1.00" CC="7000000004"/>
					</TextLine>
					<TextLine ID="P47_TL00025" HPOS="280" VPOS="1776" WIDTH="2342" HEIGHT="63">
						<String ID="P47_ST00122" HPOS="280" VPOS="1778" WIDTH="215" HEIGHT="44" CONTENT="Derrière" WC="0.99" CC="20004700"/>
						<SP ID="P47_SP00098" HPOS="495" VPOS="1822" WIDTH="27"/>
						<String ID="P47_ST00123" HPOS="522" VPOS="1796" WIDTH="49" HEIGHT="27" CONTENT="ce" WC="1.00" CC="00"/>
						<SP ID="P47_SP00099" HPOS="571" VPOS="1823" WIDTH="30"/>
						<String ID="P47_ST00124" HPOS="601" VPOS="1780" WIDTH="206" HEIGHT="58" CONTENT="portique" WC="1.00" CC="00004000"/>
						<SP ID="P47_SP00100" HPOS="807" VPOS="1838" WIDTH="26"/>
						<String ID="P47_ST00125" HPOS="833" VPOS="1776" WIDTH="178" HEIGHT="46" CONTENT="s'ouvre" WC="1.00" CC="0400000"/>
						<SP ID="P47_SP00101" HPOS="1011" VPOS="1838" WIDTH="26"/>
						<String ID="P47_ST00126" HPOS="1037" VPOS="1796" WIDTH="62" HEIGHT="26" CONTENT="un" WC="1.00" CC="00"/>
						<SP ID="P47_SP00102" HPOS="1099" VPOS="1838" WIDTH="40"/>
						<String ID="P47_ST00127" HPOS="1139" VPOS="1781" WIDTH="168" HEIGHT="43" CONTENT="atrium" WC="0.98" CC="058300"/>
						<SP ID="P47_SP00103" HPOS="1307" VPOS="1838" WIDTH="38"/>
						<String ID="P47_ST00128" HPOS="1345" VPOS="1798" WIDTH="88" HEIGHT="26" CONTENT="aux" WC="0.96" CC="910"/>
						<SP ID="P47_SP00104" HPOS="1433" VPOS="1838" WIDTH="42"/>
						<String ID="P47_ST00129" HPOS="1475" VPOS="1796" WIDTH="129" HEIGHT="42" CONTENT="pures" WC="0.99" CC="90000"/>
						<SP ID="P47_SP00105" HPOS="1604" VPOS="1838" WIDTH="38"/>
						<String ID="P47_ST00130" HPOS="1642" VPOS="1780" WIDTH="219" HEIGHT="45" CONTENT="colonnes" WC="1.00" CC="10200000"/>
						<SP ID="P47_SP00106" HPOS="1861" VPOS="1838" WIDTH="36"/>
						<String ID="P47_ST00131" HPOS="1897" VPOS="1779" WIDTH="286" HEIGHT="60" CONTENT="helléniques" WC="1.00" CC="00026000000"/>
						<SP ID="P47_SP00107" HPOS="2183" VPOS="1839" WIDTH="37"/>
						<String ID="P47_ST00132" HPOS="2220" VPOS="1791" WIDTH="128" HEIGHT="32" CONTENT="entre" WC="0.98" CC="06500"/>
						<SP ID="P47_SP00108" HPOS="2348" VPOS="1839" WIDTH="38"/>
						<String ID="P47_ST00133" HPOS="2386" VPOS="1777" WIDTH="236" HEIGHT="61" CONTENT="lesquelles" WC="1.00" CC="4000004020"/>
					</TextLine>
					<TextLine ID="P47_TL00026" HPOS="138" VPOS="1848" WIDTH="2484" HEIGHT="61">
						<String ID="P47_ST00134" HPOS="138" VPOS="1848" WIDTH="253" HEIGHT="43" CONTENT="fleurissent" WC="1.00" CC="11000100000"/>
						<SP ID="P47_SP00109" HPOS="391" VPOS="1891" WIDTH="28"/>
						<String ID="P47_ST00135" HPOS="419" VPOS="1848" WIDTH="75" HEIGHT="44" CONTENT="des" WC="1.00" CC="010"/>
						<SP ID="P47_SP00110" HPOS="494" VPOS="1892" WIDTH="26"/>
						<String ID="P47_ST00136" HPOS="520" VPOS="1850" WIDTH="230" HEIGHT="57" CONTENT="peintures" WC="0.99" CC="004673020"/>
						<SP ID="P47_SP00111" HPOS="750" VPOS="1907" WIDTH="26"/>
						<String ID="P47_ST00137" HPOS="776" VPOS="1848" WIDTH="23" HEIGHT="43" CONTENT="à" WC="0.34" CC="6"/>
						<SP ID="P47_SP00112" HPOS="799" VPOS="1907" WIDTH="27"/>
						<String ID="P47_ST00138" HPOS="826" VPOS="1848" WIDTH="174" HEIGHT="59" CONTENT="fresque" WC="1.00" CC="0010000"/>
						<SP ID="P47_SP00113" HPOS="1000" VPOS="1907" WIDTH="28"/>
						<String ID="P47_ST00139" HPOS="1028" VPOS="1848" WIDTH="240" HEIGHT="45" CONTENT="exécutées" WC="1.00" CC="004100610"/>
						<SP ID="P47_SP00114" HPOS="1268" VPOS="1907" WIDTH="27"/>
						<String ID="P47_ST00140" HPOS="1295" VPOS="1848" WIDTH="258" HEIGHT="61" CONTENT="également" WC="0.99" CC="508220004"/>
						<SP ID="P47_SP00115" HPOS="1553" VPOS="1909" WIDTH="26"/>
						<String ID="P47_ST00141" HPOS="1579" VPOS="1866" WIDTH="77" HEIGHT="41" CONTENT="par" WC="0.98" CC="060"/>
						<SP ID="P47_SP00116" HPOS="1656" VPOS="1909" WIDTH="28"/>
						<String ID="P47_ST00142" HPOS="1684" VPOS="1848" WIDTH="259" HEIGHT="46" CONTENT="Bourdelle." WC="0.86" CC="5000001204"/>
						<SP ID="P47_SP00117" HPOS="1943" VPOS="1909" WIDTH="26"/>
						<String ID="P47_ST00143" HPOS="1969" VPOS="1848" WIDTH="67" HEIGHT="45" CONTENT="La" WC="1.00" CC="00"/>
						<SP ID="P47_SP00118" HPOS="2036" VPOS="1909" WIDTH="25"/>
						<String ID="P47_ST00144" HPOS="2061" VPOS="1848" WIDTH="106" HEIGHT="45" CONTENT="salle" WC="0.99" CC="00040"/>
						<SP ID="P47_SP00119" HPOS="2167" VPOS="1909" WIDTH="25"/>
						<String ID="P47_ST00145" HPOS="2192" VPOS="1848" WIDTH="204" HEIGHT="45" CONTENT="arrondit" WC="1.00" CC="00000050"/>
						<SP ID="P47_SP00120" HPOS="2396" VPOS="1909" WIDTH="20"/>
						<String ID="P47_ST00146" HPOS="2416" VPOS="1864" WIDTH="81" HEIGHT="29" CONTENT="son" WC="1.00" CC="000"/>
						<SP ID="P47_SP00121" HPOS="2497" VPOS="1909" WIDTH="22"/>
						<String ID="P47_ST00147" HPOS="2519" VPOS="1848" WIDTH="78" HEIGHT="43" CONTENT="har" SUBS_TYPE="HypPart1" SUBS_CONTENT="harmonieuse" WC="0.99" CC="000"/>
						<HYP HPOS="2597" VPOS="1848" WIDTH="25" CONTENT="-"/>
					</TextLine>
					<TextLine ID="P47_TL00027" HPOS="139" VPOS="1916" WIDTH="2479" HEIGHT="63">
						<String ID="P47_ST00148" HPOS="139" VPOS="1918" WIDTH="237" HEIGHT="43" CONTENT="monieuse" SUBS_TYPE="HypPart2" SUBS_CONTENT="harmonieuse" WC="0.99" CC="07050000"/>
						<SP ID="P47_SP00122" HPOS="376" VPOS="1961" WIDTH="28"/>
						<String ID="P47_ST00149" HPOS="404" VPOS="1934" WIDTH="145" HEIGHT="42" CONTENT="coupe" WC="0.99" CC="01006"/>
						<SP ID="P47_SP00123" HPOS="549" VPOS="1976" WIDTH="28"/>
						<String ID="P47_ST00150" HPOS="577" VPOS="1918" WIDTH="52" HEIGHT="43" CONTENT="de" WC="1.00" CC="00"/>
						<SP ID="P47_SP00124" HPOS="629" VPOS="1976" WIDTH="30"/>
						<String ID="P47_ST00151" HPOS="659" VPOS="1918" WIDTH="177" HEIGHT="43" CONTENT="marbre" WC="0.98" CC="080250"/>
						<SP ID="P47_SP00125" HPOS="836" VPOS="1976" WIDTH="26"/>
						<String ID="P47_ST00152" HPOS="862" VPOS="1933" WIDTH="103" HEIGHT="28" CONTENT="sous" WC="1.00" CC="0000"/>
						<SP ID="P47_SP00126" HPOS="965" VPOS="1976" WIDTH="25"/>
						<String ID="P47_ST00153" HPOS="990" VPOS="1934" WIDTH="63" HEIGHT="27" CONTENT="un" WC="0.60" CC="07"/>
						<SP ID="P47_SP00127" HPOS="1053" VPOS="1976" WIDTH="29"/>
						<String ID="P47_ST00154" HPOS="1082" VPOS="1918" WIDTH="182" HEIGHT="58" CONTENT="plafond" WC="1.00" CC="0300000"/>
						<SP ID="P47_SP00128" HPOS="1264" VPOS="1976" WIDTH="29"/>
						<String ID="P47_ST00155" HPOS="1293" VPOS="1918" WIDTH="241" HEIGHT="44" CONTENT="lumineux" WC="1.00" CC="00020000"/>
						<SP ID="P47_SP00129" HPOS="1534" VPOS="1976" WIDTH="30"/>
						<String ID="P47_ST00156" HPOS="1564" VPOS="1919" WIDTH="216" HEIGHT="60" CONTENT="baignant" WC="0.99" CC="20006900"/>
						<SP ID="P47_SP00130" HPOS="1780" VPOS="1979" WIDTH="27"/>
						<String ID="P47_ST00157" HPOS="1807" VPOS="1936" WIDTH="90" HEIGHT="27" CONTENT="une" WC="0.95" CC="570"/>
						<SP ID="P47_SP00131" HPOS="1897" VPOS="1979" WIDTH="27"/>
						<String ID="P47_ST00158" HPOS="1924" VPOS="1918" WIDTH="193" HEIGHT="59" CONTENT="coupole" WC="1.00" CC="2000020"/>
						<SP ID="P47_SP00132" HPOS="2117" VPOS="1979" WIDTH="27"/>
						<String ID="P47_ST00159" HPOS="2144" VPOS="1918" WIDTH="60" HEIGHT="43" CONTENT="où" WC="0.60" CC="07"/>
						<SP ID="P47_SP00133" HPOS="2204" VPOS="1979" WIDTH="25"/>
						<String ID="P47_ST00160" HPOS="2229" VPOS="1916" WIDTH="286" HEIGHT="45" CONTENT="s'inscrivent" WC="1.00" CC="040000030100"/>
						<SP ID="P47_SP00134" HPOS="2515" VPOS="1979" WIDTH="40"/>
						<String ID="P47_ST00161" HPOS="2555" VPOS="1916" WIDTH="63" HEIGHT="44" CONTENT="les" WC="0.97" CC="340"/>
					</TextLine>
					<TextLine ID="P47_TL00028" HPOS="137" VPOS="1985" WIDTH="2484" HEIGHT="61">
						<String ID="P47_ST00162" HPOS="137" VPOS="2003" WIDTH="245" HEIGHT="42" CONTENT="panneaux" WC="0.99" CC="87050000"/>
						<SP ID="P47_SP00135" HPOS="382" VPOS="2045" WIDTH="37"/>
						<String ID="P47_ST00163" HPOS="419" VPOS="1986" WIDTH="239" HEIGHT="45" CONTENT="décoratifs" WC="1.00" CC="0600700200"/>
						<SP ID="P47_SP00136" HPOS="658" VPOS="2045" WIDTH="38"/>
						<String ID="P47_ST00164" HPOS="696" VPOS="1987" WIDTH="52" HEIGHT="43" CONTENT="de" WC="1.00" CC="00"/>
						<SP ID="P47_SP00137" HPOS="748" VPOS="2045" WIDTH="41"/>
						<String ID="P47_ST00165" HPOS="789" VPOS="1985" WIDTH="214" HEIGHT="45" CONTENT="Maurice" WC="0.99" CC="0009400"/>
						<SP ID="P47_SP00138" HPOS="1003" VPOS="2045" WIDTH="41"/>
						<String ID="P47_ST00166" HPOS="1044" VPOS="1986" WIDTH="147" HEIGHT="46" CONTENT="Denis" WC="0.99" CC="02030"/>
						<SP ID="P47_SP00139" HPOS="1191" VPOS="2045" WIDTH="39"/>
						<String ID="P47_ST00167" HPOS="1230" VPOS="1988" WIDTH="312" HEIGHT="58" CONTENT="représentant" WC="1.00" CC="000070000004"/>
						<SP ID="P47_SP00140" HPOS="1542" VPOS="2046" WIDTH="38"/>
						<String ID="P47_ST00168" HPOS="1580" VPOS="1987" WIDTH="238" HEIGHT="45" CONTENT="l'Histoire" WC="0.99" CC="4440003102"/>
						<SP ID="P47_SP00141" HPOS="1818" VPOS="2046" WIDTH="39"/>
						<String ID="P47_ST00169" HPOS="1857" VPOS="1988" WIDTH="54" HEIGHT="44" CONTENT="de" WC="0.93" CC="01"/>
						<SP ID="P47_SP00142" HPOS="1911" VPOS="2046" WIDTH="45"/>
						<String ID="P47_ST00170" HPOS="1956" VPOS="1987" WIDTH="40" HEIGHT="44" CONTENT="la" WC="0.81" CC="30"/>
						<SP ID="P47_SP00143" HPOS="1996" VPOS="2046" WIDTH="41"/>
						<String ID="P47_ST00171" HPOS="2037" VPOS="1987" WIDTH="236" HEIGHT="59" CONTENT="Musique," WC="1.00" CC="00010004"/>
						<SP ID="P47_SP00144" HPOS="2273" VPOS="2046" WIDTH="47"/>
						<String ID="P47_ST00172" HPOS="2320" VPOS="1985" WIDTH="240" HEIGHT="60" CONTENT="d'Orphée" WC="0.99" CC="04000074"/>
						<SP ID="P47_SP00145" HPOS="2560" VPOS="2046" WIDTH="36"/>
						<String ID="P47_ST00173" HPOS="2596" VPOS="1985" WIDTH="25" HEIGHT="45" CONTENT="à" WC="0.20" CC="7"/>
					</TextLine>
					<TextLine ID="P47_TL00029" HPOS="139" VPOS="2055" WIDTH="2479" HEIGHT="62">
						<String ID="P47_ST00174" HPOS="139" VPOS="2055" WIDTH="231" HEIGHT="62" CONTENT="Debussy." WC="0.99" CC="00030773"/>
						<SP ID="P47_SP00146" HPOS="370" VPOS="2117" WIDTH="33"/>
						<String ID="P47_ST00175" HPOS="403" VPOS="2056" WIDTH="80" HEIGHT="43" CONTENT="Un" WC="0.62" CC="07"/>
						<SP ID="P47_SP00147" HPOS="483" VPOS="2117" WIDTH="29"/>
						<String ID="P47_ST00176" HPOS="512" VPOS="2056" WIDTH="155" HEIGHT="43" CONTENT="rideau" WC="0.99" CC="050090"/>
						<SP ID="P47_SP00148" HPOS="667" VPOS="2117" WIDTH="27"/>
						<String ID="P47_ST00177" HPOS="694" VPOS="2056" WIDTH="208" HEIGHT="60" CONTENT="d'argent" WC="1.00" CC="04000000"/>
						<SP ID="P47_SP00149" HPOS="902" VPOS="2117" WIDTH="20"/>
						<String ID="P47_ST00178" HPOS="922" VPOS="2055" WIDTH="204" HEIGHT="46" CONTENT="refléchit" WC="1.00" CC="000060000"/>
						<SP ID="P47_SP00150" HPOS="1126" VPOS="2117" WIDTH="27"/>
						<String ID="P47_ST00179" HPOS="1153" VPOS="2058" WIDTH="40" HEIGHT="44" CONTENT="la" WC="0.94" CC="10"/>
						<SP ID="P47_SP00151" HPOS="1193" VPOS="2117" WIDTH="26"/>
						<String ID="P47_ST00180" HPOS="1219" VPOS="2057" WIDTH="192" HEIGHT="44" CONTENT="lumière" WC="0.98" CC="3003590"/>
						<SP ID="P47_SP00152" HPOS="1411" VPOS="2117" WIDTH="23"/>
						<String ID="P47_ST00181" HPOS="1434" VPOS="2069" WIDTH="43" HEIGHT="31" CONTENT="et" WC="1.00" CC="00"/>
						<SP ID="P47_SP00153" HPOS="1477" VPOS="2117" WIDTH="20"/>
						<String ID="P47_ST00182" HPOS="1497" VPOS="2074" WIDTH="44" HEIGHT="27" CONTENT="se" WC="0.66" CC="06"/>
						<SP ID="P47_SP00154" HPOS="1541" VPOS="2117" WIDTH="23"/>
						<String ID="P47_ST00183" HPOS="1564" VPOS="2074" WIDTH="180" HEIGHT="27" CONTENT="nuance" WC="0.99" CC="000035"/>
						<SP ID="P47_SP00155" HPOS="1744" VPOS="2117" WIDTH="20"/>
						<String ID="P47_ST00184" HPOS="1764" VPOS="2075" WIDTH="57" HEIGHT="26" CONTENT="au" WC="1.00" CC="00"/>
						<SP ID="P47_SP00156" HPOS="1821" VPOS="2117" WIDTH="27"/>
						<String ID="P47_ST00185" HPOS="1848" VPOS="2057" WIDTH="77" HEIGHT="60" CONTENT="gré" WC="0.97" CC="006"/>
						<SP ID="P47_SP00157" HPOS="1925" VPOS="2117" WIDTH="22"/>
						<String ID="P47_ST00186" HPOS="1947" VPOS="2058" WIDTH="52" HEIGHT="42" CONTENT="de" WC="0.95" CC="00"/>
						<SP ID="P47_SP00158" HPOS="1999" VPOS="2117" WIDTH="28"/>
						<String ID="P47_ST00187" HPOS="2027" VPOS="2056" WIDTH="293" HEIGHT="44" CONTENT="l'électricien" WC="0.99" CC="4444104050170"/>
						<SP ID="P47_SP00159" HPOS="2320" VPOS="2117" WIDTH="25"/>
						<String ID="P47_ST00188" HPOS="2345" VPOS="2072" WIDTH="184" HEIGHT="28" CONTENT="comme" WC="1.00" CC="00001"/>
						<SP ID="P47_SP00160" HPOS="2529" VPOS="2117" WIDTH="26"/>
						<String ID="P47_ST00189" HPOS="2555" VPOS="2072" WIDTH="63" HEIGHT="26" CONTENT="un" WC="1.00" CC="00"/>
					</TextLine>
					<TextLine ID="P47_TL00030" HPOS="140" VPOS="2123" WIDTH="2480" HEIGHT="64">
						<String ID="P47_ST00190" HPOS="140" VPOS="2125" WIDTH="137" HEIGHT="60" CONTENT="étang" WC="0.98" CC="67000"/>
						<SP ID="P47_SP00161" HPOS="277" VPOS="2185" WIDTH="25"/>
						<String ID="P47_ST00191" HPOS="302" VPOS="2142" WIDTH="58" HEIGHT="27" CONTENT="au" WC="1.00" CC="00"/>
						<SP ID="P47_SP00162" HPOS="360" VPOS="2185" WIDTH="28"/>
						<String ID="P47_ST00192" HPOS="388" VPOS="2125" WIDTH="278" HEIGHT="58" CONTENT="crépuscule." WC="1.00" CC="00400030024"/>
						<SP ID="P47_SP00163" HPOS="666" VPOS="2185" WIDTH="32"/>
						<String ID="P47_ST00193" HPOS="698" VPOS="2125" WIDTH="88" HEIGHT="44" CONTENT="Les" WC="1.00" CC="000"/>
						<SP ID="P47_SP00164" HPOS="786" VPOS="2185" WIDTH="28"/>
						<String ID="P47_ST00194" HPOS="814" VPOS="2125" WIDTH="129" HEIGHT="43" CONTENT="flûtes" WC="1.00" CC="001030"/>
						<SP ID="P47_SP00165" HPOS="943" VPOS="2185" WIDTH="26"/>
						<String ID="P47_ST00195" HPOS="969" VPOS="2127" WIDTH="236" HEIGHT="57" CONTENT="argentées" WC="0.99" CC="000080700"/>
						<SP ID="P47_SP00166" HPOS="1205" VPOS="2185" WIDTH="27"/>
						<String ID="P47_ST00196" HPOS="1232" VPOS="2126" WIDTH="110" HEIGHT="44" CONTENT="d'un" WC="0.99" CC="0400"/>
						<SP ID="P47_SP00167" HPOS="1342" VPOS="2185" WIDTH="29"/>
						<String ID="P47_ST00197" HPOS="1371" VPOS="2125" WIDTH="141" HEIGHT="62" CONTENT="grand" WC="1.00" CC="00000"/>
						<SP ID="P47_SP00168" HPOS="1512" VPOS="2187" WIDTH="27"/>
						<String ID="P47_ST00198" HPOS="1539" VPOS="2143" WIDTH="139" HEIGHT="42" CONTENT="orgue" WC="0.99" CC="00900"/>
						<SP ID="P47_SP00169" HPOS="1678" VPOS="2187" WIDTH="28"/>
						<String ID="P47_ST00199" HPOS="1706" VPOS="2126" WIDTH="249" HEIGHT="44" CONTENT="encadrent" WC="0.99" CC="000009080"/>
						<SP ID="P47_SP00170" HPOS="1955" VPOS="2187" WIDTH="28"/>
						<String ID="P47_ST00200" HPOS="1983" VPOS="2125" WIDTH="40" HEIGHT="45" CONTENT="la" WC="0.89" CC="20"/>
						<SP ID="P47_SP00171" HPOS="2023" VPOS="2187" WIDTH="25"/>
						<String ID="P47_ST00201" HPOS="2048" VPOS="2126" WIDTH="133" HEIGHT="44" CONTENT="scène" WC="0.99" CC="01600"/>
						<SP ID="P47_SP00172" HPOS="2181" VPOS="2187" WIDTH="28"/>
						<String ID="P47_ST00202" HPOS="2209" VPOS="2137" WIDTH="44" HEIGHT="32" CONTENT="et" WC="0.99" CC="00"/>
						<SP ID="P47_SP00173" HPOS="2253" VPOS="2187" WIDTH="22"/>
						<String ID="P47_ST00203" HPOS="2275" VPOS="2125" WIDTH="284" HEIGHT="59" CONTENT="complètent" WC="1.00" CC="0000270060"/>
						<SP ID="P47_SP00174" HPOS="2559" VPOS="2187" WIDTH="21"/>
						<String ID="P47_ST00204" HPOS="2580" VPOS="2123" WIDTH="40" HEIGHT="44" CONTENT="la" WC="0.84" CC="30"/>
					</TextLine>
					<TextLine ID="P47_TL00031" HPOS="139" VPOS="2192" WIDTH="2481" HEIGHT="64">
						<String ID="P47_ST00205" HPOS="139" VPOS="2193" WIDTH="261" HEIGHT="45" CONTENT="décoration" WC="0.99" CC="0600904200"/>
						<SP ID="P47_SP00175" HPOS="400" VPOS="2238" WIDTH="29"/>
						<String ID="P47_ST00206" HPOS="429" VPOS="2194" WIDTH="61" HEIGHT="44" CONTENT="du" WC="1.00" CC="00"/>
						<SP ID="P47_SP00176" HPOS="490" VPOS="2238" WIDTH="27"/>
						<String ID="P47_ST00207" HPOS="517" VPOS="2194" WIDTH="170" HEIGHT="45" CONTENT="rideau." WC="0.99" CC="9000003"/>
						<SP ID="P47_SP00177" HPOS="687" VPOS="2239" WIDTH="29"/>
						<String ID="P47_ST00208" HPOS="716" VPOS="2194" WIDTH="170" HEIGHT="44" CONTENT="Inutile" WC="1.00" CC="2000400"/>
						<SP ID="P47_SP00178" HPOS="886" VPOS="2239" WIDTH="28"/>
						<String ID="P47_ST00209" HPOS="914" VPOS="2192" WIDTH="221" HEIGHT="62" CONTENT="d'ajouter" WC="1.00" CC="040030000"/>
						<SP ID="P47_SP00179" HPOS="1135" VPOS="2254" WIDTH="27"/>
						<String ID="P47_ST00210" HPOS="1162" VPOS="2213" WIDTH="85" HEIGHT="43" CONTENT="que" WC="0.98" CC="060"/>
						<SP ID="P47_SP00180" HPOS="1247" VPOS="2256" WIDTH="30"/>
						<String ID="P47_ST00211" HPOS="1277" VPOS="2196" WIDTH="39" HEIGHT="43" CONTENT="la" WC="0.75" CC="50"/>
						<SP ID="P47_SP00181" HPOS="1316" VPOS="2256" WIDTH="27"/>
						<String ID="P47_ST00212" HPOS="1343" VPOS="2196" WIDTH="355" HEIGHT="58" CONTENT="préoccupation" WC="1.00" CC="0050003000600"/>
						<SP ID="P47_SP00182" HPOS="1698" VPOS="2256" WIDTH="29"/>
						<String ID="P47_ST00213" HPOS="1727" VPOS="2195" WIDTH="110" HEIGHT="44" CONTENT="d'un" WC="0.99" CC="0400"/>
						<SP ID="P47_SP00183" HPOS="1837" VPOS="2256" WIDTH="29"/>
						<String ID="P47_ST00214" HPOS="1866" VPOS="2196" WIDTH="181" HEIGHT="43" CONTENT="confort" WC="1.00" CC="0000000"/>
						<SP ID="P47_SP00184" HPOS="2047" VPOS="2256" WIDTH="28"/>
						<String ID="P47_ST00215" HPOS="2075" VPOS="2196" WIDTH="206" HEIGHT="43" CONTENT="inconnu" WC="1.00" CC="0000000"/>
						<SP ID="P47_SP00185" HPOS="2281" VPOS="2256" WIDTH="28"/>
						<String ID="P47_ST00216" HPOS="2309" VPOS="2212" WIDTH="56" HEIGHT="26" CONTENT="en" WC="1.00" CC="00"/>
						<SP ID="P47_SP00186" HPOS="2365" VPOS="2256" WIDTH="29"/>
						<String ID="P47_ST00217" HPOS="2394" VPOS="2194" WIDTH="174" HEIGHT="44" CONTENT="France" WC="1.00" CC="000000"/>
						<SP ID="P47_SP00187" HPOS="2568" VPOS="2256" WIDTH="27"/>
						<String ID="P47_ST00218" HPOS="2595" VPOS="2210" WIDTH="25" HEIGHT="27" CONTENT="a" WC="0.05" CC="9"/>
					</TextLine>
					<TextLine ID="P47_TL00032" HPOS="137" VPOS="2262" WIDTH="2484" HEIGHT="63">
						<String ID="P47_ST00219" HPOS="137" VPOS="2262" WIDTH="174" HEIGHT="59" CONTENT="présidé" WC="0.99" CC="0070006"/>
						<SP ID="P47_SP00188" HPOS="311" VPOS="2321" WIDTH="27"/>
						<String ID="P47_ST00220" HPOS="338" VPOS="2264" WIDTH="23" HEIGHT="43" CONTENT="à" WC="0.32" CC="6"/>
						<SP ID="P47_SP00189" HPOS="361" VPOS="2321" WIDTH="27"/>
						<String ID="P47_ST00221" HPOS="388" VPOS="2262" WIDTH="391" HEIGHT="61" CONTENT="l'aménagement" WC="0.99" CC="4390670000080"/>
						<SP ID="P47_SP00190" HPOS="779" VPOS="2323" WIDTH="26"/>
						<String ID="P47_ST00222" HPOS="805" VPOS="2263" WIDTH="53" HEIGHT="43" CONTENT="de" WC="0.93" CC="01"/>
						<SP ID="P47_SP00191" HPOS="858" VPOS="2323" WIDTH="29"/>
						<String ID="P47_ST00223" HPOS="887" VPOS="2262" WIDTH="40" HEIGHT="44" CONTENT="la" WC="0.84" CC="30"/>
						<SP ID="P47_SP00192" HPOS="927" VPOS="2323" WIDTH="25"/>
						<String ID="P47_ST00224" HPOS="952" VPOS="2262" WIDTH="120" HEIGHT="48" CONTENT="salle." WC="0.99" CC="005004"/>
						<SP ID="P47_SP00193" HPOS="1072" VPOS="2323" WIDTH="31"/>
						<String ID="P47_ST00225" HPOS="1103" VPOS="2265" WIDTH="88" HEIGHT="46" CONTENT="Les" WC="1.00" CC="000"/>
						<SP ID="P47_SP00194" HPOS="1191" VPOS="2323" WIDTH="26"/>
						<String ID="P47_ST00226" HPOS="1217" VPOS="2264" WIDTH="230" HEIGHT="57" CONTENT="fauteuils," WC="1.00" CC="0000000474"/>
						<SP ID="P47_SP00195" HPOS="1447" VPOS="2323" WIDTH="28"/>
						<String ID="P47_ST00227" HPOS="1475" VPOS="2264" WIDTH="63" HEIGHT="44" CONTENT="les" WC="0.97" CC="150"/>
						<SP ID="P47_SP00196" HPOS="1538" VPOS="2323" WIDTH="26"/>
						<String ID="P47_ST00228" HPOS="1564" VPOS="2264" WIDTH="135" HEIGHT="61" CONTENT="loges," WC="0.99" CC="400004"/>
						<SP ID="P47_SP00197" HPOS="1699" VPOS="2325" WIDTH="30"/>
						<String ID="P47_ST00229" HPOS="1729" VPOS="2264" WIDTH="61" HEIGHT="45" CONTENT="les" WC="0.99" CC="200"/>
						<SP ID="P47_SP00198" HPOS="1790" VPOS="2325" WIDTH="35"/>
						<String ID="P47_ST00230" HPOS="1825" VPOS="2264" WIDTH="208" HEIGHT="58" CONTENT="couloirs," WC="1.00" CC="001002004"/>
						<SP ID="P47_SP00199" HPOS="2033" VPOS="2325" WIDTH="42"/>
						<String ID="P47_ST00231" HPOS="2075" VPOS="2264" WIDTH="63" HEIGHT="44" CONTENT="les" WC="0.99" CC="300"/>
						<SP ID="P47_SP00200" HPOS="2138" VPOS="2325" WIDTH="40"/>
						<String ID="P47_ST00232" HPOS="2178" VPOS="2264" WIDTH="341" HEIGHT="61" CONTENT="dégagements," WC="1.00" CC="069000000004"/>
						<SP ID="P47_SP00201" HPOS="2519" VPOS="2325" WIDTH="38"/>
						<String ID="P47_ST00233" HPOS="2557" VPOS="2262" WIDTH="64" HEIGHT="44" CONTENT="les" WC="0.99" CC="300"/>
					</TextLine>
					<TextLine ID="P47_TL00033" HPOS="141" VPOS="2331" WIDTH="2476" HEIGHT="62">
						<String ID="P47_ST00234" HPOS="141" VPOS="2333" WIDTH="241" HEIGHT="57" CONTENT="vestiaires," WC="0.99" CC="09004023004"/>
						<SP ID="P47_SP00202" HPOS="382" VPOS="2390" WIDTH="29"/>
						<String ID="P47_ST00235" HPOS="411" VPOS="2332" WIDTH="62" HEIGHT="44" CONTENT="les" WC="0.99" CC="300"/>
						<SP ID="P47_SP00203" HPOS="473" VPOS="2390" WIDTH="26"/>
						<String ID="P47_ST00236" HPOS="499" VPOS="2333" WIDTH="162" HEIGHT="60" CONTENT="foyers," WC="1.00" CC="0000004"/>
						<SP ID="P47_SP00204" HPOS="661" VPOS="2393" WIDTH="29"/>
						<String ID="P47_ST00237" HPOS="690" VPOS="2333" WIDTH="203" HEIGHT="56" CONTENT="fumoirs," WC="1.00" CC="00004004"/>
						<SP ID="P47_SP00205" HPOS="893" VPOS="2393" WIDTH="32"/>
						<String ID="P47_ST00238" HPOS="925" VPOS="2332" WIDTH="96" HEIGHT="44" CONTENT="bars" WC="0.98" CC="0036"/>
						<SP ID="P47_SP00206" HPOS="1021" VPOS="2393" WIDTH="26"/>
						<String ID="P47_ST00239" HPOS="1047" VPOS="2348" WIDTH="43" HEIGHT="31" CONTENT="et" WC="0.68" CC="06"/>
						<SP ID="P47_SP00207" HPOS="1090" VPOS="2393" WIDTH="28"/>
						<String ID="P47_ST00240" HPOS="1118" VPOS="2335" WIDTH="212" HEIGHT="44" CONTENT="boudoirs" WC="1.00" CC="00000260"/>
						<SP ID="P47_SP00208" HPOS="1330" VPOS="2393" WIDTH="26"/>
						<String ID="P47_ST00241" HPOS="1356" VPOS="2345" WIDTH="81" HEIGHT="33" CONTENT="ont" WC="1.00" CC="000"/>
						<SP ID="P47_SP00209" HPOS="1437" VPOS="2393" WIDTH="28"/>
						<String ID="P47_ST00242" HPOS="1465" VPOS="2333" WIDTH="70" HEIGHT="44" CONTENT="été" WC="0.95" CC="606"/>
						<SP ID="P47_SP00210" HPOS="1535" VPOS="2393" WIDTH="27"/>
						<String ID="P47_ST00243" HPOS="1562" VPOS="2350" WIDTH="171" HEIGHT="40" CONTENT="conçus" WC="1.00" CC="000030"/>
						<SP ID="P47_SP00211" HPOS="1733" VPOS="2393" WIDTH="27"/>
						<String ID="P47_ST00244" HPOS="1760" VPOS="2333" WIDTH="173" HEIGHT="59" CONTENT="d'après" WC="0.99" CC="0400970"/>
						<SP ID="P47_SP00212" HPOS="1933" VPOS="2393" WIDTH="25"/>
						<String ID="P47_ST00245" HPOS="1958" VPOS="2334" WIDTH="62" HEIGHT="44" CONTENT="les" WC="0.98" CC="500"/>
						<SP ID="P47_SP00213" HPOS="2020" VPOS="2393" WIDTH="27"/>
						<String ID="P47_ST00246" HPOS="2047" VPOS="2333" WIDTH="98" HEIGHT="59" CONTENT="plus" WC="1.00" CC="0000"/>
						<SP ID="P47_SP00214" HPOS="2145" VPOS="2393" WIDTH="28"/>
						<String ID="P47_ST00247" HPOS="2173" VPOS="2333" WIDTH="230" HEIGHT="45" CONTENT="brillantes" WC="1.00" CC="0006000000"/>
						<SP ID="P47_SP00215" HPOS="2403" VPOS="2393" WIDTH="38"/>
						<String ID="P47_ST00248" HPOS="2441" VPOS="2331" WIDTH="176" HEIGHT="45" CONTENT="réalisa-" WC="0.99" CC="05056007"/>
					</TextLine>
				</TextBlock>
				<TextBlock ID="P47_TB00006" HPOS="1074" VPOS="2401" WIDTH="682" HEIGHT="1170" STYLEREFS="TXT_1 PAR_LEFT">
					<TextLine ID="P47_TL00034" HPOS="1076" VPOS="2403" WIDTH="677" HEIGHT="59">
						<String ID="P47_ST00249" HPOS="1076" VPOS="2406" WIDTH="119" HEIGHT="43" CONTENT="tions" WC="0.64" CC="46070"/>
						<SP ID="P47_SP00216" HPOS="1195" VPOS="2449" WIDTH="27"/>
						<String ID="P47_ST00250" HPOS="1222" VPOS="2405" WIDTH="75" HEIGHT="43" CONTENT="des" WC="1.00" CC="000"/>
						<SP ID="P47_SP00217" HPOS="1297" VPOS="2449" WIDTH="27"/>
						<String ID="P47_ST00251" HPOS="1324" VPOS="2403" WIDTH="100" HEIGHT="59" CONTENT="plus" WC="0.99" CC="0050"/>
						<SP ID="P47_SP00218" HPOS="1424" VPOS="2462" WIDTH="28"/>
						<String ID="P47_ST00252" HPOS="1452" VPOS="2404" WIDTH="146" HEIGHT="42" CONTENT="beaux" WC="0.98" CC="00660"/>
						<SP ID="P47_SP00219" HPOS="1598" VPOS="2462" WIDTH="28"/>
						<String ID="P47_ST00253" HPOS="1626" VPOS="2403" WIDTH="102" HEIGHT="44" CONTENT="théâ" SUBS_TYPE="HypPart1" SUBS_CONTENT="théâtres" WC="0.96" CC="6667"/>
						<HYP HPOS="1728" VPOS="2403" WIDTH="25" CONTENT="-"/>
					</TextLine>
					<TextLine ID="P47_TL00035" HPOS="1076" VPOS="2471" WIDTH="678" HEIGHT="63">
						<String ID="P47_ST00254" HPOS="1076" VPOS="2486" WIDTH="87" HEIGHT="32" CONTENT="tres" SUBS_TYPE="HypPart2" SUBS_CONTENT="théâtres" WC="0.99" CC="4000"/>
						<SP ID="P47_SP00220" HPOS="1163" VPOS="2518" WIDTH="37"/>
						<String ID="P47_ST00255" HPOS="1200" VPOS="2473" WIDTH="186" HEIGHT="61" CONTENT="anglais," WC="0.98" CC="62205607"/>
						<SP ID="P47_SP00221" HPOS="1386" VPOS="2534" WIDTH="40"/>
						<String ID="P47_ST00256" HPOS="1426" VPOS="2471" WIDTH="253" HEIGHT="45" CONTENT="allemands" WC="1.00" CC="003000040"/>
						<SP ID="P47_SP00222" HPOS="1679" VPOS="2534" WIDTH="31"/>
						<String ID="P47_ST00257" HPOS="1710" VPOS="2485" WIDTH="44" HEIGHT="31" CONTENT="et" WC="0.73" CC="05"/>
					</TextLine>
					<TextLine ID="P47_TL00036" HPOS="1075" VPOS="2540" WIDTH="680" HEIGHT="63">
						<String ID="P47_ST00258" HPOS="1075" VPOS="2560" WIDTH="156" HEIGHT="41" CONTENT="russes," WC="0.99" CC="3000007"/>
						<SP ID="P47_SP00223" HPOS="1231" VPOS="2601" WIDTH="23"/>
						<String ID="P47_ST00259" HPOS="1254" VPOS="2544" WIDTH="77" HEIGHT="59" CONTENT="qui" WC="0.98" CC="302"/>
						<SP ID="P47_SP00224" HPOS="1331" VPOS="2603" WIDTH="24"/>
						<String ID="P47_ST00260" HPOS="1355" VPOS="2542" WIDTH="158" HEIGHT="59" CONTENT="depuis" WC="1.00" CC="000000"/>
						<SP ID="P47_SP00225" HPOS="1513" VPOS="2603" WIDTH="26"/>
						<String ID="P47_ST00261" HPOS="1539" VPOS="2540" WIDTH="216" HEIGHT="60" CONTENT="quelques" WC="1.00" CC="10053000"/>
					</TextLine>
					<TextLine ID="P47_TL00037" HPOS="1075" VPOS="2610" WIDTH="680" HEIGHT="47">
						<String ID="P47_ST00262" HPOS="1075" VPOS="2612" WIDTH="169" HEIGHT="45" CONTENT="années" WC="0.99" CC="000740"/>
						<SP ID="P47_SP00226" HPOS="1244" VPOS="2657" WIDTH="50"/>
						<String ID="P47_ST00263" HPOS="1294" VPOS="2628" WIDTH="115" HEIGHT="28" CONTENT="nous" WC="1.00" CC="0000"/>
						<SP ID="P47_SP00227" HPOS="1409" VPOS="2657" WIDTH="47"/>
						<String ID="P47_ST00264" HPOS="1456" VPOS="2610" WIDTH="299" HEIGHT="45" CONTENT="humilièrent" WC="1.00" CC="10023070005"/>
					</TextLine>
					<TextLine ID="P47_TL00038" HPOS="1077" VPOS="2679" WIDTH="678" HEIGHT="47">
						<String ID="P47_ST00265" HPOS="1077" VPOS="2683" WIDTH="52" HEIGHT="42" CONTENT="de" WC="1.00" CC="00"/>
						<SP ID="P47_SP00228" HPOS="1129" VPOS="2725" WIDTH="45"/>
						<String ID="P47_ST00266" HPOS="1174" VPOS="2681" WIDTH="97" HEIGHT="44" CONTENT="leur" WC="1.00" CC="0000"/>
						<SP ID="P47_SP00229" HPOS="1271" VPOS="2725" WIDTH="44"/>
						<String ID="P47_ST00267" HPOS="1315" VPOS="2681" WIDTH="105" HEIGHT="45" CONTENT="luxe" WC="0.99" CC="3020"/>
						<SP ID="P47_SP00230" HPOS="1420" VPOS="2726" WIDTH="52"/>
						<String ID="P47_ST00268" HPOS="1472" VPOS="2691" WIDTH="45" HEIGHT="33" CONTENT="et" WC="0.86" CC="20"/>
						<SP ID="P47_SP00231" HPOS="1517" VPOS="2726" WIDTH="45"/>
						<String ID="P47_ST00269" HPOS="1562" VPOS="2679" WIDTH="52" HEIGHT="44" CONTENT="de" WC="1.00" CC="00"/>
						<SP ID="P47_SP00232" HPOS="1614" VPOS="2726" WIDTH="43"/>
						<String ID="P47_ST00270" HPOS="1657" VPOS="2680" WIDTH="98" HEIGHT="44" CONTENT="leur" WC="1.00" CC="0000"/>
					</TextLine>
					<TextLine ID="P47_TL00039" HPOS="1075" VPOS="2750" WIDTH="229" HEIGHT="61">
						<String ID="P47_ST00271" HPOS="1075" VPOS="2750" WIDTH="229" HEIGHT="61" CONTENT="élégance." WC="0.99" CC="000480004"/>
					</TextLine>
					<TextLine ID="P47_TL00040" HPOS="1216" VPOS="2818" WIDTH="537" HEIGHT="59">
						<String ID="P47_ST00272" HPOS="1216" VPOS="2819" WIDTH="69" HEIGHT="45" CONTENT="La" WC="1.00" CC="00"/>
						<SP ID="P47_SP00233" HPOS="1285" VPOS="2864" WIDTH="39"/>
						<String ID="P47_ST00273" HPOS="1324" VPOS="2819" WIDTH="149" HEIGHT="58" CONTENT="scène," WC="0.99" CC="007007"/>
						<SP ID="P47_SP00234" HPOS="1473" VPOS="2877" WIDTH="39"/>
						<String ID="P47_ST00274" HPOS="1512" VPOS="2818" WIDTH="241" HEIGHT="45" CONTENT="machinée" WC="0.99" CC="00005770"/>
					</TextLine>
					<TextLine ID="P47_TL00041" HPOS="1077" VPOS="2888" WIDTH="676" HEIGHT="62">
						<String ID="P47_ST00275" HPOS="1077" VPOS="2906" WIDTH="182" HEIGHT="28" CONTENT="comme" WC="1.00" CC="00000"/>
						<SP ID="P47_SP00235" HPOS="1259" VPOS="2934" WIDTH="28"/>
						<String ID="P47_ST00276" HPOS="1287" VPOS="2888" WIDTH="24" HEIGHT="45" CONTENT="à" WC="0.26" CC="7"/>
						<SP ID="P47_SP00236" HPOS="1311" VPOS="2934" WIDTH="27"/>
						<String ID="P47_ST00277" HPOS="1338" VPOS="2888" WIDTH="250" HEIGHT="62" CONTENT="Bayreuth," WC="0.95" CC="000000004"/>
						<SP ID="P47_SP00237" HPOS="1588" VPOS="2950" WIDTH="30"/>
						<String ID="P47_ST00278" HPOS="1618" VPOS="2905" WIDTH="108" HEIGHT="42" CONTENT="pour" SUBS_TYPE="HypPart1" SUBS_CONTENT="pourvue" WC="1.00" CC="0000"/>
						<HYP HPOS="1726" VPOS="2905" WIDTH="27" CONTENT="-"/>
					</TextLine>
					<TextLine ID="P47_TL00042" HPOS="1080" VPOS="2956" WIDTH="672" HEIGHT="60">
						<String ID="P47_ST00279" HPOS="1080" VPOS="2976" WIDTH="85" HEIGHT="26" CONTENT="vue" SUBS_TYPE="HypPart2" SUBS_CONTENT="pourvue" WC="0.99" CC="100"/>
						<SP ID="P47_SP00238" HPOS="1165" VPOS="3002" WIDTH="51"/>
						<String ID="P47_ST00280" HPOS="1216" VPOS="2959" WIDTH="52" HEIGHT="43" CONTENT="de" WC="0.89" CC="02"/>
						<SP ID="P47_SP00239" HPOS="1268" VPOS="3002" WIDTH="45"/>
						<String ID="P47_ST00281" HPOS="1313" VPOS="2969" WIDTH="103" HEIGHT="33" CONTENT="tous" WC="0.99" CC="6000"/>
						<SP ID="P47_SP00240" HPOS="1416" VPOS="3002" WIDTH="51"/>
						<String ID="P47_ST00282" HPOS="1467" VPOS="2956" WIDTH="62" HEIGHT="46" CONTENT="les" WC="1.00" CC="000"/>
						<SP ID="P47_SP00241" HPOS="1529" VPOS="3002" WIDTH="49"/>
						<String ID="P47_ST00283" HPOS="1578" VPOS="2958" WIDTH="150" HEIGHT="58" CONTENT="perfec" SUBS_TYPE="HypPart1" SUBS_CONTENT="perfectionnements" WC="0.99" CC="000600"/>
						<HYP HPOS="1728" VPOS="2958" WIDTH="24" CONTENT="-"/>
					</TextLine>
					<TextLine ID="P47_TL00043" HPOS="1078" VPOS="3027" WIDTH="676" HEIGHT="59">
						<String ID="P47_ST00284" HPOS="1078" VPOS="3029" WIDTH="317" HEIGHT="43" CONTENT="tionnements" SUBS_TYPE="HypPart2" SUBS_CONTENT="perfectionnements" WC="1.00" CC="05000000000"/>
						<SP ID="P47_SP00242" HPOS="1395" VPOS="3072" WIDTH="88"/>
						<String ID="P47_ST00285" HPOS="1483" VPOS="3027" WIDTH="271" HEIGHT="59" CONTENT="techniques" WC="1.00" CC="0000060000"/>
					</TextLine>
					<TextLine ID="P47_TL00044" HPOS="1079" VPOS="3095" WIDTH="673" HEIGHT="63">
						<String ID="P47_ST00286" HPOS="1079" VPOS="3114" WIDTH="178" HEIGHT="27" CONTENT="connus" WC="1.00" CC="000000"/>
						<SP ID="P47_SP00243" HPOS="1257" VPOS="3141" WIDTH="43"/>
						<String ID="P47_ST00287" HPOS="1300" VPOS="3095" WIDTH="178" HEIGHT="63" CONTENT="jusqu'à" WC="0.99" CC="5000026"/>
						<SP ID="P47_SP00244" HPOS="1478" VPOS="3158" WIDTH="48"/>
						<String ID="P47_ST00288" HPOS="1526" VPOS="3113" WIDTH="50" HEIGHT="27" CONTENT="ce" WC="1.00" CC="00"/>
						<SP ID="P47_SP00245" HPOS="1576" VPOS="3158" WIDTH="57"/>
						<String ID="P47_ST00289" HPOS="1633" VPOS="3096" WIDTH="119" HEIGHT="61" CONTENT="jour," WC="0.98" CC="63014"/>
					</TextLine>
					<TextLine ID="P47_TL00045" HPOS="1080" VPOS="3164" WIDTH="675" HEIGHT="62">
						<String ID="P47_ST00290" HPOS="1080" VPOS="3177" WIDTH="247" HEIGHT="49" CONTENT="permettra" WC="1.00" CC="020030000"/>
						<SP ID="P47_SP00246" HPOS="1327" VPOS="3226" WIDTH="44"/>
						<String ID="P47_ST00291" HPOS="1371" VPOS="3164" WIDTH="278" HEIGHT="46" CONTENT="d'accueillir" WC="1.00" CC="040000024200"/>
						<SP ID="P47_SP00247" HPOS="1649" VPOS="3226" WIDTH="43"/>
						<String ID="P47_ST00292" HPOS="1692" VPOS="3164" WIDTH="63" HEIGHT="44" CONTENT="les" WC="1.00" CC="000"/>
					</TextLine>
					<TextLine ID="P47_TL00046" HPOS="1080" VPOS="3234" WIDTH="672" HEIGHT="60">
						<String ID="P47_ST00293" HPOS="1080" VPOS="3235" WIDTH="158" HEIGHT="45" CONTENT="féeries" WC="0.99" CC="5702600"/>
						<SP ID="P47_SP00248" HPOS="1238" VPOS="3280" WIDTH="16"/>
						<String ID="P47_ST00294" HPOS="1254" VPOS="3235" WIDTH="62" HEIGHT="44" CONTENT="les" WC="0.99" CC="100"/>
						<SP ID="P47_SP00249" HPOS="1316" VPOS="3280" WIDTH="17"/>
						<String ID="P47_ST00295" HPOS="1333" VPOS="3234" WIDTH="98" HEIGHT="60" CONTENT="plus" WC="0.98" CC="5400"/>
						<SP ID="P47_SP00250" HPOS="1431" VPOS="3294" WIDTH="17"/>
						<String ID="P47_ST00296" HPOS="1448" VPOS="3235" WIDTH="304" HEIGHT="44" CONTENT="audacieuses." WC="1.00" CC="000024000104"/>
					</TextLine>
					<TextLine ID="P47_TL00047" HPOS="1082" VPOS="3303" WIDTH="671" HEIGHT="59">
						<String ID="P47_ST00297" HPOS="1082" VPOS="3305" WIDTH="110" HEIGHT="44" CONTENT="Une" WC="0.99" CC="002"/>
						<SP ID="P47_SP00251" HPOS="1192" VPOS="3349" WIDTH="13"/>
						<String ID="P47_ST00298" HPOS="1205" VPOS="3304" WIDTH="287" HEIGHT="44" CONTENT="innervation" WC="1.00" CC="20000400100"/>
						<SP ID="P47_SP00252" HPOS="1492" VPOS="3349" WIDTH="14"/>
						<String ID="P47_ST00299" HPOS="1506" VPOS="3303" WIDTH="247" HEIGHT="59" CONTENT="électrique" WC="1.00" CC="6101022000"/>
					</TextLine>
					<TextLine ID="P47_TL00048" HPOS="1082" VPOS="3372" WIDTH="674" HEIGHT="46">
						<String ID="P47_ST00300" HPOS="1082" VPOS="3374" WIDTH="490" HEIGHT="44" CONTENT="extraordinairement" WC="0.82" CC="000000003905020064"/>
						<SP ID="P47_SP00253" HPOS="1572" VPOS="3418" WIDTH="49"/>
						<String ID="P47_ST00301" HPOS="1621" VPOS="3372" WIDTH="108" HEIGHT="43" CONTENT="déve" SUBS_TYPE="HypPart1" SUBS_CONTENT="développée" WC="0.98" CC="0560"/>
						<HYP HPOS="1729" VPOS="3372" WIDTH="27" CONTENT="-"/>
					</TextLine>
					<TextLine ID="P47_TL00049" HPOS="1083" VPOS="3442" WIDTH="672" HEIGHT="60">
						<String ID="P47_ST00302" HPOS="1083" VPOS="3443" WIDTH="159" HEIGHT="59" CONTENT="loppée" SUBS_TYPE="HypPart2" SUBS_CONTENT="développée" WC="0.99" CC="000070"/>
						<SP ID="P47_SP00254" HPOS="1242" VPOS="3502" WIDTH="21"/>
						<String ID="P47_ST00303" HPOS="1263" VPOS="3460" WIDTH="54" HEIGHT="27" CONTENT="va" WC="1.00" CC="00"/>
						<SP ID="P47_SP00255" HPOS="1317" VPOS="3502" WIDTH="22"/>
						<String ID="P47_ST00304" HPOS="1339" VPOS="3453" WIDTH="152" HEIGHT="48" CONTENT="porter" WC="1.00" CC="000000"/>
						<SP ID="P47_SP00256" HPOS="1491" VPOS="3502" WIDTH="27"/>
						<String ID="P47_ST00305" HPOS="1518" VPOS="3442" WIDTH="110" HEIGHT="44" CONTENT="dans" WC="1.00" CC="0000"/>
						<SP ID="P47_SP00257" HPOS="1628" VPOS="3502" WIDTH="25"/>
						<String ID="P47_ST00306" HPOS="1653" VPOS="3454" WIDTH="102" HEIGHT="32" CONTENT="tous" WC="1.00" CC="0000"/>
					</TextLine>
					<TextLine ID="P47_TL00050" HPOS="1080" VPOS="3510" WIDTH="676" HEIGHT="61">
						<String ID="P47_ST00307" HPOS="1080" VPOS="3511" WIDTH="62" HEIGHT="45" CONTENT="les" WC="0.99" CC="300"/>
						<SP ID="P47_SP00258" HPOS="1142" VPOS="3556" WIDTH="35"/>
						<String ID="P47_ST00308" HPOS="1177" VPOS="3529" WIDTH="191" HEIGHT="42" CONTENT="organes" WC="1.00" CC="0006000"/>
						<SP ID="P47_SP00259" HPOS="1368" VPOS="3571" WIDTH="26"/>
						<String ID="P47_ST00309" HPOS="1394" VPOS="3511" WIDTH="60" HEIGHT="44" CONTENT="du" WC="1.00" CC="00"/>
						<SP ID="P47_SP00260" HPOS="1454" VPOS="3571" WIDTH="31"/>
						<String ID="P47_ST00310" HPOS="1485" VPOS="3510" WIDTH="271" HEIGHT="46" CONTENT="formidable" WC="1.00" CC="0000600080"/>
					</TextLine>
				</TextBlock>
				<TextBlock ID="P47_TB00007" HPOS="371" VPOS="3512" WIDTH="375" HEIGHT="50" STYLEREFS="TXT_2 PAR_LEFT">
					<TextLine ID="P47_TL00051" HPOS="372" VPOS="3514" WIDTH="374" HEIGHT="48">
						<String ID="P47_ST00311" HPOS="372" VPOS="3527" WIDTH="74" HEIGHT="35" CONTENT="LA" WC="0.72" CC="50"/>
						<SP ID="P47_SP00261" HPOS="446" VPOS="3562" WIDTH="34"/>
						<String ID="P47_ST00312" HPOS="480" VPOS="3514" WIDTH="266" HEIGHT="48" CONTENT="COMÉDIE" WC="1.00" CC="2022000"/>
					</TextLine>
				</TextBlock>
				<TextBlock ID="P47_TB00008" HPOS="2028" VPOS="3500" WIDTH="556" HEIGHT="259" STYLEREFS="TXT_3 PAR_LEFT">
					<TextLine ID="P47_TL00052" HPOS="2028" VPOS="3513" WIDTH="405" HEIGHT="47">
						<String ID="P47_ST00313" HPOS="2028" VPOS="3525" WIDTH="75" HEIGHT="35" CONTENT="LA" WC="0.81" CC="30" STYLEREFS="TXT_2"/>
						<SP ID="P47_SP00262" HPOS="2103" VPOS="3560" WIDTH="31"/>
						<String ID="P47_ST00314" HPOS="2134" VPOS="3513" WIDTH="299" HEIGHT="47" CONTENT="TRAGÉDIE" WC="0.99" CC="27004310" STYLEREFS="TXT_2"/>
					</TextLine>
					<TextLine ID="P47_TL00053" HPOS="2300" VPOS="3722" WIDTH="284" HEIGHT="37">
						<String ID="P47_ST00315" HPOS="2300" VPOS="3722" WIDTH="142" HEIGHT="37" CONTENT="Clichés" WC="0.98" CC="6056046"/>
						<SP ID="P47_SP00263" HPOS="2442" VPOS="3759" WIDTH="19"/>
						<String ID="P47_ST00316" HPOS="2461" VPOS="3722" WIDTH="123" HEIGHT="36" CONTENT="Druet" WC="0.82" CC="40030"/>
					</TextLine>
				</TextBlock>
				<ComposedBlock ID="P47_CB00001" HPOS="121" VPOS="323" WIDTH="908" HEIGHT="988" STYLEREFS="TXT_4 PAR_LEFT" TYPE="Illustration">
					<GraphicalElement ID="P47_CB00001_SUB" HPOS="121" VPOS="323" WIDTH="908" HEIGHT="988"/>
				</ComposedBlock>
				<ComposedBlock ID="P47_CB00002" HPOS="1767" VPOS="325" WIDTH="854" HEIGHT="985" STYLEREFS="TXT_4 PAR_LEFT" TYPE="Illustration">
					<GraphicalElement ID="P47_CB00002_SUB" HPOS="1767" VPOS="325" WIDTH="854" HEIGHT="985"/>
				</ComposedBlock>
				<ComposedBlock ID="P47_CB00003" HPOS="1831" VPOS="2457" WIDTH="791" HEIGHT="983" STYLEREFS="TXT_4 PAR_LEFT" TYPE="Illustration">
					<GraphicalElement ID="P47_CB00003_SUB" HPOS="1831" VPOS="2457" WIDTH="791" HEIGHT="983"/>
				</ComposedBlock>
				<ComposedBlock ID="P47_CB00004" HPOS="138" VPOS="2464" WIDTH="845" HEIGHT="987" STYLEREFS="TXT_4 PAR_LEFT" TYPE="Illustration">
					<GraphicalElement ID="P47_CB00004_SUB" HPOS="138" VPOS="2464" WIDTH="845" HEIGHT="987"/>
				</ComposedBlock>
			</PrintSpace>
		</Page>
	</Layout>
</alto>
