2702 3934
974 983 457 62 QUELQUES
1495 976 467 61 OUVRAGES
2013 975 115 57 DE
2173 955 401 75 THÉORIE

1559 1073 447 59 MUSICALE

1067 1224 460 48 MAYRHOFER.
1646 1223 97 43 Der
1769 1220 279 58 Kunstklang.
2078 1219 129 44 Band
2235 1234 16 29 i
2283 1235 9 29 :
2321 1219 75 44 das
2422 1217 210 46 Problem

932 1294 74 44 der
1034 1293 309 45 Durdiatonik
1369 1291 394 61 (Leipzig-Wien,
1798 1301 141 47 1910,
1968 1287 86 59 VI,
2083 1298 94 49 253
2206 1304 26 42 P
2236 1305 23 26 a
2263 1304 28 43 g
2294 1304 43 27 es
2363 1304 43 27 in
2439 1286 80 60 B°.)

1069 1385 89 45 Cet
1182 1400 196 44 ouvrage
1404 1400 113 28 nous
1542 1383 140 59 paraît
1707 1382 151 44 devoir
1883 1381 168 44 retenir
2088 1378 258 46 l'attention
2385 1381 75 44 des
2496 1383 113 43 musi-

933 1453 210 60 cologues
1168 1473 11 35 ;
1213 1469 92 27 non
1333 1452 225 58 peut-être
1585 1467 75 41 par
1686 1449 61 45 les
1772 1448 286 46 conclusions
2083 1448 74 59 qui
2185 1465 56 27 ne
2267 1459 103 34 sont
2396 1465 75 42 pas
2496 1449 138 45 d'une

933 1520 166 60 grande
1136 1519 269 57 nouveauté,
1433 1520 110 42 mais
1581 1534 75 42 par
1690 1517 41 45 la
1757 1516 213 45 méthode
1997 1517 94 58 (qui
2117 1526 65 33 est
2208 1515 137 45 d'une
2371 1533 94 27 rare
2493 1518 121 58 préci-

933 1588 115 59 sion)
1075 1598 44 33 et
1144 1603 75 43 par
1244 1587 40 43 le
1311 1586 134 45 détail
1471 1587 74 43 des
1570 1585 132 45 idées.

1071 1654 67 45 La
1176 1656 98 42 base
1301 1655 52 43 de
1380 1665 126 33 toute
1533 1654 203 58 musique
1764 1665 64 31 est
1855 1652 40 44 la
1921 1668 181 44 gamme
2130 1652 258 60 diatonique
2417 1674 11 34 ;
2456 1670 114 28 nous
2594 1654 44 44 le

933 1723 188 44 savions.
1241 1721 122 46 Mais
1388 1731 235 35 comment
1648 1731 118 33 cette
1793 1719 171 45 échelle
1990 1719 177 45 a-t-elle
2193 1737 60 42 pu
2278 1737 44 28 se
2349 1723 247 43 constituer
2621 1721 16 45 ?

935 1789 126 45 C'est
1096 1806 51 28 ce
1183 1806 86 42 que
1305 1789 75 45 M.
1408 1788 73 45 M.
1508 1787 202 45 s'efforce
1747 1788 53 43 de
1836 1804 112 28 nous
1973 1799 203 33 montrer
2200 1806 107 27 avec
2333 1807 63 27 un
2436 1790 104 45 luxe
2580 1791 54 44 de

933 1857 182 59 logique
1139 1856 140 59 qu'on
1306 1873 56 27 ne
1389 1868 239 32 rencontre
1656 1856 98 58 plus
1778 1855 136 60 guère
1940 1856 136 59 qu'en
2103 1856 289 61 Allemagne.

1070 1924 233 57 L'auteur,
1324 1940 98 28 sans
1446 1924 110 44 citer
1581 1940 65 28 ses
1670 1940 192 41 sources,
1890 1924 199 58 s'appuie
2115 1926 255 57 cependant
2394 1942 73 27 sur
2493 1943 115 43 quan-

934 1991 81 44 tité
1052 1993 53 42 de
1142 2004 184 31 travaux
1362 1990 246 45 antérieurs
1632 2007 9 28 :
1681 1991 28 44 il
1748 1992 81 42 tire
1867 1993 112 57 parti
2012 1993 76 43 des
2112 1992 206 45 résultats
2343 1995 191 44 obtenus
2559 2011 76 42 par

936 2059 284 56 Helmholtz,
1248 2058 311 45 relativement
1583 2075 89 27 aux
1697 2060 320 58 harmoniques
2043 2081 12 34 ;
2094 2060 75 45 des
2205 2061 154 59 degrés
2396 2062 54 43 de
2487 2063 145 44 fusion

933 2128 74 43 des
1042 2142 116 41 sons,
1185 2126 96 45 idée
1319 2126 54 44 de
1410 2125 186 60 Stumpf
1615 2147 11 35 ;
1666 2127 60 43 du
1763 2143 227 42 processus
2016 2128 350 60 psychologique
2393 2131 76 58 qui
2497 2147 52 26 va
2575 2131 59 44 du

940 2194 283 58 phénomène
1262 2195 199 43 excitant
1496 2194 25 43 à
1556 2194 41 45 la
1634 2196 260 57 perception
1931 2197 276 57 consciente,
2235 2197 60 44 tel
2328 2213 85 43 que
2452 2198 184 44 Wundt

200 2260 58 45 l'a
294 2260 178 59 exposé,
498 2272 86 33 etc.
625 2262 107 57 bref,
761 2261 29 44 il
825 2262 152 44 admet
1015 2273 100 32 tout
1158 2279 49 27 ce
1250 2263 74 57 qui
1364 2273 65 32 est
1470 2261 25 44 à
1531 2279 89 40 peu
1658 2262 97 58 près
1792 2263 267 59 incontesté,
2086 2265 158 57 rejette
2283 2277 259 33 nettement
2575 2266 62 44 les

200 2329 267 60 hypothèses
500 2329 261 44 commodes
791 2331 110 42 mais
925 2341 98 47 trop
1049 2329 176 60 fragiles
1249 2329 78 60 (les
1352 2330 318 58 harmoniques
1693 2329 235 46 inférieurs
1954 2331 54 44 de
2037 2332 246 58 Riemann,
2312 2349 75 42 par
2412 2334 226 59 exemple)

200 2412 59 28 ou
295 2396 61 44 les
393 2396 295 45 insinuations
724 2395 188 60 perfides
947 2397 129 59 grâce
1112 2396 258 59 auxquelles
1406 2413 59 27 on
1502 2408 109 47 peut
1636 2397 226 58 présenter
1899 2416 60 26 un
1999 2400 122 60 objet
2205 2401 162 58 truqué
2455 2418 181 28 comme

247 2463 287 59 phénomène
572 2464 174 44 naturel
818 2481 10 28 :
868 2465 44 60 je
956 2481 115 28 veux
1109 2464 141 58 parler
1288 2465 59 43 du
1368 2464 57 60 fa
1462 2477 45 31 et
1540 2465 60 44 du
1627 2465 42 44 la
1695 2466 75 58 qui
1799 2466 243 44 n'existent
2067 2484 75 42 pas
2166 2484 108 28 avec
2302 2469 94 44 leur
2421 2470 213 44 véritable

200 2532 192 43 hauteur
418 2532 107 43 dans
550 2531 39 44 la
615 2531 241 45 résonance
884 2532 59 44 du
969 2548 127 42 corps
1120 2548 172 28 sonore.

337 2598 89 46 Les
449 2599 115 44 seuls
588 2599 249 44 matériaux
864 2601 221 43 vraiment
1109 2600 318 58 authentiques
1453 2599 52 44 de
1532 2611 119 32 cette
1676 2599 259 60 résonance,
1963 2614 45 31 et
2029 2603 43 60 je
2098 2603 42 44 le
2165 2603 152 59 repète
2344 2620 87 28 une
2458 2604 176 61 logique

199 2665 158 58 serrée,
383 2684 90 26 une
498 2666 287 62 psychologie
811 2667 232 58 profonde,
1065 2679 275 46 permettent
1366 2667 23 43 à
1414 2665 192 46 l'auteur
1632 2667 201 45 d'édifier
1853 2686 88 28 une
1967 2669 173 45 théorie
2165 2671 25 44 à
2214 2671 42 44 la
2280 2672 82 44 fois
2386 2672 250 45 séduisante

199 2745 45 32 et
268 2733 137 45 solide
432 2735 52 43 de
511 2734 41 44 la
576 2751 181 44 gamme
783 2736 260 59 diatonique
1070 2755 12 35 ;
1119 2751 115 27 nous
1268 2736 277 42 aboutissons
1582 2735 158 59 parfois
1775 2735 24 45 à
1837 2737 75 44 des
1937 2738 287 45 conclusions
2248 2756 85 42 que
2361 2754 277 44 pressentent

199 2801 62 45 les
303 2803 256 57 musiciens,
585 2819 88 43 que
715 2804 192 43 certains
945 2802 269 45 théoriciens
1255 2813 81 33 ont
1377 2801 74 45 osé
1491 2804 225 56 exprimer
1756 2805 110 43 mais
1907 2821 85 43 que
2032 2823 239 41 personne,
2310 2809 44 60 je
2392 2810 127 54 crois,
2565 2808 73 45 n'a

201 2869 249 59 présentées
473 2886 107 28 avec
604 2881 158 33 autant
788 2870 53 44 de
866 2870 136 45 clarté
1028 2881 45 33 et
1098 2869 137 46 d'une
1261 2870 131 56 façon
1418 2869 235 46 tellement
1679 2870 270 47 irréfutable.

338 2935 125 47 C'est
489 2954 183 42 presque
697 2954 64 28 un
787 2949 102 33 tour
914 2939 55 43 de
1001 2938 137 58 force,
1164 2950 45 31 et
1245 2939 75 57 qui
1359 2935 94 46 s'en
1493 2937 190 62 réjouira
1703 2937 15 45 ?
1757 2938 89 46 Les
1935 2942 183 43 anciens
2198 2944 74 58 qui
2312 2955 181 32 verront
2530 2945 111 43 dans

200 3015 119 33 cette
357 3006 186 44 victoire
578 3006 61 44 du
675 3007 338 43 raisonnement
1050 3006 41 44 le
1129 3006 224 58 triomphe
1391 3005 53 44 de
1469 3005 117 46 leurs
1611 3006 211 58 procédés
1847 3006 175 46 désuets
2041 3007 15 45 ?
2093 3026 59 27 ou
2177 3010 62 44 les
2265 3011 29 24 a
2316 3011 153 53 jeunes
2561 3012 75 59 qui

200 3072 320 45 découvrirons
544 3090 85 42 que
655 3072 116 46 leurs
797 3074 205 44 instincts
1038 3073 131 45 n'ont
1204 3074 79 43 fait
1319 3090 87 41 que
1441 3074 211 57 précéder
1694 3074 41 44 la
1774 3074 206 45 science?
2018 3077 74 43 Ne
2130 3077 268 62 préjugeons
2434 3080 54 43 de
2525 3081 111 56 rien,

200 3152 43 32 et
286 3142 377 43 recommandons
703 3158 88 27 aux
834 3158 84 27 uns
960 3158 182 27 comme
1179 3158 88 27 aux
1303 3151 147 33 autres
1488 3142 90 59 (car
1615 3141 29 44 il
1681 3158 29 45 y
1750 3158 58 28 en
1846 3159 25 28 a
1909 3155 44 32 et
1997 3144 28 44 il
2063 3161 29 44 y
2129 3163 58 26 en
2225 3163 105 28 aura
2356 3147 217 61 toujours)
2598 3147 40 44 la

199 3208 170 44 lecture
397 3209 53 44 de
475 3225 50 28 ce
552 3208 108 45 livre
686 3210 111 43 dont
816 3210 45 60 je
886 3226 57 27 ne
970 3210 97 57 puis
1093 3208 442 45 malheureusement
1561 3209 172 44 donner
1758 3209 144 60 qu'un
1930 3212 103 43 bref
2050 3229 166 42 aperçu
2243 3231 9 28 :
2293 3215 225 58 peut-être
2552 3231 85 43 que

199 3277 95 44 leur
320 3276 176 59 pensée,
522 3278 122 43 saisie
670 3289 44 32 et
740 3276 229 45 entraînée
995 3278 108 43 dans
1129 3288 71 32 cet
1225 3292 253 45 engrenage
1504 3276 166 59 sévère,
1696 3280 289 59 tyrannique,
2012 3297 57 28 en
2107 3283 226 43 ressortira
2370 3282 99 59 plus
2504 3284 134 42 haute

199 3356 44 33 et
270 3344 96 59 plus
390 3344 129 45 forte.

334 3448 418 47 SCHOMBERG
778 3449 96 61 (A.)
990 3448 359 45 Harmonielehre
1373 3449 392 60 (Leipzig-Wien,
1796 3451 238 46 Universal
2062 3452 203 61 Edition,
2290 3454 25 46 8
2345 3455 92 58 M.)
