2702 3934
190 212 87 65 18

1206 209 60 66 S.
1331 210 52 66 I.
1448 209 102 67 M.

268 353 96 58 On
415 352 234 76 conçoit
682 351 181 77 qu'un
918 351 80 54 tel
1030 350 241 57 homme
1303 353 79 55 ait
1427 372 80 58 pu
1539 348 346 59 s'intéresser
1929 347 30 57 à
1991 351 54 53 la
2076 350 270 76 musique
2379 369 94 34 sur
2520 369 76 34 un

180 454 160 40 autre
373 440 128 75 plan
532 458 113 57 que
678 437 149 55 celui
861 435 95 56 des
988 435 383 77 spéculations
1402 437 453 56 intellectuelles.
1885 436 97 66 Et,
2010 433 69 56 de
2112 435 123 67 fait,
2262 455 71 34 au
2366 433 231 56 rebours

183 524 70 55 de
284 538 125 41 tant
439 524 70 55 de
542 520 438 80 professionnels
1013 521 94 56 des
1138 521 153 57 idées
1323 522 290 79 générales
1647 524 102 75 qui
1780 534 130 43 sont
1943 517 363 59 indifférents
2337 517 30 57 à
2399 519 199 76 l'objet

183 609 70 56 de
301 610 150 53 leurs
484 621 241 41 travaux
778 626 70 35 en
882 605 206 57 dehors
1138 607 70 55 de
1239 628 91 37 ces
1383 623 261 52 travaux,
1681 607 252 77 Spencer
1963 606 154 55 aima
2149 618 56 41 et
2236 606 270 75 pratiqua
2546 606 52 55 la

183 695 287 75 musique.
508 692 49 55 Il
588 692 82 55 lui
705 710 265 37 consacra
1002 692 192 56 même
1227 692 299 79 beaucoup
1561 694 68 56 de
1664 706 205 63 temps.

269 780 159 55 Dans
453 799 101 34 son
999 776 88 78 Autobiographie,
1088 775 60 27 1
1149 779 318 57 l'obsession
1484 780 275 55 musicale
1785 798 55 35 se
1864 775 106 57 fait
1985 776 134 75 jour
2144 774 452 80 fréquemment.

185 866 252 75 Spencer
489 877 136 42 note
679 883 137 34 avec
866 883 74 34 un
999 864 125 55 soin
1175 863 110 57 très
1318 864 240 57 attentif
1580 866 78 54 les
1690 861 371 58 événements
2107 863 306 54 musicaux
2446 861 70 55 de
2549 882 53 35 sa

184 952 112 53 vie.
326 950 85 55 La
442 945 268 59 sincérité
745 948 69 56 de
847 968 91 36 ces
960 948 310 57 mémoires
1302 964 81 42 est
1415 971 148 57 pour
1587 969 145 36 nous
1764 948 267 57 évidente
2065 971 13 45 ;
2127 949 145 53 mais
2302 948 52 53 le
2386 949 219 53 lecteur

187 1056 57 35 se
297 1032 334 58 défierait-il
664 1034 95 55 des
791 1035 362 75 suggestions
1185 1035 68 55 de
1307 1037 122 54 leur
1460 1051 101 40 ton
1596 1037 141 76 qu'il
1770 1035 184 55 aurait
1986 1054 113 35 une
2133 1053 215 57 preuve
2382 1033 68 56 de
2481 1034 124 55 leur

189 1117 253 58 véracité
503 1140 70 34 en
621 1133 322 42 constatant
992 1141 131 56 que,
1178 1141 102 56 par
1333 1122 51 54 la
1444 1120 362 78 publication
1863 1119 68 55 de
1986 1138 100 36 son

189 1207 250 76 Spencer
471 1206 154 55 avait
675 1204 469 57 manifestement
1176 1208 328 55 l'intention
1540 1204 295 57 d'éclairer
1867 1220 57 41 et
1957 1206 70 54 de
2058 1204 364 56 coordonner
2466 1204 112 56 l'en-

188 1291 214 56 semble
435 1291 69 56 de
537 1310 102 35 son
672 1310 197 35 œuvre
900 1289 475 79 philosophique.

275 1377 58 55 Si
386 1377 51 55 la
490 1374 291 58 solidarité
829 1376 70 56 de
950 1390 127 42 tous
1123 1378 77 54 les
1252 1376 171 57 écrits
1477 1377 131 56 d'un
1666 1377 245 55 homme
1962 1374 123 56 doit
2136 1376 119 54 être
2316 1373 289 79 invoquée

188 1463 251 77 quelque
472 1476 127 64 part
632 1462 135 55 c'est
800 1461 133 56 bien
966 1463 94 55 ici.

275 1548 237 63 Quelles
564 1546 195 57 furent
808 1548 80 55 les
936 1546 308 79 premières
1294 1547 282 57 réactions
1631 1548 68 55 de
1749 1550 53 53 la
1848 1548 269 75 musique
2166 1568 94 34 sur
2307 1547 149 56 celui
2506 1547 100 76 qui

190 1634 192 55 devait
416 1631 181 57 écrire
628 1634 79 54 les
739 1653 173 55 pages
943 1630 324 58 définitives
1300 1654 113 56 que
1449 1654 141 35 nous
1622 1653 217 35 venons
1872 1632 68 56 de
1973 1634 318 74 parcourir,
2326 1631 282 57 touchant

188 1717 268 78 l'origine
488 1733 55 42 et
575 1719 52 54 la
658 1716 265 57 fonction
957 1717 69 56 de
1059 1731 91 42 cet
1183 1733 84 40 art
1296 1720 18 53 ?

277 1806 155 55 C'est
466 1824 70 36 en
595 1804 148 73 1841
787 1824 113 57 que
935 1805 250 75 Spencer
1330 1806 100 75 qui
1465 1806 150 54 avait
1647 1805 146 55 alors
1824 1805 278 75 vingt-un
2131 1824 96 36 ans
2394 1802 213 58 semble

189 1890 161 55 avoir
402 1890 117 76 pris
573 1888 143 77 goût
787 1909 115 34 aux
955 1889 364 56 distractions
1368 1890 316 56 musicales.
1740 1889 162 56 Tout
1945 1909 69 34 en
2062 1888 338 57 s'adonnant
2471 1909 136 36 avec

189 1975 207 55 ardeur
427 1996 71 34 au
531 1987 298 63 canotage,
861 1973 30 56 à
926 1975 350 68 Worcester,
1309 1975 41 55 il
1382 1974 254 77 éprouve
1669 1996 76 34 un
1778 1973 94 57 vif
1886 1975 198 76 plaisir
2116 1973 29 56 à
2179 1974 239 57 chanter
2473 1996 135 34 avec

193 2081 77 35 un
320 2060 71 56 de
423 2081 81 35 ses
534 2062 164 67 amis,
731 2081 102 35 son
884 2060 319 78 partenaire
1236 2081 69 34 en
2544 2082 72 34 row
1614 2060 95 56 des
1742 2060 245 56 ballades
2020 2062 428 54 sentimentales
2478 2084 12 45 ;
2521 2081 89 35 ces

282 2166 315 37 morceaux
742 2159 128 42 sont
924 2145 110 56 très
1087 2144 30 57 à
1177 2145 51 55 la
1289 2145 171 56 mode
1507 2159 56 42 et
1608 2147 54 54 le
1708 2144 164 57 futur
1919 2147 180 76 grand
2154 2145 352 78 philosophe
2555 2159 55 42 et

192 2232 336 75 sociologue
561 2251 69 35 en
679 2251 31 35 a
742 2229 240 79 apporté
1016 2230 68 55 de
1142 2230 241 56 Powick
1416 2244 162 42 toute
1611 2252 113 34 une
1774 2232 330 54 collection.
2141 2232 56 54 A
2230 2232 122 54 dire
2384 2233 53 53 le
2469 2233 139 67 vrai,

195 2318 270 76 Spencer,
498 2316 30 57 à
583 2331 150 42 cette
764 2316 248 77 époque,
1060 2317 88 54 n'a
1181 2337 112 56 que
1327 2317 67 54 de
1448 2337 214 56 vagues
1694 2318 232 55 notions
1959 2318 304 55 musicales
2296 2341 13 44 ;
2347 2338 110 35 une
2500 2321 84 53 cir-

195 2416 306 43 constance
534 2416 130 42 tout
697 2401 324 57 extérieure
1051 2403 51 55 le
1157 2401 320 56 détermine
1520 2401 30 56 à
1582 2422 220 56 essayer
1832 2402 129 56 d'en
2009 2402 267 77 acquérir
2307 2403 69 55 de
2423 2406 189 54 moins

194 2487 461 56 rudimentaires.
710 2486 244 57 L'étude
1002 2486 77 56 du
1133 2486 176 56 chant
1356 2486 197 56 choral
1601 2488 394 75 commençait
2050 2486 30 57 à
2111 2507 55 36 se
2219 2487 276 77 répandre
2544 2510 67 34 en

194 2575 372 75 Angleterre;
592 2572 136 57 dans
758 2575 52 53 la
839 2575 234 75 plupart
1096 2572 95 56 des
1222 2571 257 57 localités
1511 2572 69 56 de
1606 2575 253 75 quelque
1885 2575 365 75 importance
2274 2575 309 76 l'enseigne-

195 2672 162 42 ment
419 2658 67 56 de
534 2660 54 54 la
635 2661 270 75 musique
957 2658 199 55 vocale
1204 2658 358 77 s'organisait
1623 2679 137 35 avec
1807 2658 194 56 succès
2036 2683 12 44 ;
2105 2660 96 56 des
2255 2658 242 58 sociétés
2556 2681 55 36 se

194 2744 319 55 fondaient.
550 2745 51 54 Il
649 2765 67 34 en
750 2742 91 57 fut
889 2745 141 53 ainsi
1064 2744 136 55 dans
1230 2744 51 54 le
1328 2763 137 58 pays
1498 2741 75 57 où
1620 2764 56 35 se
1723 2746 255 53 trouvait
2012 2746 146 55 alors
2207 2746 269 76 Spencer,
2512 2747 100 77 qui

197 2830 175 55 suivit
421 2827 352 58 assidûment
822 2830 77 53 les
951 2829 193 75 leçons
1190 2841 54 41 et
1293 2826 111 70 fut,
1459 2829 88 54 s'il
1595 2829 118 54 l'on
1747 2843 141 62 peut
1935 2829 143 68 dire,
2113 2851 79 35 un
2240 2829 372 78 orphéoniste

199 2915 255 55 militant
488 2914 67 54 de
587 2915 53 55 la
670 2912 286 79 première
988 2912 180 56 heure
1203 2912 10 56 !

358 2999 187 56 Outre
593 3000 79 55 les
720 3000 192 75 leçons
965 2998 331 77 régulières,
1330 3000 417 75 rapporte-t-il,
1783 3020 72 35 011
1912 3020 345 58 commença
2311 3001 229 58 bientôt
2589 3001 27 56 à

200 3084 279 57 s'exercer
524 3083 144 57 chez
715 3104 140 36 mon
903 3085 115 55 ami
1068 3085 159 55 Lott.
1279 3085 158 66 Lott,
1472 3104 57 37 sa
1575 3104 151 36 sœur
1771 3098 58 42 et
1874 3086 143 68 moi,
2058 3107 144 35 nous
2249 3089 253 75 passions
2547 3109 69 35 au

200 3172 191 54 moins
423 3191 110 34 une
583 3168 179 57 soirée
795 3191 101 55 par
945 3170 252 55 semaine
1228 3169 30 56 à
1305 3168 226 78 répéter
1562 3170 95 56 des
1704 3170 249 57 chœurs.
1989 3172 188 77 Après
2231 3194 113 56 que
2375 3174 53 55 la
2479 3173 137 57 série

197 3257 96 56 des
340 3258 192 74 leçons
576 3254 91 59 fut
721 3254 301 70 terminée,
1077 3257 40 54 il
1169 3276 55 35 se
1270 3254 190 57 forma
1507 3277 110 34 une
1664 3258 180 74 petite
1891 3258 212 56 société
2166 3259 232 56 chorale
2445 3259 168 57 d'une

261 3389 11 21 1
321 3391 81 41 Une
443 3389 326 56 Autobiographie,
814 3404 71 39 par
928 3389 186 40 Herbert
1158 3389 189 54 Spencer,
1387 3387 101 42 trad.
1534 3387 51 42 de
1628 3387 151 56 Henry
1816 3387 53 42 de
1912 3390 200 56 Varigny.
2154 3390 124 52 Paris,
2318 3391 115 41 Félix
2476 3391 140 51 Alcan,

202 3451 117 52 édit.,
349 3462 126 44 1907.
