2702 3934
1226 248 61 71 S.
1351 253 51 64 I.
1465 248 102 71 M.

209 271 47 63 4

211 388 259 78 profanes
509 392 99 75 qui
641 392 215 55 aiment
889 392 77 53 les
998 391 182 56 beaux
1213 393 172 55 vieux
1418 393 179 75 objets
1630 391 140 54 dont
1813 383 456 61 s'enchantèrent
2302 388 76 52 les
2417 392 184 50 aïeux.

382 477 193 54 Parmi
621 497 89 35 ces
757 478 369 54 instruments
1173 478 40 54 il
1254 499 68 34 en
1356 494 80 40 est
1469 478 69 55 de
1569 496 164 46 rares,
1770 475 67 54 de
1872 472 240 66 désuets,
2147 471 68 54 de
2249 471 270 76 disparus.
2557 472 48 55 Il

207 560 211 54 semble
452 581 131 55 que,
616 583 66 33 en
730 562 77 55 les
853 575 212 63 voyant
1112 583 127 35 sous
1286 565 75 53 les
1409 564 187 74 doigts
1630 580 254 36 nerveux
1917 558 94 55 des
2043 576 399 57 personnages,
2476 556 127 77 près

208 645 67 54 de
307 646 146 55 leurs
485 647 216 74 visages
734 645 256 68 extasiés,
1027 668 71 33 on
1131 647 78 55 les
1242 649 241 54 entende
1516 666 206 36 encore
1755 642 246 78 gronder
2033 655 55 41 et
2127 640 217 57 frémir.

377 730 94 55 On
506 751 68 34 en
609 744 201 42 trouve
844 732 99 75 qui
976 745 125 42 sont
1134 732 167 55 d'une
1332 732 206 68 forme,
1573 732 168 54 d'une
1775 727 239 58 matière
2048 741 55 41 et
2151 726 169 56 d'une
2367 729 237 53 couleur

207 814 338 57 admirables
575 830 56 41 et
665 816 168 55 d'une
867 838 118 33 rare
1017 816 301 78 préciosité
1346 819 132 56 dans
1503 816 521 57 l'ornementation.
2057 815 116 52 Des
2198 814 404 56 incrustations

208 899 392 76 compliquées
633 915 55 40 et
722 901 427 56 harmonieuses
1174 905 326 74 soulignent
1526 905 50 52 le
1604 903 180 54 dessin
1813 900 93 55 des
1933 899 193 66 violes,
2155 896 447 78 s'épanouissent

207 1004 68 35 en
320 984 283 76 bouquets
649 1008 70 33 au
767 1008 159 33 cœur
967 988 94 54 des
1102 988 170 56 luths.
1309 990 260 54 Certains
1602 988 218 54 d'entre
1855 1005 112 34 eux
1999 984 291 75 évoquent
2325 984 94 55 des
2453 983 149 56 idées

208 1069 67 53 de
310 1070 292 76 triomphe
637 1086 54 40 et
724 1070 367 78 d'allégresse,
1119 1094 141 35 nous
1284 1072 125 57 font
1436 1094 146 55 pour
1616 1073 140 53 ainsi
1790 1070 120 55 dire
1943 1069 273 55 entendre
2243 1069 93 55 des
2362 1066 240 58 fanfares

207 1169 167 40 avant
421 1155 68 55 de
536 1158 75 53 les
652 1159 159 54 avoir
853 1157 252 57 sonnées.
1154 1160 107 53 Par
1303 1160 122 54 leur
1465 1159 117 55 seul
1625 1172 210 62 aspect,
1881 1155 241 55 d'autres
2163 1174 140 36 nous
2348 1154 251 56 donnent

208 1258 110 36 une
350 1240 339 75 impression
724 1240 68 55 de
825 1242 252 54 douceur
1110 1257 53 41 et
1197 1243 68 55 de
1298 1244 448 54 recueillement.

377 1326 270 55 Tâchons
707 1329 144 54 aussi
912 1328 68 53 de
1041 1331 174 52 sentir
1280 1331 121 52 leur
1472 1327 190 77 poésie
1722 1341 54 40 et
1839 1328 123 52 leur
2023 1326 167 76 grâce
2268 1326 333 55 silencieuse

207 1409 244 77 lorsque,
519 1431 229 36 comme
802 1412 134 55 dans
988 1413 76 54 les
1119 1427 224 41 natures
1397 1427 212 40 mortes
1671 1412 67 55 de
1804 1409 277 66 Chardin,
2145 1411 66 53 ils
2274 1430 140 35 nous
2476 1426 123 39 sont

207 1494 346 77 représentés
586 1517 70 33 au
689 1498 201 54 milieu
926 1498 91 54 des
1050 1498 206 55 rubans
1289 1512 54 41 et
1376 1498 93 55 des
1502 1497 164 56 fleurs
1701 1498 100 75 qui
1846 1516 141 34 nous
2020 1496 320 76 rappellent
2383 1497 41 53 si
2462 1494 112 56 déli-

208 1594 286 41 catement
532 1583 76 52 les
647 1582 280 55 douceurs
973 1582 68 55 de
1082 1582 297 56 l'intimité
1414 1604 68 33 au
1517 1583 200 54 milieu
1754 1582 66 53 de
1853 1582 242 75 laquelle
2129 1582 68 53 ils
2244 1582 354 55 retentirent.

209 1663 334 77 Imaginons
589 1667 146 54 leurs
781 1665 275 57 sonorités
1103 1681 54 40 et
1202 1668 148 54 leurs
1398 1667 254 76 rythmes
1699 1680 157 41 entre
1903 1667 78 54 les
2025 1666 181 55 mains
2249 1686 75 35 ou
2367 1686 127 35 sous
2527 1667 75 55 les

205 1747 177 57 lèvres
416 1751 93 53 des
541 1752 222 54 ardents
796 1754 306 52 musiciens
1134 1766 53 40 et
1223 1751 92 56 des
1350 1752 169 55 belles
1552 1750 270 77 inspirées
1856 1752 101 75 qui
1991 1771 53 33 se
2077 1765 223 41 servent
2345 1751 68 55 de
2456 1752 146 55 leurs

207 1834 308 55 vibrations
571 1856 144 55 pour
771 1837 289 74 exprimer
1113 1839 121 52 leur
1289 1858 205 54 propre
1548 1835 173 56 émoi.
1778 1836 317 55 Admirons
2155 1837 148 54 leurs
2366 1836 236 56 courbes

204 1920 285 67 luisantes,
523 1922 122 53 leur
677 1922 161 74 galbe
871 1921 401 67 harmonieux,
1309 1922 50 54 la
1395 1921 251 56 noblesse
1681 1943 71 33 ou
1788 1920 312 76 l'élégance
2133 1921 69 55 de
2235 1922 147 55 leurs
2420 1924 182 73 lignes

496 3424 226 35 Watteau.
747 3424 25 35 -
797 3424 50 35 Le
872 3424 275 35 Guitariste.

586 3481 143 47 (Musée
748 3484 61 36 de
814 3484 250 44 l'Ermitage).

1512 2008 99 73 qui
1662 2007 349 54 s'accordent
2067 2008 43 53 si
2161 2007 129 54 bien
2344 2027 136 35 avec
2526 2009 74 54 les

1508 2105 182 61 gestes
1723 2104 52 41 et
1809 2091 75 55 les
1919 2091 270 55 attitudes
2230 2091 94 56 des
2371 2113 197 55 person-

1508 2195 187 55 nages,
1745 2197 134 34 avec
1929 2178 371 75 l'expression
2348 2180 221 74 particu-

1507 2259 135 56 lière
1675 2262 68 54 de
1775 2262 122 54 leur
1928 2263 209 75 visage.
2171 2264 157 55 Dans
2362 2265 238 55 certains

1507 2344 264 56 tableaux
1798 2345 67 55 de
1889 2345 294 78 primitifs,
2209 2349 78 53 les
2312 2348 157 56 luths
2502 2352 96 73 qui

1506 2430 225 55 vibrent
1785 2452 129 34 sous
1968 2432 390 77 d'angéliques
2413 2434 186 76 doigts

1508 2514 253 56 donnent
1817 2537 243 55 presque
2109 2519 142 54 aussi
2303 2518 130 56 bien
2491 2541 108 55 que

1508 2599 74 55 les
1649 2601 216 75 visages
1942 2622 109 34 une
2128 2604 339 75 impression
2533 2606 65 54 de

1508 2684 251 56 chasteté
1792 2684 257 59 fervente
2082 2703 55 41 et
2173 2690 67 54 de
2286 2688 81 56 foi
2418 2698 178 49 naïve.

1680 2771 152 54 Pour
1879 2771 351 57 remémorer
2277 2776 77 54 les
2392 2777 177 55 instru-

1506 2869 184 40 ments
1717 2857 99 73 qui
1851 2855 251 77 figurent
2129 2860 134 54 dans
2296 2861 51 53 le
2375 2862 222 54 marbre

1503 2952 54 41 et
1605 2960 91 34 sur
1728 2942 78 54 les
1840 2944 183 67 toiles,
2057 2965 147 55 pour
2236 2945 141 56 faire
2425 2968 137 56 appa-

1502 3024 166 54 raître
1715 3027 77 54 les
1840 3027 124 75 plus
2011 3030 247 54 diverses
2309 3031 256 76 représen-

1502 3110 207 54 tations
1770 3111 67 55 de
1892 3111 193 57 l'émoi
2141 3118 259 67 musical,
2457 3138 140 35 nous

1502 3213 170 35 avons
1715 3195 248 56 cherché
2013 3199 134 56 dans
2194 3200 125 56 l'art
2364 3203 68 54 de
2470 3217 126 41 tous

1500 3279 76 54 les
1623 3278 194 58 siècles
1864 3297 55 39 et
1967 3284 67 53 de
2070 3298 127 43 tous
2229 3288 76 54 les
2336 3308 139 57 pays
2521 3290 73 54 les

1501 3385 221 35 œuvres
1765 3368 76 54 les
1873 3369 127 75 plus
2036 3369 424 79 significatives.
2499 3377 90 53 Au

1490 3469 163 36 cours
1704 3450 168 57 d'une
1917 3453 345 59 conférence
2302 3457 140 57 faite
2497 3479 92 36 sur
