2702 3934
263 241 378 114 REVUE
720 244 147 111 DE
946 246 147 112 LA
1169 246 404 115 PRESSE
1652 246 772 132 QUOTIDIENNE

288 654 373 99 fTBrfatr

166 791 47 30 La
241 789 157 44 musique
427 791 39 31 de
496 792 54 31 M.
578 792 119 31 André
730 792 169 33 Gailhard

115 841 54 31 n'a
196 851 58 32 pas
281 851 68 21 une
377 852 121 20 saveur
517 842 109 31 locale
657 842 70 32 très
747 844 150 30 accusée.

116 892 72 30 Elle
207 890 56 31 n'a
282 901 57 32 pas
360 901 69 21 non
450 892 74 41 plus
543 893 33 29 la
597 891 113 42 magie
737 892 144 43 pittores-

115 952 74 32 que,
198 940 178 33 l'éclatant
388 940 135 43 coloris,
532 942 33 31 la
577 941 115 44 poésie
708 941 190 33 enchantée

115 989 55 45 qui
191 990 235 32 conviennent
453 990 17 31 à
499 1002 47 20 un
571 997 102 26 conte
701 993 40 30 de
767 992 69 31 fées
864 997 34 26 et

116 1039 54 45 qui
191 1051 85 21 nous
296 1040 181 42 ravissent,
491 1053 60 31 par
565 1043 167 41 exemple,
749 1042 81 31 dans
849 1042 48 31 les

116 1091 116 43 opéras
252 1096 34 26 et
304 1091 48 31 les
373 1089 222 44 symphonies
610 1090 173 33 vraiment
798 1090 85 32 féeri-

116 1152 80 31 ques
215 1140 82 31 d'un
317 1140 360 43 Rimsky-Korsakof.
706 1141 54 32 M.
782 1140 116 32 André

118 1188 166 35 Gailhard
320 1201 143 33 marque
498 1202 65 31 peu
601 1192 39 31 de
676 1189 173 44 penchant
882 1190 17 31 à

115 1239 346 43 l'impressionnisme
481 1248 34 25 et
534 1241 56 31 n'a
609 1241 98 42 point
726 1239 73 33 subi
819 1240 65 32 l'in-

115 1289 132 33 fluence
266 1291 57 31 des
343 1291 141 42 Russes,
496 1289 35 33 ni
548 1291 83 31 celle
645 1291 38 31 de
698 1291 54 31 M.
770 1291 129 31 Claude

118 1340 167 43 Debussy,
316 1341 39 31 de
388 1341 55 32 M.
477 1340 159 33 Maurice
668 1341 108 31 Ravel
796 1351 43 20 ou
859 1341 40 30 de

118 1390 53 32 M.
192 1390 142 32 Florent
354 1388 161 34 Schmitt.
545 1391 41 31 Sa
616 1390 128 42 palette
764 1388 117 34 orches-

116 1441 85 32 trale
228 1441 92 31 n'est
347 1451 58 31 pas
438 1440 101 32 d'une
572 1439 147 33 richesse
751 1439 131 32 éblouis-

117 1496 106 27 sante.
247 1491 31 31 Il
306 1489 63 33 fait
396 1501 122 21 encore
547 1491 39 31 de
613 1491 32 30 la
672 1489 159 44 musique
860 1490 39 31 de

117 1540 71 44 prix
208 1542 39 31 de
267 1541 126 41 Rome,
412 1551 82 21 avec
516 1550 67 21 une
611 1549 132 31 sagesse
771 1546 34 25 et
832 1550 67 21 une

117 1589 215 34 modération
352 1601 47 21 un
418 1601 65 31 peu
503 1589 199 33 excessives.
732 1590 65 30 Les
824 1601 58 31 pre-

117 1640 102 32 miers
238 1639 161 33 tableaux
417 1645 223 26 notamment
655 1638 171 34 n'évitent
841 1650 57 32 pas

115 1693 31 29 la
165 1689 217 33 monotonie.
403 1688 99 34 Celui
523 1690 57 31 des
607 1688 145 33 ondines
780 1700 17 20 a
825 1690 74 41 plus

117 1742 38 31 de
174 1738 172 34 fraîcheur
365 1746 34 25 et
418 1740 40 31 de
478 1738 141 33 brillant
630 1740 53 30 :1a
697 1738 202 33 conclusion

116 1790 84 44 plaît
231 1802 59 31 par
320 1801 46 20 un
396 1789 192 33 sentiment
621 1788 184 44 bucolique
831 1789 69 32 très

118 1839 129 33 sincère
266 1846 34 26 et
328 1851 93 20 assez
450 1838 217 33 chaleureux.
697 1839 54 31 M.
781 1839 119 31 André

117 1889 166 34 Gailhard
319 1889 86 33 écrit
441 1888 255 42 agréablement
731 1900 86 31 pour
852 1889 49 31 les

117 1940 88 42 voix,
242 1946 47 36 et,
309 1950 134 21 somme
473 1945 110 36 toute,
613 1944 53 26 cet
696 1938 84 32 essai
817 1938 84 32 d'un

118 1989 168 33 musicien
305 1990 39 32 de
363 1988 197 44 vingt-cinq
581 1999 71 31 ans,
672 1987 57 45 qui
759 1988 141 43 possède

118 2041 42 31 du
193 2039 113 33 moins
337 2041 49 30 les
416 2039 130 31 bonnes
577 2037 183 33 traditions
792 2044 34 26 et
857 2049 43 20 ne

116 2090 117 32 tombe
252 2089 99 44 point
371 2091 81 30 dans
471 2090 32 30 le
524 2087 155 33 mauvais
705 2086 95 44 goût,
830 2088 71 32 doit

118 2137 69 35 être
216 2139 176 32 considéré
429 2149 136 22 comme
601 2138 67 32 fort
699 2136 200 34 honorable.

119 2190 46 32 Ce
202 2189 102 33 début
340 2189 100 31 laisse
472 2189 135 42 espérer
636 2199 67 20 une
732 2186 167 33 heureuse

118 2239 152 33 carrière.
316 2240 58 30 On
417 2250 44 20 ne
514 2248 82 33 peut
649 2236 181 45 reprocher
883 2237 16 32 à

119 2290 86 31 MM
245 2290 179 40 Messager
443 2295 36 25 et
498 2288 173 32 Broussan
690 2287 130 32 d'avoir
838 2286 63 33 fait

117 2338 17 32 à
169 2340 73 31 leur
276 2340 240 42 prédécesseur
551 2339 32 31 la
619 2337 160 43 politesse
812 2338 72 31 d'ac-

117 2389 131 32 cueillir
266 2390 32 32 le
316 2388 151 44 premier
485 2389 102 42 opéra
608 2389 38 30 de
666 2398 63 21 son
748 2386 64 33 fils.

572 2444 97 31 PAUL
697 2443 153 31 SOUDAY.

118 2529 162 81 LA
334 2509 548 101 LIBERTÉ

167 2645 48 31 Le
226 2650 95 35 geste
335 2645 39 30 de
388 2642 182 34 courtoisie
584 2643 264 31 confraternelle
861 2642 39 32 de

118 2693 99 33 MM.
240 2695 177 39 Messager
436 2699 33 26 et
490 2693 174 32 Broussan
688 2691 150 33 n'aurait
858 2703 43 20 en

117 2742 46 32 soi
178 2754 131 21 aucune
322 2742 228 44 importance,
563 2742 53 32 s'il
629 2753 42 20 ne
683 2740 112 33 fallait
810 2741 89 32 aussi

117 2804 119 31 penser
252 2794 17 31 à
289 2805 84 20 ceux
392 2794 105 42 qu'on
513 2804 43 20 ne
567 2791 83 45 joue
663 2803 69 31 pas.
750 2792 94 31 Tant
859 2793 40 30 de

117 2843 183 32 musiciens
321 2854 41 20 au
381 2844 111 31 talent
511 2839 79 35 mûr
609 2848 34 26 et
663 2841 142 42 certain,
824 2848 77 26 tant

118 2892 161 33 d'œuvres
316 2892 183 41 originales
536 2899 34 26 et
607 2892 106 32 fortes
749 2899 150 36 peuvent

118 2944 153 31 attendre
287 2944 127 31 devant
433 2954 53 20 ces
505 2948 116 37 portes
641 2940 25 33 si
686 2941 71 33 vite
777 2952 104 21 ouver-

117 2998 48 25 tes
185 3003 43 21 en
247 2999 90 26 cette
357 2991 159 33 occasion
532 3005 7 19 :
559 2993 157 31 attendre
736 2990 117 44 depuis
868 2992 31 30 le

116 3047 109 38 temps
271 3041 115 34 même
431 3042 44 32 où
516 3042 54 32 M.
609 3039 168 35 Gailhard
814 3041 86 32 était

118 3102 120 22 encore
269 3092 171 33 directeur
463 3091 6 32 !
498 3092 58 31 On
584 3103 18 20 a
633 3097 147 26 souvent
807 3092 92 41 parlé

118 3141 195 43 d'ouvrages
327 3144 39 30 de
380 3142 55 32 M.
447 3140 106 33 Vidal
567 3153 43 20 ou
624 3142 39 31 de
677 3141 54 32 M.
743 3140 139 32 Lazzari
894 3153 7 19 :

117 3191 42 31 où
189 3192 138 32 sont-ils
342 3193 11 31 ?
381 3193 57 31 Un
469 3191 179 32 Guercoeur
677 3191 89 31 n'est
784 3188 116 34 même

116 3250 56 31 pas
199 3241 170 33 examiné.
397 3242 45 31 Et
468 3240 334 44 l'Opéra-Comique
829 3240 72 33 doit

118 3290 168 33 recueillir
318 3303 47 20 un
395 3301 148 31 ouvrage
579 3291 40 32 de
656 3291 55 32 M.
744 3290 156 32 Gustave

118 3338 237 46 Charpentier,
387 3352 86 32 pour
508 3342 113 42 lequel
657 3342 32 30 le
726 3340 97 32 cadre
861 3340 38 32 de

117 3389 138 44 l'Opéra
300 3390 104 34 serait
448 3390 18 32 à
509 3389 101 44 peine
656 3401 92 20 assez
791 3396 108 26 vaste.

119 3438 52 33 M.
194 3441 117 32 André
340 3438 180 43 Gailhard,
551 3446 104 27 avant
683 3445 115 27 trente
827 3450 72 31 ans,

117 3495 95 26 entre
231 3497 78 26 tout
329 3490 90 33 droit
445 3490 44 32 où
511 3490 56 32 M.
587 3489 156 32 Vincent
763 3489 136 43 d'Indy,

119 3537 16 31 à
162 3539 166 43 soixante,
360 3552 43 20 ne
432 3539 53 33 fut
511 3538 108 33 admis
657 3539 157 44 qu'après
844 3540 56 30 des

118 3594 107 35 stages
244 3589 177 33 lointains.
442 3591 45 31 Et
515 3600 76 21 sans
611 3590 75 42 plus
713 3589 112 43 parler
844 3590 55 31 des

116 3636 146 46 vivants,
274 3639 132 33 n'est-il
420 3651 58 31 pas
494 3638 165 42 singulier
673 3650 65 33 que
752 3638 148 42 Berlioz,

118 3686 133 34 Franck
269 3701 45 21 ou
333 3690 125 31 Ernest
475 3687 192 43 Chausson,
677 3687 126 45 jusque
819 3690 82 30 dans

115 3735 213 44 l'apothéose
349 3741 40 30 de
407 3741 33 30 la
459 3745 106 35 mort,
583 3745 163 26 trouvent
765 3741 75 39 plus
861 3740 40 30 de

973 509 116 56 LE
1144 490 575 76 SORTILÈGE

964 642 182 34 difficultés
1179 644 18 31 à
1233 656 34 19 se
1295 643 83 32 faire
1414 645 226 42 représenter,
1676 656 66 32 que

964 693 53 31 M.
1027 694 117 31 André
1158 693 167 33 Gailhard
1336 705 41 20 au
1389 693 103 33 sortir
1505 696 38 30 de
1555 695 188 32 l'enfance?

1012 743 49 31 Ce
1073 743 89 32 n'est
1178 742 98 43 point
1292 743 16 31 à
1324 743 46 32 lui
1387 755 64 32 que
1461 742 75 45 j'en
1550 755 99 30 veux,
1663 743 78 33 bien

960 794 163 40 entendu,
1142 792 34 32 ni
1205 804 65 33 que
1292 792 37 44 je
1356 792 163 43 reproche
1538 793 85 33 rien.
1646 794 95 31 Dans

960 842 155 32 l'accueil
1131 844 43 30 du
1189 842 114 43 public
1316 843 56 43 qui
1385 843 57 42 l'a,
1458 854 85 32 pour
1559 842 85 33 ainsi
1658 843 83 43 dire,

958 903 46 21 vu
1031 891 124 43 naître,
1175 893 81 32 s'est
1284 894 179 31 retrouvée
1491 900 88 25 cette
1607 904 114 32 sympa-

958 940 96 45 tique
1073 941 178 33 cordialité
1265 943 183 43 qu'éveilla
1463 949 139 36 partout
1616 944 31 30 la
1667 954 57 32 per-

959 1002 107 21 sonne
1086 992 39 31 de
1144 1003 62 20 son
1225 992 79 43 père
1320 1006 7 19 :
1342 990 37 46 je
1393 993 95 31 m'en
1515 990 126 45 réjouis
1661 1004 82 21 avec

958 1047 79 26 tout
1056 1042 31 31 le
1106 1043 138 31 monde.
1265 1043 41 31 Sa
1336 1042 166 43 partition
1532 1054 56 21 me
1616 1041 127 44 déplaît

960 1090 172 33 d'ailleurs
1150 1092 115 32 moins
1284 1093 127 43 qu'une
1436 1092 138 32 infinité
1594 1093 148 31 d'autres

961 1139 130 34 choses.
1111 1142 75 31 Elle
1205 1148 138 26 montre
1358 1143 75 42 plus
1449 1144 38 31 de
1507 1141 151 33 banalité
1678 1154 65 32 que

956 1188 35 46 je
1011 1202 43 20 ne
1073 1190 240 44 souhaiterais,
1341 1192 87 31 mais
1458 1193 73 31 rien
1561 1194 39 31 de
1627 1192 116 33 trivial

961 1240 34 32 ni
1016 1241 40 31 de
1074 1240 70 33 bas.
1165 1242 45 32 Et
1224 1241 137 32 d'abord
1376 1243 64 31 elle
1457 1249 51 26 est
1526 1242 106 33 écrite
1651 1254 74 31 pres-

960 1301 65 33 que
1045 1289 156 46 toujours
1230 1298 264 36 correctement,
1515 1298 34 26 et
1576 1304 71 20 non
1667 1303 76 21 sans

960 1342 147 43 quelque
1143 1342 159 40 élégance
1338 1341 125 44 parfois
1489 1355 7 19 :
1532 1354 45 20 on
1611 1354 22 31 y
1669 1348 76 26 sent

960 1389 170 33 l'homme
1158 1391 56 44 qui
1236 1403 18 19 a
1274 1391 111 43 appris
1405 1392 18 31 à
1444 1398 127 26 mettre
1599 1391 128 33 l'ortho-

958 1439 140 44 graphe,
1126 1447 34 26 et
1189 1441 17 31 à
1233 1453 44 20 ne
1305 1453 59 31 pas
1393 1443 176 42 employer
1598 1444 39 30 de
1668 1453 77 30 gros

961 1497 103 25 mots.
1087 1491 94 31 C'est
1201 1493 132 31 devenu
1353 1502 68 20 une
1440 1490 102 34 chose
1562 1491 17 33 à
1599 1491 83 43 dire,
1702 1503 42 20 en

962 1551 36 20 ce
1028 1547 113 36 temps
1171 1541 44 32 où
1244 1552 63 21 nos
1336 1541 84 32 trois
1450 1542 117 32 scènes
1595 1542 150 43 lyriques

961 1589 292 34 subventionnées
1285 1598 61 25 ont
1377 1602 46 21 vu
1453 1592 39 31 de
1529 1591 26 32 si
1588 1592 157 41 étranges

961 1639 280 33 manifestations
1261 1653 7 20 :
1295 1653 68 20 une
1388 1640 101 33 chose
1510 1641 17 32 à
1547 1641 82 43 dire,
1649 1641 96 43 après

960 1691 49 32 les
1030 1689 130 34 Cobzar
1162 1715 10 18 ,
1191 1692 49 31 les
1265 1689 95 34 Elsen
1389 1697 34 26 et
1449 1693 49 31 les
1524 1691 160 33 Danseuse
1708 1691 38 32 de

962 1740 129 43 Pompéi

1014 1790 54 32 M.
1089 1790 118 32 André
1228 1790 169 33 Gailhard
1424 1790 102 33 traite
1555 1803 92 20 assez
1675 1792 70 30 mal

962 1842 48 30 les
1029 1840 79 32 voix
1127 1853 7 19 :
1164 1841 83 31 c'est
1265 1842 32 30 la
1329 1843 75 40 plus
1432 1842 127 40 grande
1588 1840 157 32 faiblesse

964 1891 38 31 de
1023 1902 34 19 sa
1072 1889 198 45 technique,
1286 1897 34 26 et
1336 1891 156 32 d'autant
1508 1893 74 41 plus
1599 1890 146 33 sensible

962 1952 66 32 que
1048 1952 62 19 son
1129 1942 87 41 style
1236 1947 51 26 est
1303 1940 271 33 exclusivement
1588 1942 106 32 vocal.

1334 1990 149 33 GASTON
1513 1992 183 31 CARRAUD.

984 2073 173 109 LE
1212 2073 508 117 FIGARO

1013 2215 165 31 L'auteur
1207 2216 39 30 de
1275 2216 32 30 la
1336 2214 134 44 musiqe
1496 2216 42 30 du
1567 2213 178 46 Sortillège,

964 2266 53 32 M.
1054 2265 118 31 André
1203 2263 180 43 Gailhard,
1415 2271 51 26 est
1502 2276 48 20 un
1581 2266 56 31 des
1669 2267 75 40 plus

957 2314 123 45 jeunes
1116 2314 109 43 parmi
1261 2316 48 29 les
1336 2312 123 46 jeunes
1496 2314 249 44 compositeurs

963 2365 56 45 qui
1053 2365 174 43 appellent
1255 2365 246 31 actuellement
1531 2364 212 33 l'attention.

964 2415 106 42 Mais,
1103 2425 42 21 au
1174 2413 171 33 contraire
1377 2415 39 31 de
1447 2414 145 32 certains
1623 2416 39 30 de
1694 2426 51 20 ses

963 2467 131 30 émules
1114 2464 71 45 qui,
1203 2471 146 35 pensant
1369 2463 224 43 simplement
1611 2471 35 26 et
1665 2464 65 32 clai-

963 2521 147 35 rement,
1138 2514 212 32 s'évertuent
1369 2514 18 30 à
1405 2512 202 44 s'exprimer
1625 2512 101 33 obscu-

963 2566 147 40 rément,
1131 2565 54 31 M.
1204 2565 118 31 André
1349 2562 168 34 Gailhard
1539 2575 103 31 pense
1661 2563 63 32 sim-

962 2617 155 41 plement
1148 2613 215 42 clairement,
1395 2620 34 25 et
1458 2612 148 34 n'hésite
1637 2624 57 32 pas
1727 2613 18 31 à

962 2665 202 42 s'exprimer
1183 2665 39 30 de
1238 2661 127 34 même.
1385 2662 360 34 Incontestablement

961 2714 182 43 musicien,
1172 2713 23 32 il
1225 2712 177 42 bénéficie,
1432 2725 60 31 par
1519 2712 156 42 surcroit,
1705 2714 39 30 de

962 2771 89 26 cette
1070 2763 168 33 heureuse
1265 2762 129 33 facilité
1422 2774 65 32 que
1506 2764 32 30 la
1557 2769 90 27 terre
1666 2768 60 26 tou-

959 2813 156 33 lousaine
1136 2813 156 44 dispense
1312 2812 26 33 si
1357 2813 288 41 généreusement
1660 2812 18 32 à
1693 2824 50 20 ses

960 2864 147 32 enfants.

1012 2915 101 32 Cette
1132 2912 130 33 facilité
1280 2924 44 20 ne
1351 2913 11 31 l
1378 2924 17 20 a
1423 2911 99 44 point
1550 2910 156 35 entraîné
1726 2911 18 33 à

961 2965 55 31 des
1030 2963 216 42 négligences
1264 2976 10 29 ;
1292 2962 87 32 mais
1393 2961 174 44 peut-être
1582 2963 163 31 l'a-t-elle

960 3013 136 42 éloigné
1111 3015 39 30 de
1165 3012 127 33 l'effort
1308 3024 65 32 que
1389 3012 178 32 réclamait
1583 3024 67 20 une
1668 3013 75 42 plus

960 3070 108 36 nette,
1082 3074 66 21 une
1161 3064 75 42 plus
1248 3063 179 43 frappante
1440 3062 197 43 opposition
1649 3068 96 26 entre

960 3114 49 31 les
1028 3114 86 31 deux
1132 3114 170 30 éléments
1318 3111 212 33 constitutifs
1543 3113 43 31 du
1605 3112 140 44 poème:

960 3165 31 29 le
1012 3161 78 35 rêve
1110 3169 33 25 et
1162 3164 32 30 la
1222 3161 131 33 réalité.
1388 3161 96 32 Dans
1512 3168 78 26 tous
1609 3163 49 31 les
1678 3173 67 31 cas,

962 3213 83 32 c'est
1078 3214 82 30 dans
1196 3211 223 44 l'expression
1451 3213 56 30 des
1536 3211 208 33 sentiments

960 3262 163 35 humains
1143 3261 83 45 qu'il
1245 3263 81 31 s'est
1353 3262 138 31 montré
1511 3267 79 26 tout
1609 3262 17 31 à
1645 3260 63 33 fait
1727 3262 18 31 à

960 3313 96 31 l'aise
1074 3325 9 30 5
1098 3313 83 31 c'est
1194 3323 60 31 par
1267 3313 56 30 des
1336 3311 147 44 qualités
1499 3311 39 32 de
1554 3311 191 33 sensibilité

960 3370 35 25 et
1014 3361 191 33 d'émotion
1225 3363 118 31 tendre
1363 3372 65 33 que
1456 3372 61 21 son
1536 3361 111 33 talent
1666 3362 81 32 s'est

961 3412 183 32 manifesté
1158 3413 40 30 de
1210 3413 31 30 la
1256 3412 101 40 façon
1371 3412 32 30 la
1416 3412 73 41 plus
1504 3410 240 34 intéressante.

1380 3461 163 33 GABRIEL
1562 3461 132 33 FAURÉ.

974 3534 249 147 m
1253 3534 371 132 Mutin
1659 3539 82 142 B

1012 3690 41 30 Sa
1068 3687 162 45 jeunesse
1259 3685 153 35 extrême
1437 3689 83 31 rend
1550 3688 54 32 M.
1625 3688 118 31 Anaré

962 3737 167 33 Gailhard
1148 3737 318 44 particulièrement
1489 3736 252 45 sympathique.

1799 647 32 30 A
1850 645 100 43 peine
1969 658 128 21 revenu
2127 647 39 32 de
2195 648 32 30 la
2256 645 96 32 Villa
2374 644 161 43 Médicis,
2555 644 8 32 i

1797 695 73 32 voit
1889 696 145 33 s'ouvrir
2062 698 126 31 devant
2213 695 48 32 lui
2292 702 114 26 toutes
2434 696 144 40 grandes

1797 747 48 30 les
1854 752 113 36 portes
1981 748 39 30 de
2032 753 99 26 notre
2140 745 168 44 première
2322 747 99 31 scène
2433 745 144 44 lyrique.

1799 795 212 33 L'immense
2027 795 72 44 joie
2127 796 84 44 qu'il
2241 807 41 21 en
2313 795 71 33 doit
2411 796 169 42 éprouver

1797 846 222 32 désarmerait
2046 846 251 32 certainement
2326 857 52 20 ses
2402 844 99 45 juges
2530 846 50 30 les

1799 896 73 40 plus
1888 893 180 43 rigoureux
2080 896 27 31 si
2185 907 36 20 ce
2235 895 56 45 qui
2307 897 41 30 du
2364 902 89 26 reste
2466 907 43 20 ne
2522 907 56 20 me

1797 942 110 44 paraît
1926 956 57 31 pas
2002 947 31 30 le
2053 957 54 20 cas
2192 948 32 29 la
2244 945 145 33 sévérité
2404 947 75 30 leur
2494 945 85 33 était

1797 993 164 43 imposée.

1849 1044 53 31 M.
1941 1043 167 33 Gailhard
2142 1043 158 34 n'affiche
2337 1056 131 21 aucune
2505 1044 74 33 idée

1799 1094 158 41 avancée,
1979 1105 42 21 ne
2042 1105 34 21 se
2091 1094 114 32 soucie
2220 1096 195 32 nullement
2430 1096 56 31 des
2506 1096 56 31 der-

1799 1142 111 32 nières
1929 1142 179 33 méthodes
2137 1145 39 30 de
2204 1144 244 43 composition.
2477 1144 102 32 Libre

1800 1192 18 31 à
1837 1192 48 33 lui
1905 1194 41 30 de
1976 1192 126 33 choisir
2131 1204 35 21 sa
2185 1192 77 33 voie
2290 1201 34 26 et
2354 1196 39 30 de
2420 1194 158 43 produire

1799 1244 95 30 selon
1908 1254 61 20 son
1981 1244 267 42 tempérament.
2263 1244 163 41 Wagner,
2446 1245 114 31 Masse-

1799 1299 71 35 net,
1882 1293 150 32 Gounod
2042 1292 171 34 semblent
2221 1291 84 44 être,
2314 1305 85 31 pour
2409 1293 171 42 l'instant,

1801 1354 50 21 ses
1872 1341 141 34 maîtres
2033 1343 159 42 préférés.
2209 1342 33 33 Si
2262 1344 48 31 les
2331 1343 157 32 tableaux
2506 1343 56 32 fan-

1800 1392 166 44 tastiques
1987 1394 39 30 de
2045 1393 138 32 l'œuvre
2213 1393 101 32 n'ont
2340 1404 57 32 pas
2425 1390 155 46 toujours

1800 1454 47 20 un
1866 1441 101 33 relief
1982 1442 79 32 bien
2080 1442 188 42 saisissant,
2284 1454 42 21 en
2347 1441 167 34 revanche
2533 1444 49 30 les

1800 1503 100 32 pages
1928 1499 147 34 agrestes
2103 1499 34 25 et
2166 1503 220 21 amoureuses
2413 1504 43 20 ne
2484 1503 75 21 man-

1800 1549 108 38 quent
1927 1542 35 31 ni
1984 1543 39 30 de
2042 1540 183 45 fraîcheur,
2244 1542 35 31 ni
2301 1543 39 31 de
2362 1540 100 43 grâce
2481 1549 83 25 natu-

1800 1592 132 42 relle,ni
1945 1590 115 34 même
2073 1591 336 44 d'ampleur.Leprix
2422 1594 39 30 de
2470 1593 114 30 Rome

1801 1643 49 42 s'y
1879 1642 125 42 révèle,
2032 1653 22 31 y
2082 1642 177 41 témoigne
2288 1642 83 44 qu'il
2404 1653 17 20 a
2451 1641 62 33 fait
2542 1642 41 31 de

1800 1692 124 32 solides
1951 1692 131 42 études,
2100 1692 85 44 qu'il
2213 1691 64 33 sait
2305 1691 106 33 écrire
2435 1698 35 26 et
2498 1691 84 45 qu'il

1800 1754 123 31 pourra
1955 1742 143 43 prendre
2128 1754 67 20 une
2230 1743 94 42 place
2356 1740 147 33 sérieuse
2540 1753 42 20 au

1800 1790 148 44 théâtre,
1980 1792 113 44 quand
2122 1803 35 20 sa
2187 1791 243 43 personnalité,
2459 1802 123 21 encore

1801 1854 46 20 un
1867 1854 65 31 peu
1952 1840 185 43 hésitante,
2157 1853 34 20 se
2219 1841 222 33 manifestera
2468 1848 96 26 nette-

1800 1899 109 26 ment.

2186 1954 143 31 ALFRED
2350 1953 182 32 BRUNEAU.

1820 2032 749 105 COMŒDÏA

1865 2180 54 32 M.
1938 2180 119 31 André
2078 2178 166 34 Gailhard
2260 2192 17 20 a
2292 2180 86 33 écrit
2396 2191 67 21 une
2477 2178 89 44 parti-

1800 2228 74 34 tion
1886 2229 234 43 claire,facile,
2134 2229 261 45 aimable,parée
2414 2231 40 31 de
2467 2228 115 43 grâces

1800 2278 352 46 symphoniquement
2160 2277 185 46 juvéniles.
2358 2281 30 31 Il
2405 2291 16 20 a
2434 2279 100 32 laissé
2547 2291 34 20 se

1799 2330 147 41 préciser
1965 2328 249 33 d'eux-mêmes
2229 2331 49 31 les
2297 2329 165 32 mélodies
2481 2336 34 26 et
2533 2330 49 30 les

1799 2378 153 44 rythmes
1972 2378 56 45 qui
2043 2378 200 34 chantaient
2256 2391 42 20 en
2316 2378 60 33 lui.
2390 2380 58 31 On
2470 2376 94 46 objec-

1797 2436 75 25 tera
1881 2441 66 31 que
1955 2431 32 29 la
1996 2428 159 44 musique
2164 2430 43 31 du
2221 2428 154 46 Sortilège
2387 2429 89 31 n'est
2484 2427 99 44 point

1798 2478 305 43 impérieusement
2118 2478 176 41 originale.
2311 2479 95 32 C'est
2423 2477 158 44 possible.

1800 2530 53 33 M.
1880 2529 118 31 André
2022 2527 167 33 Gailhard
2219 2529 56 31 n'a
2304 2529 103 40 guère
2435 2529 77 41 plus
2540 2529 40 30 de

1798 2577 195 45 vingt-cinq
2023 2589 70 21 ans.
2115 2578 54 31 De
2197 2579 87 41 plus,
2301 2576 33 46 je
2354 2589 43 21 ne
2416 2577 86 32 crois
2522 2588 58 32 pas

1799 2627 83 44 qu'il
1903 2627 47 33 ait
1969 2638 107 30 conçu
2091 2628 31 31 le
2136 2627 133 33 dessein
2284 2629 40 31 de
2336 2627 158 43 produire
2513 2638 68 20 une

1799 2688 112 22 œuvre
1941 2678 40 31 de
2009 2676 148 43 combat,
2185 2688 68 21 une
2284 2688 112 22 œuvre
2426 2678 137 31 d'avant-

1797 2728 113 41 garde,
1930 2738 67 21 une
2024 2726 197 33 révolution
2249 2738 43 21 en
2318 2726 84 33 trois
2428 2733 103 26 actes.
2551 2728 31 30 Il

1798 2777 81 32 s'est
1898 2777 136 32 montré
2064 2777 130 31 sincère
2224 2784 34 25 et
2287 2776 185 34 abondant.
2501 2778 31 30 Il
2564 2786 17 22 a

1799 2826 163 42 dédaigné
1990 2825 201 44 l'emphase.
2222 2828 46 31 Et
2296 2832 148 37 surtout,
2473 2825 25 33 il
2524 2826 56 32 n'a

1799 2888 57 31 pas
1888 2876 145 32 commis
2051 2878 33 30 la
2102 2877 94 32 faute
2227 2878 39 31 de
2294 2876 162 33 travestir
2486 2876 94 43 après

1798 2938 86 31 coup
1914 2937 43 21 en
1983 2927 49 31 les
2060 2926 235 45 compliquant
2324 2926 17 32 à
2368 2925 129 45 plaisir,
2524 2927 58 31 des

1799 2975 221 44 inspirations
2041 2984 147 25 souvent
2207 2975 174 44 délicates,
2395 2975 88 33 mais
2503 2982 60 26 tou-

1795 3025 96 46 jours
1910 3026 287 43 primesautières.

1849 3078 31 29 Il
1907 3076 74 33 faut
2009 3074 215 35 reconnaître
2246 3076 17 31 à
2281 3076 33 31 la
2341 3074 167 44 partition
2536 3076 44 31 du

1799 3124 154 47 Sortilège
1973 3126 40 32 de
2031 3127 32 31 la
2082 3124 182 44 fraîcheur,
2284 3126 40 31 de
2348 3124 233 44 l'animation,

1800 3177 40 31 de
1858 3177 33 30 la
1910 3187 113 21 verve.
2040 3175 34 33 Si
2095 3177 54 31 M.
2165 3176 117 31 André
2298 3173 169 35 Gailhard
2485 3186 18 19 a
2521 3186 61 31 par

1800 3226 148 32 instants
1989 3224 73 33 subi
2102 3236 136 22 comme
2283 3235 68 21 une
2395 3223 186 42 contagion

1800 3274 288 45 d'épanchement
2119 3274 240 42 mascagniste,
2392 3285 36 21 ce
2456 3285 44 20 ne
2528 3274 54 32 fut

1800 3337 57 31 pas
1873 3337 77 20 sans
1969 3325 120 33 veiller
2109 3325 17 31 à
2144 3326 32 31 la
2196 3330 180 27 constante
2392 3323 130 42 dignité
2541 3325 40 30 de

1799 3377 31 30 la
1861 3375 142 32 facture.
2035 3374 216 33 L'orchestre
2274 3375 44 31 du
2348 3372 155 47 Sortilège
2531 3380 51 26 est

1799 3424 79 33 bien
1898 3424 96 43 écrit,
2014 3436 92 21 assez
2137 3435 133 31 sonore,
2289 3424 136 41 élégant
2457 3429 34 26 et
2509 3423 72 32 l'on

1798 3487 22 31 y
1851 3480 94 38 peut,
1982 3486 43 20 en
2056 3475 150 42 général,
2235 3473 174 44 apprécier
2437 3474 75 41 plus
2541 3474 41 30 de

1799 3523 182 33 recherche
1994 3535 64 33 que
2074 3526 81 30 dans
2171 3525 252 40 l'agencement
2437 3521 145 33 musical

1799 3572 194 35 lui-même.
2015 3575 55 32 M.
2089 3574 118 32 André
2237 3572 167 33 Gailhard
2431 3571 65 34 sait
2521 3582 60 21 son

1799 3624 135 33 métier.

2187 3686 102 33 LOUIS
2309 3685 222 31 VUILLEMIN.
