2702 3934
1158 211 117 66 LE
1341 208 234 69 MOIS

2493 207 42 66 6
2550 229 37 66 ?

137 350 53 44 de
226 359 131 34 notre
392 348 247 46 sensibilité
676 350 254 59 collective,
969 368 113 43 pour
1119 350 276 45 l'éducation
1434 352 60 43 du
1531 350 153 60 public
1721 352 191 57 français
1938 362 45 33 et
2007 367 113 43 pour
2146 348 366 47 l'envoûtement
2538 348 53 44 de

136 428 126 35 toute
287 433 92 28 une
406 416 265 62 génération
698 420 55 44 de
778 421 327 58 compositeurs
1131 418 327 47 émerveillés...

270 484 316 47 Enrichissant
625 486 41 45 le
710 505 141 28 menu
892 487 139 46 d'une
1068 505 157 28 saveur
1261 488 192 58 critique
1491 486 40 45 le
1568 489 208 58 suprême
1814 487 223 62 d'agneau
2070 488 71 44 fut
2215 487 23 45 à
2263 487 42 44 la
2331 486 209 45 Favorite

134 566 45 33 et
204 554 61 45 les
291 553 239 47 écrevisses
680 558 76 42 vin
778 557 59 44 du
865 556 126 45 Rhin
1060 573 8 28 :
1098 555 246 61 ingénieux
1369 555 292 61 symbolisme
1681 559 76 57 qui
1785 558 165 58 permit
1973 574 89 27 aux
2088 556 280 60 debussystes
2392 554 199 59 présents

135 623 53 44 de
214 621 206 46 déchirer
455 623 25 45 à
518 623 136 47 belles
692 625 131 45 dents
858 624 150 45 l'idéal
1044 624 174 62 lyrique
1257 624 53 44 de
1350 623 244 45 Donizetti
1632 636 44 34 et
1713 625 117 45 celui
1869 625 54 45 de
1949 626 209 60 Wagner
2195 635 44 34 et
2265 625 53 43 de
2345 623 109 45 n'en
2481 623 109 44 faire

133 689 172 61 qu'une
332 692 221 45 bouchée.
582 693 83 45 Un
692 694 204 44 ministre
924 693 54 44 de
1004 693 40 44 la
1071 691 227 45 troisième
1325 691 291 61 République
1643 694 112 57 vint,
1782 711 58 27 au
1866 694 180 59 dessert,
2073 694 195 44 affirmer
2305 709 91 29 une
2427 692 82 44 fois
2535 691 54 43 de

132 759 99 60 plus
256 759 42 45 la
322 761 178 45 ferveur
536 761 277 45 athénienne
840 762 73 59 qui
953 761 160 44 dévore
1152 772 128 33 notre
1319 760 292 46 démocratie.
1651 761 75 57 Et,
1761 762 180 61 jusqu'à
1966 779 89 28 une
2082 762 138 44 heure
2245 760 196 47 avancée
2467 759 55 45 de
2549 757 41 46 la

132 829 117 57 nuit,
278 827 41 46 la
343 828 154 46 fumée
526 828 130 46 bleue
683 830 75 45 des
794 831 183 59 cigares,
1006 830 75 59 qui
1121 828 225 59 remplace
1378 828 111 45 celle
1516 830 54 44 de
1596 828 203 47 l'encens
1824 830 110 45 dans
1958 830 62 46 les
2044 830 263 60 apothéoses
2333 830 255 55 modernes,

131 907 160 34 monta
317 914 97 29 vers
440 898 38 44 le
506 899 345 58 triomphateur.

273 1173 132 45 Avec
456 1190 91 28 une
572 1173 178 45 naïveté
776 1174 112 44 dont
916 1190 113 28 nous
1054 1190 114 28 nous
1193 1190 236 41 excusons,
1456 1190 115 28 nous
1596 1175 153 43 avions
1775 1172 135 60 pensé
1947 1190 87 43 que
2070 1184 119 34 cette
2228 1173 100 45 date
2366 1173 221 43 heureuse

128 1243 285 56 permettrait
438 1241 24 45 à
489 1241 74 46 M.
592 1241 304 45 Maeterlinck
922 1242 52 44 de
1002 1258 222 28 renoncer
1249 1241 25 45 à
1299 1253 117 33 cette
1443 1242 194 44 attitude
1664 1242 204 44 d'enfant
1895 1242 202 44 boudeur
2123 1258 86 43 que
2236 1242 172 58 chaque
2433 1238 155 46 succès

128 1326 211 28 nouveau
364 1310 55 44 de
498 1309 170 46 Pelléas
745 1310 111 44 rend
882 1328 61 27 un
972 1328 88 41 peu
1086 1310 97 59 plus
1209 1310 196 45 difficile.
1435 1309 123 47 Mais
1582 1310 41 44 le
1650 1310 130 59 poète
1806 1326 115 29 nous
1945 1328 25 27 a
1995 1310 79 44 fait
2107 1310 118 44 tenir
2261 1309 40 44 le
2341 1307 124 46 billet
2501 1324 86 43 que

130 1378 114 44 voici
275 1395 9 28 :
363 1378 215 45 Veuillez
602 1378 254 45 m'excuser
878 1396 10 29 :
917 1379 44 60 je
988 1379 89 44 n'ai
1103 1396 152 27 aucun
1280 1380 211 43 souvenir
1517 1378 269 46 intéressant
1809 1396 57 27 au
1893 1390 147 47 temps
2065 1378 60 44 du
2152 1377 171 46 Pelléas
2348 1376 53 44 de
2446 1375 141 61 1893.

129 1445 166 53 Quant
320 1446 25 45 à
370 1446 116 45 celui
514 1448 54 43 de
593 1446 466 61 l'Opéra-Comique,
1080 1447 154 62 j'aime
1263 1449 155 43 mieux
1444 1446 106 45 n'en
1580 1449 127 57 point
1733 1447 159 60 parler.
1918 1448 55 59 Je
2001 1449 115 42 tiens
2142 1446 60 45 du
2227 1457 113 33 reste
2378 1443 181 45 énormé-

129 1526 129 33 ment
284 1531 57 28 au
367 1515 214 60 privilège
608 1527 45 32 et
677 1533 57 28 au
762 1517 206 44 bonheur
995 1516 221 45 d'oublier
1242 1516 272 45 totalement
1538 1533 92 28 une
1655 1532 156 29 œuvre
1838 1516 75 44 dès
1939 1514 204 46 l'instant
2162 1514 166 60 qu'elle
2349 1512 83 47 elle
2452 1511 137 45 livrée

126 1600 58 27 au
211 1583 153 59 public

268 1651 83 47 On
378 1669 59 28 11e
461 1654 166 43 saurait
653 1654 155 43 mieux
842 1653 108 45 dire.
992 1653 108 52 Que
1138 1653 192 45 l'auteur
1368 1653 53 44 de
1508 1651 171 47 Pelléas
1764 1669 232 43 apprenne
2033 1652 118 45 donc
2187 1650 287 62 aujourd'hui
2514 1664 76 43 par

126 1719 44 46 S.
198 1719 36 46 I.
265 1719 75 47 M.
367 1737 88 43 que
531 1721 117 45 celui
675 1721 54 44 de
755 1720 447 61 l'Opéra-Comique
1280 1739 25 26 a
1329 1721 91 45 fêté
1452 1738 80 28 son
1571 1720 225 46 centième
1833 1721 302 45 anniversaire
2157 1741 12 35 ;
2208 1737 88 43 que
2334 1718 43 45 la
2413 1715 177 48 Société

130 1788 75 45 des
248 1789 204 45 Auteurs
487 1791 134 43 sache
659 1790 103 44 bien
813 1807 88 43 que
951 1807 114 27 nous
1113 1806 58 27 ne
1208 1790 63 44 lui
1310 1789 232 46 laisserons
1580 1807 74 42 pas
1691 1789 322 59 impunément
2049 1789 267 44 thésauriser
2352 1786 63 45 les
2452 1786 138 43 droits

131 1857 207 45 d'auteur
364 1857 329 46 considérables
720 1858 111 44 dont
857 1857 248 46 l'oublieux
1132 1858 131 59 poète
1289 1858 103 46 s'est
1417 1859 111 44 ainsi
1556 1857 289 47 désintéressé
1872 1858 156 59 depuis
2053 1858 76 44 dix
2151 1873 79 29 ans
2255 1857 75 59 (ne
2368 1855 196 59 pourrait-

127 1942 61 28 on
214 1924 184 47 affecter
424 1938 119 32 cette
569 1943 177 28 somme
771 1927 24 44 à
821 1926 41 45 la
886 1928 238 43 fondation
1152 1927 52 44 de
1231 1927 192 60 quelque
1452 1928 96 58 prix
1576 1928 53 43 de
1656 1925 147 60 poésie
1828 1925 30 60 ?)
1885 1938 44 32 et
1956 1943 85 43 que
2068 1943 51 28 ce
2151 1924 173 46 feuillet
2361 1924 54 44 de
2453 1938 134 29 revue

124 1995 87 43 soit
238 1994 111 45 d'un
376 1994 112 45 utile
512 2012 179 28 secours
715 1995 24 46 à
766 1995 74 46 M.
869 1995 304 45 Maeterlinck
1198 1996 39 43 le
1259 1997 102 60 jour
1388 1996 58 43 où
1472 1995 30 44 il
1528 1994 205 45 s'avisera
1759 1994 187 45 d'écrire
1971 2011 65 28 ses
2063 1994 242 44 mémoires
2330 1994 76 59 qui
2436 2003 152 33 seront

126 2062 313 46 évidemment
556 2064 228 59 pends-toi
813 2065 131 44 brave
971 2064 118 46 Satie
1115 2062 7 47 !
1242 2063 62 45 les
1331 2064 240 45 mémoires
1597 2063 110 46 d'un
1733 2063 265 60 amnésique
2026 2060 8 47 !
