<?xml version="1.0" encoding="UTF-8"?>
<alto xmlns:xsi="http://www.w3.org/2001/XMLSchema-instance" xmlns="http://www.loc.gov/standards/alto/ns-v2#" xsi:schemaLocation="http://www.loc.gov/standards/alto/ns-v2# http://www.loc.gov/standards/alto/alto-v2.0.xsd" xmlns:xlink="http://www.w3.org/1999/xlink">
	<Description>
		<MeasurementUnit>mm10</MeasurementUnit>
		<sourceImageInformation>
			<fileName>//fileserver7/IN2/Princeton/Batch3/bmtnabh/1913/02/15_01/00000104.tif</fileName>
		</sourceImageInformation>
		<OCRProcessing ID="OCRPROCESSING_1">
			<preProcessingStep>
				<processingSoftware>
					<softwareCreator>CCS Content Conversion Specialists GmbH, Germany</softwareCreator>
					<softwareName>CCS docWORKS</softwareName>
					<softwareVersion>6.6-1.18</softwareVersion>
				</processingSoftware>
			</preProcessingStep>
			<ocrProcessingStep>
				<processingSoftware>
					<softwareCreator>ABBYY (BIT Software), Russia</softwareCreator>
					<softwareName>FineReader</softwareName>
					<softwareVersion>10.0</softwareVersion>
				</processingSoftware>
			</ocrProcessingStep>
		</OCRProcessing>
	</Description>
	<Styles>
		<TextStyle ID="TXT_0" FONTSIZE="25" FONTFAMILY="Times New Roman"/>
		<TextStyle ID="TXT_1" FONTSIZE="20" FONTFAMILY="Times New Roman"/>
		<TextStyle ID="TXT_2" FONTSIZE="20" FONTFAMILY="Times New Roman" FONTSTYLE="italics"/>
		<ParagraphStyle ID="PAR_CENTER" ALIGN="Center"/>
		<ParagraphStyle ID="PAR_LEFT" ALIGN="Left"/>
		<ParagraphStyle ID="PAR_BLOCK" ALIGN="Block"/>
	</Styles>
	<Layout>
		<Page ID="P16" PHYSICAL_IMG_NR="16" HEIGHT="3934" WIDTH="2702" PC="0.927">
			<TopMargin ID="P16_TM00001" HPOS="0" VPOS="0" WIDTH="2702" HEIGHT="246"/>
			<LeftMargin ID="P16_LM00001" HPOS="0" VPOS="246" WIDTH="218" HEIGHT="3246"/>
			<RightMargin ID="P16_RM00001" HPOS="2628" VPOS="246" WIDTH="74" HEIGHT="3246"/>
			<BottomMargin ID="P16_BM00001" HPOS="0" VPOS="3492" WIDTH="2702" HEIGHT="442"/>
			<PrintSpace ID="P16_PS00001" HPOS="218" VPOS="246" WIDTH="2410" HEIGHT="3246">
				<TextBlock ID="P16_TB00001" HPOS="1242" VPOS="227" WIDTH="344" HEIGHT="67" STYLEREFS="TXT_0 PAR_CENTER">
					<TextLine ID="P16_TL00001" HPOS="1243" VPOS="228" WIDTH="343" HEIGHT="66">
						<String ID="P16_ST00001" HPOS="1243" VPOS="228" WIDTH="59" HEIGHT="66" CONTENT="S." WC="0.67" CC="06"/>
						<SP ID="P16_SP00001" HPOS="1302" VPOS="294" WIDTH="67"/>
						<String ID="P16_ST00002" HPOS="1369" VPOS="228" WIDTH="50" HEIGHT="66" CONTENT="I." WC="0.81" CC="03"/>
						<SP ID="P16_SP00002" HPOS="1419" VPOS="294" WIDTH="64"/>
						<String ID="P16_ST00003" HPOS="1483" VPOS="228" WIDTH="103" HEIGHT="66" CONTENT="M." WC="0.81" CC="03"/>
					</TextLine>
				</TextBlock>
				<TextBlock ID="P16_TB00002" HPOS="228" VPOS="246" WIDTH="96" HEIGHT="66" STYLEREFS="TXT_1 PAR_LEFT">
					<TextLine ID="P16_TL00002" HPOS="230" VPOS="249" WIDTH="94" HEIGHT="42">
						<String ID="P16_ST00004" HPOS="230" VPOS="249" WIDTH="28" HEIGHT="42" CONTENT="x" STYLE="superscript" WC="0.45" CC="5"/>
						<SP ID="P16_SP00003" HPOS="258" VPOS="291" WIDTH="33"/>
						<String ID="P16_ST00005" HPOS="291" VPOS="249" WIDTH="33" HEIGHT="42" CONTENT="4" WC="1.00" CC="0"/>
					</TextLine>
				</TextBlock>
				<TextBlock ID="P16_TB00003" HPOS="218" VPOS="366" WIDTH="2410" HEIGHT="3126" STYLEREFS="TXT_1 PAR_BLOCK">
					<TextLine ID="P16_TL00003" HPOS="305" VPOS="366" WIDTH="2323" HEIGHT="80">
						<String ID="P16_ST00006" HPOS="305" VPOS="371" WIDTH="55" HEIGHT="56" CONTENT="Si" WC="0.62" CC="24"/>
						<SP ID="P16_SP00004" HPOS="360" VPOS="427" WIDTH="56"/>
						<String ID="P16_ST00007" HPOS="416" VPOS="369" WIDTH="250" HEIGHT="77" CONTENT="Spencer" WC="0.99" CC="0400303"/>
						<SP ID="P16_SP00005" HPOS="666" VPOS="446" WIDTH="54"/>
						<String ID="P16_ST00008" HPOS="720" VPOS="366" WIDTH="183" HEIGHT="57" CONTENT="s'était" WC="0.99" CC="0160430"/>
						<SP ID="P16_SP00006" HPOS="903" VPOS="446" WIDTH="53"/>
						<String ID="P16_ST00009" HPOS="956" VPOS="366" WIDTH="273" HEIGHT="57" CONTENT="contenté" WC="0.99" CC="00301217"/>
						<SP ID="P16_SP00007" HPOS="1229" VPOS="446" WIDTH="64"/>
						<String ID="P16_ST00010" HPOS="1293" VPOS="368" WIDTH="326" HEIGHT="76" CONTENT="d'indiquer" WC="0.99" CC="1065001403"/>
						<SP ID="P16_SP00008" HPOS="1619" VPOS="446" WIDTH="51"/>
						<String ID="P16_ST00011" HPOS="1670" VPOS="367" WIDTH="415" HEIGHT="56" CONTENT="l'assimilation" WC="1.00" CC="00000400350011"/>
						<SP ID="P16_SP00009" HPOS="2085" VPOS="446" WIDTH="55"/>
						<String ID="P16_ST00012" HPOS="2140" VPOS="367" WIDTH="249" HEIGHT="77" CONTENT="possible" WC="1.00" CC="60000020"/>
						<SP ID="P16_SP00010" HPOS="2389" VPOS="446" WIDTH="61"/>
						<String ID="P16_ST00013" HPOS="2450" VPOS="369" WIDTH="69" HEIGHT="56" CONTENT="de" WC="1.00" CC="00"/>
						<SP ID="P16_SP00011" HPOS="2519" VPOS="446" WIDTH="59"/>
						<String ID="P16_ST00014" HPOS="2578" VPOS="372" WIDTH="50" HEIGHT="55" CONTENT="la" WC="0.89" CC="20"/>
					</TextLine>
					<TextLine ID="P16_TL00004" HPOS="219" VPOS="452" WIDTH="2408" HEIGHT="80">
						<String ID="P16_ST00015" HPOS="219" VPOS="457" WIDTH="268" HEIGHT="75" CONTENT="musique" WC="0.98" CC="6304370"/>
						<SP ID="P16_SP00012" HPOS="487" VPOS="532" WIDTH="50"/>
						<String ID="P16_ST00016" HPOS="537" VPOS="453" WIDTH="29" HEIGHT="56" CONTENT="à" WC="0.38" CC="6"/>
						<SP ID="P16_SP00013" HPOS="566" VPOS="532" WIDTH="48"/>
						<String ID="P16_ST00017" HPOS="614" VPOS="473" WIDTH="77" HEIGHT="35" CONTENT="un" WC="1.00" CC="00"/>
						<SP ID="P16_SP00014" HPOS="691" VPOS="532" WIDTH="54"/>
						<String ID="P16_ST00018" HPOS="745" VPOS="452" WIDTH="236" HEIGHT="77" CONTENT="produit" WC="1.00" CC="0000500"/>
						<SP ID="P16_SP00015" HPOS="981" VPOS="532" WIDTH="55"/>
						<String ID="P16_ST00019" HPOS="1036" VPOS="454" WIDTH="338" HEIGHT="77" CONTENT="organique," WC="0.99" CC="0060500403"/>
						<SP ID="P16_SP00016" HPOS="1374" VPOS="532" WIDTH="47"/>
						<String ID="P16_ST00020" HPOS="1421" VPOS="467" WIDTH="152" HEIGHT="43" CONTENT="cette" WC="1.00" CC="00300"/>
						<SP ID="P16_SP00017" HPOS="1573" VPOS="532" WIDTH="47"/>
						<String ID="P16_ST00021" HPOS="1620" VPOS="453" WIDTH="153" HEIGHT="56" CONTENT="seule" WC="0.99" CC="00420"/>
						<SP ID="P16_SP00018" HPOS="1773" VPOS="532" WIDTH="47"/>
						<String ID="P16_ST00022" HPOS="1820" VPOS="453" WIDTH="322" HEIGHT="55" CONTENT="indication" WC="1.00" CC="4100000000"/>
						<SP ID="P16_SP00019" HPOS="2142" VPOS="532" WIDTH="55"/>
						<String ID="P16_ST00023" HPOS="2197" VPOS="453" WIDTH="263" HEIGHT="56" CONTENT="vaudrait" WC="0.99" CC="00402036"/>
						<SP ID="P16_SP00020" HPOS="2460" VPOS="532" WIDTH="47"/>
						<String ID="P16_ST00024" HPOS="2507" VPOS="454" WIDTH="120" HEIGHT="78" CONTENT="déjà" WC="0.98" CC="0056"/>
					</TextLine>
					<TextLine ID="P16_TL00005" HPOS="219" VPOS="536" WIDTH="2408" HEIGHT="81">
						<String ID="P16_ST00025" HPOS="219" VPOS="543" WIDTH="180" HEIGHT="55" CONTENT="d'être" WC="0.99" CC="002030"/>
						<SP ID="P16_SP00021" HPOS="399" VPOS="598" WIDTH="50"/>
						<String ID="P16_ST00026" HPOS="449" VPOS="552" WIDTH="235" HEIGHT="42" CONTENT="retenue" WC="0.99" CC="2050600"/>
						<SP ID="P16_SP00022" HPOS="684" VPOS="598" WIDTH="32"/>
						<String ID="P16_ST00027" HPOS="716" VPOS="537" WIDTH="29" HEIGHT="56" CONTENT="à" WC="0.34" CC="6"/>
						<SP ID="P16_SP00023" HPOS="745" VPOS="598" WIDTH="33"/>
						<String ID="P16_ST00028" HPOS="778" VPOS="557" WIDTH="99" HEIGHT="35" CONTENT="son" WC="0.99" CC="010"/>
						<SP ID="P16_SP00024" HPOS="877" VPOS="598" WIDTH="33"/>
						<String ID="P16_ST00029" HPOS="910" VPOS="536" WIDTH="150" HEIGHT="57" CONTENT="actif" WC="0.97" CC="90037"/>
						<SP ID="P16_SP00025" HPOS="1060" VPOS="598" WIDTH="23"/>
						<String ID="P16_ST00030" HPOS="1083" VPOS="559" WIDTH="67" HEIGHT="34" CONTENT="en" WC="0.79" CC="04"/>
						<SP ID="P16_SP00026" HPOS="1150" VPOS="598" WIDTH="54"/>
						<String ID="P16_ST00031" HPOS="1204" VPOS="554" WIDTH="122" HEIGHT="41" CONTENT="tant" WC="0.98" CC="4050"/>
						<SP ID="P16_SP00027" HPOS="1326" VPOS="598" WIDTH="48"/>
						<String ID="P16_ST00032" HPOS="1374" VPOS="541" WIDTH="311" HEIGHT="76" CONTENT="qu'apport" WC="0.99" CC="850000000"/>
						<SP ID="P16_SP00028" HPOS="1685" VPOS="617" WIDTH="50"/>
						<String ID="P16_ST00033" HPOS="1735" VPOS="537" WIDTH="455" HEIGHT="77" CONTENT="philosophique" WC="1.00" CC="0500003062000"/>
						<SP ID="P16_SP00029" HPOS="2190" VPOS="617" WIDTH="30"/>
						<String ID="P16_ST00034" HPOS="2220" VPOS="561" WIDTH="12" HEIGHT="43" CONTENT=";" WC="0.98" CC="0"/>
						<SP ID="P16_SP00030" HPOS="2232" VPOS="617" WIDTH="35"/>
						<String ID="P16_ST00035" HPOS="2267" VPOS="540" WIDTH="143" HEIGHT="54" CONTENT="mais" WC="0.98" CC="0430"/>
						<SP ID="P16_SP00031" HPOS="2410" VPOS="617" WIDTH="32"/>
						<String ID="P16_ST00036" HPOS="2442" VPOS="540" WIDTH="41" HEIGHT="54" CONTENT="il" WC="0.75" CC="05"/>
						<SP ID="P16_SP00032" HPOS="2483" VPOS="617" WIDTH="49"/>
						<String ID="P16_ST00037" HPOS="2532" VPOS="557" WIDTH="95" HEIGHT="41" CONTENT="eut" WC="1.00" CC="000"/>
					</TextLine>
					<TextLine ID="P16_TL00006" HPOS="221" VPOS="622" WIDTH="2406" HEIGHT="79">
						<String ID="P16_ST00038" HPOS="221" VPOS="649" WIDTH="111" HEIGHT="34" CONTENT="une" WC="0.99" CC="100"/>
						<SP ID="P16_SP00033" HPOS="332" VPOS="683" WIDTH="53"/>
						<String ID="P16_ST00039" HPOS="385" VPOS="627" WIDTH="187" HEIGHT="55" CONTENT="vision" WC="1.00" CC="000000"/>
						<SP ID="P16_SP00034" HPOS="572" VPOS="683" WIDTH="49"/>
						<String ID="P16_ST00040" HPOS="621" VPOS="623" WIDTH="110" HEIGHT="56" CONTENT="très" WC="0.96" CC="4470"/>
						<SP ID="P16_SP00035" HPOS="731" VPOS="683" WIDTH="46"/>
						<String ID="P16_ST00041" HPOS="777" VPOS="636" WIDTH="176" HEIGHT="55" CONTENT="nette," WC="1.00" CC="001000"/>
						<SP ID="P16_SP00036" HPOS="953" VPOS="691" WIDTH="53"/>
						<String ID="P16_ST00042" HPOS="1006" VPOS="622" WIDTH="110" HEIGHT="59" CONTENT="très" WC="0.97" CC="1380"/>
						<SP ID="P16_SP00037" HPOS="1116" VPOS="691" WIDTH="975"/>
						<String ID="P16_ST00043" HPOS="2091" VPOS="626" WIDTH="234" HEIGHT="75" CONTENT="poussée," WC="0.98" CC="67254534" STYLEREFS="TXT_2"/>
						<String ID="P16_ST00044" HPOS="1420" VPOS="626" WIDTH="67" HEIGHT="55" CONTENT="de" WC="0.81" CC="03"/>
						<SP ID="P16_SP00038" HPOS="2325" VPOS="701" WIDTH="-791"/>
						<String ID="P16_ST00045" HPOS="1534" VPOS="623" WIDTH="194" HEIGHT="71" CONTENT="l'objet" WC="0.99" CC="0230503"/>
						<SP ID="P16_SP00039" HPOS="2325" VPOS="701" WIDTH="-549"/>
						<String ID="P16_ST00046" HPOS="1776" VPOS="625" WIDTH="70" HEIGHT="53" CONTENT="de" WC="1.00" CC="00"/>
						<SP ID="P16_SP00040" HPOS="2325" VPOS="701" WIDTH="-433"/>
						<String ID="P16_ST00047" HPOS="1892" VPOS="644" WIDTH="58" HEIGHT="34" CONTENT="sa" WC="1.00" CC="00"/>
						<SP ID="P16_SP00041" HPOS="2325" VPOS="701" WIDTH="-330"/>
						<String ID="P16_ST00048" HPOS="1995" VPOS="623" WIDTH="376" HEIGHT="77" CONTENT="spéculation." WC="1.00" CC="006044006000"/>
						<SP ID="P16_SP00042" HPOS="2371" VPOS="701" WIDTH="54"/>
						<String ID="P16_ST00049" HPOS="2425" VPOS="626" WIDTH="49" HEIGHT="55" CONTENT="Il" WC="0.48" CC="45"/>
						<SP ID="P16_SP00043" HPOS="2474" VPOS="701" WIDTH="47"/>
						<String ID="P16_ST00050" HPOS="2521" VPOS="628" WIDTH="106" HEIGHT="55" CONTENT="mit" WC="0.99" CC="030"/>
					</TextLine>
					<TextLine ID="P16_TL00007" HPOS="219" VPOS="707" WIDTH="2408" HEIGHT="79">
						<String ID="P16_ST00051" HPOS="219" VPOS="714" WIDTH="218" HEIGHT="54" CONTENT="debout" WC="0.99" CC="003030"/>
						<SP ID="P16_SP00044" HPOS="437" VPOS="768" WIDTH="49"/>
						<String ID="P16_ST00052" HPOS="486" VPOS="730" WIDTH="113" HEIGHT="36" CONTENT="une" WC="0.98" CC="130"/>
						<SP ID="P16_SP00045" HPOS="599" VPOS="768" WIDTH="47"/>
						<String ID="P16_ST00053" HPOS="646" VPOS="707" WIDTH="225" HEIGHT="57" CONTENT="théorie" WC="0.99" CC="2550300"/>
						<SP ID="P16_SP00046" HPOS="871" VPOS="768" WIDTH="53"/>
						<String ID="P16_ST00054" HPOS="924" VPOS="710" WIDTH="291" HEIGHT="76" CONTENT="complète" WC="0.99" CC="70003540"/>
						<SP ID="P16_SP00047" HPOS="1215" VPOS="786" WIDTH="33"/>
						<String ID="P16_ST00055" HPOS="1248" VPOS="711" WIDTH="140" HEIGHT="55" CONTENT="dont" WC="1.00" CC="0010"/>
						<SP ID="P16_SP00048" HPOS="1388" VPOS="786" WIDTH="48"/>
						<String ID="P16_ST00056" HPOS="1436" VPOS="731" WIDTH="71" HEIGHT="35" CONTENT="on" WC="0.81" CC="03"/>
						<SP ID="P16_SP00049" HPOS="1507" VPOS="786" WIDTH="57"/>
						<String ID="P16_ST00057" HPOS="1564" VPOS="731" WIDTH="70" HEIGHT="35" CONTENT="ne" WC="0.88" CC="02"/>
						<SP ID="P16_SP00050" HPOS="1634" VPOS="786" WIDTH="47"/>
						<String ID="P16_ST00058" HPOS="1681" VPOS="711" WIDTH="104" HEIGHT="55" CONTENT="sait" WC="0.99" CC="0500"/>
						<SP ID="P16_SP00051" HPOS="1785" VPOS="786" WIDTH="33"/>
						<String ID="P16_ST00059" HPOS="1818" VPOS="710" WIDTH="89" HEIGHT="54" CONTENT="s'il" WC="0.98" CC="0064"/>
						<SP ID="P16_SP00052" HPOS="1907" VPOS="786" WIDTH="46"/>
						<String ID="P16_ST00060" HPOS="1953" VPOS="707" WIDTH="124" HEIGHT="57" CONTENT="faut" WC="0.99" CC="6000"/>
						<SP ID="P16_SP00053" HPOS="2077" VPOS="786" WIDTH="33"/>
						<String ID="P16_ST00061" HPOS="2110" VPOS="711" WIDTH="127" HEIGHT="75" CONTENT="plus" WC="0.98" CC="0550"/>
						<SP ID="P16_SP00054" HPOS="2237" VPOS="786" WIDTH="47"/>
						<String ID="P16_ST00062" HPOS="2284" VPOS="710" WIDTH="249" HEIGHT="56" CONTENT="admirer" WC="1.00" CC="0003022"/>
						<SP ID="P16_SP00055" HPOS="2533" VPOS="786" WIDTH="45"/>
						<String ID="P16_ST00063" HPOS="2578" VPOS="714" WIDTH="49" HEIGHT="54" CONTENT="la" WC="0.59" CC="43"/>
					</TextLine>
					<TextLine ID="P16_TL00008" HPOS="221" VPOS="792" WIDTH="2406" HEIGHT="82">
						<String ID="P16_ST00064" HPOS="221" VPOS="801" WIDTH="236" HEIGHT="73" CONTENT="rigueur" WC="0.99" CC="0056003"/>
						<SP ID="P16_SP00056" HPOS="457" VPOS="874" WIDTH="32"/>
						<String ID="P16_ST00065" HPOS="489" VPOS="795" WIDTH="339" HEIGHT="56" CONTENT="rationnelle" WC="1.00" CC="40500000031"/>
						<SP ID="P16_SP00057" HPOS="828" VPOS="874" WIDTH="33"/>
						<String ID="P16_ST00066" HPOS="861" VPOS="814" WIDTH="75" HEIGHT="35" CONTENT="ou" WC="0.76" CC="03"/>
						<SP ID="P16_SP00058" HPOS="936" VPOS="874" WIDTH="31"/>
						<String ID="P16_ST00067" HPOS="967" VPOS="795" WIDTH="392" HEIGHT="77" CONTENT="l'originalité," WC="0.99" CC="34053941022040"/>
						<SP ID="P16_SP00059" HPOS="1359" VPOS="874" WIDTH="146"/>
						<String ID="P16_ST00068" HPOS="1505" VPOS="795" WIDTH="244" HEIGHT="56" CONTENT="attribut" WC="0.99" CC="00400045"/>
						<SP ID="P16_SP00060" HPOS="1749" VPOS="874" WIDTH="34"/>
						<String ID="P16_ST00069" HPOS="1783" VPOS="792" WIDTH="329" HEIGHT="79" CONTENT="esthétique" WC="0.99" CC="1006640001"/>
						<SP ID="P16_SP00061" HPOS="2112" VPOS="874" WIDTH="51"/>
						<String ID="P16_ST00070" HPOS="2163" VPOS="795" WIDTH="76" HEIGHT="54" CONTENT="du" WC="1.00" CC="00"/>
						<SP ID="P16_SP00062" HPOS="2239" VPOS="874" WIDTH="44"/>
						<String ID="P16_ST00071" HPOS="2283" VPOS="795" WIDTH="344" HEIGHT="79" CONTENT="philosophe" WC="1.00" CC="0601000060"/>
					</TextLine>
					<TextLine ID="P16_TL00009" HPOS="221" VPOS="877" WIDTH="1238" HEIGHT="79">
						<String ID="P16_ST00072" HPOS="221" VPOS="884" WIDTH="144" HEIGHT="54" CONTENT="aussi" WC="0.99" CC="31000"/>
						<SP ID="P16_SP00063" HPOS="365" VPOS="938" WIDTH="35"/>
						<String ID="P16_ST00073" HPOS="400" VPOS="881" WIDTH="131" HEIGHT="55" CONTENT="bien" WC="0.99" CC="0300"/>
						<SP ID="P16_SP00064" HPOS="531" VPOS="938" WIDTH="35"/>
						<String ID="P16_ST00074" HPOS="566" VPOS="900" WIDTH="112" HEIGHT="56" CONTENT="que" WC="0.99" CC="030"/>
						<SP ID="P16_SP00065" HPOS="678" VPOS="956" WIDTH="33"/>
						<String ID="P16_ST00075" HPOS="711" VPOS="879" WIDTH="76" HEIGHT="56" CONTENT="du" WC="1.00" CC="00"/>
						<SP ID="P16_SP00066" HPOS="787" VPOS="956" WIDTH="34"/>
						<String ID="P16_ST00076" HPOS="821" VPOS="877" WIDTH="168" HEIGHT="78" CONTENT="poète" WC="0.98" CC="01740"/>
						<SP ID="P16_SP00067" HPOS="989" VPOS="956" WIDTH="33"/>
						<String ID="P16_ST00077" HPOS="1022" VPOS="895" WIDTH="55" HEIGHT="40" CONTENT="et" WC="1.00" CC="00"/>
						<SP ID="P16_SP00068" HPOS="1077" VPOS="956" WIDTH="34"/>
						<String ID="P16_ST00078" HPOS="1111" VPOS="880" WIDTH="67" HEIGHT="55" CONTENT="de" WC="1.00" CC="00"/>
						<SP ID="P16_SP00069" HPOS="1178" VPOS="956" WIDTH="31"/>
						<String ID="P16_ST00079" HPOS="1209" VPOS="880" WIDTH="250" HEIGHT="57" CONTENT="l'artiste." WC="1.00" CC="0005300004"/>
					</TextLine>
					<TextLine ID="P16_TL00010" HPOS="308" VPOS="964" WIDTH="2319" HEIGHT="80">
						<String ID="P16_ST00080" HPOS="308" VPOS="969" WIDTH="248" HEIGHT="75" CONTENT="Spencer" WC="1.00" CC="0006001"/>
						<SP ID="P16_SP00070" HPOS="556" VPOS="1044" WIDTH="51"/>
						<String ID="P16_ST00081" HPOS="607" VPOS="978" WIDTH="126" HEIGHT="63" CONTENT="part" WC="0.99" CC="0300"/>
						<SP ID="P16_SP00071" HPOS="733" VPOS="1044" WIDTH="33"/>
						<String ID="P16_ST00082" HPOS="766" VPOS="965" WIDTH="68" HEIGHT="53" CONTENT="de" WC="1.00" CC="00"/>
						<SP ID="P16_SP00072" HPOS="834" VPOS="1044" WIDTH="55"/>
						<String ID="P16_ST00083" HPOS="889" VPOS="978" WIDTH="150" HEIGHT="42" CONTENT="cette" WC="0.99" CC="01011"/>
						<SP ID="P16_SP00073" HPOS="1039" VPOS="1044" WIDTH="54"/>
						<String ID="P16_ST00084" HPOS="1093" VPOS="965" WIDTH="360" HEIGHT="56" CONTENT="observation" WC="1.00" CC="00001813302"/>
						<SP ID="P16_SP00074" HPOS="1453" VPOS="1044" WIDTH="34"/>
						<String ID="P16_ST00085" HPOS="1487" VPOS="987" WIDTH="113" HEIGHT="54" CONTENT="que" WC="0.98" CC="040"/>
						<SP ID="P16_SP00075" HPOS="1600" VPOS="1044" WIDTH="53"/>
						<String ID="P16_ST00086" HPOS="1653" VPOS="965" WIDTH="145" HEIGHT="56" CONTENT="chez" WC="0.97" CC="0636"/>
						<SP ID="P16_SP00076" HPOS="1798" VPOS="1044" WIDTH="31"/>
						<String ID="P16_ST00087" HPOS="1829" VPOS="965" WIDTH="77" HEIGHT="55" CONTENT="les" WC="1.00" CC="000"/>
						<SP ID="P16_SP00077" HPOS="1906" VPOS="1044" WIDTH="55"/>
						<String ID="P16_ST00088" HPOS="1961" VPOS="964" WIDTH="157" HEIGHT="56" CONTENT="bêtes" WC="1.00" CC="00030"/>
						<SP ID="P16_SP00078" HPOS="2118" VPOS="1044" WIDTH="32"/>
						<String ID="P16_ST00089" HPOS="2150" VPOS="964" WIDTH="68" HEIGHT="56" CONTENT="de" WC="1.00" CC="00"/>
						<SP ID="P16_SP00079" HPOS="2218" VPOS="1044" WIDTH="56"/>
						<String ID="P16_ST00090" HPOS="2274" VPOS="966" WIDTH="190" HEIGHT="55" CONTENT="même" WC="1.00" CC="0001"/>
						<SP ID="P16_SP00080" HPOS="2464" VPOS="1044" WIDTH="54"/>
						<String ID="P16_ST00091" HPOS="2518" VPOS="988" WIDTH="109" HEIGHT="56" CONTENT="que" WC="1.00" CC="000"/>
					</TextLine>
					<TextLine ID="P16_TL00011" HPOS="222" VPOS="1048" WIDTH="2404" HEIGHT="80">
						<String ID="P16_ST00092" HPOS="222" VPOS="1053" WIDTH="143" HEIGHT="55" CONTENT="chez" WC="0.99" CC="0300"/>
						<SP ID="P16_SP00081" HPOS="365" VPOS="1108" WIDTH="47"/>
						<String ID="P16_ST00093" HPOS="412" VPOS="1050" WIDTH="307" HEIGHT="67" CONTENT="l'homme," WC="0.99" CC="61644000"/>
						<SP ID="P16_SP00082" HPOS="719" VPOS="1117" WIDTH="31"/>
						<String ID="P16_ST00094" HPOS="750" VPOS="1051" WIDTH="78" HEIGHT="54" CONTENT="les" WC="1.00" CC="000"/>
						<SP ID="P16_SP00083" HPOS="828" VPOS="1117" WIDTH="48"/>
						<String ID="P16_ST00095" HPOS="876" VPOS="1051" WIDTH="310" HEIGHT="55" CONTENT="sensations" WC="1.00" CC="0000036000"/>
						<SP ID="P16_SP00084" HPOS="1186" VPOS="1117" WIDTH="32"/>
						<String ID="P16_ST00096" HPOS="1218" VPOS="1065" WIDTH="53" HEIGHT="41" CONTENT="et" WC="0.93" CC="01"/>
						<SP ID="P16_SP00085" HPOS="1271" VPOS="1117" WIDTH="47"/>
						<String ID="P16_ST00097" HPOS="1318" VPOS="1053" WIDTH="76" HEIGHT="53" CONTENT="les" WC="1.00" CC="000"/>
						<SP ID="P16_SP00086" HPOS="1394" VPOS="1117" WIDTH="33"/>
						<String ID="P16_ST00098" HPOS="1427" VPOS="1050" WIDTH="306" HEIGHT="69" CONTENT="émotions," WC="0.99" CC="761000000"/>
						<SP ID="P16_SP00087" HPOS="1733" VPOS="1119" WIDTH="33"/>
						<String ID="P16_ST00099" HPOS="1766" VPOS="1048" WIDTH="291" HEIGHT="77" CONTENT="agréables" WC="0.99" CC="082710000"/>
						<SP ID="P16_SP00088" HPOS="2057" VPOS="1125" WIDTH="43"/>
						<String ID="P16_ST00100" HPOS="2100" VPOS="1070" WIDTH="74" HEIGHT="35" CONTENT="ou" WC="0.97" CC="00"/>
						<SP ID="P16_SP00089" HPOS="2174" VPOS="1125" WIDTH="47"/>
						<String ID="P16_ST00101" HPOS="2221" VPOS="1049" WIDTH="405" HEIGHT="79" CONTENT="désagréables," WC="1.00" CC="0700036503000"/>
					</TextLine>
					<TextLine ID="P16_TL00012" HPOS="223" VPOS="1134" WIDTH="2404" HEIGHT="76">
						<String ID="P16_ST00102" HPOS="223" VPOS="1150" WIDTH="248" HEIGHT="44" CONTENT="mettent" WC="0.99" CC="0042004"/>
						<SP ID="P16_SP00090" HPOS="471" VPOS="1194" WIDTH="32"/>
						<String ID="P16_ST00103" HPOS="503" VPOS="1138" WIDTH="77" HEIGHT="54" CONTENT="les" WC="0.98" CC="220"/>
						<SP ID="P16_SP00091" HPOS="580" VPOS="1194" WIDTH="32"/>
						<String ID="P16_ST00104" HPOS="612" VPOS="1136" WIDTH="242" HEIGHT="55" CONTENT="muscles" WC="1.00" CC="0500000"/>
						<SP ID="P16_SP00092" HPOS="854" VPOS="1194" WIDTH="32"/>
						<String ID="P16_ST00105" HPOS="886" VPOS="1155" WIDTH="70" HEIGHT="36" CONTENT="en" WC="1.00" CC="00"/>
						<SP ID="P16_SP00093" HPOS="956" VPOS="1194" WIDTH="25"/>
						<String ID="P16_ST00106" HPOS="981" VPOS="1135" WIDTH="117" HEIGHT="75" CONTENT="jeu." WC="0.99" CC="2004"/>
						<SP ID="P16_SP00094" HPOS="1098" VPOS="1210" WIDTH="27"/>
						<String ID="P16_ST00107" HPOS="1125" VPOS="1144" WIDTH="36" HEIGHT="20" CONTENT='"' WC="0.61" CC="3"/>
						<SP ID="P16_SP00095" HPOS="1161" VPOS="1210" WIDTH="21"/>
						<String ID="P16_ST00108" HPOS="1182" VPOS="1138" WIDTH="160" HEIGHT="53" CONTENT="Tous" WC="0.99" CC="1020"/>
						<SP ID="P16_SP00096" HPOS="1342" VPOS="1210" WIDTH="24"/>
						<String ID="P16_ST00109" HPOS="1366" VPOS="1139" WIDTH="78" HEIGHT="52" CONTENT="les" WC="1.00" CC="100"/>
						<SP ID="P16_SP00097" HPOS="1444" VPOS="1210" WIDTH="30"/>
						<String ID="P16_ST00110" HPOS="1474" VPOS="1138" WIDTH="357" HEIGHT="64" CONTENT="sentiments," WC="1.00" CC="02201000200"/>
						<SP ID="P16_SP00098" HPOS="1831" VPOS="1210" WIDTH="28"/>
						<String ID="P16_ST00111" HPOS="1859" VPOS="1134" WIDTH="239" HEIGHT="68" CONTENT="écrit-il," WC="1.00" CC="200040002"/>
						<SP ID="P16_SP00099" HPOS="2098" VPOS="1210" WIDTH="25"/>
						<String ID="P16_ST00112" HPOS="2123" VPOS="1150" WIDTH="99" HEIGHT="41" CONTENT="ont" WC="1.00" CC="001"/>
						<SP ID="P16_SP00100" HPOS="2222" VPOS="1210" WIDTH="35"/>
						<String ID="P16_ST00113" HPOS="2257" VPOS="1155" WIDTH="63" HEIGHT="36" CONTENT="ce" WC="1.00" CC="00"/>
						<SP ID="P16_SP00101" HPOS="2320" VPOS="1210" WIDTH="27"/>
						<String ID="P16_ST00114" HPOS="2347" VPOS="1135" WIDTH="280" HEIGHT="59" CONTENT="caractère" WC="0.99" CC="004803602"/>
					</TextLine>
					<TextLine ID="P16_TL00013" HPOS="223" VPOS="1220" WIDTH="2404" HEIGHT="78">
						<String ID="P16_ST00115" HPOS="223" VPOS="1243" WIDTH="280" HEIGHT="37" CONTENT="commun" WC="0.99" CC="000060"/>
						<SP ID="P16_SP00102" HPOS="503" VPOS="1280" WIDTH="33"/>
						<String ID="P16_ST00116" HPOS="536" VPOS="1222" WIDTH="175" HEIGHT="55" CONTENT="d'être" WC="0.99" CC="000140"/>
						<SP ID="P16_SP00103" HPOS="711" VPOS="1280" WIDTH="25"/>
						<String ID="P16_ST00117" HPOS="736" VPOS="1222" WIDTH="97" HEIGHT="54" CONTENT="des" WC="1.00" CC="000"/>
						<SP ID="P16_SP00104" HPOS="833" VPOS="1280" WIDTH="32"/>
						<String ID="P16_ST00118" HPOS="865" VPOS="1223" WIDTH="304" HEIGHT="75" CONTENT="aiguillons" WC="0.99" CC="2204023200"/>
						<SP ID="P16_SP00105" HPOS="1169" VPOS="1298" WIDTH="1023"/>
						<String ID="P16_ST00119" HPOS="2192" VPOS="1220" WIDTH="240" HEIGHT="78" CONTENT="(stimulï)" WC="0.64" CC="742100465" STYLEREFS="TXT_2"/>
						<String ID="P16_ST00120" HPOS="1470" VPOS="1223" WIDTH="77" HEIGHT="53" CONTENT="du" WC="0.96" CC="00"/>
						<SP ID="P16_SP00106" HPOS="2432" VPOS="1298" WIDTH="-852"/>
						<String ID="P16_ST00121" HPOS="1580" VPOS="1222" WIDTH="247" HEIGHT="76" CONTENT="système" WC="0.99" CC="0500600"/>
						<SP ID="P16_SP00107" HPOS="2432" VPOS="1298" WIDTH="-572"/>
						<String ID="P16_ST00122" HPOS="1860" VPOS="1223" WIDTH="365" HEIGHT="54" CONTENT="musculaire." WC="1.00" CC="01004001403"/>
						<SP ID="P16_SP00108" HPOS="2432" VPOS="1298" WIDTH="-175"/>
						<String ID="P16_ST00123" HPOS="2257" VPOS="1223" WIDTH="34" HEIGHT="20" CONTENT='"' WC="0.25" CC="7"/>
						<SP ID="P16_SP00109" HPOS="2432" VPOS="1298" WIDTH="-117"/>
						<String ID="P16_ST00124" HPOS="2315" VPOS="1223" WIDTH="51" HEIGHT="54" CONTENT="Il" WC="0.46" CC="55"/>
						<SP ID="P16_SP00110" HPOS="2432" VPOS="1298" WIDTH="-35"/>
						<String ID="P16_ST00125" HPOS="2397" VPOS="1223" WIDTH="230" HEIGHT="56" CONTENT="s'ensuit" WC="1.00" CC="01051000"/>
					</TextLine>
					<TextLine ID="P16_TL00014" HPOS="222" VPOS="1307" WIDTH="2405" HEIGHT="77">
						<String ID="P16_ST00126" HPOS="222" VPOS="1309" WIDTH="151" HEIGHT="56" CONTENT="donc" WC="1.00" CC="0000"/>
						<SP ID="P16_SP00111" HPOS="373" VPOS="1365" WIDTH="48"/>
						<String ID="P16_ST00127" HPOS="421" VPOS="1307" WIDTH="178" HEIGHT="77" CONTENT="qu'un" WC="0.99" CC="00333"/>
						<SP ID="P16_SP00112" HPOS="599" VPOS="1384" WIDTH="47"/>
						<String ID="P16_ST00128" HPOS="646" VPOS="1321" WIDTH="234" HEIGHT="62" CONTENT="rapport" WC="0.99" CC="1600011"/>
						<SP ID="P16_SP00113" HPOS="880" VPOS="1384" WIDTH="48"/>
						<String ID="P16_ST00129" HPOS="928" VPOS="1308" WIDTH="122" HEIGHT="53" CONTENT="doit" WC="0.99" CC="0050"/>
						<SP ID="P16_SP00114" HPOS="1050" VPOS="1384" WIDTH="48"/>
						<String ID="P16_ST00130" HPOS="1098" VPOS="1308" WIDTH="209" HEIGHT="54" CONTENT="exister" WC="0.99" CC="0900200"/>
						<SP ID="P16_SP00115" HPOS="1307" VPOS="1384" WIDTH="45"/>
						<String ID="P16_ST00131" HPOS="1352" VPOS="1322" WIDTH="160" HEIGHT="40" CONTENT="entre" WC="0.98" CC="05033"/>
						<SP ID="P16_SP00116" HPOS="1512" VPOS="1384" WIDTH="31"/>
						<String ID="P16_ST00132" HPOS="1543" VPOS="1309" WIDTH="51" HEIGHT="53" CONTENT="le" WC="0.72" CC="22"/>
						<SP ID="P16_SP00117" HPOS="1594" VPOS="1384" WIDTH="341"/>
						<String ID="P16_ST00133" HPOS="1935" VPOS="1313" WIDTH="34" HEIGHT="22" CONTENT='"' WC="0.59" CC="4"/>
						<SP ID="P16_SP00118" HPOS="1969" VPOS="1384" WIDTH="37"/>
						<String ID="P16_ST00134" HPOS="2006" VPOS="1319" WIDTH="129" HEIGHT="42" CONTENT="tous" WC="0.99" CC="0040"/>
						<SP ID="P16_SP00119" HPOS="2135" VPOS="1384" WIDTH="45"/>
						<String ID="P16_ST00135" HPOS="2180" VPOS="1308" WIDTH="77" HEIGHT="54" CONTENT="les" WC="1.00" CC="000"/>
						<SP ID="P16_SP00120" HPOS="2257" VPOS="1384" WIDTH="47"/>
						<String ID="P16_ST00136" HPOS="2304" VPOS="1328" WIDTH="129" HEIGHT="36" CONTENT="sons" WC="0.99" CC="0060"/>
						<SP ID="P16_SP00121" HPOS="2433" VPOS="1384" WIDTH="33"/>
						<String ID="P16_ST00137" HPOS="2466" VPOS="1308" WIDTH="67" HEIGHT="54" CONTENT="de" WC="1.00" CC="00"/>
						<SP ID="P16_SP00122" HPOS="2533" VPOS="1384" WIDTH="46"/>
						<String ID="P16_ST00138" HPOS="2579" VPOS="1310" WIDTH="48" HEIGHT="54" CONTENT="la" WC="0.70" CC="50"/>
					</TextLine>
					<TextLine ID="P16_TL00015" HPOS="222" VPOS="1392" WIDTH="2405" HEIGHT="77">
						<String ID="P16_ST00139" HPOS="222" VPOS="1397" WIDTH="141" HEIGHT="54" CONTENT="voix" WC="0.99" CC="0006"/>
						<SP ID="P16_SP00123" HPOS="363" VPOS="1451" WIDTH="30"/>
						<String ID="P16_ST00140" HPOS="393" VPOS="1393" WIDTH="157" HEIGHT="56" CONTENT="étant" WC="0.98" CC="70030"/>
						<SP ID="P16_SP00124" HPOS="550" VPOS="1451" WIDTH="33"/>
						<String ID="P16_ST00141" HPOS="583" VPOS="1393" WIDTH="261" HEIGHT="76" CONTENT="produits" WC="0.99" CC="02405200"/>
						<SP ID="P16_SP00125" HPOS="844" VPOS="1469" WIDTH="32"/>
						<String ID="P16_ST00142" HPOS="876" VPOS="1412" WIDTH="100" HEIGHT="56" CONTENT="par" WC="0.98" CC="004"/>
						<SP ID="P16_SP00126" HPOS="976" VPOS="1469" WIDTH="31"/>
						<String ID="P16_ST00143" HPOS="1007" VPOS="1393" WIDTH="51" HEIGHT="53" CONTENT="le" WC="0.92" CC="10"/>
						<SP ID="P16_SP00127" HPOS="1058" VPOS="1469" WIDTH="22"/>
						<String ID="P16_ST00144" HPOS="1080" VPOS="1392" WIDTH="101" HEIGHT="75" CONTENT="jeu" WC="0.99" CC="300"/>
						<SP ID="P16_SP00128" HPOS="1181" VPOS="1469" WIDTH="34"/>
						<String ID="P16_ST00145" HPOS="1215" VPOS="1393" WIDTH="69" HEIGHT="53" CONTENT="de" WC="1.00" CC="00"/>
						<SP ID="P16_SP00129" HPOS="1284" VPOS="1469" WIDTH="31"/>
						<String ID="P16_ST00146" HPOS="1315" VPOS="1394" WIDTH="243" HEIGHT="54" CONTENT="certains" WC="1.00" CC="00013010"/>
						<SP ID="P16_SP00130" HPOS="1558" VPOS="1469" WIDTH="34"/>
						<String ID="P16_ST00147" HPOS="1592" VPOS="1393" WIDTH="244" HEIGHT="55" CONTENT="muscles" WC="1.00" CC="0600000"/>
						<SP ID="P16_SP00131" HPOS="1836" VPOS="1469" WIDTH="37"/>
						<String ID="P16_ST00148" HPOS="1873" VPOS="1392" WIDTH="53" HEIGHT="67" CONTENT='",' WC="0.61" CC="60"/>
						<SP ID="P16_SP00132" HPOS="1926" VPOS="1469" WIDTH="36"/>
						<String ID="P16_ST00149" HPOS="1962" VPOS="1407" WIDTH="56" HEIGHT="39" CONTENT="et" WC="0.86" CC="02"/>
						<SP ID="P16_SP00133" HPOS="2018" VPOS="1469" WIDTH="32"/>
						<String ID="P16_ST00150" HPOS="2050" VPOS="1393" WIDTH="53" HEIGHT="53" CONTENT="la" WC="0.70" CC="50"/>
						<SP ID="P16_SP00134" HPOS="2103" VPOS="1469" WIDTH="29"/>
						<String ID="P16_ST00151" HPOS="2132" VPOS="1392" WIDTH="231" HEIGHT="77" CONTENT="musique" WC="0.98" CC="0094504" STYLEREFS="TXT_2"/>
						<String ID="P16_ST00152" HPOS="2367" VPOS="1440" WIDTH="14" HEIGHT="22" CONTENT="," WC="0.69" CC="3"/>
						<SP ID="P16_SP00135" HPOS="2381" VPOS="1469" WIDTH="28"/>
						<String ID="P16_ST00153" HPOS="2409" VPOS="1401" WIDTH="35" HEIGHT="21" CONTENT='"' WC="0.58" CC="4"/>
						<SP ID="P16_SP00136" HPOS="2444" VPOS="1469" WIDTH="25"/>
						<String ID="P16_ST00154" HPOS="2469" VPOS="1407" WIDTH="158" HEIGHT="43" CONTENT="toute" WC="0.98" CC="50630"/>
					</TextLine>
					<TextLine ID="P16_TL00016" HPOS="223" VPOS="1476" WIDTH="1127" HEIGHT="80">
						<String ID="P16_ST00155" HPOS="223" VPOS="1482" WIDTH="268" HEIGHT="74" CONTENT="musique" WC="0.99" CC="0403020"/>
						<SP ID="P16_SP00137" HPOS="491" VPOS="1556" WIDTH="31"/>
						<String ID="P16_ST00156" HPOS="522" VPOS="1476" WIDTH="157" HEIGHT="57" CONTENT="étant" WC="0.97" CC="71623"/>
						<SP ID="P16_SP00138" HPOS="679" VPOS="1556" WIDTH="32"/>
						<String ID="P16_ST00157" HPOS="711" VPOS="1478" WIDTH="197" HEIGHT="53" CONTENT="vocale" WC="1.00" CC="000301"/>
						<SP ID="P16_SP00139" HPOS="908" VPOS="1556" WIDTH="30"/>
						<String ID="P16_ST00158" HPOS="938" VPOS="1476" WIDTH="29" HEIGHT="55" CONTENT="à" WC="0.42" CC="5"/>
						<SP ID="P16_SP00140" HPOS="967" VPOS="1556" WIDTH="32"/>
						<String ID="P16_ST00159" HPOS="999" VPOS="1478" WIDTH="266" HEIGHT="75" CONTENT="l'origine" WC="1.00" CC="001020070"/>
						<SP ID="P16_SP00141" HPOS="1265" VPOS="1556" WIDTH="35"/>
						<String ID="P16_ST00160" HPOS="1300" VPOS="1478" WIDTH="50" HEIGHT="53" CONTENT='".' WC="0.44" CC="64"/>
					</TextLine>
					<TextLine ID="P16_TL00017" HPOS="311" VPOS="1561" WIDTH="2316" HEIGHT="77">
						<String ID="P16_ST00161" HPOS="311" VPOS="1564" WIDTH="118" HEIGHT="56" CONTENT="Dès" WC="0.96" CC="170"/>
						<SP ID="P16_SP00142" HPOS="429" VPOS="1620" WIDTH="47"/>
						<String ID="P16_ST00162" HPOS="476" VPOS="1564" WIDTH="131" HEIGHT="66" CONTENT="lors," WC="1.00" CC="00100"/>
						<SP ID="P16_SP00143" HPOS="607" VPOS="1630" WIDTH="35"/>
						<String ID="P16_ST00163" HPOS="642" VPOS="1563" WIDTH="249" HEIGHT="75" CONTENT="Spencer" WC="1.00" CC="0000003"/>
						<SP ID="P16_SP00144" HPOS="891" VPOS="1638" WIDTH="45"/>
						<String ID="P16_ST00164" HPOS="936" VPOS="1562" WIDTH="223" HEIGHT="76" CONTENT="analyse" WC="0.99" CC="4404400"/>
						<SP ID="P16_SP00145" HPOS="1159" VPOS="1638" WIDTH="32"/>
						<String ID="P16_ST00165" HPOS="1191" VPOS="1563" WIDTH="79" HEIGHT="53" CONTENT="les" WC="0.99" CC="030"/>
						<SP ID="P16_SP00146" HPOS="1270" VPOS="1638" WIDTH="45"/>
						<String ID="P16_ST00166" HPOS="1315" VPOS="1561" WIDTH="277" HEIGHT="57" CONTENT="éléments" WC="0.99" CC="72500550"/>
						<SP ID="P16_SP00147" HPOS="1592" VPOS="1638" WIDTH="32"/>
						<String ID="P16_ST00167" HPOS="1624" VPOS="1562" WIDTH="76" HEIGHT="54" CONTENT="du" WC="0.75" CC="05"/>
						<SP ID="P16_SP00148" HPOS="1700" VPOS="1638" WIDTH="32"/>
						<String ID="P16_ST00168" HPOS="1732" VPOS="1563" WIDTH="244" HEIGHT="75" CONTENT="langage" WC="1.00" CC="4000000"/>
						<SP ID="P16_SP00149" HPOS="1976" VPOS="1638" WIDTH="34"/>
						<String ID="P16_ST00169" HPOS="2010" VPOS="1563" WIDTH="94" HEIGHT="55" CONTENT="des" WC="1.00" CC="000"/>
						<SP ID="P16_SP00150" HPOS="2104" VPOS="1638" WIDTH="47"/>
						<String ID="P16_ST00170" HPOS="2151" VPOS="1561" WIDTH="307" HEIGHT="71" CONTENT="émotions," WC="0.99" CC="704130302"/>
						<SP ID="P16_SP00151" HPOS="2458" VPOS="1638" WIDTH="35"/>
						<String ID="P16_ST00171" HPOS="2493" VPOS="1563" WIDTH="134" HEIGHT="57" CONTENT="dont" WC="1.00" CC="0000"/>
					</TextLine>
					<TextLine ID="P16_TL00018" HPOS="223" VPOS="1647" WIDTH="2405" HEIGHT="77">
						<String ID="P16_ST00172" HPOS="223" VPOS="1653" WIDTH="78" HEIGHT="54" CONTENT="les" WC="0.99" CC="100"/>
						<SP ID="P16_SP00152" HPOS="301" VPOS="1707" WIDTH="31"/>
						<String ID="P16_ST00173" HPOS="332" VPOS="1651" WIDTH="107" HEIGHT="54" CONTENT="lois" WC="0.99" CC="0020"/>
						<SP ID="P16_SP00153" HPOS="439" VPOS="1707" WIDTH="32"/>
						<String ID="P16_ST00174" HPOS="471" VPOS="1669" WIDTH="55" HEIGHT="35" CONTENT="se" WC="0.86" CC="20"/>
						<SP ID="P16_SP00154" HPOS="526" VPOS="1707" WIDTH="33"/>
						<String ID="P16_ST00175" HPOS="559" VPOS="1661" WIDTH="394" HEIGHT="63" CONTENT="superposent," WC="1.00" CC="020040000020"/>
						<SP ID="P16_SP00155" HPOS="953" VPOS="1724" WIDTH="26"/>
						<String ID="P16_ST00176" HPOS="979" VPOS="1648" WIDTH="44" HEIGHT="55" CONTENT="si" WC="0.82" CC="03"/>
						<SP ID="P16_SP00156" HPOS="1023" VPOS="1724" WIDTH="24"/>
						<String ID="P16_ST00177" HPOS="1047" VPOS="1648" WIDTH="117" HEIGHT="54" CONTENT="l'on" WC="0.99" CC="0204"/>
						<SP ID="P16_SP00157" HPOS="1164" VPOS="1724" WIDTH="28"/>
						<String ID="P16_ST00178" HPOS="1192" VPOS="1661" WIDTH="137" HEIGHT="62" CONTENT="peut" WC="1.00" CC="0000"/>
						<SP ID="P16_SP00158" HPOS="1329" VPOS="1724" WIDTH="27"/>
						<String ID="P16_ST00179" HPOS="1356" VPOS="1647" WIDTH="140" HEIGHT="69" CONTENT="dire," WC="1.00" CC="00300"/>
						<SP ID="P16_SP00159" HPOS="1496" VPOS="1724" WIDTH="28"/>
						<String ID="P16_ST00180" HPOS="1524" VPOS="1647" WIDTH="29" HEIGHT="56" CONTENT="à" WC="0.37" CC="6"/>
						<SP ID="P16_SP00160" HPOS="1553" VPOS="1724" WIDTH="25"/>
						<String ID="P16_ST00181" HPOS="1578" VPOS="1648" WIDTH="168" HEIGHT="55" CONTENT="celles" WC="1.00" CC="000300"/>
						<SP ID="P16_SP00161" HPOS="1746" VPOS="1724" WIDTH="25"/>
						<String ID="P16_ST00182" HPOS="1771" VPOS="1648" WIDTH="69" HEIGHT="55" CONTENT="de" WC="1.00" CC="00"/>
						<SP ID="P16_SP00162" HPOS="1840" VPOS="1724" WIDTH="25"/>
						<String ID="P16_ST00183" HPOS="1865" VPOS="1648" WIDTH="433" HEIGHT="56" CONTENT="l'articulation." WC="0.99" CC="514536030003014"/>
						<SP ID="P16_SP00163" HPOS="2298" VPOS="1724" WIDTH="31"/>
						<String ID="P16_ST00184" HPOS="2329" VPOS="1650" WIDTH="49" HEIGHT="54" CONTENT="Il" WC="0.86" CC="20"/>
						<SP ID="P16_SP00164" HPOS="2378" VPOS="1724" WIDTH="26"/>
						<String ID="P16_ST00185" HPOS="2404" VPOS="1665" WIDTH="224" HEIGHT="40" CONTENT="montre" WC="1.00" CC="001210"/>
					</TextLine>
					<TextLine ID="P16_TL00019" HPOS="226" VPOS="1731" WIDTH="2402" HEIGHT="77">
						<String ID="P16_ST00186" HPOS="226" VPOS="1736" WIDTH="189" HEIGHT="54" CONTENT="réclat" WC="0.90" CC="960000" STYLEREFS="TXT_2"/>
						<SP ID="P16_SP00165" HPOS="415" VPOS="1790" WIDTH="22"/>
						<String ID="P16_ST00187" HPOS="437" VPOS="1735" WIDTH="68" HEIGHT="54" CONTENT="de" WC="1.00" CC="00"/>
						<SP ID="P16_SP00166" HPOS="505" VPOS="1790" WIDTH="24"/>
						<String ID="P16_ST00188" HPOS="529" VPOS="1735" WIDTH="54" HEIGHT="53" CONTENT="la" WC="0.77" CC="13"/>
						<SP ID="P16_SP00167" HPOS="583" VPOS="1790" WIDTH="33"/>
						<String ID="P16_ST00189" HPOS="616" VPOS="1733" WIDTH="137" HEIGHT="55" CONTENT="voix" WC="1.00" CC="0020"/>
						<SP ID="P16_SP00168" HPOS="753" VPOS="1790" WIDTH="33"/>
						<String ID="P16_ST00190" HPOS="786" VPOS="1731" WIDTH="414" HEIGHT="77" CONTENT="proportionné" WC="1.00" CC="021004110026"/>
						<SP ID="P16_SP00169" HPOS="1200" VPOS="1808" WIDTH="33"/>
						<String ID="P16_ST00191" HPOS="1233" VPOS="1731" WIDTH="30" HEIGHT="56" CONTENT="à" WC="1.00" CC="0"/>
						<SP ID="P16_SP00170" HPOS="1263" VPOS="1808" WIDTH="31"/>
						<String ID="P16_ST00192" HPOS="1294" VPOS="1732" WIDTH="52" HEIGHT="55" CONTENT="la" WC="0.85" CC="20"/>
						<SP ID="P16_SP00171" HPOS="1346" VPOS="1808" WIDTH="30"/>
						<String ID="P16_ST00193" HPOS="1376" VPOS="1732" WIDTH="249" HEIGHT="56" CONTENT="vivacité" WC="0.99" CC="40000345"/>
						<SP ID="P16_SP00172" HPOS="1625" VPOS="1808" WIDTH="36"/>
						<String ID="P16_ST00194" HPOS="1661" VPOS="1733" WIDTH="68" HEIGHT="55" CONTENT="de" WC="1.00" CC="00"/>
						<SP ID="P16_SP00173" HPOS="1729" VPOS="1808" WIDTH="32"/>
						<String ID="P16_ST00195" HPOS="1761" VPOS="1733" WIDTH="363" HEIGHT="55" CONTENT="l'excitation" WC="1.00" CC="622006040000"/>
						<SP ID="P16_SP00174" HPOS="2124" VPOS="1808" WIDTH="33"/>
						<String ID="P16_ST00196" HPOS="2157" VPOS="1736" WIDTH="348" HEIGHT="53" CONTENT="musculaire" WC="1.00" CC="0600340000"/>
						<SP ID="P16_SP00175" HPOS="2505" VPOS="1808" WIDTH="30"/>
						<String ID="P16_ST00197" HPOS="2535" VPOS="1757" WIDTH="14" HEIGHT="45" CONTENT=";" WC="0.86" CC="1"/>
						<SP ID="P16_SP00176" HPOS="2549" VPOS="1808" WIDTH="33"/>
						<String ID="P16_ST00198" HPOS="2582" VPOS="1737" WIDTH="46" HEIGHT="53" CONTENT="le" WC="0.85" CC="20"/>
					</TextLine>
					<TextLine ID="P16_TL00020" HPOS="226" VPOS="1817" WIDTH="2401" HEIGHT="79">
						<String ID="P16_ST00199" HPOS="226" VPOS="1820" WIDTH="181" HEIGHT="57" CONTENT="timbre" WC="0.99" CC="000008" STYLEREFS="TXT_2"/>
						<SP ID="P16_SP00177" HPOS="407" VPOS="1877" WIDTH="31"/>
						<String ID="P16_ST00200" HPOS="438" VPOS="1821" WIDTH="84" HEIGHT="53" CONTENT="lui" WC="0.98" CC="060"/>
						<SP ID="P16_SP00178" HPOS="522" VPOS="1877" WIDTH="31"/>
						<String ID="P16_ST00201" HPOS="553" VPOS="1817" WIDTH="242" HEIGHT="78" CONTENT="suggère" WC="1.00" CC="0000800"/>
						<SP ID="P16_SP00179" HPOS="795" VPOS="1895" WIDTH="31"/>
						<String ID="P16_ST00202" HPOS="826" VPOS="1818" WIDTH="147" HEIGHT="55" CONTENT="aussi" WC="0.99" CC="04000"/>
						<SP ID="P16_SP00180" HPOS="973" VPOS="1895" WIDTH="33"/>
						<String ID="P16_ST00203" HPOS="1006" VPOS="1817" WIDTH="94" HEIGHT="55" CONTENT="des" WC="1.00" CC="000"/>
						<SP ID="P16_SP00181" HPOS="1100" VPOS="1895" WIDTH="31"/>
						<String ID="P16_ST00204" HPOS="1131" VPOS="1817" WIDTH="513" HEIGHT="76" CONTENT="rapprochements" WC="1.00" CC="00000006000010"/>
						<SP ID="P16_SP00182" HPOS="1644" VPOS="1895" WIDTH="32"/>
						<String ID="P16_ST00205" HPOS="1676" VPOS="1818" WIDTH="309" HEIGHT="55" CONTENT="rationnels" WC="1.00" CC="1062000050"/>
						<SP ID="P16_SP00183" HPOS="1985" VPOS="1895" WIDTH="24"/>
						<String ID="P16_ST00206" HPOS="2009" VPOS="1843" WIDTH="11" HEIGHT="43" CONTENT=";" WC="0.81" CC="1"/>
						<SP ID="P16_SP00184" HPOS="2020" VPOS="1895" WIDTH="37"/>
						<String ID="P16_ST00207" HPOS="2057" VPOS="1837" WIDTH="100" HEIGHT="36" CONTENT="son" WC="0.99" CC="003"/>
						<SP ID="P16_SP00185" HPOS="2157" VPOS="1895" WIDTH="35"/>
						<String ID="P16_ST00208" HPOS="2192" VPOS="1818" WIDTH="435" HEIGHT="78" CONTENT="interprétation" WC="0.99" CC="44000047554101"/>
					</TextLine>
					<TextLine ID="P16_TL00021" HPOS="226" VPOS="1902" WIDTH="2177" HEIGHT="76">
						<String ID="P16_ST00209" HPOS="226" VPOS="1906" WIDTH="68" HEIGHT="56" CONTENT="de" WC="1.00" CC="00"/>
						<SP ID="P16_SP00186" HPOS="294" VPOS="1962" WIDTH="32"/>
						<String ID="P16_ST00210" HPOS="326" VPOS="1907" WIDTH="50" HEIGHT="52" CONTENT="la" WC="0.74" CC="50"/>
						<SP ID="P16_SP00187" HPOS="376" VPOS="1962" WIDTH="33"/>
						<String ID="P16_ST00211" HPOS="409" VPOS="1905" WIDTH="226" HEIGHT="54" CONTENT="hauteur" WC="1.00" CC="0000300" STYLEREFS="TXT_2"/>
						<SP ID="P16_SP00188" HPOS="635" VPOS="1962" WIDTH="33"/>
						<String ID="P16_ST00212" HPOS="668" VPOS="1902" WIDTH="94" HEIGHT="56" CONTENT="des" WC="1.00" CC="000"/>
						<SP ID="P16_SP00189" HPOS="762" VPOS="1962" WIDTH="31"/>
						<String ID="P16_ST00213" HPOS="793" VPOS="1923" WIDTH="127" HEIGHT="35" CONTENT="sons" WC="0.99" CC="0040"/>
						<SP ID="P16_SP00190" HPOS="920" VPOS="1962" WIDTH="33"/>
						<String ID="P16_ST00214" HPOS="953" VPOS="1902" WIDTH="75" HEIGHT="55" CONTENT="du" WC="0.81" CC="03"/>
						<SP ID="P16_SP00191" HPOS="1028" VPOS="1962" WIDTH="32"/>
						<String ID="P16_ST00215" HPOS="1060" VPOS="1902" WIDTH="241" HEIGHT="75" CONTENT="langage" WC="0.99" CC="1060101"/>
						<SP ID="P16_SP00192" HPOS="1301" VPOS="1977" WIDTH="35"/>
						<String ID="P16_ST00216" HPOS="1336" VPOS="1916" WIDTH="133" HEIGHT="41" CONTENT="veut" WC="0.98" CC="0043"/>
						<SP ID="P16_SP00193" HPOS="1469" VPOS="1977" WIDTH="34"/>
						<String ID="P16_ST00217" HPOS="1503" VPOS="1904" WIDTH="277" HEIGHT="74" CONTENT="quelques" WC="0.99" CC="04030500"/>
						<SP ID="P16_SP00194" HPOS="1780" VPOS="1978" WIDTH="33"/>
						<String ID="P16_ST00218" HPOS="1813" VPOS="1905" WIDTH="268" HEIGHT="53" CONTENT="citations" WC="1.00" CC="040000050"/>
						<SP ID="P16_SP00195" HPOS="2081" VPOS="1978" WIDTH="32"/>
						<String ID="P16_ST00219" HPOS="2113" VPOS="1904" WIDTH="290" HEIGHT="57" CONTENT="littérales." WC="0.99" CC="10224501004"/>
					</TextLine>
					<TextLine ID="P16_TL00022" HPOS="312" VPOS="1986" WIDTH="2316" HEIGHT="79">
						<String ID="P16_ST00220" HPOS="312" VPOS="1997" WIDTH="36" HEIGHT="22" CONTENT='"' WC="0.57" CC="4"/>
						<SP ID="P16_SP00196" HPOS="348" VPOS="2019" WIDTH="37"/>
						<String ID="P16_ST00221" HPOS="385" VPOS="1991" WIDTH="49" HEIGHT="53" CONTENT="Il" WC="0.60" CC="70"/>
						<SP ID="P16_SP00197" HPOS="434" VPOS="2044" WIDTH="46"/>
						<String ID="P16_ST00222" HPOS="480" VPOS="1987" WIDTH="218" HEIGHT="68" CONTENT="faudra," WC="1.00" CC="0110300"/>
						<SP ID="P16_SP00198" HPOS="698" VPOS="2055" WIDTH="35"/>
						<String ID="P16_ST00223" HPOS="733" VPOS="1986" WIDTH="180" HEIGHT="69" CONTENT="dit-il," WC="1.00" CC="0000000"/>
						<SP ID="P16_SP00199" HPOS="913" VPOS="2055" WIDTH="33"/>
						<String ID="P16_ST00224" HPOS="946" VPOS="2006" WIDTH="67" HEIGHT="35" CONTENT="en" WC="0.77" CC="04"/>
						<SP ID="P16_SP00200" HPOS="1013" VPOS="2055" WIDTH="55"/>
						<String ID="P16_ST00225" HPOS="1068" VPOS="2000" WIDTH="164" HEIGHT="41" CONTENT="vertu" WC="0.99" CC="00504"/>
						<SP ID="P16_SP00201" HPOS="1232" VPOS="2055" WIDTH="50"/>
						<String ID="P16_ST00226" HPOS="1282" VPOS="1986" WIDTH="69" HEIGHT="55" CONTENT="de" WC="0.92" CC="01"/>
						<SP ID="P16_SP00202" HPOS="1351" VPOS="2055" WIDTH="47"/>
						<String ID="P16_ST00227" HPOS="1398" VPOS="2003" WIDTH="163" HEIGHT="39" CONTENT="notre" WC="0.99" CC="00040"/>
						<SP ID="P16_SP00203" HPOS="1561" VPOS="2055" WIDTH="30"/>
						<String ID="P16_ST00228" HPOS="1591" VPOS="1989" WIDTH="268" HEIGHT="75" CONTENT="principe" WC="0.99" CC="01360000"/>
						<SP ID="P16_SP00204" HPOS="1859" VPOS="2064" WIDTH="46"/>
						<String ID="P16_ST00229" HPOS="1905" VPOS="1986" WIDTH="251" HEIGHT="78" CONTENT="général," WC="0.99" CC="07070012"/>
						<SP ID="P16_SP00205" HPOS="2156" VPOS="2064" WIDTH="36"/>
						<String ID="P16_ST00230" HPOS="2192" VPOS="2009" WIDTH="110" HEIGHT="56" CONTENT="que" WC="0.99" CC="003"/>
						<SP ID="P16_SP00206" HPOS="2302" VPOS="2065" WIDTH="47"/>
						<String ID="P16_ST00231" HPOS="2349" VPOS="1991" WIDTH="78" HEIGHT="53" CONTENT="les" WC="0.99" CC="200"/>
						<SP ID="P16_SP00207" HPOS="2427" VPOS="2065" WIDTH="47"/>
						<String ID="P16_ST00232" HPOS="2474" VPOS="2004" WIDTH="154" HEIGHT="42" CONTENT="notes" WC="1.00" CC="00000"/>
					</TextLine>
					<TextLine ID="P16_TL00023" HPOS="227" VPOS="2071" WIDTH="2400" HEIGHT="78">
						<String ID="P16_ST00233" HPOS="227" VPOS="2076" WIDTH="76" HEIGHT="55" CONTENT="du" WC="1.00" CC="00"/>
						<SP ID="P16_SP00208" HPOS="303" VPOS="2131" WIDTH="51"/>
						<String ID="P16_ST00234" HPOS="354" VPOS="2074" WIDTH="262" HEIGHT="56" CONTENT="médium" WC="0.99" CC="010460"/>
						<SP ID="P16_SP00209" HPOS="616" VPOS="2131" WIDTH="31"/>
						<String ID="P16_ST00235" HPOS="647" VPOS="2074" WIDTH="183" HEIGHT="53" CONTENT="soient" WC="0.99" CC="000233"/>
						<SP ID="P16_SP00210" HPOS="830" VPOS="2131" WIDTH="50"/>
						<String ID="P16_ST00236" HPOS="880" VPOS="2072" WIDTH="166" HEIGHT="55" CONTENT="celles" WC="0.99" CC="300400"/>
						<SP ID="P16_SP00211" HPOS="1046" VPOS="2131" WIDTH="47"/>
						<String ID="P16_ST00237" HPOS="1093" VPOS="2071" WIDTH="68" HEIGHT="56" CONTENT="de" WC="1.00" CC="00"/>
						<SP ID="P16_SP00212" HPOS="1161" VPOS="2131" WIDTH="53"/>
						<String ID="P16_ST00238" HPOS="1214" VPOS="2071" WIDTH="439" HEIGHT="69" CONTENT="l'indifférence," WC="1.00" CC="540000007000000"/>
						<SP ID="P16_SP00213" HPOS="1653" VPOS="2140" WIDTH="33"/>
						<String ID="P16_ST00239" HPOS="1686" VPOS="2086" WIDTH="56" HEIGHT="42" CONTENT="et" WC="0.76" CC="04"/>
						<SP ID="P16_SP00214" HPOS="1742" VPOS="2140" WIDTH="55"/>
						<String ID="P16_ST00240" HPOS="1797" VPOS="2093" WIDTH="113" HEIGHT="56" CONTENT="que" WC="1.00" CC="000"/>
						<SP ID="P16_SP00215" HPOS="1910" VPOS="2149" WIDTH="33"/>
						<String ID="P16_ST00241" HPOS="1943" VPOS="2075" WIDTH="167" HEIGHT="55" CONTENT="celles" WC="1.00" CC="000000"/>
						<SP ID="P16_SP00216" HPOS="2110" VPOS="2149" WIDTH="46"/>
						<String ID="P16_ST00242" HPOS="2156" VPOS="2074" WIDTH="69" HEIGHT="56" CONTENT="de" WC="0.91" CC="01"/>
						<SP ID="P16_SP00217" HPOS="2225" VPOS="2149" WIDTH="49"/>
						<String ID="P16_ST00243" HPOS="2274" VPOS="2075" WIDTH="353" HEIGHT="56" CONTENT="l'exaltation" WC="1.00" CC="420060304110"/>
					</TextLine>
					<TextLine ID="P16_TL00024" HPOS="222" VPOS="2158" WIDTH="2405" HEIGHT="78">
						<String ID="P16_ST00244" HPOS="222" VPOS="2163" WIDTH="185" HEIGHT="54" CONTENT="soient" WC="0.99" CC="003071"/>
						<SP ID="P16_SP00218" HPOS="407" VPOS="2217" WIDTH="33"/>
						<String ID="P16_ST00245" HPOS="440" VPOS="2160" WIDTH="126" HEIGHT="76" CONTENT="plus" WC="1.00" CC="0000"/>
						<SP ID="P16_SP00219" HPOS="566" VPOS="2236" WIDTH="32"/>
						<String ID="P16_ST00246" HPOS="598" VPOS="2158" WIDTH="202" HEIGHT="55" CONTENT="hautes" WC="0.99" CC="404100"/>
						<SP ID="P16_SP00220" HPOS="800" VPOS="2236" WIDTH="48"/>
						<String ID="P16_ST00247" HPOS="848" VPOS="2178" WIDTH="74" HEIGHT="34" CONTENT="ou" WC="0.73" CC="05"/>
						<SP ID="P16_SP00221" HPOS="922" VPOS="2236" WIDTH="35"/>
						<String ID="P16_ST00248" HPOS="957" VPOS="2158" WIDTH="125" HEIGHT="74" CONTENT="plus" WC="0.98" CC="0340"/>
						<SP ID="P16_SP00222" HPOS="1082" VPOS="2236" WIDTH="54"/>
						<String ID="P16_ST00249" HPOS="1136" VPOS="2158" WIDTH="196" HEIGHT="55" CONTENT="basses." WC="0.99" CC="5000104"/>
						<SP ID="P16_SP00223" HPOS="1332" VPOS="2236" WIDTH="41"/>
						<String ID="P16_ST00250" HPOS="1373" VPOS="2158" WIDTH="29" HEIGHT="19" CONTENT='"' WC="0.90" CC="0"/>
						<SP ID="P16_SP00224" HPOS="1402" VPOS="2236" WIDTH="34"/>
						<String ID="P16_ST00251" HPOS="1436" VPOS="2159" WIDTH="76" HEIGHT="54" CONTENT="Et" WC="0.76" CC="40"/>
						<SP ID="P16_SP00225" HPOS="1512" VPOS="2236" WIDTH="49"/>
						<String ID="P16_ST00252" HPOS="1561" VPOS="2171" WIDTH="148" HEIGHT="41" CONTENT="cette" WC="0.99" CC="00460"/>
						<SP ID="P16_SP00226" HPOS="1709" VPOS="2236" WIDTH="47"/>
						<String ID="P16_ST00253" HPOS="1756" VPOS="2160" WIDTH="385" HEIGHT="75" CONTENT="proposition," WC="1.00" CC="021000110100"/>
						<SP ID="P16_SP00227" HPOS="2141" VPOS="2236" WIDTH="36"/>
						<String ID="P16_ST00254" HPOS="2177" VPOS="2161" WIDTH="40" HEIGHT="55" CONTENT="il" WC="0.70" CC="32"/>
						<SP ID="P16_SP00228" HPOS="2217" VPOS="2236" WIDTH="46"/>
						<String ID="P16_ST00255" HPOS="2263" VPOS="2160" WIDTH="293" HEIGHT="56" CONTENT="l'affermit" WC="1.00" CC="0000000001"/>
						<SP ID="P16_SP00229" HPOS="2556" VPOS="2236" WIDTH="45"/>
						<String ID="P16_ST00256" HPOS="2601" VPOS="2161" WIDTH="26" HEIGHT="56" CONTENT="à" WC="0.45" CC="5"/>
					</TextLine>
					<TextLine ID="P16_TL00025" HPOS="221" VPOS="2241" WIDTH="2406" HEIGHT="82">
						<String ID="P16_ST00257" HPOS="221" VPOS="2245" WIDTH="170" HEIGHT="56" CONTENT="l'aide" WC="1.00" CC="010300"/>
						<SP ID="P16_SP00230" HPOS="391" VPOS="2301" WIDTH="56"/>
						<String ID="P16_ST00258" HPOS="447" VPOS="2244" WIDTH="449" HEIGHT="54" CONTENT="d'observations" WC="1.00" CC="04000000000040"/>
						<SP ID="P16_SP00231" HPOS="896" VPOS="2301" WIDTH="32"/>
						<String ID="P16_ST00259" HPOS="928" VPOS="2241" WIDTH="560" HEIGHT="77" CONTENT="impressionnantes." WC="1.00" CC="07050002003092004"/>
						<SP ID="P16_SP00232" HPOS="1488" VPOS="2318" WIDTH="40"/>
						<String ID="P16_ST00260" HPOS="1528" VPOS="2243" WIDTH="151" HEIGHT="54" CONTENT="C'est" WC="1.00" CC="00200"/>
						<SP ID="P16_SP00233" HPOS="1679" VPOS="2318" WIDTH="52"/>
						<String ID="P16_ST00261" HPOS="1731" VPOS="2243" WIDTH="238" HEIGHT="55" CONTENT="d'abord" WC="1.00" CC="0200100"/>
						<SP ID="P16_SP00234" HPOS="1969" VPOS="2318" WIDTH="31"/>
						<String ID="P16_ST00262" HPOS="2000" VPOS="2265" WIDTH="11" HEIGHT="35" CONTENT=":" WC="0.34" CC="6"/>
						<SP ID="P16_SP00235" HPOS="2011" VPOS="2318" WIDTH="37"/>
						<String ID="P16_ST00263" HPOS="2048" VPOS="2251" WIDTH="36" HEIGHT="22" CONTENT='"' WC="0.59" CC="4"/>
						<SP ID="P16_SP00236" HPOS="2084" VPOS="2318" WIDTH="38"/>
						<String ID="P16_ST00264" HPOS="2122" VPOS="2248" WIDTH="171" HEIGHT="53" CONTENT="Ceux" WC="0.98" CC="3050"/>
						<SP ID="P16_SP00237" HPOS="2293" VPOS="2318" WIDTH="47"/>
						<String ID="P16_ST00265" HPOS="2340" VPOS="2246" WIDTH="102" HEIGHT="77" CONTENT="qui" WC="0.97" CC="062"/>
						<SP ID="P16_SP00238" HPOS="2442" VPOS="2323" WIDTH="34"/>
						<String ID="P16_ST00266" HPOS="2476" VPOS="2245" WIDTH="121" HEIGHT="56" CONTENT="souf" SUBS_TYPE="HypPart1" SUBS_CONTENT="souffrent" WC="1.00" CC="0030"/>
						<HYP HPOS="2597" VPOS="2245" WIDTH="30" CONTENT="-"/>
					</TextLine>
					<TextLine ID="P16_TL00026" HPOS="219" VPOS="2325" WIDTH="2406" HEIGHT="83">
						<String ID="P16_ST00267" HPOS="219" VPOS="2329" WIDTH="152" HEIGHT="57" CONTENT="frent" SUBS_TYPE="HypPart2" SUBS_CONTENT="souffrent" WC="0.98" CC="73050"/>
						<SP ID="P16_SP00239" HPOS="371" VPOS="2386" WIDTH="33"/>
						<String ID="P16_ST00268" HPOS="404" VPOS="2329" WIDTH="513" HEIGHT="55" CONTENT="continuellement" WC="1.00" CC="005235002000054"/>
						<SP ID="P16_SP00240" HPOS="917" VPOS="2386" WIDTH="33"/>
						<String ID="P16_ST00269" HPOS="950" VPOS="2325" WIDTH="124" HEIGHT="56" CONTENT="font" WC="1.00" CC="0000"/>
						<SP ID="P16_SP00241" HPOS="1074" VPOS="2386" WIDTH="33"/>
						<String ID="P16_ST00270" HPOS="1107" VPOS="2326" WIDTH="271" HEIGHT="55" CONTENT="entendre" WC="0.99" CC="15004010"/>
						<SP ID="P16_SP00242" HPOS="1378" VPOS="2386" WIDTH="31"/>
						<String ID="P16_ST00271" HPOS="1409" VPOS="2326" WIDTH="125" HEIGHT="56" CONTENT="leur" WC="0.99" CC="0041"/>
						<SP ID="P16_SP00243" HPOS="1534" VPOS="2386" WIDTH="30"/>
						<String ID="P16_ST00272" HPOS="1564" VPOS="2328" WIDTH="218" HEIGHT="75" CONTENT="plainte" WC="0.99" CC="0630100"/>
						<SP ID="P16_SP00244" HPOS="1782" VPOS="2403" WIDTH="31"/>
						<String ID="P16_ST00273" HPOS="1813" VPOS="2348" WIDTH="94" HEIGHT="36" CONTENT="sur" WC="0.97" CC="033"/>
						<SP ID="P16_SP00245" HPOS="1907" VPOS="2403" WIDTH="33"/>
						<String ID="P16_ST00274" HPOS="1940" VPOS="2349" WIDTH="79" HEIGHT="35" CONTENT="un" WC="0.81" CC="30"/>
						<SP ID="P16_SP00246" HPOS="2019" VPOS="2403" WIDTH="33"/>
						<String ID="P16_ST00275" HPOS="2052" VPOS="2344" WIDTH="99" HEIGHT="41" CONTENT="ton" WC="0.99" CC="200"/>
						<SP ID="P16_SP00247" HPOS="2151" VPOS="2403" WIDTH="36"/>
						<String ID="P16_ST00276" HPOS="2187" VPOS="2329" WIDTH="111" HEIGHT="57" CONTENT="très" WC="0.97" CC="3380"/>
						<SP ID="P16_SP00248" HPOS="2298" VPOS="2403" WIDTH="33"/>
						<String ID="P16_ST00277" HPOS="2331" VPOS="2330" WIDTH="294" HEIGHT="78" CONTENT="supérieur" WC="1.00" CC="000624000"/>
					</TextLine>
					<TextLine ID="P16_TL00027" HPOS="223" VPOS="2412" WIDTH="2404" HEIGHT="78">
						<String ID="P16_ST00278" HPOS="223" VPOS="2415" WIDTH="31" HEIGHT="55" CONTENT="à" WC="0.28" CC="7"/>
						<SP ID="P16_SP00249" HPOS="254" VPOS="2470" WIDTH="31"/>
						<String ID="P16_ST00279" HPOS="285" VPOS="2417" WIDTH="54" HEIGHT="53" CONTENT="la" WC="0.74" CC="50"/>
						<SP ID="P16_SP00250" HPOS="339" VPOS="2470" WIDTH="32"/>
						<String ID="P16_ST00280" HPOS="371" VPOS="2434" WIDTH="232" HEIGHT="56" CONTENT="gamme" WC="1.00" CC="00000"/>
						<SP ID="P16_SP00251" HPOS="603" VPOS="2490" WIDTH="50"/>
						<String ID="P16_ST00281" HPOS="653" VPOS="2413" WIDTH="275" HEIGHT="54" CONTENT="naturelle" WC="1.00" CC="200250020"/>
						<SP ID="P16_SP00252" HPOS="928" VPOS="2490" WIDTH="37"/>
						<String ID="P16_ST00282" HPOS="965" VPOS="2413" WIDTH="51" HEIGHT="53" CONTENT='".' WC="0.57" CC="34"/>
						<SP ID="P16_SP00253" HPOS="1016" VPOS="2490" WIDTH="51"/>
						<String ID="P16_ST00283" HPOS="1067" VPOS="2412" WIDTH="153" HEIGHT="54" CONTENT="C'est" WC="0.99" CC="41400"/>
						<SP ID="P16_SP00254" HPOS="1220" VPOS="2490" WIDTH="32"/>
						<String ID="P16_ST00284" HPOS="1252" VPOS="2432" WIDTH="207" HEIGHT="34" CONTENT="encore" WC="1.00" CC="000050"/>
						<SP ID="P16_SP00255" HPOS="1459" VPOS="2490" WIDTH="29"/>
						<String ID="P16_ST00285" HPOS="1488" VPOS="2433" WIDTH="12" HEIGHT="34" CONTENT=":" WC="0.29" CC="7"/>
						<SP ID="P16_SP00256" HPOS="1500" VPOS="2490" WIDTH="52"/>
						<String ID="P16_ST00286" HPOS="1552" VPOS="2419" WIDTH="34" HEIGHT="22" CONTENT='"' WC="0.74" CC="2"/>
						<SP ID="P16_SP00257" HPOS="1586" VPOS="2490" WIDTH="34"/>
						<String ID="P16_ST00287" HPOS="1620" VPOS="2413" WIDTH="220" HEIGHT="56" CONTENT="Tandis" WC="1.00" CC="005000"/>
						<SP ID="P16_SP00258" HPOS="1840" VPOS="2490" WIDTH="32"/>
						<String ID="P16_ST00288" HPOS="1872" VPOS="2434" WIDTH="114" HEIGHT="56" CONTENT="que" WC="0.98" CC="060"/>
						<SP ID="P16_SP00259" HPOS="1986" VPOS="2490" WIDTH="32"/>
						<String ID="P16_ST00289" HPOS="2018" VPOS="2415" WIDTH="52" HEIGHT="55" CONTENT="le" WC="0.76" CC="40"/>
						<SP ID="P16_SP00260" HPOS="2070" VPOS="2490" WIDTH="47"/>
						<String ID="P16_ST00290" HPOS="2117" VPOS="2429" WIDTH="99" HEIGHT="41" CONTENT="ton" WC="0.97" CC="602"/>
						<SP ID="P16_SP00261" HPOS="2216" VPOS="2490" WIDTH="35"/>
						<String ID="P16_ST00291" HPOS="2251" VPOS="2417" WIDTH="77" HEIGHT="54" CONTENT="du" WC="1.00" CC="00"/>
						<SP ID="P16_SP00262" HPOS="2328" VPOS="2490" WIDTH="52"/>
						<String ID="P16_ST00292" HPOS="2380" VPOS="2417" WIDTH="247" HEIGHT="55" CONTENT="discours" WC="1.00" CC="03000340"/>
					</TextLine>
					<TextLine ID="P16_TL00028" HPOS="227" VPOS="2498" WIDTH="2401" HEIGHT="75">
						<String ID="P16_ST00293" HPOS="227" VPOS="2502" WIDTH="184" HEIGHT="54" CONTENT="calme" WC="1.00" CC="00001"/>
						<SP ID="P16_SP00263" HPOS="411" VPOS="2556" WIDTH="48"/>
						<String ID="P16_ST00294" HPOS="459" VPOS="2512" WIDTH="101" HEIGHT="53" CONTENT="est," WC="1.00" CC="0010"/>
						<SP ID="P16_SP00264" HPOS="560" VPOS="2565" WIDTH="48"/>
						<String ID="P16_ST00295" HPOS="608" VPOS="2518" WIDTH="70" HEIGHT="34" CONTENT="en" WC="0.67" CC="06"/>
						<SP ID="P16_SP00265" HPOS="678" VPOS="2565" WIDTH="55"/>
						<String ID="P16_ST00296" HPOS="733" VPOS="2498" WIDTH="419" HEIGHT="75" CONTENT="comparaison," WC="1.00" CC="010005500060"/>
						<SP ID="P16_SP00266" HPOS="1152" VPOS="2573" WIDTH="47"/>
						<String ID="P16_ST00297" HPOS="1199" VPOS="2511" WIDTH="336" HEIGHT="53" CONTENT="monotone," WC="1.00" CC="021030101"/>
						<SP ID="P16_SP00267" HPOS="1535" VPOS="2573" WIDTH="47"/>
						<String ID="P16_ST00298" HPOS="1582" VPOS="2499" WIDTH="52" HEIGHT="52" CONTENT="le" WC="0.79" CC="40"/>
						<SP ID="P16_SP00268" HPOS="1634" VPOS="2573" WIDTH="55"/>
						<String ID="P16_ST00299" HPOS="1689" VPOS="2512" WIDTH="100" HEIGHT="40" CONTENT="ton" WC="0.99" CC="001"/>
						<SP ID="P16_SP00269" HPOS="1789" VPOS="2573" WIDTH="47"/>
						<String ID="P16_ST00300" HPOS="1836" VPOS="2498" WIDTH="70" HEIGHT="56" CONTENT="de" WC="1.00" CC="00"/>
						<SP ID="P16_SP00270" HPOS="1906" VPOS="2573" WIDTH="53"/>
						<String ID="P16_ST00301" HPOS="1959" VPOS="2498" WIDTH="304" HEIGHT="60" CONTENT="l'émotion" WC="0.99" CC="305004101"/>
						<SP ID="P16_SP00271" HPOS="2263" VPOS="2573" WIDTH="33"/>
						<String ID="P16_ST00302" HPOS="2296" VPOS="2502" WIDTH="195" HEIGHT="56" CONTENT="admet" WC="0.99" CC="00022"/>
						<SP ID="P16_SP00272" HPOS="2491" VPOS="2573" WIDTH="49"/>
						<String ID="P16_ST00303" HPOS="2540" VPOS="2503" WIDTH="88" HEIGHT="55" CONTENT="des" WC="1.00" CC="000"/>
					</TextLine>
					<TextLine ID="P16_TL00029" HPOS="225" VPOS="2582" WIDTH="1891" HEIGHT="78">
						<String ID="P16_ST00304" HPOS="225" VPOS="2586" WIDTH="325" HEIGHT="55" CONTENT="intervalles" WC="1.00" CC="00405003200"/>
						<SP ID="P16_SP00273" HPOS="550" VPOS="2641" WIDTH="33"/>
						<String ID="P16_ST00305" HPOS="583" VPOS="2584" WIDTH="68" HEIGHT="55" CONTENT="de" WC="1.00" CC="00"/>
						<SP ID="P16_SP00274" HPOS="651" VPOS="2641" WIDTH="32"/>
						<String ID="P16_ST00306" HPOS="683" VPOS="2584" WIDTH="222" HEIGHT="75" CONTENT="quinte," WC="0.99" CC="0504002"/>
						<SP ID="P16_SP00275" HPOS="905" VPOS="2659" WIDTH="35"/>
						<String ID="P16_ST00307" HPOS="940" VPOS="2582" WIDTH="274" HEIGHT="68" CONTENT="d'octave," WC="1.00" CC="000043000"/>
						<SP ID="P16_SP00276" HPOS="1214" VPOS="2659" WIDTH="33"/>
						<String ID="P16_ST00308" HPOS="1247" VPOS="2596" WIDTH="56" HEIGHT="40" CONTENT="et" WC="0.58" CC="34"/>
						<SP ID="P16_SP00277" HPOS="1303" VPOS="2659" WIDTH="33"/>
						<String ID="P16_ST00309" HPOS="1336" VPOS="2583" WIDTH="192" HEIGHT="55" CONTENT="même" WC="1.00" CC="0000"/>
						<SP ID="P16_SP00278" HPOS="1528" VPOS="2659" WIDTH="33"/>
						<String ID="P16_ST00310" HPOS="1561" VPOS="2583" WIDTH="68" HEIGHT="55" CONTENT="de" WC="1.00" CC="00"/>
						<SP ID="P16_SP00279" HPOS="1629" VPOS="2659" WIDTH="31"/>
						<String ID="P16_ST00311" HPOS="1660" VPOS="2584" WIDTH="128" HEIGHT="75" CONTENT="plus" WC="0.98" CC="5030"/>
						<SP ID="P16_SP00280" HPOS="1788" VPOS="2659" WIDTH="33"/>
						<String ID="P16_ST00312" HPOS="1821" VPOS="2586" WIDTH="223" HEIGHT="74" CONTENT="grands." WC="0.99" CC="0104004"/>
						<SP ID="P16_SP00281" HPOS="2044" VPOS="2660" WIDTH="41"/>
						<String ID="P16_ST00313" HPOS="2085" VPOS="2587" WIDTH="31" HEIGHT="20" CONTENT='"' WC="0.32" CC="6"/>
					</TextLine>
					<TextLine ID="P16_TL00030" HPOS="312" VPOS="2664" WIDTH="2314" HEIGHT="84">
						<String ID="P16_ST00314" HPOS="312" VPOS="2672" WIDTH="98" HEIGHT="65" CONTENT="Et," WC="0.97" CC="440"/>
						<SP ID="P16_SP00282" HPOS="410" VPOS="2737" WIDTH="34"/>
						<String ID="P16_ST00315" HPOS="444" VPOS="2688" WIDTH="231" HEIGHT="36" CONTENT="comme" WC="1.00" CC="00002"/>
						<SP ID="P16_SP00283" HPOS="675" VPOS="2737" WIDTH="32"/>
						<String ID="P16_ST00316" HPOS="707" VPOS="2667" WIDTH="84" HEIGHT="56" CONTENT="s'il" WC="0.99" CC="1300"/>
						<SP ID="P16_SP00284" HPOS="791" VPOS="2737" WIDTH="32"/>
						<String ID="P16_ST00317" HPOS="823" VPOS="2667" WIDTH="218" HEIGHT="54" CONTENT="voulait" WC="1.00" CC="0000000"/>
						<SP ID="P16_SP00285" HPOS="1041" VPOS="2737" WIDTH="33"/>
						<String ID="P16_ST00318" HPOS="1074" VPOS="2664" WIDTH="362" HEIGHT="57" CONTENT="surenchérir" WC="0.99" CC="02306056301"/>
						<SP ID="P16_SP00286" HPOS="1436" VPOS="2737" WIDTH="48"/>
						<String ID="P16_ST00319" HPOS="1484" VPOS="2687" WIDTH="207" HEIGHT="36" CONTENT="encore" WC="1.00" CC="040000"/>
						<SP ID="P16_SP00287" HPOS="1691" VPOS="2737" WIDTH="32"/>
						<String ID="P16_ST00320" HPOS="1723" VPOS="2688" WIDTH="94" HEIGHT="35" CONTENT="sur" WC="1.00" CC="000"/>
						<SP ID="P16_SP00288" HPOS="1817" VPOS="2737" WIDTH="32"/>
						<String ID="P16_ST00321" HPOS="1849" VPOS="2690" WIDTH="91" HEIGHT="34" CONTENT="ces" WC="1.00" CC="000"/>
						<SP ID="P16_SP00289" HPOS="1940" VPOS="2737" WIDTH="23"/>
						<String ID="P16_ST00322" HPOS="1963" VPOS="2669" WIDTH="337" HEIGHT="77" CONTENT="précisions," WC="0.99" CC="00704020520"/>
						<SP ID="P16_SP00290" HPOS="2300" VPOS="2746" WIDTH="28"/>
						<String ID="P16_ST00323" HPOS="2328" VPOS="2673" WIDTH="39" HEIGHT="55" CONTENT="il" WC="0.98" CC="00"/>
						<SP ID="P16_SP00291" HPOS="2367" VPOS="2746" WIDTH="33"/>
						<String ID="P16_ST00324" HPOS="2400" VPOS="2673" WIDTH="188" HEIGHT="75" CONTENT="ajoute" WC="1.00" CC="040000"/>
						<SP ID="P16_SP00292" HPOS="2588" VPOS="2748" WIDTH="28"/>
						<String ID="P16_ST00325" HPOS="2616" VPOS="2695" WIDTH="10" HEIGHT="34" CONTENT=":" WC="0.74" CC="2"/>
					</TextLine>
					<TextLine ID="P16_TL00031" HPOS="226" VPOS="2751" WIDTH="2401" HEIGHT="78">
						<String ID="P16_ST00326" HPOS="226" VPOS="2762" WIDTH="37" HEIGHT="23" CONTENT='"' WC="0.70" CC="2"/>
						<SP ID="P16_SP00293" HPOS="263" VPOS="2785" WIDTH="35"/>
						<String ID="P16_ST00327" HPOS="298" VPOS="2757" WIDTH="108" HEIGHT="53" CONTENT="Les" WC="1.00" CC="000"/>
						<SP ID="P16_SP00294" HPOS="406" VPOS="2810" WIDTH="33"/>
						<String ID="P16_ST00328" HPOS="439" VPOS="2767" WIDTH="161" HEIGHT="42" CONTENT="notes" WC="1.00" CC="00020"/>
						<SP ID="P16_SP00295" HPOS="600" VPOS="2810" WIDTH="32"/>
						<String ID="P16_ST00329" HPOS="632" VPOS="2772" WIDTH="314" HEIGHT="57" CONTENT="moyennes" WC="1.00" CC="00001220"/>
						<SP ID="P16_SP00296" HPOS="946" VPOS="2829" WIDTH="32"/>
						<String ID="P16_ST00330" HPOS="978" VPOS="2751" WIDTH="156" HEIGHT="55" CONTENT="étant" WC="0.98" CC="52060"/>
						<SP ID="P16_SP00297" HPOS="1134" VPOS="2829" WIDTH="32"/>
						<String ID="P16_ST00331" HPOS="1166" VPOS="2753" WIDTH="166" HEIGHT="53" CONTENT="celles" WC="1.00" CC="010000"/>
						<SP ID="P16_SP00298" HPOS="1332" VPOS="2829" WIDTH="32"/>
						<String ID="P16_ST00332" HPOS="1364" VPOS="2753" WIDTH="103" HEIGHT="75" CONTENT="qui" WC="0.99" CC="020"/>
						<SP ID="P16_SP00299" HPOS="1467" VPOS="2829" WIDTH="25"/>
						<String ID="P16_ST00333" HPOS="1492" VPOS="2772" WIDTH="70" HEIGHT="34" CONTENT="ne" WC="0.84" CC="30"/>
						<SP ID="P16_SP00300" HPOS="1562" VPOS="2829" WIDTH="33"/>
						<String ID="P16_ST00334" HPOS="1595" VPOS="2752" WIDTH="347" HEIGHT="57" CONTENT="demandent" WC="1.00" CC="000040024"/>
						<SP ID="P16_SP00301" HPOS="1942" VPOS="2829" WIDTH="34"/>
						<String ID="P16_ST00335" HPOS="1976" VPOS="2776" WIDTH="189" HEIGHT="34" CONTENT="aucun" WC="0.97" CC="74027"/>
						<SP ID="P16_SP00302" HPOS="2165" VPOS="2829" WIDTH="34"/>
						<String ID="P16_ST00336" HPOS="2199" VPOS="2757" WIDTH="171" HEIGHT="56" CONTENT="effort" WC="0.99" CC="000035"/>
						<SP ID="P16_SP00303" HPOS="2370" VPOS="2829" WIDTH="26"/>
						<String ID="P16_ST00337" HPOS="2396" VPOS="2757" WIDTH="231" HEIGHT="57" CONTENT="sensible" WC="1.00" CC="00300050"/>
					</TextLine>
					<TextLine ID="P16_TL00032" HPOS="226" VPOS="2837" WIDTH="2401" HEIGHT="83">
						<String ID="P16_ST00338" HPOS="226" VPOS="2861" WIDTH="148" HEIGHT="56" CONTENT="pour" WC="0.99" CC="0005"/>
						<SP ID="P16_SP00304" HPOS="374" VPOS="2917" WIDTH="49"/>
						<String ID="P16_ST00339" HPOS="423" VPOS="2840" WIDTH="205" HEIGHT="74" CONTENT="ajuster" WC="0.99" CC="0401003"/>
						<SP ID="P16_SP00305" HPOS="628" VPOS="2917" WIDTH="30"/>
						<String ID="P16_ST00340" HPOS="658" VPOS="2838" WIDTH="78" HEIGHT="55" CONTENT="les" WC="1.00" CC="000"/>
						<SP ID="P16_SP00306" HPOS="736" VPOS="2917" WIDTH="54"/>
						<String ID="P16_ST00341" HPOS="790" VPOS="2857" WIDTH="256" HEIGHT="56" CONTENT="organes," WC="0.99" CC="03045000"/>
						<SP ID="P16_SP00307" HPOS="1046" VPOS="2917" WIDTH="33"/>
						<String ID="P16_ST00342" HPOS="1079" VPOS="2850" WIDTH="56" HEIGHT="42" CONTENT="et" WC="0.73" CC="05"/>
						<SP ID="P16_SP00308" HPOS="1135" VPOS="2917" WIDTH="52"/>
						<String ID="P16_ST00343" HPOS="1187" VPOS="2837" WIDTH="212" HEIGHT="55" CONTENT="l'effort" WC="1.00" CC="62000001"/>
						<SP ID="P16_SP00309" HPOS="1399" VPOS="2917" WIDTH="35"/>
						<String ID="P16_ST00344" HPOS="1434" VPOS="2837" WIDTH="353" HEIGHT="75" CONTENT="grandissant" WC="0.99" CC="06600000045"/>
						<SP ID="P16_SP00310" HPOS="1787" VPOS="2917" WIDTH="49"/>
						<String ID="P16_ST00345" HPOS="1836" VPOS="2860" WIDTH="69" HEIGHT="34" CONTENT="en" WC="0.76" CC="04"/>
						<SP ID="P16_SP00311" HPOS="1905" VPOS="2917" WIDTH="56"/>
						<String ID="P16_ST00346" HPOS="1961" VPOS="2845" WIDTH="343" HEIGHT="72" CONTENT="proportion" WC="0.99" CC="0200136102"/>
						<SP ID="P16_SP00312" HPOS="2304" VPOS="2917" WIDTH="50"/>
						<String ID="P16_ST00347" HPOS="2354" VPOS="2864" WIDTH="113" HEIGHT="56" CONTENT="que" WC="0.96" CC="063"/>
						<SP ID="P16_SP00313" HPOS="2467" VPOS="2920" WIDTH="54"/>
						<String ID="P16_ST00348" HPOS="2521" VPOS="2843" WIDTH="106" HEIGHT="57" CONTENT="l'on" WC="0.98" CC="4300"/>
					</TextLine>
					<TextLine ID="P16_TL00033" HPOS="228" VPOS="2921" WIDTH="2400" HEIGHT="79">
						<String ID="P16_ST00349" HPOS="228" VPOS="2940" WIDTH="201" HEIGHT="40" CONTENT="monte" WC="1.00" CC="00010"/>
						<SP ID="P16_SP00314" HPOS="429" VPOS="2980" WIDTH="53"/>
						<String ID="P16_ST00350" HPOS="482" VPOS="2945" WIDTH="75" HEIGHT="34" CONTENT="ou" WC="0.80" CC="04"/>
						<SP ID="P16_SP00315" HPOS="557" VPOS="2980" WIDTH="33"/>
						<String ID="P16_ST00351" HPOS="590" VPOS="2923" WIDTH="264" HEIGHT="68" CONTENT="descend," WC="1.00" CC="00000001"/>
						<SP ID="P16_SP00316" HPOS="854" VPOS="2991" WIDTH="35"/>
						<String ID="P16_ST00352" HPOS="889" VPOS="2925" WIDTH="39" HEIGHT="53" CONTENT="il" WC="0.97" CC="00"/>
						<SP ID="P16_SP00317" HPOS="928" VPOS="2991" WIDTH="33"/>
						<String ID="P16_ST00353" HPOS="961" VPOS="2923" WIDTH="112" HEIGHT="55" CONTENT="suit" WC="0.98" CC="0505"/>
						<SP ID="P16_SP00318" HPOS="1073" VPOS="2991" WIDTH="33"/>
						<String ID="P16_ST00354" HPOS="1106" VPOS="2942" WIDTH="131" HEIGHT="58" CONTENT="que," WC="0.99" CC="0500"/>
						<SP ID="P16_SP00319" HPOS="1237" VPOS="3000" WIDTH="35"/>
						<String ID="P16_ST00355" HPOS="1272" VPOS="2923" WIDTH="69" HEIGHT="55" CONTENT="de" WC="1.00" CC="00"/>
						<SP ID="P16_SP00320" HPOS="1341" VPOS="3000" WIDTH="49"/>
						<String ID="P16_ST00356" HPOS="1390" VPOS="2921" WIDTH="304" HEIGHT="79" CONTENT="s'éloigner" WC="1.00" CC="0080000600"/>
						<SP ID="P16_SP00321" HPOS="1694" VPOS="3000" WIDTH="32"/>
						<String ID="P16_ST00357" HPOS="1726" VPOS="2923" WIDTH="136" HEIGHT="57" CONTENT="dans" WC="0.98" CC="0340"/>
						<SP ID="P16_SP00322" HPOS="1862" VPOS="3000" WIDTH="30"/>
						<String ID="P16_ST00358" HPOS="1892" VPOS="2926" WIDTH="118" HEIGHT="54" CONTENT="l'un" WC="0.99" CC="1040"/>
						<SP ID="P16_SP00323" HPOS="2010" VPOS="3000" WIDTH="34"/>
						<String ID="P16_ST00359" HPOS="2044" VPOS="2947" WIDTH="77" HEIGHT="35" CONTENT="ou" WC="0.76" CC="04"/>
						<SP ID="P16_SP00324" HPOS="2121" VPOS="3000" WIDTH="31"/>
						<String ID="P16_ST00360" HPOS="2152" VPOS="2930" WIDTH="202" HEIGHT="54" CONTENT="l'autre" WC="0.99" CC="4105300"/>
						<SP ID="P16_SP00325" HPOS="2354" VPOS="3000" WIDTH="32"/>
						<String ID="P16_ST00361" HPOS="2386" VPOS="2950" WIDTH="122" HEIGHT="36" CONTENT="sens" WC="1.00" CC="0000"/>
						<SP ID="P16_SP00326" HPOS="2508" VPOS="3000" WIDTH="32"/>
						<String ID="P16_ST00362" HPOS="2540" VPOS="2928" WIDTH="88" HEIGHT="56" CONTENT="des" WC="0.99" CC="020"/>
					</TextLine>
					<TextLine ID="P16_TL00034" HPOS="227" VPOS="3006" WIDTH="2398" HEIGHT="80">
						<String ID="P16_ST00363" HPOS="227" VPOS="3024" WIDTH="160" HEIGHT="42" CONTENT="notes" WC="0.98" CC="75000"/>
						<SP ID="P16_SP00327" HPOS="387" VPOS="3066" WIDTH="32"/>
						<String ID="P16_ST00364" HPOS="419" VPOS="3027" WIDTH="333" HEIGHT="59" CONTENT="moyennes," WC="0.99" CC="008050000"/>
						<SP ID="P16_SP00328" HPOS="752" VPOS="3086" WIDTH="34"/>
						<String ID="P16_ST00365" HPOS="786" VPOS="3027" WIDTH="63" HEIGHT="36" CONTENT="ce" WC="0.89" CC="20"/>
						<SP ID="P16_SP00329" HPOS="849" VPOS="3086" WIDTH="55"/>
						<String ID="P16_ST00366" HPOS="904" VPOS="3027" WIDTH="118" HEIGHT="36" CONTENT="sera" WC="0.99" CC="0040"/>
						<SP ID="P16_SP00330" HPOS="1022" VPOS="3086" WIDTH="32"/>
						<String ID="P16_ST00367" HPOS="1054" VPOS="3008" WIDTH="51" HEIGHT="54" CONTENT="la" WC="0.80" CC="40"/>
						<SP ID="P16_SP00331" HPOS="1105" VPOS="3086" WIDTH="33"/>
						<String ID="P16_ST00368" HPOS="1138" VPOS="3027" WIDTH="237" HEIGHT="56" CONTENT="marque" WC="0.99" CC="001050"/>
						<SP ID="P16_SP00332" HPOS="1375" VPOS="3086" WIDTH="33"/>
						<String ID="P16_ST00369" HPOS="1408" VPOS="3007" WIDTH="174" HEIGHT="56" CONTENT="d'une" WC="0.99" CC="04003"/>
						<SP ID="P16_SP00333" HPOS="1582" VPOS="3086" WIDTH="32"/>
						<String ID="P16_ST00370" HPOS="1614" VPOS="3006" WIDTH="262" HEIGHT="58" CONTENT="émotion" WC="0.99" CC="7500000"/>
						<SP ID="P16_SP00334" HPOS="1876" VPOS="3086" WIDTH="34"/>
						<String ID="P16_ST00371" HPOS="1910" VPOS="3012" WIDTH="326" HEIGHT="57" CONTENT="croissante." WC="1.00" CC="05030001003"/>
						<SP ID="P16_SP00335" HPOS="2236" VPOS="3086" WIDTH="32"/>
						<String ID="P16_ST00372" HPOS="2268" VPOS="3015" WIDTH="91" HEIGHT="53" CONTENT="De" WC="0.94" CC="10"/>
						<SP ID="P16_SP00336" HPOS="2359" VPOS="3086" WIDTH="31"/>
						<String ID="P16_ST00373" HPOS="2390" VPOS="3013" WIDTH="53" HEIGHT="56" CONTENT="là" WC="0.48" CC="45"/>
						<SP ID="P16_SP00337" HPOS="2443" VPOS="3086" WIDTH="31"/>
						<String ID="P16_ST00374" HPOS="2474" VPOS="3016" WIDTH="151" HEIGHT="53" CONTENT="vient" WC="0.99" CC="00170"/>
					</TextLine>
					<TextLine ID="P16_TL00035" HPOS="227" VPOS="3092" WIDTH="2399" HEIGHT="84">
						<String ID="P16_ST00375" HPOS="227" VPOS="3097" WIDTH="218" HEIGHT="75" CONTENT="qu'une" WC="0.99" CC="004410"/>
						<SP ID="P16_SP00338" HPOS="445" VPOS="3172" WIDTH="32"/>
						<String ID="P16_ST00376" HPOS="477" VPOS="3114" WIDTH="281" HEIGHT="57" CONTENT="personne" WC="1.00" CC="00000000"/>
						<SP ID="P16_SP00339" HPOS="758" VPOS="3172" WIDTH="32"/>
						<String ID="P16_ST00377" HPOS="790" VPOS="3094" WIDTH="136" HEIGHT="55" CONTENT="dans" WC="0.97" CC="0930"/>
						<SP ID="P16_SP00340" HPOS="926" VPOS="3172" WIDTH="29"/>
						<String ID="P16_ST00378" HPOS="955" VPOS="3092" WIDTH="487" HEIGHT="69" CONTENT="l'enthousiasme," WC="1.00" CC="000506060400000"/>
						<SP ID="P16_SP00341" HPOS="1442" VPOS="3172" WIDTH="27"/>
						<String ID="P16_ST00379" HPOS="1469" VPOS="3114" WIDTH="149" HEIGHT="56" CONTENT="pour" WC="0.98" CC="0045"/>
						<SP ID="P16_SP00342" HPOS="1618" VPOS="3172" WIDTH="25"/>
						<String ID="P16_ST00380" HPOS="1643" VPOS="3115" WIDTH="324" HEIGHT="55" CONTENT="prononcer" WC="0.99" CC="002305003"/>
						<SP ID="P16_SP00343" HPOS="1967" VPOS="3172" WIDTH="23"/>
						<String ID="P16_ST00381" HPOS="1990" VPOS="3111" WIDTH="151" HEIGHT="42" CONTENT="cette" WC="0.99" CC="00430"/>
						<SP ID="P16_SP00344" HPOS="2141" VPOS="3172" WIDTH="20"/>
						<String ID="P16_ST00382" HPOS="2161" VPOS="3099" WIDTH="205" HEIGHT="77" CONTENT="phrase" WC="0.99" CC="050600"/>
						<SP ID="P16_SP00345" HPOS="2366" VPOS="3176" WIDTH="19"/>
						<String ID="P16_ST00383" HPOS="2385" VPOS="3119" WIDTH="11" HEIGHT="34" CONTENT=":" WC="0.47" CC="5"/>
						<SP ID="P16_SP00346" HPOS="2396" VPOS="3176" WIDTH="32"/>
						<String ID="P16_ST00384" HPOS="2428" VPOS="3106" WIDTH="36" HEIGHT="23" CONTENT='"' WC="0.70" CC="2"/>
						<SP ID="P16_SP00347" HPOS="2464" VPOS="3176" WIDTH="19"/>
						<String ID="P16_ST00385" HPOS="2483" VPOS="3102" WIDTH="143" HEIGHT="54" CONTENT="C'est" WC="0.99" CC="30000"/>
					</TextLine>
					<TextLine ID="P16_TL00036" HPOS="225" VPOS="3179" WIDTH="2401" HEIGHT="83">
						<String ID="P16_ST00386" HPOS="225" VPOS="3184" WIDTH="50" HEIGHT="53" CONTENT="le" WC="0.96" CC="00"/>
						<SP ID="P16_SP00348" HPOS="275" VPOS="3237" WIDTH="47"/>
						<String ID="P16_ST00387" HPOS="322" VPOS="3181" WIDTH="282" HEIGHT="76" CONTENT="spectacle" WC="1.00" CC="000009000"/>
						<SP ID="P16_SP00349" HPOS="604" VPOS="3257" WIDTH="52"/>
						<String ID="P16_ST00388" HPOS="656" VPOS="3180" WIDTH="54" HEIGHT="54" CONTENT="le" WC="0.84" CC="03"/>
						<SP ID="P16_SP00350" HPOS="710" VPOS="3257" WIDTH="48"/>
						<String ID="P16_ST00389" HPOS="758" VPOS="3180" WIDTH="126" HEIGHT="75" CONTENT="plus" WC="0.98" CC="0640"/>
						<SP ID="P16_SP00351" HPOS="884" VPOS="3257" WIDTH="47"/>
						<String ID="P16_ST00390" HPOS="931" VPOS="3179" WIDTH="294" HEIGHT="77" CONTENT="splendide" WC="0.91" CC="000000601"/>
						<SP ID="P16_SP00352" HPOS="1225" VPOS="3257" WIDTH="56"/>
						<String ID="P16_ST00391" HPOS="1281" VPOS="3199" WIDTH="111" HEIGHT="56" CONTENT="que" WC="0.98" CC="040"/>
						<SP ID="P16_SP00353" HPOS="1392" VPOS="3257" WIDTH="44"/>
						<String ID="P16_ST00392" HPOS="1436" VPOS="3179" WIDTH="139" HEIGHT="75" CONTENT="j'aie" WC="0.99" CC="31030"/>
						<SP ID="P16_SP00354" HPOS="1575" VPOS="3257" WIDTH="44"/>
						<String ID="P16_ST00393" HPOS="1619" VPOS="3180" WIDTH="206" HEIGHT="74" CONTENT="jamais" WC="0.99" CC="400800"/>
						<SP ID="P16_SP00355" HPOS="1825" VPOS="3257" WIDTH="49"/>
						<String ID="P16_ST00394" HPOS="1874" VPOS="3201" WIDTH="76" HEIGHT="36" CONTENT="vu" WC="1.00" CC="00"/>
						<SP ID="P16_SP00356" HPOS="1950" VPOS="3257" WIDTH="39"/>
						<String ID="P16_ST00395" HPOS="1989" VPOS="3182" WIDTH="8" HEIGHT="56" CONTENT="!" WC="1.00" CC="0"/>
						<SP ID="P16_SP00357" HPOS="1997" VPOS="3257" WIDTH="39"/>
						<String ID="P16_ST00396" HPOS="2036" VPOS="3182" WIDTH="29" HEIGHT="21" CONTENT='"' WC="0.43" CC="5"/>
						<SP ID="P16_SP00358" HPOS="2065" VPOS="3257" WIDTH="51"/>
						<String ID="P16_ST00397" HPOS="2116" VPOS="3199" WIDTH="265" HEIGHT="42" CONTENT="montera" WC="0.99" CC="0000116"/>
						<SP ID="P16_SP00359" HPOS="2381" VPOS="3257" WIDTH="22"/>
						<String ID="P16_ST00398" HPOS="2403" VPOS="3184" WIDTH="223" HEIGHT="78" CONTENT="jusqu'à" WC="0.99" CC="4500045"/>
					</TextLine>
					<TextLine ID="P16_TL00037" HPOS="223" VPOS="3262" WIDTH="2403" HEIGHT="86">
						<String ID="P16_ST00399" HPOS="223" VPOS="3267" WIDTH="54" HEIGHT="54" CONTENT="la" WC="1.00" CC="00"/>
						<SP ID="P16_SP00360" HPOS="277" VPOS="3321" WIDTH="54"/>
						<String ID="P16_ST00400" HPOS="331" VPOS="3264" WIDTH="283" HEIGHT="78" CONTENT="première" WC="0.99" CC="02100740"/>
						<SP ID="P16_SP00361" HPOS="614" VPOS="3342" WIDTH="46"/>
						<String ID="P16_ST00401" HPOS="660" VPOS="3262" WIDTH="211" HEIGHT="79" CONTENT="syllabe" WC="1.00" CC="0050000"/>
						<SP ID="P16_SP00362" HPOS="871" VPOS="3342" WIDTH="47"/>
						<String ID="P16_ST00402" HPOS="918" VPOS="3264" WIDTH="76" HEIGHT="54" CONTENT="du" WC="0.67" CC="06"/>
						<SP ID="P16_SP00363" HPOS="994" VPOS="3342" WIDTH="47"/>
						<String ID="P16_ST00403" HPOS="1041" VPOS="3276" WIDTH="126" HEIGHT="42" CONTENT="mot" WC="1.00" CC="000"/>
						<SP ID="P16_SP00364" HPOS="1167" VPOS="3342" WIDTH="33"/>
						<String ID="P16_ST00404" HPOS="1200" VPOS="3271" WIDTH="34" HEIGHT="22" CONTENT='"' WC="0.75" CC="2"/>
						<SP ID="P16_SP00365" HPOS="1234" VPOS="3342" WIDTH="34"/>
						<String ID="P16_ST00405" HPOS="1268" VPOS="3262" WIDTH="296" HEIGHT="78" CONTENT="splendide" WC="0.95" CC="002020000"/>
						<SP ID="P16_SP00366" HPOS="1564" VPOS="3342" WIDTH="35"/>
						<String ID="P16_ST00406" HPOS="1599" VPOS="3264" WIDTH="31" HEIGHT="20" CONTENT='"' WC="0.66" CC="3"/>
						<SP ID="P16_SP00367" HPOS="1630" VPOS="3342" WIDTH="51"/>
						<String ID="P16_ST00407" HPOS="1681" VPOS="3278" WIDTH="56" HEIGHT="42" CONTENT="et" WC="0.94" CC="10"/>
						<SP ID="P16_SP00368" HPOS="1737" VPOS="3342" WIDTH="47"/>
						<String ID="P16_ST00408" HPOS="1784" VPOS="3267" WIDTH="130" HEIGHT="74" CONTENT="puis" WC="0.99" CC="0300"/>
						<SP ID="P16_SP00369" HPOS="1914" VPOS="3342" WIDTH="31"/>
						<String ID="P16_ST00409" HPOS="1945" VPOS="3267" WIDTH="329" HEIGHT="70" CONTENT="descendra," WC="1.00" CC="0300040503"/>
						<SP ID="P16_SP00370" HPOS="2274" VPOS="3342" WIDTH="33"/>
						<String ID="P16_ST00410" HPOS="2307" VPOS="3290" WIDTH="170" HEIGHT="56" CONTENT="parce" WC="0.98" CC="03403"/>
						<SP ID="P16_SP00371" HPOS="2477" VPOS="3346" WIDTH="45"/>
						<String ID="P16_ST00411" HPOS="2522" VPOS="3289" WIDTH="104" HEIGHT="59" CONTENT="que" WC="0.98" CC="060"/>
					</TextLine>
					<TextLine ID="P16_TL00038" HPOS="223" VPOS="3349" WIDTH="2402" HEIGHT="84">
						<String ID="P16_ST00412" HPOS="223" VPOS="3353" WIDTH="54" HEIGHT="54" CONTENT="le" WC="0.94" CC="01"/>
						<SP ID="P16_SP00372" HPOS="277" VPOS="3407" WIDTH="31"/>
						<String ID="P16_ST00413" HPOS="308" VPOS="3364" WIDTH="125" HEIGHT="42" CONTENT="mot" WC="0.99" CC="003"/>
						<SP ID="P16_SP00373" HPOS="433" VPOS="3407" WIDTH="51"/>
						<String ID="P16_ST00414" HPOS="484" VPOS="3356" WIDTH="34" HEIGHT="23" CONTENT='"' WC="0.82" CC="1"/>
						<SP ID="P16_SP00374" HPOS="518" VPOS="3407" WIDTH="34"/>
						<String ID="P16_ST00415" HPOS="552" VPOS="3349" WIDTH="295" HEIGHT="77" CONTENT="splendide" WC="0.88" CC="003300300"/>
						<SP ID="P16_SP00375" HPOS="847" VPOS="3426" WIDTH="35"/>
						<String ID="P16_ST00416" HPOS="882" VPOS="3349" WIDTH="31" HEIGHT="20" CONTENT='"' WC="0.49" CC="5"/>
						<SP ID="P16_SP00376" HPOS="913" VPOS="3426" WIDTH="34"/>
						<String ID="P16_ST00417" HPOS="947" VPOS="3369" WIDTH="240" HEIGHT="56" CONTENT="marque" WC="1.00" CC="003010"/>
						<SP ID="P16_SP00377" HPOS="1187" VPOS="3426" WIDTH="31"/>
						<String ID="P16_ST00418" HPOS="1218" VPOS="3350" WIDTH="52" HEIGHT="53" CONTENT="le" WC="1.00" CC="00"/>
						<SP ID="P16_SP00378" HPOS="1270" VPOS="3426" WIDTH="31"/>
						<String ID="P16_ST00419" HPOS="1301" VPOS="3350" WIDTH="167" HEIGHT="75" CONTENT="point" WC="0.98" CC="01460"/>
						<SP ID="P16_SP00379" HPOS="1468" VPOS="3426" WIDTH="34"/>
						<String ID="P16_ST00420" HPOS="1502" VPOS="3350" WIDTH="323" HEIGHT="56" CONTENT="culminant" WC="1.00" CC="020034030"/>
						<SP ID="P16_SP00380" HPOS="1825" VPOS="3426" WIDTH="33"/>
						<String ID="P16_ST00421" HPOS="1858" VPOS="3351" WIDTH="136" HEIGHT="57" CONTENT="dans" WC="1.00" CC="0010"/>
						<SP ID="P16_SP00381" HPOS="1994" VPOS="3426" WIDTH="31"/>
						<String ID="P16_ST00422" HPOS="2025" VPOS="3353" WIDTH="305" HEIGHT="58" CONTENT="l'émotion" WC="0.99" CC="026000005"/>
						<SP ID="P16_SP00382" HPOS="2330" VPOS="3426" WIDTH="36"/>
						<String ID="P16_ST00423" HPOS="2366" VPOS="3377" WIDTH="111" HEIGHT="56" CONTENT="que" WC="0.99" CC="020"/>
						<SP ID="P16_SP00383" HPOS="2477" VPOS="3433" WIDTH="53"/>
						<String ID="P16_ST00424" HPOS="2530" VPOS="3354" WIDTH="95" HEIGHT="57" CONTENT="fait" WC="0.99" CC="0030"/>
					</TextLine>
					<TextLine ID="P16_TL00039" HPOS="226" VPOS="3436" WIDTH="594" HEIGHT="56">
						<String ID="P16_ST00425" HPOS="226" VPOS="3436" WIDTH="181" HEIGHT="56" CONTENT="naître" WC="1.00" CC="002020"/>
						<SP ID="P16_SP00384" HPOS="407" VPOS="3492" WIDTH="33"/>
						<String ID="P16_ST00426" HPOS="440" VPOS="3457" WIDTH="64" HEIGHT="35" CONTENT="ce" WC="0.87" CC="02"/>
						<SP ID="P16_SP00385" HPOS="504" VPOS="3492" WIDTH="32"/>
						<String ID="P16_ST00427" HPOS="536" VPOS="3436" WIDTH="284" HEIGHT="55" CONTENT="souvenir." WC="0.99" CC="014000354"/>
					</TextLine>
				</TextBlock>
			</PrintSpace>
		</Page>
	</Layout>
</alto>
