2702 3934
813 210 558 87 L'ÉMOTION
1433 228 502 67 MUSICALE

2506 249 84 45 11

149 375 202 71 Vinès,
386 398 71 34 au
493 375 197 79 piano,
715 397 75 35 on
813 373 304 59 reconnaît
1153 375 94 55 M.
1287 374 240 56 Florent
1564 373 257 57 Schmitt
1854 386 56 44 et
1950 374 94 56 M.
2084 372 275 56 Maurice
2395 373 205 67 Ravel,

145 465 150 78 puis,
344 478 213 43 autour
605 463 68 57 de
720 464 94 56 M.
855 463 260 80 Cyprien
1159 459 303 58 Godebski
1508 474 56 42 et
1612 460 70 57 de
1730 482 102 35 son
1875 458 106 71 fils,
2026 460 179 56 MM.
2255 456 233 59 Déodat
2531 459 69 56 de

146 552 264 69 Séverac,
452 553 403 56 Calvocoressi
889 566 56 41 et
979 550 210 56 Albert
1237 549 264 56 Roussel.
1540 549 262 56 Tableau
1837 549 131 56 bien
2021 544 298 81 composé,
2355 547 248 78 superbe

144 640 70 56 de
247 642 94 54 vie
375 654 56 42 et
483 639 70 57 de
601 638 207 70 vérité,
854 635 76 60 où
978 635 305 59 l'émotion
1334 635 277 56 musicale
1644 651 81 42 est
1760 637 253 56 traduite
2046 657 139 36 avec
2220 633 377 80 profondeur.

146 728 52 56 Il
231 750 31 34 a
296 727 239 80 produit
586 748 112 36 une
748 726 217 78 grande
1016 723 342 79 impression
1401 736 76 54 et,
1514 722 125 77 déjà
1687 722 260 71 fameux,
1993 724 39 55 il
2079 743 121 37 sera
2247 720 227 59 célèbre
2524 743 75 35 un

136 814 156 78 jour.

322 903 312 56 D'ailleurs
691 922 64 35 ce
811 901 141 56 n'est
1007 919 98 58 pas
1153 898 53 55 la
1252 898 155 55 seule
1456 894 189 59 forme
1701 917 131 36 sous
1881 900 248 76 laquelle
2183 900 93 54 M.
2338 898 263 76 Georges

145 990 359 78 d'Espagnat
554 990 192 56 rendit
791 987 318 75 hommage
1157 983 31 58 à
1235 986 52 53 la
1335 985 290 76 musique.
1672 985 400 57 Nombreuses
2119 1000 129 42 sont
2294 986 77 56 les
2411 986 186 67 toiles,

148 1091 353 56 rayonnants
555 1075 238 80 poèmes
849 1071 379 77 d'allégresse,
1287 1068 73 58 où
1419 1071 39 55 il
1514 1071 130 55 s'est
1705 1071 97 76 plu
1860 1068 29 58 à
1946 1070 328 78 compléter
2327 1072 79 55 les
2450 1071 150 76 joies

148 1166 247 55 sereines
446 1165 70 56 de
571 1165 53 55 la
680 1178 199 40 nature
936 1182 102 57 par
1099 1161 79 55 les
1232 1160 131 76 plus
1418 1160 325 76 gracieuses
1797 1155 212 81 figures
2067 1160 67 55 de
2186 1160 409 56 musiciennes.

151 1253 197 56 Parmi
381 1253 79 56 les
508 1249 329 79 guirlandes
882 1248 68 55 de
993 1245 190 70 fleurs,
1217 1267 131 35 sous
1391 1246 77 55 les
1509 1244 189 57 arbres
1738 1265 115 35 aux
1891 1244 301 77 feuillages
2233 1244 363 80 chatoyants,

148 1340 134 56 elles
324 1353 249 42 mettent
615 1335 353 59 d'adorables
1012 1334 343 57 silhouettes
1405 1347 56 42 et
1509 1334 150 55 leurs
1706 1331 228 58 enfants
1983 1333 240 56 dansent
2272 1353 71 36 au
2392 1353 101 36 son
2528 1333 69 56 de

144 1428 126 54 leur
322 1425 158 57 flûte.
532 1427 84 54 Ce
671 1437 127 42 sont
855 1422 69 55 de
979 1422 295 77 limpides,
1330 1418 250 58 fraîches
1632 1434 56 42 et
1750 1419 294 56 vibrantes
2098 1420 216 55 visions
2362 1419 69 56 de
2478 1420 119 76 joie

145 1514 340 78 auxquelles
518 1514 51 55 la
604 1513 269 75 musique
907 1509 163 78 prête
1103 1529 103 36 son
1240 1507 474 57 enchantement.

324 1602 188 54 L'une
563 1598 94 56 des
711 1598 131 76 plus
897 1597 345 56 saisissantes
1298 1593 478 79 interprétations
1833 1593 70 56 de
1957 1592 306 57 l'émotion
2322 1594 275 55 musicale

148 1688 147 78 qu'il
344 1688 166 55 m'ait
558 1683 90 59 été
698 1682 193 58 donné
941 1683 69 56 de
1058 1683 128 55 voir
1233 1696 83 42 est
1353 1679 336 57 l'eau-forte
1725 1679 226 57 célèbre
1987 1681 69 55 de
2091 1681 181 55 Louis
2308 1681 289 76 Legrand,

148 1773 270 57 intitulée
758 1776 233 54 Amants
676 1795 25 46 -,
731 1770 74 57 où
835 1772 39 55 il
907 1792 31 35 a
972 1770 181 55 rendu
1189 1790 138 35 avec
1357 1782 188 42 toutes
1571 1770 78 54 les
1675 1789 319 35 ressources
2021 1767 68 56 de
2116 1789 99 35 son
2244 1768 356 76 prodigieux

146 1863 181 56 talent
374 1863 52 55 la
470 1862 286 76 langueur
804 1874 55 40 et
907 1860 52 54 la
1009 1858 316 78 crispation
1374 1857 176 56 d'une
1598 1855 221 57 femme
1867 1876 149 57 pour
2059 1857 146 55 ainsi
2238 1855 122 55 dire
2393 1853 206 80 pâmée

145 1970 132 37 sous
327 1950 78 56 les
460 1946 239 58 effluves
752 1946 69 56 de
865 1946 274 76 musique
1189 1945 141 56 dont
1383 1965 79 34 un
1518 1945 312 54 violoniste
1877 1944 365 77 l'enveloppe
2291 1956 56 42 et
2394 1944 52 54 la
2492 1941 105 57 fait

146 2036 309 57 tressaillir.
516 2036 94 55 M.
659 2034 182 56 Louis
898 2031 294 78 Legrand,
1249 2031 118 56 l'un
1424 2031 96 56 des
1581 2031 131 78 plus
1776 2030 385 56 merveilleux
2223 2030 377 56 dessinateurs

145 2121 460 80 d'aujourd'hui,
640 2143 30 34 a
701 2117 329 82 représenté
1066 2140 138 35 avec
1252 2120 51 55 la
1350 2119 130 77 plus
1528 2139 122 34 rare
1700 2115 273 58 intensité
2023 2117 394 78 d'expression
2469 2130 131 43 tous

144 2213 77 56 les
271 2210 185 59 émois
507 2210 70 56 de
628 2209 160 57 l'être
838 2208 270 68 humain,
1160 2208 52 54 la
1260 2206 287 56 tendresse
1603 2206 357 68 maternelle,
2009 2206 78 55 les
2134 2206 236 55 ivresses
2417 2218 56 43 et
2521 2205 79 56 les

144 2298 292 57 abandons
470 2298 67 56 de
571 2297 267 68 l'amour,
874 2297 79 54 les
983 2293 460 57 frémissements
1484 2293 68 56 de
1597 2294 52 55 la
1697 2291 164 58 chair
1894 2291 303 69 heureuse,
2238 2312 235 35 comme
2520 2293 79 54 les

144 2388 247 55 torsions
438 2385 77 56 du
567 2406 169 56 corps
784 2383 98 56 des
930 2383 322 67 danseuses,
1303 2380 144 79 qu'il
1480 2402 30 36 a
1542 2380 248 56 rendues
1823 2401 138 35 avec
1997 2402 111 34 une
2143 2378 186 57 vérité
2362 2380 235 55 vivante

145 2473 335 59 d'attitudes
513 2487 56 42 et
606 2472 70 56 de
710 2486 186 63 gestes
929 2467 362 81 inexprimés
1325 2482 170 43 avant
1528 2469 103 56 lui.
1669 2469 172 55 Aussi
1879 2468 268 56 devait-il
2172 2464 185 59 écrire
2383 2487 138 36 avec
2548 2467 52 56 la

145 2562 197 55 même
374 2559 259 58 maîtrise
666 2557 244 57 l'ardent
943 2554 212 80 poème
1189 2556 70 56 de
1291 2557 53 55 la
1377 2556 292 76 musique.
1708 2554 155 56 C'est
1910 2576 78 34 un
2036 2553 177 57 chant
2258 2553 70 56 de
2371 2554 228 77 passion

145 2670 132 57 que,
313 2669 139 35 avec
487 2660 165 44 toute
685 2666 104 36 son
823 2643 226 69 ardeur,
1084 2643 162 57 l'être
1279 2642 153 57 aimé
1466 2641 104 57 fait
1612 2642 297 56 entendre.
1959 2642 162 56 Avec
2167 2641 192 77 quelle
2408 2655 193 42 extase

144 2735 327 57 l'auditrice
504 2736 54 55 le
592 2733 183 78 reçoit
811 2732 137 56 dans
982 2752 99 36 son
1118 2751 162 36 cœur
1312 2745 56 42 et
1404 2730 137 57 dans
1575 2742 130 44 tout
1739 2749 100 37 son
1876 2728 121 58 être
2030 2727 350 57 frissonnant
2415 2727 8 57 !

318 2821 176 58 Voilà
555 2821 306 57 l'émotion
920 2820 279 56 musicale
1255 2819 417 77 superbement
1726 2816 236 57 rendue.
2026 2816 301 57 Certaines
2389 2815 69 57 de
2520 2836 83 36 ses

144 2913 360 77 expressions
539 2923 129 43 sont
703 2909 44 56 si
781 2907 176 58 belles
988 2906 10 57 !
1052 2907 77 55 Et
1162 2907 45 55 si
1240 2906 80 56 les
1362 2906 256 78 peintres
1661 2905 304 77 prenaient
2011 2904 321 76 davantage
2375 2904 52 56 le
2476 2904 123 56 soin

145 2999 67 56 de
261 2998 271 78 regarder
579 3012 212 41 autour
841 2995 197 69 d'eux,
1089 2994 217 79 quelles
1354 2994 375 77 inspirations
1777 2990 326 80 précieuses
2152 2991 67 56 ils
2266 2991 335 78 pourraient

145 3087 292 55 recueillir
463 3084 8 57 !
512 3085 170 55 Nous
717 3083 237 57 n'avons
986 3083 80 54 les
1100 3100 106 37 uns
1239 3094 55 42 et
1329 3081 78 55 les
1440 3094 191 42 autres
1659 3078 136 78 qu'à
1823 3079 327 77 interroger
2177 3098 103 35 nos
2305 3078 298 55 souvenirs

145 3193 149 57 pour
327 3186 303 43 retrouver
664 3169 96 58 des
793 3170 319 56 sensations
1145 3169 367 78 poignantes.

320 3260 170 56 Ainsi
537 3259 60 76 je
653 3280 94 35 me
804 3258 255 79 rappelle
1115 3269 325 55 comment,
1494 3276 77 35 un
1627 3255 135 68 soir,
1805 3254 150 78 j'eus
2011 3253 138 56 dans
2205 3273 77 34 un
2338 3252 158 55 salon
2550 3250 53 55 la

145 3346 320 59 révélation
512 3346 78 55 du
629 3346 204 55 tendre
873 3360 56 41 et
978 3342 362 82 mystérieux
1387 3344 116 54 lien
1538 3343 102 76 qui
1675 3342 261 67 unissait,
1970 3339 31 57 à
2032 3341 173 54 l'insu
2239 3339 69 56 de
2342 3352 149 55 tous,
2525 3358 78 35 un

145 3434 246 58 homme
433 3433 178 78 jeune
659 3447 58 42 et
765 3452 113 36 une
927 3429 221 58 femme
1199 3429 111 58 très
1358 3429 168 58 belle.
1566 3429 239 75 Jamais,
1841 3448 114 35 aux
1997 3447 156 57 yeux
2192 3424 69 56 de
2294 3426 150 54 leurs
2477 3424 127 77 plus

146 3521 249 80 proches
446 3521 166 67 amis,
658 3521 125 54 rien
828 3520 139 55 dans
1009 3520 127 54 leur
1179 3517 251 57 attitude
1476 3517 60 55 ni
1580 3516 139 56 dans
1760 3516 126 54 leur
1931 3513 416 79 physionomie
2392 3511 212 56 n'avait
