1632 2540
1349 2290 28 34 1

440 519 108 31 VOM
575 515 264 34 LEBENDEN
867 512 181 35 GEISTE

387 581 73 30 (Von
479 581 51 23 der
548 581 108 23 Zensur
674 580 38 22 im
731 579 101 29 Kriege
852 574 255 32 beschlagnahmt!)

710 639 74 28 VII.

1212 636 135 31 (Schluß.)

234 701 73 28 Wir
329 702 111 27 haben
463 701 95 35 lange
580 697 238 39 geschwiegen.

236 743 72 27 Wir
329 744 110 26 haben
462 750 62 19 uns
547 741 34 27 in
598 739 231 29 sonderbaren
846 735 190 37 Allegorien
1053 732 215 38 ausgeblutet,
1294 730 56 28 die

152 787 64 28 alle
233 785 228 29 determiniert
476 791 114 19 waren
605 790 67 19 von
688 779 190 30 Sehnsucht
893 777 87 28 nach
995 776 164 32 Reinheit,
1175 774 174 35 Erlösung,

153 826 285 30 Menschlichkeit.
472 824 129 28 Unsere
615 823 151 28 Malerei:
783 820 98 28 Kraft
903 820 59 27 des
977 817 131 29 Geistes
1124 814 227 30 aufbrausend

155 878 59 19 aus
247 868 214 36 tiefgelebten
483 864 240 37 Philosophien
754 861 243 37 zersplitternd,
1038 858 155 29 dennoch
1215 856 139 27 bauend

154 913 34 26 in
220 911 55 27 die
305 910 123 27 Fläche
456 908 119 27 Kubus
606 906 69 28 und
703 904 143 29 Dreieck
877 904 60 26 des
966 902 204 27 Monstrums
1199 898 152 32 Realität,

155 953 182 31 Maschine,
362 949 289 35 Mensch-Körper
673 948 70 27 und
763 946 141 38 jegliche
922 944 154 32 Materie;
1100 940 183 30 beseelend
1300 939 55 28 die

155 995 141 31 kleinen,
321 992 222 28 mißachteten
559 990 114 36 Dinge,
698 987 247 39 gleichsetzend
969 986 60 28 das
1053 983 79 29 Tier
1156 984 60 26 der
1232 982 120 32 Sonne,

157 1037 55 27 die
236 1035 111 28 Sonne
376 1035 76 26 dem
476 1032 192 32 Stadthaus,
698 1031 60 27 das
782 1030 181 27 Stadthaus
988 1028 75 27 dem
1087 1026 178 30 Millionär,
1295 1024 61 27 der

157 1078 115 28 Krone
289 1077 61 27 der
366 1075 200 36 Schöpfung.
604 1073 110 28 Unser
729 1070 103 29 Trieb
849 1080 40 18 zu
904 1070 204 31 vernichten,
1126 1076 68 18 was
1212 1074 144 19 unseren

159 1120 154 28 Glauben
336 1118 45 27 im
404 1117 98 27 Keim
525 1115 193 32 verhöhnte,
742 1114 59 27 mit
821 1112 86 29 Geld
931 1121 40 18 zu
993 1111 168 27 verhuren
1184 1108 171 29 trachtete,

158 1163 45 27 im
228 1159 192 29 Mutterleib
446 1158 104 27 schon
573 1158 65 26 den
659 1155 176 29 Kaufwert
857 1163 62 19 uns
944 1153 208 35 aufdrängte:
1177 1150 60 27 das
1261 1148 97 28 ward

159 1204 34 27 in
216 1204 120 26 Atome
359 1201 128 35 zerlegt,
517 1199 213 36 zerschlagen
754 1197 69 27 und
846 1195 202 29 durchblitzt
1070 1202 66 19 von
1161 1193 61 26 der
1247 1190 113 28 Sonne

160 1246 61 27 der
244 1252 109 19 neuen
374 1242 82 28 Zeit.

244 1285 130 28 Unsere
392 1283 178 28 Gedichte:
586 1280 128 30 Tiefste
729 1280 110 28 Ironie
855 1286 138 20 unseres
1009 1276 194 33 Zustandes,
1220 1282 140 21 unseres

160 1325 305 39 Einbezogenseins
480 1325 33 26 in
531 1324 92 27 diese
635 1323 89 28 Welt
740 1323 60 27 der
816 1315 221 42 Überbürger,
1055 1318 54 28 die
1122 1326 63 19 uns
1197 1316 164 29 ernähren

162 1371 59 27 mit
236 1369 77 28 Bild
329 1369 70 26 und
416 1365 93 33 Stoff,
533 1365 54 28 die
603 1365 61 27 wir
680 1364 164 28 ernähren
857 1371 74 19 zum
943 1360 190 30 Menschen.
1167 1359 38 27 In
1216 1367 145 19 unseren

162 1411 155 38 Hymnen
336 1409 106 28 findet
458 1409 52 26 ihr
525 1408 82 27 alles
624 1407 103 28 schon
744 1405 123 28 dunkel
882 1405 113 35 gesagt
1010 1402 70 28 und
1096 1399 265 38 deutungsreich,

164 1454 33 28 in
217 1452 200 29 Schmerzen
436 1449 222 28 hinkreißend
675 1449 65 27 den
761 1447 174 28 schweren
952 1445 76 36 Sieg
1043 1444 85 27 über
1144 1444 65 27 den
1225 1442 136 36 eigenen

164 1494 111 28 Trieb.
319 1493 83 28 Jetzt
425 1491 121 28 wollen
569 1491 63 27 wir
654 1490 119 28 hinaus
795 1497 60 20 aus
879 1488 61 27 der
963 1485 173 38 Allegorie.

249 1535 73 27 Wir
349 1534 123 28 wollen
501 1532 184 32 bekennen,
718 1531 66 27 daß
816 1531 61 26 der
901 1529 161 28 Künstler
1085 1527 76 27 kein
1183 1524 181 29 Nachtisch

167 1579 45 28 ist
234 1578 54 27 für
320 1576 217 36 aufgeklärte,
566 1574 168 32 kritische,
758 1574 55 35 gut
839 1572 191 35 veranlagte
1056 1566 308 31 Millionärskinder

166 1621 70 28 und
260 1619 104 28 deren
386 1617 124 28 Eltern,

251 1661 55 28 Sie
329 1659 137 28 merken
489 1658 57 28 auf
561 1658 69 27 und
645 1657 200 34 behaupten,
870 1654 61 28 wir
947 1653 182 28 zerstörten
1145 1657 82 30 ganz
1243 1649 122 36 zünftig

232 1712 36 19 so
292 1703 50 26 als
364 1702 116 27 hätten
503 1700 61 27 wir
587 1708 76 18 vom
684 1698 121 36 Kriege
828 1697 127 36 gelernt
1041 1694 69 27 und
1133 1692 113 37 fragen
1268 1697 78 30 ange-

169 1746 136 35 strengt;
341 1742 99 36 „Was
472 1743 82 26 aber
584 1741 92 27 wollt
705 1740 52 27 ihr
780 1739 109 27 Neues
918 1733 170 32 schaffen?
1132 1734 74 27 Wir
1228 1733 139 29 erteilen

170 1787 65 27 den
258 1785 161 28 Dichtern
442 1784 62 27 das
527 1783 105 27 Wort.
664 1781 56 28 Sie
743 1781 106 27 sollen
873 1780 60 27 der
948 1776 209 30 Menschheit
1169 1781 109 31 sagen,
1303 1774 63 28 wie

171 1829 47 28 sie
256 1828 71 28 sich
358 1826 55 28 die
449 1825 125 27 Aktion
605 1823 61 28 der
701 1822 144 36 Rettung
882 1821 140 28 denken.
1081 1818 55 27 Sie
1175 1818 106 27 sollen
1316 1816 53 28 ihr

169 1870 194 36 Programm
386 1866 207 29 entwickeln.
630 1865 83 27 Dort
736 1873 52 18 wo
806 1863 60 28 der
882 1861 132 28 Aufbau
1030 1859 165 38 beginnen
1212 1859 71 33 soll,
1308 1859 61 27 der

171 1912 82 36 Weg
275 1911 52 27 ins
343 1907 277 32 Konkret-Reale,
645 1905 189 37 schweigen
856 1905 58 27 sie.
951 1903 74 28 Ihre
1044 1901 157 29 Gebärde
1218 1901 59 27 des
1294 1900 57 28 Zer-

172 1955 138 30 störers,
341 1950 87 29 noch
460 1951 85 27 eben
575 1948 55 29 die
652 1947 118 29 Mauer
792 1945 228 33 umstürzend,
1048 1944 91 27 fährt
1161 1951 61 20 aus
1244 1940 126 29 Traum

172 1995 150 29 erwacht
336 1992 125 29 zurück
475 1992 70 27 und
560 1990 164 36 bestätigt,
738 1989 64 28 daß
820 1989 54 27 die
890 1988 118 28 Mauer
1025 1985 155 29 dennoch
1192 1983 175 29 existiert.“

257 2037 55 28 Ihr
334 2034 153 29 wünscht
503 2033 54 28 ein
568 2028 218 40 Programm?
829 2029 105 29 Wollt
949 2029 52 28 ihr
1016 2027 152 29 wirklich
1185 2035 79 19 eure
1275 2025 96 29 Seele

173 2078 130 30 retten?
348 2077 91 28 Oder
461 2075 106 28 sollen
586 2073 63 28 wir
664 2082 62 19 uns
743 2073 106 28 selbst
865 2072 85 27 euch
966 2080 75 19 zum
1056 2069 89 28 Fraß
1161 2066 212 30 vorwerfen?

173 2120 125 28 Hätten
325 2119 63 27 wir
416 2118 54 28 ein
496 2117 201 36 Programm,
729 2123 37 20 so
793 2116 89 26 wäre
910 2122 80 19 euer
1011 2112 196 36 Programm
1235 2119 55 19 um
1317 2109 56 29 die

174 2161 226 30 Zensurlücke
423 2160 60 28 des
501 2158 131 29 Geistes
649 2157 195 28 bereichert.
882 2155 91 28 Aber
988 2155 50 27 ihr
1054 2153 84 37 fragt
1153 2160 60 20 aus
1225 2151 148 32 Bosheit,

174 2204 77 29 weil
278 2204 52 28 ihr
357 2202 115 37 glaubt
499 2209 62 19 uns
589 2199 202 36 widerlegen
818 2207 40 19 zu
884 2197 141 28 können.
1069 2194 78 29 Und
1173 2195 117 27 hätten
1312 2192 63 28 wir

176 2247 53 28 ein
252 2246 203 36 Programm,
484 2242 54 29 ein
561 2242 135 36 Rezept,
726 2249 38 19 so
790 2239 141 29 würden
957 2239 62 27 wir
1047 2237 70 28 sein
1141 2237 65 27 wie
1228 2236 62 32 ihr,
1320 2234 55 29 die

235 240 310 79 DER
606 230 637 86 GEGNER

586 374 201 29 AUGUST
811 372 107 30 1919.

1081 370 22 27 I.
1122 368 168 37 Jahrgang.

238 381 80 28 Heft
340 381 28 27 6.
