2939 4554
646 463 224 69 mon
931 412 419 141 bouquet
1411 458 122 64 au
1596 402 567 117 surréalisme

707 675 136 52 Vous
879 696 114 29 avez
1027 673 323 52 certainement
1385 668 199 66 quelque
1619 666 140 51 chose
1796 670 26 45 à
1858 663 98 52 dire
1992 682 70 31 sur
2097 661 43 51 le
2178 657 298 56 surréalisme,

645 749 250 53 faites-moi
933 745 196 52 l'article
1164 763 112 46 pour
1310 764 59 29 ce
1407 741 104 56 soir,
1552 740 44 63 je
1636 736 204 54 viendrai
1882 735 44 52 le
1965 734 217 53 chercher
2217 746 75 38 cet
2329 736 127 60 après-

644 821 113 54 midi
783 828 26 44 à
834 820 27 52 5
886 820 177 51 heures.
1092 816 133 52 C'est
1255 815 108 52 Ivan
1388 811 115 53 Goll
1526 812 80 65 qui
1632 833 72 30 me
1730 809 127 67 parle
1884 809 130 52 ainsi.

706 930 138 64 Ai-je
872 928 198 63 quelque
1097 925 140 51 chose
1265 929 25 46 à
1319 923 97 52 due
1445 941 70 30 sur
1543 920 44 51 le
1615 918 280 52 surréalisme
1915 923 20 44 ?
1966 914 159 63 Quant
2154 934 57 30 au
2240 925 107 42 mot,
2379 930 102 32 sans

642 1003 157 56 douté,
827 1019 193 46 puisque
1046 1018 110 31 nous
1183 995 13 52 1
1222 1016 154 35 avons,
1406 991 297 68 Apollinaire
1728 1003 47 38 et
1802 1009 109 37 moi,
1939 986 146 54 choisi
2116 999 44 37 et
2189 985 89 51 fixe
2306 1004 145 31 ensem-

645 1077 94 53 ble.
785 1074 176 51 C'était
1002 1092 56 30 au
1096 1071 247 65 printemps
1390 1066 136 58 1917,
1571 1085 110 31 nous
1721 1061 232 65 rédigions
1994 1060 44 52 le
2076 1078 282 48 programme
2398 1055 85 52 des

646 1145 248 55 Mamelles
935 1158 43 37 et
1018 1164 101 31 sous
1157 1143 44 49 le
1237 1141 101 51 titre
1378 1159 112 31 nous
1524 1137 156 51 avions
1721 1132 199 55 d'abord
1959 1132 111 51 écrit
2109 1154 23 28 «
2174 1130 156 52 drame
2372 1150 22 28 »
2437 1141 44 37 el

641 1220 175 51 ensuite
847 1219 46 63 je
924 1216 63 51 lui
1021 1216 62 50 ait
1112 1214 70 52 dit
1203 1237 10 29 :
1246 1234 58 29 ne
1333 1211 366 66 pourrions-nous
1731 1229 82 43 pas
1846 1206 173 65 ajouter
2048 1202 201 68 quelque
2282 1202 138 51 chose
2455 1206 26 46 à

642 1314 56 31 ce
736 1305 108 42 mot,
884 1290 44 51 le
962 1287 225 66 qualifier,
1228 1300 44 37 et
1308 1286 32 51 il
1378 1305 73 31 me
1490 1282 67 52 dit
1592 1304 58 29 en
1688 1280 111 52 effet
1836 1292 195 40 mettons
2066 1275 330 53 surnaturaliste
2438 1287 46 38 et

646 1365 184 49 aussitôt
863 1364 45 62 je
941 1383 71 29 me
1045 1360 90 51 suis
1167 1358 132 51 élevé
1332 1369 152 40 contre
1517 1351 332 54 surnaturaliste
1882 1352 77 62 qui
1992 1370 58 32 ne
2083 1348 243 52 convenait
2357 1346 127 66 point

645 1458 57 29 au
735 1436 142 51 moins
907 1454 111 45 pour
1050 1432 106 51 trois
1187 1431 169 51 raisons
1389 1442 46 37 et
1467 1423 343 55 naturellement
1841 1437 134 37 avant
2010 1427 146 47 même
2192 1441 89 44 que
2314 1421 170 63 j'eusse

648 1511 74 49 fini
763 1508 211 65 l'exposé
1013 1506 61 52 de
1115 1505 43 52 la
1197 1503 224 66 première
1459 1498 298 67 Apollinaire
1799 1498 110 51 était
1948 1496 61 53 de
2048 1516 103 30 mon
2193 1494 97 51 avis
2330 1507 43 37 et
2413 1513 71 30 me

646 1583 136 51 disait
802 1605 11 28 :
851 1602 21 30 «
909 1578 144 52 Alors
1086 1591 190 38 mettons
1309 1573 253 53 surréaliste
1599 1595 42 29 ».
1679 1571 176 52 C'était
1888 1574 173 47 trouvé.

712 1689 159 62 Quant
899 1692 27 45 à
956 1686 43 51 la
1026 1686 138 51 chose
1192 1705 46 43 je
1265 1704 29 30 n
1318 1704 118 29 aime
1465 1686 136 59 guère
1633 1701 56 30 en
1716 1676 166 69 parler,
1914 1699 45 42 je
1989 1690 155 37 trouve
2172 1673 101 66 plus
2305 1673 58 53 de
2394 1673 92 64 joie

648 1770 24 43 à
703 1761 113 52 faire
844 1761 110 64 qu'à
983 1759 114 52 dire.
1130 1757 215 51 Pourtant
1373 1755 31 51 il
1435 1774 99 30 sera
1561 1752 176 52 bientôt
1766 1751 27 51 5
1825 1750 178 57 heures,
2034 1750 46 63 je
2109 1769 73 30 me
2212 1747 131 51 lance
2375 1746 111 52 dans

645 1835 66 51 les
745 1832 355 54 considérations
1133 1828 251 65 générales.

711 1941 52 51 Si
794 1939 113 51 faire
935 1958 154 30 œuvre
1119 1936 61 51 de
1206 1940 139 61 poète
1374 1948 67 37 est
1470 1946 111 39 DIRE
1609 1930 201 66 quelque
1840 1930 140 51 chose
2009 1940 292 43 artistement,
2338 1926 30 51 il
2403 1948 29 43 y
2460 1946 26 30 a

645 2014 112 51 dans
790 2011 221 52 l'histoire
1044 2009 213 52 littéraire
1290 2006 61 54 du
1383 2005 166 53 monde
1581 2025 88 31 une
1700 2001 127 55 foule
1858 2001 62 53 de
1952 2007 178 61 poètes.

711 2122 52 49 Si
792 2120 115 50 faire
933 2138 156 31 œuvre
1114 2117 61 50 de
1203 2120 138 60 poète
1370 2128 66 37 est
1462 2133 104 31 sous
1592 2110 14 51 1
1632 2117 199 45 émotion
1857 2109 62 52 de
1945 2131 56 29 ce
2027 2126 90 47 que
2146 2108 13 49 1
2183 2128 60 29 on
2269 2128 27 29 a
2324 2128 25 28 a
2377 2118 109 38 DIRE

646 2214 56 30 en
740 2193 201 49 inventer
976 2189 320 65 l'expression,
1338 2187 32 52 il
1408 2208 56 29 en
1501 2185 145 51 existe
1681 2184 110 51 bien
1826 2203 92 44 peu
1954 2180 113 54 dans
2104 2179 224 52 l'histoire
2366 2178 100 50 litté-

646 2267 113 49 raire
788 2264 63 51 du
881 2261 165 53 monde
1078 2275 44 37 et
1153 2282 57 30 un
1241 2260 95 52 seul
1369 2280 56 30 en
1454 2258 175 52 France
1661 2256 182 65 jusqu'à
1873 2254 43 52 la
1948 2254 60 52 fin
2039 2253 63 53 du
2130 2251 133 54 XIX
2265 2259 14 18 e
2311 2250 144 52 siècle
2475 2274 11 28 :

645 2336 185 52 Villon.

712 2443 52 51 Si
805 2442 113 52 faire
955 2461 155 30 œuvre
1145 2439 63 52 de
1244 2444 140 60 poète
1421 2451 66 37 est
1525 2458 88 30 non
1651 2435 103 66 plus
1788 2448 112 38 DIRE
1938 2432 199 66 quelque
2175 2430 158 56 chose,
2376 2451 110 30 mais

646 2515 116 51 faire
788 2536 59 29 un
872 2519 184 59 poème,
1088 2512 31 50 il
1149 2512 108 50 n'en
1285 2523 146 38 existe
1457 2531 83 44 pas
1564 2522 136 38 avant
1728 2508 45 51 la
1799 2507 60 52 fin
1886 2507 62 50 du
1976 2504 133 53 XIX
2112 2512 14 17 e
2155 2504 144 52 siècle
2319 2527 10 29 :
2361 2501 96 53 Mal-

651 2589 155 56 larmé,
853 2585 252 56 Rimbaud,
1152 2584 250 64 Laforgue,
1450 2580 314 68 Apollinaire.
1810 2580 43 50 C
1878 2593 65 38 est
1989 2578 45 52 le
2079 2593 146 49 temps
2264 2583 60 44 où
2367 2597 93 30 com-

648 2681 160 30 mence
844 2658 45 52 le
926 2656 297 59 surréalisme,
1266 2653 290 55 c'est-à-dire
1595 2677 56 29 en
1686 2653 162 52 réalité
1887 2653 43 50 la
1966 2651 178 66 poésie,
2185 2664 96 37 tout
2316 2672 56 29 ce
2409 2649 77 63 qui

648 2748 64 37 est
741 2733 220 50 antérieur
988 2731 173 51 n'étant
1187 2752 92 41 que
1305 2730 183 51 devoirs
1515 2728 316 65 prosodiques.

712 2837 120 51 Pour
871 2849 156 37 mettre
1068 2835 60 51 de
1167 2834 187 55 l'ordre,
1398 2833 122 51 voici
1559 2855 55 29 ce
1652 2853 89 42 que
1780 2832 45 63 je
1860 2829 118 52 dirai
1999 2852 10 29 :
2051 2829 169 51 Victor
2258 2828 145 62 Hugo
2442 2839 44 38 et

648 2908 275 52 Baudelaire
935 2933 41 17 =
1017 2908 59 51 fin
1105 2908 59 51 de
1197 2907 44 52 la
1267 2905 193 68 période
1491 2905 208 52 scolaire.
1736 2903 263 56 Mallarmé,
2034 2900 254 57 Rimbaud,
2325 2900 137 51 Lafor-

648 3003 106 42 gue,
797 2980 294 65 Apollinaire
1103 3006 42 16 =
1192 2978 192 67 période
1425 2978 59 52 de
1521 2978 233 51 transition
1792 2976 77 64 qui
1909 2975 200 52 contient
2147 2973 85 52 des
2269 2971 221 52 éléments

648 3055 60 50 de
738 3053 271 52 décadence
1040 3053 140 50 d'une
1211 3051 59 51 fin
1302 3065 44 37 et
1380 3051 66 51 les
1478 3049 220 52 éléments
1730 3048 62 53 de
1826 3049 74 51 vie
1931 3048 32 52 d
1987 3069 59 29 un
2079 3059 406 39 commencement.

715 3159 76 51 De
819 3173 123 37 cette
974 3158 229 51 transition
1233 3171 175 51 partent
1441 3157 122 51 deux
1595 3169 206 39 courants
1820 3178 10 30 :
1864 3154 97 51 l'un
1992 3154 218 65 puissant,
2245 3153 79 63 qui
2357 3150 133 54 couîe

650 3232 263 64 largement,
951 3244 125 37 notre
1109 3229 295 57 surréalisme,
1443 3229 83 51 fait
1558 3228 62 52 de
1653 3242 99 37 tous
1787 3225 68 52 les
1887 3227 220 50 éléments
2140 3224 62 52 de
2236 3225 101 56 vie;
2373 3224 92 50 l'au-

646 3318 65 37 tre
835 3303 65 51 les
931 3317 145 37 autres
1192 3323 57 29 un
1277 3302 116 66 petit
1421 3302 103 50 bras
1552 3316 138 50 puant
1718 3300 80 65 qui
1830 3322 27 28 a
1888 3299 87 51 fort
2004 3299 344 50 heureusement
2379 3296 107 51 bien

648 3378 62 51 de
741 3375 44 52 la
815 3377 139 64 peine
989 3382 26 43 à
1050 3396 47 29 se
1128 3388 143 37 tracer
1302 3396 58 29 un
1394 3373 51 52 lit
1478 3387 45 38 et
1554 3374 79 65 qui
1667 3387 65 36 est
1768 3373 83 52 fait
1883 3371 84 52 des
2000 3370 220 51 éléments
2254 3370 61 51 de
2349 3369 112 52 déca-

650 3449 165 52 dence.
847 3448 60 50 Et
932 3449 44 62 je
1003 3468 109 29 vous
1138 3446 71 51 dis
1233 3446 117 65 qu'il
1376 3468 28 43 y
1431 3468 27 29 a
1482 3467 80 44 par
1589 3445 44 51 là
1660 3445 82 52 des
1770 3444 167 52 relents
1961 3444 62 52 de
2048 3444 264 65 pourriture,
2344 3457 121 36 enter-

649 3543 100 30 rons
777 3521 45 51 la
848 3520 241 63 charogne.

718 3625 59 52 Et
808 3627 119 52 voici
956 3647 103 29 mon
1086 3625 200 62 bouquet
1316 3646 55 29 au
1401 3623 295 52 surréalisme.

1669 3728 182 51 PIERRE
1886 3726 536 53 ALBERT-BIROT.
