2748 4145
2089 3783 148 38 MARS
2292 3784 94 38 1920

1274 3768 113 85 185

270 3789 67 37 LA
388 3787 125 39 CITE

701 392 518 81 L'Edifice
1286 397 99 74 et
1449 390 95 81 le
1622 388 336 80 Milieu

959 516 84 30 par
1070 505 220 40 Adolphe
1318 502 301 35 DERVAUX

1654 502 53 41 (D

451 651 31 40 Il
504 667 29 33 y
553 667 26 22 a
602 649 85 41 lieu
712 648 58 41 de
793 647 351 42 recommander
1167 647 41 40 la
1233 646 166 41 lecture
1423 646 57 40 de
1504 657 70 29 cet
1598 661 214 34 ouvrage,
1842 644 89 41 fort
1955 644 103 40 bien
2084 646 121 43 écrit,
2232 645 89 39 inté-

316 734 173 32 ressant
522 739 82 35 par
635 739 83 24 son
750 726 118 47 sujet
899 731 100 31 tout
1030 720 275 46 d'actualité,
1340 719 221 42 instructif
1594 736 81 33 par
1708 718 41 41 la
1783 720 222 48 précision
2041 729 44 29 et
2119 716 202 50 l'origina-

319 797 76 42 lité
431 796 58 41 de
524 813 69 24 ses
628 813 202 33 aperçus.
868 794 35 42 L
921 805 158 31 auteur
1116 794 170 41 débute
1321 811 55 24 en
1413 793 215 51 adjurant
1662 809 113 24 ceux
1809 795 26 37 à
1871 794 74 48 qui
1980 790 267 46 incombent
2284 788 62 41 les

317 874 305 44 innovations,
659 870 115 41 dans
805 870 42 40 la
882 868 129 42 tâche
1044 868 57 41 de
1134 867 40 41 la
1207 870 369 43 reconstruction,
1614 867 144 41 d'être
1788 869 205 38 sincères.
2030 865 195 40 Comme
2259 863 27 42 il
2320 881 25 23 a

319 948 170 39 raison!
523 955 44 30 et
597 943 148 51 quelle
775 943 218 41 heureuse
1024 945 153 38 entrée
1206 959 55 23 en
1293 943 187 39 matière
1510 957 116 33 pour
1658 942 58 39 Ai
1748 939 110 41 livre
1889 942 75 47 qui
1994 956 19 24 s
2032 938 183 41 adresse
2246 940 26 38 à
2304 936 41 41 la

319 1019 173 52 grande
522 1035 147 25 masse
696 1034 231 33 anonyme
958 1016 81 41 des
1066 1016 256 46 bâtisseurs,
1353 1018 28 38 à
1407 1025 118 31 cette
1554 1013 240 42 multitude
1823 1011 346 52 irresponsable.
2209 1027 21 25 «
2265 1010 82 41 Les

317 1103 348 35 constructeurs,
703 1090 129 47 dit-il,
867 1107 57 24 ne
955 1090 292 51 déguiseront
1275 1105 83 35 pas
1388 1105 87 24 une
1506 1091 86 38 cité
1623 1086 278 42 industrielle
1931 1103 56 24 en
2018 1086 86 40 lieu
2135 1084 57 42 de
2223 1084 104 41 villé-

317 1169 185 47 giature.
542 1182 22 24 »
604 1164 55 42 Et
692 1182 86 33 que
810 1164 93 41 l'on
937 1163 206 50 s'inspire
1176 1163 134 46 donc,
1348 1165 25 38 à
1406 1173 71 31 cet
1510 1161 122 47 effet,
1671 1161 81 41 des
1785 1160 261 41 conditions
2080 1159 60 41 du
2175 1159 167 45 climat,

320 1241 58 40 de
406 1240 42 41 la
475 1251 159 30 nature
662 1240 61 41 du
750 1238 80 47 sol,
863 1249 96 32 tant
984 1255 56 24 au
1067 1240 130 48 point
1225 1237 58 40 de
1310 1253 87 24 vue
1426 1236 60 41 du
1512 1238 280 48 pittoresque
1820 1233 105 51 qu'à
1953 1232 113 42 celui
2097 1233 79 41 des
2205 1234 113 38 maté-

319 1317 127 39 riaux
471 1311 197 53 qu'offre
694 1312 42 42 la
761 1312 276 51 production
1061 1310 158 42 locale.
1253 1326 22 26 «
1305 1310 68 42 Ne
1398 1326 115 24 vous
1538 1311 203 48 ingéniez
1769 1324 95 34 pas,
1894 1306 131 46 dit-il,
2055 1309 25 38 à
2107 1306 242 41 substituer

322 1387 12 41 1
353 1386 157 42 enduit
539 1389 127 48 peint
694 1389 25 38 à
750 1385 41 42 la
821 1389 147 47 pierre
997 1402 58 24 ou
1085 1387 26 38 à
1141 1383 42 42 la
1213 1386 254 39 terre-cuite
1496 1392 276 40 apparentes
1804 1397 40 25 ».
1879 1380 106 41 Ceci
2015 1397 116 23 nous
2160 1378 189 42 conduit

320 1479 57 24 au
410 1460 204 50 chapitre
647 1460 80 42 des
760 1462 213 49 préjugés
1007 1461 75 48 qui
1115 1457 184 42 veulent
1332 1459 220 39 certaines
1585 1456 330 40 constructions
1948 1453 401 50 obligatoirement

322 1535 298 45 décoratives,
659 1533 150 42 tandis
844 1550 86 33 que
967 1531 212 47 d'autres,
1219 1529 355 43 exclusivement
1607 1528 245 46 utilitaires,
1890 1526 192 43 doivent
2117 1529 94 38 être
2246 1528 78 38 sim-

319 1609 205 51 plement
553 1607 154 41 laides.
745 1606 209 42 L'auteur
983 1605 168 41 s'élève
1179 1615 159 31 contre
1367 1620 74 24 ces
1472 1602 217 42 vocables
1720 1601 237 50 employés
1988 1603 363 47 improprement

321 1693 45 30 et
397 1681 82 42 fait
510 1697 262 34 remarquer
805 1697 87 33 que
925 1690 126 31 toute
1085 1678 168 42 bâtisse
1284 1693 174 35 conçue
1490 1694 57 23 en
1581 1686 157 31 tenant
1771 1691 60 25 un
1865 1684 186 40 compte
2084 1672 263 51 intelligent,

322 1754 237 46 rationnel,
590 1753 58 41 de
675 1770 48 24 sa
752 1753 288 46 destination,
1072 1751 98 41 doit
1197 1751 270 41 fatalement
1493 1753 94 37 être
1616 1749 118 41 belle
1762 1759 44 30 et
1834 1748 275 45 décorative,
2140 1764 56 24 en
2226 1746 126 50 dépit

324 1829 57 41 de
409 1846 69 24 ses
507 1828 84 42 fins
618 1827 243 42 utilitaires.
894 1826 56 42 Et
977 1843 51 24 ce
1059 1825 56 42 lui
1145 1836 66 30 est
1237 1841 90 24 une
1357 1826 211 39 occasion
1600 1822 58 41 de
1687 1839 115 24 nous
1830 1820 212 52 rappeler
2068 1820 63 41 les
2161 1820 191 50 qualités

322 1904 197 48 requises
546 1900 57 42 de
630 1900 288 44 l'architecte,
950 1899 116 41 dont
1091 1898 42 42 le
1159 1901 111 48 goût
1296 1909 44 30 et
1367 1897 171 50 l'esprit
1564 1898 209 49 pratique
1801 1895 190 41 doivent
2016 1893 110 42 aller
2155 1893 58 41 de
2237 1895 110 49 pair.

322 1976 170 41 Toutes
522 1992 74 24 ces
627 1975 125 40 idées
783 1985 105 30 sont
918 1973 219 41 illustrées
1171 1970 283 51 d'exemples
1486 1969 269 51 historiques
1787 1969 105 41 bien
1926 1967 176 46 choisis,
2140 1967 186 41 d'évoca-

324 2051 118 39 tions
477 2051 276 39 saisissantes
790 2047 80 41 des
906 2044 166 53 gloires
1106 2045 59 41 de
1204 2045 9 40 1
1234 2044 309 42 architecture.
1588 2059 22 25 «
1653 2042 61 42 La
1755 2042 157 41 devise
1948 2041 58 42 de
2044 2041 11 40 1
2075 2040 278 42 archiecture

322 2125 124 40 saine
475 2132 45 31 et
546 2121 245 50 complète,
822 2122 109 40 c'est
967 2137 8 24 :
1009 2136 23 23 «
1062 2118 43 42 le
1134 2118 126 50 Vrai,
1291 2118 42 41 le
1362 2118 138 50 Beau,
1527 2116 156 43 l'Utile
1715 2133 43 33 »,
1814 2118 26 39 à
1868 2115 237 42 condition
2135 2114 217 42 toutefois

322 2213 88 33 que
445 2211 73 25 ces
556 2193 311 52 inséparables
903 2192 191 52 qualités
1129 2195 147 38 soient
1313 2194 265 47 envisagées
1612 2189 370 42 simultanément
2019 2199 44 31 et
2100 2206 59 33 qu
2179 2204 174 25 aucune

323 2269 28 40 d
374 2268 107 42 elles
503 2285 56 24 ne
583 2271 87 38 soit
692 2267 188 42 réalisée
901 2284 89 24 aux
1014 2266 174 50 dépens
1214 2265 79 42 des
1316 2276 149 31 autres
1493 2280 38 25 «.

390 2342 151 50 Après
574 2358 75 24 ces
684 2341 268 50 éloquentes
986 2356 141 34 pages
1164 2338 253 47 liminaires,
1456 2337 12 41 l
1488 2348 158 30 auteur
1682 2348 126 30 entre
1843 2336 114 41 dans
1995 2335 40 41 le
2070 2335 65 42 vif
2173 2335 59 41 de
2267 2352 83 24 son

322 2418 170 47 exposé
518 2427 46 30 et
589 2417 209 38 examine
822 2412 428 51 méthodiquement
1275 2429 51 24 ce
1352 2411 108 51 qu'il
1487 2410 182 52 appelle
1697 2410 40 41 la
1764 2409 240 51 technique
2031 2408 211 52 générale
2272 2408 80 41 des

320 2490 141 45 villes,
491 2488 170 50 emploi
691 2487 79 41 des
797 2490 104 38 sites
926 2498 44 30 et
997 2486 80 41 des
1104 2485 197 47 édifices,
1332 2487 307 48 composition
1668 2484 80 41 des
1776 2482 268 42 ensembles.
2077 2483 29 41 11
2138 2485 213 47 envisage

323 2565 380 38 successivement
738 2561 39 40 le
811 2577 200 34 paysage
1044 2577 56 23 en
1134 2558 197 52 général,
1371 2558 40 42 le
1444 2558 167 50 climat,
1647 2557 41 41 le
1721 2556 135 42 choix
1891 2556 80 42 des
2005 2559 265 43 matériaux,
2310 2555 40 41 la

322 2646 159 30 nature
511 2634 60 42 du
602 2634 81 46 sol,
718 2634 63 41 les
809 2633 259 42 conditions
1100 2632 60 42 du
1188 2631 152 42 milieu
1369 2631 153 47 social,
1557 2631 40 41 le
1628 2630 318 51 régionalisme
1979 2629 115 42 dans
2123 2646 69 25 ses
2223 2629 106 41 réali-

321 2711 183 39 sations.

457 2782 189 42 Suivant
671 2780 187 51 qu'elles
882 2796 48 25 se
954 2791 104 30 sont
1084 2779 198 41 formées
1307 2796 57 24 au
1390 2778 116 41 fond
1533 2778 138 41 d'une
1697 2777 160 47 vallée,
1886 2794 74 25 sur
1984 2793 88 26 une

321 2873 57 24 au
404 2855 120 41 bord
552 2855 58 40 de
638 2854 41 41 la
706 2871 96 24 mer
828 2870 58 24 ou
915 2853 108 41 d'un
1051 2852 81 47 lac,
1162 2869 57 24 au
1246 2852 151 41 milieu
1423 2852 137 41 d'une
1588 2852 132 45 forêt,
1752 2853 26 39 à
1805 2853 243 48 proximité
2078 2850 246 50 d'exploita-

324 2931 118 39 tions
477 2928 233 51 agricoles,
750 2926 313 46 industrielles,
1105 2943 58 24 ou
1203 2925 114 42 dans
1353 2942 58 25 un
1448 2927 81 39 site
1567 2925 140 41 choisi
1745 2924 325 50 spécialement
2107 2941 55 24 en
2201 2926 148 39 raison

324 3003 58 40 de
404 3019 48 23 sa
474 3001 229 46 salubrité,
729 3000 64 41 les
814 3000 127 41 villes
964 3017 47 24 se
1033 3010 105 31 sont
1159 2999 217 50 peuplées
1398 3009 45 32 et
1467 2998 313 51 développées
1803 2998 59 41 de
1886 2997 160 51 façons
2070 2996 275 42 différentes.

323 3075 85 41 Les
440 3085 191 40 apports
664 3073 208 42 humains
906 3073 275 41 déterminés
1214 3089 84 34 par
1331 3071 62 42 les
1430 3071 263 42 débouchés
1726 3088 88 34 que
1847 3082 178 39 permet
2060 3070 41 42 la
2136 3073 213 40 situation

323 3148 342 51 géographique
698 3147 57 42 de
787 3147 41 41 la
858 3149 86 38 cité
976 3146 190 41 influent
1196 3163 72 24 sur
1301 3145 40 42 la
1373 3147 307 49 composition
1715 3145 58 41 de
1804 3144 189 42 celle-ci.
2033 3144 28 42 Il
2098 3161 54 25 en
2187 3145 163 41 résulte

325 3222 80 40 des
430 3221 234 50 mélanges
692 3221 59 40 de
778 3237 100 24 race
905 3222 75 48 qui
1009 3219 316 47 déterminent,
1356 3219 58 42 de
1440 3229 183 32 concert
1649 3235 113 25 avec
1789 3217 64 42 les
1878 3221 242 39 nécessités
2146 3217 180 42 climato-

325 3294 218 50 logiques,
579 3294 188 51 l'aspect
797 3292 386 51 architectonique
1216 3292 59 42 de
1309 3292 407 51 l'agglomération.
1754 3290 66 43 En
1853 3291 81 42 des
1965 3290 227 52 chapitres
2222 3295 104 47 sépa-

325 3370 82 44 rés,
440 3368 175 50 chaque
642 3384 76 24 cas
746 3378 67 31 est
838 3368 209 40 examiné
1075 3368 27 39 à
1132 3367 41 41 la
1204 3366 186 41 lumière
1420 3366 28 42 d
1471 3365 232 52 exemples
1731 3365 263 43 abondants
2025 3368 75 49 qui
2130 3365 224 42 dénotent

322 3457 90 25 une
438 3443 124 39 saine
590 3440 238 42 érudition»
861 3440 63 41 La
953 3439 171 42 France
1151 3451 45 30 et
1221 3439 42 42 la
1292 3439 217 52 Belgique
1536 3439 251 42 urbanistes
1813 3450 104 31 sont
1945 3441 112 40 ainsi
2084 3442 185 48 passées
2295 3457 57 24 en

442 3541 37 41 (I
495 3540 15 42 )
547 3540 174 34 Editions
755 3539 138 34 Ernest
926 3539 165 37 Leroux,
1129 3538 63 39 28,
1230 3553 67 19 rue
1330 3538 234 43 Bonaparte,
1600 3537 119 35 Paris.
