2748 4145
286 3828 67 38 LA
403 3815 124 50 CITÉ

1304 3814 87 46 195

2156 3824 148 38 MARS
2358 3824 93 38 1920

517 296 474 44 ECHOS
1128 295 146 44 ET
1413 296 40 42 N
1524 292 795 46 OUVELLES

165 519 115 26 nous
331 512 299 41 empruntons
677 517 74 25 ces
801 503 386 48 renseignements
1236 515 88 35 que

165 581 117 24 vous
318 562 224 52 possédez
581 580 89 24 une
708 564 178 40 maison
924 564 249 48 composée
1214 560 110 42 d'un

165 625 94 42 seul
294 624 393 43 rez-de-chaussée
720 635 239 31 recouvert
993 623 134 42 d'une
1161 625 164 40 toiture

166 691 28 38 à
228 689 120 40 deux
380 696 173 42 pentes.
587 685 131 42 Vous
750 685 163 42 voulez
946 685 42 42 la
1023 695 299 41 transporter;

168 766 88 34 que
311 748 284 42 ferez-vous?
640 746 129 47 Rien,
826 746 367 51 probablement,
1253 762 74 24 car

164 827 117 25 vous
310 826 111 25 avez
452 826 87 25 une
569 811 308 39 construction
908 807 80 42 des
1015 807 101 52 plus
1145 805 154 46 hétéro-

167 874 151 50 gènes.
360 870 66 43 Eh
463 871 118 46 bien,
624 869 187 43 Gabriel
866 869 161 43 Voisin
1080 886 149 33 coupe
1286 867 40 42 la

167 936 155 40 sienne
357 950 82 33 par
475 931 208 43 tranches
717 931 59 42 de
810 931 177 51 largeur
1021 927 301 49 convenable,

169 1011 115 35 pose
323 994 202 42 chacune
566 992 157 43 d'elles
762 1010 73 24 sur
874 1009 88 25 une
1002 1009 241 34 remorque
1284 1001 43 31 et

168 1058 211 40 emmène
406 1056 41 41 le
475 1066 110 31 tout.
617 1054 164 43 Arrivé
809 1072 73 24 sur
908 1054 41 42 le
976 1057 164 39 terrain
1169 1051 153 49 choisi,

166 1118 30 42 il
230 1117 127 43 suffit
388 1117 58 42 de
482 1116 249 51 décharger
764 1133 74 25 ces
871 1116 216 42 fractions
1122 1116 58 41 de
1214 1117 83 42 mai-

167 1196 120 31 sons,
313 1181 99 49 puis
435 1178 58 42 de
516 1178 64 42 les
602 1181 148 39 réunir
772 1195 56 25 en
853 1178 166 42 faisant
1040 1195 59 25 un
1124 1188 99 30 tout
1245 1173 54 47 ho-

167 1243 198 49 mogène
398 1243 27 39 à
459 1240 137 41 l'aide
628 1239 59 42 de
719 1239 217 52 plusieurs
967 1238 212 47 boulons,
1216 1241 82 49 opé-

167 1305 149 40 ration
346 1301 201 42 achevée
578 1319 55 24 en
666 1300 244 52 quelquees
941 1300 171 43 heures.

235 1362 149 44 Votre
407 1362 256 43 habitation
684 1374 68 31 est
775 1365 218 40 terminée
1024 1380 9 23 :
1060 1361 64 43 les
1146 1363 181 51 papiers

169 1436 104 31 sont
301 1424 153 48 collés,
487 1424 63 43 les
579 1435 199 31 tentures
805 1423 194 48 clouées,
1030 1423 64 43 les
1122 1420 206 45 meubles

172 1504 56 25 en
264 1486 144 52 place,
447 1486 63 42 les
544 1489 219 39 armoires
812 1489 178 48 garnies
1025 1485 58 43 de
1118 1485 132 51 linge,
1289 1484 41 42 la

169 1548 193 42 batterie
402 1547 57 43 de
499 1550 166 40 cuisine
722 1550 128 48 prête
905 1549 27 39 à
988 1549 94 39 être
1137 1545 186 43 utilisée.

167 1609 296 51 L'opération
490 1609 61 41 du
575 1619 218 40 montage
818 1619 67 36 eçt
907 1609 42 41 la
974 1608 122 42 seule
1120 1624 88 35 que
1230 1606 28 43 Y
1263 1624 61 25 on

167 1674 63 39 ait
262 1670 222 43 effectuée
513 1688 74 24 sur
618 1669 143 52 place.
795 1669 122 43 Tout
946 1681 68 31 est
1044 1671 194 50 préparé
1272 1685 54 25 en

170 1732 169 47 atelier,
383 1731 43 43 la
466 1734 178 40 maison
685 1748 55 25 en
781 1734 108 39 trois
927 1734 167 48 parties
1132 1733 129 49 prête
1301 1733 26 38 à

169 1797 95 38 être
282 1792 196 45 habitée.

235 1855 75 42 On
341 1855 76 42 n'a
446 1872 62 34 pu
539 1855 181 42 obtenir
746 1871 54 25 ce
830 1854 186 42 résultat
1046 1854 135 51 qu'en
1212 1864 85 31 met-

168 1928 98 31 tant
290 1935 56 24 en
371 1933 157 26 œuvre
555 1916 80 42 des
660 1919 253 39 matériaux
938 1915 180 53 jusqu'à
1143 1917 184 50 présent

168 1982 25 38 à
220 1996 90 33 peu
334 1981 104 48 près
462 1977 286 52 inemployés
772 1977 115 43 dans
912 1977 42 42 le
976 1977 236 43 bâtiment.
1244 1976 84 44 Les

171 2042 153 49 parois
352 2042 272 39 extérieures
652 2051 44 31 et
724 2039 42 42 la
796 2042 163 39 toiture
989 2039 58 42 de
1072 2049 120 32 cette
1218 2042 84 38 mai-

171 2119 83 25 son
277 2112 104 31 sont
402 2119 56 23 en
480 2100 105 48 tôle,
611 2100 65 43 les
694 2103 153 49 parois
869 2103 260 39 intérieures
1150 2118 56 24 en
1228 2099 102 43 bois

169 2163 341 50 contreplaqué.
547 2162 93 42 Des
675 2162 131 42 tubes
840 2162 169 41 d'acier
1042 2166 161 47 jouent
1232 2159 95 46 leur

167 2223 97 43 rôle
295 2224 58 41 de
382 2224 286 42 colonnettes
699 2223 115 42 dans
842 2234 120 31 cette
992 2234 203 31 ossature
1224 2239 75 36 par-

170 2285 239 43 faitement
444 2285 154 51 rigide.
637 2284 61 43 Le
732 2296 241 40 parement
1004 2287 223 40 extérieur
1260 2295 69 31 est

168 2347 173 51 parfois
370 2350 110 40 orné
510 2347 59 42 de
599 2346 172 43 dessins
799 2346 195 43 obtenus
1021 2363 83 34 par
1131 2345 163 43 embou-

171 2411 177 49 tissage,
374 2408 174 51 parfois
571 2407 28 43 il
622 2419 67 31 est
712 2418 240 32 recouvert
975 2407 60 43 de
1059 2408 188 42 déchets
1270 2408 59 42 de

175 2469 116 52 liège
329 2472 74 49 qui
439 2469 224 43 adhèrent
699 2469 93 43 fort
826 2469 106 42 bien
968 2487 74 24 sur
1078 2469 41 42 la
1154 2469 178 42 surface

172 2531 102 42 lisse
306 2531 58 42 de
395 2530 43 43 la
471 2531 93 42 tôle
593 2534 27 39 à
651 2530 137 43 l'aide
821 2531 108 42 d'un
960 2533 151 39 vernis
1143 2533 88 40 très
1261 2534 45 39 ré-

172 2596 169 38 sistant.
386 2592 122 42 Tout
546 2603 73 31 cet
659 2591 236 43 ensemble
933 2610 26 24 a
1002 2590 229 44 d'ailleurs
1267 2607 62 26 un

171 2654 199 42 aimable
402 2665 157 39 aspect
592 2653 61 43 dû
685 2671 58 25 au
776 2653 142 42 talent
950 2653 80 42 des
1062 2653 266 43 architectes

1401 496 118 43 Noël
1547 507 45 31 et
1620 495 190 48 Patoux,
1841 498 74 49 qui
1945 506 82 32 ont
2053 512 50 25 su
2133 498 104 38 tirer
2263 511 60 25 un
2352 492 111 43 effet
2491 509 46 25 ar-

1406 561 179 48 tistique
1629 557 58 42 de
1730 560 252 39 matériaux
2022 574 88 33 que
2151 555 92 42 l'on
2289 557 196 49 méprise
2528 556 35 40 si

1401 619 363 51 profondément
1790 622 26 38 à
1842 618 273 43 l'ordinaire.

1469 680 85 42 Les
1586 680 348 51 reproductions
1983 683 75 48 qui
2107 679 285 52 complètent
2441 688 120 32 cette

1402 742 277 51 description
1704 753 232 31 montrent
1961 759 88 34 que
2071 752 118 31 cette
2213 740 104 44 idée
2341 738 220 54 originale

1401 804 118 42 n'est
1546 804 100 50 plus
1675 804 61 41 du
1763 804 215 42 domaine
2007 804 81 41 des
2116 806 129 39 rêves
2272 814 45 30 et
2343 806 27 38 à
2397 804 162 39 trouvé

1400 869 134 47 grâce
1561 868 26 38 à
1617 864 224 42 d'habiles
1868 865 279 46 architectes,
2178 881 89 25 une
2294 865 265 50 expression

1402 929 117 39 aussi
1546 929 230 48 artistique
1803 944 87 34 que
1917 930 219 49 pratique.

1472 1059 364 42 EXPOSITION
1944 1058 424 52 BRITANNIQUE
2475 1056 88 42 DU

1404 1121 134 43 BOIS
1563 1120 81 43 DE
1688 1120 475 43 CONSTRUCTION
2204 1120 79 42 EN
2319 1119 136 42 1920.

1404 1183 62 42 Le
1499 1182 303 52 Department
1833 1182 48 41 of
1913 1181 227 42 Overseas
2169 1180 153 42 Trade
2354 1182 209 49 organise

1402 1261 88 25 une
1520 1246 256 48 exposition
1808 1243 59 42 de
1896 1243 101 43 bois
2028 1242 59 42 de
2114 1244 311 40 construction
2455 1256 78 36 pro-

1402 1318 172 31 venant
1606 1305 80 42 des
1718 1305 142 42 forêts
1889 1304 301 51 britannique,
2226 1306 76 48 qui
2331 1320 111 25 aura
2473 1301 88 44 lieu

1403 1384 57 25 au
1491 1366 207 43 Holland
1731 1366 117 43 Park
1877 1365 190 51 Skating
2096 1364 121 43 Rink
2248 1364 60 43 de
2338 1362 220 49 Londres,

1404 1428 61 42 du
1494 1427 23 43 5
1546 1446 58 24 au
1637 1428 10 41 1
1668 1428 21 42 7
1719 1427 144 53 juillet
1894 1427 138 43 1920.
2061 1426 63 42 Le
2147 1426 84 43 but
2253 1424 223 53 principal
2502 1424 59 43 de

1404 1489 315 51 l'Expositiion
1743 1500 67 31 est
1832 1489 59 42 de
1914 1488 111 43 faire
2047 1491 238 39 connaître
2306 1505 90 24 aux
2418 1486 120 43 archi-

1404 1562 153 35 tectes,
1590 1568 89 24 aux
1708 1553 277 48 inspecteurs
2015 1549 241 48 forestiers,
2290 1566 90 25 aux
2410 1548 153 44 firmes

1407 1613 166 41 faisant
1608 1629 139 33 usage
1783 1611 58 42 de
1875 1611 104 42 bois
2015 1611 60 42 de
2108 1613 309 40 construction
2450 1611 113 41 ainsi

1405 1675 166 50 qu'aux
1597 1684 393 31 consommateurs
2018 1672 178 47 directs,
2227 1682 149 32 toutes
2404 1671 64 42 les
2496 1688 44 25 es-

1403 1738 135 49 pèces
1566 1735 57 41 de
1649 1735 103 41 bois
1778 1745 259 41 provenant
2063 1733 82 42 des
2171 1733 142 42 forêts
2339 1733 59 42 de
2425 1731 109 44 l'Em-

1403 1800 97 48 pire
1531 1797 287 51 britannique
1850 1807 45 30 et
1925 1795 327 51 spécialement
2283 1795 64 42 les
2377 1797 186 49 espèces

1405 1858 58 42 de
1492 1858 101 42 bois
1620 1860 75 49 qui
1721 1858 179 52 jusqu'à
1928 1860 184 48 présent
2139 1874 57 24 ne
2224 1868 105 30 sont
2356 1873 88 34 que
2472 1872 89 35 peu

1407 1936 201 25 connues
1664 1936 55 24 en
1776 1918 455 51 Grande-Bretagne.
2291 1917 67 44 En
2415 1920 150 39 même

1406 1992 162 40 temps,
1611 1980 317 52 l'Expositiion
1968 1980 293 42 démontrera
2301 1979 65 43 les
2404 1996 160 34 usages

1404 2045 266 48 principaux
1700 2041 218 52 auxquels
1946 2058 74 25 ces
2047 2041 102 42 bois
2176 2053 202 40 peuvent
2406 2043 153 39 servir.

1407 2104 311 51 L'exposition
1740 2103 308 52 comprendra
2078 2121 10 24 :

1473 2166 51 49 a)
1563 2165 80 41 des
1670 2167 256 49 spécimens
1952 2164 60 42 de
2037 2162 120 51 bois;

1471 2227 57 50 b)
1569 2226 82 43 des
1679 2225 178 44 articles
1887 2225 296 44 démontrant
2213 2226 63 41 les
2305 2243 160 34 usages
2497 2225 44 42 di-

1403 2305 102 25 vers
1531 2288 217 51 auxquels
1773 2286 64 44 les
1862 2287 102 43 bois
1990 2298 105 32 sont
2119 2290 284 49 appropriés,
2432 2286 108 42 c'est-

1405 2350 146 41 à-dire
1577 2349 81 41 des
1682 2349 253 51 planchers,
1964 2348 198 48 lambris,
2190 2348 220 47 escaliers,
2439 2364 92 26 meu-

1406 2410 111 47 bles,
1545 2422 45 31 et
1612 2411 177 41 articles
1816 2410 209 51 d'usages
2048 2421 210 36 courant;

1474 2472 49 50 c)
1570 2471 110 43 Pâte
1709 2472 58 41 de
1793 2472 113 41 bois.

1476 2533 119 42 Pour
1637 2544 102 31 tous
1778 2535 398 49 renseignements,
2222 2531 245 43 s'adresser
2508 2548 57 25 au

1406 2594 270 42 Secrétariat
1701 2593 305 43 Commercial
2034 2593 57 42 de
2117 2592 328 44 l'Ambassade
2472 2592 69 42 Bri-

1406 2659 228 46 tannique,
1668 2655 42 47 8,
1742 2672 78 25 rue
1850 2655 208 47 Belliard,
2090 2652 242 46 Bruxelles.
