2748 4145
311 3837 72 39 LA
409 3827 125 51 CITÉ

1334 3830 87 46 173

2173 3841 146 38 MARS
2349 3842 93 37 1920

282 351 475 51 REVUE
932 351 898 48 MENSUELLE
2005 353 462 49 BELGE

1060 450 175 91 LA
1347 427 340 117 CITÉ

546 593 393 49 URBANISME
1002 606 36 37 m
1101 592 531 51 ARCHITECTURE
1693 609 35 35 ®
1792 595 133 49 ART
1977 597 226 48 PUBLIC

887 690 968 76 RECONSTRUCTION

891 802 127 48 DES
1083 788 298 63 RÉGIONS
1451 790 404 64 DÉVASTÉES

270 971 38 44 V
311 977 18 22 e
362 954 269 61 ANNÉE

806 969 51 36 CE
882 960 174 45 NUMÉRO
1084 971 225 35 RENFERME
1328 972 19 33 2
1367 971 216 36 PLANCHES
1606 973 264 36 HORS-TEXTE

2049 958 334 61 NUMÉRO
2413 971 35 47 9

407 1389 96 80 Le
573 1388 168 80 rôle
809 1390 530 98 économique
1409 1398 76 73 et
1551 1393 250 78 social
1870 1391 144 82 des
2083 1393 256 81 Tours

496 1730 62 39 La
588 1744 22 25 «
637 1732 357 39 reconstruction
1019 1745 23 26 »
1072 1729 196 42 réclame
1291 1733 220 40 certaines
1536 1731 160 41 études
1719 1732 270 50 préalables,
2018 1743 57 37 et,
2102 1750 57 24 au
2183 1744 209 31 moment

363 1804 58 38 où
450 1801 94 41 Ton
572 1818 58 24 va
663 1801 159 42 devoir
852 1806 298 38 reconstruire
1180 1803 63 42 les
1274 1815 123 30 tours
1430 1804 79 42 des
1540 1804 159 51 églises
1731 1806 216 41 détruites
1976 1818 44 30 et
2049 1809 59 39 où
2140 1807 94 41 l'on
2264 1808 127 50 parle

361 1877 150 39 même
542 1875 58 40 de
629 1875 173 41 relever
831 1875 63 42 les
923 1875 189 43 beffrois
1141 1881 332 47 moyenâgeux,
1507 1882 44 47 je
1580 1882 117 38 crois
1727 1879 107 50 qu'il
1865 1891 66 31 est
1960 1880 107 42 utile
2100 1881 57 41 de
2187 1892 205 31 montrer

362 1949 353 41 succinctement
747 1949 102 50 quel
884 1949 95 41 rôle
1012 1967 73 23 ces
1117 1954 332 39 constructions
1482 1964 80 30 ont
1596 1969 53 25 eu
1684 1964 43 30 et
1763 1953 102 51 quel
1900 1954 95 41 rôle
2029 1954 109 41 elles
2169 1966 225 40 pourront

362 2023 129 39 avoir
518 2037 178 26 encore.

497 2106 65 41 En
593 2106 245 43 cherchant
867 2110 25 39 à
925 2108 199 51 dégager
1153 2126 73 24 ces
1258 2109 117 43 rôles
1407 2110 80 42 des
1519 2110 262 43 différentes
1811 2116 285 47 expressions
2126 2112 242 44 architectu-

363 2178 127 47 rales,
520 2197 59 23 on
605 2197 141 24 ouvre
771 2197 163 25 encore
957 2199 59 24 un
1041 2199 212 25 nouveau
1278 2183 131 51 foyer
1435 2184 58 41 de
1519 2184 186 43 lumière
1730 2189 25 38 à
1780 2203 114 24 ceux
1919 2189 88 48 qui,
2037 2187 197 47 demain,
2263 2187 104 42 rebâ-

364 2253 147 40 tiront.

496 2336 127 43 Dans
651 2349 130 31 notre
808 2357 180 33 aperçu,
1020 2358 114 24 nous
1162 2358 56 24 ne
1243 2342 297 42 considérons
1569 2343 63 42 les
1661 2356 123 29 tours
1812 2347 43 38 ni
1884 2363 57 23 au
1968 2348 131 48 point
2130 2345 57 42 de
2215 2362 88 25 vue
2333 2346 58 41 de

360 2409 10 40 1
393 2412 180 50 époque
597 2414 172 47 précise
793 2412 58 41 de
875 2412 94 43 leur
992 2418 321 45 construction,
1342 2418 44 39 ni
1409 2433 57 24 au
1492 2418 129 49 point
1646 2417 58 41 de
1726 2434 89 25 vue
1842 2418 58 41 de
1925 2418 94 42 leur
2043 2418 126 51 style.
2200 2419 189 42 Celui-ci

361 2493 66 31 est
447 2484 266 42 secondaire
736 2496 45 30 et
801 2503 27 24 n
851 2497 78 36 est,
955 2504 115 34 pour
1092 2505 51 24 ce
1165 2491 74 48 qui
1262 2507 114 24 nous
1397 2507 238 31 concerne,
1661 2491 138 51 qu'un
1822 2491 228 51 habillage
2073 2493 318 50 indépendant

361 2555 58 41 de
444 2556 10 40 1
477 2556 234 43 évolution
740 2558 57 41 de
824 2559 41 41 la
892 2577 147 25 masse
1064 2563 284 47 structurale;
1377 2566 112 38 mais
1515 2582 114 23 nous
1656 2564 296 43 considérons
1978 2566 173 42 celle-ci
2176 2585 56 23 au
2258 2570 132 49 point

362 2627 57 42 de
441 2646 87 24 vue
551 2630 60 42 du
633 2631 96 41 rôle
750 2633 137 41 social
912 2644 43 31 et
978 2636 301 50 économique
1303 2636 163 50 qu'elle
1489 2655 26 23 a
1539 2637 173 51 rempli.

498 2891 84 42 Les
614 2903 123 30 tours
771 2904 80 29 ont
884 2895 71 39 été
987 2897 267 38 construites
1287 2911 117 33 pour
1437 2893 151 42 élever
1621 2905 44 30 et
1696 2894 167 41 abriter
1896 2893 64 42 les
1992 2893 181 42 cloches
2207 2895 58 40 de
2298 2894 92 42 fort

361 2964 185 41 volume
576 2965 281 51 lorsqu'elles
887 2966 132 42 firent
1048 2966 95 42 leur
1171 2970 273 47 apparition.
1477 2967 82 42 Sur
1585 2977 118 31 cette
1732 2969 149 40 raison
1913 2967 144 42 d'être
2085 2979 106 31 sont
2220 2984 169 26 venues

362 3053 19 24 s
400 3054 55 24 en
485 3038 167 50 greffer
681 3038 200 42 d'autres
910 3042 74 48 qui
1014 3051 81 30 ont
1125 3041 274 41 transformé
1430 3041 63 42 les
1521 3058 169 25 masses
1722 3041 57 42 de
1810 3041 194 42 l'édifice
2042 3060 9 23 :
2084 3041 108 42 elles
2221 3045 169 39 étaient

364 3109 29 41 d
415 3111 135 41 ordre
579 3112 137 41 social
746 3124 45 31 et
822 3112 186 42 d'ordre
1039 3116 314 49 économique.

496 3204 122 42 C'est
645 3220 88 25 une
762 3204 218 41 nécessité
1009 3201 212 52 générale
1250 3212 44 31 et
1325 3201 267 42 dominante
1622 3203 87 48 qui,
1741 3201 26 40 à
1795 3201 198 40 certaine
2023 3202 194 48 époque,
2249 3218 26 23 a
2306 3199 84 42 fait

361 3293 250 34 converger
637 3277 62 41 les
727 3279 285 49 expressions
1038 3274 365 43 architecturales
1437 3292 8 23 :
1476 3274 62 41 les
1566 3274 213 51 donjons,
1807 3272 63 42 les
1895 3272 203 43 clochers
2125 3285 44 30 et
2195 3273 63 42 les
2285 3272 79 43 bef-

362 3349 122 47 frois,
513 3366 101 25 vers
642 3350 79 41 des
749 3350 220 41 éléments
997 3359 283 32 structuraux
1307 3351 25 38 à
1360 3365 90 34 peu
1478 3351 103 48 près
1609 3347 266 51 identiques.
1908 3346 87 43 Ces
2023 3349 109 40 trois
2158 3358 144 31 sortes
2331 3347 58 42 de

362 3433 135 36 tours,
531 3423 179 42 d'accès
738 3422 187 43 difficile
953 3434 44 31 et
1025 3425 174 39 munies
1228 3422 385 51 d'échauguettes,
1645 3432 103 30 sont
1778 3420 230 42 devenues
2035 3438 60 24 un
2122 3431 106 40 guet
2257 3431 45 32 et
2329 3438 60 24 un

362 3495 178 42 dernier
574 3497 157 50 refuge
767 3497 114 41 dans
915 3495 63 43 les
1012 3495 388 52 agglomérations
1434 3495 210 42 urbaines
1680 3497 249 39 naissantes
1964 3505 45 32 et
2045 3505 81 32 ont
2160 3497 168 49 permis
2362 3497 28 39 à

361 3568 194 42 celles-ci
583 3570 57 40 de
666 3573 202 39 survivre
893 3580 44 32 et
964 3569 57 43 de
1047 3586 47 25 se
1120 3568 296 52 développer.
