2748 4145
1313 3760 107 96 196

264 3798 70 38 LA
386 3796 126 39 CITE

2133 3796 147 38 MARS
2337 3797 90 37 1920

623 282 1301 47 BIBLIOGRAPHIE

570 513 329 63 Revues

221 633 71 42 LE
331 632 295 43 BULLETIN
665 633 284 44 MENSUEL
986 635 80 43 DE
1101 635 82 43 LA
1216 635 64 43 SO-

151 693 173 43 CIETE
380 693 328 43 CENTRALE
764 693 547 46 D'ARCHITECTURE

153 755 80 42 DE
272 755 310 51 BELGIQUE
620 773 25 24 a
687 757 82 42 fait
807 773 119 34 peau
962 775 148 24 neuve
1150 759 161 50 depuis

151 821 175 48 janvier
356 829 44 30 et
430 821 149 47 paraît
609 835 104 24 sous
743 818 63 41 les
836 818 206 43 couleurs
1071 831 151 30 vertes
1250 820 59 41 de

151 879 10 42 1
184 882 258 47 espérance.
473 879 216 42 Serait-ce
717 896 59 26 un
804 884 289 38 renouveau?
1128 881 126 43 Nous
1281 898 29 33 y

151 941 343 51 applaudirions
523 940 263 43 volontiers.

218 1002 241 51 Signalons
490 1002 114 42 dans
635 1002 40 41 le
705 1005 191 42 numéro
928 1003 58 41 de
1016 1006 176 48 janvier
1222 1021 87 25 une

151 1063 400 51 correspondance
589 1063 230 51 échangée
856 1082 57 23 au
950 1068 118 47 sujet
1107 1065 61 42 du
1206 1082 78 33 pro-

150 1124 153 42 blème
336 1124 198 51 d'Ypres
584 1136 125 31 entre
760 1125 115 42 MM.
913 1124 303 43 Rosenboom
1265 1137 44 30 et

151 1185 237 52 Dhuicque
416 1187 114 40 dans
557 1186 194 51 laquelle
776 1187 176 41 celui-ci
979 1187 82 42 fait
1087 1188 222 41 entendre

151 1265 87 24 une
272 1251 277 38 émouvante
582 1251 302 47 protestation
917 1260 156 30 contre
1109 1249 62 41 les
1204 1266 78 34 pro-

155 1313 86 47 jets
286 1309 60 41 de
386 1312 369 38 reconstruction.
805 1309 61 41 Le
911 1313 190 38 numéro
1149 1310 161 42 d'avril

154 1370 153 41 donne
338 1369 240 48 d'ailleurs,
612 1371 61 40 du
701 1374 163 43 même,
894 1385 60 27 un
983 1374 170 47 exposé
1181 1388 96 24 com-

153 1431 95 51 plet
290 1432 56 40 de
388 1431 42 41 la
471 1435 221 47 question.
736 1432 74 42 On
853 1444 212 30 trouvera
1106 1433 114 41 dans
1260 1449 51 25 ce

152 1496 151 38 même
341 1496 190 38 numéro
569 1510 88 24 une
712 1496 295 39 intéressante
1059 1494 139 41 étude
1253 1494 57 40 de

150 1554 62 41 M.
245 1554 205 42 Puissant
475 1572 73 23 sur
576 1554 62 41 les
665 1557 263 39 matériaux.

221 1686 71 42 LE
325 1686 296 43 BULLETIN
654 1686 80 43 DE
767 1687 265 42 L'OFFICE
1065 1687 113 43 DES
1209 1688 68 41 RE-

151 1747 185 43 GIONS
360 1747 358 43 DEVASTEES
743 1760 80 35 est,
851 1766 181 24 comme
1058 1767 59 24 on
1144 1749 41 42 le
1209 1753 97 44 sait,

150 1824 88 27 une
262 1827 157 24 source
442 1813 231 47 précieuse
699 1809 347 43 d'information
1068 1829 117 33 pour
1209 1822 101 30 tous

150 1888 113 24 ceux
286 1874 74 47 qui
383 1882 103 31 sont
509 1871 142 42 mêlés
672 1874 26 38 à
722 1871 42 43 la
788 1875 259 47 réparation
1073 1872 80 42 des
1177 1872 96 42 dom-

152 1949 156 34 mages
334 1932 59 41 de
416 1949 172 34 guerre.

221 1993 62 41 Le
310 1993 210 42 fascicule
549 1994 33 42 II
617 1994 190 50 (février
842 1994 148 50 1920)
1028 1995 155 41 donne
1210 2006 100 30 tous

154 2055 62 41 les
284 2055 160 41 détails
510 2067 277 30 concernant
837 2055 40 41 le
928 2072 211 25 nouveau
1206 2073 78 33 pro-

152 2133 205 33 gramme
406 2116 57 41 de
529 2120 355 37 reconstruction
934 2117 59 41 du
1058 2134 224 34 gouverne-

152 2189 126 30 ment
311 2196 7 22 :
345 2177 378 43 Reconstruction
747 2195 83 33 par
854 2176 137 44 l'Etat
1017 2178 80 41 des
1120 2180 157 40 immeu-

151 2239 99 41 bles
283 2242 150 48 privés
467 2239 332 51 endommagés
832 2252 45 30 et
911 2239 188 42 détruits
1131 2256 82 34 par
1247 2239 63 42 les

152 2300 104 42 faits
279 2300 57 42 de
358 2300 42 41 la
424 2317 170 33 guerre.

220 2361 62 42 Le
317 2361 210 42 fascicule
562 2361 52 43 111
652 2361 81 43 fait
767 2364 237 39 connaître
1038 2361 62 42 les
1136 2361 144 42 dimen-

151 2426 122 39 sions
308 2423 57 41 de
397 2422 208 43 modèles
638 2422 58 42 de
728 2434 154 39 portes
915 2434 44 31 et
992 2423 197 41 fenêtres
1222 2438 86 35 que

153 2484 185 42 l'Office
379 2484 82 42 des
499 2486 180 49 régions
737 2484 239 42 dévastées
1033 2495 164 31 mettra
1253 2500 56 24 en

152 2557 137 30 vente
331 2545 114 42 dans
487 2545 64 42 les
592 2548 227 48 magasins
859 2563 320 24 communaux.
1226 2545 84 41 Les

151 2606 265 42 architectes
443 2618 104 31 sont
575 2610 162 38 invités
766 2610 27 38 à
822 2624 56 24 en
908 2609 183 48 prévoir
1120 2606 184 50 l'usage.

151 2668 114 41 L'on
316 2679 211 30 trouvera
577 2667 114 42 dans
739 2667 42 42 la
828 2671 150 38 même
1026 2668 282 51 publication

151 2747 87 24 une
267 2740 123 31 carte
419 2729 58 42 de
506 2729 41 41 la
576 2728 197 43 Flandre
801 2729 239 51 indiquant
1068 2740 148 31 toutes
1246 2728 63 43 les

151 2808 267 24 communes
442 2790 225 51 adoptées
691 2801 43 31 et
758 2790 64 42 les
845 2801 188 31 ressorts
1058 2791 81 41 des
1160 2789 150 43 Hauts

155 2852 345 41 Commissaires
542 2851 207 51 Royaux.
795 2851 261 44 Document
1098 2853 213 49 précieux

151 2931 117 34 pour
299 2930 114 25 ceux
445 2916 73 49 qui
551 2913 189 42 doivent
771 2916 196 49 pouvoir
999 2923 184 32 trouver
1214 2912 96 42 leur

151 2975 180 42 chemin
368 2975 114 42 dans
517 2974 40 42 le
593 2973 166 43 dédale
797 2973 80 43 des
913 2974 216 43 divisions
1164 2973 116 43 admi-

152 3039 268 39 nistratives.

223 3162 24 26 «
284 3145 81 44 DE
399 3144 334 44 BOUWGIDS
767 3160 24 26 »
830 3162 216 25 consacre
1080 3145 114 42 dans
1225 3161 83 25 son

151 3210 192 41 numéro
374 3206 59 42 de
463 3206 167 43 février
658 3224 60 24 un
748 3206 157 42 article
932 3206 62 42 dû
1022 3209 28 40 à
1080 3206 42 42 la
1153 3205 156 52 plume

152 3268 250 43 d'Edward
432 3267 213 43 Léonard
672 3285 58 25 au
758 3267 275 43 Monument
1062 3267 135 42 édifié
1226 3284 85 34 par

151 3330 65 42 les
248 3332 197 40 internés
477 3329 157 51 belges
668 3346 56 26 en
759 3328 236 43 Hollande
1030 3328 183 52 d'après
1246 3328 64 42 les

152 3392 132 51 plans
337 3391 60 42 de
449 3390 276 43 l'architecte
781 3389 138 43 Huib.
976 3389 160 43 Hoste.
1196 3389 30 42 Il
1282 3406 29 34 y

152 3464 196 40 apporte
405 3452 41 42 le
504 3455 293 48 témoignage
853 3451 325 42 d'admiration
1253 3451 58 41 de

153 3517 143 39 maint
337 3517 196 39 écrivain
576 3513 258 43 hollandais
876 3530 116 35 pour
1032 3524 120 31 cette
1190 3511 120 44 belle

151 3593 156 23 œuvre
332 3575 120 41 d'art
476 3575 236 41 moderne.

1458 503 62 42 Le
1551 507 191 40 numéro
1777 504 58 42 de
1867 521 121 26 mars
2019 523 114 24 nous
2166 505 130 42 laisse
2326 509 102 40 voir
2458 523 87 26 une

1389 567 113 39 série
1537 568 297 40 intéressante
1870 566 339 42 d'illustrations
2243 570 210 40 extraites
2489 568 56 42 de

1389 624 266 44 l'Annuaire
1685 627 58 42 de
1771 627 322 43 l'Association
2123 628 314 42 néerlandaise
2466 629 79 41 des

1389 690 181 39 métiers
1592 688 136 48 d'art;
1753 688 155 42 donne
1929 707 59 24 un
2010 693 327 38 commentaire
2360 691 60 41 du
2442 707 78 34 pro-

1387 752 65 48 jet
1478 752 144 47 primé
1648 767 56 24 au
1730 767 221 25 concours
1977 768 117 33 pour
2120 751 42 41 la
2188 754 356 40 reconstruction

1387 810 61 42 du
1473 822 153 30 centre
1651 811 59 42 de
1732 810 162 43 Lierre.

1823 1066 285 62 Livres

1460 1239 22 25 «
1517 1222 289 43 L'EDIFICE
1836 1222 76 43 ET
1943 1223 72 43 LE
2046 1223 208 43 MILIEU
2287 1241 41 31 »,
2363 1225 41 41 le
2434 1224 109 43 livre

1389 1284 57 42 de
1479 1284 61 42 M.
1578 1284 222 51 Adolphe
1832 1284 216 42 Dervaux
2081 1285 162 51 auquel
2278 1303 59 25 un
2372 1286 58 41 de
2460 1303 83 25 nos

1388 1345 336 42 collaborateur
1768 1362 215 25 consacre
2031 1347 114 41 dans
2189 1364 51 24 ce
2286 1350 150 38 même
2465 1364 50 25 nu-

1388 1410 127 38 méro
1552 1425 59 23 un
1647 1407 167 51 article,
1854 1419 66 30 est
1956 1407 40 42 le
2031 1411 196 47 premier
2262 1408 186 42 volume
2486 1409 57 41 de

1390 1468 41 42 la
1470 1468 241 42 collection
1755 1485 22 25 «
1818 1468 275 42 Urbanisme
2131 1485 22 25 »
2197 1472 74 49 qui
2308 1487 48 24 se
2390 1469 153 51 publie

1387 1547 104 24 sous
1517 1529 42 42 la
1588 1530 220 41 direction
1837 1530 56 41 de
1920 1530 62 42 M.
2013 1530 125 43 Léon
2164 1530 263 43 Rosenthal.
2458 1531 85 42 Les

1387 1590 208 42 volumes
1631 1591 58 41 de
1723 1602 118 31 cette
1876 1591 241 43 collection
2153 1592 255 43 formeront
2442 1592 76 52 plu-

1388 1655 136 38 sieurs
1559 1655 134 39 séries
1737 1670 8 23 :
1785 1656 110 38 série
1932 1652 255 52 théorique;
2226 1656 112 39 série
2375 1653 144 42 techni-

1388 1731 106 33 que;
1528 1716 113 39 série
1672 1717 226 47 pratique;
1931 1717 111 39 série
2074 1714 212 51 hygiène;
2319 1717 113 39 série
2464 1715 79 42 des

1388 1775 293 41 réalisations.
1714 1775 73 41 On
1817 1792 114 25 nous
1960 1792 208 25 annonce
2198 1776 80 42 dès
2305 1780 28 37 à
2361 1779 182 48 présent

1388 1854 86 23 une
1502 1837 137 41 étude
1668 1837 58 40 de
1754 1837 61 41 M.
1848 1836 187 42 Charles
2062 1837 120 42 Brun
2210 1855 72 23 sur
2310 1837 41 42 le
2376 1837 139 51 Régio-

1389 1898 208 47 nalisme;
1655 1915 59 24 un
1754 1900 107 39 écrit
1900 1898 57 41 de
2014 1898 204 51 Jaussely
2253 1916 73 24 sur
2365 1898 178 42 l'Etude

1389 1959 109 41 d'un
1526 1959 107 50 plan
1665 1959 57 41 de
1751 1959 124 47 ville;
1910 1959 384 42 d'Abercrombie
2324 1978 72 23 sur
2426 1959 93 42 l'Ur-

1387 2020 206 41 banisme
1648 2037 55 25 en
1759 2020 269 51 Angleterre
2084 2032 44 30 et
2182 2021 105 42 bien
2345 2021 198 41 d'autres

1388 2082 159 41 études
1569 2084 329 39 intéressantes.

1453 2214 268 42 AGENDA
1754 2214 86 42 DU
1873 2214 203 42 BETON
2108 2215 192 47 ARME,
2345 2215 136 47 1920,
2516 2218 26 38 à

1386 2276 168 50 l'usage
1588 2276 80 41 des
1700 2279 267 47 ingénieurs,
2001 2276 277 47 architectes,
2314 2288 203 30 construc-

1387 2349 132 36 teurs,
1574 2349 357 39 entrepreneurs,
1988 2349 99 36 etc.,
2126 2356 83 33 par
2261 2338 59 42 V.
2356 2338 186 51 Muzak,

1386 2401 232 49 ingénieur
1648 2399 80 41 des
1759 2398 139 42 Ponts
1926 2410 45 31 et
1999 2398 263 43 Chaussées.
2296 2399 243 47 Bruxelles,

1385 2477 78 25 rue
1488 2460 57 41 de
1570 2460 40 41 la
1635 2460 94 47 Loi,
1761 2460 73 42 50.
1960 2460 53 42 18
2041 2460 162 42 francs.

1453 2521 85 42 Cet
1562 2521 180 51 agenda
1769 2532 78 36 est,
1875 2539 55 25 en
1957 2521 93 48 fait,
2079 2540 59 23 un
2166 2522 261 42 formulaire
2453 2525 89 38 très

1385 2582 202 51 complet
1617 2594 44 30 et
1690 2585 88 39 très
1807 2585 211 49 précieux
2048 2600 116 34 pour
2194 2594 102 31 tous
2323 2601 114 23 ceux
2466 2586 76 48 qui

1386 2655 80 30 ont
1491 2646 26 38 à
1542 2645 234 50 s'occuper
1802 2644 61 41 du
1888 2644 142 42 béton
2056 2647 126 39 armé
2207 2655 44 31 et
2276 2662 83 33 par
2383 2648 132 38 consé-

1385 2716 139 40 quent
1546 2723 117 33 pour
1686 2706 42 41 la
1752 2705 184 52 plupart
1960 2705 79 44 des
2062 2705 277 42 architectes.
2368 2705 170 47 Certes,

1385 2766 106 42 bien
1526 2766 175 43 d'entre
1733 2784 86 24 eux
1852 2766 319 51 s'effrayeront
2203 2770 27 38 à
2263 2767 42 42 la
2338 2784 89 24 vue
2462 2767 80 42 des

1387 2827 217 42 formules
1639 2828 141 51 qu'on
1813 2845 29 34 y
1875 2839 173 31 trouve.
2086 2828 211 43 L'auteur
2331 2828 107 42 s'est
2471 2846 48 23 ce-

1387 2889 205 51 pendant
1624 2892 177 48 imposé
1834 2889 42 42 la
1910 2889 131 42 tâche
2074 2889 187 42 difficile
2293 2889 155 52 quand
2483 2907 60 24 on

1387 2952 129 40 traite
1539 2951 58 41 de
1618 2968 74 24 ces
1714 2953 224 45 matières,
1965 2951 58 41 de
2045 2968 48 24 se
2114 2961 162 32 mettre
2297 2968 59 24 au
2376 2953 166 39 niveau

1388 3012 58 41 de
1479 3028 114 25 ceux
1626 3015 75 48 qui
1734 3012 131 42 n'ont
1896 3029 82 35 pas
2013 3012 82 43 fait
2130 3012 211 42 d'études
2373 3029 141 34 appro-

1387 3072 180 43 fondies
1597 3090 55 25 en
1682 3072 393 53 mathématiques.
2110 3072 84 43 Les
2224 3072 245 43 méthodes
2497 3084 46 30 et

1387 3134 63 42 les
1484 3134 231 51 exemples
1766 3134 164 43 choisis
1964 3145 201 40 peuvent
2215 3137 94 40 être

1387 3195 59 42 de
1478 3206 101 32 tous
1610 3213 114 25 ceux
1755 3199 74 48 qui
1861 3195 251 53 possèdent
2144 3196 80 42 des
2256 3199 183 39 notions
2469 3213 49 24 so-

1385 3257 114 42 lides
1525 3257 58 42 de
1609 3257 42 42 la
1677 3260 308 40 construction
2009 3274 58 25 en
2091 3257 197 51 général.

1453 3318 74 41 On
1561 3329 162 32 trouve
1756 3319 58 41 de
1846 3318 99 52 plus
1977 3319 114 41 dans
2122 3330 71 31 cet
2223 3318 180 51 agenda
2435 3317 105 43 bien

1388 3380 82 42 des
1507 3380 213 42 tableaux
1759 3391 44 31 et
1842 3380 204 42 données
2085 3380 192 42 d'utilité
2314 3378 224 53 générale.

1385 3440 125 43 C'est
1538 3459 59 24 un
1627 3441 111 42 livre
1768 3443 213 49 précieux
2009 3458 117 35 pour
2155 3440 43 43 la
2227 3439 314 52 bibliothèque

1387 3502 61 42 du
1472 3513 323 32 constructeur
