3482 4396
1666 197 105 50 267

164 334 149 50 stärke
342 334 258 50 scbattiren.
695 337 171 48 Ferner
894 337 282 49 sämmtliche
1312 338 42 47 in
1387 336 80 49 der
1495 337 187 48 zweiten

167 411 196 64 Episode
395 408 62 67 (S.
490 409 69 51 36
591 409 94 66 ff.):

283 753 87 45 Am
402 751 417 47 einleuchtendsten
858 753 113 47 wird
1014 751 70 50 die
1113 754 146 48 Sache
1301 754 44 48 in
1376 757 141 48 weich
1548 758 111 48 melo-

169 826 182 49 dischen
381 828 158 47 Sätzen
583 828 43 47 in
663 826 85 49 den
779 828 243 64 Adagio's;
1068 845 130 32 wenn
1242 849 34 29 z.
1306 833 49 47 B.
1398 831 61 49 im
1499 833 187 49 zweiten

167 904 158 49 Gliede
363 904 79 48 des
471 905 213 48 Thema's
725 920 100 32 vom
870 908 359 48 Trauermarsch
1272 908 81 49 der
1609 910 78 48 das

166 988 118 40 erste
316 981 165 47 Viertel
511 980 78 50 des
617 980 204 50 sechsten
847 983 161 48 Tactes
1037 984 81 47 mit
1337 985 259 50 bezeichnet
1618 988 69 56 ist,

166 1059 80 48 das
262 1058 153 49 Ganze
438 1059 113 48 aber
572 1075 157 32 ausser
751 1061 103 46 dem
1585 1077 69 50 pp
960 1060 115 48 noch
1107 1061 193 50 obenein
1331 1064 80 47 mit

166 1151 50 32 so
259 1134 111 48 wird
420 1151 46 32 es
506 1135 115 48 doch
663 1135 120 47 wohl
828 1135 176 48 keinem
1049 1138 246 49 Menschen
1336 1139 223 57 einfallen,
1602 1140 85 48 den

169 1212 157 47 Druck
356 1211 83 48 auf
462 1228 52 31 as
541 1212 43 47 in
614 1211 131 47 einen
774 1212 240 49 Aufschrei
1044 1231 52 30 zu
1125 1215 306 58 verwandeln,
1466 1234 221 47 wogegen

169 1290 69 46 ein
268 1289 179 47 solcher
487 1290 59 46 im
585 1289 240 48 vorletzten
857 1291 113 46 Tact
1011 1306 71 32 am
1115 1292 209 49 Schlüsse
1355 1291 77 50 des
1458 1294 231 48 Marsches

170 1366 71 48 bei
283 1365 236 48 derselben
565 1366 317 65 Bezeichnung
1689 1383 7 31 s
1009 1367 43 49 in
1096 1369 85 48 den
1225 1371 465 48 Blas-Instrumenten

167 1460 113 48 ganz
309 1459 58 32 an
395 1442 147 49 seiner
571 1444 137 47 Stelle
736 1442 70 60 ist,
849 1445 87 48 wie
965 1444 79 49 das
1074 1446 130 64 forte
1244 1447 59 49 im
1337 1447 324 65 Geigen-Quar-

167 1527 82 42 tett
278 1520 129 65 zeigt.

287 1597 96 47 Der
411 1595 329 49 Accentuation
783 1597 268 66 gegenüber
1091 1599 96 48 tritt
1228 1597 70 50 bei
1328 1600 257 49 Beethoven
1628 1602 63 47 als

170 1689 156 42 neues,
356 1673 274 64 wenigstens
657 1673 44 47 in
732 1672 82 50 der
843 1675 334 64 Ausdehnung,
1210 1676 170 48 welche
1409 1695 50 31 er
1487 1679 92 48 ihm
1611 1695 52 48 ge-

170 1751 166 65 geben,
378 1766 79 32 vor
497 1751 93 47 ihm
635 1750 115 48 noch
790 1751 124 49 nicht
942 1752 324 64 angewandtes
1294 1755 143 48 Mittel
1468 1755 76 48 des
1572 1757 89 46 Aus-

171 1827 165 50 drucks
365 1827 71 48 die
464 1827 472 67 Nichtbetonung
976 1831 92 56 auf,
1111 1830 81 48 der
1224 1832 180 65 Mangel
1435 1850 56 32 an
1521 1833 173 49 Accent

171 1906 93 47 und
307 1905 114 48 auch
466 1922 56 31 an
558 1905 224 64 jeglicher
817 1907 295 66 Schattirung
1141 1907 141 50 durch
1320 1908 232 66 steigende
1582 1910 111 48 oder

171 1981 320 49 abnehmende
519 1982 268 48 Tonstärke.
843 1985 61 47 Es
952 1983 141 49 findet
1140 1985 121 48 diese
1310 1985 383 64 eigenthümliche

170 2063 86 45 Art
284 2058 78 49 des
387 2060 248 63 Vortrages
663 2076 86 31 nur
778 2060 57 48 im
1554 2058 142 70 piano
1027 2061 90 48 und
1132 2060 273 68 pianissimo
1427 2063 133 59 Statt,
1585 2065 78 47 wel-

172 2137 104 48 ches
306 2136 119 48 dann
468 2137 286 64 gewöhnlich
786 2140 114 47 noch
933 2138 141 49 durch
1107 2138 78 50 das
1214 2147 275 57 vorgesetzte
1517 2156 177 52 sempre

171 2213 197 65 (immer)
400 2214 78 47 mit
506 2216 126 47 einer
655 2214 376 65 Warnungstafel
1056 2217 214 47 versehen
1303 2218 67 47 ist.
1402 2218 84 47 Die
1510 2220 150 63 Haupt-

170 2291 136 47 sache
349 2289 118 47 beim
500 2291 227 62 Vortrage
768 2292 176 48 solcher
972 2293 169 46 Stellen
1183 2293 55 47 ist
1280 2293 71 47 die
1380 2294 314 65 Vermeidung

172 2367 77 47 des
280 2366 275 58 Crescendo,
585 2366 116 48 auch
732 2367 121 48 eines
884 2368 135 47 kaum
1052 2367 294 51 merklichen.

284 2444 66 47 Im
383 2451 147 40 ersten
562 2444 130 47 Satze
720 2443 81 50 der
830 2442 175 52 Eroica
1033 2446 97 64 gibt
1171 2463 45 32 es
1256 2465 86 29 nur
1369 2447 109 48 zwei
1508 2448 186 59 Stellen,

172 2521 172 48 welche
373 2521 85 48 den
490 2521 228 48 durchaus
746 2522 392 66 gleichmässigen,
1181 2541 103 30 man
1323 2526 180 48 möchte
1531 2541 163 48 sagen:

171 2598 370 65 gleichgültigen,
588 2599 196 64 Vortrag
824 2602 263 62 verlangen,
1136 2609 172 40 erstens
1356 2602 71 48 die
1474 2602 219 49 achtzehn

172 2677 139 47 Tacte
353 2692 71 30 am
457 2675 211 47 Schlüsse
710 2675 80 49 der
819 2677 369 65 Durchführung
1230 2678 59 47 im
1320 2679 186 49 zweiten
1536 2679 158 49 Theile

172 2750 60 65 (S.
265 2753 70 48 46
369 2752 90 48 und
491 2752 107 64 47),
628 2753 89 47 und
748 2754 209 47 zweitens
984 2754 71 48 die
1083 2754 241 50 sechszehn
1357 2758 140 47 Tacte
1529 2754 59 66 (S.
1623 2755 67 50 65

172 2830 66 49 bis
262 2829 107 66 68),
401 2847 71 30 wo
496 2830 114 47 nach
635 2829 100 48 dem
755 2828 258 66 fortissimo
1041 2830 80 50 der
1148 2833 108 47 zwei
1282 2841 146 40 ersten
1455 2834 138 47 Tacte
1616 2833 78 48 des

171 2909 213 47 Thema's
414 2908 42 48 in
821 2907 150 50 C-dur
677 2908 71 48 die
788 2909 158 48 zweite
976 2909 174 50 Violine
1179 2909 206 50 dasselbe
1421 2912 58 47 im

169 2983 111 51 simo
308 2985 184 49 einsetzt
519 2984 67 48 bis
614 3002 79 30 zur
724 2985 312 49 Wiederkehr
1064 2987 80 48 der
1174 2987 196 64 Episode
1400 2988 41 47 in
1472 2987 182 49 F-moll.

288 3064 220 64 Dagegen
538 3062 145 48 liefert
711 3062 77 49 das
817 3064 242 48 Scherzo
1101 3064 122 48 eines
1252 3064 79 48 der
1361 3065 303 64 merkwürdig-

169 3148 95 42 sten
294 3142 222 64 Beispiele
546 3139 80 50 der
655 3142 282 48 accentlosen
967 3142 93 48 und
1089 3143 328 48 unschattirten
1450 3143 218 63 Vortrags-

171 3219 135 48 weise
346 3219 106 48 sehr
492 3219 159 64 langer
680 3218 224 48 Perioden
942 3219 60 48 im
1040 3219 325 48 andauernden
1384 3217 161 69 piano.
1604 3222 91 47 Das

182 3294 194 70 Sempre
635 3293 148 70 pianissimo
784 3295 125 49 und
1515 3294 181 52 Staccat
1096 3298 91 47 hält
1230 3298 95 47 hier
1366 3297 213 49 zunächst
1624 3298 63 48 91

171 3374 158 55 Tacte,
358 3373 119 48 dann
510 3371 69 50 28
612 3374 139 47 Tacte
782 3373 93 48 und
913 3373 70 48 bei
1012 3374 82 47 der
1125 3373 371 66 Wiederholung
1526 3373 170 48 wieder

172 3450 71 48 94
274 3451 140 46 Tacte
444 3450 80 47 an!
580 3451 39 46 D
627 3465 67 32 ass
734 3449 71 48 die
848 3450 127 48 darin
1017 3450 386 48 vorkommenden
1446 3451 248 49 markirten

172 3526 165 50 halben
368 3528 147 48 Noten
547 3526 62 65 (S.
647 3526 103 50 128
784 3545 41 31 u.
856 3544 34 32 s.
920 3525 99 66 w.):

172 3888 85 30 nur
286 3870 81 47 mit
395 3870 146 47 einem
573 3870 135 47 leisen
741 3869 156 48 Druck
927 3878 229 56 angesetzt
1186 3869 181 48 werden
1397 3869 179 58 dürfen,
1617 3870 80 48 der

170 3946 197 65 sogleich
413 3946 115 47 noch
567 3947 41 46 in
650 3946 262 48 demselben
954 3949 138 47 Tacte
1133 3947 168 49 wieder
1340 3964 100 30 zum
1490 3949 203 47 tonlosen

160 4024 149 67 piano
352 4024 281 58 herabsinkt,
677 4025 197 48 versteht
916 4025 90 47 sich
1045 4025 117 49 nach
1191 4025 101 48 dem
1323 4025 117 48 oben
1472 4024 116 49 über
1617 4025 79 49 das

183 4101 76 64 sfz
273 4101 57 47 im
530 4099 74 68 piano
605 4101 153 64 Gesagten
789 4118 82 33 von
902 4102 151 49 selbst.
1085 4104 85 48 Die
1194 4102 212 66 Neigung
1435 4119 101 32 zum
1562 4104 104 48 Cres-

1758 336 142 49 cendo
1942 337 42 47 in
2028 336 149 49 diesen
2220 338 161 64 langen
2422 338 220 48 Perioden
2686 339 52 47 ist
2780 339 64 49 bis
2879 357 50 31 zu
2961 341 100 48 dem
3104 344 158 46 letzten

1759 414 139 47 Tacte
1928 430 76 30 vor
2033 413 99 48 dem
2437 412 228 65 fortissimo
2666 416 155 48 unnachsichtlich
2839 435 49 29 zu
2914 417 348 48 unterdrücken.

1760 491 85 47 Am
1877 489 338 64 schwierigsten
2257 492 53 47 ist
2352 491 109 55 dies,
2505 491 82 48 wie
2630 491 70 48 die
2731 493 256 65 Erfahrung
3029 494 62 49 oft
3133 494 130 64 zeigt,

1760 565 91 50 bei
1882 565 101 49 der
2022 567 277 47 mittleren
2329 567 183 48 Stelle
2540 583 102 32 von
2675 567 67 48 28
2775 571 211 47 Tacten
3016 571 113 48 nach
3160 569 102 50 dem

1759 642 141 49 durch
1932 643 71 48 die
2031 643 157 48 Stufen
2219 644 76 47 des
2323 643 481 66 jEWwr-Dreiklangs
2832 647 57 47 im
2917 645 61 65 ff
3010 648 228 64 absteigen-

1759 719 86 48 den
1877 720 131 63 Gang
2038 720 114 47 nach
2174 737 33 49 g
2249 719 60 64 (S.
2346 719 104 51 134
2479 720 92 49 und
2607 720 140 64 156),
2788 724 143 46 zumal
2973 723 71 56 da,
3086 741 70 30 wo
3194 723 71 48 die

1759 795 187 49 zweiten
1978 797 205 47 Violinen
2215 795 79 49 mit
2320 795 80 50 der
2430 797 169 64 Figur:

1761 1106 243 63 beginnen,
2068 1107 172 48 welche
2297 1107 85 48 fast
2438 1107 392 50 unwiderstehlich
2883 1129 99 29 zum
3036 1112 235 50 crescendo

1761 1182 179 65 drängt,
1972 1182 88 48 und
2091 1183 113 48 doch
2239 1183 102 47 darf
2376 1183 142 48 dieses
2556 1185 116 46 auch
2712 1185 116 48 noch
2857 1186 121 48 nicht
3007 1190 161 47 einmal
3197 1188 72 49 bei

1761 1259 100 49 dem
1894 1259 238 65 Ergreifen
2176 1261 234 47 derselben
2439 1261 144 63 Figur
2623 1261 141 49 durch
2811 1262 72 48 die
2923 1271 145 41 ersten
3100 1265 172 63 Geigen

1764 1336 91 48 und
1884 1336 101 49 dem
2018 1337 334 65 gleichzeitigen
2377 1337 235 49 Einsetzen
2637 1339 79 49 der
2739 1342 274 63 Trompeten
3040 1341 89 48 und
3152 1343 92 47 Hör-

1762 1430 82 31 ner
1873 1412 240 67 beginnen,
2143 1413 195 50 sondern
2368 1421 90 40 erst
2486 1414 90 49 vier
2606 1416 137 48 Tacte
2771 1433 78 32 vor
2877 1416 102 49 dem
3008 1416 267 50 Fortissimo

1764 1489 77 50 des
1869 1491 476 48 Dominant-Accords
2376 1489 62 66 (S.
2472 1491 139 64 137).

1878 1568 66 47 Im
1976 1568 179 47 Ganzen
2185 1568 201 64 gehören
2425 1567 121 49 diese
2584 1568 338 65 ausgedehnten
2950 1571 222 48 Perioden
3213 1573 58 46 im

1754 1642 146 68 piano
1927 1644 89 47 und
2049 1646 117 47 ohne
2198 1647 239 63 Betonung
2470 1662 53 31 zu
2552 1646 83 48 der
2663 1646 216 49 ebenfalls
2905 1663 85 32 von
3020 1648 254 50 Beethoven

1762 1729 148 41 zuerst
1935 1722 114 48 nach
2080 1739 201 47 grossem
2320 1723 90 47 und
2441 1722 208 49 desshalb
2677 1723 204 65 Anfangs
2910 1724 359 50 auffallendstem

1764 1798 278 48 Maassstabe
2072 1799 328 65 angewandten
2438 1798 423 66 Vorbereitung
2903 1800 151 49 eines
3098 1800 141 50 über-

1764 1875 348 49 raschenden
2152 1877 271 48 Effectes.
2480 1877 133 48 Diese
2644 1877 335 64 Vorbereitung
3015 1887 161 56 spannt
3204 1878 71 49 die

1765 1953 277 65 Erwartung
2085 1952 76 49 des
2193 1955 170 47 Hörers
2401 1953 81 49 auf
2505 1953 98 48 eine
2631 1954 210 47 seltsame
2870 1955 179 55 Weise;
3092 1954 109 50 aber
3230 1972 46 32 es

1765 2030 53 46 ist
1846 2030 146 47 Sache
2023 2030 76 47 des
2131 2030 193 56 Genie's,
2353 2029 119 50 dann
2503 2029 113 48 auch
2648 2029 119 50 diese
2796 2032 249 64 Spannung
3074 2032 122 48 nicht
3222 2049 50 31 zu

1764 2108 213 47 täuschen
2256 2105 230 66 (nascetur
2768 2105 220 52 ridiculus
3260 2123 22 33 m
2693 2107 195 49 sondern
2912 2109 40 47 in
2975 2108 79 48 das
3074 2108 173 65 geheim-

1765 2184 203 47 nissvolle
2000 2184 179 47 Dunkel
2221 2184 80 48 der
2341 2184 105 48 leise
2486 2184 336 48 schwirrenden
2861 2184 89 48 und
2979 2185 297 49 summenden

1764 2261 128 47 Töne
1921 2260 81 48 auf
2025 2260 163 48 einmal
2231 2261 70 47 ein
2339 2260 131 48 Licht
2512 2260 271 48 einbrechen
2823 2278 52 30 zu
2918 2261 160 56 lassen,
3120 2260 155 51 dessen

1766 2336 140 49 Glanz
1935 2336 135 65 Auge
2100 2336 88 49 und
2221 2338 128 48 Seele
2392 2338 102 47 füllt
2532 2336 90 49 und
2664 2354 52 31 zu
2747 2338 142 47 einem
2921 2336 243 50 Ausbruch
3195 2338 79 48 der

1766 2413 356 66 Bewunderung
2164 2414 218 48 hinreisst.
2437 2415 65 47 Im
2541 2420 147 42 ersten
2717 2415 129 47 Satze
2883 2414 80 48 der
2988 2413 174 50 Eroica
3199 2432 52 48 ge-

1769 2491 101 49 hört
1912 2491 71 49 die
2024 2493 276 62 angeführte
2329 2493 136 47 Stelle
2508 2508 72 32 am
2611 2491 129 49 Ende
2783 2491 79 49 der
2893 2493 381 64 Durchführung,

1767 2566 70 49 die
1867 2566 64 50 18
1947 2568 139 48 —2O
2113 2570 137 46 Tacte
2264 2585 86 50 pp,
2376 2569 172 54 hieher,
2573 2568 90 48 und
2687 2569 136 47 selbst
2844 2566 78 50 das
2945 2569 132 65 lange
3096 2566 155 71 pianis-

1764 2641 111 52 simo
1916 2645 58 47 im
2005 2645 193 48 Scherzo
2240 2646 53 47 ist
2334 2645 58 48 im
2424 2645 185 48 Grunde
2648 2645 114 48 auch
2801 2644 141 48 nichts
2973 2645 204 50 Anderes
3214 2648 62 47 als

1767 2722 100 49 eine
1896 2722 338 65 Vorbereitung
2263 2724 81 47 auf
2367 2724 77 47 das
2475 2722 298 65 Einschlagen
2804 2721 77 48 des
2910 2720 277 51 Fortissimo.

1883 2800 150 48 Schon
2062 2801 43 46 in
2136 2799 80 49 der
2245 2800 201 48 Sinfonie
2472 2801 80 47 Nr.
2585 2801 30 47 I.
2653 2800 44 48 in
2728 2800 148 49 C-dur
2918 2800 76 47 hat
3022 2800 255 48 Beethoven

1767 2875 58 48 im
1856 2876 108 48 Trio
1995 2876 80 48 der
2103 2877 186 47 Menuet
2317 2876 78 48 das
2428 2876 334 48 fortwährende
2780 2874 146 68 piano
2954 2876 158 65 vierzig
3142 2877 137 47 Tacte

1767 2954 103 63 lang
1902 2954 296 64 angebracht,
2241 2954 113 48 doch
2399 2954 101 48 dort
2543 2954 130 48 mehr
2707 2954 57 48 im
2799 2954 171 48 blossen
3003 2955 276 63 Gegensatze

1767 3048 98 29 zum
2024 3031 104 62 forte,
2129 3030 40 48 wie
2195 3048 46 30 es
2270 3032 113 47 auch
2415 3030 163 66 Ilaydn
2611 3031 89 47 und
2730 3032 170 46 Mozart
2928 3029 163 49 haben.
3145 3030 131 48 Auch

1767 3107 144 49 lassen
1949 3109 90 47 sich
2071 3107 71 49 die
2170 3109 165 47 Motive
2358 3109 126 63 jenes
2514 3109 144 47 Trio's
2687 3109 39 47 in
2758 3107 84 47 den
2872 3107 380 49 Blas-Instrumen-

1767 3192 74 41 ten
1874 3186 257 65 unmöglich
2164 3186 118 48 ohne
2311 3186 85 48 alle
2423 3186 239 62 Betonung
2701 3192 255 58 vortragen,
2999 3183 278 67 wenngleich

1770 3261 69 48 die
1878 3262 199 65 Figuren
2122 3261 80 49 der
2242 3262 206 48 Violinen
2493 3262 116 47 ohne
2653 3262 170 47 Accent
2862 3261 189 65 gespielt
3092 3261 182 49 werden

1770 3342 194 46 müssen.
1976 3341 118 46 —In
2126 3340 80 48 der
2234 3340 198 48 Sinfonie
2460 3340 80 47 Nr.
2570 3340 55 47 11.
2655 3340 42 47 in
2728 3337 165 50 D-dur
2921 3340 94 45 tritt
3041 3338 136 49 schon
3201 3337 80 48 der

1770 3417 257 48 Charakter
2067 3417 81 48 der
2190 3417 338 64 Vorbereitung
2570 3416 249 48 deutlicher
2867 3416 82 48 auf
2983 3416 57 47 im
3086 3416 194 48 Finale

1769 3495 44 47 S.
1850 3493 102 51 143
1986 3495 89 47 und
2113 3495 103 47 144
2249 3492 96 66 (der
2369 3493 200 50 Partitur
2601 3511 80 31 von
2712 3491 223 63 Simrock)
2966 3492 90 48 und
3084 3491 198 49 vollends

1769 3572 113 47 nach
1926 3571 80 48 der
2048 3572 417 64 Doppel-Fermate
2507 3572 45 47 S.
2589 3571 103 49 150
2734 3570 63 48 bis
2847 3568 100 50 153
2992 3570 44 48 in
3081 3570 83 48 den
3209 3568 70 51 34

1771 3651 186 54 Tacten,
1986 3647 137 50 deren
2154 3648 181 49 Scbluss
2364 3650 80 47 ist:

1884 4024 125 50 Aber
2033 4041 44 31 es
2100 4024 203 48 entfaltet
2322 4023 89 48 sich
2437 4022 78 48 das
2538 4023 144 48 Genie
2698 4020 77 50 des
2792 4019 202 48 Meisters
3018 4020 113 47 noch
3152 4022 128 47 mehr

1768 4103 41 48 in
1835 4102 78 49 der
1931 4102 339 63 Vorbereitung
2291 4100 78 47 der
2386 4098 309 51 Wiederkehr
2716 4098 76 49 des
2809 4097 394 63 Ilaupt-Thema's
3222 4098 55 48 im

2905 4167 71 73 [*3
