2618 4028
995 455 78 42 LA
1103 453 381 51 CHRONIQUE
1515 454 314 45 MUSICALE

537 458 82 56 198

526 606 134 39 scène.
684 602 158 49 Quant
877 606 24 36 à
934 602 44 40 la
1009 599 195 43 sonorité
1233 600 51 42 de
1317 614 66 28 ces
1417 609 133 35 sortes
1569 602 53 40 de
1642 602 138 54 salles,
1803 616 57 28 on
1883 603 81 43 sait
1985 604 239 55 également
2245 611 23 36 à

528 677 107 54 quoi
666 674 91 41 s'en
791 673 131 42 tenir.
957 674 80 41 Les
1072 673 100 42 voix
1205 674 74 56 n'y
1310 682 79 34 ont
1408 688 75 42 pas
1502 682 108 35 cette
1628 674 197 57 ampleur
1850 689 85 41 que
1956 677 94 42 leur
2070 679 117 54 prête
2210 693 62 27 un

527 748 110 42 local
655 748 240 44 résonnant
909 763 10 34 ;
952 748 248 42 l'orchestre
1230 750 155 54 même,
1426 750 194 55 quoique
1656 752 237 54 empiétant
1923 766 86 26 une
2034 753 116 54 large
2171 768 77 41 por-

526 820 93 42 tion
650 819 61 43 du
738 829 185 47 parquet
959 821 52 42 de
1036 821 42 42 la
1112 821 117 56 salle,
1265 823 73 54 n'y
1359 823 172 54 produit
1550 837 75 42 pas
1647 823 128 42 l'effet
1792 824 51 41 de
1864 825 191 42 sonorité
2075 840 85 41 que
2182 826 86 45 l'on

520 895 129 43 serait
666 908 53 30 en
740 895 117 45 droit
877 896 237 42 d'attendre
1134 898 61 40 du
1216 898 182 40 nombre
1421 905 41 33 et
1482 899 52 41 de
1554 900 41 40 la
1625 898 149 42 valeur
1794 899 71 42 des
1887 901 267 42 exécutants.

576 966 217 56 Ajoutons
827 983 85 42 que
946 970 60 41 les
1039 969 250 42 architectes
1327 970 201 58 français,
1563 980 184 45 prenant
1784 973 166 41 modèle
1985 988 73 28 sur
2090 975 183 42 certains

520 1042 187 42 théâtres
726 1042 52 41 de
799 1044 236 40 résidences
1055 1042 182 56 royales,
1261 1050 77 34 ont
1360 1042 195 56 toujours
1577 1051 105 35 tenu
1705 1050 23 36 à
1755 1059 223 28 conserver
2004 1060 66 28 ces
2095 1049 177 42 balcons

520 1124 42 33 et
585 1127 68 31 ces
673 1115 179 53 galeries
884 1115 76 56 qui
994 1122 211 35 couvrent
1234 1129 88 28 une
1342 1115 139 56 partie
1506 1117 98 54 plus
1638 1130 58 29 ou
1724 1117 141 42 moins
1886 1120 293 42 considérable
2210 1124 59 39 du

523 1196 206 47 parterre,
752 1196 41 34 et
821 1196 82 34 ont
919 1201 113 43 pour
1065 1187 97 43 effet
1190 1188 332 56 d'interrompre
1544 1190 38 40 le
1602 1190 359 57 développement
1989 1192 186 56 régulier
2197 1195 72 40 des

519 1261 136 44 ondes
688 1275 192 29 sonores.

579 1336 81 43 Les
680 1334 251 44 architectes
951 1334 173 44 italiens
1145 1348 113 30 nous
1276 1336 211 42 semblent
1511 1337 119 42 avoir
1652 1337 147 43 mieux
1821 1340 141 41 résolu
1985 1341 38 42 le
2043 1343 224 54 problème

523 1411 52 40 de
595 1408 225 43 combiner
839 1409 60 41 les
920 1408 224 55 exigences
1181 1408 51 42 de
1261 1409 282 56 l'acoustique
1563 1423 99 28 avec
1681 1411 41 42 la
1743 1413 205 42 nécessité
1964 1415 51 41 de
2036 1416 143 54 placer
2199 1431 63 28 un

523 1482 135 54 grand
683 1483 183 41 nombre
885 1482 53 42 de
960 1489 281 49 spectateurs;
1271 1483 51 41 ils
1343 1492 79 33 ont
1442 1486 204 39 conservé
1667 1492 98 36 tout
1785 1500 45 28 ce
1851 1487 77 55 qui
1950 1489 103 42 était
2072 1491 188 54 possible

527 1555 73 41 des
621 1555 246 42 conditions
889 1555 259 42 essentielles
1169 1557 51 39 de
1241 1557 39 40 la
1303 1557 207 53 sonorité,
1534 1558 258 41 c'est-à-dire
1813 1559 40 41 la
1874 1561 135 41 forme
2029 1562 238 56 oblongue.

528 1628 38 42 le
586 1628 174 56 plafond
783 1642 84 40 peu
885 1628 117 42 élevé
1036 1637 42 34 et
1114 1642 82 42 peu
1225 1629 149 51 cintré,
1401 1629 58 41 les
1482 1630 143 54 parois
1646 1630 221 42 verticales
1891 1638 23 37 à
1935 1634 186 42 surfaces
2140 1637 104 53 régu-

529 1702 122 40 lières
668 1709 43 33 et
730 1702 119 40 lisses
873 1702 74 54 (les
970 1703 179 40 devants
1181 1702 72 41 des
1282 1702 150 54 loges).
1459 1702 57 41 Ils
1543 1710 77 33 ont
1641 1704 113 41 ainsi
1776 1705 163 42 obtenu
1962 1708 38 41 le
2023 1709 240 41 maximum

527 1773 52 40 de
611 1771 189 44 sonorité
830 1773 264 56 compatible
1122 1787 102 29 avec
1253 1774 41 41 la
1331 1774 200 55 présence
1655 1775 148 55 public
1836 1784 41 34 et
1905 1778 363 58 l'aménagement

528 1846 112 56 qu'il
661 1846 223 43 nécessite.

586 1919 61 42 Ce
668 1933 86 40 que
774 1933 112 29 nous
907 1933 218 47 avançons
1148 1919 53 42 ici
1224 1920 108 42 n'est
1351 1933 76 42 pas
1449 1934 87 28 une
1557 1923 208 41 assertion
1796 1925 203 53 gratuite.
2024 1926 122 42 Tous
2165 1943 108 29 ceux

527 1992 79 55 qui
637 2000 78 33 ont
745 1992 192 42 entendu
971 1994 60 40 les
1064 1994 163 40 mêmes
1256 1994 169 43 artistes
1458 2008 73 28 sur
1567 2009 61 27 un
1669 1997 137 53 grand
1840 1997 163 44 théâtre
2020 2000 184 56 d'ltalie,
2229 2004 40 40 là

536 2066 156 53 Scala,
703 2079 77 43 par
796 2066 212 56 exemple,
1032 2074 42 34 et
1087 2066 170 42 ensuite
1277 2080 75 28 sur
1373 2080 86 29 une
1479 2067 71 42 des
1568 2069 126 40 salles
1716 2070 154 42 rondes
1893 2080 40 33 et
1948 2077 22 36 à
1992 2074 176 42 balcons
2188 2089 84 42 que

527 2151 112 29 nous
658 2152 134 28 avons
823 2142 25 38 à
870 2138 138 55 Paris,
1039 2147 77 35 ont
1136 2154 59 42 pu
1216 2147 216 35 constater
1467 2141 40 41 la
1526 2141 243 43 différence.
1796 2143 78 42 Les
1896 2146 169 42 artistes
2086 2149 179 53 mêmes,

526 2225 86 42 que
630 2226 111 29 nous
762 2226 136 29 avons
917 2213 250 55 interrogés,
1202 2223 78 32 ont
1315 2215 66 40 été
1415 2215 231 42 unanimes
1666 2230 112 42 pour
1798 2231 112 28 nous
1929 2218 190 44 affirmer
2137 2222 128 55 qu'en

522 2284 211 42 chantant
763 2286 108 40 dans
900 2300 88 28 une
1021 2295 117 33 vaste
1167 2287 104 41 salle
1303 2286 209 43 italienne
1533 2321 10 19 ,
1580 2288 50 41 ils
1667 2304 43 27 se
1743 2291 181 43 rendent
1958 2293 307 50 parfaitement

522 2366 171 47 compte
713 2359 53 40 de
785 2358 129 42 l'effet
934 2359 51 40 de
1013 2361 93 39 leur
1139 2359 115 54 voix,
1290 2359 51 41 de
1373 2359 237 45 l'élasticité
1630 2371 41 34 et
1689 2363 52 41 de
1761 2364 231 56 l'ampleur
2014 2368 157 54 qu'elle
2192 2384 44 25 ac-

523 2431 160 54 quiert,
707 2432 144 40 tandis
871 2446 86 42 que
973 2432 285 54 l'impression
1291 2433 216 42 contraire
1534 2436 60 40 les
1628 2437 143 56 frappe
1807 2439 149 54 quand
1978 2441 54 40 ils
2052 2441 215 44 chantent

524 2517 74 28 sur
619 2517 63 28 un
702 2504 166 42 théâtre
891 2504 52 42 de
969 2504 176 42 France.

578 2577 113 40 Mais
711 2577 60 41 les
793 2577 221 57 Français,
1040 2591 110 29 nous
1172 2579 160 55 dit-on,
1356 2587 102 35 sont
1477 2594 62 28 un
1561 2583 155 55 peuple
1733 2583 104 42 d'un
1860 2597 131 41 genre
2010 2591 24 36 à
2062 2594 95 47 part
2175 2603 8 35 ;
2215 2588 54 41 ils

524 2650 202 43 tiennent
743 2654 24 38 à
788 2651 116 42 leurs
924 2653 211 56 préjugés,
1161 2653 52 40 ils
1242 2655 179 41 veulent
1440 2655 113 41 leurs
1575 2657 175 41 balcons
1773 2658 209 54 saillants,
2020 2660 113 42 leurs
2171 2676 71 28 cor-

527 2724 148 41 beilles
708 2725 52 41 de
797 2724 179 43 femmes
1012 2726 143 55 parées
1188 2735 42 33 et
1262 2726 267 56 décolletées,
1559 2737 41 33 et
1632 2730 139 41 même
1790 2731 40 41 la
1853 2731 188 44 hauteur
2061 2735 211 41 excessive

523 2796 74 42 des
632 2798 125 41 salles
788 2813 113 40 pour
932 2814 29 41 y
994 2800 118 55 loger
1147 2799 58 42 les
1241 2809 265 47 spectateurs
1540 2803 87 40 mal
1648 2804 98 42 mis.
1773 2805 85 41 Vos
1879 2806 125 41 salles
2024 2808 243 49 italiennes,

526 2885 111 28 nous
675 2872 164 54 dit-on,
873 2881 100 35 sont
1004 2883 98 45 trop
1136 2883 259 34 monotones
1423 2889 102 28 avec
1558 2876 114 42 leurs
1704 2880 175 53 rangées
1912 2880 51 42 de
1985 2881 114 55 loges
2119 2895 125 42 super-

526 2945 163 53 posées,
711 2946 138 53 égales
876 2954 42 34 et
938 2946 254 42 uniformes.
1227 2947 41 41 Si
1301 2947 41 41 la
1361 2947 118 42 Scala
1512 2955 41 34 et
1580 2949 321 44 Saint-Charles
1936 2960 101 34 sont
2066 2955 98 53 plus
2197 2969 48 28 so-

526 3030 146 42 nores,
696 3032 77 28 nos
797 3020 123 40 salles
942 3020 51 42 de
1018 3020 123 40 Paris
1163 3029 98 33 sont
1280 3021 98 55 plus
1398 3030 221 47 coquettes
1639 3031 42 33 et
1699 3024 98 54 plus
1818 3025 230 54 élégantes.

579 3092 107 52 Soit,
708 3093 153 54 gardez
881 3106 76 28 vos
979 3093 232 55 élégances,
1237 3102 120 33 votre
1389 3109 111 42 coup
1536 3096 135 53 d'œil,
1704 3111 76 27 vos
1804 3097 182 43 femmes
2006 3112 52 28 en
2083 3100 182 49 vedette,

524 3165 109 39 mais
656 3166 113 40 alors
793 3180 54 28 ne
865 3180 133 29 venez
1014 3180 77 43 pas
1117 3181 111 28 nous
1263 3167 93 41 dire
1389 3180 84 40 que
1508 3168 86 41 l'on
1616 3182 54 27 ne
1691 3170 79 40 sait
1790 3180 221 33 comment
2032 3172 104 42 faire
2157 3187 112 41 pour

524 3237 120 42 avoir
665 3252 85 28 une
767 3241 103 40 salle
891 3255 169 29 sonore.
1107 3242 81 41 Les
1221 3241 188 42 modèles
1444 3250 99 33 sont
1572 3256 100 27 sous
1707 3256 76 28 vos
1816 3257 128 42 yeux,
1973 3259 108 29 vous
2103 3260 166 42 pouvez

524 3309 172 55 profiter
716 3312 51 41 de
787 3313 285 56 l'expérience
1089 3314 195 56 acquise,
1307 3313 109 42 mais
1435 3327 109 28 vous
1568 3316 98 40 n'en
1688 3317 152 41 voulez
1859 3331 88 41 pas.

581 3383 140 42 Est-ce
743 3391 24 35 à
786 3387 93 42 dire
899 3402 85 41 que
1016 3389 40 41 la
1089 3388 204 42 nouvelle
1326 3387 101 42 salle
1458 3388 50 41 de
1540 3388 176 56 l'Opéra
1750 3391 51 40 de
1837 3392 119 41 Paris
1977 3405 90 29 sera
2088 3396 176 43 sourde,

524 3469 168 28 comme
712 3471 55 28 on
790 3460 64 41 dit
876 3462 326 54 vulgairement,
1229 3476 123 43 parce
1370 3462 155 54 qu'elle
1558 3471 62 33 est
1653 3467 23 38 à
1710 3477 83 41 peu
1826 3467 94 53 près
1945 3467 146 52 ronde,
2116 3471 148 50 garnie
