2618 4028
1046 340 77 40 LA
1155 338 386 52 CHRONIQUE
1574 338 318 42 MUSICALE

592 354 86 42 224

588 487 143 40 Judas
750 485 246 41 Machabée
1003 519 9 20 ,
1101 494 41 32 et
1168 499 110 27 ceux
1300 485 78 54 qui
1401 493 97 33 sont
1520 485 138 54 placés
1677 490 23 35 à
1725 485 154 49 droite,
1915 484 237 40 entendent
2190 486 130 52 proba-

592 560 190 40 blement
808 561 98 54 plus
926 560 59 41 les
1007 574 206 41 sopranos
1235 570 40 31 et
1296 560 58 41 les
1376 560 238 40 contraltos
1636 574 86 40 que
1740 560 58 40 les
1820 560 146 40 ténors
1988 567 41 31 et
2049 557 60 41 les
2131 558 158 40 basses.

645 634 80 41 Ces
748 634 222 42 fâcheuses
992 635 231 42 réflexions
1245 635 137 54 faites,
1405 635 37 54 je
1465 635 94 40 dois
1594 643 215 32 constater
1840 635 39 39 le
1912 635 84 39 très
2030 631 138 54 grand
2203 633 144 38 succès

589 710 182 52 obtenu,
793 710 37 39 le
859 724 47 40 19
931 710 51 40 de
1009 724 45 26 ce
1077 710 127 53 mois,
1230 724 75 40 par
1326 710 41 41 la
1388 709 210 55 première
1621 708 201 42 audition
1844 708 51 39 de
1915 707 143 41 Judas
2079 705 262 41 Machabée.

590 781 79 42 Cet
690 783 204 49 oratorio,
917 785 203 53 composé
1140 783 59 41 du
1223 799 23 39 9
1269 783 143 54 juillet
1433 797 56 27 au
1519 797 43 26 11
1594 785 106 38 août
1739 782 109 55 1746
1884 781 11 54 (
1912 778 282 43 trente-deux
2227 778 118 54 jours

588 869 51 27 en
661 861 119 37 tout!
797 856 30 55 ),
849 866 41 32 et
912 858 177 40 exécuté
1110 871 113 41 pour
1244 858 40 40 la
1305 857 212 54 première
1543 856 80 40 fois
1648 859 22 37 à
1693 854 364 42 Covent-Garden
2082 853 39 40 le
2161 867 13 25 i
2185 858 28 16 cr
2238 851 112 41 avril

595 944 127 41 1747,
753 931 115 41 avait
886 931 64 40 été
984 931 260 40 commandé
1265 935 22 35 à
1312 929 200 42 Haendel
1528 929 62 53 (1)
1615 943 76 41 par
1716 928 214 51 Frédéric,
1955 928 145 53 prince
2114 926 52 41 de
2181 925 162 51 Galles,

586 1018 112 40 pour
718 1005 187 39 célébrer
924 1004 40 40 le
984 1012 147 32 retour
1151 1004 51 40 de
1221 1018 79 26 son
1318 1003 124 52 frère,
1469 1004 39 39 le
1528 1002 83 40 duc
1634 1003 50 39 de
1707 1000 317 51 Cumberland,
2050 1001 77 53 qui
2149 1012 141 42 gagna
2308 999 38 39 le

595 1079 47 40 16
668 1078 109 41 avril
806 1079 109 53 1746
936 1077 41 41 la
1000 1077 173 40 bataille
1193 1076 188 41 décisive
1403 1076 51 40 de
1476 1075 232 42 Culloden.
1733 1075 109 40 Très
1875 1073 199 42 différent
2102 1074 51 39 de
2189 1072 158 41 formes

588 1152 59 40 du
669 1152 165 40 Messie
855 1159 40 33 et
916 1150 51 41 de
983 1151 40 39 la
1045 1150 115 41 Fête
1181 1150 308 41 d'Alexandre
1496 1182 10 19 ,
1526 1153 56 35 où
1601 1162 86 27 une
1708 1148 99 40 voix
1829 1148 210 40 récitante
2059 1155 175 32 raconte
2254 1155 72 30 tou-

586 1226 119 54 jours
739 1238 46 28 ce
814 1225 79 55 qui
915 1239 52 26 va
990 1238 42 27 se
1058 1237 160 42 passer,
1244 1223 143 41 Judas
1404 1222 244 41 Machabée
1661 1255 8 20 ,
1706 1220 194 56 quoique
1934 1219 178 42 intitulé
2138 1219 205 46 oratorio,

589 1309 63 32 est
689 1313 61 28 un
784 1299 154 55 parfait
959 1299 129 54 opéra
1110 1312 53 26 en
1184 1298 106 40 trois
1312 1306 125 43 actes,
1463 1310 84 40 peu
1580 1296 326 52 mouvementé,
1932 1294 30 41 il
1995 1303 62 32 est
2088 1294 111 51 vrai,
2237 1293 110 40 mais

590 1387 101 29 avec
711 1373 273 41 décorations
1008 1372 229 54 indiquées
1263 1371 108 40 dans
1393 1371 39 40 la
1462 1370 226 55 partition,
1722 1369 218 51 tableaux,
1978 1369 310 53 changements
2324 1370 23 36 à

590 1461 85 28 vue
695 1455 40 32 et
756 1447 173 40 chœurs
952 1446 220 41 inhérents
1197 1450 22 35 à
1236 1445 179 41 l'action
1439 1444 290 54 dramatique,
1759 1452 41 32 et
1827 1442 76 54 qui
1942 1456 52 26 ne
2029 1441 200 55 pourrait
2264 1453 85 40 que

595 1534 161 40 gagner
786 1520 301 40 énormément
1116 1523 23 35 à
1166 1517 89 40 être
1279 1518 244 53 représenté
1557 1531 52 26 en
1634 1524 218 32 costumes
1874 1529 74 26 sur
1970 1528 62 26 un
2067 1514 180 39 théâtre.
2275 1512 71 40 Du

589 1605 123 44 reste,
734 1596 39 40 la
794 1594 210 41 tentative
1031 1594 51 39 de
1107 1600 154 32 mettre
1282 1605 54 26 en
1358 1594 124 37 scène
1503 1591 58 39 les
1580 1590 211 40 oratorios
1813 1589 51 39 de
1896 1586 197 41 Haendel
2117 1600 22 25 a
2161 1584 92 54 déjà
2288 1598 53 27 eu

588 1670 90 41 lieu
699 1675 23 35 à
748 1669 192 40 Londres
960 1682 53 25 en
1037 1667 126 50 1833,
1182 1674 41 32 et
1240 1679 101 27 avec
1364 1668 162 37 succès.
1559 1664 115 39 Mais
1694 1664 174 52 lorsque
1889 1662 39 41 la
1952 1661 212 54 première
2196 1660 121 55 repré-

587 1743 217 41 sentation
823 1743 50 40 de
894 1755 79 26 son
988 1740 189 41 oratorio
1193 1739 52 40 de
1263 1738 158 53 Jephté
1438 1738 66 40 fut
1524 1737 225 40 annoncée
1765 1749 112 41 pour
1896 1734 39 42 le
1964 1750 47 40 19
2036 1733 156 41 février
2215 1733 127 52 1834,

587 1817 38 40 le
646 1816 95 40 lord
760 1814 273 42 chambellan
1058 1812 160 41 Belfort
1240 1825 30 33 y
1286 1811 81 41 mit
1389 1809 297 55 stupidement
1708 1822 79 27 son
1815 1814 94 35 veto
1926 1816 56 40 et,
2001 1806 165 53 malgré
2189 1813 96 33 tout
2307 1804 39 41 le

588 1889 113 40 désir
719 1889 71 40 des
811 1886 202 55 Anglais,
1035 1886 40 40 la
1094 1886 118 40 reine
1233 1884 208 41 Adélaïde
1462 1892 42 32 et
1524 1882 193 54 l'évêque
1750 1882 52 40 de
1835 1881 195 41 Londres
2060 1877 289 44 l'interdirent

589 1963 334 41 formellement.

642 2039 140 54 Après
804 2049 87 28 une
912 2042 148 34 courte
1084 2041 233 34 ouverture
1336 2032 242 54 composée,
1604 2043 170 28 comme
1797 2030 40 40 la
1870 2028 177 55 plupart
2081 2027 73 40 des
2189 2039 130 28 ouver-

588 2121 117 33 tures
735 2110 51 41 de
823 2123 45 27 ce
901 2107 218 55 temps-là,
1161 2107 107 40 d'un
1305 2105 189 41 andante
1529 2114 41 31 et
1609 2104 131 40 d'une
1772 2103 144 52 fugue,
1950 2102 38 40 le
2026 2100 188 54 premier
2255 2108 93 31 acte

589 2185 158 41 débute
769 2197 76 41 par
866 2196 62 27 un
955 2181 157 41 chœur
1133 2185 59 36 où
1210 2180 38 40 le
1272 2178 156 55 peuple
1449 2177 195 52 d'lsraël,
1663 2176 164 54 groupé
1849 2184 160 32 autour
2030 2174 133 41 d'une
2184 2173 163 49 tombe,

590 2258 145 55 pleure
757 2256 40 41 la
822 2263 113 33 mort
953 2255 53 40 de
1025 2267 77 27 son
1126 2252 98 41 chef
1239 2251 271 42 Matthatias.
1536 2250 60 41 Ce
1617 2250 153 40 chœur
1790 2256 63 33 est
1874 2248 130 41 d'une
2029 2248 154 40 beauté
2204 2246 121 40 solen-

592 2332 111 42 nelle
723 2340 41 33 et
785 2329 239 56 grandiose,
1050 2335 41 33 et
1112 2326 183 56 rappelle
1314 2324 434 53 involontairement,
1769 2323 194 54 quoique
1978 2322 105 40 écrit
2103 2322 246 53 longtemps

590 2413 282 47 auparavant,
896 2404 38 40 le
959 2404 109 39 beau
1098 2401 151 40 chœur
1276 2399 181 41 funèbre
1478 2399 75 53 qui
1591 2408 84 30 sert
1710 2396 349 41 d'introduction
2096 2397 23 37 à
2160 2393 183 53 Orphée.

591 2479 157 52 Gluck,
771 2477 307 51 évidemment,
1097 2488 23 26 a
1141 2474 61 41 dû
1224 2472 222 54 s'inspirer
1468 2471 51 40 de
1538 2470 210 41 HaendeL
1769 2472 39 38 A
1828 2483 46 26 ce
1891 2469 172 52 chœur,
2087 2467 180 40 succède
2286 2479 63 28 un

590 2561 123 33 court
734 2550 190 42 récitatif
939 2558 40 32 et
1004 2562 59 26 un
1086 2548 88 40 duo
1204 2547 156 40 chanté
1383 2559 74 40 par
1490 2545 198 40 madame
1723 2541 368 42 Brunet-Lafleur
2126 2547 40 33 et
2202 2540 120 40 made-

593 2626 192 42 moiselle
805 2625 145 52 Jenny
974 2623 158 55 Howe,
1155 2621 130 53 jeune
1306 2618 277 42 Américaine
1603 2617 137 41 douée
1761 2616 106 40 d'un
1889 2615 228 41 charmant
2148 2626 201 41 soprano.

594 2702 61 40 Le
685 2700 151 41 chœur
871 2698 77 53 qui
982 2696 89 41 suit
1090 2709 8 26 :
1128 2710 22 24 «
1170 2694 132 41 Hélas
1319 2698 8 36 !
1359 2700 123 35 notre
1505 2691 136 41 heure
1673 2698 62 33 est
1771 2690 156 54 proche
1945 2706 17 21 »
1998 2697 63 33 est
2090 2687 187 41 sublime
2311 2693 41 33 et

592 2775 106 40 rend
732 2771 364 43 admirablement
1129 2782 65 28 ces
1229 2769 139 39 beaux
1390 2779 96 27 vers
1519 2778 87 42 que
1628 2764 64 42 M.
1717 2763 191 52 Wilder,
1932 2763 164 54 malgré
2117 2759 235 54 l'élégance

591 2848 52 41 de
679 2862 43 26 sa
756 2845 154 55 poésie,
947 2846 70 38 n'a
1051 2857 75 41 pas
1167 2841 186 42 traduits
1389 2854 7 26 :
1434 2855 17 22 «
1479 2839 87 40 For
1601 2837 104 42 Sion
1738 2836 288 42 lamentation
2058 2834 142 52 make,
2223 2832 130 42 With

592 2921 142 42 words
771 2919 92 41 that
893 2931 120 40 weep
1047 2916 87 41 and
1164 2923 110 34 tears
1308 2914 98 41 that
1427 2913 142 55 speak.
1595 2928 22 23 )>
1649 2929 23 21 «
1700 2910 188 42 Exhalez
1915 2919 124 32 votre
2065 2907 288 42 lamentation

593 3010 110 41 pour
724 2994 105 41 Sion
858 3004 101 28 avec
980 2991 73 40 des
1077 2989 165 55 paroles
1263 2988 78 54 qui
1365 2987 198 54 pleurent
1596 2994 41 32 et
1659 2985 71 41 des
1752 2985 159 40 larmes
1929 2984 77 53 qui
2036 2982 184 55 parlent.
2246 2996 20 23 »
2295 2980 59 39 Le

593 3071 151 40 chœur
762 3066 195 52 suivant,
982 3080 22 22 «
1025 3063 38 40 O
1087 3064 65 40 roi
1169 3063 74 39 des
1266 3061 147 41 cieux!
1442 3077 17 21 »
1482 3074 23 26 a
1528 3061 64 41 été
1613 3059 158 41 chanté
1792 3071 101 27 avec
1915 3057 72 40 des
2011 3068 190 29 nuances
2222 3054 27 39 d
2267 3066 88 27 une

593 3143 252 42 délicatesse
868 3138 194 56 parfaite.
1087 3136 183 41 Ensuite
1289 3143 62 32 est
1370 3148 116 27 venu
1510 3133 63 42 M.
1598 3131 209 42 Gailhard
1835 3130 77 54 qui
1933 3145 23 26 a
1980 3127 375 56 magistralement

597 3217 249 54 interprété,
882 3227 99 28 avec
1004 3226 44 27 sa
1072 3211 113 42 belle
1207 3210 99 41 voix
1332 3216 39 34 et
1393 3222 88 28 une
1512 3205 193 42 émotion
1740 3204 200 54 toujours
1971 3202 251 53 croissante,
2260 3200 94 42 l'air

638 3323 53 42 (i)
705 3321 101 32 Nous
826 3319 175 32 donnons
1019 3317 89 32 dans
1126 3326 38 22 ce
1180 3315 155 32 numéro
1367 3325 51 20 un
1444 3311 120 34 dessin
1583 3310 139 43 d'après
1744 3320 73 22 une
1837 3319 153 34 gravure
2008 3307 161 45 anglaise
2187 3307 42 32 de
2249 3316 103 34 1747,

598 3377 250 42 représentant
873 3372 163 34 Haendel
1058 3370 186 34 couronné
1266 3380 64 32 par
1352 3370 33 31 le
1406 3366 114 35 Génie
1541 3366 43 33 de
1602 3366 33 33 la
1653 3366 182 43 Musique.
