2618 4028
735 411 208 44 REVUE
977 416 110 42 DES
1116 406 331 57 THÉÂTRES
1480 422 308 52 LYRIQUES

2042 439 83 40 229

398 562 97 33 sant
511 568 109 41 pour
638 556 65 42 lui
724 571 61 41 qu
802 574 86 26 une
907 562 168 41 dizaine
1094 564 249 54 d'ouvrages
1364 570 23 36 à
1412 568 138 55 peine,
1571 569 32 41 il
1617 584 69 26 me
1708 572 159 40 semble
1888 574 134 52 qu'on
2039 586 51 28 au-

399 627 83 39 rait
502 641 59 39 pu
584 628 102 41 faire
709 644 62 26 un
794 633 125 40 choix
940 635 107 40 dans
1073 636 60 39 les
1154 645 142 33 autres
1329 647 40 32 et
1399 640 87 40 s'en
1517 643 252 53 approprier
1787 646 336 51 quelques-uns.

400 697 119 40 Dans
539 699 59 40 les
619 714 168 28 œuvres
809 718 181 41 presque
1011 708 388 55 contemporaines,
1425 711 31 40 il
1476 713 187 40 n'aurait
1683 727 74 40 pas
1780 716 63 39 été
1866 716 192 45 difficile,
2088 716 39 54 je

395 771 127 51 crois,
547 773 51 39 de
621 786 17 26 s
656 787 194 40 emparer
883 777 51 39 de
969 778 188 41 Charles
1197 780 66 40 VI
1281 794 57 27 ou
1361 781 52 41 de
1432 782 39 40 la
1493 785 138 39 Heine
1651 786 53 39 de
1949 788 76 53 qui
2044 803 54 26 au-

393 843 140 40 raient
566 844 76 41 fait
675 859 116 28 assez
820 849 141 40 bonne
999 850 136 53 figure
1165 865 74 27 sur
1271 853 184 41 l'affiche
1487 857 104 39 d'un
1611 858 164 41 théâtre
1796 861 235 52 populaire.
2058 862 67 39 En

392 923 250 34 îemontant
672 930 61 27 un
761 932 83 40 peu
877 920 96 54 plus
1005 922 123 48 haut,
1157 937 58 26 on
1242 925 143 40 aurait
1413 929 154 38 trouvé
1592 929 42 40 la
1667 929 170 41 Vestale
1855 939 40 32 et
1914 932 214 40 Fernand

396 987 160 55 Corte\
568 1019 8 11 .
606 990 153 50 Enfin,
781 1005 53 26 en
861 993 195 43 reculant
1076 1008 168 42 encore,
1277 1010 57 26 on
1371 1012 42 26 se
1442 1000 127 41 serait
1594 1015 59 27 vu
1674 1014 54 28 en
1750 1003 196 53 présence
1968 1003 50 40 de
2037 1017 66 26 cer-

390 1059 112 40 tains
531 1061 332 43 chefs-d'œuvre
897 1066 261 42 admirables
1194 1070 122 52 dont,
1357 1084 100 27 avec
1491 1085 85 28 une
1611 1075 140 40 bonne
1781 1075 344 55 interprétation,

394 1133 13 39 1
425 1133 97 41 effet
554 1137 74 38 eût
663 1136 64 40 été
761 1137 222 42 saisissant
1006 1155 8 24 :
1044 1141 186 41 Armide
1262 1151 40 32 et
1335 1143 60 40 les
1427 1145 113 40 deux
1585 1146 233 54 Iphigénie
1834 1184 10 18 ,
1879 1148 50 40 de
1966 1147 158 53 Gluck,

392 1206 148 41 Didon
545 1243 11 18 ,
580 1207 51 41 de
655 1208 216 56 Piccinni,
896 1212 167 54 Œdipe
1097 1217 25 37 à
1159 1215 165 41 Colone
1331 1249 8 19 ,
1373 1217 50 39 de
1458 1217 211 51 Sacchini,
1693 1227 40 33 et
1754 1219 206 55 quelques
1981 1229 142 33 autres

391 1290 170 31 encore.

444 1350 48 40 Je
515 1351 107 40 crois
643 1353 108 52 qu'il
773 1356 73 37 eût
865 1356 148 39 mieux
1033 1358 118 51 valu,
1173 1372 111 39 pour
1306 1361 37 39 le
1364 1361 195 41 Châtelet
1579 1363 109 40 ainsi
1709 1364 271 50 transformé,
2008 1364 98 40 affir-

390 1435 90 27 mer
501 1437 76 26 son
606 1437 128 39 genre
759 1433 39 33 et
827 1440 62 26 ses
920 1428 129 40 désirs
1076 1432 23 36 à
1124 1430 126 40 l'aide
1285 1432 106 40 d'un
1419 1433 50 40 de
1503 1447 65 26 ces
1596 1447 222 40 ouvrages,
1848 1449 83 39 que
1964 1435 162 40 d'offrir

390 1503 95 33 tout
505 1496 174 42 d'abord
696 1512 55 27 au
773 1500 147 53 public
945 1515 61 26 un
1031 1503 128 52 opéra
1180 1503 150 55 inédit,
1354 1505 154 53 qu'elle
1529 1506 130 53 qu'en
1684 1509 78 51 pût
1784 1508 86 39 être
1891 1508 40 39 la
1957 1507 166 41 valeur.

388 1565 440 60 Malheureusement,
851 1572 110 41 celui
981 1574 77 53 qui
1082 1588 23 26 a
1126 1576 108 39 servi
1256 1579 23 37 à
1294 1576 262 42 l'ouverture
1576 1578 59 40 du
1658 1579 177 51 théâtre,
1860 1588 40 31 et
1922 1579 77 53 qui
2020 1580 103 39 était

386 1640 178 42 intitulé
587 1644 60 40 les
665 1645 168 40 Parias
839 1678 9 20 ,
873 1659 52 27 ne
947 1647 199 41 semblait
1167 1662 73 39 pas
1261 1649 51 40 de
1331 1659 155 32 nature
1507 1656 21 35 à
1557 1651 156 40 exciter
1735 1665 61 26 un
1818 1651 65 40 vif
1907 1652 157 40 intérêt
2084 1661 41 32 et

386 1717 23 35 à
433 1713 252 53 passionner
701 1716 58 40 les
781 1717 236 42 auditeurs.
1039 1719 78 41 Cet
1136 1734 206 39 ouvrage,
1371 1722 105 40 dont
1506 1723 37 39 le
1568 1724 180 39 nombre
1767 1724 70 38 des
1859 1725 242 51 représenta-

386 1785 116 40 tions
525 1787 69 40 n'a
632 1802 73 39 pas
734 1790 175 53 dépassé
931 1791 109 40 celui
1070 1792 70 40 des
1161 1801 111 32 actes
1375 1794 29 39 il
1425 1807 52 26 en
1504 1796 207 53 comptait
1730 1795 104 40 trois
1936 1795 101 40 était
2062 1795 61 40 dû

385 1861 23 36 à
433 1858 114 41 MM.
571 1859 238 55 Hippolyte
831 1863 138 40 Lucas
990 1872 40 31 et
1055 1865 137 53 Leroy
1213 1879 108 39 pour
1340 1865 58 41 les
1420 1868 180 52 paroles,
1625 1870 23 36 à
1672 1867 62 40 M.
1761 1867 200 40 Edmond
1985 1868 104 39 Mem-

394 1931 93 38 brée
517 1944 112 40 pour
658 1932 39 40 la
731 1934 219 54 musique,
984 1935 35 40 Il
1052 1936 126 41 serait
1206 1935 174 43 difficile
1411 1938 50 40 de
1493 1946 247 33 rencontrer
1777 1952 59 27 un
1865 1938 128 40 livret
2024 1939 98 53 plus

386 2002 227 50 médiocre,
636 2004 99 52 plus
761 2005 141 51 banal,
922 2006 96 53 plus
1039 2007 85 39 mal
1147 2019 139 46 conçu
1308 2018 39 31 et
1364 2009 86 40 mal
1471 2022 129 37 venu,
1627 2009 95 54 plus
1742 2011 140 39 dénué
1902 2010 214 52 d'intérêt,

383 2073 204 54 d'action,
625 2075 50 40 de
710 2076 64 40 vie
795 2084 40 33 et
868 2077 51 40 de
952 2087 294 44 mouvement,
1282 2081 97 52 plus
1420 2082 87 39 mal
1538 2081 121 47 écrit,
1693 2095 52 26 en
1780 2096 61 26 un
1879 2092 103 41 mot,
2019 2084 99 51 plus

384 2145 180 41 fâcheux
586 2160 98 27 sous
707 2155 96 33 tous
825 2149 59 40 les
905 2159 197 45 rapports
1123 2165 84 39 que
1227 2152 109 41 celui
1364 2153 72 39 des
1469 2154 179 40 Parias.
1673 2154 205 48 Qu'avait
1906 2154 109 40 donc
2041 2155 77 40 fait

384 2231 54 26 au
462 2218 78 40 ciel
557 2218 64 42 M.
645 2220 218 41 Membrée
886 2236 109 39 pour
1016 2237 92 26 oser
1129 2237 41 26 se
1194 2225 175 52 charger
1389 2227 50 39 de
1459 2235 154 32 mettre
1634 2240 85 27 une
1735 2226 170 54 pareille
1926 2228 125 39 chose
2071 2240 51 27 en

383 2290 226 53 musique?
635 2293 54 40 Et
715 2293 141 53 quelle
876 2295 222 41 confiance
1119 2310 52 26 ne
1197 2297 196 41 devait-il
1411 2312 73 39 pas
1511 2300 120 39 avoir
1652 2313 53 27 en
1734 2313 77 27 son
1833 2300 149 46 talent.,
2013 2313 111 41 pour

382 2375 206 41 supposer
607 2364 107 54 qu'il
736 2379 52 27 en
809 2367 196 53 pourrait
1025 2368 100 40 tirer
1147 2370 186 53 quelque
1357 2371 131 53 parti!

439 2434 61 41 La
527 2435 129 41 vérité
680 2445 63 32 est
769 2451 84 40 que
874 2439 38 40 le
940 2440 212 40 musicien
1175 2455 23 25 a
1226 2442 156 51 donné,
1415 2457 52 25 en
1498 2443 118 54 dépit
1637 2445 51 38 de
1709 2451 111 42 tout,
1850 2444 71 39 des
1944 2457 179 41 preuves

381 2506 105 40 d'un
510 2508 136 40 talent
662 2509 313 42 incontestable
988 2526 10 36 ;
1016 2526 85 39 que
1121 2514 206 40 certaines
1345 2529 122 38 pages
1486 2515 50 40 de
1559 2529 44 26 sa
1624 2515 208 54 partition
1855 2524 96 33 sont
1965 2530 133 26 remar-

381 2578 179 52 quables
583 2584 22 35 à
629 2580 139 41 divers
790 2583 146 52 points
973 2584 50 39 de
1044 2598 104 36 vue;
1174 2586 131 52 qu'on
1335 2601 27 39 y
1388 2588 209 39 découvre
1623 2588 152 53 parfois
1796 2602 60 26 un
1888 2588 235 40 sentiment

381 2651 200 53 poétique
617 2653 83 38 très
735 2653 184 52 intense,
951 2669 168 27 comme
1151 2657 105 39 dans
1279 2658 40 39 la
1352 2661 122 37 scène
1509 2660 58 39 du
1594 2661 185 52 premier
1800 2667 90 34 acte
1923 2668 118 32 entre
2061 2660 59 39 les

383 2722 111 41 deux
531 2737 238 28 amoureux
785 2741 9 35 ;
837 2740 85 40 que
956 2727 127 42 l'effet
1115 2729 272 54 dramatique
1440 2745 28 39 y
1503 2739 61 33 est
1595 2732 267 53 quelquefois
1905 2732 213 53 puissant,

381 2809 169 26 comme
571 2795 106 40 dans
701 2798 39 39 la
763 2798 107 41 belle
892 2808 40 32 et
954 2801 125 40 noble
1095 2802 121 39 scène
1234 2802 57 39 du
1314 2803 144 40 Credo
1475 2804 75 52 qui
1573 2804 184 40 termine
1775 2806 38 39 le
1832 2804 152 40 second
2005 2813 114 45 acte;

378 2880 85 40 que
496 2867 419 44 l'instrumentation
947 2880 62 33 est
1032 2872 188 52 fouillée,
1256 2874 280 43 intéressante
1564 2883 40 33 et
1633 2889 138 27 neuve
1808 2881 22 34 à
1864 2877 49 38 de
1936 2874 183 41 certains

377 2939 163 53 égards.
567 2940 112 41 Mais
700 2943 133 51 aussi,
860 2950 40 33 et
919 2947 122 50 grâce
1062 2954 173 32 surtout
1257 2960 81 26 aux
1374 2947 168 41 défauts
1575 2948 57 40 du
1662 2950 164 52 poème,
1852 2948 39 40 la
1916 2947 203 54 musique

376 3011 73 40 des
477 3013 165 40 Parias
678 3022 62 32 est
774 3024 254 44 monotone,
1062 3018 273 53 monocorde,
1364 3020 321 49 monochrome,
1719 3035 98 26 sans
1850 3020 65 40 vie
1945 3027 40 32 et
2020 3033 97 25 sans

374 3084 180 40 chaleur
574 3085 40 40 la
635 3086 174 54 plupart
830 3088 59 40 du
922 3098 152 45 temps,
1105 3091 254 54 dépourvue
1395 3100 184 44 surtout,
1604 3098 23 34 à
1650 3101 95 45 part
1781 3100 106 32 cette
1916 3095 122 36 scène
2057 3091 59 40 du

380 3155 144 40 Credo
547 3170 82 39 que
650 3157 38 54 je
708 3159 119 40 viens
854 3161 51 40 de
1072 3163 50 39 de
1142 3177 66 26 ces
1229 3164 156 52 grands
1408 3164 118 39 élans
1547 3164 269 53 pathétiques
1838 3173 39 29 et
1897 3163 220 52 fougueux

376 3228 78 51 qui
476 3241 107 27 vous
604 3239 216 42 prennent
842 3247 85 26 aux
956 3236 229 50 entrailles,
1222 3236 75 52 qui
1320 3243 150 33 savent
1491 3249 171 27 remuer
1684 3249 84 27 une
1790 3235 101 40 salle
1916 3235 200 53 jusqu'en

378 3312 62 26 ses
475 3300 97 52 plus
607 3305 173 37 secrètes
817 3304 297 54 profondeurs,
1148 3315 41 32 et
1226 3307 76 52 qui
1336 3316 97 32 sont
1469 3307 198 40 l'essence
1696 3309 137 38 même
1870 3307 58 41 du
1968 3308 148 41 drame

379 3369 183 56 lyrique,
585 3372 106 41 dont
712 3373 50 40 ils
785 3378 282 51 constituent,
1093 3379 32 39 si
1150 3379 84 39 Ton
1258 3387 100 45 peut
1380 3379 103 54 dire,
1509 3380 39 40 la
1569 3380 109 40 force
1704 3380 50 41 de
1778 3379 250 55 projection.
