2618 4028
953 432 78 39 LA
1061 428 383 51 CHRONIQUE
1477 427 317 42 MUSICALE

500 438 85 41 216

497 593 65 25 me
582 580 110 37 faire.
717 578 229 47 D'ailleurs,
970 578 35 36 la
1026 578 118 48 peine
1165 588 79 38 que
1271 577 199 36 demande
1499 576 37 36 la
1557 574 274 39 versification
1866 574 94 35 d'un
1995 573 124 36 ballet
2138 580 58 28 est
2216 573 31 35 si

496 630 244 37 au-dessous
758 628 47 36 de
824 628 35 36 la
880 628 120 48 peine
1023 634 38 29 et
1079 627 53 36 du
1153 627 142 36 mérite
1313 627 54 35 du
1390 624 221 47 musicien;
1638 625 56 38 M.
1713 625 178 35 Rameau
1911 630 59 28 est
1988 623 31 35 si
2042 621 208 48 supérieur

497 689 49 26 en
569 689 74 25 son
665 688 137 37 genre,
824 684 53 39 et,
902 677 48 35 de
969 676 106 49 plus,
1099 688 40 24 sa
1159 676 162 36 fortune
1350 683 59 28 est
1440 675 32 36 si
1506 673 216 37 inférieure
1745 675 21 33 à
1797 683 59 25 ses
1879 672 163 44 talents,
2061 669 99 48 qu'il
2192 677 59 28 est

497 726 104 49 juste
617 738 79 36 que
718 726 38 36 la
777 724 246 38 rétribution
1046 725 78 36 soit
1143 737 103 37 pour
1265 724 57 37 lui
1345 731 90 29 tout
1454 724 165 37 entière.
1632 722 132 45 Ainsi,
1786 721 216 41 monsieur;
2030 720 63 49 j'ai
2115 719 113 35 l'hon-

497 787 102 24 neur
618 776 48 35 de
687 787 103 26 vous
810 774 181 37 déclarer
1011 786 78 37 que
1116 774 34 51 je
1170 785 50 25 ne
1240 774 192 48 prétends
1451 784 133 25 aucun
1606 771 217 37 honoraire
1841 781 8 37 ;
1871 781 77 37 que
1974 781 102 25 vous
2098 779 154 37 pouvez

497 826 159 34 donner
678 827 22 33 à
723 825 58 37 M.
806 825 180 35 Rameau
1017 830 91 30 tout
1138 835 43 24 ce
1203 823 99 36 dont
1322 834 101 25 vous
1458 822 82 36 êtes
1572 832 202 34 convenu,
1797 832 90 23 sans
1910 830 77 37 que
2007 816 33 49 je
2063 816 129 37 forme
2215 816 38 35 la

496 873 94 48 plus
612 872 133 49 légère
763 872 250 49 prétention*
1038 872 185 36 L'amitié
1245 872 96 35 d'un
1362 870 107 37 aussi
1499 870 179 36 honnête
1699 870 166 35 homme
1895 879 78 37 que
1995 878 113 35 vous,
2134 877 90 23 mon-

497 921 124 48 sieur,
642 930 40 28 et
710 922 95 35 d'un
837 927 184 30 amateur
1041 920 108 37 aussi
1171 921 81 35 zélé
1274 920 69 36 des
1364 926 95 40 arts,
1483 919 114 36 m'est
1619 918 91 48 plus
1734 917 206 49 précieuse
1962 927 78 36 que
2068 922 91 29 tout
2179 914 74 35 For

497 970 56 36 du
590 970 170 37 monde.
784 969 74 37 J'ai
894 968 186 52 toujours
1106 969 124 47 pensé
1264 967 129 48 ainsi;
1429 974 39 30 et
1501 967 135 47 quand
1667 966 34 47 je
1736 976 49 26 ne
1814 964 157 38 l'aurais
2003 976 68 39 pas
2103 963 84 50 fait,
2216 962 37 51 je

497 1019 157 39 devrais
677 1029 258 28 commencer
955 1030 71 39 par
1042 1028 102 28 vous
1167 1023 38 31 et
1226 1028 71 40 par
1317 1017 57 37 M.
1398 1017 196 39 Rameau,
1626 1028 16 23 »

1358 1178 39 41 V

988 1307 58 28 LE
1089 1305 158 29 BARON
1297 1291 281 41 D'OTRANTE
1598 1288 150 55 (1769)

553 1422 126 43 Nous
704 1433 186 30 sommes
911 1421 164 43 arrivés
1095 1434 56 29 au
1171 1420 172 42 dernier
1364 1418 175 42 libretto
1559 1415 182 45 commis
1766 1427 73 45 par
1860 1411 389 54 Voltaire,—celui

499 1495 108 41 d'un
629 1508 136 41 opéra
789 1494 118 57 buffa
929 1507 53 29 en
1000 1495 106 40 trois
1126 1501 125 35 actes,

555 1567 123 42 Voici
717 1573 24 36 à
772 1568 100 56 quel
912 1568 110 55 sujet
1061 1575 42 33 et
1145 1568 105 40 dans
1292 1566 162 54 quelles
1493 1565 319 42 circonstances
1854 1564 65 38 fut
1953 1560 204 55 composé
2192 1566 66 33 cet

734 1640 35 41 si
794 1653 110 30 nous
926 1652 53 29 en
1002 1652 184 43 croyons
1216 1637 200 52 Decroix,
1442 1637 93 41 Tun
1555 1636 74 41 des
1650 1635 189 41 éditeurs
1860 1634 52 40 de
1936 1633 111 40 Kehl
2068 1647 9 26 :

550 1764 17 21 «
592 1750 117 37 Cette
746 1750 124 48 petite
900 1750 113 47 pièce
1043 1750 60 36 fut
1133 1749 95 37 faite
1259 1759 106 37 pour
1393 1748 56 36 M.
1472 1746 161 48 Grétry,
1659 1745 85 47 qui,
1767 1746 22 33 à
1816 1754 75 25 son
1922 1748 138 30 retour
2086 1742 172 46 d'ltalie,

501 1799 107 38 avait
641 1801 114 47 passé
793 1799 61 36 six
888 1798 105 37 mois
1024 1801 21 33 à
1077 1798 175 46 Genève,
1277 1797 92 35 d'où
1400 1796 29 36 il
1463 1806 41 26 se
1535 1794 158 36 rendait
1720 1792 300 48 fréquemment
2040 1794 22 33 à
2088 1791 169 48 lerney.

501 1850 58 35 M.
583 1848 48 36 de
652 1847 182 37 Voltaire
855 1854 40 30 et
917 1847 182 36 madame
1130 1846 138 47 Denis,
1291 1858 68 24 sur
1379 1844 197 48 quelques
1605 1843 123 36 essais
1755 1843 49 34 de
1839 1840 187 47 musique
2053 1839 97 48 qu'il
2173 1839 88 37 leur

501 1897 49 36 fit
570 1897 212 46 entendre,
805 1903 225 45 conçurent
1049 1907 82 24 une
1152 1897 32 34 si
1205 1894 151 49 grande
1379 1894 216 47 espérance
1616 1892 48 34 de
1687 1902 61 24 ses
1766 1888 163 46 talents,
1952 1888 119 48 qu'ils
2093 1888 36 36 le
2147 1900 90 36 pres-

504 1949 137 33 sèrent
661 1945 207 38 vivement
889 1933 146 47 daller
1058 1943 55 37 les
1134 1954 162 26 exercer
1317 1946 21 33 à
1359 1942 113 36 Paris
1489 1952 9 37 ;
1535 1949 39 28 et
1604 1952 106 37 pour
1732 1939 52 48 l'y
1809 1938 249 36 déterminer
2079 1937 182 36 d'autant

502 1994 152 45 mieux,
680 1994 57 36 M.
760 1993 49 36 de
830 1992 182 37 Voltaire
1031 1992 142 37 s'offrit
1195 1992 48 36 de
1271 1990 204 38 travailler
1509 1989 101 36 dans
1638 2001 56 23 un
1724 1998 123 38 genre
1880 1997 202 35 nouveau,
2102 1985 101 37 dont
2232 1986 24 36 il

504 2042 146 37 n'osait
690 2042 227 48 cependant
950 2042 175 48 espérer,
1149 2039 180 48 disait-il,
1352 2039 239 37 d'atteindre
1623 2037 38 36 la
1701 2034 219 40 sublimité.
1962 2034 32 36 Il
2033 2034 152 48 donna,
2210 2046 49 24 en

506 2091 108 46 effet,
638 2090 37 37 le
699 2091 139 36 Baron
872 2090 209 38 d'Otrante
1101 2093 22 33 à
1143 2091 56 37 M.
1226 2090 157 47 Grétry,
1405 2089 70 47 qui
1508 2088 89 35 vint
1621 2086 35 36 le
1674 2086 209 48 présenter
1918 2095 78 24 aux
2027 2083 232 36 comédiens

504 2140 176 45 italiens,
703 2151 160 24 comme
900 2138 204 49 l'ouvrage
1131 2138 94 36 d'un
1259 2137 119 49 jeune
1412 2137 166 35 homme
1607 2135 49 35 de
1689 2134 206 48 province.
1921 2133 76 35 Les
2025 2132 233 36 comédiens

504 2190 228 35 refusèrent
754 2187 37 37 la
812 2187 124 49 pièce,
954 2199 50 25 en
1022 2194 176 30 avouant
1213 2187 226 49 cependant
1458 2196 78 37 que
1556 2184 171 36 l'auteur
1751 2182 140 36 n'était
1910 2193 69 36 pas
2002 2191 92 26 sans
2116 2180 142 48 talent,

505 2244 41 30 et
565 2237 99 47 qu'il
698 2237 236 45 promettait
967 2237 224 47 beaucoup.
1219 2236 54 36 Ils
1304 2236 242 47 engagèrent
1572 2232 131 37 même
1733 2232 53 35 M.
1813 2231 146 47 Grétry
1981 2230 21 35 à
2021 2230 168 35 mander
2208 2242 51 24 au

508 2286 119 51 jeune
659 2284 166 37 homme
856 2296 78 37 que
962 2285 58 35 s'il
1040 2284 155 37 voulait
1212 2283 115 37 venir
1349 2283 22 36 à
1392 2283 124 42 Paris,
1541 2293 53 25 on
1625 2279 182 49 pourrait
1845 2279 57 36 lui
1929 2278 191 48 indiquer
2148 2279 89 47 quel-

504 2345 100 37 ques
623 2333 288 49 changements
933 2332 245 37 nécessaires
1197 2344 104 36 pour
1330 2331 98 37 faire
1447 2330 198 36 admettre
1672 2336 38 28 et
1731 2328 255 48 représenter
2008 2338 39 25 sa
2070 2327 125 47 pièce,
2220 2335 39 28 et

506 2384 165 45 qu'avec
708 2382 48 37 de
790 2382 38 36 la
861 2382 163 36 docilité
1059 2388 39 29 et
1127 2392 57 25 un
1223 2392 78 38 peu
1334 2379 160 37 d'étude
1524 2379 48 35 de
1607 2378 88 35 leur
1734 2376 172 44 théâtre,
1925 2375 27 36 il
1982 2375 183 47 pourrait
2201 2375 58 36 lui

506 2429 167 39 devenir
701 2430 101 37 utile
837 2443 72 36 par
945 2441 62 25 ses
1043 2437 166 29 travaux
1250 2436 39 29 et
1324 2439 40 26 se
1398 2428 144 36 rendre
1574 2426 119 48 digne
1724 2425 64 48 d'y
1824 2425 84 36 être
1945 2423 170 37 attaché.
2155 2424 105 36 Leur

506 2479 180 37 défiance
704 2479 134 37 venait
858 2479 339 49 principalement
1223 2478 47 36 de
1291 2478 38 35 la
1345 2476 229 36 nouveauté
1596 2476 48 35 de
1668 2486 43 25 ce
1730 2485 123 36 genre
1872 2472 158 48 d'opéra
2056 2472 202 48 comique,

509 2531 54 34 où
584 2528 86 36 l'un
692 2528 68 37 des
778 2528 240 49 principaux
1043 2526 107 38 rôles
1172 2527 96 36 était
1289 2537 50 25 en
1370 2525 138 36 italien
1539 2532 40 29 et
1611 2531 92 28 tous
1733 2523 58 35 les
1824 2528 136 30 autres
1982 2533 50 24 en
2059 2520 173 51 français
2251 2532 9 35 ;

507 2578 100 35 mais
642 2577 31 36 si
707 2577 82 36 l'on
811 2589 23 24 a
853 2589 52 24 vu
939 2577 232 47 longtemps
1200 2587 69 24 sur
1306 2574 37 36 le
1370 2573 131 37 même
1536 2570 167 48 théâtre,
1726 2571 98 35 dans
1858 2571 69 35 des
1957 2569 216 47 comédies,
2199 2582 56 24 un

504 2624 199 50 principal
731 2636 253 37 personnage
1003 2624 131 48 parler
1151 2623 173 53 français
1346 2630 39 29 et
1402 2630 94 29 tous
1518 2620 57 38 les
1591 2627 137 29 autres
1747 2618 57 37 lui
1821 2619 198 48 répondre
2036 2630 50 25 en
2103 2618 156 46 italien,

507 2674 204 49 pourquoi
732 2674 185 37 l'inverse
939 2672 216 38 n'aurait-il
1174 2661 84 60 pas*
1263 2671 129 38 réussi
1412 2671 100 36 dans
1532 2681 56 24 un
1611 2669 120 49 opéra
1753 2668 188 48 comique
1961 2666 158 50 rempli,
2141 2667 99 37 d'ail-

506 2729 123 41 leurs,
650 2723 48 36 de
718 2723 103 49 gaîté
843 2730 39 29 et
900 2722 48 37 de
970 2721 281 49 philosophie?

558 2788 17 15 «
600 2771 107 47 Quoi
738 2772 99 48 qu'il
857 2783 49 24 en
929 2771 92 46 soit,
1045 2770 36 36 le
1107 2770 119 49 jeune
1247 2776 145 30 auteur
1409 2773 201 33 reconnut
1627 2777 74 26 son
1731 2765 259 37 insuffisance
2015 2772 39 29 et
2075 2776 50 25 ne
2145 2763 116 50 jugea

506 2832 70 37 pas
595 2824 21 32 à
635 2832 148 37 propos
801 2820 48 36 de
867 2831 41 25 se
929 2820 199 48 déplacer.
1153 2819 31 36 Il
1207 2819 105 36 aima
1333 2818 137 36 mieux
1492 2827 199 26 renoncer
1712 2817 21 33 à
1754 2826 80 24 une
1854 2814 126 48 gloire
1998 2813 98 48 qu'il
2118 2814 116 36 déses-

505 2869 128 48 pérait
660 2869 213 37 d'obtenir.
908 2869 75 36 Cet
1019 2869 240 35 événement
1291 2866 193 49 empêcha
1517 2866 55 36 M.
1598 2864 143 47 Grétry
1767 2866 21 33 à
1818 2870 143 29 mettre
1992 2863 36 35 la
2061 2862 112 48 pièce
2210 2874 50 25 en

506 2918 187 48 musique
715 2926 39 28 et
774 2918 171 36 l'auteur
964 2918 48 35 de
1034 2917 39 36 la
1099 2916 211 37 Henriade
1330 2923 39 28 et
1389 2915 49 36 de
1460 2914 210 37 Mahomet
1690 2913 48 34 de
1759 2912 98 36 faire
1878 2912 70 35 des
1963 2911 142 48 opéras
2130 2911 103 36 comi-

504 2977 112 38 ques.
657 2967 31 36 Il
715 2967 82 36 s'en
830 2966 78 36 tint
939 2968 21 33 à
997 2977 61 24 ses
1089 2965 195 49 premiers
1317 2965 137 45 essais,
1489 2963 36 36 le
1559 2963 137 35 Baron
1733 2959 207 37 d'Otrante
1980 2967 39 28 et
2053 2959 55 36 les
2135 2960 126 36 Deux

511 3017 239 36 Tonneaux.

556 3080 18 15 «
600 3062 32 38 Il
654 3071 60 29 est
730 3074 110 26 assez
861 3062 279 49 remarquable
1162 3073 78 36 que
1263 3062 57 36 M.
1344 3061 48 36 de
1414 3059 182 37 Voltaire
1612 3058 138 35 donna
1768 3057 36 36 le
1825 3056 176 49 premier
2022 3067 56 24 un
2100 3057 121 47 opéra
2241 3059 20 33 à

506 3112 61 38 M.
596 3113 160 49 Grétry,
776 3124 160 25 comme
955 3112 26 37 il
1003 3111 115 47 avait,
1139 3110 36 36 le
1197 3110 188 49 premier,
1407 3121 90 25 vers
1515 3107 111 49 1730,
1643 3107 135 35 donné
1797 3117 80 24 une
1900 3104 179 48 tragédie
2100 3104 161 49 lyrique

504 3163 22 35 à
551 3163 193 44 Rameau,
768 3168 119 30 avant
911 3172 78 37 que
1026 3172 65 24 ces
1122 3160 105 35 deux
1254 3159 147 46 grands
1433 3156 219 37 musiciens
1684 3167 40 24 se
1751 3155 155 35 fussent
1929 3164 147 25 encore
2099 3155 162 35 exercés

504 3210 97 36 dans
622 3210 57 37 les
701 3221 145 38 genres
876 3212 53 34 où
962 3210 47 37 ils
1032 3216 72 29 ont
1136 3207 163 38 excellé.
1327 3207 56 35 Le
1415 3206 127 47 grand
1574 3207 118 45 poète
1724 3201 211 38 découvrit
1968 3202 89 36 leur
2080 3203 117 47 génie
2221 3210 40 30 et

504 3259 217 47 pressentit
752 3260 109 36 leurs
894 3261 151 34 succès.
1081 3257 41 37 Si
1151 3257 58 36 les
1239 3260 361 42 encouragements
1627 3251 98 49 qu'il
1752 3252 88 36 leur
1868 3251 137 36 donna
2027 3259 74 29 ont
2125 3264 56 35 pu
2203 3252 57 36 les

504 3307 246 38 déterminer
768 3311 21 33 à
810 3307 225 37 embrasser
1058 3305 38 37 la
1117 3305 170 37 carrière
1317 3302 267 49 dramatique,
1607 3313 54 24 on
1684 3300 57 37 lui
1774 3300 120 36 serait
1926 3312 49 24 en
1997 3300 127 47 partie
2148 3301 91 35 rede-

503 3354 116 37 vable
640 3357 70 37 des
730 3356 311 37 chefs-d'œuvre
1062 3356 101 36 dont
1183 3354 50 37 ils
1254 3361 72 29 ont
1343 3352 155 37 enrichi
1520 3351 37 36 la
1572 3353 117 34 scène
1712 3356 40 31 et
1773 3349 69 37 des
1861 3351 165 47 progrès
2046 3348 120 49 qu'ils
2184 3357 74 29 ont

504 3401 71 38 fait
594 3403 95 38 faire
710 3408 21 33 à
751 3406 90 37 l'art
873 3405 185 38 musical.
1088 3405 103 45 Quel
1222 3403 166 37 homme
1420 3412 133 38 grave,
1577 3403 22 33 à
1630 3411 43 25 ce
1706 3398 105 49 prix,
1830 3410 50 24 ne
1913 3398 291 49 pardonnerait
2239 3401 20 33 à

509 3452 56 36 M.
598 3452 47 37 de
666 3454 181 37 Voltaire
869 3454 152 38 d'avoir
1042 3454 71 37 fait
1134 3454 68 36 des
1223 3453 142 48 opéras
1381 3447 235 51 comiques?
1638 3462 14 21 »
