2618 4028
775 362 208 43 REVUE
1016 363 110 42 DES
1157 362 322 45 CONCERTS

1910 376 86 44 227

263 508 175 55 retenir,
461 508 77 41 tels
559 522 86 41 que
664 523 107 28 ceux
793 510 51 41 de
867 526 8 25 :
903 527 17 22 «
943 512 132 39 Arme
1095 518 76 33 ton
1194 511 116 53 bras;
1327 526 23 23 »
1378 527 19 22 «
1417 511 144 42 Sonne
1582 511 187 51 clairon;
1795 528 19 21 »
1835 511 164 41 ((Alors

267 594 76 27 nos
365 580 106 42 filles
490 582 251 53 danseront;
762 600 17 20 »
809 599 17 21 «
847 583 110 39 Lève
979 584 39 39 la
1038 584 103 46 tête;
1165 599 18 22 »
1205 591 40 32 et
1267 583 38 40 le
1327 583 124 54 sujet,
1473 598 98 26 sans
1591 586 86 39 être
1696 585 305 41 émotionnant

268 666 168 28 comme
457 668 105 27 ceux
581 655 51 40 de
651 655 40 40 la
716 655 213 40 Favorite
950 668 57 27 ou
1029 655 72 39 des
1123 654 270 55 Huguenots
1400 688 10 20 ,
1433 655 223 54 l'emporte
1686 657 219 40 tellement
1926 671 75 26 sur

268 725 38 40 le
327 726 165 40 Messie
496 758 10 21 ,
528 740 98 27 sous
647 727 38 40 le
706 735 176 46 rapport
905 727 49 39 de
983 727 199 51 l'intérêt,
1206 726 107 54 qu'il
1347 729 107 38 n'est
1483 728 241 41 nullement
1753 729 249 54 impossible

268 797 108 53 qu'il
393 798 206 41 obtienne
621 813 61 27 un
704 800 141 39 succès
861 800 105 52 .plus
988 800 186 51 général.

324 869 60 41 La
405 880 95 45 part
521 871 98 41 faite
637 885 55 27 au
715 871 306 54 compositeur,
1045 886 86 27 aux
1148 873 169 40 artistes
1339 873 230 40 chantants
1591 880 40 33 et
1649 875 24 38 à
1693 872 41 41 la
1762 872 243 55 magistrale

269 943 209 41 direction
512 944 50 40 de
595 945 61 41 M.
691 945 292 48 Lamoureux»
1019 944 31 42 il
1077 958 52 27 ne
1150 945 92 41 faut
1263 944 122 56 point
1407 946 200 53 ménager
1628 945 58 41 les
1705 945 138 53 éloges
1862 945 136 55 juste»*

270 1024 120 33 ment
423 1016 172 41 mérités
629 1017 77 54 qui
741 1017 254 42 reviennent
1016 1021 23 36 à
1062 1017 62 40 M.
1152 1017 156 54 Fissot,
1337 1017 78 54 qui
1444 1031 24 26 a
1508 1026 116 42 tenu,
1663 1029 100 28 avec
1795 1030 87 27 une
1914 1031 93 28 rare

272 1089 286 54 intelligence,
573 1090 37 40 le
628 1090 171 41 difficile
821 1090 156 54 emploi
1000 1090 432 54 d'accompagnateur
1447 1093 23 37 à
1489 1090 178 54 l'orgue,
1682 1103 85 27 non
1789 1090 98 54 plus
1907 1090 102 54 qu'à

273 1162 229 40 messieurs
535 1162 58 41 les
630 1163 370 41 instrumentistes
1031 1163 77 54 qui
1143 1171 76 33 ont
1249 1163 174 40 exécuté
1458 1162 59 41 les
1553 1162 197 41 difficiles
1778 1162 158 54 parties
1955 1162 54 41 de

274 1242 234 47 trompette
528 1243 41 32 et
591 1235 40 40 la
649 1235 191 41 fameuse
862 1235 152 54 phrase
1029 1237 58 39 du
1110 1236 153 41 chœur
1284 1251 18 23 «
1324 1235 111 41 Lève
1455 1235 42 41 la
1516 1235 124 54 tête,»
1660 1238 57 38 où
1733 1234 38 42 le
1788 1248 72 28 cor
1876 1247 53 28 en
1943 1235 67 41 sol

276 1306 93 43 doit
401 1308 166 40 donner
597 1308 80 40 Yut
706 1308 119 54 aigu,
859 1321 101 27 avec
992 1321 86 27 une
1112 1308 172 40 fermeté
1315 1308 130 53 digne
1466 1308 73 40 des
1558 1307 181 54 grandes
1759 1307 250 41 exécutions

275 1381 52 40 de
353 1380 206 41 Londres,

333 1452 77 41 Un
433 1461 91 31 mot
547 1466 151 27 encore
731 1466 75 28 sur
838 1453 40 39 la
908 1452 264 52 traduction,
1209 1466 57 27 ou
1301 1452 141 54 plutôt
1472 1451 26 41 Y
1504 1452 259 54 adaptation
1782 1450 60 42 du
1863 1452 152 54 poème

280 1525 166 53 anglais
468 1525 53 40 de
542 1525 158 42 Morell
734 1529 23 36 à
783 1525 41 40 la
857 1526 208 53 partition
1100 1525 50 40 de
1180 1525 214 53 Haendel,
1413 1539 75 40 par
1507 1524 64 41 M.
1593 1524 188 41 Wilder.
1805 1524 53 41 Sa
1876 1524 140 54 poésie

279 1612 62 32 est
364 1605 193 51 élégante
578 1609 41 33 et
638 1615 24 26 a
684 1601 39 40 le
743 1601 141 53 grand
902 1599 152 40 mérite
1086 1598 130 41 d'être
1249 1598 303 54 parfaitement
1576 1600 206 42 musicale
1800 1613 10 39 ;
1834 1598 109 42 mais
1965 1597 51 40 de

283 1678 140 40 même
448 1689 85 41 que
565 1674 68 54 j'ai
670 1675 140 40 blâmé
838 1673 63 40 M.
939 1671 231 42 Bannelier
1192 1672 160 41 d'avoir
1373 1672 163 42 traduit
1557 1687 52 26 en
1630 1687 122 40 prose
1771 1674 37 39 le
1829 1670 185 43 récitatif

280 1751 50 40 de
353 1751 41 40 la
413 1750 191 40 Passion
631 1748 121 40 selon
784 1747 121 39 saint
932 1745 218 40 Matthieu
1157 1776 9 21 ,
1186 1743 38 54 je
1242 1744 204 40 blâmerai
1469 1745 64 41 M.
1555 1745 170 40 Wilder
1745 1745 163 41 d'avoir
1929 1757 54 41 ap-

281 1823 145 54 pliqué
457 1823 71 38 des
563 1833 91 27 vers
688 1819 143 40 blancs
865 1832 56 26 au
955 1816 187 40 récitatif
1167 1816 52 40 de
1251 1815 142 42 Judas
1413 1816 243 42 Machabée
1689 1825 40 33 et
1763 1816 109 42 delà
1899 1816 112 41 Fête

282 1895 44 41 d\
326 1894 276 42 Alexandre.
628 1892 99 49 Que
742 1904 45 27 ce
808 1890 82 41 soit
908 1889 97 54 plus
1019 1889 240 47 commode,
1283 1889 87 40 cela
1393 1896 61 33 est
1476 1889 295 51 indubitable;
1795 1889 109 41 mais
1924 1900 85 41 que

283 1982 46 27 ce
353 1968 83 41 soit
465 1967 98 54 plus
593 1965 192 53 logique,
823 1975 126 42 parce
983 1974 84 42 que
1100 1961 37 40 le
1160 1961 188 41 récitatif
1374 1962 107 40 n'est
1501 1975 74 41 pas
1588 1962 60 41 du
1670 1962 145 52 chant,
1840 1962 100 40 c'est
1954 1973 62 29 un

286 2042 125 54 point
432 2054 85 40 que
536 2040 37 54 je
593 2052 68 27 me
681 2036 249 57 permettrai
952 2035 50 41 de
1020 2042 212 33 contester
1253 2034 291 42 absolument.
1567 2035 61 41 La
1649 2035 141 54 poésie
1809 2033 207 60 française

283 2114 122 53 exige
426 2112 116 42 aussi
564 2112 375 54 rigoureusement
960 2108 40 40 la
1019 2107 112 41 rime
1153 2120 84 41 que
1256 2106 59 42 les
1334 2106 164 55 poésies
1519 2120 200 42 grecque,
1930 2106 59 42 ita-

285 2188 146 40 lienne
450 2193 41 34 et
512 2183 192 54 anglaise
724 2183 171 53 exigent
913 2181 40 41 la
975 2179 210 56 prosodie.

1560 2250 168 54 Henry
1753 2250 160 45 Cohen.
