2618 4028
953 378 215 56 ANDRÉ
1202 391 310 44 PHILIDOR

2017 406 84 43 207

362 536 86 41 lors
477 538 50 40 de
552 538 41 41 la
626 539 158 55 reprise
812 536 22 59 à
856 536 22 59 1
900 536 200 59 Ernelinde
1132 553 53 28 en
1218 554 126 41 1777,
1380 548 41 33 et
1453 540 196 43 d'autant
1676 541 98 54 plus
1803 539 300 56 remarquable

363 610 100 55 qu'à
492 620 108 33 cette
640 614 168 53 époque
845 612 142 42 Gluck
1022 612 117 42 avait
1171 613 144 39 donné
1351 612 232 55 Iphigénie
1614 626 49 27 en
1696 614 179 54 Aulide,
1914 613 185 55 Orphée,

579 692 41 34 et
635 699 85 40 que
738 699 76 27 son
833 686 186 40 Armide
1025 717 10 21 ,
1058 686 266 53 représentée
1341 685 37 39 le
1399 686 50 39 23
1475 687 238 52 septembre
1734 701 124 41 1777,
1882 687 64 40 fut
1966 687 115 54 repré-

362 759 142 39 sentée
525 765 380 33 concurremment
933 771 101 27 avec
1054 757 180 40 l'œuvre
1256 757 51 40 de
1337 757 194 41 Philidor
1553 766 41 33 et
1617 771 53 27 ne
1691 759 42 40 la
1759 757 48 42 lit
1834 759 122 54 point
1976 759 125 54 pâlir*

362 829 79 53 Or,
465 844 167 28 comme
652 830 247 41 Ernelinde
919 830 114 41 avait
1054 830 65 40 été
1140 831 114 40 créée
1275 844 52 27 en
1351 832 126 52 1767,
1500 830 158 54 qu'elle
1675 830 116 42 avait
1811 832 66 39 été
1893 833 212 40 remaniée

361 915 110 41 pour
487 903 39 41 la
543 903 160 55 reprise
720 903 51 41 de
799 904 126 54 1769,
943 910 40 35 et
998 903 117 41 enfin
1138 903 146 42 refaite
1307 917 53 27 en
1379 903 137 55 partie
1535 912 41 33 et
1596 904 129 41 d'une
1741 904 123 53 façon
1884 903 221 43 définitive

360 988 110 42 pour
489 976 40 41 la
550 976 337 56 représentation
903 976 78 56 qui
1002 990 54 28 en
1076 985 75 33 eut
1173 976 88 42 lieu
1283 981 23 37 à
1328 976 39 41 la
1383 976 118 42 Cour
1522 990 54 28 en
1750 978 111 40 alors
1881 979 224 53 qu'aucun

360 1061 187 42 ouvrage
575 1050 53 40 de
661 1049 142 42 Gluck
825 1050 160 41 n'avait
1006 1063 152 28 encore
1187 1064 109 41 paru
1327 1064 72 27 sur
1423 1051 42 40 la
1498 1053 123 38 scène
1649 1051 50 40 de
1730 1051 190 54 l'Opéra,
1953 1058 40 33 et
2021 1063 84 42 que

360 1124 102 38 c'est
482 1129 107 35 cette
611 1123 193 41 dernière
830 1123 170 41 version
1023 1123 76 55 qui
1121 1124 65 40 fut
1207 1124 178 54 adoptée
1408 1137 111 42 pour
1543 1135 45 30 ce
1620 1124 160 42 théâtre
1801 1138 53 27 en
1886 1139 124 41 1777,
2046 1138 57 27 on

362 1209 53 26 ne
439 1204 104 45 peut
567 1210 73 41 pas
661 1197 91 40 dire
773 1210 85 41 que
878 1196 198 41 Philidor
1097 1196 116 41 avait
1235 1195 153 56 profité
1407 1196 51 41 de
1479 1196 128 42 l'effet
1634 1197 177 54 produit
1831 1211 76 42 par
1927 1198 59 40 les
2007 1211 64 28 œu-

360 1281 93 28 vres
477 1268 51 40 de
548 1268 158 53 Gluck,
736 1277 41 32 et
798 1269 107 55 qu'il
925 1283 53 27 en
1000 1270 117 40 avait
1138 1270 80 40 tiré
1240 1283 62 27 un
1332 1270 110 53 parti
1482 1271 286 53 quelconque.
1795 1270 127 42 Nous
1946 1284 157 27 savons

360 1355 85 40 que
478 1341 195 42 Philidor
699 1343 263 40 connaissait
999 1342 172 54 Orphée
1200 1356 54 26 au
1282 1342 145 40 moins
1460 1356 76 40 par
1562 1343 41 40 la
1637 1342 177 52 lecture,
1844 1343 107 40 mais
1978 1343 31 40 il
2030 1357 28 40 y
2079 1357 24 28 a

360 1414 106 46 loin,
489 1415 140 41 même
652 1429 111 41 pour
783 1429 62 28 un
865 1414 232 54 musicien,
1117 1429 56 27 au
1193 1414 124 55 point
1338 1415 50 40 de
1403 1428 83 28 vue
1503 1414 51 41 de
1573 1414 284 56 l'impression

359 1488 52 41 de
427 1489 41 40 la
496 1488 154 55 simple
670 1489 161 41 lecture
851 1489 130 41 d'une
1002 1488 211 55 partition
1235 1491 23 38 à
1285 1502 78 27 son
1381 1488 223 41 exécution
1626 1502 56 27 au
1705 1488 175 42 théâtre.
1912 1489 68 40 Ell
2003 1497 97 34 tout

359 1573 83 40 cas,
467 1576 111 40 pour
598 1563 169 41 obtenir
783 1576 61 28 un
862 1562 57 42 tel
938 1566 142 38 succès
1095 1562 171 54 lorsque
1286 1562 196 40 Rameau
1504 1562 101 42 était
1626 1570 115 33 mort
1761 1565 22 37 à
1804 1562 123 54 peine
1948 1562 153 55 depuis

358 1636 210 53 quelques
600 1637 157 40 années
790 1644 40 34 et
857 1649 84 41 que
961 1635 38 42 le
1024 1636 203 41 souvenir
1251 1636 51 41 de
1323 1649 63 27 ses
1420 1649 166 28 œuvres
1615 1637 103 40 était
1747 1648 151 29 encore
1926 1636 107 41 dans
2060 1635 41 42 la

358 1708 207 42 mémoire
597 1709 52 41 de
674 1717 114 42 tous,
826 1710 172 54 lorsque
1024 1708 142 42 Gluck
1198 1709 143 41 venait
1373 1709 49 40 de
1448 1709 167 41 donner
1643 1722 63 27 ses
1737 1708 105 42 trois
1872 1709 228 54 premières

359 1782 255 53 merveilles,
638 1783 32 40 il
691 1783 138 40 fallait
855 1796 84 41 que
962 1782 195 41 Philidor
1183 1785 74 38 eût
1286 1782 247 41 réellement
1554 1783 107 53 payé
1686 1782 50 40 de
1766 1795 45 27 sa
1831 1796 208 41 personne
2060 1790 40 33 et

360 1869 84 40 que
466 1856 40 40 la
527 1856 150 41 valeur
692 1855 289 41 à'Ernelinde
1000 1855 66 41 fût
1083 1855 208 42 éclatante
1308 1862 40 34 et
1369 1855 330 41 incontestable.
1720 1854 60 42 Ce
1797 1869 91 27 sera
1903 1855 195 55 toujours

360 1940 61 28 un
442 1928 160 41 double
627 1928 199 41 honneur
851 1942 109 41 pour
979 1942 45 27 ce
1052 1929 136 53 grand
1216 1928 144 41 artiste
1381 1928 163 41 d'avoir
1564 1928 136 41 réussi
1726 1933 22 35 à
1770 1928 173 54 l'Opéra
1969 1929 130 41 d'une

358 1999 124 60 façon
503 1999 132 60 aussi.
649 2002 202 54 certaine,
875 2009 41 33 et
935 2002 70 54 d'y
1026 2002 119 40 avoir
1166 2001 134 41 réussi
1325 2001 105 41 dans
1451 2001 71 40 des
1553 2001 246 41 conditions
1820 2002 114 40 aussi
1959 2002 115 54 parti-

357 2073 226 44 lièrement
604 2074 194 42 difficiles
821 2076 78 53 (1).

1279 2164 295 43 ARTHUR
1628 2163 293 46 POUGIN.

535 2255 63 45 (La
620 2256 94 35 suite
736 2256 340 45 prochainement.)

402 2408 49 43 (1)
471 2408 98 33 Dans
590 2407 32 33 la
652 2406 119 34 notice
792 2406 144 45 publiée
960 2417 63 33 par
1044 2406 31 33 le
1106 2404 211 44 Palamède,
1340 2417 47 21 on
1409 2405 42 33 lit
1471 2416 56 23 ces
1553 2405 128 46 lignes,
1706 2404 62 46 qui
1799 2407 150 32 relatent
1967 2415 49 24 un
2035 2404 65 36 fait

359 2463 88 32 dont
464 2462 25 33 il
511 2462 148 33 n'existe
678 2462 147 33 ailleurs
843 2472 139 23 aucune
997 2461 163 34 mention
1184 2472 8 22 :
1217 2474 17 18 «
1256 2461 212 43 Encouragé
1489 2472 65 33 par
1576 2462 32 32 la
1628 2461 124 34 faveur
1781 2462 165 43 générale
1966 2462 89 32 dont
2075 2462 25 32 il

358 2517 177 44 jouissait,
558 2517 166 33 Philidor
744 2528 37 22 se
802 2527 155 34 proposa
975 2517 44 32 de
1039 2516 176 34 réformer
1244 2516 241 33 entièrement
1519 2516 33 32 le
1580 2517 90 42 goût
1690 2516 171 43 national,
1884 2523 47 34 et,
1948 2517 89 32 dans
2060 2528 39 21 ce

358 2572 78 43 bat,
453 2583 171 29 composa
638 2572 200 33 Ernelinde
861 2582 85 24 avec
971 2570 173 34 récitatifs
1160 2571 217 33 entremêlés
1392 2570 267 44 d'airs,d'après
1679 2571 33 33 la
1733 2571 160 32 manière
1913 2571 183 34 italienne.

358 2626 65 32 Cet
444 2637 157 34 ouvrage
626 2625 56 34 fut
704 2627 207 43 représenté
931 2627 18 33 à
969 2626 157 43 l'Opéra,
1148 2631 46 36 et,
1223 2625 137 42 malgré
1380 2625 51 32 les
1454 2625 138 33 cabales
1613 2626 43 32 de
1675 2625 34 33 la
1730 2625 178 40 noblesse,
1933 2625 164 33 entichée

358 2681 44 32 de
426 2681 33 32 la
487 2680 171 43 musique
684 2681 188 41 ancienne,
896 2680 26 33 il
941 2680 55 34 fut
1021 2691 83 32 reçu
1136 2691 84 23 avec
1240 2679 275 34 enthousiasme
1536 2690 63 33 par
1620 2680 33 33 la
1674 2681 104 42 jeune
1801 2680 130 33 France
1953 2679 140 41 d'alors,

358 2742 35 26 et
413 2741 144 27 surtout
580 2745 64 34 par
664 2736 51 33 les
742 2736 166 35 femmes.
931 2735 109 34 Louis
1060 2736 65 33 XV
1146 2745 45 23 en
1212 2735 54 33 fut
1295 2735 30 33 si
1352 2734 147 34 charmé
1529 2735 87 43 qu'il
1643 2736 147 33 accorda
1814 2737 20 31 à
1852 2735 152 33 l'auteur
2025 2745 72 23 une

358 2789 153 42 pension
533 2791 43 33 de
598 2791 55 33 six
676 2796 100 29 cents
796 2791 108 33 livres
925 2800 63 24 sur
1008 2800 38 24 sa
1066 2796 164 28 cassette.
1252 2801 17 19 »
