2618 4028
831 373 209 42 REVUE
1075 374 109 42 DES
1215 374 325 42 CONCERTS

1970 387 80 28 221

374 517 80 41 Ces
481 520 214 56 principes
716 533 186 43 peuvent
927 537 43 27 se
990 524 192 41 résumer
1202 525 51 40 de
1274 525 40 39 la
1338 525 189 40 manière
1558 525 213 42 suivante.
1801 526 35 40 Il
1855 540 29 40 y
1914 539 23 27 a
1957 524 76 55 plu-

320 590 134 41 sieurs
476 593 145 57 façons
641 595 50 40 de
717 596 231 40 concevoir
969 597 265 40 l'ouverture
1257 610 8 28 :
1291 602 23 35 à
1335 598 100 53 quel
1458 601 183 50 système
1662 598 148 41 faut-il
1831 599 166 41 donner
2017 598 40 41 la

319 663 264 54 préférence?
610 666 119 40 Dans
745 681 61 27 un
828 668 185 53 premier
1031 670 200 51 système,
1256 668 264 41 l'ouverture
1541 684 23 25 a
1580 684 112 38 pour
1715 671 78 40 but
1813 671 245 55 d'indiquer

319 750 53 26 en
399 737 134 54 larges
566 739 123 40 traits
710 748 40 31 et
778 753 75 39 par
884 752 62 27 un
978 739 352 53 développement
1361 748 230 44 purement
1620 742 183 40 musical
1834 743 40 40 la
1905 746 153 51 pensée

318 809 235 53 dirigeante
586 811 59 39 du
666 810 162 53 drame,
864 824 98 27 sans
983 811 239 53 cependant
1243 811 107 53 qu'il
1383 825 42 27 se
1453 819 151 33 trouve
1624 813 107 40 dans
1755 814 37 40 le
1822 814 108 41 tissu
1961 829 65 27 mu-

319 881 104 41 sical
445 896 61 26 un
529 883 92 40 seul
640 883 173 40 endroit
833 883 134 54 qu'on
991 883 143 54 puisse
1159 892 220 46 rapporter
1399 884 283 43 directement
1700 891 23 36 à
1744 887 41 40 la
1815 888 174 40 marche
2009 889 51 40 de

319 954 194 53 l'action;
549 955 96 42 telle
677 964 63 33 est
768 956 263 42 l'ouverture
1065 957 50 40 de
1148 958 101 40 Don
1278 958 118 40 Juan
1404 990 8 8 .
1449 958 119 41 Dans
1606 973 59 27 un
1702 969 121 33 autre
1856 964 199 51 système,

317 1025 264 44 l'ouverture
601 1030 217 40 constitue
848 1044 61 26 un
943 1031 207 41 véritable
1171 1031 146 41 drame
1352 1032 198 53 musical,
1575 1046 59 27 un
1664 1033 146 41 drame
1832 1034 150 41 vivant
2008 1033 51 42 de

320 1112 79 28 son
421 1100 212 42 existence
654 1115 171 42 propre,
860 1103 92 40 créé
973 1106 23 37 à
1024 1103 229 41 l'occasion
1286 1103 130 41 d'une
1444 1105 117 54 pièce
1591 1105 51 40 de
1663 1105 174 41 théâtre.
1866 1106 59 42 Ce
1953 1106 106 42 n'est

320 1172 98 53 plus
441 1187 60 27 un
533 1174 156 54 simple
711 1188 199 28 morceau
943 1176 286 49 d'harmonie,
1253 1176 167 40 destiné
1444 1179 23 38 à
1488 1179 195 53 préparer
1705 1193 55 26 au
1782 1182 205 37 caractère
2008 1179 50 40 de

317 1244 193 53 l'action,
545 1247 97 40 c'est
666 1260 86 27 une
773 1247 259 54 explication
1061 1248 213 54 anticipée
1296 1248 59 40 du
1385 1249 147 40 drame
1558 1259 95 33 tout
1679 1251 134 41 entier
1833 1253 225 39 concentré

319 1331 53 26 en
395 1319 80 40 elle
493 1333 99 26 avec
615 1333 76 27 son
713 1320 317 51 dénouement;
1056 1320 98 42 telle
1174 1328 62 32 est
1255 1321 260 41 l'ouverture
1535 1323 51 39 de
1606 1324 214 41 Léonore.

375 1390 151 53 Enfin,
545 1392 107 40 dans
675 1406 59 27 un
757 1392 169 40 dernier
947 1393 201 52 système,
1166 1393 75 54 qui
1262 1401 62 32 est
1340 1393 110 41 celui
1470 1394 50 40 de
1536 1395 206 52 Wagner,
1759 1404 40 32 et
1818 1397 106 40 dont
1945 1397 90 41 l'ou-

317 1471 171 34 verture
520 1464 282 54 d'lphigénie
835 1478 51 27 en
938 1465 197 41 Tauride
1180 1474 62 32 est
1276 1467 132 39 restée
1442 1466 39 40 le
1528 1468 99 52 plus
1668 1468 157 52 parfait
1870 1470 186 53 modèle,

321 1536 262 42 l'ouverture
604 1551 53 27 ne
678 1537 93 41 doit
792 1540 87 38 être
899 1539 140 53 qu'un
1056 1538 209 54 prologue
1288 1539 125 51 idéal,
1438 1547 131 46 ayant
1589 1553 112 40 pour
1726 1543 80 40 but
1833 1542 51 40 de
1917 1550 119 33 trans-

317 1616 141 45 porter
479 1618 123 32 notre
624 1610 133 53 esprit
777 1627 17 21 «
818 1610 108 40 dans
959 1623 67 28 ces
1059 1611 169 53 sphères
1255 1612 161 39 élevées
1446 1616 55 36 où
1531 1611 29 41 il
1594 1627 41 26 se
1662 1613 200 41 recueille
1884 1615 92 41 loin
2006 1616 53 40 de

319 1689 123 32 toute
469 1683 331 54 préoccupation
830 1682 238 42 extérieure
1093 1699 17 21 »
1136 1692 39 33 et
1208 1684 50 40 de
1293 1683 205 42 l'amener
1529 1689 23 36 à
1583 1687 277 53 comprendre
1882 1687 176 43 l'action

318 1754 77 52 qui
417 1767 53 28 va
503 1755 160 42 suivre.
709 1755 92 41 Elle
838 1769 52 27 ne
925 1755 92 41 doit
1054 1769 74 41 pas
1150 1757 304 52 entreprendre
1491 1758 52 39 de
1573 1759 176 53 peindre
1784 1773 84 27 une
1912 1760 145 42 action

316 1825 96 41 telle
448 1841 86 40 que
566 1828 38 40 le
646 1828 146 40 drame
815 1837 104 45 peut
958 1828 91 40 seul
1084 1842 52 26 en
1163 1830 276 52 représenter,
1477 1831 107 40 mais
1622 1832 111 40 viser
1766 1833 291 53 uniquement

317 1902 24 36 à
373 1913 61 27 un
467 1912 130 41 genre
634 1901 293 54 d'expression
962 1902 262 53 compatible
1260 1916 98 27 avec
1391 1903 40 40 la
1471 1903 204 56 musique
1709 1905 343 43 instrumentale.

316 1971 126 42 Voilà
461 1973 59 40 les
543 1973 230 55 principes,
804 1988 165 40 voyons
999 1975 275 41 maintenant
1304 1985 219 32 comment
1552 1977 38 41 le
1622 1978 214 42 musicien
1865 1993 21 27 a
1917 1992 49 28 su
1996 1978 59 42 les

316 2053 152 33 mettre
489 2059 54 27 en
566 2060 162 30 œuvre.

372 2118 60 40 Le
452 2119 145 40 drame
619 2133 110 27 nous
751 2128 157 33 retrace
930 2118 58 43 les
1011 2118 242 44 différentes
1274 2122 227 54 péripéties
1524 2124 51 40 de
1603 2123 185 42 l'amour
1814 2123 180 44 d'lseult
2015 2134 40 33 et

316 2191 51 40 de
389 2190 190 43 Tristan.
608 2191 142 41 L'idée
780 2192 240 54 dirigeante
1040 2194 58 40 du
1132 2194 147 40 drame
1310 2194 99 41 c'est
1430 2195 199 54 l'amour,
1653 2197 100 42 c'est
1774 2201 22 36 à
1829 2206 107 33 cette
1966 2199 91 40 idée

315 2263 107 54 qu'il
444 2264 123 54 s'agit
590 2265 50 40 de
664 2278 110 27 nous
793 2267 201 52 préparer
1014 2274 41 31 et
1074 2266 50 40 de
1145 2280 110 27 nous
1277 2268 223 40 assimiler.
1522 2269 60 41 Le
1597 2270 174 52 prélude
1792 2270 137 54 prend
1946 2271 111 41 donc

315 2345 110 32 cette
445 2338 170 52 pensée,
639 2336 244 42 considérée
904 2351 56 27 au
983 2338 124 54 point
1128 2338 51 40 de
1201 2352 82 28 vue
1305 2340 181 41 abstrait
1514 2350 39 32 et
1586 2342 181 53 dégagée
1797 2342 51 40 de
1881 2351 97 33 tous
1999 2344 59 40 les

314 2408 150 42 détails
484 2409 59 42 du
564 2409 164 54 drame,
752 2410 30 41 il
809 2409 40 42 la
880 2410 236 55 développe
1137 2425 77 40 par
1243 2413 59 39 les
1324 2427 180 40 moyens
1526 2415 200 54 spéciaux
1747 2420 22 35 à
1792 2416 40 40 la
1853 2416 204 54 musique

317 2483 331 41 instrumentale
680 2492 39 32 et
741 2484 182 40 l'amène
945 2488 23 36 à
997 2498 86 27 une
1119 2486 255 40 conclusion
1409 2488 338 52 correspondant
1775 2503 55 26 au
1862 2489 166 41 dénoue-

319 2564 121 32 ment
459 2556 50 40 de
530 2556 176 40 l'action
727 2556 221 54 scénique.
974 2559 39 37 A
1035 2566 162 31 travers
1214 2558 60 40 les
1301 2559 120 40 mille
1451 2559 395 42 enchevêtrements
1867 2562 58 40 du
1949 2562 107 40 tissu

317 2629 198 49 musical,
539 2629 162 53 l'esprit
719 2629 88 40 suit
828 2630 59 39 les
908 2629 376 41 transformations
1308 2632 260 40 successives
1590 2634 50 39 de
1666 2641 65 33 cet
1766 2647 169 39 amour,
1971 2634 66 40 d'a-

318 2702 105 40 bord
446 2702 143 41 chaste
608 2710 41 32 et
671 2710 208 46 contenu,
911 2703 98 53 puis
1032 2702 283 42 s'échauffant
1342 2718 76 41 par
1453 2707 162 52 degrés,
1647 2714 171 46 passant
1852 2721 75 40 par
1961 2716 97 31 tous

315 2775 59 40 les
393 2775 306 40 ravissements
718 2775 50 40 de
787 2774 40 41 la
848 2775 158 40 félicité
1027 2775 209 41 humaine
1259 2785 41 33 et
1329 2778 224 42 s'exaltant
1592 2792 81 40 peu
1696 2784 23 36 à
1752 2794 83 40 peu
1855 2780 202 54 jusqu'au

316 2848 286 42 tumultueux
622 2848 132 40 délire
774 2848 52 40 de
851 2849 42 40 la
923 2848 173 54 passion
1126 2850 271 51 inassouvie,
1434 2863 109 41 pour
1570 2853 229 50 retomber,
1828 2854 152 39 énervé
2008 2853 50 40 de

316 2919 190 56 volupté,
549 2920 108 40 dans
687 2921 59 40 les
777 2928 160 33 extases
955 2919 223 55 alanguies
1198 2921 52 40 de
1270 2922 40 40 la
1331 2921 172 54 passion
1535 2923 216 41 satisfaite.
1787 2924 35 40 Il
1856 2938 44 26 se
1931 2924 127 41 laisse

313 2993 106 40 aller
439 2997 22 35 à
480 3006 46 27 ce
550 3001 184 33 courant
753 2993 249 41 irrésistible
1023 2993 75 53 qui
1120 2993 226 41 l'entraîne
1362 2995 93 40 loin
1484 2996 73 40 des
1587 2997 179 40 sentiers
1797 2997 160 51 battus,
1980 2997 78 54 qui

317 3066 39 41 le
377 3066 168 41 trouble
564 3074 39 32 et
626 3066 36 41 le
691 3065 101 54 jette
814 3074 96 33 tout
931 3065 168 42 étourdi
1123 3066 106 40 dans
1264 3081 61 27 un
1358 3068 156 40 monde
1549 3067 50 42 de
1634 3070 238 41 sensations
1907 3070 128 40 incon-

318 3150 123 28 nues.
468 3137 60 42 Ce
550 3140 108 39 n'est
679 3138 95 54 plus
797 3138 222 42 l'émotion
1039 3138 202 54 produite
1261 3154 78 40 par
1359 3140 38 42 le
1418 3140 170 41 charme
1608 3141 52 41 de
1682 3141 184 52 Mozart,
1886 3140 40 42 la
1948 3143 90 40 séré-

319 3210 90 41 nité
443 3211 224 53 d'Haydn,
691 3211 40 40 la
764 3212 222 41 sublimité
1007 3212 50 40 de
1079 3211 262 55 Beethoven,
1364 3213 39 41 la
1425 3213 141 54 poésie
1595 3222 41 32 et
1667 3214 40 40 la
1741 3214 236 41 sensibilité
2011 3217 50 39 de

319 3283 163 41 Weber
503 3292 40 32 et
569 3284 52 40 de
644 3284 319 53 Mendelssohn,
991 3285 101 40 c'est
1114 3299 85 27 une
1232 3286 258 54 impression
1521 3288 184 52 étrange,
1745 3301 180 40 presque
1952 3288 80 41 dou-

317 3357 199 42 loureuse
538 3366 40 33 et
599 3357 106 43 dont
724 3358 40 41 la
787 3359 254 53 persistance
1063 3358 99 41 finit
1195 3373 76 39 par
1303 3359 199 53 produire
1536 3374 85 27 une
1653 3370 111 33 sorte
1798 3361 53 44 de
1884 3363 177 43 malaise
