2618 4028
660 477 0 0 206

1028 435 78 40 LA
1137 432 385 51 CHRONIQUE
1554 432 317 43 MUSICALE

574 579 198 55 majeur),
799 594 202 27 morceau
1023 580 131 41 d'une
1174 579 160 56 grande
1355 580 155 53 allure,
1530 579 132 42 d'une
1680 579 110 54 style
1809 583 21 36 à
1845 578 41 42 la
1907 578 82 41 fois
2010 580 142 52 noble,
2168 583 153 41 ardent

574 662 40 32 et
636 654 243 54 passionné,
905 656 289 54 accompagné
1217 669 75 41 par
1321 668 62 28 un
1418 653 215 43 orchestre
1663 666 53 28 en
1749 652 192 56 quelque
1968 660 113 34 sorte
2110 653 208 56 haletant,

575 727 104 41 dont
699 728 202 55 l'énergie
923 729 144 42 donne
1088 729 100 56 plus
1209 729 51 42 de
1280 728 123 43 relief
1430 740 153 29 encore
1609 732 23 37 à
1656 727 39 42 la
1717 727 153 56 pensée
1896 727 228 56 exprimée,
2150 736 170 33 surtout

574 801 176 56 lorsque
770 802 37 43 le
829 803 275 55 deux-temps
1126 804 139 41 arrive
1286 817 74 28 sur
1381 816 67 28 ces
1469 816 91 28 vers
1585 816 9 29 :

1035 950 42 40 S*
1082 951 28 37 il
1117 950 99 52 faut
1234 962 73 39 que
1329 958 39 30 tu
1387 960 62 27 me
1469 949 81 37 sois
1571 946 124 51 ravie,

1034 1019 65 36 De
1109 1018 102 51 flots
1232 1018 47 37 de
1297 1029 105 40 sang
1412 1016 249 51 j'inonderai
1681 1026 62 27 ces
1766 1014 125 39 lieux.

576 1152 151 53 Enfin,
750 1155 33 40 il
816 1167 55 28 ne
896 1167 225 42 remarque
1152 1155 127 54 point
1312 1166 84 43 que
1417 1153 39 42 le
1482 1165 202 29 morceau
1710 1166 9 27 :
1749 1152 165 41 Jurons
1939 1164 78 29 sur
2050 1164 78 29 nos
2147 1151 175 55 glaives

571 1230 233 53 sanglants
804 1260 12 21 ,
838 1242 28 27 n
870 1228 10 18 s
883 1237 62 33 est
967 1242 75 42 pas
1072 1241 61 29 un
1163 1228 153 41 chœur
1348 1234 279 49 proprement
1652 1226 85 54 dit,
1767 1226 110 41 mais
1908 1239 62 28 un
1994 1239 203 28 morceau
2225 1225 71 42 dia-

573 1302 127 55 logué
720 1312 119 33 entre
863 1317 61 27 un
946 1303 122 41 ténor
1090 1303 91 40 solo
1208 1302 265 55 (Sandomir)
1496 1309 42 34 et
1561 1315 60 28 un
1642 1300 152 41 chœur
1814 1300 52 41 de
1887 1300 106 41 trois
2020 1300 101 41 voix
2148 1300 142 41 d'hom-

574 1390 89 28 mes
693 1377 337 55 (haute-contre,
1061 1376 117 42 taille
1209 1384 40 34 et
1279 1375 149 55 basse),
1462 1376 80 54 qui
1573 1374 158 56 respire
1766 1388 87 28 une
1881 1374 160 55 grande
2071 1374 181 54 énergie,
2277 1383 44 33 et

574 1451 195 54 acquiert
795 1451 281 56 précisément
1105 1463 86 29 une
1212 1452 233 40 étonnante
1475 1449 229 56 puissance
1729 1462 76 42 par
1825 1449 59 41 les
1902 1450 198 54 réponses
2127 1462 84 41 que
2234 1449 77 42 fait

573 1527 39 40 le
640 1526 152 41 chœur
811 1540 87 27 aux
924 1526 172 55 phrases
1118 1526 145 54 posées
1295 1539 74 41 par
1397 1525 39 41 le
1458 1526 122 39 ténor
1593 1539 9 36 ;
1629 1522 142 42 c'était
1790 1523 42 41 là
1853 1536 62 28 un
1938 1522 96 41 effet
2055 1534 201 30 nouveau
2276 1531 40 33 et

574 1600 218 42 vraiment
811 1601 170 52 trouvé,
1013 1608 40 34 et
1073 1608 108 34 cette
1200 1613 121 40 page,
1354 1599 105 42 dont
1482 1597 60 42 les
1564 1597 379 55 développements
1972 1603 97 34 sont
2098 1596 221 41 d'ailleurs

574 1674 210 53 modérés,
804 1680 62 34 est
880 1673 130 40 d'une
1025 1672 123 41 réelle
1165 1672 328 54 magnificence.

626 1747 49 40 Je
697 1758 54 29 ne
771 1746 83 41 sais
873 1745 35 41 si
928 1745 41 42 la
988 1745 209 56 partition
1225 1745 27 40 d
1256 1744 259 42 'Ernelinde
1536 1758 22 25 a
1580 1743 65 42 été
1666 1742 174 56 publiée
1860 1741 87 42 lors
1968 1741 52 42 de
2039 1739 282 58 l'apparition

571 1821 52 41 de
644 1828 65 33 cet
727 1833 203 41 ouvrage,
953 1832 54 28 en
1036 1820 133 54 1767;
1201 1818 83 55 j'en
1306 1819 145 53 doute,
1482 1831 70 27 car
1575 1817 79 41 elle
1681 1830 22 28 a
1735 1817 65 40 été
1821 1817 154 53 gravée
1995 1829 53 27 en
2088 1817 126 55 1769,
2237 1817 85 42 lors

571 1894 52 41 de
637 1908 43 27 sa
699 1893 208 55 première
927 1892 175 56 reprise,
1117 1900 42 33 et
1173 1892 31 41 il
1219 1891 107 42 n'est
1345 1895 133 51 guère
1498 1890 207 56 probable
1726 1903 84 42 que
1829 1903 46 27 ce
1896 1888 67 43 fut
1980 1890 40 41 là
2035 1903 87 28 une
2144 1891 178 40 seconde

570 1968 182 41 édition.
776 1967 67 41 En
866 1975 97 33 tout
984 1981 83 39 cas,
1093 1966 38 55 je
1147 1966 92 42 vais
1261 1965 251 55 reproduire
1531 1964 55 42 ici
1607 1965 38 41 le
1667 1964 99 41 titre
1788 1971 120 34 exact
1935 1964 52 40 de
2007 1971 109 34 cette
2140 1964 179 54 édition,

569 2055 125 41 parce
712 2042 106 54 qu'il
835 2055 112 28 nous
968 2041 192 55 apprend
1176 2054 63 27 un
1257 2041 76 40 fait
1354 2039 75 55 qui
1451 2046 62 34 est
1536 2039 106 41 resté
1658 2038 205 58 inaperçu
1879 2037 51 41 de
1945 2044 97 34 tous
2063 2037 60 42 les
2148 2037 149 54 biogra-

571 2116 107 54 phes
693 2127 10 31 :
719 2133 19 21 a
754 2115 245 42 Ernelinde
1003 2148 10 20 ,
1030 2115 190 54 tragédie
1234 2114 173 54 lyrique
1422 2127 52 27 en
1489 2113 106 41 trois
1607 2121 127 40 actes,
1757 2112 105 41 mise
1874 2126 54 26 en
1940 2111 205 55 musique
2166 2124 77 42 par
2263 2114 54 38 A.

573 2189 55 41 D.
661 2189 211 55 Philidor,
905 2191 152 39 maître
1089 2189 52 41 de
1174 2187 204 55 musique
1407 2187 51 41 de
1498 2187 44 42 S.
1564 2189 56 39 A.
1650 2187 43 41 S.
1728 2185 100 55 Mgr
1855 2186 40 41 le
1926 2185 84 41 duc
2037 2186 183 52 régnant
2251 2185 71 40 des

574 2263 296 54 Deux-Ponts,
894 2263 145 40 dédiée
1063 2268 23 37 à
1105 2262 197 41 madame
1322 2261 40 41 la
1383 2269 207 33 comtesse
1610 2260 51 41 de
1683 2259 216 54 Forbach,
1923 2259 266 54 représentée
2210 2272 111 42 pour

570 2336 41 41 la
642 2336 207 55 première
870 2336 78 41 fois
972 2350 77 41 par
1073 2334 263 43 l'Académie
1367 2334 160 55 royalle
1561 2333 92 55 (sic)
1674 2333 52 40 de
1755 2333 221 54 musique,
1999 2335 40 39 le
2062 2345 55 42 29
2142 2345 149 28 novem-

574 2410 73 41 bre
675 2411 129 55 1767,
834 2418 40 34 et
894 2410 153 41 remise
1068 2423 55 28 au
1145 2409 163 41 théâtre
1336 2408 40 41 le
1407 2421 53 27 22
1480 2407 166 55 janvier
1678 2407 126 55 1769.
1830 2423 19 21 »
1877 2406 125 42 Nous
2030 2419 156 27 savons
2208 2406 113 41 donc

1002 2469 7 8 *

571 2483 272 41 maintenant
872 2496 83 42 que
988 2483 195 41 Philidor
1216 2482 68 41 fut
1314 2483 154 40 maître
1502 2481 51 40 de
1580 2480 40 41 la
1653 2480 207 54 musique
1893 2479 58 41 du
1986 2479 84 42 duc
2100 2479 49 40 de
2179 2479 143 41 Deux-

574 2557 151 54 Ponts,
741 2570 169 29 comme
929 2557 39 40 le
982 2557 65 40 fut
1061 2556 96 55 plus
1180 2556 94 41 tard
1299 2555 200 41 Dezèdes.
1522 2554 59 40 Le
1602 2554 77 41 fait
1700 2553 108 42 n'est
1830 2566 75 42 pas
1921 2566 99 28 sans
2040 2554 132 40 doute
2187 2553 24 41 d
2219 2552 7 19 9
2234 2566 85 28 une

569 2630 270 56 importance
865 2630 309 55 considérable,
1204 2630 110 42 mais
1341 2630 32 41 il
1402 2636 106 34 vaut
1543 2627 261 42 néanmoins
1822 2627 40 42 la
1893 2627 124 55 peine
2036 2627 132 42 d'être
2195 2641 95 28 men-

570 2702 149 45 tionné
748 2706 83 52 (1).

625 2779 61 42 Ce
715 2778 77 56 qui
821 2786 61 35 est
905 2780 99 55 plus
1034 2778 256 56 important,
1322 2780 100 38 c'est
1456 2776 39 42 le
1523 2778 145 39 succès
1696 2787 100 44 que,
1824 2774 267 56 finalement,
2124 2774 197 43 Philidor

569 2861 219 47 remporta
809 2857 23 38 à
849 2852 192 56 l'Opéra,
1065 2855 144 39 succès
1230 2851 335 43 unanimement
1582 2850 193 42 constaté
1792 2863 77 42 par
1885 2850 61 41 les
1966 2849 354 55 contemporains

612 3027 52 44 (i)
690 3024 56 36 On
785 3034 233 37 remarquera
1046 3036 73 34 que
1147 3032 91 28 cette
1263 3024 139 36 édition
1429 3025 45 34 de
1497 3025 34 33 la
1564 3024 174 45 partition
1768 3023 45 33 de
1839 3019 167 37 Philidor
2039 3027 104 38 porte
2173 3022 33 33 le
2237 3022 83 34 titré

567 3081 33 33 &
603 3082 203 34 Ernelinde
828 3088 35 28 et
885 3083 33 33 la
938 3083 81 33 date
1039 3083 44 32 de
1108 3082 103 45 1769,
1234 3081 84 33 bien
1339 3081 83 45 qu'à
1442 3086 91 28 cette
1552 3083 135 41 reprise
1710 3079 44 32 de
1777 3078 102 46 1769,
1903 3078 183 43 l'ouvrage
2113 3078 50 33 ait
2189 3086 130 35 reparu

566 3137 20 33 à
606 3137 145 43 POpéra
787 3148 85 23 sous
903 3149 51 21 un
992 3147 165 25 nouveau
1191 3137 84 33 titre
1304 3147 8 22 :
1336 3136 91 33 celui
1467 3137 43 31 de
1542 3134 200 34 Sandomir
1752 3145 12 30 ;
1793 3133 185 43 peut-être
2011 3131 154 35 l'affiche
2203 3133 93 33 aban-

567 3192 246 34 donna-t-elle
835 3192 230 45 rapidement
1087 3203 38 22 ce
1141 3192 84 33 titre
1248 3192 43 32 de
1311 3191 201 34 Sandomir
1533 3200 92 34 pour
1643 3188 144 35 revenir
1800 3188 20 33 à
1841 3187 91 34 celui
1955 3188 21 32 d
1980 3187 221 35 'Ernelinde.

609 3247 56 33 En
690 3258 103 34 1772,
824 3248 204 33 Ernelinde
1057 3248 86 34 était
1171 3247 229 44 représentée
1425 3245 19 34 à
1465 3245 187 33 Bruxelles
1682 3245 92 32 dans
1809 3243 63 33 des
1901 3243 268 35 circonstances
2189 3254 109 34 excep-

567 3300 193 36 tionnelles
776 3314 7 22 :
804 3315 18 20 «
844 3304 67 33 Les
927 3309 280 39 entrepreneurs
1223 3302 49 33 du
1296 3301 175 44 spectacle
1491 3301 44 32 de
1556 3299 201 43 Bruxelles,
1777 3299 153 34 voulant
1947 3299 157 33 célébrer
2124 3299 32 33 le
2176 3300 81 42 jour
2277 3299 42 32 de

568 3359 115 32 sainte
702 3358 175 44 Thérèse,
903 3358 70 34 fête
993 3359 43 34 de
1061 3356 256 47 l'impératrice
1338 3356 100 34 reine
1455 3356 44 33 de
1519 3354 176 45 Hongrie,
1719 3360 63 28 ont
1808 3353 131 45 choisi,
1955 3365 46 24 au
2022 3353 96 34 mois
2138 3354 182 33 d'octobre

570 3412 156 46 dernier,
743 3415 202 35 Ernelinde
950 3442 7 17 ,
974 3426 44 24 en
1039 3415 155 35 invitant
1216 3415 47 33 M.
1282 3413 166 34 Philidor
1461 3412 19 35 à
1493 3412 149 34 assister
1659 3412 20 34 à
1698 3411 33 34 la
1752 3410 300 45 représentation,
2064 3421 15 22 s
2099 3411 17 41 (,
2116 3409 204 45 Spectacles

570 3467 44 34 de
633 3468 113 36 Paris
768 3481 94 32 pour
886 3471 127 44 1775,)
