2578 3797
784 282 148 47 THE
1151 278 305 49 TAMING
1617 278 239 47 OF
1857 277 55 53 SHREW.

156 298 104 36 200

159 394 104 42 and
300 390 239 52 matting
573 400 122 42 may
729 389 62 41 be
816 386 282 44 stretched
1120 385 238 43 beneath
1376 385 172 43 them.
1572 384 108 43 The
1698 382 285 44 furniture
2011 384 177 42 would
2216 382 219 42 include

162 482 191 43 carved
391 482 199 49 chests,
642 491 30 29 a
722 477 191 41 carved
949 475 185 52 settle,
1169 487 30 30 a
1230 474 105 43 few
1368 475 177 42 chairs
1578 473 134 43 with
1749 473 257 43 cushions
2040 470 56 45 of
2129 471 212 44 leather
2374 480 61 33 or

160 568 146 43 cloth
342 568 54 42 of
429 567 121 52 gold
586 577 61 30 or
680 564 105 43 silk
832 564 196 55 (satin)
1075 562 242 54 damask,
1352 576 30 29 a
1415 563 170 42 couch
1623 562 186 43 before
1844 564 93 41 the
1970 562 105 43 fire
2108 563 157 52 (once
2309 560 126 54 only

159 667 32 31 a
224 656 150 53 royal
407 654 282 54 position),
723 667 29 29 a
785 652 310 53 flap*table,
1127 665 150 30 some
1311 663 223 32 sconces
1585 651 89 43 for
1721 652 239 52 candles,
2009 652 106 42 and
2159 652 276 49 towering

160 746 169 40 above
362 743 73 43 all
470 757 29 29 a
530 743 280 52 four-post
846 745 258 40 bedstead
1157 743 217 52 blazing
1420 745 133 40 with
1604 743 179 52 gilded
1837 742 241 52 carving,
2127 742 135 42 with
2310 739 124 54 gold

159 833 366 52 embroidery,
576 832 116 43 rich
742 831 295 52 vallances,
1084 833 250 51 precious
1367 832 211 52 fringes
1609 832 106 42 and
1757 832 247 51 pictured
2041 832 394 51 counterpane.

159 921 174 43 When
367 932 82 31 we
483 921 161 42 know
677 922 127 41 that
836 922 95 41 the
967 921 151 43 Duke
1153 921 55 42 of
1240 921 244 45 Exeter's
1525 922 261 42 bedstead
1837 924 104 38 and
1997 924 438 48 appurtenances

162 1010 118 42 cost
310 1006 201 55 2,800/.
541 1010 250 53 (modern
827 1010 180 52 value)
1042 1020 81 32 we
1157 1021 98 31 can
1291 1010 191 53 hardly
1515 1021 104 31 run
1655 1021 105 42 any
1795 1011 207 50 danger
2051 1007 55 44 of
2153 1019 181 32 excess
2379 1009 55 39 in

158 1096 348 55 elaborating
546 1099 115 42 this
695 1100 129 41 item
861 1100 55 41 in
951 1100 94 41 the
1078 1110 181 32 scene.

255 1188 174 42 There
463 1200 110 31 was
610 1200 67 31 no
711 1189 303 51 particular
1047 1190 247 40 costume
1326 1188 88 42 for
1445 1189 97 41 the
1578 1189 158 42 chase
1771 1190 54 40 in
1862 1198 142 42 1590,
2039 1189 104 39 and
2177 1188 97 42 the
2308 1186 127 55 only

158 1278 278 42 additions
469 1280 57 40 to
560 1279 96 41 the
690 1278 259 53 ordinary
997 1280 233 49 country
1279 1280 153 40 dress
1481 1277 55 43 of
1583 1291 67 29 an
1706 1278 353 46 Elizabethan
2110 1277 118 43 lord
2274 1277 158 40 when

159 1367 240 52 hunting
431 1368 176 41 would
644 1368 65 42 be
742 1368 94 41 the
871 1368 136 39 horn
1043 1368 104 39 and
1184 1368 71 41 its
1289 1366 132 52 belt,
1456 1367 134 42 with
1626 1380 32 27 a
1688 1367 178 51 pouch
1903 1369 101 40 and
2041 1368 222 50 dagger.
2295 1363 70 43 As
2389 1364 46 42 It

159 1458 44 41 is
236 1457 204 41 winter
470 1456 137 42 time
640 1457 346 51 throughout
1033 1456 96 40 the
1179 1456 180 42 entire
1407 1457 183 39 action
1640 1453 56 45 of
1743 1456 95 42 the
1882 1458 281 40 induction
2199 1456 104 40 and
2337 1456 97 42 the

158 1543 125 55 play
314 1546 95 41 the
442 1557 135 41 page
610 1546 195 42 should
844 1548 62 41 be
941 1547 220 41 dressed
1197 1546 58 41 in
1289 1559 29 29 a
1354 1546 127 51 high
1515 1556 159 41 gown
1710 1542 54 45 of
1797 1547 94 40 cut
1927 1545 200 52 velvet,
2183 1556 140 41 open
2378 1546 56 41 in

156 1631 173 53 front,
379 1635 299 52 disclosing
727 1647 30 30 a
805 1635 168 43 kirtle
1028 1635 54 42 of
1131 1636 378 41 embroidered
1559 1634 127 44 silk.
1735 1636 42 41 A
1810 1634 112 43 ruff
1955 1635 192 42 should
2183 1637 64 41 be
2280 1646 154 31 worn

158 1725 176 39 round
371 1724 95 42 the
501 1724 157 49 neck,
691 1736 31 30 a
755 1724 245 52 Jewelled
1051 1726 157 41 chain
1264 1735 131 31 over
1449 1725 83 41 his
1581 1725 209 49 breast,
1834 1735 217 31 narrow
2084 1722 249 55 puffings
2366 1734 69 32 on

158 1810 288 43 shoulders
490 1814 105 39 and
630 1811 113 44 lace
777 1811 140 45 ruffs
953 1825 67 30 on
1054 1813 207 43 wrists.

255 1899 247 53 Turning
537 1913 121 30 now
690 1904 58 39 to
781 1903 96 40 the
911 1901 126 55 play
1070 1913 80 30 we
1181 1900 116 42 find
1332 1901 96 42 the
1463 1901 395 42 architectural
1891 1913 192 30 scenes
2121 1913 92 32 are
2247 1901 105 44 laid
2378 1901 56 42 in

159 1988 183 43 Padua
374 1992 104 40 and
507 1992 53 40 in
586 2004 30 28 a
652 1994 233 52 country
920 1993 169 42 house
1119 1994 168 41 about
1321 1990 354 55 half-a-day's
1708 1992 232 54 journey
1970 1992 141 43 from
2145 1994 98 41 the
2265 1997 167 38 town.

155 2077 174 44 There
365 2091 91 31 are
489 2081 197 41 twelve
722 2092 188 32 scenes
945 2079 334 54 altogether,
1315 2082 175 40 which
1524 2092 123 43 may
1698 2082 64 40 be
1816 2081 172 53 easily
2042 2081 240 52 brought
2315 2082 119 42 into

155 2167 97 41 the
286 2178 244 40 compass
563 2167 56 43 of
649 2169 130 42 five.
1631 2180 63 34 &

247 2266 39 34 1.
323 2258 40 41 A
399 2258 182 51 public
612 2260 169 50 place.
814 2261 127 52 (Act
974 2261 35 41 i.
1043 2262 81 40 Sc.
1161 2270 15 30 1
1217 2261 103 41 and
1355 2270 64 38 2;
1453 2262 99 40 Act
1586 2261 69 41 iv.
1679 2261 81 41 Sc.
1786 2271 32 29 2
1840 2261 103 39 and
1971 2270 61 40 4;
2068 2260 100 42 Act
2191 2271 48 33 v.
2266 2261 85 43 Sc.
2371 2260 63 54 1.)

244 2356 48 32 2.
329 2351 38 37 A
403 2359 151 30 room
591 2350 54 40 in
682 2347 292 54 Baptista's
1010 2349 192 43 house.
1236 2349 155 53 (Acts
1425 2350 56 42 ii.
1515 2351 104 38 and
1656 2349 104 53 ill.)

244 2445 51 42 3.
327 2436 43 42 A
403 2449 151 30 room
591 2439 53 40 in
681 2437 305 44 Petrucio's
1021 2441 235 51 country
1291 2440 190 42 house.
1513 2439 123 53 (Act
1670 2440 70 42 iv.
1772 2440 84 42 Sc.
1894 2449 18 32 1
1948 2440 105 41 and
2088 2439 74 53 3.)

245 2526 71 52 (4.
349 2530 42 38 A
427 2529 232 52 country
692 2528 176 53 road.)
898 2528 127 52 (Act
1058 2529 70 42 iv.
1160 2530 84 41 Sc.
1284 2529 73 52 5.)

245 2627 50 39 5.
328 2619 42 39 A
404 2628 152 32 room
591 2618 56 42 In
685 2618 312 43 Lucentio's
1031 2619 190 44 house.
1252 2619 127 52 (Act
1411 2630 54 32 v.
1495 2620 85 41 Sc.
1613 2620 73 51 2.)

255 2717 39 32 1.
328 2707 111 42 The
472 2707 185 54 public
689 2720 199 42 square
924 2721 62 29 or
1019 2720 140 42 open
1207 2708 154 54 place
1410 2711 55 41 in
1513 2711 97 41 the
1657 2708 128 44 first
1828 2708 102 42 Act
1964 2721 122 41 may
2120 2712 68 51 by
2221 2722 30 30 a
2284 2708 149 45 little

157 2799 390 49 management
579 2799 64 40 be
679 2800 155 39 made
869 2801 56 38 to
961 2809 157 32 serve
1151 2797 96 42 the
1283 2799 199 40 second
1508 2809 160 30 scene
1694 2796 54 43 of
1770 2799 100 40 Act
1902 2797 56 50 i.,
1981 2799 95 39 the
2101 2797 198 42 second
2326 2797 104 41 and

153 2885 192 43 fourth
378 2884 56 43 of
466 2886 102 43 Act
600 2889 90 47 iv.,
723 2889 106 40 and
863 2889 97 40 the
993 2886 129 43 first
1156 2888 54 41 of
1243 2889 117 42 Act.
1394 2899 51 32 v.
1480 2886 111 43 The
1625 2889 198 40 second
1869 2898 164 31 scene
2067 2885 55 43 of
2152 2888 97 40 the
2282 2888 150 41 third

154 2974 119 51 Act,
307 2976 178 42 which
519 2978 44 40 is
598 2979 282 41 described
915 2989 57 31 as
1008 2979 164 51 being
1203 2974 219 48 before
1461 2976 292 52 Baptista's
1803 2976 189 52 house,
2040 2988 124 42 may
2212 2976 115 52 just
2376 2988 57 32 as

156 3063 122 44 well
316 3067 63 40 be
415 3067 54 40 in
504 3067 95 41 the
632 3078 154 32 room
821 3079 59 31 as
914 3069 53 39 in
1002 3068 95 42 the
1131 3068 216 49 street;
1381 3069 106 41 and
1522 3068 14 42 1
1572 3078 100 30 can
1705 3065 117 43 find
1859 3067 232 52 nothing
2113 3067 54 40 in
2194 3067 98 41 the
2315 3068 118 40 text

156 3153 61 43 to
248 3157 235 49 prevent
518 3157 261 43 Lucentio
803 3155 223 55 lodging
1059 3168 133 32 near
1221 3158 97 42 the
1352 3157 283 43 residence
1659 3155 55 44 of
1737 3157 264 51 Baptista,
2021 3167 63 30 or
2101 3159 59 40 to
2180 3158 253 51 separate

157 3244 295 44 Hortenslo
483 3244 141 44 from
660 3247 202 44 either.
880 3247 42 42 A
941 3247 428 53 diagonally-set
1386 3258 184 41 scene,
1587 3258 58 31 as
1668 3247 295 52 suggested
1990 3246 55 42 in
2067 3247 97 42 the
2186 3247 244 42 annexed

157 3333 244 54 diagram
436 3336 117 52 (No.
589 3336 81 53 I.),
701 3336 177 43 would
915 3337 122 53 give
1073 3349 62 31 us
1168 3338 98 41 the
1299 3347 138 41 open
1473 3336 151 52 place
1659 3336 70 49 P;
1765 3337 95 41 the
1896 3337 169 42 house
2099 3335 56 44 of
2188 3337 245 52 Baptista

156 3423 62 51 B,
250 3425 130 40 with
416 3435 29 30 a
481 3427 327 50 courtyard;
857 3426 95 43 the
1003 3427 170 42 house
1217 3423 55 45 of
1324 3426 285 51 Lucentio,
1640 3426 40 51 I,
1713 3426 134 42 with
1883 3437 70 31 an
1976 3427 216 50 arcade,
2225 3425 76 52 A;
2335 3426 97 42 the
