2626 3794
986 272 416 54 EDITORIAL
1447 272 270 47 NOTES.
1751 286 63 33 &

162 278 98 42 282

161 395 118 41 way
313 384 44 42 is
392 384 83 42 his
510 393 121 32 own
683 381 104 42 and
844 380 193 43 should
1074 380 211 41 receive

162 473 70 42 all
266 473 96 42 the
396 473 179 52 praise
600 472 132 40 such
758 482 29 29 a
811 469 182 42 talent
1011 469 275 42 deserves.

164 563 105 42 But
322 563 158 39 when
537 562 66 39 he
660 562 243 39 borrows
959 559 82 41 Mr
1094 557 192 43 Poel's

162 653 221 42 method
439 649 53 42 of
545 649 184 44 scenic
782 649 395 51 arrangement
1221 648 64 42 he

165 743 241 41 borrows
440 740 64 49 if,
538 750 80 30 we
656 750 256 42 suppose,
943 737 127 53 only
1105 740 57 40 to
1186 738 101 51 put

164 831 44 39 It
241 828 192 42 down:
490 828 44 40 it
589 828 44 41 is
689 837 70 32 no
804 827 311 42 conviction
1149 826 135 42 with

165 921 128 41 him.
330 920 84 42 Mr
451 917 205 45 Barker
689 917 140 42 tries
865 915 269 44 different
1173 927 76 32 me-

161 1009 241 51 thods,...
426 1006 106 43 and
558 1007 67 41 he
650 1006 137 42 tries
807 1005 83 43 his
915 1006 371 51 experiments

164 1110 68 31 on
268 1099 92 42 the
397 1099 178 51 dog,...
609 1098 127 40 that
769 1098 45 40 is
848 1098 58 40 to
941 1108 113 40 say,
1091 1107 69 30 on
1190 1095 96 42 the

157 1188 203 54 public.
382 1188 94 44 We
503 1189 66 41 do
595 1189 99 41 not
727 1187 209 43 believe
962 1187 56 41 In
1044 1185 204 43 vivisec-

162 1279 118 42 tion
318 1279 252 41 methods
605 1278 55 41 in
698 1278 93 42 the
828 1278 258 42 Theatre.

265 1369 95 42 We
393 1371 150 39 want
567 1371 56 38 to
649 1378 89 31 see
759 1378 59 31 as
840 1371 154 48 stage
1018 1367 273 41 directors

169 1470 120 30 men
372 1457 54 42 of
510 1456 388 52 conviction,...
965 1467 122 29 men
1154 1455 135 41 with

170 1550 250 42 methods
475 1546 56 43 of
583 1549 148 39 their
774 1559 143 30 own.
948 1547 96 42 We
1078 1545 98 43 ask
1207 1543 88 44 for

169 1639 232 53 original
435 1637 176 52 work,
645 1637 232 52 original
913 1637 273 51 thought:
1211 1648 82 30 we

170 1729 101 43 call
304 1729 87 42 for
416 1739 121 30 men
560 1725 54 44 of
632 1729 93 40 the
745 1729 179 49 stamp
950 1724 54 43 of
1027 1726 269 51 Cezanne,

170 1822 246 50 Gauguin
453 1822 105 39 and
612 1820 113 41 Van
782 1819 184 50 Gogh;
1023 1828 79 30 we
1159 1818 136 39 have

167 1909 104 42 had
307 1908 218 51 enough
562 1907 55 43 of
650 1908 98 42 the
782 1907 177 50 placid
997 1905 298 50 imitators,

166 2001 97 42 the
296 2001 158 42 timid
490 1998 380 52 opportunists
913 1998 94 41 too
1041 2006 164 42 eager
1237 1996 58 40 to

165 2092 115 42 suit
298 2092 95 42 the
411 2090 183 53 public
613 2090 135 41 with
769 2088 315 51 something
1105 2087 191 42 rather

171 2181 253 43 unusual.
461 2180 138 42 That
632 2181 43 41 is
712 2180 100 42 bad
851 2180 106 49 art,
1008 2187 132 42 very
1192 2176 102 41 bad

170 2279 105 47 art,
331 2275 104 42 and
492 2283 98 33 can
638 2272 101 41 but
772 2271 165 41 breed
975 2280 177 31 worse
1190 2271 106 38 art.

169 2366 95 44 We
316 2365 151 41 want
518 2365 58 39 to
632 2373 90 31 see
778 2359 208 44 Barker
1019 2360 152 41 wash
1209 2358 85 41 his

170 2455 174 42 hands
379 2455 105 41 and
520 2454 221 42 become
776 2449 238 43 himself.
1066 2449 93 42 His
1202 2459 63 41 pa-

170 2547 180 42 rodies
387 2544 53 42 of
475 2545 162 42 other
674 2540 173 45 men's
882 2542 150 42 ideas
1068 2551 92 31 are
1197 2542 99 39 out

171 2636 55 43 of
257 2636 174 53 place,
463 2634 294 42 worthless
792 2634 103 41 and
922 2632 285 43 feminine.
1232 2638 64 34 ■£?

171 2735 65 35 jg?
292 2728 94 41 We
439 2725 180 43 would
685 2725 191 41 rather
938 2722 178 43 watch
1185 2722 110 41 him

174 2816 235 43 blunder
462 2825 131 33 over
646 2815 83 42 his
793 2825 121 30 own
980 2812 316 51 expression

172 2909 135 42 than
359 2909 132 40 hear
538 2907 111 41 him
706 2905 103 52 lisp
858 2905 101 41 out
1007 2905 291 41 sentences

171 2998 211 44 framed
419 3000 184 41 better
637 2999 69 51 by
740 2998 163 41 other
936 2995 123 52 lips.

291 3090 82 41 Mr
425 3088 207 43 Barker
675 3089 96 41 has
806 3086 168 54 lately
1009 3086 169 42 called
1213 3085 86 41 Mr

175 3178 274 42 Hamilton
486 3175 177 56 Fyfe's
697 3177 189 43 attack
920 3188 68 31 on
1017 3175 282 45 Professor

175 3271 302 45 Reinhardt
529 3282 29 29 a
612 3264 310 61 cowardly
973 3267 209 43 attack.
1216 3269 83 41 Mr

174 3361 251 44 Barker's
560 3358 357 54 productions
1041 3371 94 30 are
1201 3361 98 39 not

174 3450 210 55 exactly
420 3450 215 52 manly:
655 3461 28 31 a
705 3461 121 29 man
865 3448 189 44 knows
1073 3448 84 44 his
1176 3461 120 31 own

1335 381 148 40 mind
1505 390 13 39 ;
1554 381 83 40 Mr
1670 378 208 45 Barker
1911 391 176 33 seems
2123 383 97 40 not
2252 382 79 42 to.
2387 383 73 41 He

1335 471 214 41 echoes.
1587 471 73 41 He
1690 471 96 42 has
1813 481 67 32 no
1898 468 300 56 principles
2219 473 59 40 to
2303 472 159 52 guide

1338 561 81 41 his
1452 564 34 21 44
1508 560 326 52 production
1961 561 68 42 he
2071 561 115 53 just
2222 561 242 43 borrows

1336 663 30 29 a
1401 649 267 44 different
1716 651 221 42 method
1973 651 136 42 with
2144 661 168 42 every
2346 661 117 31 new

1334 741 349 54 production.

1419 833 76 43 No
1516 834 170 51 epoch
1707 834 46 42 is
1773 833 223 43 marked
2020 834 67 52 by
2107 833 159 43 these
2288 833 176 49 Savoy

1334 923 380 52 productions,
1735 924 106 41 and
1861 924 83 41 Mr
1963 922 223 43 Bulloch
2210 922 47 43 is
2276 933 192 42 wrong

1334 1013 58 42 to
1442 1014 178 41 assert
1682 1013 124 43 that
1855 1025 69 30 an
1979 1013 169 51 epoch
2194 1013 96 42 has
2330 1014 136 41 been

1338 1102 223 43 marked
1601 1106 67 52 by
1701 1105 171 43 them.
1907 1102 330 55 Originality
2262 1116 122 41 may
2406 1115 63 30 or

1339 1205 118 42 may
1497 1196 96 39 not
1629 1194 156 43 mark
1818 1206 67 31 an
1922 1195 189 51 epoch.
2403 1201 65 36 £?

1339 1293 64 35 &
1439 1285 202 42 Genius
1683 1284 183 43 marks
1903 1286 61 42 it.
1998 1286 83 41 Mr
2116 1282 210 45 Barker
2360 1282 47 44 is
2441 1295 31 31 a

1339 1373 342 44 resourceful
1738 1385 123 31 man
1916 1373 101 43 full
2076 1371 54 45 of
2182 1373 98 41 the
2351 1374 121 42 best

1342 1465 389 49 intentions,...
1782 1465 106 41 and
1942 1475 150 32 some
2126 1464 155 43 weak
2316 1475 155 32 ones.

1343 1557 173 43 When
1573 1555 68 42 he
1698 1557 121 51 gets
1875 1555 83 41 rid
2026 1554 55 43 of
2143 1557 155 40 these
2364 1557 107 40 and

1342 1646 209 43 strikes
1585 1648 98 40 out
1715 1644 88 44 for
1837 1643 222 46 himself
2085 1647 64 41 he
2175 1657 122 43 may
2317 1646 156 42 mark

1344 1747 67 31 an
1447 1736 190 52 epoch,
1674 1737 99 41 but
1809 1736 66 40 he
1911 1735 110 41 will
2058 1733 118 46 find
2209 1736 126 42 that
2358 1736 44 42 it
2425 1736 46 42 is

1343 1836 133 42 very
1510 1823 241 44 difficult
1782 1827 59 41 to
1876 1827 94 50 get
1994 1827 98 41 out
2118 1823 55 45 of
2198 1826 95 42 the
2317 1826 156 42 habit

1345 1916 68 42 he
1447 1915 98 43 has
1578 1915 79 43 let
1693 1914 220 44 himself
1944 1915 104 51 slip
2082 1916 141 43 into.
2269 1916 45 42 It
2359 1915 112 43 will

1348 2006 133 41 need
1517 2016 30 30 a
1583 2004 80 43 lot
1695 2004 54 43 of
1782 2006 355 49 repentance.
2410 2014 64 34 &

1443 2093 118 43 And
1597 2095 95 42 the
1748 2096 33 23 44
1803 2096 157 51 great
1994 2094 186 52 public
2292 2095 180 42 which

1344 2185 84 41 Mr
1462 2183 226 44 Bulloch
1724 2197 120 42 says
1880 2185 97 42 has
1999 2184 294 43 welcomed
2317 2185 157 42 these

1345 2274 277 43 imitation
1679 2277 168 51 goods
1867 2274 27 43 ?
1938 2277 50 40 Is
2031 2276 46 41 it
2115 2276 95 41 the
2245 2286 228 42 200,000

1343 2368 127 42 that
1536 2367 88 42 Sir
1682 2368 235 41 Herbert
1973 2367 299 42 Beerbohm
2340 2366 136 43 Tree

1345 2469 134 31 once
1513 2456 168 53 spoke
1716 2456 55 43 of
1804 2467 58 32 as
1898 2457 202 51 having
2133 2467 141 41 gone
2298 2457 60 42 to
2383 2466 93 33 see

1344 2551 32 23 44
1383 2547 42 44 A
1460 2547 357 44 Midsummer
1851 2547 209 52 Night's
2120 2547 193 42 Dream
2419 2549 58 40 at

1348 2639 91 40 His
1474 2636 282 54 Majesty's
1778 2636 26 42 ?
1858 2636 73 42 Or
1979 2636 46 43 is
2077 2636 46 42 it
2172 2646 151 32 more
2345 2635 25 43 ?
2405 2635 72 43 At

1347 2739 104 41 any
1486 2730 144 50 rate,
1660 2726 378 44 considerable
2058 2726 183 52 public
2265 2726 213 52 though

1347 2819 44 41 it
1410 2829 122 42 may
1552 2819 84 51 be,
1655 2817 46 41 it
1720 2819 44 41 is
1786 2818 98 42 not
1904 2818 97 42 the

1443 2908 111 43 The
1582 2911 158 49 great
1757 2907 183 52 public
1959 2918 183 32 comes
2166 2908 57 41 to
2245 2918 29 31 a
2300 2905 177 44 man's

1347 2996 155 44 work
1550 2996 39 43 if
1648 2998 63 42 he
1766 2999 65 41 be
1886 3010 31 29 a
1973 2996 195 53 genius
2223 2998 169 41 about
2448 3007 30 32 a

1347 3087 252 43 hundred
1665 3099 160 40 years
1890 3086 146 43 after
2093 3087 66 42 he
2215 3086 46 43 is
2319 3087 159 43 dead.

1349 3179 240 50 Perhaps
1625 3180 30 19 44
1678 3179 109 40 The
1823 3177 209 52 Voysey

1349 3269 109 43 will
1494 3270 108 41 win
1639 3270 96 41 the
1771 3270 157 51 great
1961 3267 184 51 public
2178 3267 58 42 in
2271 3279 29 29 a
2336 3267 107 41 hun-

1349 3360 131 42 dred
1514 3358 178 55 years'
1726 3360 134 42 time
1894 3369 136 33 even
2057 3370 58 31 as
2152 3359 29 23 44

1348 3462 122 31 won
1507 3452 44 40 it
1585 3462 154 31 once.
