2578 3797
498 298 147 47 THE
676 299 509 54 PRODUCTION
1216 301 99 47 OF
1341 302 46 46 A
1423 299 304 50 PUPPET
1754 298 203 48 PLAY
1989 310 65 36 j*

2306 308 102 49 247

141 407 85 45 for
258 409 94 42 the
386 419 167 32 raven
588 410 264 42 returned
885 412 58 41 to
974 409 148 44 fetch
1157 410 45 43 it
1232 411 135 42 with
1401 421 30 32 a
1465 410 149 52 large
1647 410 105 42 and
1785 406 176 55 sticky
1994 407 133 42 bead
2183 405 55 44 of
2290 416 88 33 sec-

144 496 183 42 cotine
362 505 144 43 upon
540 496 72 42 its
645 495 130 55 inky
809 499 207 43 bosom.

239 584 63 46 Of
334 595 191 33 course
558 586 95 42 the
686 588 262 42 audience
970 598 111 33 was
1105 598 257 33 unaware
1386 586 53 44 of
1461 588 94 42 the
1579 586 220 55 anxiety
1820 586 198 44 behind
2042 585 97 43 the
2162 585 240 42 curtain.

142 677 49 42 It
222 686 111 31 was
365 684 58 33 as
457 673 364 54 sympathetic
852 675 105 42 and
1010 675 305 44 interested
1367 687 58 32 as
1473 675 157 44 could
1680 677 84 50 be,
1812 675 103 42 and
1964 672 252 45 followed
2268 673 132 43 each

142 773 162 34 scene
335 763 135 42 with
503 763 207 42 rounds
742 762 53 44 of
827 763 274 53 applause.
1133 763 71 43 As
1238 764 247 52 Caspar's
1517 767 125 49 part
1693 776 109 31 was
1852 762 288 56 originally
2171 762 228 43 written

145 854 55 41 in
234 853 231 42 German
501 851 217 53 dialect,
751 853 45 41 it
827 863 112 32 was
977 863 117 32 now
1125 853 129 42 read
1289 853 54 41 in
1379 854 163 41 broad
1579 854 343 49 Lancashire,
1955 853 104 43 and
2094 852 86 42 his
2228 849 172 54 really

148 943 250 51 amusing
429 941 176 43 antics
636 951 143 33 were
812 941 247 43 received
1094 942 133 42 with
1263 941 280 43 continual
1576 941 276 52 laughter.
1889 942 109 42 The
2031 941 236 53 lighting
2290 950 112 31 was

151 1042 60 32 so
243 1028 297 46 successful
572 1030 125 43 that
728 1031 95 42 the
856 1030 225 43 threads
1114 1041 145 32 were
1292 1028 199 45 almost
1523 1030 272 53 invisible,
1829 1031 104 43 and
1985 1032 95 42 the
2129 1028 183 45 action
2347 1026 56 44 of

148 1122 95 41 the
276 1120 251 53 puppets,
559 1117 211 55 exactly
802 1116 280 55 following
1113 1120 95 42 the
1241 1120 199 51 words,
1475 1119 153 43 made
1660 1120 95 42 the
1788 1119 219 44 illusion
2044 1119 285 50 complete.

244 1210 253 43 Towards
530 1209 95 42 the
659 1210 103 41 end
796 1206 55 45 of
883 1209 94 42 the
1010 1207 123 54 play
1166 1209 46 42 it
1242 1219 111 32 was
1386 1209 343 52 astonishing
1760 1210 58 41 to
1851 1219 88 32 see
1975 1210 118 41 how
2146 1209 94 42 the
2287 1209 87 42 tra-

146 1300 139 54 gedy
316 1298 221 53 gripped
569 1298 95 42 the
701 1296 283 45 audience.
1017 1296 173 44 There
1223 1308 111 32 was
1367 1298 133 42 dead
1534 1295 202 45 silence
1786 1299 54 39 in
1890 1298 94 42 the
2031 1308 151 32 room
2239 1296 160 41 when

1835 1355 11 23 \

150 1390 94 42 the
277 1385 152 46 clock
460 1397 110 33 was
603 1387 166 43 heard
803 1384 239 55 striking
1089 1384 190 46 eleven
1327 1387 106 41 and
1482 1385 163 45 Paust
1691 1398 109 32 was
1849 1385 101 43 left
1995 1385 158 43 alone
2201 1385 55 42 in
2304 1385 99 41 the

149 1475 325 53 moonlight,
503 1474 264 54 listening
800 1475 55 42 in
892 1475 199 51 misery
1123 1474 105 42 and
1278 1474 214 52 despair
1538 1477 59 40 to
1644 1475 95 42 the
1787 1475 197 51 voices,
2037 1474 254 50 intoning
2343 1472 57 43 in

150 1568 156 43 Latin
342 1567 105 41 and
482 1566 297 50 Gregorian
814 1564 256 42 cadences
1111 1564 94 42 the
1238 1563 213 45 eternal
1486 1564 314 42 damnation
1834 1563 123 43 that
1988 1563 231 42 awaited
2275 1562 128 42 him.

146 1656 111 43 The
288 1655 152 54 truly
473 1655 170 41 comic
675 1655 306 50 apparition
1016 1651 54 45 of
1104 1652 169 43 Helen
1308 1651 55 44 of
1395 1652 138 55 Troy
1566 1653 177 42 which
1792 1663 147 33 came
1990 1653 57 42 at
2100 1652 111 42 this
2246 1651 156 52 point

153 1755 110 33 was
296 1756 31 31 a
358 1742 258 45 welcome
649 1740 175 44 relief.
857 1741 146 43 Then
1038 1742 92 42 the
1165 1740 106 52 pall
1303 1740 55 43 of
1388 1741 177 53 gloom
1599 1742 159 52 again
1783 1740 295 52 enveloped
2101 1741 94 41 the
2219 1749 183 33 scene.

150 1831 109 43 The
291 1830 154 44 clock
476 1830 192 43 struck
697 1829 218 44 twelve.
948 1830 276 52 Suddenly
1255 1829 70 43 all
1358 1840 108 32 was
1500 1829 232 53 plunged
1767 1829 54 41 in
1848 1827 262 43 darkness
2133 1827 104 43 and
2263 1826 136 43 with

148 1933 29 31 a
208 1920 138 44 flare
380 1919 55 43 of
465 1931 168 41 green
668 1920 104 42 and
808 1921 234 41 crimson
1077 1919 159 54 light,
1271 1919 182 52 Paust,
1506 1920 259 42 attended
1823 1921 67 50 by
1923 1920 93 41 the
2069 1917 188 51 devils,
2291 1928 112 33 was

150 2011 173 50 swept
356 2010 98 42 out
484 2008 55 44 of
569 2009 169 52 sight.
770 2008 43 43 A
846 2008 161 52 quick
1030 2009 217 42 curtain
1273 2009 103 40 and
1401 2009 95 40 the
1523 2006 399 45 unmistakable
1942 2006 156 43 smell
2125 2005 55 44 of
2202 2005 200 55 Bengal

149 2100 169 54 lights
351 2110 142 32 were
526 2098 250 44 followed
812 2100 67 50 by
912 2112 29 29 a
973 2099 156 43 short
1161 2109 161 32 scene
1355 2098 183 43 where
1571 2099 198 50 Caspar
1802 2109 59 31 as
1894 2099 161 51 night
2087 2098 312 43 watchman

150 2189 104 42 and
290 2189 82 42 his
404 2185 125 45 wife
564 2187 183 43 Gretel
783 2189 203 41 danced
1020 2198 29 32 a
1085 2187 327 43 breakdown
1445 2187 257 52 together
1735 2189 102 41 and
1872 2188 88 41 bid
1992 2187 95 42 the
2143 2187 261 42 audience

155 2279 135 51 good
339 2277 178 53 night.
