2602 3794
176 282 96 44 286

1002 287 415 54 EDITORIAL
1463 291 270 50 NOTES.
1766 308 62 33 &

237 387 124 43 that
379 388 44 44 it
444 391 43 42 is
508 391 94 42 the
623 392 217 42 artistic

280 477 58 42 In
372 475 113 46 fact
507 480 94 41 the
626 479 268 52 privilege
916 480 53 44 of
987 482 313 54 possessing

181 570 105 39 and
320 568 258 55 enjoying
611 581 68 31 an
772 573 220 43 artistic
1024 578 239 48 tempera-

181 660 153 38 ment
438 659 94 41 the
567 660 345 54 indulgence,
948 664 125 41 that
1126 664 63 52 is,
1244 664 54 43 of

178 755 31 31 a
239 744 222 52 general
498 749 247 53 capacity
792 748 87 43 for
926 752 225 53 ruining
1181 752 113 43 fine

173 835 338 50 enterprises
586 839 104 41 and
757 841 209 52 raising
1026 842 130 43 Cain
1222 843 72 42 ail

174 927 196 49 round,
436 928 43 40 is
554 928 235 43 reduced
863 932 58 41 to
992 943 31 30 a
1091 935 205 39 matter

169 1011 59 43 of
271 1016 56 42 L.
360 1027 44 33 s,
460 1017 51 43 d.
982 1030 65 34 JZ?

268 1106 49 41 It
350 1107 43 40 is
428 1107 96 42 the
559 1109 84 40 old
680 1111 152 53 story
866 1109 56 44 of
954 1112 94 42 the
1082 1112 184 52 klepto-

176 1196 180 41 mania
390 1196 55 42 of
468 1197 94 42 the
586 1199 136 52 rich,
741 1203 105 39 and
866 1201 96 42 the

172 1284 54 42 of
258 1285 94 42 the
402 1298 152 39 poor.
1230 1303 64 33 JZ?

174 1369 176 47 CUI
410 1372 346 48 BONO?

169 1460 27 22 r
196 1460 132 91 jphe
372 1466 31 23 44
433 1466 126 42 New
593 1466 146 43 York
771 1470 112 40 Sun
974 1470 56 42 of
1062 1471 232 42 October

258 1554 33 20 44
314 1555 130 49 27th
480 1557 174 41 states
701 1557 144 52 that,
952 1560 149 42 More
1155 1562 136 41 than

167 1642 34 21 44
236 1653 281 43 5»ooo,ooo
554 1646 262 46 dollars...
840 1660 29 29 a
893 1650 399 52 conservative,

168 1733 33 19 44
235 1744 134 41 very
395 1738 409 53 conservative,
830 1740 255 42 estimate
1108 1740 181 45 that...

235 1822 46 41 is
317 1824 163 52 being
512 1829 165 50 spent
710 1828 54 42 in
789 1828 96 43 the
907 1830 382 44 construction

236 1910 56 45 of
323 1914 273 52 theatres,
630 1928 62 32 or
728 1918 97 43 has
859 1919 138 42 been
1032 1923 163 50 spent
1219 1932 69 32 on

234 2003 159 42 those
427 2004 225 55 already
686 2011 207 48 opened
950 2011 55 40 in
1057 2011 234 42 Greater

163 2095 33 21 44
235 2095 126 42 New
394 2093 145 45 York
562 2097 115 42 this
699 2110 151 42 year.
870 2098 118 44 And
1016 2102 125 42 that
1160 2103 129 42 does

231 2185 101 40 not
365 2184 133 43 take
532 2186 119 42 into
685 2190 235 40 account
953 2191 95 41 the
1082 2192 120 41 cost
1235 2190 56 44 of

163 2275 34 20 44
233 2274 96 42 the
365 2277 214 47 ground

162 2370 66 36 JZ?
281 2364 33 24 44
341 2361 161 46 After
553 2378 131 40 easy
737 2368 201 53 sailing
992 2369 163 55 along
1193 2373 95 42 the

159 2451 34 20 44
231 2451 299 55 Broadway
553 2453 238 45 frontier
873 2459 292 43 continues
1192 2462 96 40 the

156 2542 211 53 writer,
424 2547 32 21 44
477 2545 105 41 and
639 2544 147 46 after
840 2548 219 53 delving
1103 2551 57 40 in
1194 2551 94 41 the

153 2631 34 20 44
229 2632 218 52 Jungles
482 2633 57 43 of
572 2634 298 46 theatrical
913 2639 116 42 side
1066 2641 204 42 streets

1277 2699 14 20 9

164 2725 33 19 44
235 2721 47 42 it
318 2735 99 29 can
444 2725 63 41 be
531 2725 225 45 learned
779 2728 123 44 that
926 2741 69 31 no
1020 2730 108 43 less
1153 2733 135 41 than

156 2813 41 22 44
234 2816 211 52 twenty
498 2816 253 44 theatres
802 2817 53 43 of
907 2831 31 31 a
993 2822 138 51 good
1179 2824 113 43 size

163 2902 30 21 44
233 2902 134 44 have
404 2905 137 42 been
568 2909 208 48 opened
803 2920 61 31 or
883 2910 138 43 have
1045 2910 246 55 actually

156 2995 35 20 44
228 2991 135 43 been
398 2994 254 54 building
691 2998 56 41 in
783 2998 111 44 this
927 3010 134 42 year
1095 2999 55 43 of
1183 3013 103 30 our

158 3083 34 23 14

256 3173 116 43 And
409 3177 153 42 what
595 3178 45 42 is
673 3179 97 41 the
804 3179 160 43 value
1001 3179 53 45 of
1086 3183 46 42 It
1164 3183 73 43 all
1260 3184 27 43 ?

159 3262 151 43 what
361 3267 142 49 good
557 3278 123 43 may
714 3269 65 42 be
816 3269 171 52 hoped
1023 3269 87 45 for
1142 3272 141 43 from

159 3351 71 43 all
250 3353 113 45 this
388 3357 313 52 enterprise
720 3361 105 40 and
851 3362 435 51 expenditure?..

160 3443 256 54 Nothing!
440 3446 212 56 twenty
671 3447 171 43 brand
865 3461 117 32 new
1005 3451 278 55 buildings

1349 425 52 16 ...
1439 400 104 41 and
1573 401 233 53 nothing
1829 405 184 42 better
2035 407 58 42 to
2117 411 99 49 put
2235 411 54 41 in
2314 413 150 44 them

1346 486 141 41 than
1523 487 97 44 the
1654 493 258 41 contents
1956 491 56 45 of
2054 496 95 42 the
2186 496 86 44 old
2307 500 161 55 dusty

1346 575 153 55 fusty
1522 578 235 53 jingling
1788 583 216 53 tawdry
2039 585 101 42 box
2175 585 54 43 of
2261 589 204 45 tricks:

1345 663 113 44 five
1495 668 212 43 million
1743 672 204 43 dollars
2001 674 106 42 laid
2154 678 174 51 out,,;,
2362 682 102 40 and

1345 757 236 52 nothing
1613 759 59 41 to
1707 761 64 41 be
1805 763 194 50 gained
2020 763 87 42 for
2130 767 93 41 the
2247 768 218 43 theatre

1341 846 143 44 from
1520 849 46 42 it
1599 849 92 46 all.
2157 865 63 34 zs?

1348 949 65 35 ■£?
1448 940 50 42 It
1531 940 47 43 is
1611 941 174 54 really
1818 956 30 29 a
1881 946 118 53 pity
2020 946 58 42 to
2103 957 93 32 see
2220 959 59 31 so
2304 951 159 42 much

1344 1030 137 51 good
1533 1042 197 44 money
1786 1035 162 53 being
2001 1039 226 50 wasted,
2267 1041 104 40 and
2407 1042 58 40 to

1345 1130 92 32 see
1471 1122 46 41 it
1551 1122 164 55 being
1767 1126 208 42 wasted
2025 1129 66 52 by
2122 1139 149 33 some
2304 1128 161 55 fairly

1343 1211 318 54 intelligent
1712 1227 123 31 men
1885 1219 122 39 who
2058 1219 194 42 should
2305 1219 162 43 know

1350 1302 186 41 better
1570 1303 67 52 by
1673 1314 141 33 now.
2155 1316 65 35 jZ?

1341 1399 65 35 zz?
1440 1394 82 41 Mr
1540 1393 237 44 William
1807 1396 176 54 Brady
2007 1398 44 42 is
2075 1410 103 31 one
2202 1398 56 43 of
2280 1401 150 42 them
2453 1411 14 30 :

1344 1482 81 42 his
1451 1493 120 32 new
1604 1484 221 44 theatre
1860 1487 44 41 is
1940 1486 221 54 already
2186 1501 136 39 open
2346 1493 122 47 ;Mr

1340 1571 142 43 John
1520 1575 134 42 Cort
1687 1576 44 42 is
1764 1578 237 41 another
2034 1578 120 42 who
2180 1580 44 42 is
2248 1591 134 31 soon
2408 1582 56 42 to

1340 1675 160 41 open,
1536 1667 104 40 and
1674 1667 136 41 then
1847 1667 157 44 there
2039 1670 45 41 is
2119 1671 85 41 Mr
2228 1669 236 53 Ames,...

1340 1755 165 53 (none
1555 1757 96 41 the
1701 1757 183 53 wiser,
1932 1770 82 32 we
2067 1759 137 53 fear,
2237 1759 87 44 for
2380 1763 84 41 his

1340 1846 194 42 recent
1566 1848 393 54 experiences,)
1990 1850 214 54 joining
2237 1853 54 40 in
2328 1853 134 42 with

1336 1937 97 41 the
1466 1938 242 43 Shubert
1743 1940 261 42 Brothers
2048 1940 55 42 in
2140 1943 94 41 the
2270 1953 161 42 prepa-

1338 2027 182 40 ration
1556 2027 56 43 of
1644 2039 30 31 a
1708 2029 199 43 double
1940 2031 221 43 theatre
2196 2029 55 45 of
2284 2032 175 43 which

1338 2117 133 53 they
1503 2128 92 31 are
1628 2118 59 42 to
1724 2130 227 40 manage
1984 2121 97 40 the
2116 2131 125 39 one,
2276 2121 66 42 he
2365 2121 95 43 the

1338 2208 184 44 other.
1651 2219 65 34 <£?
1899 2217 66 36 sZ?
2393 2220 66 35 jZ?

1339 2305 66 35 jZ?
1453 2296 328 53 Altogether
1833 2300 46 42 it
1912 2310 176 33 seems
2121 2301 127 43 that
2302 2312 31 32 a
2382 2301 81 43 lot

1338 2386 55 43 of
1425 2386 196 45 labour
1661 2389 42 42 is
1731 2387 163 54 being
1945 2391 208 42 wasted
2190 2390 115 52 just
2338 2403 122 31 now

1338 2479 58 43 in
1442 2480 127 42 New
1602 2477 158 45 York.
1898 2488 66 35 jZ?
2145 2488 65 35 jZ?

2332 2483 48 43 J.
2406 2483 53 42 S.

1333 3327 66 36 ■<S>
1491 3322 129 42 ALL
1668 3321 239 47 RIGHTS
1956 3321 340 48 RESERVED
2390 3332 64 36 ug>

1333 3417 238 45 Gerente
1606 3419 386 52 Responsabile
2017 3421 221 43 GIULfO
2263 3421 190 43 VANZ1

1336 3495 894 17 ■■■■■■eaBKBMnnnHBaKaBanaHBBaMnBn
2234 3498 220 13 mmmmmmmmmmmmm
