2578 3797
140 295 443 72 CLUNN
667 299 409 71 LEWIS
2196 299 207 68 AND
1513 299 208 71 HIS
1792 296 610 71 PUPPETS

136 416 135 88 by
334 413 290 89 John
718 413 305 71 Bull.

233 576 33 24 44
299 570 68 46 In
400 569 289 60 England
723 570 102 46 the
864 573 241 60 Puppet
1150 576 204 47 Shows
1407 589 153 35 were
1608 577 179 47 much
1821 578 65 46 in
1927 589 194 47 vogue
2157 577 65 46 In
2255 574 148 47 such

135 668 34 22 44
197 661 212 61 places
441 673 66 33 as
540 659 455 47 Bartholemew
1019 664 165 55 Fair,
1221 666 194 45 where
1449 667 146 58 they
1623 667 247 47 became
1917 667 238 47 serious
2206 664 195 49 rivals

139 755 35 20 44
210 750 73 48 of
306 748 101 47 the
440 748 204 59 living
676 748 221 47 actors.
2091 767 63 35 JS>
2337 767 64 36 &

587 838 62 46 E.
681 838 70 52 K.
788 837 351 50 Chambers.
1172 846 34 23 44
1230 842 348 48 Mediaeval
1607 846 202 58 Stage.
1909 846 144 48 Vol:
2083 847 75 46 II.
2187 861 61 46 p.
2282 847 122 46 158.

634 1009 28 30 Mr
695 998 174 43 Clunn
907 999 171 42 Lewis
1111 1000 44 41 is
1207 1001 94 41 the
1348 1004 307 51 remaining
1707 1004 116 43 link
1870 1006 57 41 in
1975 1006 244 54 England
2269 1006 134 44 with

633 1088 398 44 Bartholemew
1065 1090 141 52 Fair,
1238 1093 104 40 and
1377 1093 65 40 he
1469 1104 119 32 now
1610 1095 249 42 wanders
1878 1097 241 52 through
2146 1097 264 53 England,

629 1180 296 49 supported
961 1180 57 41 at
1048 1180 163 42 times
1244 1182 66 50 by
1344 1182 97 42 the
1478 1183 210 42 Church
1725 1185 103 40 and
1880 1188 56 38 at
1983 1185 164 44 times
2199 1187 68 52 by
2313 1187 95 42 the

629 1269 198 51 public,
864 1271 74 40 tie
971 1268 47 44 Is
1051 1281 67 30 an
1144 1269 86 43 old
1255 1281 144 39 man,
1423 1282 62 30 or
1507 1282 80 32 we
1608 1272 196 43 should
1831 1274 128 42 hear
1983 1286 149 32 more
2156 1274 54 44 of
2236 1276 169 44 Lewis

625 1361 134 42 than
794 1371 82 32 we
909 1361 85 42 do.
1029 1361 93 40 His
1155 1361 329 42 adventures
1519 1363 180 41 would
1733 1361 85 44 fill
1853 1375 31 30 a
1916 1362 104 43 fair
2052 1365 146 43 sized
2247 1363 160 52 book,

139 1453 105 43 and
278 1453 19 42 I
332 1452 136 43 wish
501 1452 124 42 that
656 1451 199 50 Joseph
889 1451 211 41 Conrad
1136 1449 177 42 would
1348 1448 183 44 follow
1565 1452 108 40 him
1710 1453 175 41 round
1919 1452 87 43 for
2039 1466 29 29 a
2102 1454 191 42 month
2342 1465 65 31 or

140 1555 77 40 so,
252 1543 104 42 and
391 1541 98 44 tell
525 1552 63 32 us
619 1542 96 41 the
750 1539 130 44 tale.
916 1539 77 44 On
1029 1551 30 30 a
1090 1551 157 41 scrap
1282 1538 54 43 of
1368 1550 166 42 paper
1565 1542 124 41 that
1721 1542 19 41 I
1777 1542 151 50 have,
1962 1553 82 31 we
2068 1546 94 48 get
2199 1555 30 30 a
2265 1543 146 42 taste

141 1631 55 44 of
229 1633 82 42 his
346 1630 211 55 quality
590 1631 102 42 and
728 1628 55 45 of
814 1630 122 42 that
969 1627 55 43 of
1057 1628 81 44 his
1171 1628 168 42 show.
1373 1627 126 43 This
1532 1630 44 42 is
1612 1630 119 42 how
1766 1628 47 44 it
1843 1640 238 34 runs:...
2102 1639 62 34 &
2345 1639 67 35 £?

823 1732 42 44 A
916 1732 105 44 few
1075 1734 165 42 Items
1294 1731 54 43 of
1401 1734 95 42 the
1550 1734 180 43 Show.

551 1849 112 32 was
698 1851 30 29 a
764 1838 237 51 Leading
1034 1835 312 44 Attraction
1383 1840 57 39 at
1472 1839 64 41 St
1569 1838 451 43 Bartholomew's

553 1927 141 53 Fair,
747 1927 184 42 where
996 1927 44 40 it
1103 1928 157 41 stood
1319 1929 129 38 next
1501 1928 58 41 to
1627 1927 384 47 Richardson's

860 2046 445 51 Barnstorming
1338 2050 54 38 in
1429 2058 88 42 my
1547 2047 154 41 time.

551 2136 196 54 Played
785 2136 32 24 44
842 2135 111 42 The
990 2135 106 47 Red
1133 2136 144 42 Barn
1385 2135 55 42 In
1479 2148 29 30 a
1541 2134 272 44 veritable
1848 2138 154 42 barn.

553 2227 123 48 Real
711 2228 116 40 rats
863 2227 104 41 and
1001 2225 193 52 plenty
1228 2225 54 42 of
1305 2227 152 40 them
1485 2225 201 42 behind
1708 2227 96 41 the
1828 2228 176 51 stage.

888 2359 227 52 Seating
1169 2359 504 43 Accommodation.

664 2478 192 47 Front
888 2478 188 46 Seats.
1112 2479 154 42 From
1301 2481 96 40 the
1433 2479 192 43 Parish
1659 2481 234 43 Church.

851 2567 163 46 Back
1047 2567 188 46 Seats.
1264 2568 166 43 Sacks
1466 2567 56 43 of
1553 2569 274 50 potatoes.

877 2693 158 48 Steps
1070 2690 222 51 leading
1325 2690 58 41 to
1419 2689 260 52 platform

880 2780 157 41 made
1091 2779 55 41 of
1202 2778 227 43 Linseed
1481 2776 191 45 Cakes.

1010 2897 121 45 But
1160 2895 123 45 full
1334 2900 228 42 Houses.

242 3005 137 41 Here
416 3005 63 41 he
513 3005 273 42 mentions
821 3005 34 23 44
879 3004 109 42 The
1023 3004 108 45 Red
1167 3002 140 42 Barn
1414 3002 124 50 and,
1571 3013 57 31 as
1663 3001 86 43 old
1783 3001 285 54 playgoers
2103 3001 179 54 know,
2314 3004 97 42 the

144 3091 104 44 full
281 3093 128 43 title
444 3093 54 43 of
529 3093 111 43 this
673 3093 126 53 play
831 3094 46 42 is
908 3094 35 22 44
962 3090 212 48 MARIA
1216 3090 268 52 MARTIN,
1533 3091 87 47 OR
1665 3090 129 46 THE
1842 3091 278 49 MURDER
2167 3093 63 42 IN
2279 3091 130 45 THE

150 3182 128 48 RED
314 3182 173 49 BARN

244 3274 126 42 Last
399 3284 132 42 year
563 3274 82 41 Mr
677 3272 177 43 Clunn
906 3270 169 46 Lewis
1124 3282 148 30 came
1307 3272 56 40 to
1415 3270 217 45 London
1683 3270 132 42 with
1866 3270 84 44 his
1995 3273 251 50 puppets,
2299 3272 105 40 and

146 3359 306 54 performed
487 3364 58 41 at
576 3363 95 42 the
706 3363 225 42 Camera
964 3358 156 53 Club,
1151 3361 104 40 and
1288 3361 83 40 Mr
1402 3361 239 42 Bernard
1674 3361 159 42 Shaw
1866 3362 104 41 and
2021 3359 188 44 others
2260 3359 155 42 made

145 3452 255 50 speeches
432 3452 170 43 about
634 3452 110 41 him
780 3451 104 42 and
916 3450 94 41 the
1044 3460 195 42 papers
1273 3460 142 31 were
1448 3447 99 44 full
1581 3448 55 45 of
1670 3450 108 43 him
1804 3451 104 42 and
1932 3451 241 51 pictures
2197 3447 54 44 of
2271 3450 109 40 him
2415 3455 9 16 '
