<?xml version="1.0" encoding="UTF-8"?>
<alto xmlns:xsi="http://www.w3.org/2001/XMLSchema-instance" xmlns="http://www.loc.gov/standards/alto/ns-v2#" xsi:schemaLocation="http://www.loc.gov/standards/alto/ns-v2# http://www.loc.gov/standards/alto/alto-v2.0.xsd" xmlns:xlink="http://www.w3.org/1999/xlink">
	<Description>
		<MeasurementUnit>mm10</MeasurementUnit>
		<sourceImageInformation>
			<fileName>//fileserver7/IN2-2/Princeton/bmtnaau/1913/01_01/00000282.tif</fileName>
		</sourceImageInformation>
		<OCRProcessing ID="OCRPROCESSING_1">
			<preProcessingStep>
				<processingSoftware>
					<softwareCreator>CCS Content Conversion Specialists GmbH, Germany</softwareCreator>
					<softwareName>CCS docWorks</softwareName>
					<softwareVersion>6.7-1.24</softwareVersion>
				</processingSoftware>
			</preProcessingStep>
			<ocrProcessingStep>
				<processingSoftware>
					<softwareCreator>ABBYY (BIT Software), Russia</softwareCreator>
					<softwareName>FineReader</softwareName>
					<softwareVersion>10.0</softwareVersion>
				</processingSoftware>
			</ocrProcessingStep>
		</OCRProcessing>
	</Description>
	<Styles>
		<TextStyle ID="TXT_0" FONTSIZE="32" FONTFAMILY="Times New Roman"/>
		<TextStyle ID="TXT_1" FONTSIZE="18" FONTFAMILY="Times New Roman" FONTSTYLE="bold italics"/>
		<TextStyle ID="TXT_2" FONTSIZE="14" FONTFAMILY="Times New Roman"/>
		<TextStyle ID="TXT_3" FONTSIZE="13" FONTFAMILY="Times New Roman" FONTSTYLE="bold italics"/>
		<TextStyle ID="TXT_4" FONTSIZE="11" FONTFAMILY="Times New Roman" FONTSTYLE="bold italics"/>
		<ParagraphStyle ID="PAR_LEFT" ALIGN="Left"/>
		<ParagraphStyle ID="PAR_RIGHT" ALIGN="Right"/>
		<ParagraphStyle ID="PAR_BLOCK" ALIGN="Block"/>
	</Styles>
	<Layout>
		<Page ID="P72" PHYSICAL_IMG_NR="72" HEIGHT="3794" WIDTH="2609" PRINTED_IMG_NR="258" PC="0.827">
			<TopMargin ID="P72_TM00001" HPOS="0" VPOS="0" WIDTH="2609" HEIGHT="332">
				<TextBlock ID="P72_TB00001" HPOS="166" VPOS="277" WIDTH="102" HEIGHT="52" STYLEREFS="TXT_0 PAR_LEFT">
					<TextLine ID="P72_TL00001" HPOS="166" VPOS="277" WIDTH="102" HEIGHT="52">
						<String ID="P72_ST00001" HPOS="166" VPOS="277" WIDTH="102" HEIGHT="52" CONTENT="258" WC="1.00" CC="000"/>
					</TextLine>
				</TextBlock>
				<TextBlock ID="P72_TB00002" HPOS="881" VPOS="275" WIDTH="1058" HEIGHT="55" STYLEREFS="TXT_1 PAR_RIGHT">
					<TextLine ID="P72_TL00002" HPOS="882" VPOS="275" WIDTH="1057" HEIGHT="55">
						<String ID="P72_ST00002" HPOS="882" VPOS="276" WIDTH="46" HEIGHT="45" CONTENT="A" WC="1.00" CC="0"/>
						<SP ID="P72_SP00001" HPOS="928" VPOS="321" WIDTH="39"/>
						<String ID="P72_ST00003" HPOS="967" VPOS="275" WIDTH="341" HEIGHT="55" CONTENT="HISTORY" WC="0.98" CC="6431195"/>
						<SP ID="P72_SP00002" HPOS="1308" VPOS="330" WIDTH="34"/>
						<String ID="P72_ST00004" HPOS="1342" VPOS="275" WIDTH="100" HEIGHT="48" CONTENT="OF" WC="0.49" CC="27"/>
						<SP ID="P72_SP00003" HPOS="1442" VPOS="330" WIDTH="31"/>
						<String ID="P72_ST00005" HPOS="1473" VPOS="276" WIDTH="366" HEIGHT="47" CONTENT="PUPPETS." WC="0.99" CC="00051006"/>
						<SP ID="P72_SP00004" HPOS="1839" VPOS="330" WIDTH="36"/>
						<String ID="P72_ST00006" HPOS="1875" VPOS="289" WIDTH="64" HEIGHT="34" CONTENT="&amp;" WC="0.14" CC="8"/>
					</TextLine>
				</TextBlock>
			</TopMargin>
			<LeftMargin ID="P72_LM00001" HPOS="0" VPOS="332" WIDTH="147" HEIGHT="3192"/>
			<RightMargin ID="P72_RM00001" HPOS="2506" VPOS="332" WIDTH="103" HEIGHT="3192"/>
			<BottomMargin ID="P72_BM00001" HPOS="0" VPOS="3524" WIDTH="2609" HEIGHT="270"/>
			<PrintSpace ID="P72_PS00001" HPOS="147" VPOS="332" WIDTH="2359" HEIGHT="3192">
				<TextBlock ID="P72_TB00003" HPOS="147" VPOS="381" WIDTH="2359" HEIGHT="3143" STYLEREFS="TXT_2 PAR_BLOCK">
					<TextLine ID="P72_TL00003" HPOS="169" VPOS="381" WIDTH="2300" HEIGHT="55">
						<String ID="P72_ST00007" HPOS="169" VPOS="382" WIDTH="32" HEIGHT="19" CONTENT="44" STYLE="superscript" WC="0.55" CC="44"/>
						<SP ID="P72_SP00005" HPOS="201" VPOS="401" WIDTH="36"/>
						<String ID="P72_ST00008" HPOS="237" VPOS="381" WIDTH="159" HEIGHT="43" CONTENT="those" WC="0.97" CC="67602"/>
						<SP ID="P72_SP00006" HPOS="396" VPOS="424" WIDTH="57"/>
						<String ID="P72_ST00009" HPOS="453" VPOS="384" WIDTH="432" HEIGHT="51" CONTENT="compartments" WC="0.99" CC="057306462650"/>
						<SP ID="P72_SP00007" HPOS="885" VPOS="435" WIDTH="56"/>
						<String ID="P72_ST00010" HPOS="941" VPOS="382" WIDTH="244" HEIGHT="42" CONTENT="situated" WC="0.98" CC="08666625"/>
						<SP ID="P72_SP00008" HPOS="1185" VPOS="435" WIDTH="54"/>
						<String ID="P72_ST00011" HPOS="1239" VPOS="381" WIDTH="224" HEIGHT="46" CONTENT="further" WC="0.98" CC="7040537"/>
						<SP ID="P72_SP00009" HPOS="1463" VPOS="435" WIDTH="49"/>
						<String ID="P72_ST00012" HPOS="1512" VPOS="382" WIDTH="155" HEIGHT="51" CONTENT="back," WC="0.96" CC="76166"/>
						<SP ID="P72_SP00010" HPOS="1667" VPOS="435" WIDTH="55"/>
						<String ID="P72_ST00013" HPOS="1722" VPOS="385" WIDTH="179" HEIGHT="42" CONTENT="which" WC="0.96" CC="46667"/>
						<SP ID="P72_SP00011" HPOS="1901" VPOS="435" WIDTH="53"/>
						<String ID="P72_ST00014" HPOS="1954" VPOS="386" WIDTH="360" HEIGHT="50" CONTENT="represented" WC="0.99" CC="84561055135"/>
						<SP ID="P72_SP00012" HPOS="2314" VPOS="436" WIDTH="58"/>
						<String ID="P72_ST00015" HPOS="2372" VPOS="386" WIDTH="97" HEIGHT="42" CONTENT="the" WC="0.95" CC="165"/>
					</TextLine>
					<TextLine ID="P72_TL00004" HPOS="166" VPOS="469" WIDTH="2303" HEIGHT="56">
						<String ID="P72_ST00016" HPOS="166" VPOS="470" WIDTH="40" HEIGHT="23" CONTENT='"' WC="0.29" CC="7"/>
						<SP ID="P72_SP00013" HPOS="206" VPOS="493" WIDTH="33"/>
						<String ID="P72_ST00017" HPOS="239" VPOS="471" WIDTH="302" HEIGHT="52" CONTENT="countries," WC="0.98" CC="6356788003"/>
						<SP ID="P72_SP00014" HPOS="541" VPOS="523" WIDTH="35"/>
						<String ID="P72_ST00018" HPOS="576" VPOS="469" WIDTH="178" HEIGHT="54" CONTENT="cities," WC="0.99" CC="0007003"/>
						<SP ID="P72_SP00015" HPOS="754" VPOS="523" WIDTH="33"/>
						<String ID="P72_ST00019" HPOS="787" VPOS="473" WIDTH="205" HEIGHT="50" CONTENT="woods," WC="0.98" CC="474404"/>
						<SP ID="P72_SP00016" HPOS="992" VPOS="523" WIDTH="35"/>
						<String ID="P72_ST00020" HPOS="1027" VPOS="483" WIDTH="139" HEIGHT="40" CONTENT="seas," WC="0.98" CC="00653"/>
						<SP ID="P72_SP00017" HPOS="1166" VPOS="523" WIDTH="35"/>
						<String ID="P72_ST00021" HPOS="1201" VPOS="473" WIDTH="299" HEIGHT="52" CONTENT="buildings," WC="0.98" CC="5748660623"/>
						<SP ID="P72_SP00018" HPOS="1500" VPOS="525" WIDTH="34"/>
						<String ID="P72_ST00022" HPOS="1534" VPOS="473" WIDTH="236" HEIGHT="52" CONTENT="palaces," WC="0.98" CC="00795604"/>
						<SP ID="P72_SP00019" HPOS="1770" VPOS="525" WIDTH="36"/>
						<String ID="P72_ST00023" HPOS="1806" VPOS="474" WIDTH="231" HEIGHT="51" CONTENT="temples" WC="0.98" CC="5080853"/>
						<SP ID="P72_SP00020" HPOS="2037" VPOS="525" WIDTH="34"/>
						<String ID="P72_ST00024" HPOS="2071" VPOS="475" WIDTH="106" HEIGHT="42" CONTENT="and" WC="0.91" CC="689"/>
						<SP ID="P72_SP00021" HPOS="2177" VPOS="525" WIDTH="26"/>
						<String ID="P72_ST00025" HPOS="2203" VPOS="485" WIDTH="184" HEIGHT="32" CONTENT="rooms" WC="0.96" CC="65690"/>
						<SP ID="P72_SP00022" HPOS="2387" VPOS="525" WIDTH="25"/>
						<String ID="P72_ST00026" HPOS="2412" VPOS="474" WIDTH="57" HEIGHT="42" CONTENT="in" WC="0.18" CC="78"/>
					</TextLine>
					<TextLine ID="P72_TL00005" HPOS="167" VPOS="560" WIDTH="2303" HEIGHT="59">
						<String ID="P72_ST00027" HPOS="167" VPOS="564" WIDTH="35" HEIGHT="22" CONTENT="44" STYLE="superscript" WC="0.27" CC="77"/>
						<SP ID="P72_SP00023" HPOS="202" VPOS="586" WIDTH="34"/>
						<String ID="P72_ST00028" HPOS="236" VPOS="562" WIDTH="178" HEIGHT="41" CONTENT="which" WC="0.97" CC="07646"/>
						<SP ID="P72_SP00024" HPOS="414" VPOS="603" WIDTH="35"/>
						<String ID="P72_ST00029" HPOS="449" VPOS="572" WIDTH="152" HEIGHT="31" CONTENT="some" WC="0.95" CC="0696"/>
						<SP ID="P72_SP00025" HPOS="601" VPOS="603" WIDTH="35"/>
						<String ID="P72_ST00030" HPOS="636" VPOS="560" WIDTH="222" HEIGHT="52" CONTENT="episode" WC="0.98" CC="0076909"/>
						<SP ID="P72_SP00026" HPOS="858" VPOS="612" WIDTH="35"/>
						<String ID="P72_ST00031" HPOS="893" VPOS="560" WIDTH="56" HEIGHT="43" CONTENT="of" WC="0.65" CC="06"/>
						<SP ID="P72_SP00027" HPOS="949" VPOS="612" WIDTH="33"/>
						<String ID="P72_ST00032" HPOS="982" VPOS="563" WIDTH="95" HEIGHT="42" CONTENT="the" WC="0.96" CC="073"/>
						<SP ID="P72_SP00028" HPOS="1077" VPOS="612" WIDTH="35"/>
						<String ID="P72_ST00033" HPOS="1112" VPOS="564" WIDTH="190" HEIGHT="41" CONTENT="drama" WC="0.94" CC="68799"/>
						<SP ID="P72_SP00029" HPOS="1302" VPOS="612" WIDTH="53"/>
						<String ID="P72_ST00034" HPOS="1355" VPOS="563" WIDTH="135" HEIGHT="43" CONTENT="took" WC="0.98" CC="0521"/>
						<SP ID="P72_SP00030" HPOS="1490" VPOS="612" WIDTH="47"/>
						<String ID="P72_ST00035" HPOS="1537" VPOS="564" WIDTH="172" HEIGHT="52" CONTENT="place," WC="0.97" CC="980064"/>
						<SP ID="P72_SP00031" HPOS="1709" VPOS="616" WIDTH="50"/>
						<String ID="P72_ST00036" HPOS="1759" VPOS="567" WIDTH="106" HEIGHT="40" CONTENT="and" WC="0.92" CC="379"/>
						<SP ID="P72_SP00032" HPOS="1865" VPOS="616" WIDTH="49"/>
						<String ID="P72_ST00037" HPOS="1914" VPOS="564" WIDTH="142" HEIGHT="43" CONTENT="from" WC="0.94" CC="6469"/>
						<SP ID="P72_SP00033" HPOS="2056" VPOS="616" WIDTH="51"/>
						<String ID="P72_ST00038" HPOS="2107" VPOS="564" WIDTH="179" HEIGHT="43" CONTENT="which" WC="0.97" CC="07806"/>
						<SP ID="P72_SP00034" HPOS="2286" VPOS="616" WIDTH="52"/>
						<String ID="P72_ST00039" HPOS="2338" VPOS="567" WIDTH="132" HEIGHT="52" CONTENT="they" WC="0.96" CC="0656"/>
					</TextLine>
					<TextLine ID="P72_TL00006" HPOS="166" VPOS="649" WIDTH="2304" HEIGHT="60">
						<String ID="P72_ST00040" HPOS="166" VPOS="652" WIDTH="35" HEIGHT="23" CONTENT="44" STYLE="superscript" WC="0.57" CC="44"/>
						<SP ID="P72_SP00035" HPOS="201" VPOS="675" WIDTH="35"/>
						<String ID="P72_ST00041" HPOS="236" VPOS="652" WIDTH="180" HEIGHT="40" CONTENT="issued" WC="0.98" CC="460850"/>
						<SP ID="P72_SP00036" HPOS="416" VPOS="692" WIDTH="33"/>
						<String ID="P72_ST00042" HPOS="449" VPOS="649" WIDTH="154" HEIGHT="43" CONTENT="forth" WC="0.96" CC="66607"/>
						<SP ID="P72_SP00037" HPOS="603" VPOS="692" WIDTH="36"/>
						<String ID="P72_ST00043" HPOS="639" VPOS="652" WIDTH="160" HEIGHT="42" CONTENT="when" WC="0.97" CC="0735"/>
						<SP ID="P72_SP00038" HPOS="799" VPOS="694" WIDTH="35"/>
						<String ID="P72_ST00044" HPOS="834" VPOS="652" WIDTH="47" HEIGHT="42" CONTENT="it" WC="0.69" CC="32"/>
						<SP ID="P72_SP00039" HPOS="881" VPOS="694" WIDTH="32"/>
						<String ID="P72_ST00045" HPOS="913" VPOS="663" WIDTH="112" HEIGHT="31" CONTENT="was" WC="1.00" CC="000"/>
						<SP ID="P72_SP00040" HPOS="1025" VPOS="694" WIDTH="35"/>
						<String ID="P72_ST00046" HPOS="1060" VPOS="654" WIDTH="148" HEIGHT="41" CONTENT="their" WC="0.98" CC="06063"/>
						<SP ID="P72_SP00041" HPOS="1208" VPOS="695" WIDTH="31"/>
						<String ID="P72_ST00047" HPOS="1239" VPOS="654" WIDTH="135" HEIGHT="42" CONTENT="turn" WC="0.99" CC="0130"/>
						<SP ID="P72_SP00042" HPOS="1374" VPOS="696" WIDTH="34"/>
						<String ID="P72_ST00048" HPOS="1408" VPOS="655" WIDTH="59" HEIGHT="40" CONTENT="to" WC="0.74" CC="22"/>
						<SP ID="P72_SP00043" HPOS="1467" VPOS="696" WIDTH="49"/>
						<String ID="P72_ST00049" HPOS="1516" VPOS="653" WIDTH="188" HEIGHT="53" CONTENT="speak," WC="0.97" CC="890052"/>
						<SP ID="P72_SP00044" HPOS="1704" VPOS="706" WIDTH="50"/>
						<String ID="P72_ST00050" HPOS="1754" VPOS="657" WIDTH="105" HEIGHT="39" CONTENT="and" WC="0.98" CC="060"/>
						<SP ID="P72_SP00045" HPOS="1859" VPOS="706" WIDTH="52"/>
						<String ID="P72_ST00051" HPOS="1911" VPOS="654" WIDTH="244" HEIGHT="43" CONTENT="whither" WC="0.98" CC="0643704"/>
						<SP ID="P72_SP00046" HPOS="2155" VPOS="706" WIDTH="47"/>
						<String ID="P72_ST00052" HPOS="2202" VPOS="654" WIDTH="135" HEIGHT="55" CONTENT="they" WC="0.96" CC="0655"/>
						<SP ID="P72_SP00047" HPOS="2337" VPOS="709" WIDTH="48"/>
						<String ID="P72_ST00053" HPOS="2385" VPOS="666" WIDTH="57" HEIGHT="31" CONTENT="re" SUBS_TYPE="HypPart1" SUBS_CONTENT="re-44" WC="0.98" CC="05"/>
						<HYP HPOS="2442" VPOS="666" WIDTH="28" CONTENT="-"/>
					</TextLine>
					<TextLine ID="P72_TL00007" HPOS="165" VPOS="742" WIDTH="2300" HEIGHT="57">
						<String ID="P72_ST00054" HPOS="165" VPOS="742" WIDTH="33" HEIGHT="23" CONTENT="44" SUBS_TYPE="HypPart2" SUBS_CONTENT="re-44" STYLE="superscript" WC="0.42" CC="74"/>
						<SP ID="P72_SP00048" HPOS="198" VPOS="765" WIDTH="34"/>
						<String ID="P72_ST00055" HPOS="232" VPOS="742" WIDTH="205" HEIGHT="40" CONTENT="turned" WC="0.96" CC="669646"/>
						<SP ID="P72_SP00049" HPOS="437" VPOS="782" WIDTH="35"/>
						<String ID="P72_ST00056" HPOS="472" VPOS="743" WIDTH="160" HEIGHT="41" CONTENT="when" WC="0.97" CC="6006"/>
						<SP ID="P72_SP00050" HPOS="632" VPOS="784" WIDTH="37"/>
						<String ID="P72_ST00057" HPOS="669" VPOS="743" WIDTH="131" HEIGHT="52" CONTENT="they" WC="0.99" CC="0600"/>
						<SP ID="P72_SP00051" HPOS="800" VPOS="795" WIDTH="34"/>
						<String ID="P72_ST00058" HPOS="834" VPOS="744" WIDTH="106" HEIGHT="42" CONTENT="had" WC="0.91" CC="699"/>
						<SP ID="P72_SP00052" HPOS="940" VPOS="795" WIDTH="38"/>
						<String ID="P72_ST00059" HPOS="978" VPOS="744" WIDTH="239" HEIGHT="54" CONTENT="nothing" WC="0.97" CC="7605867"/>
						<SP ID="P72_SP00053" HPOS="1217" VPOS="798" WIDTH="35"/>
						<String ID="P72_ST00060" HPOS="1252" VPOS="744" WIDTH="112" HEIGHT="45" CONTENT="else" WC="0.97" CC="0704"/>
						<SP ID="P72_SP00054" HPOS="1364" VPOS="798" WIDTH="33"/>
						<String ID="P72_ST00061" HPOS="1397" VPOS="746" WIDTH="60" HEIGHT="42" CONTENT="to" WC="0.42" CC="28"/>
						<SP ID="P72_SP00055" HPOS="1457" VPOS="798" WIDTH="35"/>
						<String ID="P72_ST00062" HPOS="1492" VPOS="746" WIDTH="66" HEIGHT="42" CONTENT="do" WC="0.74" CC="05"/>
						<SP ID="P72_SP00056" HPOS="1558" VPOS="798" WIDTH="51"/>
						<String ID="P72_ST00063" HPOS="1609" VPOS="757" WIDTH="63" HEIGHT="31" CONTENT="or" WC="0.66" CC="42"/>
						<SP ID="P72_SP00057" HPOS="1672" VPOS="798" WIDTH="49"/>
						<String ID="P72_ST00064" HPOS="1721" VPOS="747" WIDTH="57" HEIGHT="41" CONTENT="to" WC="0.70" CC="05"/>
						<SP ID="P72_SP00058" HPOS="1778" VPOS="798" WIDTH="49"/>
						<String ID="P72_ST00065" HPOS="1827" VPOS="757" WIDTH="97" HEIGHT="42" CONTENT="say" WC="0.98" CC="400"/>
						<SP ID="P72_SP00059" HPOS="1924" VPOS="799" WIDTH="53"/>
						<String ID="P72_ST00066" HPOS="1977" VPOS="747" WIDTH="106" HEIGHT="41" CONTENT="and" WC="0.94" CC="078"/>
						<SP ID="P72_SP00060" HPOS="2083" VPOS="799" WIDTH="52"/>
						<String ID="P72_ST00067" HPOS="2135" VPOS="746" WIDTH="96" HEIGHT="42" CONTENT="the" WC="0.94" CC="663"/>
						<SP ID="P72_SP00061" HPOS="2231" VPOS="799" WIDTH="51"/>
						<String ID="P72_ST00068" HPOS="2282" VPOS="746" WIDTH="183" HEIGHT="42" CONTENT="action" WC="0.98" CC="600736"/>
					</TextLine>
					<TextLine ID="P72_TL00008" HPOS="165" VPOS="829" WIDTH="2302" HEIGHT="54">
						<String ID="P72_ST00069" HPOS="165" VPOS="832" WIDTH="33" HEIGHT="20" CONTENT="44" STYLE="superscript" WC="0.25" CC="77"/>
						<SP ID="P72_SP00062" HPOS="198" VPOS="852" WIDTH="36"/>
						<String ID="P72_ST00070" HPOS="234" VPOS="829" WIDTH="157" HEIGHT="44" CONTENT="could" WC="0.95" CC="57887"/>
						<SP ID="P72_SP00063" HPOS="391" VPOS="873" WIDTH="37"/>
						<String ID="P72_ST00071" HPOS="428" VPOS="835" WIDTH="231" HEIGHT="48" CONTENT="proceed" WC="0.99" CC="0230408"/>
						<SP ID="P72_SP00064" HPOS="659" VPOS="883" WIDTH="37"/>
						<String ID="P72_ST00072" HPOS="696" VPOS="833" WIDTH="237" HEIGHT="42" CONTENT="without" WC="0.98" CC="0567730"/>
						<SP ID="P72_SP00065" HPOS="933" VPOS="883" WIDTH="719"/>
						<String ID="P72_ST00073" HPOS="1652" VPOS="846" WIDTH="65" HEIGHT="36" CONTENT="jg?" WC="0.48" CC="807" STYLEREFS="TXT_3"/>
						<SP ID="P72_SP00066" HPOS="1717" VPOS="883" WIDTH="184"/>
						<String ID="P72_ST00074" HPOS="1901" VPOS="846" WIDTH="66" HEIGHT="36" CONTENT="jg?" WC="0.14" CC="897" STYLEREFS="TXT_3"/>
						<SP ID="P72_SP00067" HPOS="1967" VPOS="883" WIDTH="436"/>
						<String ID="P72_ST00075" HPOS="2403" VPOS="845" WIDTH="64" HEIGHT="34" CONTENT="J&amp;" WC="0.36" CC="66" STYLEREFS="TXT_4"/>
					</TextLine>
					<TextLine ID="P72_TL00009" HPOS="165" VPOS="920" WIDTH="2300" HEIGHT="59">
						<String ID="P72_ST00076" HPOS="165" VPOS="929" WIDTH="65" HEIGHT="34" CONTENT="•£?" WC="0.19" CC="888"/>
						<SP ID="P72_SP00068" HPOS="230" VPOS="963" WIDTH="31"/>
						<String ID="P72_ST00077" HPOS="261" VPOS="922" WIDTH="37" HEIGHT="23" CONTENT="44" STYLE="superscript" WC="0.56" CC="44"/>
						<SP ID="P72_SP00069" HPOS="298" VPOS="963" WIDTH="37"/>
						<String ID="P72_ST00078" HPOS="335" VPOS="920" WIDTH="174" HEIGHT="45" CONTENT="There" WC="0.96" CC="47770"/>
						<SP ID="P72_SP00070" HPOS="509" VPOS="965" WIDTH="32"/>
						<String ID="P72_ST00079" HPOS="541" VPOS="923" WIDTH="96" HEIGHT="42" CONTENT="the" WC="0.94" CC="194"/>
						<SP ID="P72_SP00071" HPOS="637" VPOS="965" WIDTH="25"/>
						<String ID="P72_ST00080" HPOS="662" VPOS="925" WIDTH="280" HEIGHT="51" CONTENT="spectator" WC="0.98" CC="565367567"/>
						<SP ID="P72_SP00072" HPOS="942" VPOS="976" WIDTH="23"/>
						<String ID="P72_ST00081" HPOS="965" VPOS="936" WIDTH="108" HEIGHT="32" CONTENT="saw" WC="0.96" CC="009"/>
						<SP ID="P72_SP00073" HPOS="1073" VPOS="976" WIDTH="28"/>
						<String ID="P72_ST00082" HPOS="1101" VPOS="927" WIDTH="173" HEIGHT="52" CONTENT="them," WC="0.98" CC="07060"/>
						<SP ID="P72_SP00074" HPOS="1274" VPOS="979" WIDTH="24"/>
						<String ID="P72_ST00083" HPOS="1298" VPOS="929" WIDTH="129" HEIGHT="41" CONTENT="each" WC="0.96" CC="6227"/>
						<SP ID="P72_SP00075" HPOS="1427" VPOS="979" WIDTH="27"/>
						<String ID="P72_ST00084" HPOS="1454" VPOS="929" WIDTH="60" HEIGHT="40" CONTENT="at" WC="0.26" CC="77"/>
						<SP ID="P72_SP00076" HPOS="1514" VPOS="979" WIDTH="23"/>
						<String ID="P72_ST00085" HPOS="1537" VPOS="929" WIDTH="83" HEIGHT="41" CONTENT="his" WC="0.95" CC="750"/>
						<SP ID="P72_SP00077" HPOS="1620" VPOS="979" WIDTH="26"/>
						<String ID="P72_ST00086" HPOS="1646" VPOS="930" WIDTH="145" HEIGHT="49" CONTENT="post," WC="0.98" CC="06360"/>
						<SP ID="P72_SP00078" HPOS="1791" VPOS="979" WIDTH="22"/>
						<String ID="P72_ST00087" HPOS="1813" VPOS="929" WIDTH="162" HEIGHT="40" CONTENT="when" WC="0.94" CC="9757"/>
						<SP ID="P72_SP00079" HPOS="1975" VPOS="979" WIDTH="25"/>
						<String ID="P72_ST00088" HPOS="2000" VPOS="927" WIDTH="95" HEIGHT="43" CONTENT="the" WC="0.93" CC="296"/>
						<SP ID="P72_SP00080" HPOS="2095" VPOS="979" WIDTH="24"/>
						<String ID="P72_ST00089" HPOS="2119" VPOS="927" WIDTH="125" HEIGHT="52" CONTENT="play" WC="0.97" CC="0870"/>
						<SP ID="P72_SP00081" HPOS="2244" VPOS="979" WIDTH="25"/>
						<String ID="P72_ST00090" HPOS="2269" VPOS="927" WIDTH="196" HEIGHT="51" CONTENT="began," WC="0.96" CC="779384"/>
					</TextLine>
					<TextLine ID="P72_TL00010" HPOS="162" VPOS="1012" WIDTH="2305" HEIGHT="59">
						<String ID="P72_ST00091" HPOS="162" VPOS="1014" WIDTH="36" HEIGHT="21" CONTENT="44" STYLE="superscript" WC="0.41" CC="74"/>
						<SP ID="P72_SP00082" HPOS="198" VPOS="1035" WIDTH="33"/>
						<String ID="P72_ST00092" HPOS="231" VPOS="1012" WIDTH="105" HEIGHT="42" CONTENT="and" WC="0.95" CC="570"/>
						<SP ID="P72_SP00083" HPOS="336" VPOS="1054" WIDTH="37"/>
						<String ID="P72_ST00093" HPOS="373" VPOS="1012" WIDTH="55" HEIGHT="42" CONTENT="In" WC="0.26" CC="77"/>
						<SP ID="P72_SP00084" HPOS="428" VPOS="1054" WIDTH="38"/>
						<String ID="P72_ST00094" HPOS="466" VPOS="1025" WIDTH="30" HEIGHT="29" CONTENT="a" WC="0.37" CC="6"/>
						<SP ID="P72_SP00085" HPOS="496" VPOS="1054" WIDTH="33"/>
						<String ID="P72_ST00095" HPOS="529" VPOS="1012" WIDTH="178" HEIGHT="54" CONTENT="single" WC="0.96" CC="955966"/>
						<SP ID="P72_SP00086" HPOS="707" VPOS="1066" WIDTH="36"/>
						<String ID="P72_ST00096" HPOS="743" VPOS="1014" WIDTH="193" HEIGHT="54" CONTENT="glance" WC="0.97" CC="960850"/>
						<SP ID="P72_SP00087" HPOS="936" VPOS="1068" WIDTH="34"/>
						<String ID="P72_ST00097" HPOS="970" VPOS="1016" WIDTH="161" HEIGHT="43" CONTENT="knew" WC="0.95" CC="6909"/>
						<SP ID="P72_SP00088" HPOS="1131" VPOS="1068" WIDTH="35"/>
						<String ID="P72_ST00098" HPOS="1166" VPOS="1019" WIDTH="96" HEIGHT="42" CONTENT="the" WC="0.96" CC="074"/>
						<SP ID="P72_SP00089" HPOS="1262" VPOS="1068" WIDTH="36"/>
						<String ID="P72_ST00099" HPOS="1298" VPOS="1020" WIDTH="233" HEIGHT="41" CONTENT="number" WC="0.97" CC="709770"/>
						<SP ID="P72_SP00090" HPOS="1531" VPOS="1068" WIDTH="35"/>
						<String ID="P72_ST00100" HPOS="1566" VPOS="1017" WIDTH="56" HEIGHT="45" CONTENT="of" WC="0.30" CC="67"/>
						<SP ID="P72_SP00091" HPOS="1622" VPOS="1068" WIDTH="30"/>
						<String ID="P72_ST00101" HPOS="1652" VPOS="1020" WIDTH="97" HEIGHT="42" CONTENT="the" WC="0.96" CC="074"/>
						<SP ID="P72_SP00092" HPOS="1749" VPOS="1068" WIDTH="54"/>
						<String ID="P72_ST00102" HPOS="1803" VPOS="1019" WIDTH="243" HEIGHT="52" CONTENT="regions," WC="0.98" CC="30976003"/>
						<SP ID="P72_SP00093" HPOS="2046" VPOS="1071" WIDTH="56"/>
						<String ID="P72_ST00103" HPOS="2102" VPOS="1019" WIDTH="96" HEIGHT="42" CONTENT="the" WC="0.97" CC="070"/>
						<SP ID="P72_SP00094" HPOS="2198" VPOS="1071" WIDTH="56"/>
						<String ID="P72_ST00104" HPOS="2254" VPOS="1016" WIDTH="213" HEIGHT="55" CONTENT="quality" WC="0.98" CC="4740500"/>
					</TextLine>
					<TextLine ID="P72_TL00011" HPOS="164" VPOS="1100" WIDTH="2300" HEIGHT="62">
						<String ID="P72_ST00105" HPOS="164" VPOS="1104" WIDTH="33" HEIGHT="21" CONTENT="44" STYLE="superscript" WC="0.33" CC="66"/>
						<SP ID="P72_SP00095" HPOS="197" VPOS="1125" WIDTH="35"/>
						<String ID="P72_ST00106" HPOS="232" VPOS="1100" WIDTH="55" HEIGHT="44" CONTENT="of" WC="0.44" CC="64"/>
						<SP ID="P72_SP00096" HPOS="287" VPOS="1144" WIDTH="32"/>
						<String ID="P72_ST00107" HPOS="319" VPOS="1104" WIDTH="97" HEIGHT="42" CONTENT="the" WC="0.93" CC="475"/>
						<SP ID="P72_SP00097" HPOS="416" VPOS="1146" WIDTH="35"/>
						<String ID="P72_ST00108" HPOS="451" VPOS="1115" WIDTH="353" HEIGHT="43" CONTENT="personages," WC="0.98" CC="07604797651"/>
						<SP ID="P72_SP00098" HPOS="804" VPOS="1158" WIDTH="33"/>
						<String ID="P72_ST00109" HPOS="837" VPOS="1108" WIDTH="56" HEIGHT="42" CONTENT="Ira" WC="0.91" CC="877"/>
						<SP ID="P72_SP00099" HPOS="893" VPOS="1158" WIDTH="34"/>
						<String ID="P72_ST00110" HPOS="927" VPOS="1108" WIDTH="178" HEIGHT="52" CONTENT="short," WC="0.98" CC="066703"/>
						<SP ID="P72_SP00100" HPOS="1105" VPOS="1160" WIDTH="33"/>
						<String ID="P72_ST00111" HPOS="1138" VPOS="1109" WIDTH="96" HEIGHT="42" CONTENT="the" WC="0.94" CC="661"/>
						<SP ID="P72_SP00101" HPOS="1234" VPOS="1160" WIDTH="24"/>
						<String ID="P72_ST00112" HPOS="1258" VPOS="1110" WIDTH="218" HEIGHT="52" CONTENT="subject" WC="0.98" CC="0077666"/>
						<SP ID="P72_SP00102" HPOS="1476" VPOS="1162" WIDTH="21"/>
						<String ID="P72_ST00113" HPOS="1497" VPOS="1109" WIDTH="56" HEIGHT="43" CONTENT="of" WC="0.65" CC="07"/>
						<SP ID="P72_SP00103" HPOS="1553" VPOS="1162" WIDTH="22"/>
						<String ID="P72_ST00114" HPOS="1575" VPOS="1110" WIDTH="94" HEIGHT="43" CONTENT="the" WC="0.95" CC="760"/>
						<SP ID="P72_SP00104" HPOS="1669" VPOS="1162" WIDTH="25"/>
						<String ID="P72_ST00115" HPOS="1694" VPOS="1108" WIDTH="404" HEIGHT="54" CONTENT="performance," WC="0.99" CC="054850597423"/>
						<SP ID="P72_SP00105" HPOS="2098" VPOS="1162" WIDTH="25"/>
						<String ID="P72_ST00116" HPOS="2123" VPOS="1109" WIDTH="165" HEIGHT="52" CONTENT="being" WC="0.95" CC="75899"/>
						<SP ID="P72_SP00106" HPOS="2288" VPOS="1162" WIDTH="23"/>
						<String ID="P72_ST00117" HPOS="2311" VPOS="1108" WIDTH="153" HEIGHT="43" CONTENT="often" WC="0.95" CC="67576"/>
					</TextLine>
					<TextLine ID="P72_TL00012" HPOS="162" VPOS="1194" WIDTH="2302" HEIGHT="60">
						<String ID="P72_ST00118" HPOS="162" VPOS="1194" WIDTH="32" HEIGHT="19" CONTENT="44" STYLE="superscript" WC="0.41" CC="47"/>
						<SP ID="P72_SP00107" HPOS="194" VPOS="1213" WIDTH="37"/>
						<String ID="P72_ST00119" HPOS="231" VPOS="1194" WIDTH="234" HEIGHT="42" CONTENT="assisted" WC="0.98" CC="60061669"/>
						<SP ID="P72_SP00108" HPOS="465" VPOS="1236" WIDTH="36"/>
						<String ID="P72_ST00120" HPOS="501" VPOS="1197" WIDTH="54" HEIGHT="41" CONTENT="in" WC="0.27" CC="77"/>
						<SP ID="P72_SP00109" HPOS="555" VPOS="1238" WIDTH="35"/>
						<String ID="P72_ST00121" HPOS="590" VPOS="1197" WIDTH="115" HEIGHT="41" CONTENT="this" WC="0.97" CC="0670"/>
						<SP ID="P72_SP00110" HPOS="705" VPOS="1238" WIDTH="35"/>
						<String ID="P72_ST00122" HPOS="740" VPOS="1198" WIDTH="69" HEIGHT="52" CONTENT="by" WC="0.63" CC="70"/>
						<SP ID="P72_SP00111" HPOS="809" VPOS="1250" WIDTH="32"/>
						<String ID="P72_ST00123" HPOS="841" VPOS="1198" WIDTH="96" HEIGHT="42" CONTENT="the" WC="0.92" CC="865"/>
						<SP ID="P72_SP00112" HPOS="937" VPOS="1250" WIDTH="34"/>
						<String ID="P72_ST00124" HPOS="971" VPOS="1199" WIDTH="252" HEIGHT="50" CONTENT="placards" WC="0.99" CC="08648000"/>
						<SP ID="P72_SP00113" HPOS="1223" VPOS="1250" WIDTH="32"/>
						<String ID="P72_ST00125" HPOS="1255" VPOS="1198" WIDTH="254" HEIGHT="44" CONTENT="fastened" WC="0.98" CC="78035829"/>
						<SP ID="P72_SP00114" HPOS="1509" VPOS="1250" WIDTH="36"/>
						<String ID="P72_ST00126" HPOS="1545" VPOS="1212" WIDTH="144" HEIGHT="42" CONTENT="upon" WC="0.96" CC="4066"/>
						<SP ID="P72_SP00115" HPOS="1689" VPOS="1254" WIDTH="38"/>
						<String ID="P72_ST00127" HPOS="1727" VPOS="1202" WIDTH="132" HEIGHT="41" CONTENT="each" WC="0.98" CC="0026"/>
						<SP ID="P72_SP00116" HPOS="1859" VPOS="1254" WIDTH="37"/>
						<String ID="P72_ST00128" HPOS="1896" VPOS="1202" WIDTH="409" HEIGHT="50" CONTENT="compartment" WC="0.99" CC="05906046377"/>
						<SP ID="P72_SP00117" HPOS="2305" VPOS="1254" WIDTH="53"/>
						<String ID="P72_ST00129" HPOS="2358" VPOS="1200" WIDTH="106" HEIGHT="42" CONTENT="and" WC="0.93" CC="675"/>
					</TextLine>
					<TextLine ID="P72_TL00013" HPOS="160" VPOS="1283" WIDTH="2306" HEIGHT="58">
						<String ID="P72_ST00130" HPOS="160" VPOS="1283" WIDTH="34" HEIGHT="20" CONTENT="44" STYLE="superscript" WC="0.34" CC="66"/>
						<SP ID="P72_SP00118" HPOS="194" VPOS="1303" WIDTH="34"/>
						<String ID="P72_ST00131" HPOS="228" VPOS="1283" WIDTH="97" HEIGHT="42" CONTENT="the" WC="0.93" CC="863"/>
						<SP ID="P72_SP00119" HPOS="325" VPOS="1325" WIDTH="36"/>
						<String ID="P72_ST00132" HPOS="361" VPOS="1283" WIDTH="384" HEIGHT="53" CONTENT="explanations" WC="0.99" CC="249867607070"/>
						<SP ID="P72_SP00120" HPOS="745" VPOS="1336" WIDTH="35"/>
						<String ID="P72_ST00133" HPOS="780" VPOS="1288" WIDTH="162" HEIGHT="51" CONTENT="given" WC="0.97" CC="96007"/>
						<SP ID="P72_SP00121" HPOS="942" VPOS="1339" WIDTH="37"/>
						<String ID="P72_ST00134" HPOS="979" VPOS="1288" WIDTH="249" HEIGHT="53" CONTENT="verbally" WC="0.98" CC="06770770"/>
						<SP ID="P72_SP00122" HPOS="1228" VPOS="1341" WIDTH="48"/>
						<String ID="P72_ST00135" HPOS="1276" VPOS="1290" WIDTH="69" HEIGHT="51" CONTENT="by" WC="0.64" CC="70"/>
						<SP ID="P72_SP00123" HPOS="1345" VPOS="1341" WIDTH="54"/>
						<String ID="P72_ST00136" HPOS="1399" VPOS="1292" WIDTH="94" HEIGHT="39" CONTENT="the" WC="0.93" CC="666"/>
						<SP ID="P72_SP00124" HPOS="1493" VPOS="1341" WIDTH="55"/>
						<String ID="P72_ST00137" HPOS="1548" VPOS="1292" WIDTH="244" HEIGHT="42" CONTENT="director" WC="0.98" CC="07754835"/>
						<SP ID="P72_SP00125" HPOS="1792" VPOS="1341" WIDTH="51"/>
						<String ID="P72_ST00138" HPOS="1843" VPOS="1289" WIDTH="54" HEIGHT="43" CONTENT="of" WC="0.46" CC="37"/>
						<SP ID="P72_SP00126" HPOS="1897" VPOS="1341" WIDTH="33"/>
						<String ID="P72_ST00139" HPOS="1930" VPOS="1290" WIDTH="98" HEIGHT="42" CONTENT="the" WC="0.97" CC="053"/>
						<SP ID="P72_SP00127" HPOS="2028" VPOS="1341" WIDTH="34"/>
						<String ID="P72_ST00140" HPOS="2062" VPOS="1289" WIDTH="404" HEIGHT="52" CONTENT="performance," WC="0.99" CC="056750588204"/>
					</TextLine>
					<TextLine ID="P72_TL00014" HPOS="261" VPOS="1359" WIDTH="2201" HEIGHT="75">
						<String ID="P72_ST00141" HPOS="261" VPOS="1374" WIDTH="31" HEIGHT="23" CONTENT='"' WC="0.25" CC="7"/>
						<SP ID="P72_SP00128" HPOS="292" VPOS="1397" WIDTH="39"/>
						<String ID="P72_ST00142" HPOS="331" VPOS="1373" WIDTH="71" HEIGHT="43" CONTENT="To" WC="0.15" CC="96"/>
						<SP ID="P72_SP00129" HPOS="402" VPOS="1416" WIDTH="36"/>
						<String ID="P72_ST00143" HPOS="438" VPOS="1387" WIDTH="67" HEIGHT="39" CONTENT="go" WC="0.23" CC="95"/>
						<SP ID="P72_SP00130" HPOS="505" VPOS="1426" WIDTH="35"/>
						<String ID="P72_ST00144" HPOS="540" VPOS="1376" WIDTH="143" HEIGHT="43" CONTENT="from" WC="0.97" CC="6341"/>
						<SP ID="P72_SP00131" HPOS="683" VPOS="1426" WIDTH="36"/>
						<String ID="P72_ST00145" HPOS="719" VPOS="1388" WIDTH="105" HEIGHT="32" CONTENT="one" WC="0.95" CC="570"/>
						<SP ID="P72_SP00132" HPOS="824" VPOS="1426" WIDTH="36"/>
						<String ID="P72_ST00146" HPOS="860" VPOS="1359" WIDTH="73" HEIGHT="61" CONTENT="to'" WC="0.95" CC="274"/>
						<SP ID="P72_SP00133" HPOS="933" VPOS="1426" WIDTH="19"/>
						<String ID="P72_ST00147" HPOS="952" VPOS="1381" WIDTH="238" HEIGHT="40" CONTENT="another" WC="0.98" CC="7709700"/>
						<SP ID="P72_SP00134" HPOS="1190" VPOS="1426" WIDTH="34"/>
						<String ID="P72_ST00148" HPOS="1224" VPOS="1378" WIDTH="56" HEIGHT="45" CONTENT="of" WC="0.47" CC="37"/>
						<SP ID="P72_SP00135" HPOS="1280" VPOS="1426" WIDTH="34"/>
						<String ID="P72_ST00149" HPOS="1314" VPOS="1382" WIDTH="157" HEIGHT="42" CONTENT="these" WC="0.96" CC="66176"/>
						<SP ID="P72_SP00136" HPOS="1471" VPOS="1426" WIDTH="34"/>
						<String ID="P72_ST00150" HPOS="1505" VPOS="1383" WIDTH="34" HEIGHT="23" CONTENT="44" STYLE="superscript" WC="0.32" CC="67"/>
						<SP ID="P72_SP00137" HPOS="1539" VPOS="1426" WIDTH="25"/>
						<String ID="P72_ST00151" HPOS="1564" VPOS="1383" WIDTH="275" HEIGHT="42" CONTENT="mansion!" WC="0.98" CC="98504056"/>
						<SP ID="P72_SP00138" HPOS="1839" VPOS="1426" WIDTH="25"/>
						<String ID="P72_ST00152" HPOS="1864" VPOS="1381" WIDTH="31" HEIGHT="20" CONTENT='"' WC="0.62" CC="3"/>
						<SP ID="P72_SP00139" HPOS="1895" VPOS="1426" WIDTH="35"/>
						<String ID="P72_ST00153" HPOS="1930" VPOS="1384" WIDTH="95" HEIGHT="41" CONTENT="the" WC="0.96" CC="090"/>
						<SP ID="P72_SP00140" HPOS="2025" VPOS="1426" WIDTH="36"/>
						<String ID="P72_ST00154" HPOS="2061" VPOS="1384" WIDTH="184" HEIGHT="41" CONTENT="actors" WC="0.99" CC="030003"/>
						<SP ID="P72_SP00141" HPOS="2245" VPOS="1426" WIDTH="24"/>
						<String ID="P72_ST00155" HPOS="2269" VPOS="1383" WIDTH="193" HEIGHT="51" CONTENT="passed" WC="0.99" CC="060050"/>
					</TextLine>
					<TextLine ID="P72_TL00015" HPOS="230" VPOS="1464" WIDTH="2085" HEIGHT="61">
						<String ID="P72_ST00156" HPOS="230" VPOS="1464" WIDTH="179" HEIGHT="41" CONTENT="round" WC="0.98" CC="09080"/>
						<SP ID="P72_SP00142" HPOS="409" VPOS="1505" WIDTH="37"/>
						<String ID="P72_ST00157" HPOS="446" VPOS="1466" WIDTH="222" HEIGHT="49" CONTENT="behind," WC="0.97" CC="7373482"/>
						<SP ID="P72_SP00143" HPOS="668" VPOS="1515" WIDTH="37"/>
						<String ID="P72_ST00158" HPOS="705" VPOS="1477" WIDTH="63" HEIGHT="32" CONTENT="or" WC="0.40" CC="56"/>
						<SP ID="P72_SP00144" HPOS="768" VPOS="1515" WIDTH="33"/>
						<String ID="P72_ST00159" HPOS="801" VPOS="1478" WIDTH="186" HEIGHT="32" CONTENT="across" WC="0.98" CC="235610"/>
						<SP ID="P72_SP00145" HPOS="987" VPOS="1515" WIDTH="33"/>
						<String ID="P72_ST00160" HPOS="1020" VPOS="1470" WIDTH="96" HEIGHT="41" CONTENT="the" WC="0.95" CC="561"/>
						<SP ID="P72_SP00146" HPOS="1116" VPOS="1515" WIDTH="33"/>
						<String ID="P72_ST00161" HPOS="1149" VPOS="1480" WIDTH="160" HEIGHT="40" CONTENT="space" WC="0.98" CC="08061"/>
						<SP ID="P72_SP00147" HPOS="1309" VPOS="1520" WIDTH="36"/>
						<String ID="P72_ST00162" HPOS="1345" VPOS="1471" WIDTH="253" HEIGHT="42" CONTENT="destined" WC="0.98" CC="05228750"/>
						<SP ID="P72_SP00148" HPOS="1598" VPOS="1520" WIDTH="34"/>
						<String ID="P72_ST00163" HPOS="1632" VPOS="1468" WIDTH="89" HEIGHT="45" CONTENT="for" WC="0.95" CC="860"/>
						<SP ID="P72_SP00149" HPOS="1721" VPOS="1520" WIDTH="29"/>
						<String ID="P72_ST00164" HPOS="1750" VPOS="1472" WIDTH="96" HEIGHT="42" CONTENT="the" WC="0.96" CC="081"/>
						<SP ID="P72_SP00150" HPOS="1846" VPOS="1520" WIDTH="35"/>
						<String ID="P72_ST00165" HPOS="1881" VPOS="1471" WIDTH="225" HEIGHT="53" CONTENT="general" WC="0.97" CC="9560248"/>
						<SP ID="P72_SP00151" HPOS="2106" VPOS="1524" WIDTH="35"/>
						<String ID="P72_ST00166" HPOS="2141" VPOS="1473" WIDTH="174" HEIGHT="52" CONTENT="stage." WC="0.99" CC="003900"/>
					</TextLine>
					<TextLine ID="P72_TL00016" HPOS="159" VPOS="1555" WIDTH="2306" HEIGHT="64">
						<String ID="P72_ST00167" HPOS="159" VPOS="1562" WIDTH="66" HEIGHT="35" CONTENT="jg?" WC="0.20" CC="878"/>
						<SP ID="P72_SP00152" HPOS="225" VPOS="1597" WIDTH="34"/>
						<String ID="P72_ST00168" HPOS="259" VPOS="1555" WIDTH="32" HEIGHT="20" CONTENT="44" STYLE="superscript" WC="0.41" CC="47"/>
						<SP ID="P72_SP00153" HPOS="291" VPOS="1597" WIDTH="38"/>
						<String ID="P72_ST00169" HPOS="329" VPOS="1555" WIDTH="109" HEIGHT="42" CONTENT="But" WC="0.93" CC="746"/>
						<SP ID="P72_SP00154" HPOS="438" VPOS="1597" WIDTH="32"/>
						<String ID="P72_ST00170" HPOS="470" VPOS="1556" WIDTH="197" HEIGHT="52" CONTENT="higher" WC="0.97" CC="760755"/>
						<SP ID="P72_SP00155" HPOS="667" VPOS="1608" WIDTH="33"/>
						<String ID="P72_ST00171" HPOS="700" VPOS="1558" WIDTH="134" HEIGHT="44" CONTENT="than" WC="0.94" CC="6768"/>
						<SP ID="P72_SP00156" HPOS="834" VPOS="1608" WIDTH="37"/>
						<String ID="P72_ST00172" HPOS="871" VPOS="1558" WIDTH="71" HEIGHT="44" CONTENT="all" WC="0.98" CC="600"/>
						<SP ID="P72_SP00157" HPOS="942" VPOS="1608" WIDTH="36"/>
						<String ID="P72_ST00173" HPOS="978" VPOS="1561" WIDTH="95" HEIGHT="42" CONTENT="the" WC="0.96" CC="072"/>
						<SP ID="P72_SP00158" HPOS="1073" VPOS="1608" WIDTH="36"/>
						<String ID="P72_ST00174" HPOS="1109" VPOS="1560" WIDTH="144" HEIGHT="43" CONTENT="little" WC="0.98" CC="711060"/>
						<SP ID="P72_SP00159" HPOS="1253" VPOS="1608" WIDTH="36"/>
						<String ID="P72_ST00175" HPOS="1289" VPOS="1562" WIDTH="220" HEIGHT="52" CONTENT="houses," WC="0.98" CC="7583002"/>
						<SP ID="P72_SP00160" HPOS="1509" VPOS="1614" WIDTH="44"/>
						<String ID="P72_ST00176" HPOS="1553" VPOS="1562" WIDTH="201" HEIGHT="45" CONTENT="almost" WC="0.97" CC="839013"/>
						<SP ID="P72_SP00161" HPOS="1754" VPOS="1614" WIDTH="33"/>
						<String ID="P72_ST00177" HPOS="1787" VPOS="1564" WIDTH="109" HEIGHT="43" CONTENT="like" WC="0.97" CC="7034"/>
						<SP ID="P72_SP00162" HPOS="1896" VPOS="1614" WIDTH="51"/>
						<String ID="P72_ST00178" HPOS="1947" VPOS="1576" WIDTH="30" HEIGHT="31" CONTENT="a" WC="1.00" CC="9"/>
						<SP ID="P72_SP00163" HPOS="1977" VPOS="1614" WIDTH="50"/>
						<String ID="P72_ST00179" HPOS="2027" VPOS="1567" WIDTH="160" HEIGHT="50" CONTENT="great" WC="0.96" CC="96177"/>
						<SP ID="P72_SP00164" HPOS="2187" VPOS="1617" WIDTH="48"/>
						<String ID="P72_ST00180" HPOS="2235" VPOS="1565" WIDTH="230" HEIGHT="54" CONTENT="gallery," WC="0.98" CC="06886404"/>
					</TextLine>
					<TextLine ID="P72_TL00017" HPOS="159" VPOS="1644" WIDTH="2303" HEIGHT="64">
						<String ID="P72_ST00181" HPOS="159" VPOS="1646" WIDTH="33" HEIGHT="20" CONTENT="44" STYLE="superscript" WC="0.29" CC="76"/>
						<SP ID="P72_SP00165" HPOS="192" VPOS="1666" WIDTH="35"/>
						<String ID="P72_ST00182" HPOS="227" VPOS="1644" WIDTH="178" HEIGHT="55" CONTENT="richly" WC="0.97" CC="656780"/>
						<SP ID="P72_SP00166" HPOS="405" VPOS="1699" WIDTH="34"/>
						<String ID="P72_ST00183" HPOS="439" VPOS="1647" WIDTH="316" HEIGHT="51" CONTENT="decorated," WC="0.99" CC="1005096194"/>
						<SP ID="P72_SP00167" HPOS="755" VPOS="1699" WIDTH="34"/>
						<String ID="P72_ST00184" HPOS="789" VPOS="1660" WIDTH="124" HEIGHT="32" CONTENT="rose" WC="0.98" CC="2500"/>
						<SP ID="P72_SP00168" HPOS="913" VPOS="1699" WIDTH="34"/>
						<String ID="P72_ST00185" HPOS="947" VPOS="1651" WIDTH="60" HEIGHT="41" CONTENT="at" WC="0.64" CC="51"/>
						<SP ID="P72_SP00169" HPOS="1007" VPOS="1699" WIDTH="32"/>
						<String ID="P72_ST00186" HPOS="1039" VPOS="1651" WIDTH="97" HEIGHT="42" CONTENT="the" WC="0.97" CC="070"/>
						<SP ID="P72_SP00170" HPOS="1136" VPOS="1699" WIDTH="37"/>
						<String ID="P72_ST00187" HPOS="1173" VPOS="1650" WIDTH="136" HEIGHT="43" CONTENT="back" WC="0.96" CC="7508"/>
						<SP ID="P72_SP00171" HPOS="1309" VPOS="1699" WIDTH="36"/>
						<String ID="P72_ST00188" HPOS="1345" VPOS="1650" WIDTH="56" HEIGHT="44" CONTENT="of" WC="0.29" CC="67"/>
						<SP ID="P72_SP00172" HPOS="1401" VPOS="1699" WIDTH="52"/>
						<String ID="P72_ST00189" HPOS="1453" VPOS="1652" WIDTH="96" HEIGHT="44" CONTENT="the" WC="0.95" CC="453"/>
						<SP ID="P72_SP00173" HPOS="1549" VPOS="1699" WIDTH="50"/>
						<String ID="P72_ST00190" HPOS="1599" VPOS="1655" WIDTH="156" HEIGHT="52" CONTENT="stage" WC="0.99" CC="07002"/>
						<SP ID="P72_SP00174" HPOS="1755" VPOS="1707" WIDTH="47"/>
						<String ID="P72_ST00191" HPOS="1802" VPOS="1655" WIDTH="99" HEIGHT="42" CONTENT="the" WC="0.96" CC="261"/>
						<SP ID="P72_SP00175" HPOS="1901" VPOS="1707" WIDTH="52"/>
						<String ID="P72_ST00192" HPOS="1953" VPOS="1655" WIDTH="282" HEIGHT="53" CONTENT="Paradiso," WC="0.53" CC="602965073"/>
						<SP ID="P72_SP00176" HPOS="2235" VPOS="1708" WIDTH="50"/>
						<String ID="P72_ST00193" HPOS="2285" VPOS="1658" WIDTH="177" HEIGHT="41" CONTENT="which" WC="0.96" CC="96524"/>
					</TextLine>
					<TextLine ID="P72_TL00018" HPOS="156" VPOS="1735" WIDTH="2308" HEIGHT="61">
						<String ID="P72_ST00194" HPOS="156" VPOS="1735" WIDTH="34" HEIGHT="22" CONTENT="44" STYLE="superscript" WC="0.40" CC="47"/>
						<SP ID="P72_SP00177" HPOS="190" VPOS="1757" WIDTH="38"/>
						<String ID="P72_ST00195" HPOS="228" VPOS="1736" WIDTH="210" HEIGHT="50" CONTENT="opened" WC="0.96" CC="694869"/>
						<SP ID="P72_SP00178" HPOS="438" VPOS="1786" WIDTH="37"/>
						<String ID="P72_ST00196" HPOS="475" VPOS="1738" WIDTH="105" HEIGHT="40" CONTENT="and" WC="0.95" CC="580"/>
						<SP ID="P72_SP00179" HPOS="580" VPOS="1786" WIDTH="38"/>
						<String ID="P72_ST00197" HPOS="618" VPOS="1736" WIDTH="181" HEIGHT="43" CONTENT="closed" WC="0.98" CC="062870"/>
						<SP ID="P72_SP00180" HPOS="799" VPOS="1786" WIDTH="37"/>
						<String ID="P72_ST00198" HPOS="836" VPOS="1750" WIDTH="59" HEIGHT="31" CONTENT="as" WC="0.50" CC="90"/>
						<SP ID="P72_SP00181" HPOS="895" VPOS="1786" WIDTH="33"/>
						<String ID="P72_ST00199" HPOS="928" VPOS="1741" WIDTH="252" HEIGHT="42" CONTENT="occasion" WC="0.98" CC="90860160"/>
						<SP ID="P72_SP00182" HPOS="1180" VPOS="1786" WIDTH="35"/>
						<String ID="P72_ST00200" HPOS="1215" VPOS="1743" WIDTH="281" HEIGHT="52" CONTENT="required," WC="0.99" CC="034450502"/>
						<SP ID="P72_SP00183" HPOS="1496" VPOS="1795" WIDTH="34"/>
						<String ID="P72_ST00201" HPOS="1530" VPOS="1743" WIDTH="113" HEIGHT="43" CONTENT="like" WC="0.97" CC="8602"/>
						<SP ID="P72_SP00184" HPOS="1643" VPOS="1795" WIDTH="33"/>
						<String ID="P72_ST00202" HPOS="1676" VPOS="1744" WIDTH="98" HEIGHT="42" CONTENT="the" WC="0.96" CC="073"/>
						<SP ID="P72_SP00185" HPOS="1774" VPOS="1795" WIDTH="33"/>
						<String ID="P72_ST00203" HPOS="1807" VPOS="1744" WIDTH="244" HEIGHT="43" CONTENT="infernal" WC="0.98" CC="87033757"/>
						<SP ID="P72_SP00186" HPOS="2051" VPOS="1795" WIDTH="37"/>
						<String ID="P72_ST00204" HPOS="2088" VPOS="1748" WIDTH="214" HEIGHT="48" CONTENT="mouth," WC="0.96" CC="966794"/>
						<SP ID="P72_SP00187" HPOS="2302" VPOS="1796" WIDTH="54"/>
						<String ID="P72_ST00205" HPOS="2356" VPOS="1748" WIDTH="108" HEIGHT="40" CONTENT="and" WC="0.93" CC="729"/>
					</TextLine>
					<TextLine ID="P72_TL00019" HPOS="157" VPOS="1825" WIDTH="2349" HEIGHT="64">
						<String ID="P72_ST00206" HPOS="157" VPOS="1826" WIDTH="32" HEIGHT="18" CONTENT="''" WC="0.56" CC="44"/>
						<SP ID="P72_SP00188" HPOS="189" VPOS="1844" WIDTH="38"/>
						<String ID="P72_ST00207" HPOS="227" VPOS="1825" WIDTH="245" HEIGHT="42" CONTENT="wherein" WC="0.97" CC="9770167"/>
						<SP ID="P72_SP00189" HPOS="472" VPOS="1867" WIDTH="52"/>
						<String ID="P72_ST00208" HPOS="524" VPOS="1839" WIDTH="111" HEIGHT="31" CONTENT="was" WC="1.00" CC="000"/>
						<SP ID="P72_SP00190" HPOS="635" VPOS="1870" WIDTH="51"/>
						<String ID="P72_ST00209" HPOS="686" VPOS="1829" WIDTH="311" HEIGHT="43" CONTENT="enthroned" WC="0.98" CC="273073708"/>
						<SP ID="P72_SP00191" HPOS="997" VPOS="1872" WIDTH="34"/>
						<String ID="P72_ST00210" HPOS="1031" VPOS="1830" WIDTH="97" HEIGHT="42" CONTENT="the" WC="0.99" CC="030"/>
						<SP ID="P72_SP00192" HPOS="1128" VPOS="1872" WIDTH="34"/>
						<String ID="P72_ST00211" HPOS="1162" VPOS="1830" WIDTH="206" HEIGHT="43" CONTENT="Triune" WC="0.98" CC="091580"/>
						<SP ID="P72_SP00193" HPOS="1368" VPOS="1873" WIDTH="35"/>
						<String ID="P72_ST00212" HPOS="1403" VPOS="1833" WIDTH="134" HEIGHT="51" CONTENT="God," WC="0.96" CC="5354"/>
						<SP ID="P72_SP00194" HPOS="1537" VPOS="1884" WIDTH="48"/>
						<String ID="P72_ST00213" HPOS="1585" VPOS="1835" WIDTH="189" HEIGHT="42" CONTENT="seated" WC="0.98" CC="076060"/>
						<SP ID="P72_SP00195" HPOS="1774" VPOS="1884" WIDTH="52"/>
						<String ID="P72_ST00214" HPOS="1826" VPOS="1845" WIDTH="145" HEIGHT="42" CONTENT="upon" WC="0.97" CC="2037"/>
						<SP ID="P72_SP00196" HPOS="1971" VPOS="1887" WIDTH="56"/>
						<String ID="P72_ST00215" HPOS="2027" VPOS="1848" WIDTH="29" HEIGHT="29" CONTENT="a" WC="0.67" CC="3"/>
						<SP ID="P72_SP00197" HPOS="2056" VPOS="1887" WIDTH="48"/>
						<String ID="P72_ST00216" HPOS="2104" VPOS="1835" WIDTH="361" HEIGHT="54" CONTENT="resplendent" WC="0.98" CC="09008569950"/>
						<SP ID="P72_SP00198" HPOS="2465" VPOS="1889" WIDTH="24"/>
						<String ID="P72_ST00217" HPOS="2489" VPOS="1847" WIDTH="17" HEIGHT="18" CONTENT="*" WC="0.25" CC="7"/>
					</TextLine>
					<TextLine ID="P72_TL00020" HPOS="155" VPOS="1917" WIDTH="2309" HEIGHT="66">
						<String ID="P72_ST00218" HPOS="155" VPOS="1919" WIDTH="11" HEIGHT="17" CONTENT="4" STYLE="superscript" WC="0.55" CC="4"/>
						<String ID="P72_ST00219" HPOS="181" VPOS="1928" WIDTH="7" HEIGHT="10" CONTENT="'" WC="0.77" CC="2"/>
						<SP ID="P72_SP00199" HPOS="188" VPOS="1938" WIDTH="37"/>
						<String ID="P72_ST00220" HPOS="225" VPOS="1917" WIDTH="224" HEIGHT="52" CONTENT="throne," WC="0.97" CC="7756974"/>
						<SP ID="P72_SP00200" HPOS="449" VPOS="1969" WIDTH="33"/>
						<String ID="P72_ST00221" HPOS="482" VPOS="1919" WIDTH="351" HEIGHT="43" CONTENT="surrounded" WC="0.98" CC="0100969099"/>
						<SP ID="P72_SP00201" HPOS="833" VPOS="1969" WIDTH="37"/>
						<String ID="P72_ST00222" HPOS="870" VPOS="1922" WIDTH="68" HEIGHT="52" CONTENT="by" WC="0.63" CC="70"/>
						<SP ID="P72_SP00202" HPOS="938" VPOS="1974" WIDTH="33"/>
						<String ID="P72_ST00223" HPOS="971" VPOS="1922" WIDTH="98" HEIGHT="42" CONTENT="the" WC="0.94" CC="275"/>
						<SP ID="P72_SP00203" HPOS="1069" VPOS="1974" WIDTH="34"/>
						<String ID="P72_ST00224" HPOS="1103" VPOS="1923" WIDTH="321" HEIGHT="52" CONTENT="symbolical" WC="0.98" CC="3096063367"/>
						<SP ID="P72_SP00204" HPOS="1424" VPOS="1975" WIDTH="33"/>
						<String ID="P72_ST00225" HPOS="1457" VPOS="1925" WIDTH="302" HEIGHT="44" CONTENT="attributes" WC="0.99" CC="0460176050"/>
						<SP ID="P72_SP00205" HPOS="1759" VPOS="1975" WIDTH="34"/>
						<String ID="P72_ST00226" HPOS="1793" VPOS="1924" WIDTH="56" HEIGHT="43" CONTENT="of" WC="0.47" CC="37"/>
						<SP ID="P72_SP00206" HPOS="1849" VPOS="1975" WIDTH="33"/>
						<String ID="P72_ST00227" HPOS="1882" VPOS="1927" WIDTH="85" HEIGHT="43" CONTENT="his" WC="0.97" CC="340"/>
						<SP ID="P72_SP00207" HPOS="1967" VPOS="1975" WIDTH="33"/>
						<String ID="P72_ST00228" HPOS="2000" VPOS="1928" WIDTH="238" HEIGHT="53" CONTENT="divinity" WC="0.99" CC="01067700"/>
						<SP ID="P72_SP00208" HPOS="2238" VPOS="1981" WIDTH="24"/>
						<String ID="P72_ST00229" HPOS="2262" VPOS="1929" WIDTH="105" HEIGHT="42" CONTENT="and" WC="0.94" CC="880"/>
						<SP ID="P72_SP00209" HPOS="2367" VPOS="1981" WIDTH="28"/>
						<String ID="P72_ST00230" HPOS="2395" VPOS="1931" WIDTH="69" HEIGHT="52" CONTENT="by" WC="0.17" CC="79"/>
					</TextLine>
					<TextLine ID="P72_TL00021" HPOS="155" VPOS="2005" WIDTH="1775" HEIGHT="64">
						<String ID="P72_ST00231" HPOS="155" VPOS="2005" WIDTH="33" HEIGHT="21" CONTENT="44" STYLE="superscript" WC="0.41" CC="74"/>
						<SP ID="P72_SP00210" HPOS="188" VPOS="2026" WIDTH="35"/>
						<String ID="P72_ST00232" HPOS="223" VPOS="2007" WIDTH="93" HEIGHT="40" CONTENT="the" WC="0.92" CC="777"/>
						<SP ID="P72_SP00211" HPOS="316" VPOS="2047" WIDTH="36"/>
						<String ID="P72_ST00233" HPOS="352" VPOS="2007" WIDTH="184" HEIGHT="43" CONTENT="choirs" WC="0.97" CC="465755"/>
						<SP ID="P72_SP00212" HPOS="536" VPOS="2050" WIDTH="34"/>
						<String ID="P72_ST00234" HPOS="570" VPOS="2007" WIDTH="56" HEIGHT="44" CONTENT="of" WC="0.41" CC="47"/>
						<SP ID="P72_SP00213" HPOS="626" VPOS="2051" WIDTH="32"/>
						<String ID="P72_ST00235" HPOS="658" VPOS="2008" WIDTH="222" HEIGHT="53" CONTENT="Angels," WC="0.97" CC="4797034"/>
						<SP ID="P72_SP00214" HPOS="880" VPOS="2061" WIDTH="37"/>
						<String ID="P72_ST00236" HPOS="917" VPOS="2011" WIDTH="82" HEIGHT="41" CONTENT="his" WC="0.95" CC="770"/>
						<SP ID="P72_SP00215" HPOS="999" VPOS="2061" WIDTH="36"/>
						<String ID="P72_ST00237" HPOS="1035" VPOS="2012" WIDTH="283" HEIGHT="43" CONTENT="ministers" WC="0.98" CC="937807600"/>
						<SP ID="P72_SP00216" HPOS="1318" VPOS="2061" WIDTH="36"/>
						<String ID="P72_ST00238" HPOS="1354" VPOS="2014" WIDTH="105" HEIGHT="41" CONTENT="and" WC="0.94" CC="079"/>
						<SP ID="P72_SP00217" HPOS="1459" VPOS="2061" WIDTH="37"/>
						<String ID="P72_ST00239" HPOS="1496" VPOS="2026" WIDTH="367" HEIGHT="43" CONTENT="messengers," WC="0.99" CC="93104696004"/>
						<SP ID="P72_SP00218" HPOS="1863" VPOS="2069" WIDTH="33"/>
						<String ID="P72_ST00240" HPOS="1896" VPOS="2016" WIDTH="34" HEIGHT="20" CONTENT='"' WC="0.44" CC="5"/>
						<SP ID="P72_SP00219" HPOS="1930" VPOS="2069" WIDTH="0"/>
					</TextLine>
					<TextLine ID="P72_TL00022" HPOS="169" VPOS="2097" WIDTH="2292" HEIGHT="63">
						<String ID="P72_ST00241" HPOS="169" VPOS="2106" WIDTH="66" HEIGHT="34" CONTENT="&amp;" WC="0.13" CC="8"/>
						<SP ID="P72_SP00220" HPOS="235" VPOS="2140" WIDTH="20"/>
						<String ID="P72_ST00242" HPOS="255" VPOS="2098" WIDTH="178" HEIGHT="52" CONTENT="Royer" WC="0.68" CC="75020"/>
						<SP ID="P72_SP00221" HPOS="433" VPOS="2150" WIDTH="32"/>
						<String ID="P72_ST00243" HPOS="465" VPOS="2097" WIDTH="134" HEIGHT="52" CONTENT="also," WC="0.97" CC="77054"/>
						<SP ID="P72_SP00222" HPOS="599" VPOS="2150" WIDTH="36"/>
						<String ID="P72_ST00244" HPOS="635" VPOS="2101" WIDTH="54" HEIGHT="40" CONTENT="in" WC="0.63" CC="42"/>
						<SP ID="P72_SP00223" HPOS="689" VPOS="2150" WIDTH="37"/>
						<String ID="P72_ST00245" HPOS="726" VPOS="2101" WIDTH="84" HEIGHT="42" CONTENT="his" WC="0.97" CC="160"/>
						<SP ID="P72_SP00224" HPOS="810" VPOS="2150" WIDTH="34"/>
						<String ID="P72_ST00246" HPOS="844" VPOS="2105" WIDTH="33" HEIGHT="21" CONTENT="44" STYLE="superscript" WC="0.41" CC="74"/>
						<SP ID="P72_SP00225" HPOS="877" VPOS="2150" WIDTH="26"/>
						<String ID="P72_ST00247" HPOS="903" VPOS="2102" WIDTH="185" HEIGHT="42" CONTENT="Storia" WC="0.57" CC="630059"/>
						<SP ID="P72_SP00226" HPOS="1088" VPOS="2150" WIDTH="33"/>
						<String ID="P72_ST00248" HPOS="1121" VPOS="2102" WIDTH="87" HEIGHT="43" CONTENT="del" WC="0.95" CC="048"/>
						<SP ID="P72_SP00227" HPOS="1208" VPOS="2150" WIDTH="35"/>
						<String ID="P72_ST00249" HPOS="1243" VPOS="2102" WIDTH="201" HEIGHT="44" CONTENT="Teatro" WC="0.45" CC="058556"/>
						<SP ID="P72_SP00228" HPOS="1444" VPOS="2150" WIDTH="20"/>
						<String ID="P72_ST00250" HPOS="1464" VPOS="2105" WIDTH="55" HEIGHT="50" CONTENT='",' WC="0.60" CC="43"/>
						<SP ID="P72_SP00229" HPOS="1519" VPOS="2155" WIDTH="54"/>
						<String ID="P72_ST00251" HPOS="1573" VPOS="2106" WIDTH="47" HEIGHT="43" CONTENT="is" WC="0.65" CC="60"/>
						<SP ID="P72_SP00230" HPOS="1620" VPOS="2155" WIDTH="55"/>
						<String ID="P72_ST00252" HPOS="1675" VPOS="2106" WIDTH="55" HEIGHT="43" CONTENT="of" WC="0.67" CC="06"/>
						<SP ID="P72_SP00231" HPOS="1730" VPOS="2155" WIDTH="49"/>
						<String ID="P72_ST00253" HPOS="1779" VPOS="2107" WIDTH="97" HEIGHT="42" CONTENT="the" WC="0.94" CC="464"/>
						<SP ID="P72_SP00232" HPOS="1876" VPOS="2155" WIDTH="52"/>
						<String ID="P72_ST00254" HPOS="1928" VPOS="2108" WIDTH="224" HEIGHT="52" CONTENT="opinion" WC="0.98" CC="6006676"/>
						<SP ID="P72_SP00233" HPOS="2152" VPOS="2160" WIDTH="55"/>
						<String ID="P72_ST00255" HPOS="2207" VPOS="2110" WIDTH="128" HEIGHT="42" CONTENT="that" WC="0.98" CC="0630"/>
						<SP ID="P72_SP00234" HPOS="2335" VPOS="2160" WIDTH="54"/>
						<String ID="P72_ST00256" HPOS="2389" VPOS="2108" WIDTH="72" HEIGHT="45" CONTENT="all" WC="0.93" CC="685"/>
					</TextLine>
					<TextLine ID="P72_TL00023" HPOS="155" VPOS="2187" WIDTH="2306" HEIGHT="66">
						<String ID="P72_ST00257" HPOS="155" VPOS="2187" WIDTH="95" HEIGHT="42" CONTENT="the" WC="0.92" CC="775"/>
						<SP ID="P72_SP00235" HPOS="250" VPOS="2229" WIDTH="52"/>
						<String ID="P72_ST00258" HPOS="302" VPOS="2191" WIDTH="433" HEIGHT="49" CONTENT="compartments" WC="0.99" CC="462055304660"/>
						<SP ID="P72_SP00236" HPOS="735" VPOS="2240" WIDTH="34"/>
						<String ID="P72_ST00259" HPOS="769" VPOS="2202" WIDTH="147" HEIGHT="32" CONTENT="were" WC="0.96" CC="5356"/>
						<SP ID="P72_SP00237" HPOS="916" VPOS="2240" WIDTH="36"/>
						<String ID="P72_ST00260" HPOS="952" VPOS="2196" WIDTH="98" HEIGHT="39" CONTENT="not" WC="0.91" CC="798"/>
						<SP ID="P72_SP00238" HPOS="1050" VPOS="2240" WIDTH="33"/>
						<String ID="P72_ST00261" HPOS="1083" VPOS="2196" WIDTH="357" HEIGHT="42" CONTENT="constructed" WC="0.99" CC="06707570386"/>
						<SP ID="P72_SP00239" HPOS="1440" VPOS="2240" WIDTH="37"/>
						<String ID="P72_ST00262" HPOS="1477" VPOS="2207" WIDTH="104" HEIGHT="32" CONTENT="one" WC="0.93" CC="774"/>
						<SP ID="P72_SP00240" HPOS="1581" VPOS="2240" WIDTH="37"/>
						<String ID="P72_ST00263" HPOS="1618" VPOS="2207" WIDTH="145" HEIGHT="41" CONTENT="upon" WC="0.93" CC="6987"/>
						<SP ID="P72_SP00241" HPOS="1763" VPOS="2248" WIDTH="52"/>
						<String ID="P72_ST00264" HPOS="1815" VPOS="2199" WIDTH="241" HEIGHT="41" CONTENT="another" WC="0.98" CC="7902600"/>
						<SP ID="P72_SP00242" HPOS="2056" VPOS="2248" WIDTH="52"/>
						<String ID="P72_ST00265" HPOS="2108" VPOS="2200" WIDTH="99" HEIGHT="40" CONTENT="but" WC="0.93" CC="755"/>
						<SP ID="P72_SP00243" HPOS="2207" VPOS="2248" WIDTH="55"/>
						<String ID="P72_ST00266" HPOS="2262" VPOS="2200" WIDTH="199" HEIGHT="53" CONTENT="simply" WC="0.98" CC="057080"/>
					</TextLine>
					<TextLine ID="P72_TL00024" HPOS="155" VPOS="2279" WIDTH="2307" HEIGHT="57">
						<String ID="P72_ST00267" HPOS="155" VPOS="2289" WIDTH="104" HEIGHT="30" CONTENT="one" WC="0.91" CC="976"/>
						<SP ID="P72_SP00244" HPOS="259" VPOS="2319" WIDTH="38"/>
						<String ID="P72_ST00268" HPOS="297" VPOS="2279" WIDTH="182" HEIGHT="41" CONTENT="beside" WC="0.97" CC="754568"/>
						<SP ID="P72_SP00245" HPOS="479" VPOS="2320" WIDTH="34"/>
						<String ID="P72_ST00269" HPOS="513" VPOS="2280" WIDTH="99" HEIGHT="42" CONTENT="the" WC="0.98" CC="050"/>
						<SP ID="P72_SP00246" HPOS="612" VPOS="2322" WIDTH="33"/>
						<String ID="P72_ST00270" HPOS="645" VPOS="2282" WIDTH="182" HEIGHT="41" CONTENT="other." WC="0.97" CC="656674"/>
						<SP ID="P72_SP00247" HPOS="827" VPOS="2323" WIDTH="78"/>
						<String ID="P72_ST00271" HPOS="905" VPOS="2290" WIDTH="65" HEIGHT="36" CONTENT="&amp;" WC="0.14" CC="8" STYLEREFS="TXT_3"/>
						<SP ID="P72_SP00248" HPOS="970" VPOS="2326" WIDTH="183"/>
						<String ID="P72_ST00272" HPOS="1153" VPOS="2294" WIDTH="65" HEIGHT="34" CONTENT="jg?" WC="0.08" CC="997" STYLEREFS="TXT_3"/>
						<SP ID="P72_SP00249" HPOS="1218" VPOS="2328" WIDTH="184"/>
						<String ID="P72_ST00273" HPOS="1402" VPOS="2295" WIDTH="66" HEIGHT="34" CONTENT="&amp;" WC="1.00" CC="9" STYLEREFS="TXT_3"/>
						<SP ID="P72_SP00250" HPOS="1468" VPOS="2329" WIDTH="183"/>
						<String ID="P72_ST00274" HPOS="1651" VPOS="2295" WIDTH="65" HEIGHT="34" CONTENT="&amp;&gt;" WC="0.12" CC="97" STYLEREFS="TXT_3"/>
						<SP ID="P72_SP00251" HPOS="1716" VPOS="2329" WIDTH="430"/>
						<String ID="P72_ST00275" HPOS="2146" VPOS="2299" WIDTH="66" HEIGHT="33" CONTENT="jg?" WC="0.12" CC="898" STYLEREFS="TXT_3"/>
						<SP ID="P72_SP00252" HPOS="2212" VPOS="2332" WIDTH="184"/>
						<String ID="P72_ST00276" HPOS="2396" VPOS="2300" WIDTH="66" HEIGHT="36" CONTENT="&amp;" WC="0.14" CC="8" STYLEREFS="TXT_3"/>
					</TextLine>
					<TextLine ID="P72_TL00025" HPOS="254" VPOS="2367" WIDTH="2210" HEIGHT="58">
						<String ID="P72_ST00277" HPOS="254" VPOS="2367" WIDTH="114" HEIGHT="42" CONTENT="And" WC="0.93" CC="682"/>
						<SP ID="P72_SP00253" HPOS="368" VPOS="2409" WIDTH="40"/>
						<String ID="P72_ST00278" HPOS="408" VPOS="2370" WIDTH="53" HEIGHT="41" CONTENT="in" WC="0.40" CC="47"/>
						<SP ID="P72_SP00254" HPOS="461" VPOS="2411" WIDTH="34"/>
						<String ID="P72_ST00279" HPOS="495" VPOS="2370" WIDTH="116" HEIGHT="42" CONTENT="this" WC="0.97" CC="0750"/>
						<SP ID="P72_SP00255" HPOS="611" VPOS="2412" WIDTH="35"/>
						<String ID="P72_ST00280" HPOS="646" VPOS="2369" WIDTH="108" HEIGHT="44" CONTENT="last" WC="0.94" CC="8847"/>
						<SP ID="P72_SP00256" HPOS="754" VPOS="2413" WIDTH="37"/>
						<String ID="P72_ST00281" HPOS="791" VPOS="2373" WIDTH="344" HEIGHT="52" CONTENT="judgement," WC="0.98" CC="6560496703"/>
						<SP ID="P72_SP00257" HPOS="1135" VPOS="2425" WIDTH="33"/>
						<String ID="P72_ST00282" HPOS="1168" VPOS="2374" WIDTH="181" HEIGHT="43" CONTENT="which" WC="0.97" CC="06706"/>
						<SP ID="P72_SP00258" HPOS="1349" VPOS="2425" WIDTH="35"/>
						<String ID="P72_ST00283" HPOS="1384" VPOS="2376" WIDTH="130" HEIGHT="42" CONTENT="does" WC="0.98" CC="6040"/>
						<SP ID="P72_SP00259" HPOS="1514" VPOS="2425" WIDTH="37"/>
						<String ID="P72_ST00284" HPOS="1551" VPOS="2379" WIDTH="99" HEIGHT="41" CONTENT="not" WC="0.95" CC="750"/>
						<SP ID="P72_SP00260" HPOS="1650" VPOS="2425" WIDTH="34"/>
						<String ID="P72_ST00285" HPOS="1684" VPOS="2375" WIDTH="168" HEIGHT="45" CONTENT="differ" WC="0.97" CC="436670"/>
						<SP ID="P72_SP00261" HPOS="1852" VPOS="2425" WIDTH="30"/>
						<String ID="P72_ST00286" HPOS="1882" VPOS="2380" WIDTH="163" HEIGHT="42" CONTENT="much" WC="0.96" CC="9306"/>
						<SP ID="P72_SP00262" HPOS="2045" VPOS="2425" WIDTH="35"/>
						<String ID="P72_ST00287" HPOS="2080" VPOS="2378" WIDTH="141" HEIGHT="44" CONTENT="from" WC="0.94" CC="7769"/>
						<SP ID="P72_SP00263" HPOS="2221" VPOS="2425" WIDTH="36"/>
						<String ID="P72_ST00288" HPOS="2257" VPOS="2381" WIDTH="127" HEIGHT="41" CONTENT="that" WC="0.95" CC="0967"/>
						<SP ID="P72_SP00264" HPOS="2384" VPOS="2425" WIDTH="24"/>
						<String ID="P72_ST00289" HPOS="2408" VPOS="2380" WIDTH="56" HEIGHT="43" CONTENT="of" WC="0.51" CC="27"/>
					</TextLine>
					<TextLine ID="P72_TL00026" HPOS="155" VPOS="2458" WIDTH="2307" HEIGHT="68">
						<String ID="P72_ST00290" HPOS="155" VPOS="2458" WIDTH="195" HEIGHT="43" CONTENT="Paulin" WC="0.44" CC="797027"/>
						<SP ID="P72_SP00265" HPOS="350" VPOS="2501" WIDTH="37"/>
						<String ID="P72_ST00291" HPOS="387" VPOS="2459" WIDTH="170" HEIGHT="53" CONTENT="Paris," WC="0.97" CC="996503"/>
						<SP ID="P72_SP00266" HPOS="557" VPOS="2512" WIDTH="36"/>
						<String ID="P72_ST00292" HPOS="593" VPOS="2461" WIDTH="96" HEIGHT="42" CONTENT="the" WC="0.95" CC="372"/>
						<SP ID="P72_SP00267" HPOS="689" VPOS="2512" WIDTH="36"/>
						<String ID="P72_ST00293" HPOS="725" VPOS="2463" WIDTH="145" HEIGHT="42" CONTENT="most" WC="0.97" CC="6305"/>
						<SP ID="P72_SP00268" HPOS="870" VPOS="2512" WIDTH="34"/>
						<String ID="P72_ST00294" HPOS="904" VPOS="2463" WIDTH="225" HEIGHT="43" CONTENT="learned" WC="0.98" CC="8193550"/>
						<SP ID="P72_SP00269" HPOS="1129" VPOS="2512" WIDTH="54"/>
						<String ID="P72_ST00295" HPOS="1183" VPOS="2465" WIDTH="332" HEIGHT="45" CONTENT="Alessandro" WC="0.69" CC="0800807007"/>
						<SP ID="P72_SP00270" HPOS="1515" VPOS="2512" WIDTH="49"/>
						<String ID="P72_ST00296" HPOS="1564" VPOS="2467" WIDTH="293" HEIGHT="44" CONTENT="D'Ancona" WC="0.64" CC="73060730"/>
						<SP ID="P72_SP00271" HPOS="1857" VPOS="2512" WIDTH="52"/>
						<String ID="P72_ST00297" HPOS="1909" VPOS="2469" WIDTH="115" HEIGHT="44" CONTENT="also" WC="0.98" CC="1700"/>
						<SP ID="P72_SP00272" HPOS="2024" VPOS="2513" WIDTH="55"/>
						<String ID="P72_ST00298" HPOS="2079" VPOS="2482" WIDTH="251" HEIGHT="40" CONTENT="concurs," WC="0.98" CC="57710613"/>
						<SP ID="P72_SP00273" HPOS="2330" VPOS="2522" WIDTH="49"/>
						<String ID="P72_ST00299" HPOS="2379" VPOS="2473" WIDTH="83" HEIGHT="53" CONTENT="(at" WC="0.95" CC="490"/>
					</TextLine>
					<TextLine ID="P72_TL00027" HPOS="152" VPOS="2548" WIDTH="2308" HEIGHT="66">
						<String ID="P72_ST00300" HPOS="152" VPOS="2548" WIDTH="142" HEIGHT="43" CONTENT="least" WC="0.98" CC="81500"/>
						<SP ID="P72_SP00274" HPOS="294" VPOS="2591" WIDTH="34"/>
						<String ID="P72_ST00301" HPOS="328" VPOS="2548" WIDTH="57" HEIGHT="43" CONTENT="in" WC="0.53" CC="18"/>
						<SP ID="P72_SP00275" HPOS="385" VPOS="2591" WIDTH="36"/>
						<String ID="P72_ST00302" HPOS="421" VPOS="2552" WIDTH="93" HEIGHT="42" CONTENT="the" WC="0.94" CC="762"/>
						<SP ID="P72_SP00276" HPOS="514" VPOS="2594" WIDTH="37"/>
						<String ID="P72_ST00303" HPOS="551" VPOS="2552" WIDTH="146" HEIGHT="42" CONTENT="main" WC="0.94" CC="7578"/>
						<SP ID="P72_SP00277" HPOS="697" VPOS="2594" WIDTH="36"/>
						<String ID="P72_ST00304" HPOS="733" VPOS="2553" WIDTH="221" HEIGHT="54" CONTENT="thesis,)" WC="0.98" CC="07007327"/>
						<SP ID="P72_SP00278" HPOS="954" VPOS="2607" WIDTH="34"/>
						<String ID="P72_ST00305" HPOS="988" VPOS="2557" WIDTH="281" HEIGHT="50" CONTENT="asserting" WC="0.98" CC="603284699"/>
						<SP ID="P72_SP00279" HPOS="1269" VPOS="2607" WIDTH="34"/>
						<String ID="P72_ST00306" HPOS="1303" VPOS="2557" WIDTH="126" HEIGHT="43" CONTENT="that" WC="0.96" CC="7470"/>
						<SP ID="P72_SP00280" HPOS="1429" VPOS="2607" WIDTH="31"/>
						<String ID="P72_ST00307" HPOS="1460" VPOS="2558" WIDTH="115" HEIGHT="43" CONTENT="this" WC="0.99" CC="0040"/>
						<SP ID="P72_SP00281" HPOS="1575" VPOS="2607" WIDTH="34"/>
						<String ID="P72_ST00308" HPOS="1609" VPOS="2559" WIDTH="216" HEIGHT="43" CONTENT="minute" WC="0.97" CC="779423"/>
						<SP ID="P72_SP00282" HPOS="1825" VPOS="2607" WIDTH="46"/>
						<String ID="P72_ST00309" HPOS="1871" VPOS="2562" WIDTH="337" HEIGHT="52" CONTENT="description" WC="0.99" CC="00015809547"/>
						<SP ID="P72_SP00283" HPOS="2208" VPOS="2614" WIDTH="52"/>
						<String ID="P72_ST00310" HPOS="2260" VPOS="2562" WIDTH="55" HEIGHT="43" CONTENT="of" WC="0.30" CC="57"/>
						<SP ID="P72_SP00284" HPOS="2315" VPOS="2614" WIDTH="47"/>
						<String ID="P72_ST00311" HPOS="2362" VPOS="2564" WIDTH="98" HEIGHT="43" CONTENT="the" WC="0.97" CC="205"/>
					</TextLine>
					<TextLine ID="P72_TL00028" HPOS="152" VPOS="2635" WIDTH="2308" HEIGHT="72">
						<String ID="P72_ST00312" HPOS="152" VPOS="2635" WIDTH="210" HEIGHT="46" CONTENT="French" WC="0.97" CC="770867"/>
						<SP ID="P72_SP00285" HPOS="362" VPOS="2681" WIDTH="34"/>
						<String ID="P72_ST00313" HPOS="396" VPOS="2642" WIDTH="187" HEIGHT="51" CONTENT="stages" WC="0.97" CC="064950"/>
						<SP ID="P72_SP00286" HPOS="583" VPOS="2693" WIDTH="47"/>
						<String ID="P72_ST00314" HPOS="630" VPOS="2640" WIDTH="277" HEIGHT="45" CONTENT="conforms" WC="0.98" CC="05674462"/>
						<SP ID="P72_SP00287" HPOS="907" VPOS="2693" WIDTH="34"/>
						<String ID="P72_ST00315" HPOS="941" VPOS="2643" WIDTH="269" HEIGHT="56" CONTENT="perfectly" WC="0.98" CC="966750800"/>
						<SP ID="P72_SP00288" HPOS="1210" VPOS="2699" WIDTH="34"/>
						<String ID="P72_ST00316" HPOS="1244" VPOS="2647" WIDTH="136" HEIGHT="43" CONTENT="with" WC="0.96" CC="8602"/>
						<SP ID="P72_SP00289" HPOS="1380" VPOS="2699" WIDTH="33"/>
						<String ID="P72_ST00317" HPOS="1413" VPOS="2648" WIDTH="98" HEIGHT="42" CONTENT="the" WC="0.99" CC="030"/>
						<SP ID="P72_SP00290" HPOS="1511" VPOS="2699" WIDTH="36"/>
						<String ID="P72_ST00318" HPOS="1547" VPOS="2648" WIDTH="199" HEIGHT="43" CONTENT="Italian" WC="0.98" CC="7760707"/>
						<SP ID="P72_SP00291" HPOS="1746" VPOS="2699" WIDTH="36"/>
						<String ID="P72_ST00319" HPOS="1782" VPOS="2652" WIDTH="185" HEIGHT="52" CONTENT="stages" WC="0.99" CC="006080"/>
						<SP ID="P72_SP00292" HPOS="1967" VPOS="2704" WIDTH="34"/>
						<String ID="P72_ST00320" HPOS="2001" VPOS="2649" WIDTH="56" HEIGHT="45" CONTENT="of" WC="0.41" CC="56"/>
						<SP ID="P72_SP00293" HPOS="2057" VPOS="2704" WIDTH="32"/>
						<String ID="P72_ST00321" HPOS="2089" VPOS="2653" WIDTH="126" HEIGHT="42" CONTENT="that" WC="0.97" CC="2930"/>
						<SP ID="P72_SP00294" HPOS="2215" VPOS="2704" WIDTH="31"/>
						<String ID="P72_ST00322" HPOS="2246" VPOS="2654" WIDTH="214" HEIGHT="53" CONTENT="period." WC="0.98" CC="9064404"/>
					</TextLine>
					<TextLine ID="P72_TL00029" HPOS="250" VPOS="2729" WIDTH="2209" HEIGHT="69">
						<String ID="P72_ST00323" HPOS="250" VPOS="2729" WIDTH="112" HEIGHT="44" CONTENT="The" WC="0.96" CC="065"/>
						<SP ID="P72_SP00295" HPOS="362" VPOS="2773" WIDTH="34"/>
						<String ID="P72_ST00324" HPOS="396" VPOS="2733" WIDTH="172" HEIGHT="41" CONTENT="worst" WC="0.95" CC="95967"/>
						<SP ID="P72_SP00296" HPOS="568" VPOS="2774" WIDTH="35"/>
						<String ID="P72_ST00325" HPOS="603" VPOS="2731" WIDTH="55" HEIGHT="44" CONTENT="of" WC="0.37" CC="48"/>
						<SP ID="P72_SP00297" HPOS="658" VPOS="2775" WIDTH="31"/>
						<String ID="P72_ST00326" HPOS="689" VPOS="2733" WIDTH="47" HEIGHT="42" CONTENT="it" WC="0.23" CC="78"/>
						<SP ID="P72_SP00298" HPOS="736" VPOS="2775" WIDTH="33"/>
						<String ID="P72_ST00327" HPOS="769" VPOS="2734" WIDTH="46" HEIGHT="42" CONTENT="is" WC="0.82" CC="30"/>
						<SP ID="P72_SP00299" HPOS="815" VPOS="2776" WIDTH="34"/>
						<String ID="P72_ST00328" HPOS="849" VPOS="2734" WIDTH="126" HEIGHT="44" CONTENT="that" WC="0.96" CC="0677"/>
						<SP ID="P72_SP00300" HPOS="975" VPOS="2778" WIDTH="32"/>
						<String ID="P72_ST00329" HPOS="1007" VPOS="2736" WIDTH="112" HEIGHT="42" CONTENT="this" WC="0.95" CC="8573"/>
						<SP ID="P72_SP00301" HPOS="1119" VPOS="2778" WIDTH="35"/>
						<String ID="P72_ST00330" HPOS="1154" VPOS="2738" WIDTH="336" HEIGHT="52" CONTENT="description" WC="0.99" CC="66045001627"/>
						<SP ID="P72_SP00302" HPOS="1490" VPOS="2790" WIDTH="34"/>
						<String ID="P72_ST00331" HPOS="1524" VPOS="2740" WIDTH="46" HEIGHT="41" CONTENT="is" WC="0.95" CC="00"/>
						<SP ID="P72_SP00303" HPOS="1570" VPOS="2790" WIDTH="35"/>
						<String ID="P72_ST00332" HPOS="1605" VPOS="2751" WIDTH="123" HEIGHT="32" CONTENT="now" WC="0.93" CC="745"/>
						<SP ID="P72_SP00304" HPOS="1728" VPOS="2790" WIDTH="35"/>
						<String ID="P72_ST00333" HPOS="1763" VPOS="2742" WIDTH="190" HEIGHT="42" CONTENT="shown" WC="0.97" CC="07907"/>
						<SP ID="P72_SP00305" HPOS="1953" VPOS="2790" WIDTH="34"/>
						<String ID="P72_ST00334" HPOS="1987" VPOS="2742" WIDTH="59" HEIGHT="42" CONTENT="to" WC="0.67" CC="06"/>
						<SP ID="P72_SP00306" HPOS="2046" VPOS="2790" WIDTH="38"/>
						<String ID="P72_ST00335" HPOS="2084" VPOS="2745" WIDTH="85" HEIGHT="50" CONTENT="be," WC="0.94" CC="654"/>
						<SP ID="P72_SP00307" HPOS="2169" VPOS="2795" WIDTH="36"/>
						<String ID="P72_ST00336" HPOS="2205" VPOS="2745" WIDTH="67" HEIGHT="53" CONTENT="by" WC="1.00" CC="00"/>
						<SP ID="P72_SP00308" HPOS="2272" VPOS="2798" WIDTH="35"/>
						<String ID="P72_ST00337" HPOS="2307" VPOS="2755" WIDTH="152" HEIGHT="33" CONTENT="more" WC="0.97" CC="0276"/>
					</TextLine>
					<TextLine ID="P72_TL00030" HPOS="151" VPOS="2821" WIDTH="2309" HEIGHT="63">
						<String ID="P72_ST00338" HPOS="151" VPOS="2822" WIDTH="194" HEIGHT="41" CONTENT="recent" WC="0.97" CC="059476"/>
						<SP ID="P72_SP00309" HPOS="345" VPOS="2863" WIDTH="32"/>
						<String ID="P72_ST00339" HPOS="377" VPOS="2823" WIDTH="104" HEIGHT="41" CONTENT="and" WC="0.94" CC="680"/>
						<SP ID="P72_SP00310" HPOS="481" VPOS="2864" WIDTH="57"/>
						<String ID="P72_ST00340" HPOS="538" VPOS="2821" WIDTH="329" HEIGHT="46" CONTENT="irrefutable" WC="0.98" CC="09517707784"/>
						<SP ID="P72_SP00311" HPOS="867" VPOS="2867" WIDTH="50"/>
						<String ID="P72_ST00341" HPOS="917" VPOS="2826" WIDTH="345" HEIGHT="53" CONTENT="documents," WC="0.99" CC="0547538303"/>
						<SP ID="P72_SP00312" HPOS="1262" VPOS="2879" WIDTH="47"/>
						<String ID="P72_ST00342" HPOS="1309" VPOS="2828" WIDTH="313" HEIGHT="56" CONTENT="absolutely" WC="0.99" CC="7704808000"/>
						<SP ID="P72_SP00313" HPOS="1622" VPOS="2884" WIDTH="49"/>
						<String ID="P72_ST00343" HPOS="1671" VPOS="2831" WIDTH="250" HEIGHT="53" CONTENT="Inexact;" WC="0.98" CC="87959500"/>
						<SP ID="P72_SP00314" HPOS="1921" VPOS="2884" WIDTH="51"/>
						<String ID="P72_ST00344" HPOS="1972" VPOS="2834" WIDTH="107" HEIGHT="41" CONTENT="and" WC="0.90" CC="989"/>
						<SP ID="P72_SP00315" HPOS="2079" VPOS="2884" WIDTH="49"/>
						<String ID="P72_ST00345" HPOS="2128" VPOS="2835" WIDTH="97" HEIGHT="43" CONTENT="the" WC="0.99" CC="030"/>
						<SP ID="P72_SP00316" HPOS="2225" VPOS="2884" WIDTH="49"/>
						<String ID="P72_ST00346" HPOS="2274" VPOS="2836" WIDTH="35" HEIGHT="20" CONTENT="44" STYLE="superscript" WC="0.35" CC="66"/>
						<SP ID="P72_SP00317" HPOS="2309" VPOS="2884" WIDTH="37"/>
						<String ID="P72_ST00347" HPOS="2346" VPOS="2846" WIDTH="114" HEIGHT="32" CONTENT="ma*" WC="0.94" CC="690"/>
					</TextLine>
					<TextLine ID="P72_TL00031" HPOS="151" VPOS="2910" WIDTH="2306" HEIGHT="67">
						<String ID="P72_ST00348" HPOS="151" VPOS="2912" WIDTH="222" HEIGHT="49" CONTENT="quettes" WC="0.40" CC="9767225"/>
						<SP ID="P72_SP00318" HPOS="373" VPOS="2961" WIDTH="33"/>
						<String ID="P72_ST00349" HPOS="406" VPOS="2910" WIDTH="32" HEIGHT="20" CONTENT='"' WC="0.53" CC="4"/>
						<SP ID="P72_SP00319" HPOS="438" VPOS="2961" WIDTH="69"/>
						<String ID="P72_ST00350" HPOS="507" VPOS="2910" WIDTH="54" HEIGHT="44" CONTENT="of" WC="0.35" CC="57"/>
						<SP ID="P72_SP00320" HPOS="561" VPOS="2961" WIDTH="62"/>
						<String ID="P72_ST00351" HPOS="623" VPOS="2915" WIDTH="225" HEIGHT="40" CONTENT="ancient" WC="0.97" CC="6856796"/>
						<SP ID="P72_SP00321" HPOS="848" VPOS="2961" WIDTH="61"/>
						<String ID="P72_ST00352" HPOS="909" VPOS="2916" WIDTH="297" HEIGHT="43" CONTENT="theatrical" WC="0.99" CC="0776017218"/>
						<SP ID="P72_SP00322" HPOS="1206" VPOS="2961" WIDTH="64"/>
						<String ID="P72_ST00353" HPOS="1270" VPOS="2929" WIDTH="251" HEIGHT="44" CONTENT="scenery," WC="0.98" CC="00564704"/>
						<SP ID="P72_SP00323" HPOS="1521" VPOS="2973" WIDTH="57"/>
						<String ID="P72_ST00354" HPOS="1578" VPOS="2922" WIDTH="423" HEIGHT="44" CONTENT="reconstructed" WC="0.99" CC="6408605043049"/>
						<SP ID="P72_SP00324" HPOS="2001" VPOS="2973" WIDTH="56"/>
						<String ID="P72_ST00355" HPOS="2057" VPOS="2925" WIDTH="295" HEIGHT="52" CONTENT="according" WC="0.97" CC="997906099"/>
						<SP ID="P72_SP00325" HPOS="2352" VPOS="2977" WIDTH="47"/>
						<String ID="P72_ST00356" HPOS="2399" VPOS="2928" WIDTH="58" HEIGHT="40" CONTENT="to" WC="0.42" CC="46"/>
					</TextLine>
					<TextLine ID="P72_TL00032" HPOS="148" VPOS="3001" WIDTH="2309" HEIGHT="70">
						<String ID="P72_ST00357" HPOS="148" VPOS="3002" WIDTH="98" HEIGHT="41" CONTENT="the" WC="0.92" CC="876"/>
						<SP ID="P72_SP00326" HPOS="246" VPOS="3043" WIDTH="37"/>
						<String ID="P72_ST00358" HPOS="283" VPOS="3001" WIDTH="334" HEIGHT="45" CONTENT="indications" WC="0.98" CC="88863076370"/>
						<SP ID="P72_SP00327" HPOS="617" VPOS="3046" WIDTH="36"/>
						<String ID="P72_ST00359" HPOS="653" VPOS="3004" WIDTH="53" HEIGHT="43" CONTENT="of" WC="0.37" CC="38"/>
						<SP ID="P72_SP00328" HPOS="706" VPOS="3047" WIDTH="33"/>
						<String ID="P72_ST00360" HPOS="739" VPOS="3005" WIDTH="98" HEIGHT="43" CONTENT="the" WC="0.94" CC="726"/>
						<SP ID="P72_SP00329" HPOS="837" VPOS="3048" WIDTH="34"/>
						<String ID="P72_ST00361" HPOS="871" VPOS="3008" WIDTH="254" HEIGHT="43" CONTENT="valuable" WC="0.97" CC="06867787"/>
						<SP ID="P72_SP00330" HPOS="1125" VPOS="3051" WIDTH="36"/>
						<String ID="P72_ST00362" HPOS="1161" VPOS="3011" WIDTH="373" HEIGHT="52" CONTENT="manuscripts" WC="0.98" CC="97770085950"/>
						<SP ID="P72_SP00331" HPOS="1534" VPOS="3063" WIDTH="34"/>
						<String ID="P72_ST00363" HPOS="1568" VPOS="3010" WIDTH="55" HEIGHT="45" CONTENT="of" WC="0.33" CC="57"/>
						<SP ID="P72_SP00332" HPOS="1623" VPOS="3063" WIDTH="33"/>
						<String ID="P72_ST00364" HPOS="1656" VPOS="3013" WIDTH="96" HEIGHT="43" CONTENT="the" WC="0.95" CC="074"/>
						<SP ID="P72_SP00333" HPOS="1752" VPOS="3063" WIDTH="55"/>
						<String ID="P72_ST00365" HPOS="1807" VPOS="3013" WIDTH="211" HEIGHT="44" CONTENT="French" WC="0.97" CC="490707"/>
						<SP ID="P72_SP00334" HPOS="2018" VPOS="3063" WIDTH="52"/>
						<String ID="P72_ST00366" HPOS="2070" VPOS="3014" WIDTH="387" HEIGHT="57" CONTENT="Biblloth&amp;que" WC="0.60" CC="100667097006"/>
					</TextLine>
					<TextLine ID="P72_TL00033" HPOS="148" VPOS="3091" WIDTH="2309" HEIGHT="69">
						<String ID="P72_ST00367" HPOS="148" VPOS="3091" WIDTH="309" HEIGHT="54" CONTENT="Nationale," WC="0.32" CC="7785686853"/>
						<SP ID="P72_SP00335" HPOS="457" VPOS="3145" WIDTH="34"/>
						<String ID="P72_ST00368" HPOS="491" VPOS="3095" WIDTH="107" HEIGHT="41" CONTENT="and" WC="0.95" CC="706"/>
						<SP ID="P72_SP00336" HPOS="598" VPOS="3145" WIDTH="38"/>
						<String ID="P72_ST00369" HPOS="636" VPOS="3095" WIDTH="283" HEIGHT="45" CONTENT="exhibited" WC="0.97" CC="797878679"/>
						<SP ID="P72_SP00337" HPOS="919" VPOS="3145" WIDTH="37"/>
						<String ID="P72_ST00370" HPOS="956" VPOS="3099" WIDTH="59" HEIGHT="41" CONTENT="at" WC="0.29" CC="76"/>
						<SP ID="P72_SP00338" HPOS="1015" VPOS="3145" WIDTH="31"/>
						<String ID="P72_ST00371" HPOS="1046" VPOS="3100" WIDTH="96" HEIGHT="41" CONTENT="the" WC="0.93" CC="575"/>
						<SP ID="P72_SP00339" HPOS="1142" VPOS="3145" WIDTH="35"/>
						<String ID="P72_ST00372" HPOS="1177" VPOS="3102" WIDTH="160" HEIGHT="50" CONTENT="great" WC="0.95" CC="96697"/>
						<SP ID="P72_SP00340" HPOS="1337" VPOS="3152" WIDTH="34"/>
						<String ID="P72_ST00373" HPOS="1371" VPOS="3100" WIDTH="154" HEIGHT="45" CONTENT="Paris" WC="0.97" CC="07581"/>
						<SP ID="P72_SP00341" HPOS="1525" VPOS="3152" WIDTH="36"/>
						<String ID="P72_ST00374" HPOS="1561" VPOS="3102" WIDTH="317" HEIGHT="45" CONTENT="Exhibition" WC="0.98" CC="7976740607"/>
						<SP ID="P72_SP00342" HPOS="1878" VPOS="3152" WIDTH="36"/>
						<String ID="P72_ST00375" HPOS="1914" VPOS="3105" WIDTH="56" HEIGHT="42" CONTENT="in" WC="0.20" CC="87"/>
						<SP ID="P72_SP00343" HPOS="1970" VPOS="3152" WIDTH="36"/>
						<String ID="P72_ST00376" HPOS="2006" VPOS="3108" WIDTH="96" HEIGHT="40" CONTENT="the" WC="0.92" CC="776"/>
						<SP ID="P72_SP00344" HPOS="2102" VPOS="3152" WIDTH="33"/>
						<String ID="P72_ST00377" HPOS="2135" VPOS="3117" WIDTH="134" HEIGHT="42" CONTENT="year" WC="0.93" CC="9797"/>
						<SP ID="P72_SP00345" HPOS="2269" VPOS="3159" WIDTH="45"/>
						<String ID="P72_ST00378" HPOS="2314" VPOS="3105" WIDTH="143" HEIGHT="55" CONTENT="1878," WC="0.41" CC="65664"/>
					</TextLine>
					<TextLine ID="P72_TL00034" HPOS="150" VPOS="3183" WIDTH="2307" HEIGHT="65">
						<String ID="P72_ST00379" HPOS="150" VPOS="3183" WIDTH="138" HEIGHT="42" CONTENT="have" WC="0.95" CC="7904"/>
						<SP ID="P72_SP00346" HPOS="288" VPOS="3225" WIDTH="51"/>
						<String ID="P72_ST00380" HPOS="339" VPOS="3187" WIDTH="298" HEIGHT="42" CONTENT="convinced" WC="0.98" CC="665069555"/>
						<SP ID="P72_SP00347" HPOS="637" VPOS="3229" WIDTH="52"/>
						<String ID="P72_ST00381" HPOS="689" VPOS="3188" WIDTH="94" HEIGHT="42" CONTENT="the" WC="0.93" CC="862"/>
						<SP ID="P72_SP00348" HPOS="783" VPOS="3230" WIDTH="53"/>
						<String ID="P72_ST00382" HPOS="836" VPOS="3190" WIDTH="146" HEIGHT="41" CONTENT="most" WC="0.96" CC="9234"/>
						<SP ID="P72_SP00349" HPOS="982" VPOS="3231" WIDTH="49"/>
						<String ID="P72_ST00383" HPOS="1031" VPOS="3189" WIDTH="352" HEIGHT="45" CONTENT="incredulous" WC="0.98" CC="89666748075"/>
						<SP ID="P72_SP00350" HPOS="1383" VPOS="3234" WIDTH="38"/>
						<String ID="P72_ST00384" HPOS="1421" VPOS="3193" WIDTH="138" HEIGHT="42" CONTENT="-that" WC="0.96" CC="40796"/>
						<SP ID="P72_SP00351" HPOS="1559" VPOS="3235" WIDTH="52"/>
						<String ID="P72_ST00385" HPOS="1611" VPOS="3195" WIDTH="97" HEIGHT="41" CONTENT="the" WC="0.95" CC="066"/>
						<SP ID="P72_SP00352" HPOS="1708" VPOS="3236" WIDTH="55"/>
						<String ID="P72_ST00386" HPOS="1763" VPOS="3199" WIDTH="436" HEIGHT="49" CONTENT="compartments" WC="0.99" CC="009076696660"/>
						<SP ID="P72_SP00353" HPOS="2199" VPOS="3248" WIDTH="55"/>
						<String ID="P72_ST00387" HPOS="2254" VPOS="3198" WIDTH="55" HEIGHT="43" CONTENT="of" WC="0.28" CC="67"/>
						<SP ID="P72_SP00354" HPOS="2309" VPOS="3248" WIDTH="52"/>
						<String ID="P72_ST00388" HPOS="2361" VPOS="3201" WIDTH="96" HEIGHT="41" CONTENT="the" WC="0.94" CC="662"/>
					</TextLine>
					<TextLine ID="P72_TL00035" HPOS="147" VPOS="3277" WIDTH="2310" HEIGHT="65">
						<String ID="P72_ST00389" HPOS="147" VPOS="3284" WIDTH="235" HEIGHT="44" CONTENT="scenery" WC="0.98" CC="1727650"/>
						<SP ID="P72_SP00355" HPOS="382" VPOS="3328" WIDTH="33"/>
						<String ID="P72_ST00390" HPOS="415" VPOS="3277" WIDTH="233" HEIGHT="51" CONTENT="adopted" WC="0.98" CC="9070800"/>
						<SP ID="P72_SP00356" HPOS="648" VPOS="3328" WIDTH="36"/>
						<String ID="P72_ST00391" HPOS="684" VPOS="3279" WIDTH="55" HEIGHT="41" CONTENT="in" WC="0.58" CC="08"/>
						<SP ID="P72_SP00357" HPOS="739" VPOS="3328" WIDTH="25"/>
						<String ID="P72_ST00392" HPOS="764" VPOS="3278" WIDTH="96" HEIGHT="43" CONTENT="the" WC="0.91" CC="796"/>
						<SP ID="P72_SP00358" HPOS="860" VPOS="3328" WIDTH="25"/>
						<String ID="P72_ST00393" HPOS="885" VPOS="3281" WIDTH="292" HEIGHT="52" CONTENT="Mysteries" WC="0.98" CC="690557801"/>
						<SP ID="P72_SP00359" HPOS="1177" VPOS="3333" WIDTH="26"/>
						<String ID="P72_ST00394" HPOS="1203" VPOS="3293" WIDTH="144" HEIGHT="32" CONTENT="were" WC="0.97" CC="0572"/>
						<SP ID="P72_SP00360" HPOS="1347" VPOS="3333" WIDTH="27"/>
						<String ID="P72_ST00395" HPOS="1374" VPOS="3286" WIDTH="99" HEIGHT="39" CONTENT="not" WC="0.95" CC="706"/>
						<SP ID="P72_SP00361" HPOS="1473" VPOS="3333" WIDTH="23"/>
						<String ID="P72_ST00396" HPOS="1496" VPOS="3283" WIDTH="208" HEIGHT="45" CONTENT="seldom" WC="0.97" CC="238767"/>
						<SP ID="P72_SP00362" HPOS="1704" VPOS="3333" WIDTH="28"/>
						<String ID="P72_ST00397" HPOS="1732" VPOS="3286" WIDTH="144" HEIGHT="43" CONTENT="built" WC="0.96" CC="67670"/>
						<SP ID="P72_SP00363" HPOS="1876" VPOS="3333" WIDTH="22"/>
						<String ID="P72_ST00398" HPOS="1898" VPOS="3298" WIDTH="103" HEIGHT="32" CONTENT="one" WC="0.93" CC="666"/>
						<SP ID="P72_SP00364" HPOS="2001" VPOS="3333" WIDTH="28"/>
						<String ID="P72_ST00399" HPOS="2029" VPOS="3300" WIDTH="145" HEIGHT="42" CONTENT="upon" WC="0.97" CC="4037"/>
						<SP ID="P72_SP00365" HPOS="2174" VPOS="3342" WIDTH="25"/>
						<String ID="P72_ST00400" HPOS="2199" VPOS="3292" WIDTH="258" HEIGHT="50" CONTENT="another;" WC="0.98" CC="99916104"/>
					</TextLine>
					<TextLine ID="P72_TL00036" HPOS="148" VPOS="3362" WIDTH="2309" HEIGHT="72">
						<String ID="P72_ST00401" HPOS="148" VPOS="3375" WIDTH="30" HEIGHT="29" CONTENT="a" WC="0.25" CC="7"/>
						<SP ID="P72_SP00366" HPOS="178" VPOS="3404" WIDTH="34"/>
						<String ID="P72_ST00402" HPOS="212" VPOS="3362" WIDTH="113" HEIGHT="46" CONTENT="fact" WC="0.97" CC="1740"/>
						<SP ID="P72_SP00367" HPOS="325" VPOS="3408" WIDTH="33"/>
						<String ID="P72_ST00403" HPOS="358" VPOS="3367" WIDTH="198" HEIGHT="52" CONTENT="which," WC="0.97" CC="966164"/>
						<SP ID="P72_SP00368" HPOS="556" VPOS="3419" WIDTH="34"/>
						<String ID="P72_ST00404" HPOS="590" VPOS="3366" WIDTH="148" HEIGHT="45" CONTENT="after" WC="0.97" CC="97024"/>
						<SP ID="P72_SP00369" HPOS="738" VPOS="3419" WIDTH="33"/>
						<String ID="P72_ST00405" HPOS="771" VPOS="3368" WIDTH="92" HEIGHT="54" CONTENT="all," WC="0.94" CC="7882"/>
						<SP ID="P72_SP00370" HPOS="863" VPOS="3422" WIDTH="33"/>
						<String ID="P72_ST00406" HPOS="896" VPOS="3371" WIDTH="44" HEIGHT="40" CONTENT="is" WC="0.80" CC="04"/>
						<SP ID="P72_SP00371" HPOS="940" VPOS="3422" WIDTH="39"/>
						<String ID="P72_ST00407" HPOS="979" VPOS="3372" WIDTH="98" HEIGHT="41" CONTENT="not" WC="0.94" CC="807"/>
						<SP ID="P72_SP00372" HPOS="1077" VPOS="3422" WIDTH="33"/>
						<String ID="P72_ST00408" HPOS="1110" VPOS="3372" WIDTH="218" HEIGHT="51" CONTENT="denied," WC="0.97" CC="8990683"/>
						<SP ID="P72_SP00373" HPOS="1328" VPOS="3423" WIDTH="35"/>
						<String ID="P72_ST00409" HPOS="1363" VPOS="3376" WIDTH="193" HEIGHT="51" CONTENT="except" WC="0.97" CC="650996"/>
						<SP ID="P72_SP00374" HPOS="1556" VPOS="3427" WIDTH="34"/>
						<String ID="P72_ST00410" HPOS="1590" VPOS="3373" WIDTH="88" HEIGHT="45" CONTENT="for" WC="0.92" CC="759"/>
						<SP ID="P72_SP00375" HPOS="1678" VPOS="3427" WIDTH="31"/>
						<String ID="P72_ST00411" HPOS="1709" VPOS="3377" WIDTH="202" HEIGHT="52" CONTENT="special" WC="0.98" CC="0066508"/>
						<SP ID="P72_SP00376" HPOS="1911" VPOS="3429" WIDTH="37"/>
						<String ID="P72_ST00412" HPOS="1948" VPOS="3389" WIDTH="173" HEIGHT="43" CONTENT="cases," WC="0.97" CC="590733"/>
						<SP ID="P72_SP00377" HPOS="2121" VPOS="3432" WIDTH="57"/>
						<String ID="P72_ST00413" HPOS="2178" VPOS="3381" WIDTH="68" HEIGHT="53" CONTENT="by" WC="0.64" CC="70"/>
						<SP ID="P72_SP00378" HPOS="2246" VPOS="3434" WIDTH="35"/>
						<String ID="P72_ST00414" HPOS="2281" VPOS="3380" WIDTH="141" HEIGHT="45" CONTENT="D'An" SUBS_TYPE="HypPart1" SUBS_CONTENT="D'Ancona" WC="0.46" CC="8307"/>
						<HYP HPOS="2422" VPOS="3380" WIDTH="35" CONTENT="-"/>
					</TextLine>
					<TextLine ID="P72_TL00037" HPOS="151" VPOS="3456" WIDTH="2304" HEIGHT="68">
						<String ID="P72_ST00415" HPOS="151" VPOS="3465" WIDTH="135" HEIGHT="31" CONTENT="cona" SUBS_TYPE="HypPart2" SUBS_CONTENT="D'Ancona" WC="0.20" CC="6789"/>
						<SP ID="P72_SP00379" HPOS="286" VPOS="3496" WIDTH="35"/>
						<String ID="P72_ST00416" HPOS="321" VPOS="3456" WIDTH="236" HEIGHT="56" CONTENT="himself," WC="0.97" CC="96905673"/>
						<SP ID="P72_SP00380" HPOS="557" VPOS="3512" WIDTH="36"/>
						<String ID="P72_ST00417" HPOS="593" VPOS="3460" WIDTH="142" HEIGHT="53" CONTENT="who," WC="0.96" CC="0774"/>
						<SP ID="P72_SP00381" HPOS="735" VPOS="3513" WIDTH="34"/>
						<String ID="P72_ST00418" HPOS="769" VPOS="3461" WIDTH="58" HEIGHT="42" CONTENT="in" WC="0.54" CC="17"/>
						<SP ID="P72_SP00382" HPOS="827" VPOS="3513" WIDTH="35"/>
						<String ID="P72_ST00419" HPOS="862" VPOS="3472" WIDTH="29" HEIGHT="32" CONTENT="a" WC="1.00" CC="9"/>
						<SP ID="P72_SP00383" HPOS="891" VPOS="3513" WIDTH="36"/>
						<String ID="P72_ST00420" HPOS="927" VPOS="3460" WIDTH="278" HEIGHT="47" CONTENT="foot-note" WC="0.98" CC="675048605"/>
						<SP ID="P72_SP00384" HPOS="1205" VPOS="3513" WIDTH="34"/>
						<String ID="P72_ST00421" HPOS="1239" VPOS="3465" WIDTH="59" HEIGHT="42" CONTENT="to" WC="0.69" CC="06"/>
						<SP ID="P72_SP00385" HPOS="1298" VPOS="3513" WIDTH="35"/>
						<String ID="P72_ST00422" HPOS="1333" VPOS="3475" WIDTH="135" HEIGHT="43" CONTENT="page" WC="0.97" CC="0094"/>
						<SP ID="P72_SP00386" HPOS="1468" VPOS="3518" WIDTH="34"/>
						<String ID="P72_ST00423" HPOS="1502" VPOS="3476" WIDTH="118" HEIGHT="46" CONTENT="399," WC="0.36" CC="6854"/>
						<SP ID="P72_SP00387" HPOS="1620" VPOS="3522" WIDTH="36"/>
						<String ID="P72_ST00424" HPOS="1656" VPOS="3466" WIDTH="114" HEIGHT="46" CONTENT="Vol." WC="0.94" CC="5883"/>
						<SP ID="P72_SP00388" HPOS="1770" VPOS="3522" WIDTH="36"/>
						<String ID="P72_ST00425" HPOS="1806" VPOS="3470" WIDTH="38" HEIGHT="43" CONTENT="I." WC="0.68" CC="14"/>
						<SP ID="P72_SP00389" HPOS="1844" VPOS="3522" WIDTH="37"/>
						<String ID="P72_ST00426" HPOS="1881" VPOS="3467" WIDTH="56" HEIGHT="46" CONTENT="of" WC="0.27" CC="77"/>
						<SP ID="P72_SP00390" HPOS="1937" VPOS="3522" WIDTH="33"/>
						<String ID="P72_ST00427" HPOS="1970" VPOS="3469" WIDTH="85" HEIGHT="44" CONTENT="ills" WC="0.97" CC="0780"/>
						<SP ID="P72_SP00391" HPOS="2055" VPOS="3522" WIDTH="34"/>
						<String ID="P72_ST00428" HPOS="2089" VPOS="3470" WIDTH="174" HEIGHT="54" CONTENT="work," WC="0.97" CC="05854"/>
						<SP ID="P72_SP00392" HPOS="2263" VPOS="3524" WIDTH="56"/>
						<String ID="P72_ST00429" HPOS="2319" VPOS="3474" WIDTH="136" HEIGHT="42" CONTENT="cites" WC="0.98" CC="32800"/>
					</TextLine>
				</TextBlock>
			</PrintSpace>
		</Page>
	</Layout>
</alto>
