2578 3797
725 340 201 66 THE
974 337 852 81 PRODUCTION

716 502 136 69 OF
893 505 63 66 A
1022 502 434 69 PUPPET
1515 502 305 76 PLAY,

715 666 143 85 by
1039 666 188 88 M.
1185 666 145 88 H.
1402 666 415 88 Bulley.

299 871 121 41 who
454 870 136 42 have
626 870 103 41 had
766 869 255 51 practical
1056 871 319 50 experience
1409 870 54 42 of
1495 877 204 45 puppet
1731 874 148 52 plays
1911 875 112 42 will
2067 873 337 56 sympathize

231 959 132 43 with
397 959 95 42 the
526 959 127 42 rash
687 959 105 41 and
828 957 283 43 dauntless
1143 955 117 45 folk
1291 959 121 42 who
1446 962 239 49 attempt
1716 963 57 41 to
1806 964 235 50 produce
2075 973 123 33 one.
2231 960 174 44 There

139 1051 45 40 is
217 1059 67 32 no
319 1048 327 52 accounting
678 1045 86 44 for
796 1047 94 42 the
923 1048 222 51 strange
1173 1048 103 41 and
1303 1047 354 53 inexplicable
1679 1051 280 53 gyrations
1983 1053 56 41 to
2063 1051 176 43 which
2268 1059 135 33 even

142 1138 94 41 the
270 1139 144 40 most
447 1136 244 53 severely
722 1136 216 42 trained
973 1138 205 48 puppet
1211 1136 108 42 will
1355 1137 269 53 suddenly
1657 1141 295 40 succumb.*
2344 1144 66 36 JS?

237 1226 126 42 This
396 1237 81 31 we
510 1224 169 44 found
715 1227 98 39 out
844 1226 57 42 to
937 1236 102 32 our
1072 1227 115 41 cost
1220 1224 144 44 after
1395 1236 82 32 we
1512 1227 103 41 had
1651 1226 302 54 cheerfully
1987 1227 210 43 offered
2232 1238 32 31 a
2287 1237 92 41 per-

141 1313 279 45 formance
456 1317 56 40 to
545 1315 96 42 the
678 1316 268 41 members
979 1316 102 39 and
1115 1313 207 42 friends
1356 1312 56 43 of
1434 1315 124 42 that
1583 1315 228 53 popular
1834 1316 279 52 Liverpool
2137 1315 154 49 Club,
2312 1315 96 42 the

139 1405 215 42 Sandon
391 1404 228 43 Studios
653 1405 234 51 Society,
936 1405 66 52 (i)
1053 1405 282 51 However,
1383 1405 199 52 having
1628 1405 227 52 pledged
1903 1405 296 51 ourselves,
2249 1404 160 43 there

142 1503 110 31 was
288 1503 67 30 no
391 1503 187 39 escape
611 1489 139 44 from
785 1492 95 41 the
914 1490 321 43 difficulties
1267 1490 126 42 that
1416 1491 85 54 lay
1528 1489 184 44 before
1738 1503 80 40 us,
1840 1492 104 42 and
1968 1504 162 41 every
2154 1491 255 51 morning

146 1592 110 31 saw
292 1592 62 30 us
390 1581 133 41 hard
560 1583 58 39 at
651 1579 153 43 work
835 1580 304 51 exercising
1172 1580 91 42 Or.
1315 1578 252 53 Faustus,
1615 1580 473 52 Mephistopheles,
2137 1579 168 43 Helen
2353 1579 55 43 of

150 1669 158 53 Troy,
343 1670 81 42 six
479 1672 91 39 red
622 1668 188 52 devils,
843 1680 29 31 a
924 1670 224 50 dragon,
1201 1679 29 31 a
1284 1669 263 51 guardian
1604 1668 160 52 angel
1818 1670 105 40 and
1977 1669 220 42 various
2250 1669 160 42 other

145 1758 215 53 equally
396 1759 302 51 important
730 1767 349 40 personages.
1112 1755 111 42 The
1260 1755 121 54 play
1413 1767 82 30 we
1531 1757 102 40 had
1672 1758 197 41 chosen
1902 1768 111 31 was
2123 1757 108 42 The
2281 1755 98 44 Pro-

146 1847 211 52 digious
390 1847 102 40 and
531 1844 346 45 Lamentable
915 1846 219 52 History
1168 1843 55 43 of
1257 1846 90 41 Dr.
1380 1846 280 41 Johannes
1942 1847 175 40 which
2143 1847 103 40 had
2274 1847 136 42 been

146 1936 303 42 translated
482 1932 141 44 from
658 1934 96 42 the
790 1934 235 42 German
1060 1936 67 49 by
1161 1934 130 41 Miss
1327 1934 141 41 Dora
1501 1934 206 52 Nussey
1738 1936 103 39 and
1877 1936 272 49 produced
2194 1934 69 54 by
2311 1934 99 42 her

148 2026 54 41 in
240 2025 239 43 London.
512 2025 105 40 She
653 2026 142 39 most
829 2022 184 53 kindly
1047 2022 117 42 lent
1199 2033 62 31 us
1296 2023 97 41 her
1426 2025 137 48 text,
1597 2023 103 41 and
1752 2021 282 43 furnished
2088 2033 59 31 us
2198 2023 132 41 with
2378 2035 32 29 a

148 2113 204 50 puppet
385 2124 57 30 as
475 2124 29 29 a
539 2111 197 43 model.
877 2120 65 35 £?
1122 2120 64 34 JZ?
1614 2120 62 33 JZ?

244 2202 125 44 This
402 2204 201 49 puppet
637 2201 102 41 had
776 2202 136 40 been
964 2201 207 51 bought
1219 2200 137 40 from
1393 2211 29 29 a
1458 2199 224 48 Russian
1719 2200 56 39 in
1811 2200 237 51 London,
2083 2200 100 40 but
2216 2209 70 33 on
2319 2209 64 33 en-

152 2291 159 54 quiry
343 2301 80 32 we
457 2289 169 43 found
661 2290 126 42 that
820 2290 66 41 he
923 2290 102 41 had
1061 2287 243 53 recently
1341 2289 152 40 made
1528 2299 29 29 a
1592 2287 157 53 night
1779 2286 229 52 flitting,
2043 2287 214 53 leaving
2290 2287 125 54 only

151 2381 157 41 debts
344 2380 202 42 behind
583 2378 133 44 him.
749 2376 291 46 Countless
1073 2376 277 52 enquiries
1385 2376 130 42 then
1549 2373 271 54 followed,
1851 2376 99 41 but
1983 2385 69 32 no
2076 2375 135 51 shop
2235 2376 180 41 would

155 2481 130 40 copy
320 2469 95 42 the
466 2468 288 53 delicately
805 2467 273 41 balanced-
1115 2467 325 40 mechanism
1493 2464 55 42 of
1595 2467 95 39 the
1742 2467 203 49 puppet
1992 2463 84 43 for
2124 2464 108 43 less
2281 2465 134 42 than

151 2557 176 52 thirty
359 2555 254 53 shillings
646 2557 103 40 and
787 2566 135 31 even
955 2554 137 42 then
1131 2553 233 41 without
1397 2552 209 42 clothes
1642 2563 61 31 or
1737 2552 263 42 modelled
2033 2550 138 45 face.

249 2647 70 41 At
352 2644 125 55 last,
506 2646 268 52 however,
797 2655 80 31 we
913 2655 145 30 were
1091 2641 282 43 fortunate
1408 2642 55 40 in
1489 2641 343 52 discovering
1855 2652 101 32 one
1981 2639 55 43 of
2058 2642 158 42 those
2240 2641 178 43 clever

155 2735 294 43 craftsmen
484 2735 180 41 whose
697 2732 208 53 fingers
938 2742 144 32 seem
1116 2729 158 53 equal
1308 2731 57 40 to
1399 2741 104 41 any
1536 2728 143 52 task,
1728 2731 104 40 and
1883 2741 78 32 we
2010 2741 145 30 were
2206 2729 212 53 shortly

153 2826 94 42 the
283 2826 168 49 proud
484 2834 307 43 possessors
825 2820 54 44 of
910 2822 80 41 six
1022 2820 230 50 puppets
1285 2820 131 40 with
1453 2817 250 43 moulded
1752 2820 187 50 papier
1957 2839 24 14 -
2000 2820 188 42 mache
2236 2820 183 52 heads,

156 2914 173 43 hands
362 2915 103 41 and
499 2911 131 50 feet,
665 2911 197 43 hollow
895 2911 226 41 wooden
1159 2909 205 49 bodies,
1395 2909 102 39 and
1534 2919 145 30 arms
1710 2909 105 40 and
1849 2907 113 52 legs
2011 2910 155 40 made
2217 2907 53 43 of
2317 2909 105 52 tin,

156 3005 151 42 wood
343 3005 101 41 and
481 3004 132 40 wire
647 3004 58 39 at
736 3001 94 41 the
867 3000 116 41 cost
1017 2996 52 43 of
1102 3008 163 31 seven
1299 2996 249 52 shillings
1583 2997 146 42 each,
1762 2996 263 53 (diagram
2062 2997 87 52 A.)

255 3094 108 42 The
396 3091 114 45 feet
542 3103 145 32 were
724 3089 273 52 weighted
1031 3088 133 40 with
1200 3086 249 43 lead...an
1484 3086 247 42 absolute
1770 3089 433 52 necessity...and
2237 3086 182 43 flaxen

160 3185 118 42 hair
310 3183 238 43 adorned
585 3180 148 43 their
766 3179 302 52 respective
1105 3178 183 42 heads.
1321 3176 170 44 When
1525 3176 146 42 their
1703 3175 142 43 faces
1872 3178 99 42 had
1999 3179 133 41 been
2157 3176 266 54 skillfully

160 3276 221 52 painted
415 3274 104 41 and
553 3273 131 51 they
717 3281 144 31 were
896 3269 219 41 dressed
1149 3269 53 40 in
1230 3269 232 41 German
1489 3269 242 41 costume
1756 3265 55 44 of
1834 3268 92 42 the
1950 3268 106 42 XVI
2066 3268 81 41 1th
2175 3269 248 50 century,

160 3376 80 29 we
272 3363 134 42 then
442 3361 264 42 threaded
741 3358 171 42 them.
1381 3363 64 33 •£?
1624 3362 65 37 •£?
1869 3364 65 36 JZ?

161 3451 43 42 (j)
225 3452 24 31 A
274 3449 83 35 Note
378 3449 107 34 about
508 3447 76 33 this
609 3446 134 41 Society
763 3445 71 34 will
860 3444 39 34 be
923 3444 104 33 found
1054 3452 40 23 oa
1122 3451 101 32 page.
1242 3441 75 33 234.
1350 3439 39 35 J.
1415 3441 33 33 S.
