2607 3794
729 278 427 48 ;&CLUNN
1886 278 244 48 LEWIS
1300 279 168 49 AND
1498 281 128 48 HIS
1656 282 367 48 PUPPETS.

167 290 104 41 222

177 388 104 42 and
299 389 94 52 yet
411 386 276 44 somehow
712 386 67 42 he
803 385 113 43 still
943 385 96 43 has
1062 389 58 39 to
1145 389 223 41 wander
1390 400 70 31 on
1485 388 162 54 along
1668 390 96 42 the
1790 390 338 54 high-roads,
2149 393 313 46 sometimes

174 475 223 55 playing
428 487 71 32 on
535 477 84 42 his
654 475 157 52 harp,
842 475 162 42 when
1038 478 159 41 there
1231 489 91 31 are
1358 479 100 42 not
1489 480 217 51 enough
1740 480 191 51 people
1965 483 57 41 to
2073 483 65 41 be
2186 480 170 45 found
2406 485 56 44 to

177 566 156 43 make
367 576 71 42 up
471 576 70 31 an
577 564 264 43 audience
875 567 107 42 and
1016 568 60 41 at
1108 567 164 43 other
1301 569 166 43 times
1499 571 189 52 giving
1720 583 30 29 a
1782 572 154 43 show
1983 573 175 42 which
2202 574 260 55 probably

173 656 188 50 brings
394 654 56 42 in
484 656 111 40 two
620 657 212 48 pounds
855 657 97 41 ten
987 654 42 45 if
1052 668 60 32 as
1136 658 183 43 much.
1343 659 115 41 And
1495 658 43 43 if
1570 661 95 42 the
1691 661 204 53 clergy,
1918 663 95 42 the
2039 675 123 31 men
2189 662 57 44 of
2267 663 195 47 letters

174 743 106 42 and
314 742 97 43 the
444 745 265 52 way-side
743 743 116 43 folk
889 748 234 51 support
1156 748 110 42 him
1322 752 59 40 to
1434 750 97 42 the
1580 752 196 41 extent
1827 752 129 42 that
1998 753 133 54 they
2178 765 94 32 are
2324 753 138 54 able,

169 830 137 53 still,
355 833 94 42 the
502 832 223 54 English
761 836 185 51 public
979 837 97 42 has
1110 840 139 42 done
1283 840 323 54 practically
1640 844 234 50 nothing
1904 841 89 45 for
2027 845 130 43 him.

267 924 170 43 When
478 925 19 41 I
531 935 97 43 say
658 926 126 42 that
805 927 97 42 the
927 926 223 55 English
1186 929 138 43 have
1358 930 140 42 done
1532 931 237 54 nothing
1800 931 88 43 for
1918 930 151 56 him,
2093 935 18 41 I
2139 945 159 32 mean
2338 936 124 42 that

164 1013 137 53 they
351 1014 136 43 have
524 1015 142 43 done
701 1016 237 55 nothing
968 1018 89 43 for
1089 1020 353 54 themselves,
1487 1020 105 52 for,
1627 1023 55 42 in
1738 1024 223 52 serving
2015 1024 94 43 the
2166 1037 123 30 man
2340 1027 120 43 who

169 1113 286 41 preserves
489 1104 89 42 old
619 1107 297 44 traditions
950 1108 56 43 of
1037 1110 113 42 this
1186 1109 157 55 kind,
1390 1112 134 54 they
1556 1112 180 43 would
1773 1114 64 42 be
1871 1114 225 52 serving
2129 1115 331 45 themselves

168 1203 150 32 more
366 1195 135 41 than
538 1207 213 40 anyone
786 1198 129 44 else.
2171 1209 66 35 jg?

266 1284 141 42 Here
441 1287 46 41 is
520 1287 96 42 the
652 1298 123 32 case
809 1288 56 42 of
898 1301 31 30 a
963 1301 124 30 man
1122 1292 123 41 who
1280 1293 98 41 has
1410 1293 137 43 been
1581 1294 190 53 giving
1802 1294 409 51 performances
2244 1293 89 45 for
2365 1297 95 42 the

167 1371 106 44 last
314 1372 128 55 fifty
473 1386 164 42 years
671 1378 284 42 wherever
988 1380 68 41 he
1090 1391 100 30 can
1225 1381 115 42 find
1376 1394 67 29 an
1479 1383 266 44 audience
1781 1385 54 42 of
1866 1383 151 56 forty
2049 1387 60 42 to
2142 1387 162 54 sixty,
2356 1388 104 41 and

164 1465 97 49 yet
291 1465 98 42 the
423 1465 221 53 English
680 1468 186 51 public
899 1470 68 42 do
1004 1472 97 41 not
1133 1474 235 49 support
1401 1472 131 45 him.
1559 1475 48 40 It
1641 1476 45 41 is
1719 1486 59 31 so
1806 1474 153 44 often
1983 1479 115 40 said
2125 1476 56 45 of
2204 1489 67 30 an
2296 1476 164 46 artist

167 1554 124 41 that
338 1556 69 42 he
441 1557 97 41 has
573 1556 130 55 only
733 1560 60 41 to
827 1560 151 42 show
1011 1561 191 51 people
1237 1564 150 42 what
1423 1564 66 42 he
1523 1576 100 31 can
1669 1566 88 50 do,
1806 1568 103 40 and
1948 1568 120 43 how
2119 1569 66 40 he
2234 1569 129 43 does
2398 1571 61 51 it,

162 1640 88 47 for
296 1645 154 42 them
484 1648 60 39 to
581 1649 231 51 support
846 1649 133 44 him.
1014 1650 127 43 This
1175 1653 43 42 is
1255 1654 225 43 untrue.

162 1743 66 35 &
261 1734 66 44 Of
358 1747 193 33 course
585 1736 191 54 people
811 1739 179 42 would
1026 1752 96 43 say
1153 1743 124 42 that
1310 1744 115 41 this
1461 1755 120 31 case
1617 1744 55 42 of
1703 1747 84 40 Mr
1838 1748 170 42 Lewis
2042 1749 46 41 is
2125 1750 99 41 not
2257 1761 31 30 a
2322 1753 136 49 good

163 1825 270 54 example,
466 1828 106 41 and
605 1828 127 43 that
767 1832 238 49 puppets
1040 1843 93 32 are
1169 1836 100 39 out
1301 1832 56 44 of
1388 1836 148 50 date,
1567 1837 106 40 and
1710 1836 70 43 all
1815 1838 97 42 the
1946 1841 118 40 rest
2097 1839 56 43 of
2186 1839 65 45 It.

261 1913 175 55 Again
471 1917 112 43 this
618 1919 44 42 is
698 1921 100 42 not
830 1922 148 42 true.
1012 1921 174 44 There
1222 1923 47 43 is
1302 1926 198 53 hardly
1532 1938 30 30 a
1597 1928 148 41 word
1782 1927 56 43 in
1865 1929 94 42 the
1984 1928 225 54 English
2234 1942 225 33 excuses

160 2006 125 42 that
318 2007 46 42 is
397 2008 128 42 true
546 2018 13 40 ;
593 2007 46 43 it
673 2008 46 43 is
755 2009 128 54 only
917 2011 151 42 their
1101 2013 304 50 particular
1437 2015 156 43 weak
1630 2029 119 40 way
1774 2017 55 45 of
1851 2021 218 51 getting
2105 2023 97 41 out
2227 2022 55 43 of
2307 2034 122 31 exer-

158 2098 126 51 ting
317 2097 351 46 themselves.

262 2185 72 44 As
366 2189 20 39 I
422 2187 161 43 write
616 2190 115 42 this
767 2191 18 39 I
808 2201 85 31 am
917 2189 207 55 feeling
1157 2204 32 30 a
1222 2192 147 45 little
1404 2206 151 32 more
1589 2199 268 53 seriously
1889 2195 134 47 than
2058 2203 162 41 those
2246 2204 66 42 do
2335 2204 121 42 who

163 2277 162 42 write
360 2277 54 44 of
446 2280 86 42 Mr
564 2279 179 43 Clunn
780 2281 220 45 Lewis's
1551 2289 135 41 with
1721 2290 177 42 which
1936 2290 68 43 he
2036 2293 230 52 trudges
2314 2294 141 42 from

158 2366 203 54 village
393 2370 59 41 to
485 2369 220 53 village.
742 2371 19 42 I
825 2383 91 30 see
952 2384 29 31 a
1015 2371 147 45 little
1195 2373 225 45 further
1453 2379 175 41 under
1660 2378 97 43 the
1791 2379 126 43 skin
1970 2383 135 42 than
2155 2384 144 52 that,
2350 2385 104 42 and

158 2458 266 54 although
460 2460 94 42 the
587 2469 196 42 papers
817 2474 145 32 were
995 2474 59 32 so
1087 2463 103 43 full
1225 2464 54 43 of
1311 2468 94 41 the
1440 2468 215 44 honour
1688 2472 123 42 that
1844 2472 68 43 he
1947 2473 102 42 had
2101 2476 249 43 received
2401 2477 52 40 in

162 2549 163 51 being
383 2549 327 43 introduced
764 2553 59 42 to
878 2553 82 42 Mr
1014 2553 245 45 Bernard
1313 2557 178 51 Shaw,
1528 2561 18 39 I
1581 2571 87 32 am
1701 2572 129 32 sure
1863 2563 85 41 Mr
2003 2563 243 45 Bernard
2295 2566 160 43 Shaw

160 2639 150 41 must
343 2638 137 43 have
513 2637 103 44 felt
648 2641 126 42 that
807 2642 96 42 the
938 2643 215 43 honour
1185 2657 112 31 was
1330 2648 217 52 equally
1581 2661 69 32 on
1688 2651 83 42 his
1806 2652 132 43 side.

157 2736 66 35 &
256 2728 83 43 All
376 2731 112 42 this
521 2730 121 43 talk
676 2733 171 42 about
1067 2746 184 43 merry
1284 2738 83 42 Mr
1664 2744 105 40 and
1805 2744 94 43 the
1933 2745 32 25 *'
2003 2746 219 43 honour
2256 2749 66 42 he
2356 2749 97 43 has

155 2820 252 43 received
515 2821 44 43 is
593 2834 30 30 a
658 2834 132 42 very
823 2835 129 42 easy
983 2836 120 42 way
1136 2825 54 43 of
1222 2830 218 51 getting
1475 2832 98 41 out
1606 2830 55 43 of
1694 2834 167 52 doing
1893 2836 274 55 anything
2213 2836 238 46 further.

158 2911 18 41 I
211 2923 97 40 say
339 2911 129 42 that
499 2912 86 42 Mr
621 2911 179 45 Clunn
837 2915 172 43 Lewis
1057 2916 67 51 is,
1173 2919 53 40 in
1251 2919 145 51 spite
1443 2919 55 43 of
1520 2933 427 40 appearances...
1968 2928 105 40 and
2100 2928 66 43 he
2189 2930 264 50 pretends

157 3003 58 42 to
249 3003 66 40 be
350 3001 246 44 cheerful
631 3005 279 51 enough...
945 3017 29 30 a
1010 3006 207 44 broken
1254 3009 157 42 down
1451 3023 143 41 man,
1631 3013 207 44 broken
1876 3015 159 44 down
2069 3018 163 44 while
2267 3020 68 44 he
2369 3023 56 41 at-

154 3092 210 50 tempts
395 3090 424 54 single-handed
856 3097 56 40 to
946 3106 257 40 preserve
1239 3111 104 31 one
1377 3098 55 44 of
1465 3100 296 54 England's
1794 3107 321 47 traditions.
2388 3122 65 34 &

157 3189 64 36 &
256 3182 49 40 It
338 3182 47 43 Is
417 3183 115 52 Just
568 3197 29 29 a
633 3194 125 32 man
794 3183 111 46 like
938 3187 114 42 this
1086 3189 57 41 to
1178 3189 179 45 whom
1391 3193 96 42 the
1520 3194 157 45 State
1710 3196 199 44 should
1946 3201 122 51 give
2116 3213 31 30 a
2197 3205 253 49 pension.

155 3271 42 43 A
231 3274 150 49 poet,
416 3276 105 40 and
559 3287 165 42 many
757 3278 238 42 another
1029 3291 145 43 man,
1223 3282 257 46 deserves
1532 3285 85 43 his
1665 3290 252 49 pension,
1969 3291 100 42 but
2119 3293 19 41 I
2186 3305 86 32 am
2322 3306 128 33 sure

151 3362 127 42 that
313 3375 29 30 a
376 3366 131 49 poet
543 3365 218 44 doesn't
797 3367 104 43 live
938 3380 67 30 on
1039 3370 98 43 the
1173 3372 252 43 hundred
1461 3375 103 42 odd
1621 3379 213 48 pounds
1884 3379 68 43 he
2006 3382 246 45 receives
2307 3384 142 44 from

151 3452 97 42 the
280 3453 174 54 State,
489 3456 247 44 whereas
770 3460 18 40 I
825 3459 208 45 believe
1066 3462 124 42 that
1222 3464 84 42 Mr
1339 3462 175 45 Clunn
1554 3467 171 44 Lewis
1759 3469 178 44 could.
2387 3484 63 36 &
