2578 3797
694 317 63 33 &
784 308 46 45 A
867 309 335 55 HISTORY
1234 312 99 47 OF
1359 313 346 47 PUPPETS

2329 328 94 44 257

155 408 95 42 the
285 409 374 45 intervention
710 413 55 42 of
818 416 170 53 heavy
1038 419 314 55 machinery
1401 423 103 40 and
1553 419 351 55 scaffolding,
1948 423 105 41 and
2107 421 55 43 of
2213 433 210 42 cranes,

155 496 220 52 wheels,
408 498 104 41 and
548 502 412 52 counterpoises
992 507 59 41 to
1084 508 139 42 raise
1258 509 102 41 and
1397 508 167 43 lower
1594 521 60 30 so
1688 521 159 42 many
1895 508 208 54 people,
2155 512 59 41 to
2263 521 160 32 cause

155 587 95 41 the
282 597 333 39 appearance
649 592 104 39 and
790 592 422 52 disappearance
1245 596 56 43 of
1331 609 59 30 so
1425 610 161 42 many
1635 603 291 47 monsters,
1973 602 58 41 to
2078 601 236 52 produce
2361 611 61 32 so

155 685 161 40 many
349 676 105 41 and
489 677 131 41 such
656 680 184 40 varied
875 683 271 51 wonders,
1179 685 159 42 there
1373 687 277 54 naturally
1683 700 178 32 comes
1895 689 121 41 into
2069 689 152 43 one's
2270 689 146 41 mind

158 765 95 42 the
287 765 325 43 calculation
649 766 55 43 of
734 770 94 40 the
861 772 319 50 proportion
1217 776 248 42 between
1498 777 96 42 the
1628 779 333 43 dimensions
1994 779 56 42 of
2082 780 95 41 the
2211 779 201 42 church

158 864 63 32 or
252 865 194 41 square
479 857 104 41 and
616 857 125 42 that
774 856 54 43 of
859 871 30 30 a
922 864 153 48 stage
1110 874 142 39 upon
1287 866 172 41 which
1494 865 105 43 five
1623 878 61 32 or
1706 869 80 41 six
1819 870 245 41 hundred
2098 868 189 53 people
2313 868 103 43 had

156 944 59 39 to
269 955 153 31 move
476 946 340 54 continually
863 950 105 40 and
1017 948 315 57 frequently
1382 964 122 41 pass
1551 954 140 43 from
1748 968 103 30 one
1905 959 403 51 compartment
2360 959 58 41 to

160 1033 253 52 another,
446 1035 103 40 and
583 1037 196 40 ascend
814 1037 55 41 In
907 1040 184 51 troops
1124 1043 59 38 to
1214 1042 96 40 the
1344 1043 192 51 higher
1566 1045 155 44 tiers.

262 1120 209 44 Permit
506 1134 84 31 me
624 1125 57 41 to
715 1124 178 45 insert
926 1129 57 40 at
1014 1128 113 43 this
1160 1131 155 49 point
1346 1143 30 29 a
1407 1134 300 41 somewhat
1740 1136 226 53 lengthy
2016 1138 211 41 extract
2276 1136 140 43 from

162 1207 95 43 the
291 1209 140 43 book
464 1211 54 41 of
550 1211 327 44 Alessandro
912 1213 302 56 D'Ancona,
1247 1217 165 43 taken
1447 1218 138 42 from
1621 1221 223 52 chapter
1890 1223 194 51 XXVII,
2136 1225 58 41 in
2242 1225 178 41 which

163 1297 67 42 he
266 1297 269 44 discusses
568 1302 95 41 the
696 1302 183 42 scenic
913 1306 209 51 setting
1153 1305 55 43 of
1237 1307 97 42 the
1365 1308 159 42 Sacra
1560 1310 546 50 Rappresentazione.

329 1390 69 40 As
429 1390 60 40 to
522 1391 95 42 the
650 1392 182 43 scenic
865 1395 207 50 setting
1105 1393 53 44 of
1190 1397 95 41 the
1318 1396 233 44 Ancient
1586 1398 267 53 Religious
1887 1400 233 43 Theatre
2143 1402 158 42 there
2326 1414 92 30 are

233 1479 312 43 diversities
578 1479 55 43 of
666 1482 222 51 opinion
922 1495 200 39 among
1167 1485 97 42 the
1313 1484 240 45 learned.
1602 1485 108 43 The
1763 1489 259 42 Brothers
2072 1490 255 52 Parfaict,
2361 1490 56 42 In

231 1565 132 54 fact,
398 1569 124 42 hold
556 1571 125 41 that
711 1572 97 40 the
841 1583 160 31 scene
1035 1572 55 42 of
1120 1574 94 42 the
1247 1576 239 51 Mystery
1519 1588 109 30 was
1674 1589 29 29 a
1752 1576 147 52 large
1947 1578 193 43 edifice
2188 1592 61 30 or
2281 1579 115 43 scaf-

231 1655 232 55 folding,
498 1660 57 41 at
588 1661 94 41 the
717 1661 92 51 top
842 1659 56 43 of
929 1663 175 40 which
1138 1674 111 31 was
1280 1665 94 40 the
1410 1664 274 49 Paradiso,
1719 1666 55 41 in
1807 1666 96 42 the
1936 1666 193 44 lowest
2160 1669 105 41 and
2287 1669 98 41 sub-

164 1746 34 25 44
235 1748 296 42 terranean
565 1750 126 50 part
723 1750 95 41 the
854 1749 238 52 Inferno,
1127 1753 103 39 and
1266 1753 247 42 between
1547 1754 155 42 these
1738 1766 142 30 were
1914 1755 177 42 raised
2147 1766 55 31 as
2252 1767 160 39 many

234 1833 201 42 stories
470 1846 57 30 as
562 1837 158 42 there
753 1847 144 32 were
930 1838 263 49 principal
1242 1840 219 51 regions
1508 1842 53 39 in
1609 1842 174 40 which
1835 1843 96 41 the
1980 1844 182 41 action
2213 1843 54 43 of
2318 1844 96 42 the

163 1924 35 23 44
233 1920 123 55 play
388 1922 133 42 took
554 1923 182 51 place;
770 1926 129 40 each
935 1924 55 42 of
1019 1927 156 40 these
1208 1928 197 42 stories
1440 1931 162 49 being
1635 1931 315 42 subdivided
1985 1931 118 43 into
2148 1937 239 46 compart-

163 2013 30 22 44
234 2014 179 40 ments
447 2014 291 50 according
769 2016 58 39 to
860 2014 95 41 the
988 2014 301 51 particular
1321 2018 152 49 place
1508 2020 54 39 in
1597 2020 128 40 each
1779 2021 210 49 region.
2041 2021 73 42 To
2160 2020 140 44 form
2350 2035 67 29 an

158 2102 33 23 44
228 2102 120 39 idea
381 2100 55 43 of
468 2101 111 40 this
612 2101 240 51 peculiar
885 2105 378 40 construction
1298 2102 56 45 of
1385 2106 95 41 the
1513 2107 231 50 stage....
1776 2107 175 42 which
1987 2119 101 31 one
2122 2108 177 44 would
2324 2121 96 42 say

156 2188 39 26 44
229 2199 110 31 was
374 2190 246 40 imitated
656 2186 141 44 from
850 2191 278 43 bee-hives
1277 2204 102 30 one
1426 2194 192 41 should
1668 2194 127 43 take
1843 2206 58 31 as
1948 2197 242 52 example
2238 2210 32 31 a
2319 2200 102 41 box

162 2280 34 19 44
231 2279 215 42 divided
482 2279 118 42 into
634 2290 159 41 many
828 2279 148 43 little
1011 2282 431 49 compartments
1476 2285 102 39 and
1612 2286 85 40 set
1733 2295 68 39 up
1835 2295 68 31 on
1938 2286 71 40 its
2042 2286 136 48 side,
2213 2298 62 30 or
2308 2286 109 43 else

160 2368 36 20 44
231 2378 30 29 a
295 2368 168 40 house
497 2365 54 42 of
583 2368 177 40 which
795 2368 94 43 the
924 2369 261 52 principal
1221 2371 160 41 outer
1411 2370 150 42 walls
1597 2373 100 39 had
1746 2373 134 40 been
1929 2373 370 50 demolished;
2352 2385 62 32 or

164 2458 32 21 44
234 2455 110 42 else
375 2456 95 41 the
504 2459 226 48 present
763 2458 102 52 day
897 2460 237 51 theatre,
1158 2470 126 31 save
1307 2460 126 41 that
1453 2460 94 42 the
1571 2463 178 39 actors
1772 2463 253 51 occupied
2049 2463 95 40 the
2164 2463 252 52 galleries

168 2547 33 21 44
236 2547 103 40 and
376 2548 163 42 boxes
573 2550 103 40 and
709 2550 95 41 the
841 2548 182 51 public
1053 2549 95 41 the
1180 2550 173 50 stage.

267 2635 32 20 44
334 2635 43 41 A
410 2647 149 30 more
595 2635 203 44 careful
835 2638 365 41 examination
1236 2638 95 41 has
1355 2638 132 41 been
1514 2639 151 40 made
1688 2639 69 50 by
1778 2638 93 41 the
1895 2638 306 43 celebrated
2228 2641 189 41 Paulin

240 2723 149 43 Paris
423 2727 59 39 to
515 2727 248 49 expound
799 2737 31 31 a
863 2723 260 43 different
1156 2726 300 50 opinion....
1487 2727 124 41 that
1641 2727 94 41 the
1768 2728 216 41 theatre
2017 2729 267 41 extended
2337 2727 87 44 for

168 2816 35 21 44
238 2825 30 29 a
300 2812 189 53 length
525 2812 54 43 of
611 2816 168 40 about
810 2826 31 29 a
874 2816 246 39 hundred
1155 2813 125 54 feet,
1312 2816 174 49 rising
1533 2815 210 53 exactly
1791 2815 107 43 like
1946 2817 93 41 the
2088 2817 334 42 auditorium

165 2901 37 21 44
238 2900 53 43 of
324 2902 93 41 the
450 2902 218 42 theatre
704 2902 54 42 of
788 2903 183 51 today.
1005 2901 109 42 The
1146 2901 152 42 front
1329 2903 124 50 part
1485 2902 54 42 of
1567 2903 96 41 the
1696 2906 152 48 stage
1873 2903 286 44 concealed
2186 2907 232 41 beneath

167 2991 31 22 44
239 2992 62 51 it,
336 2992 53 41 in
424 2992 96 41 the
551 2991 140 43 form
728 2991 53 42 of
814 3003 31 30 a
878 2990 247 43 dreadful
1161 2994 187 39 mouth
1383 2992 173 42 which
1589 2991 138 43 from
1763 2994 133 40 time
1928 2996 60 40 to
2036 2995 131 42 time
2215 2997 205 50 opened

168 3080 34 24 44
240 3083 56 39 to
330 3080 174 42 afford
540 3090 225 42 passage
798 3083 58 39 to
888 3080 96 42 the
1020 3079 191 52 devils,
1250 3080 94 42 the
1390 3080 235 43 infernal
1672 3083 212 50 region,
1929 3084 54 39 in
2032 3084 173 40 which
2262 3085 156 39 much

168 3169 34 20 44
239 3169 150 42 noise
423 3180 111 31 was
568 3169 154 41 made
744 3178 13 38 ;
790 3166 192 44 flames
1016 3169 102 39 and
1144 3166 187 44 smoke
1355 3168 113 43 also
1492 3170 178 41 issued
1694 3168 139 44 from
1862 3171 62 51 it,
1948 3171 103 41 and
2077 3171 95 42 the
2196 3171 224 42 demons

168 3259 30 23 44
235 3259 360 51 precipitated
629 3258 215 40 therein
878 3254 100 46 the
1011 3254 168 46 souls
1213 3254 72 47 of
1308 3255 99 46 the
1440 3255 246 47 sinners
1719 3257 124 45 and
1872 3257 168 46 their
2064 3257 231 48 bodies.
2359 3268 64 32 -<s>

268 3350 33 22 44
337 3348 150 51 Upon
507 3348 94 41 the
619 3344 258 55 platform
897 3344 131 43 took
1045 3345 148 52 place
1226 3348 94 41 the
1354 3349 218 50 greater
1593 3350 124 51 part
1740 3348 53 43 of
1815 3350 95 41 the
1933 3350 198 53 action,
2155 3352 103 39 and
2282 3349 141 43 from

170 3439 33 21 44
238 3436 198 41 thence
468 3434 96 42 the
598 3436 179 40 actors
828 3432 165 53 spoke
1042 3434 156 42 when
1246 3434 94 42 the
1388 3437 214 50 subject
1655 3437 88 42 did
1795 3438 95 42 not
1940 3438 182 42 detain
2169 3437 152 43 them
2369 3437 55 43 in
