2573 3941
897 347 46 46 A
977 344 333 53 HISTORY
1341 343 99 47 OF
1466 341 359 48 PUPPETS.

243 363 67 45 32

245 458 54 40 in
332 458 93 41 the
454 455 268 51 cemetery
754 450 55 44 of
838 452 166 42 Santo
1036 447 250 54 Stefano,
1319 459 59 32 as
1426 449 44 40 is
1517 447 198 51 proved
1766 447 69 51 by
1879 446 94 42 the
2020 443 201 44 official
2269 449 207 44 record.

246 545 136 42 Here
414 553 91 33 are
534 543 97 40 the
663 541 106 41 two
804 538 340 43 documents.
1176 536 106 43 The
1314 535 127 42 first
1472 544 215 44 says:...
1778 532 193 54 Friday
2004 532 95 44 the
2131 534 147 48 25th.
2302 534 103 52 day
2427 534 53 44 of

316 632 93 41 the
442 628 186 43 month
663 625 55 45 of
746 626 317 51 September
1088 626 56 41 in
1165 625 97 42 the
1285 634 129 43 year
1437 623 131 53 I67I,
1588 623 121 43 died
1736 624 57 41 at
1816 623 94 40 the
1933 621 268 44 Cbasteau
2227 621 253 52 Gaillard.

312 727 128 33 near
472 717 57 40 to
561 715 95 42 the
690 714 140 42 Pont
861 712 155 50 Neuf,
1047 712 186 43 Pierre
1281 710 236 52 Datelin,
1548 722 29 31 a
1610 710 185 52 player
1842 709 56 43 of
1943 709 386 55 marionettes;
2376 712 99 40 and

309 805 94 42 the
435 814 145 33 same
613 804 100 51 day
745 803 84 42 his
864 802 136 53 body
1031 812 110 32 was
1172 798 167 44 taken
1375 800 57 41 to
1465 800 94 41 the
1606 798 200 43 church
1860 797 55 43 of
1959 797 156 43 Saint
2161 794 180 45 Andr£
2387 798 93 43 des

309 891 152 52 Arcs,
491 893 53 39 in
576 891 125 41 that
734 888 54 44 of
816 889 155 42 Saint
1004 887 230 45 Etienne
1268 886 69 41 du
1371 887 170 48 Mont,
1573 886 180 43 where
1786 886 45 41 it
1861 896 112 31 was

340 979 108 44 The
478 978 195 43 second
706 977 293 43 document
1028 976 252 42 reads:...
1369 974 123 42 Was
1525 973 189 42 buried
1751 973 55 42 in
1837 973 96 42 the
1968 974 274 50 cemetery
2274 971 56 44 of
2369 972 108 44 this

309 1067 181 52 parish
525 1066 183 42 Pierre
743 1062 232 51 Datelin,
1007 1061 181 43 whose
1223 1062 137 51 body
1390 1071 111 32 was
1534 1059 236 54 brought
1800 1058 140 43 from
1973 1059 156 42 Saint
2160 1057 181 44 Andrl
2388 1061 88 43 des

309 1153 153 53 Arcs,
491 1155 130 51 aged
655 1162 105 32 one
792 1150 246 43 hundred
1071 1150 106 42 and
1210 1147 109 43 five
1350 1159 177 43 years,
1559 1148 56 42 in
1647 1148 98 42 the
1780 1157 258 42 presence
2087 1146 54 44 of
2188 1146 289 46 Francesco

312 1240 231 52 Datelin,
576 1240 103 42 and
713 1237 268 45 Giovanni
1013 1235 235 52 Datelin,
1281 1235 141 43 child
1459 1233 54 45 of
1544 1235 94 43 the
1671 1236 193 51 above,
1893 1235 123 42 who
2051 1233 156 45 alone
2255 1233 186 54 signed
2462 1245 17 32 :

243 1331 33 24 •«

245 1427 63 35 &
341 1416 144 47 Now,
518 1414 283 51 according
831 1413 58 41 to
919 1413 109 41 this
1060 1411 107 43 last
1197 1409 302 44 certificate
1541 1411 267 42 Giovanni
1856 1411 46 41 is
1950 1410 282 42 described
2282 1420 58 33 as
2386 1410 90 43 the

243 1515 97 32 son
373 1501 55 45 of
458 1501 292 44 Francesco
783 1500 103 41 and
923 1501 96 41 not
1050 1498 54 44 of
1138 1499 210 52 Pietro;
1383 1499 105 41 and
1524 1498 293 43 Francesco
1840 1498 178 42 would
2043 1508 201 42 appear
2264 1499 58 41 to
2347 1498 132 43 have

245 1594 131 41 been
401 1589 276 52 incapable
710 1587 54 44 of
793 1588 223 52 writing
1047 1598 61 32 or
1139 1587 235 52 signing,
1405 1597 34 31 a
1469 1587 159 52 thing
1658 1587 125 41 that
1814 1588 46 40 it
1891 1585 47 43 Is
1969 1584 239 44 difficult
2228 1588 59 40 to
2310 1585 167 43 admit

243 1679 130 42 with
421 1678 189 52 regard
659 1678 57 41 to
769 1677 122 43 that
1371 1675 120 42 who
1540 1674 324 43 afterwards
1912 1674 258 54 acquired
2218 1684 60 33 so
2321 1674 154 42 much

242 1777 240 39 renown,
504 1776 58 32 as
583 1766 58 40 to
665 1766 62 40 be
754 1764 312 42 considered
1088 1763 215 53 worthy
1325 1761 55 43 of
1402 1762 331 43 celebration
1759 1763 55 41 in
1839 1762 94 42 the
1957 1772 184 33 verses
2162 1759 55 45 of
2240 1759 237 45 Boileau.

243 1861 64 34 £?
337 1852 190 52 Again,
558 1852 55 41 in
647 1852 215 42 neither
894 1849 54 44 of
979 1851 155 42 those
1165 1851 110 40 two
1308 1851 338 48 documents,
1679 1860 100 31 nor
1811 1848 55 45 In
1902 1861 105 41 any
2032 1851 185 42 others
2241 1847 235 53 relating

242 1940 59 42 to
334 1940 94 42 the
458 1950 127 32 sons
618 1936 55 44 of
704 1937 181 45 Pietro
919 1937 232 51 Datelin,
1183 1937 46 42 is
1261 1947 105 42 any
1399 1936 243 43 mention
1677 1937 155 42 made
1865 1935 55 44 of
1952 1937 94 42 the
2093 1947 276 41 surname,
2416 1946 59 32 or

245 2025 283 43 nickname
560 2025 54 43 of
703 2026 241 43 Brioche.
1037 2026 74 42 He
1144 2026 270 43 describes
1447 2025 216 43 himself
1694 2027 103 41 and
1831 2025 150 52 signs
2015 2023 216 45 himself
2261 2035 59 33 as
2353 2023 124 52 long

2324 2096 11 9 %

243 2124 59 32 as
335 2114 66 42 he
434 2112 222 45 lives:...
1009 2112 184 54 player
1226 2114 55 43 of
1781 2114 105 42 and
1921 2114 231 52 nothing
2195 2122 171 35 more.

243 2210 64 36 &
340 2202 47 41 It
417 2202 215 42 became
668 2211 302 44 necessary,
999 2201 152 50 then,
1172 2199 86 44 for
1280 2201 84 43 Jal
1386 2202 58 41 to
1466 2200 115 43 find
1606 2213 146 31 some
1775 2204 330 42 convenient
2127 2200 341 55 explanation

245 2288 54 43 of
330 2289 82 43 his
445 2289 272 53 equivocal
751 2289 287 52 assertion,
1071 2289 55 42 in
1159 2289 163 42 order
1352 2290 60 41 to
1446 2289 156 43 make
1633 2290 96 42 the
1764 2289 307 54 confusion,
2104 2290 55 43 of
2190 2290 178 43 which
2410 2291 66 41 he

243 2379 223 42 accused
500 2376 85 45 his
614 2379 395 51 predecessors,
1040 2388 199 42 appear
1270 2378 58 42 to
1372 2379 65 41 be
1487 2378 251 51 possible.
1790 2380 183 43 Listen
2021 2380 59 42 to
2131 2380 82 43 his
2260 2380 214 43 curious

726 2464 109 43 The
882 2464 206 43 French
1138 2464 372 55 Polichinelle,
1554 2468 121 42 who
1722 2467 47 43 Is
1816 2478 30 32 a
1894 2478 301 42 personage
2242 2467 230 54 entirely

311 2550 255 45 different
596 2550 139 45 from
768 2553 93 42 the
894 2552 191 43 Italian
1135 2552 317 51 Pulcinella,
1499 2556 267 50 appeared
1818 2566 70 31 on
1936 2556 93 41 the
2077 2566 162 33 scene
2279 2554 56 45 In
2383 2554 89 45 the

308 2641 132 40 time
475 2641 53 42 of
560 2642 179 52 Henry
772 2642 52 42 iv
856 2642 102 42 and
993 2639 54 45 of
1078 2642 94 42 the
1204 2643 229 50 Spanish
1466 2653 131 33 war.
1632 2644 47 41 It
1712 2644 44 41 is
1788 2643 255 52 possible,
2065 2644 153 50 then,
2240 2644 126 42 that
2385 2644 89 42 the

308 2724 342 55 frequenters
683 2727 53 43 of
770 2730 82 40 his
884 2727 144 43 little
1059 2730 237 49 theatre,
1327 2731 123 42 that
1482 2741 109 32 was
1623 2732 261 51 managed
1920 2732 66 52 by
2020 2731 184 43 Pietro
2245 2728 229 54 Datelin,

312 2815 258 52 listening
599 2816 58 42 to
689 2816 94 42 the
817 2816 385 52 braggadaccio
1237 2816 54 43 of
1338 2817 376 54 Pollchlnelte,
1745 2820 301 52 parodying
2079 2820 95 43 the
2220 2829 255 44 pompous

311 2912 250 33 manners
594 2901 55 44 of
678 2904 95 41 the
817 2905 314 52 Spaniards,
1177 2916 121 42 may
1350 2906 134 42 have
1538 2906 210 51 applied
1803 2907 57 41 to
1913 2906 112 43 him
2076 2909 97 40 the
2225 2916 249 35 surname

243 2991 36 22 **
312 2987 53 45 of
454 2989 202 53 Brioso,
745 2991 125 42 that
903 2992 81 42 his
1016 2992 58 42 to
1107 3001 183 45 say:,.,
1324 2992 50 42 le
1405 2991 133 54 fort,
1571 2992 48 44 le
1652 2991 95 55 vlf,
1783 2994 237 43 I'adroit.
2071 2994 154 44 From
2275 2996 195 47 Brioso,

311 3076 67 52 by
410 3078 331 52 corruption,
772 3080 157 42 there
961 3090 199 42 sprang
1193 3080 248 53 Briocho,
1474 3083 103 42 and
1611 3079 139 46 from
1785 3083 247 52 Briocho,
2066 3083 286 44 Brioche...
2373 3079 95 46 and

316 3163 91 40 the
442 3174 250 33 surname
726 3165 52 43 of
809 3168 92 42 the
936 3168 282 43 burattino
1258 3170 191 51 passed
1484 3170 370 54 undoubtedly
1888 3173 57 40 to
1978 3173 97 42 the
2124 3169 346 46 burattinaio,

313 3260 60 32 or
405 3250 294 46 showman.

341 3338 45 39 it
416 3348 173 32 seems
621 3339 290 45 incredible
943 3343 121 43 that
1096 3356 30 30 a
1158 3347 209 42 serious
1405 3357 143 41 man,
1582 3358 30 32 a
1646 3348 189 42 writer
1883 3347 55 43 of
1985 3359 148 32 some
2181 3345 287 50 authority,

243 3424 190 43 should
468 3424 146 45 trifle
649 3428 130 43 with
814 3429 81 43 his
928 3433 217 42 readers
1178 3434 131 42 with
1343 3436 131 43 such
1511 3437 284 43 miserable
1831 3438 104 42 and
1969 3437 211 53 puerile
2218 3434 252 46 artifices.
