2687 3995
188 359 157 71 ON
386 359 348 71 POETS
775 362 231 71 AND
1074 364 447 84 ACTORS,
1595 369 71 66 &
1740 367 206 71 THE
2012 369 292 72 NEED
2357 372 139 71 OF

184 479 519 81 MASTERS.
775 481 68 69 A
914 481 216 71 Note

1203 488 115 88 by
1396 489 534 70 Yoo-no-hoo.

905 661 29 31 r
987 651 311 47 Alexander
1360 658 225 43 Watson
1648 659 208 43 recited
1922 659 98 43 the
2142 661 349 55 Everlasting

905 744 186 54 Mercy
1192 748 99 42 not
1323 746 130 54 long
1484 746 150 44 since
1668 749 61 39 at
1760 749 96 42 the
1912 749 171 44 Little
2138 750 239 46 Theatre
2432 754 56 42 in

908 834 247 55 London,
1186 839 128 51 and,
1347 848 59 34 as
1501 837 204 54 Poetry
1757 840 107 41 and
1920 840 201 44 Drama
2227 842 131 44 tells
2408 854 83 42 us,

964 938 111 32 was
1133 927 177 44 hailed
1360 929 68 51 by
1477 928 98 42 the
1623 927 194 43 united
1865 939 157 42 press
2071 929 59 43 in
2180 943 32 31 a
2264 931 227 55 ringing

905 1017 203 44 chorus
1141 1017 56 44 of
1228 1018 181 52 praise

905 1117 66 36 £/
1003 1108 112 44 The
1149 1108 219 54 journal
1402 1119 129 43 goes
1566 1119 69 33 on
1668 1108 60 44 to
1760 1120 96 43 say
1879 1110 127 43 that
2028 1111 274 56 certainly
2404 1113 86 44 his

976 1199 361 44 enunciation
1371 1200 46 42 is
1451 1197 171 55 clear,
1642 1200 86 42 his
1751 1199 281 45 elocution
2066 1201 295 55 excellent,
2382 1205 108 42 and

978 1290 83 43 his
1094 1290 153 43 voice
1281 1287 310 56 splendidly
1641 1290 306 43 controlled
1969 1301 14 40 ;
2034 1293 97 51 yet
2163 1293 47 43 it
2241 1304 113 33 was
2389 1295 102 42 not

305 1383 111 43 The
452 1381 350 54 Everlasting
834 1383 184 50 Mercy
1107 1380 67 42 he
1207 1389 136 43 gave
1379 1389 82 43 us,
1496 1379 101 43 but
1651 1379 194 44 rather
1877 1392 32 31 a
1942 1381 455 46 demonstration
2433 1384 57 44 of

251 1470 87 46 his
371 1482 124 33 own
529 1482 234 42 powers,
797 1472 164 52 using
994 1470 97 43 the
1121 1469 407 52 ''Everlasting
1830 1482 59 31 as
1924 1483 30 32 a
1990 1474 260 43 medium.

280 1560 19 44 I
335 1560 168 44 heard
539 1559 144 46 from
717 1573 32 31 a
783 1572 134 42 very
951 1559 311 45 celebrated
1318 1559 223 54 English
1592 1558 310 53 performer
1950 1560 107 44 and
2108 1573 32 32 a
2188 1573 133 43 very
2372 1560 117 46 fine

179 1651 162 43 critic
374 1648 56 46 of
462 1651 340 53 performers
834 1651 128 44 that
994 1651 85 42 Mr
1114 1648 274 45 Watson's
1421 1647 195 44 recital
1649 1660 112 33 was
1784 1648 174 56 really
1981 1660 135 44 very
2159 1652 322 44 admirable.

277 1740 129 44 This
439 1752 113 32 was
585 1741 269 53 speaking
903 1738 56 46 of
1006 1741 97 42 the
1138 1738 383 54 performance
1554 1738 197 55 purely
1798 1738 144 45 from
1991 1741 98 43 the
2123 1741 362 52 performer's

180 1831 163 53 point
376 1828 56 46 of
462 1831 141 43 view
637 1831 107 42 and
778 1828 285 45 therefore
1098 1830 17 40 1
1150 1840 85 32 am
1271 1827 241 43 inclined
1547 1830 59 40 to
1642 1827 162 43 think
1837 1830 127 43 that
1990 1830 46 42 it
2060 1842 111 32 was
2196 1832 116 52 just
2333 1834 153 41 what

237 1920 203 53 Poetry
473 1921 107 42 and
617 1920 197 42 Drama
906 1928 157 45 says:
1155 1929 31 32 a
1220 1916 445 45 demonstration
1702 1915 54 44 of
1790 1919 84 43 his
1910 1930 122 32 own
2067 1930 216 42 powers
2376 1924 108 42 and

180 2013 100 42 not
313 2011 97 42 the
445 2010 442 43 demonstration
924 2008 55 44 of
1011 2005 335 46 Masefield's
1379 2019 215 41 powers
1629 2019 102 32 nor
1762 2009 97 43 the
1895 2019 212 41 powers
2160 2008 56 45 of
2267 2014 217 53 poetry.

278 2100 114 43 One
426 2100 98 43 has
559 2100 168 42 heard
760 2099 98 43 the
893 2109 148 32 same
1074 2095 224 46 remark
1332 2098 157 42 made
1520 2094 189 60 [about
1756 2096 234 52 Salvini,
2037 2100 171 42 about
2258 2100 228 55 Ludwig

180 2192 215 52 Barney
426 2190 106 42 and
567 2190 173 42 about
772 2188 72 44 ail
879 2189 97 42 the
1011 2190 161 51 great
1204 2188 160 51 stage
1395 2185 355 55 speakers;...
1783 2188 127 42 that
1931 2189 134 53 they
2088 2199 135 42 gave
2258 2190 190 44 demon-

176 2281 275 45 strations
484 2278 55 46 of
571 2281 149 41 their
753 2289 123 33 own
910 2289 235 42 powers,
1181 2278 164 52 using
1376 2277 115 51 the,
1507 2275 127 56 play
1667 2277 108 43 and
1811 2278 237 53 abusing
2080 2279 98 42 the
2212 2282 147 51 poet.

278 2372 47 42 It
358 2372 46 42 is
438 2383 30 31 a
503 2369 148 45 little
687 2367 240 46 difficult
959 2371 59 40 to
1053 2367 138 55 keep
1225 2367 154 44 one's
1411 2369 219 51 temper
1662 2369 161 42 when
1873 2368 232 55 reading
2151 2382 133 42 year
2338 2368 147 47 after

176 2471 136 45 year
344 2461 135 43 such
514 2460 316 52 criticisms,
865 2460 128 48 and,
1027 2456 447 54 unfortunately,
1508 2467 105 33 one
1633 2467 100 33 can
1768 2457 130 43 read
1935 2457 215 45 similar
2184 2460 300 45 criticisms

178 2551 265 51 covering
479 2549 71 44 all
575 2550 95 43 the
705 2543 125 58 past
865 2550 265 42 nineteen
1166 2546 302 44 centuries.

586 2604 11 9 *

176 2651 68 37 JZ/
277 2640 129 44 This
439 2639 47 44 is
520 2650 70 33 no
626 2650 120 32 new
781 2640 307 42 statement
1120 2637 126 44 that
1276 2637 133 53 they
1459 2648 94 33 are
1610 2636 244 56 making,
1903 2639 106 43 and
2057 2640 97 53 yet
2203 2641 135 54 they
2387 2653 96 33 are

179 2729 346 56 continually
560 2728 226 54 making
819 2729 65 43 it.

277 2820 108 45 But
407 2822 69 42 do
499 2820 134 52 they
658 2818 210 44 believe
903 2819 56 42 in
994 2817 150 44 their
1177 2817 189 43 hearts
1401 2818 127 42 that
1559 2817 97 43 the
1690 2818 158 43 actor
1882 2818 96 43 has
2004 2819 98 42 not
2130 2819 137 43 been
2292 2820 191 54 trying

174 2913 59 42 to
269 2912 69 42 do
371 2908 90 44 for
494 2909 283 43 centuries
809 2908 150 43 what
989 2908 135 52 they
1157 2907 152 42 want
1342 2907 111 40 him
1488 2907 60 42 to
1582 2907 66 42 do
1670 2905 26 44 ?

277 3001 78 42 Do
388 2999 158 42 these
581 2999 139 52 good
753 2996 213 45 fellows
999 2994 173 55 really
1206 2994 239 54 imagine
1481 2994 125 43 that
1637 2993 209 46 Salvini
1870 3006 111 34 was
2006 2998 99 42 not
2130 2997 187 54 trying
2343 2998 137 43 with

176 3088 74 43 all
283 3090 98 41 the
412 3087 153 44 force
600 3087 55 44 of
687 3087 209 46 Salvini
931 3090 58 40 to
1023 3087 122 52 give
1180 3087 99 42 out
1310 3087 60 41 to
1404 3084 97 44 the
1535 3083 194 54 people
1769 3083 56 46 of
1846 3086 98 43 the
1967 3083 152 47 force
2143 3088 107 42 and
2277 3088 206 54 beauty

178 3175 57 45 of
266 3177 97 43 the
396 3180 160 51 poets
589 3178 126 42 that
748 3177 67 43 he
849 3177 209 42 recited
1082 3175 26 43 ?

278 3269 79 42 Do
391 3267 134 54 they
560 3267 209 44 beiieve
802 3269 94 42 too
929 3267 127 42 that
1088 3264 153 45 Ellen
1279 3264 247 54 Terry,...
1558 3264 89 44 for
1681 3266 131 43 here
1856 3267 46 42 is
1947 3279 29 30 a
2015 3265 234 53 speaker
2281 3266 147 53 who,
2461 3267 19 42 I

174 3358 232 54 believe,
442 3369 123 43 may
599 3358 66 41 be
699 3356 169 45 called
903 3368 30 31 a
969 3358 138 52 good
1141 3355 254 55 speaker,
1430 3368 31 33 a
1492 3355 166 55 fairly
1691 3359 139 52 good
1864 3356 314 55 speaker,...
2229 3359 67 43 do
2345 3358 136 52 they

171 3450 211 45 believe
416 3449 126 43 that
574 3449 96 42 she
707 3449 95 42 has
838 3449 98 43 not
969 3448 146 43 tried
1152 3448 134 43 with
1312 3446 71 45 all
1408 3448 98 43 the
1529 3446 152 46 force
1705 3450 59 42 at
1788 3450 101 43 her
1912 3450 287 43 command
2227 3452 61 41 to
2319 3450 162 51 bring

172 3540 101 42 out
306 3540 127 42 that
465 3539 179 43 which
679 3539 46 43 is
746 3539 145 43 most
914 3537 233 54 perfect,
1171 3540 58 42 to
1254 3539 163 52 bring
1451 3539 101 42 out
1583 3539 96 43 the
1714 3542 197 51 poetry
1945 3542 107 42 and
2089 3542 100 43 not
2223 3542 58 40 to
2316 3539 165 52 bring
