2687 3995
960 378 108 46 ON
1094 377 238 46 POETS
1361 377 163 46 AND
1553 374 310 53 ACTORS.

290 389 68 36 22

294 485 18 39 I
346 484 187 52 hardly
562 482 104 45 feel
698 484 122 42 that
871 482 131 52 they
1046 491 90 32 are
1186 482 161 50 doing
1395 481 108 42 him
1553 480 150 52 quite
1751 491 57 31 as
1858 480 156 42 much
2065 479 172 41 credit
2284 489 59 31 as
2391 478 129 51 they

294 573 174 49 might
500 573 83 41 be.

386 659 98 41 Yet
514 656 142 44 after
687 656 89 50 all,
807 658 58 40 to
896 655 141 43 walk
1066 655 141 53 daily
1230 656 237 51 through
1493 668 29 30 a
1547 656 106 51 city
1674 655 53 42 of
1748 655 186 51 people
1954 655 225 42 chained
2204 654 162 51 hand,
2385 651 135 52 foot,

293 754 118 33 ears
443 744 103 41 and
580 743 103 52 lips
716 745 145 40 must
892 744 65 41 be
989 754 32 31 a
1053 743 144 42 little
1229 744 184 51 trying
1444 745 57 40 to
1534 753 133 32 even
1703 743 92 40 the
1828 743 188 51 strong
2048 740 393 43 constitutions
2467 739 53 43 of

288 832 196 42 Messrs
514 832 207 47 Monro,
757 830 177 50 Elton,
966 830 92 42 Del
1092 832 91 49 Re,
1215 830 183 42 Pound
1432 832 103 40 and
1571 830 91 41 the
1695 830 159 41 other
1906 827 380 53 personalities
2319 825 54 43 of
2406 827 112 41 this

291 918 228 51 journal,
551 919 101 41 and
687 929 101 31 one
823 919 143 41 must
998 918 126 43 take
1155 919 122 42 that
1308 918 117 42 into
1459 918 420 42 consideration.

388 1006 116 40 And
536 1006 153 50 then,
720 1003 54 43 of
805 1016 207 40 course,
1044 1006 155 42 when
1234 1006 128 49 they
1393 1015 90 30 see
1514 1004 147 41 their
1691 1004 192 51 poetry
1916 1015 197 39 appear
2131 1002 54 42 In
2211 1002 167 51 print,
2411 1001 107 40 and

293 1093 125 41 read
452 1093 166 41 about
649 1092 92 43 the
773 1093 216 41 theatre
1021 1093 284 51 according
1336 1095 56 38 to
1426 1092 82 41 Mr
1540 1091 207 42 Gilbert
1779 1091 217 42 Cannan
2032 1091 103 40 and
2169 1091 81 40 Mr
2284 1088 233 43 William

292 1177 219 53 Archer,
545 1181 182 42 ....two
753 1190 119 32 men
896 1180 118 40 who
1037 1190 144 30 seem
1205 1181 57 39 to
1286 1180 62 40 be
1371 1177 310 52 practically
1709 1178 400 50 contradicting
2129 1177 131 42 each
2286 1176 233 48 other,...

291 1266 124 42 that
448 1267 144 41 must
621 1266 111 42 also
768 1267 62 41 be
862 1277 29 31 a
923 1265 141 42 little
1094 1266 205 52 trying.

291 1361 60 35 £>
388 1354 271 49 However,
692 1352 128 52 they
851 1351 155 43 could
1039 1362 154 42 spare
1227 1351 322 45 themselves
1583 1352 71 41 all
1688 1352 107 44 this
1830 1350 40 43 if
1903 1352 129 52 they
2063 1351 199 43 would.

292 1449 62 34 &
386 1441 19 41 I
440 1441 218 42 wonder
688 1441 119 41 how
842 1451 157 41 many
1031 1439 53 43 of
1113 1441 93 41 the
1240 1441 343 41 monuments
1606 1439 55 43 of
1684 1440 186 53 Egypt,
1896 1440 146 42 India
2063 1450 63 32 or
2147 1439 170 43 China
2339 1437 178 44 would

291 1526 133 42 have
456 1528 263 50 appeared
741 1528 99 40 had
862 1528 109 40 this
994 1525 277 43 continual
1304 1528 220 40 hubbub
1557 1526 53 42 of
1642 1526 146 42 little
1812 1528 229 40 masters
2065 1528 134 40 been
2223 1525 295 52 permitted

292 1615 66 50 by
391 1615 94 41 the
515 1614 324 42 authorities
868 1615 59 41 to
960 1615 212 41 become
1202 1624 60 32 so
1293 1615 156 51 great
1479 1625 31 31 a
1544 1615 254 41 nuisance
1822 1614 156 42 there
2002 1624 58 32 as
2082 1613 46 43 it
2150 1614 43 41 is
2218 1614 55 41 in
2298 1613 220 43 London

288 1702 56 40 to
351 1703 131 48 day.-

384 1789 17 40 I
434 1787 151 43 don't
617 1788 159 43 know
809 1790 54 40 in
898 1789 91 42 the
1022 1788 138 43 least
1195 1790 142 41 what
1369 1789 326 42 constitutes
1728 1790 84 41 Mr
1841 1788 230 44 William
2099 1785 246 46 Archer's
2368 1787 151 52 right

288 1876 58 40 to
378 1876 121 50 give
529 1886 104 40 any
665 1874 217 51 opinion
915 1876 276 41 whatever
1223 1877 325 51 concerning
1577 1876 98 41 the
1717 1877 238 49 theatre,
1989 1877 104 40 and
2127 1877 19 40 I
2182 1876 133 43 have
2352 1884 166 33 never

285 1963 94 51 yet
411 1961 214 42 known.
660 1962 109 42 One
804 1961 53 43 of
886 1963 95 41 the
1014 1964 141 40 most
1187 1959 285 55 delightful
1507 1961 55 43 of
1594 1973 142 38 men,
1769 1962 82 42 his
1892 1962 248 51 opinions
2188 1961 331 52 concerning

288 2050 93 41 the
414 2051 147 49 stage
584 2060 91 30 are
701 2051 242 39 unsound
967 2047 136 44 from
1126 2048 126 45 first
1273 2052 58 41 to
1354 2050 130 41 last:
1510 2051 63 40 he
1595 2050 47 43 Is
1663 2051 257 51 ignorant
1944 2047 53 43 of
2023 2050 142 41 what
2188 2050 330 41 constitutes

287 2138 183 41 drama
501 2137 102 41 and
636 2136 253 52 ignorant
920 2137 55 42 of
1006 2138 67 41 ail
1106 2137 174 42 which
1314 2149 259 30 concerns
1615 2138 106 42 art.
1764 2137 43 41 A
1837 2137 126 42 first
2010 2138 142 41 class
2201 2136 309 53 journalist,

284 2224 81 40 Mr
398 2222 247 43 Archer's
678 2222 148 52 place
859 2225 45 40 is
937 2234 69 31 on
1039 2225 94 40 the
1227 2225 149 51 Daily
1411 2224 144 44 Mail.

382 2311 84 41 Mr
496 2309 207 44 Gilbert
734 2311 217 42 Cannan
985 2312 45 41 is
1061 2312 233 42 another
1323 2312 179 42 whose
1535 2312 246 50 opinions
1816 2314 326 51 concerning
2174 2315 93 42 the
2300 2315 217 42 theatre

287 2406 91 32 are
409 2398 111 50 just
541 2408 30 31 a
593 2395 145 43 little
774 2396 233 45 difficult
1037 2400 57 39 to
1127 2398 117 53 rely
1275 2409 90 39 on,
1395 2398 86 43 for
1515 2399 62 40 he
1611 2400 233 51 changes
1879 2400 82 41 his
1996 2400 219 51 opinion
2250 2412 59 31 so
2343 2400 175 45 often.

287 2494 63 34 &
382 2484 123 43 This
536 2485 249 51 question
819 2483 54 44 of
904 2486 93 42 the
1030 2485 228 43 Theatre
1290 2488 105 49 art,
1427 2486 103 42 and
1566 2484 54 44 of
1652 2489 189 51 poetry
1873 2488 103 40 and
2010 2488 94 42 the
2129 2489 235 52 theatre,
2389 2492 45 40 is
2457 2502 60 31 so

284 2569 131 53 fine,
448 2582 58 31 so
537 2572 227 50 serious,
795 2584 58 32 so
886 2584 128 42 very
1046 2573 210 43 serious
1287 2586 30 29 a
1347 2574 160 51 thing
1539 2575 123 42 that
1691 2574 93 42 the
1817 2577 244 49 greatest
2094 2574 55 43 of
2180 2587 121 32 care
2325 2578 192 43 should

289 2660 62 41 be
397 2659 268 42 exercised
699 2660 66 53 by
795 2660 92 42 the
920 2662 176 40 editor
1139 2659 54 43 of
1291 2660 197 54 Poetry
1520 2662 104 42 and
1660 2663 194 41 Drama
1961 2662 181 43 before
2193 2666 324 52 permitting

289 2746 214 41 writers
553 2746 119 41 who
725 2746 121 41 hold
900 2758 67 31 no
1021 2746 225 43 definite
1289 2748 217 50 opinion
1549 2751 57 39 to
1648 2759 217 40 express
1908 2748 72 43 all
2020 2751 123 40 that
2196 2749 144 44 loose
2382 2751 137 44 stuff

292 2832 195 44 within,
510 2833 94 42 the
637 2833 221 52 hearing
890 2833 53 43 of
974 2846 30 30 a
1039 2837 227 41 number
1287 2834 55 44 of
1364 2846 122 32 men
1529 2836 103 42 and
1675 2847 207 33 women
1926 2838 225 51 waiting
2190 2838 59 42 to
2296 2840 63 41 be
2401 2838 116 45 told

289 2920 322 52 something.

384 3007 103 41 But
514 3007 109 42 this
652 3008 93 42 too
779 3010 45 40 is
856 3010 303 53 absolutely
1207 3010 216 43 natural
1459 3012 55 40 in
1563 3022 29 31 a
1641 3011 124 43 land
1815 3012 174 42 which
2037 3013 45 41 is
2136 3015 272 49 governed
2453 3016 66 52 by

291 3094 76 41 its
400 3092 246 51 slaves,...
678 3094 173 44 slaves
881 3097 58 41 to
992 3097 128 42 each
1173 3097 216 43 other...
1434 3096 172 44 slaves
1654 3099 180 41 whose
1869 3099 210 53 slavery
2126 3100 45 43 Is
2218 3101 148 43 their
2406 3102 113 44 sole

289 3177 333 54 melancholy
655 3181 169 43 boast.
859 3182 141 54 They
1032 3182 99 44 call
1164 3184 47 43 It
1301 3184 233 53 keeping
1566 3195 67 32 an
1667 3196 136 41 open
1837 3187 168 41 mind.

382 3266 273 51 However,
687 3270 208 51 enough
929 3267 55 45 of
1013 3271 111 42 this
1146 3280 91 34 :....
1270 3273 171 43 When
1475 3284 103 32 one
1613 3274 203 42 carries
1849 3275 93 42 the
1975 3275 86 43 old
2086 3275 121 43 idea
2231 3275 53 45 of
2307 3276 211 55 royalty

288 3351 56 42 In
378 3351 149 43 one's
560 3353 133 43 head
726 3356 103 41 and
862 3356 94 44 the
989 3356 85 44 old
1110 3358 117 43 Idea
1261 3358 54 44 of
1346 3361 94 41 the
1472 3365 358 47 government
1863 3361 54 44 of
1949 3363 95 42 the
2076 3361 145 45 flock
2253 3364 53 42 of
2336 3365 183 52 sheep,

292 3449 99 32 one
423 3438 47 43 is
503 3439 175 42 bound
711 3441 56 42 to
799 3441 116 44 talk
947 3454 31 32 a
1009 3443 145 44 little
1187 3447 55 40 in
1276 3447 109 41 this
1418 3459 135 42 way.
