2687 3995
710 351 150 47 THE
892 351 331 48 DESIGNS
1259 351 101 48 OF
1390 351 260 53 PADRE
1680 348 274 48 POZZO.

2409 362 67 46 49

183 461 66 42 be
283 461 225 52 painted
544 459 296 53 according
870 461 60 41 to
964 460 97 43 the
1096 459 167 50 Rules
1298 460 281 43 hereafter
1613 460 182 52 given,
1825 460 49 41 it
1907 457 113 44 will
2054 469 202 42 appear
2279 460 58 41 to
2361 459 111 43 him

183 551 127 42 that
343 551 169 42 views
546 550 46 41 it
624 546 142 46 from
804 548 55 53 P,
893 560 59 33 as
985 560 31 32 a
1049 549 223 53 regular
1305 549 149 52 piece
1490 546 55 46 of
1574 549 343 52 perspective
1952 546 190 54 placed
2178 548 55 43 in
2270 546 62 45 A.

191 690 150 47 THE
391 689 338 47 SECTION
790 689 102 54 OR
954 689 332 53 PROFILE
1340 689 102 47 OF
1490 688 290 48 SCENES
1839 688 155 53 FOR
2061 688 411 53 THEATRES.

198 819 267 83 presides
498 821 96 43 the
628 821 127 52 plan
792 821 56 43 of
879 822 99 42 the
1011 821 256 52 Theatre,
1301 822 96 42 the
1430 822 212 42 section
1679 818 54 45 of
1765 821 95 42 the
1895 830 188 33 scenes
2108 821 46 42 is
2177 818 115 45 also
2325 823 59 41 to
2408 822 66 41 be

288 911 337 54 delineated,
654 911 89 44 for
774 910 219 54 finding
1035 912 98 42 the
1182 911 158 52 point
1388 910 56 43 of
1491 911 96 42 the
1636 910 233 43 Theatre
1919 911 56 41 in
2027 912 95 41 the
2175 910 299 44 eievation.

193 1000 341 54 Wherefore,
567 1002 210 51 setting
810 1002 95 42 the
941 1011 280 33 measures
1244 999 56 44 of
1321 1001 95 42 the
1450 1000 221 52 heights
1703 999 178 43 which
1905 1000 96 42 the
2024 999 159 52 point
2204 999 63 52 A,
2288 1000 187 43 where

193 1092 96 42 the
306 1090 145 44 floor
473 1090 55 44 of
546 1092 94 42 the
659 1092 156 51 stage
839 1092 210 51 begins,
1069 1091 105 43 and
1196 1091 94 42 the
1309 1092 158 50 point
1489 1091 41 42 D
1555 1089 55 44 of
1632 1091 96 41 the
1752 1099 252 42 poscene,
2029 1090 137 42 have
2189 1090 172 42 above
2378 1090 97 42 the

193 1181 139 45 level
368 1180 56 45 of
454 1183 97 42 the
588 1183 308 44 horizontal
933 1181 140 50 PP;
1121 1181 142 44 from
1298 1183 96 42 the
1418 1180 423 52 perpendicular
1876 1183 39 42 N
1952 1181 42 42 V
2027 1181 151 41 draw
2203 1180 95 43 the
2324 1181 152 51 right

195 1270 111 43 line
339 1270 214 54 ADO,
585 1273 139 40 wich
747 1272 151 52 gives
929 1273 97 40 the
1060 1269 262 55 declivity
1345 1269 54 44 of
1421 1272 96 43 the
1540 1272 186 54 stage;
1759 1272 137 41 then
1931 1269 159 44 make
2117 1270 39 42 N
2182 1270 39 42 O
2245 1268 229 54 parallel

192 1362 60 39 to
287 1359 53 43 P.
378 1360 60 42 V.
471 1362 104 39 and
612 1359 161 52 equal
806 1362 61 40 to
901 1359 44 43 A
979 1362 38 42 O
1053 1359 54 43 of
1139 1362 94 40 the
1263 1362 242 53 Seventy
1536 1360 149 44 third
1718 1360 201 53 figure.
1952 1360 123 54 (See
2102 1359 113 54 Fig.
2240 1359 238 54 LXX1V).

199 1457 56 33 &
289 1447 111 43 The
433 1451 159 49 point
625 1447 55 43 of
711 1449 98 42 the
843 1449 234 44 Theatre
1110 1451 56 42 in
1199 1449 276 45 elevation
1514 1452 43 41 is
1606 1451 74 50 O;
1728 1452 97 42 the
1874 1451 159 52 point
2083 1448 54 43 of
2183 1451 95 42 the
2326 1460 150 33 same

189 1548 70 32 on
293 1538 98 42 the
424 1548 234 41 poscene
692 1540 44 41 is
771 1540 58 43 O.
866 1538 41 43 If
940 1540 39 44 E
1012 1540 39 43 B
1086 1541 64 42 be
1183 1541 97 43 the
1314 1542 248 51 greatest
1594 1541 191 52 height
1818 1538 55 43 of
1906 1541 93 40 the
2023 1538 128 45 first
2173 1551 181 41 scene,
2377 1541 101 43 the

189 1627 112 43 line
336 1627 40 42 O
411 1627 40 45 E
485 1628 342 44 determines
858 1628 97 44 the
990 1630 196 52 height
1219 1627 56 45 of
1305 1630 71 42 all
1411 1631 95 42 the
1540 1631 206 42 others.
1788 1628 109 44 The
1923 1630 217 53 longest
2165 1628 55 44 of
2241 1630 97 43 the
2363 1634 113 38 two

189 1716 141 43 lines
366 1717 153 52 gives
553 1720 96 41 the
682 1720 131 41 true
848 1719 193 52 height
1074 1719 55 43 of
1163 1720 132 42 each
1328 1730 193 43 scene;
1555 1720 107 42 and
1685 1720 98 42 the
1807 1720 222 42 shorter
2052 1720 277 44 discovers
2353 1721 123 42 how

192 1807 161 41 much
390 1805 54 43 of
475 1806 127 43 that
650 1806 193 54 height
896 1807 94 44 the
1041 1809 149 52 sight
1232 1807 142 45 loses
1421 1819 67 32 on
1540 1809 94 42 the
1685 1807 262 51 out-line,
1996 1810 70 52 by
2112 1810 96 41 the
2255 1807 223 55 oblique

188 1894 246 51 position
470 1895 54 43 of
556 1898 97 40 the
686 1908 212 32 scenes.

186 1992 68 36 £?
287 1987 311 52 Moreover,
628 1988 97 40 the
759 1998 187 32 excess
971 1984 55 46 of
1044 1988 96 42 the
1164 1988 193 51 longer
1375 1988 112 40 line
1509 1989 171 41 above
1699 1988 95 42 the
1813 1988 243 49 shorter,
2076 1999 57 31 as
2155 1987 121 43 well
2301 1990 58 40 at
2382 1990 94 50 top

186 2084 60 31 as
280 2074 59 41 at
374 2075 233 51 bottom,
641 2074 46 43 is
712 2077 57 40 to
796 2077 66 40 be
886 2074 123 43 well
1044 2077 265 42 observed
1331 2087 10 42 ;
1374 2074 88 45 for
1484 2087 70 32 on
1580 2077 113 42 this
1717 2078 240 51 depends
1981 2077 95 42 the
2100 2077 150 52 right
2276 2078 169 42 under-

185 2164 264 54 standing
482 2164 56 44 of
567 2166 98 43 the
698 2168 233 52 seventy
962 2163 130 46 fifth
1126 2166 201 53 figure.
1345 2166 110 43 The
1489 2168 159 51 point
1671 2167 69 49 M,
1761 2167 178 43 which
1975 2168 45 42 is
2053 2178 59 32 as
2145 2166 85 44 far
2263 2168 215 41 distant

186 2252 143 44 from
363 2256 61 48 N,
457 2266 58 32 as
539 2256 126 42 that
698 2255 54 43 of
787 2255 37 43 F
857 2257 46 42 is
936 2253 141 46 from
1112 2256 43 43 A
1190 2257 54 42 in
1282 2257 94 42 the
1411 2258 232 51 seventy
1676 2257 153 42 third
1844 2244 11 12 v
1878 2256 199 53 figure,
2118 2258 229 41 denotes
2380 2257 96 42 the

188 2342 153 52 place
376 2341 141 44 from
552 2345 228 43 whence
814 2347 98 40 the
946 2350 154 48 stage
1135 2347 174 51 ought
1332 2349 56 40 to
1412 2347 65 42 be
1501 2347 206 42 viewed
1728 2357 10 44 ;
1775 2357 57 32 as
1867 2347 45 42 is
1945 2347 162 42 there
2132 2347 340 42 mentioned.

192 2441 66 36 &
292 2434 57 40 In
386 2431 187 55 laying
604 2434 96 42 the
731 2431 145 46 floor
927 2432 53 44 of
1022 2435 94 42 the
1162 2435 188 52 Stage,
1397 2435 113 42 this
1558 2434 119 43 rule
1732 2435 47 42 is
1829 2434 311 53 commonly
2188 2436 287 50 observed,

186 2521 127 42 that
345 2523 97 40 the
477 2521 195 52 height
705 2520 55 44 of
790 2523 97 41 the
922 2523 156 50 point
1111 2523 39 41 O
1187 2524 64 40 be
1288 2524 156 40 made
1477 2521 160 54 equal
1670 2523 59 41 to
1764 2523 94 41 the
1895 2521 193 52 height
2122 2521 53 43 of
2198 2523 113 49 ;the
2359 2534 119 42 eye,

186 2610 107 42 and
329 2609 127 43 that
487 2610 97 42 the
618 2611 108 42 rise
760 2609 55 44 of
847 2610 95 42 the
992 2609 143 44 floor
1181 2610 141 43 from
1360 2613 42 40 A
1434 2613 61 40 to
1531 2611 61 52 D,
1628 2613 65 42 be
1727 2613 171 40 about
1930 2623 32 30 a
1997 2611 159 42 ninth
2206 2623 62 30 or
2314 2614 162 41 tenth

186 2700 125 50 part
345 2698 55 43 of
433 2699 96 43 the
564 2698 193 53 length
792 2698 42 44 A
870 2700 63 45 D.
969 2699 105 43 'Tis
1108 2699 115 43 also
1256 2702 286 50 requisite,
1578 2698 87 44 for
1714 2700 97 42 the
1863 2700 188 42 better
2098 2699 235 55 shifting
2380 2702 98 41 the

188 2798 208 41 scenes,
446 2789 127 42 that
604 2790 96 41 the
734 2790 296 50 pavement
1060 2787 37 44 P
1131 2789 65 42 be
1230 2788 145 43 sunk
1407 2788 171 43 lower
1610 2789 136 42 than
1779 2789 127 42 that
1940 2788 55 43 of
2030 2790 60 51 G,
2123 2790 127 42 that
2284 2802 30 30 a
2351 2802 124 32 man

195 2887 121 42 may
349 2878 145 43 walk
528 2879 226 52 upright
787 2881 177 40 under
998 2879 94 42 the
1126 2877 144 44 floor
1301 2877 239 44 thereof.

201 3014 147 46 THE
399 3019 442 47 ELEVATION
894 3020 99 45 OF
1043 3019 290 46 SCENES
1385 3018 88 45 IN
1522 3019 277 55 FRONT,
1849 3020 167 46 AND
2067 3020 194 47 HOW
2326 3022 149 45 THE

198 3105 336 57 OBLIQUE
553 3108 289 47 SCENES
1536 3109 152 52 ARE
1702 3109 226 46 MADE
1279 3108 94 46 TO
1719 3109 297 53 DIRECT.
2041 3112 159 58 (Fig.
2225 3112 245 59 LXXV).

197 3232 20 23 r
217 3232 137 92 jphe
387 3248 188 33 scenes
609 3240 57 41 in
700 3241 35 41 S
769 3240 136 42 have
938 3240 150 42 their
1122 3241 230 42 breadth
1382 3240 142 43 from
1558 3243 97 40 the
1689 3241 124 52 plan
1848 3240 54 46 of
1938 3244 90 42 the
2062 3244 412 53 seventy-third

283 3326 206 55 figure,
519 3330 106 42 and
659 3330 150 42 their
840 3330 194 52 height
1065 3328 140 45 from
1239 3331 98 42 the
1370 3329 273 46 elevation
1679 3333 56 42 of
1780 3333 96 42 the
1925 3331 450 56 seventy-fourth
2408 3334 46 42 fi-

190 3431 137 43 gure
399 3419 106 43 and
539 3429 93 32 are
665 3418 271 53 supposed
971 3419 59 42 to
1064 3419 160 42 stand
1274 3422 477 53 perpendicularly
1802 3423 54 42 in
1907 3424 149 43 their
2102 3436 231 42 grooves
2356 3443 14 35 j
2405 3424 70 42 ail

192 3511 182 44 which
407 3511 47 43 is
489 3508 113 46 also
636 3509 358 52 represented
1030 3508 54 42 in
1121 3508 38 43 P
1194 3509 102 42 and
1332 3509 39 52 Q
1407 3508 53 44 of
1495 3512 92 42 the
1622 3514 458 52 seventy-second
2116 3513 200 53 figure.
