2687 3995
819 414 45 46 A
903 417 339 62 HISTORY
1274 430 102 48 OF
1404 435 362 52 PUPPETS.

2388 470 66 44 35

258 509 112 44 The
405 512 257 46 brothers
697 517 173 46 Feron
906 530 211 46 opened
1152 545 104 33 one
1289 538 59 40 at
1399 540 99 43 the
1551 543 119 53 sign
1708 548 56 43 of
1792 550 99 44 the
1924 553 36 25 «•
1983 553 178 56 Glgllo
2183 558 36 20 •'
2252 563 135 43 with
2420 576 30 33 a

156 599 125 53 Play
375 601 315 51 Pallacorda
883 624 30 33 a
946 621 211 44 certain
1193 624 251 61 Cercllly,
1467 634 104 43 and
1599 634 300 51 Francesco
1924 644 290 49 Bod.niere
2237 657 211 48 opened

154 690 259 53 another,
446 698 99 40 not
578 695 86 46 far
697 698 97 56 off,
827 705 173 46 called
1035 713 36 23 •<
1096 710 38 44 II
1172 715 153 46 Qallo
1439 721 150 45 Then
1625 738 152 33 came
1810 731 198 48 Benolt
2041 738 135 46 with
2214 741 84 46 his
2333 756 77 33 ma-

154 774 274 48 rlonettes
461 781 56 44 of
550 797 153 40 wax:
738 789 69 46 La
842 794 173 46 Grillo
1048 799 137 46 with
1226 814 30 34 a
1292 807 173 56 piece,
1495 817 193 41 named
1785 817 284 51 BamboccI
2094 825 54 56 »,
2194 830 116 45 also
2346 835 68 43 lm-

154 868 190 51 ported
383 868 139 48 from
558 875 155 59 Italy,
746 883 106 41 and
888 888 333 48 established
1272 901 58 38 at
1378 901 219 53 Marais,
1650 916 61 33 as
1764 908 341 61 Beauchamp
2140 919 125 45 tells
2300 934 142 35 us....

154 959 104 41 and
294 962 218 46 endless
545 969 208 54 others,
789 975 56 43 of
875 977 176 46 which
1086 982 46 43 It
1165 990 178 40 would
1396 992 63 43 be
1495 995 208 46 useless
1734 1000 61 43 to
1828 1002 239 56 attempt
2097 1010 58 41 to
2188 1013 122 50 give
2343 1015 97 43 the

156 1057 205 43 names,
395 1063 136 33 even
568 1057 56 42 of
656 1060 158 44 those
847 1066 126 43 that
1006 1081 144 33 were
1185 1074 140 45 least
1358 1080 331 48 celebrated.

822 1196 210 49 THE
1096 1204 232 49 TWO
1391 1212 376 59 FAIRS.

151 1321 69 88 |t
253 1335 109 33 was
395 1328 97 43 the
525 1340 134 43 year
692 1335 158 54 .697:
880 1343 104 40 and
1023 1345 193 46 Italian
1251 1356 333 55 comedians,
1617 1366 335 45 established
2006 1383 71 31 on
2125 1376 99 46 the
2272 1383 158 49 stage

192 1411 56 44 of
281 1416 96 44 the
413 1419 160 43 Hotel
611 1424 66 41 de
713 1427 322 58 Boulogne
1071 1439 178 44 under
1299 1444 97 44 the
1449 1449 272 49 direction
1769 1455 59 45 of
1873 1460 249 48 Evaristo
2163 1465 267 53 Qherardi

139 1503 101 40 had
276 1503 203 48 almost
502 1513 241 56 entirely
766 1518 323 51 abandoned
1114 1528 97 43 the
1233 1536 293 56 repertory
1546 1538 58 44 of
1625 1541 96 46 the
1741 1546 168 43 -Con,
1919 1556 175 41 media
2117 1559 316 45 dell'Arte"

136 1594 104 41 and
278 1604 122 33 now
436 1602 307 43 conducted
794 1607 53 43 in
898 1612 99 43 the
1045 1615 206 45 French
1305 1620 269 58 language
1627 1630 71 43 all
1746 1635 100 43 the
1896 1643 356 50 productions
2300 1650 125 46 that

131 1691 145 33 were
311 1688 226 41 written
576 1696 276 53 expressly
885 1696 87 46 for
1005 1703 150 44 them
1190 1716 69 33 on
1292 1711 246 53 subjects
1569 1716 58 43 of
1660 1724 193 53 purely
1886 1726 140 46 local
2061 1731 237 51 interest

131 1777 66 36 ■CP
233 1772 150 53 Long
416 1775 172 55 habit,
619 1782 96 43 the
738 1782 198 46 favour
954 1790 135 53 they
1111 1792 102 44 had
1238 1797 204 56 always
1465 1805 251 56 enjoyed,
1739 1813 94 40 the
1858 1815 219 59 liberty,
2100 1830 320 46 sometimes

126 1858 226 56 abused,
388 1864 122 43 that
545 1879 109 33 was
687 1876 264 41 accorded
987 1879 56 40 to
1078 1881 150 43 them
1266 1897 59 33 as
1348 1891 195 51 people
1566 1897 269 55 speaking
1851 1914 30 31 a
1907 1902 210 61 foreign
2145 1912 270 56 language

126 1950 102 38 and
289 1955 358 56 improvising
700 1963 147 43 their
901 1968 274 56 dialogue,
1228 1975 71 43 all
1353 1980 157 46 these
1543 1985 209 56 things,
1785 1993 180 58 singly
1998 2001 104 43 and
2135 1952 280 107 togethe'r,

144 2039 81 40 .ad
261 2044 348 46 accustomed
664 2059 105 33 our
814 2059 358 48 compatriots
1205 2067 59 40 to
1317 2069 132 43 such
1505 2077 297 58 petulancy
1853 2082 59 43 of
1962 2090 282 58 criticism,
2277 2102 135 41 such

121 2125 206 46 licence
362 2133 54 40 in
451 2140 335 51 expression,
819 2145 105 41 and
962 2151 132 40 such
1127 2163 302 46 arrogance
1462 2161 56 43 of
1541 2176 249 43 manner,
1810 2173 127 44 that
1960 2189 201 35 sooner
2183 2196 64 31 or
2270 2186 142 46 later

156 2227 92 43 ley
278 2232 148 33 were
459 2234 129 36 sure
621 2232 61 40 to
718 2232 162 56 bring
911 2237 157 46 down
1106 2255 31 30 a
1170 2247 173 41 storm
1381 2260 145 43 upon
1559 2255 99 43 the
1680 2257 138 46 head
1843 2262 56 43 of
1922 2265 96 46 the
2044 2270 363 53 unfortunate

112 2309 146 40 chier
292 2313 176 44 actor.

207 2402 107 43 Not
347 2410 234 43 content
634 2415 132 43 with
822 2417 300 61 ridiculing
1178 2427 94 44 the
1325 2435 193 53 people
1571 2438 59 43 of
1680 2440 173 59 Paris,
1907 2450 96 43 the
2056 2465 259 39 manners
2348 2463 56 43 of

106 2491 322 46 courtesans
464 2499 101 40 and
603 2501 94 43 the
730 2506 158 51 pride
921 2506 58 46 of
1010 2511 94 43 the
1137 2514 254 58 soldiers,
1426 2524 125 43 that
1604 2532 122 40 mad
1782 2532 152 48 brain
1970 2537 56 45 of
2056 2544 211 54 Angelo
2300 2549 68 43 Co-

101 2577 259 59 stantln.,
393 2587 124 44 who
550 2592 158 44 acted
746 2595 94 43 the
865 2600 125 48 part
1023 2603 55 43 of
1111 2603 34 25 ••
1167 2605 272 48 Mezgetin
1553 2615 105 46 had
1691 2620 99 44 the
1820 2628 259 58 audacity
2100 2636 58 43 to
2194 2641 176 45 carica-

101 2666 127 46 ture
263 2671 94 43 the
393 2674 165 56 Royal
593 2676 298 59 favourite,
921 2692 107 40 and
1063 2692 247 48 Madame
1343 2699 66 43 de
1454 2702 318 51 Maintenon
1797 2722 112 33 saw
1934 2717 206 48 herself
2161 2735 233 38 exposed

98 2758 58 40 to
189 2760 97 43 the
322 2760 264 59 laughter
619 2775 104 41 and
758 2775 97 44 the
891 2778 175 46 hisses
1185 2786 97 43 the
1317 2791 183 50 public
1533 2793 59 43 In
1614 2808 31 31 a
1670 2803 242 56 comedy,
1937 2808 122 46 tha,
2084 2824 110 35 was
2216 2821 176 46 caUed

156 2850 70 42 La
262 2852 201 45 Fatisse
497 2863 174 47 prude

192 2938 140 46 That
367 2956 109 33 was
510 2951 154 50 quite
697 2953 287 48 sufficient
1018 2963 58 41 to
1109 2973 165 36 cause
1307 2968 94 44 the
1437 2971 162 56 glass,
1632 2976 224 61 already
1876 2984 122 56 full,
2021 2991 58 43 to
2102 2999 264 48 overflow

93 3024 79 41 On
222 3027 97 43 the
370 3032 251 58 Monday,
675 3042 122 53 May
847 3045 97 43 the
997 3047 191 48 fourth
1241 3052 140 56 .697,
1429 3060 206 46 Master
1688 3067 305 59 Argenson.
2051 3032 336 107 Lieutenant'

88 3116 236 45 Oeneral
357 3118 56 46 of
446 3123 193 54 police,
670 3131 233 46 assisted
941 3139 69 50 by
1040 3151 31 31 a
1106 3144 181 43 crowd
1325 3146 53 43 of
1426 3149 412 56 Commissaries
1889 3169 106 41 and
2044 3174 317 53 subalterns

83 3210 254 48 repaired
372 3212 59 43 at
464 3212 193 49 eleven
692 3217 209 49 o'clock
931 3225 59 43 In
1025 3227 97 44 the
1155 3235 256 53 morning
1444 3240 59 41 to
1536 3243 94 43 the
1663 3245 221 51 theatre
1917 3255 56 44 of
2006 3261 96 45 the
2127 3263 161 48 Hotel
2313 3273 66 43 de

123 3309 305 48 ourgogne,
461 3306 107 41 and
603 3319 56 33 in
695 3311 185 46 virtue
913 3314 59 46 of
1005 3329 30 33 a
1071 3319 170 48 letter
1272 3324 55 46 of
1360 3339 224 46 marque
1619 3334 56 46 of
1706 3339 86 46 his
1825 3344 249 61 Majesty,
2122 3357 254 51 declared

78 3385 96 43 the
205 3390 175 43 series
413 3390 56 46 of
499 3403 478 48 representations
1030 3408 59 43 to
1124 3410 64 44 be
1221 3413 200 56 closed,
1472 3423 104 41 and
1627 3426 135 45 then
1810 3441 305 46 proceeded
2148 3446 61 43 to
2242 3448 132 46 affix

75 3476 140 44 seals
250 3481 59 41 to
342 3481 96 46 the
474 3487 163 45 doors
670 3487 88 48 for
789 3492 96 45 the
918 3497 186 51 public
1152 3504 104 41 and
1312 3504 117 46 also
1477 3512 59 43 to
1586 3515 163 48 those
1782 3520 56 45 of
1868 3525 97 45 the
1998 3535 183 43 actors
2237 3540 132 43 with

75 3570 341 49 prohibition
451 3578 59 43 to
543 3578 96 46 the
672 3581 178 48 latter
896 3591 218 51 against
1162 3598 323 56 presenting
1533 3603 333 56 themselves
1919 3629 69 35 on
2041 3624 97 43 the
2186 3568 160 107 'sta-e
