2687 3995
896 378 214 47 UPON
1154 376 341 52 SEVERAL
1534 374 301 47 THINGS.

221 384 69 48 66

1203 461 5 13 1

317 494 73 40 He
423 489 273 45 reckoned
731 489 123 42 that
886 485 334 55 performers
1256 495 145 32 were
1436 482 220 51 capable
1690 482 55 42 of
1778 481 225 55 loyalty.

320 581 112 44 One
466 581 65 51 by
566 589 102 32 one
702 579 130 52 they
865 575 169 43 broke
1086 587 152 41 away
1289 573 141 43 from
1486 573 133 49 him,
1670 571 152 43 their
1872 571 211 54 vanity,
2132 569 218 43 conceit
2400 571 104 42 and

221 670 242 52 cupidity
498 669 161 51 being
692 668 222 51 greater
943 665 137 42 than
1114 664 147 42 their
1295 664 257 42 devotion
1585 665 58 40 to
1677 663 96 42 the
1808 673 160 32 cause
1994 661 67 41 he
2096 660 102 42 had
2234 661 59 40 at
2328 659 177 46 heart.

316 761 70 41 M.
421 757 299 53 Dlagliilew
754 768 95 31 can
884 754 115 45 find
1036 754 187 55 plenty
1256 752 56 45 of
1343 754 228 42 dancers
1604 753 59 42 to
1695 752 83 43 fill
1811 753 96 42 the
1943 761 129 41 gaps
2109 750 155 42 made
2314 749 57 42 in
2422 749 82 43 his

219 848 247 53 ranks,...
499 849 65 41 he
597 847 109 43 will
741 847 183 42 create
960 857 119 31 new
1112 844 277 52 talent,....
1423 842 41 43 if
1497 843 67 42 he
1599 843 177 42 wants
1809 843 82 42 to.

318 938 172 42 These
523 936 112 43 will
669 936 199 53 always
904 935 168 43 break
1105 946 151 41 away
1288 931 140 44 from
1465 932 195 52 him,...
1689 933 58 40 to
1782 931 149 42 their
1964 928 284 43 discredit.

321 1028 104 42 But
458 1027 70 42 M.
565 1025 298 52 Diaghilew
889 1023 150 52 helps
1061 1025 152 39 them
1238 1026 58 38 to
1322 1023 65 40 be
1411 1020 411 52 discreditable,
1841 1017 88 46 for
1952 1020 67 42 he
2044 1020 97 40 has
2166 1020 98 40 not
2282 1016 222 46 learned

219 1119 125 40 that
376 1114 334 54 performers
745 1115 146 42 must
922 1112 127 43 first
1084 1111 151 43 learn
1272 1110 203 54 loyalty
1500 1112 55 41 to
1580 1122 30 31 a
1634 1120 160 33 cause
1820 1107 188 45 before
2030 1110 134 52 they
2190 1119 93 31 are
2306 1110 197 51 strong

219 1205 216 52 enough
467 1206 60 41 to
562 1206 129 41 bear
722 1205 96 39 the
851 1202 175 42 strain
1063 1200 54 43 of
1148 1201 96 42 the
1279 1201 362 50 temptations
1672 1201 132 50 they
1860 1201 149 40 must
2057 1199 309 42 encounter
2397 1199 106 40 and

218 1295 178 41 which
429 1294 180 42 either
644 1291 153 44 make
830 1293 150 40 them
1017 1291 194 41 heroes
1244 1290 159 42 when
1428 1289 304 43 victorious
1756 1299 62 32 or
1841 1299 230 32 cravens
2094 1289 104 42 and
2226 1288 278 43 deserters

221 1385 160 42 when
416 1384 132 50 they
581 1382 116 44 fail.

643 1521 207 46 THE
941 1518 463 54 DANCER
1494 1517 579 58 NIJINSKI.

434 1675 184 42 young
653 1662 312 52 gentleman
1002 1662 44 42 Is
1083 1665 98 38 not
1213 1674 30 30 a
1277 1662 252 47 Russian.
1566 1662 76 40 He
1676 1661 46 42 Is
1756 1672 31 30 a
1820 1660 148 43 Pole.

426 1755 75 41 He
552 1754 95 40 has
699 1752 169 52 lately
918 1754 136 40 been
1103 1752 247 50 tempted
1401 1752 58 42 to
1510 1750 152 43 leave
1726 1751 94 41 the
1874 1761 267 43 company
2190 1750 202 43 known
2443 1763 57 30 as

227 1848 34 20 44
288 1845 108 43 The
432 1845 227 47 Russian
696 1843 175 43 Ballet
965 1841 105 43 and
1107 1844 64 39 he
1206 1840 102 43 left
1341 1843 63 41 it.

331 1935 75 41 He
440 1945 111 31 was
585 1933 164 51 doing
783 1931 124 42 well
942 1931 56 42 in
1035 1942 134 40 1911;
1211 1931 134 41 then
1399 1933 65 51 by
1510 1942 150 30 some
1709 1942 188 31 means
1947 1931 67 41 he
2065 1933 95 49 got
2210 1930 125 43 hold
2386 1929 56 44 of
2475 1943 27 30 a

231 2024 175 42 bottle
442 2022 53 43 of
529 2024 88 41 old
651 2024 142 40 wine
826 2020 141 44 from
1003 2023 94 41 the
1138 2020 166 44 cellar
1337 2020 55 44 of
1423 2022 83 42 Mr
1530 2022 276 52 Raymond
1832 2022 245 48 Duncan,
2098 2023 105 41 and
2227 2022 98 43 has
2350 2022 149 43 since

228 2114 139 41 been
402 2112 56 42 in
492 2123 31 31 a
556 2113 143 41 state
736 2109 55 43 of
824 2112 381 42 intoxication.

329 2202 75 41 He
438 2198 169 55 lately
637 2199 278 44 exhibited
952 2198 219 43 himself
1202 2201 59 40 to
1296 2201 221 42 London
1552 2201 56 39 in
1643 2201 113 40 this
1790 2199 308 44 condition.

326 2290 126 43 This
486 2288 301 52 particular
819 2290 141 40 wine
994 2290 46 40 is
1072 2287 139 45 from
1247 2290 84 40 Mr
1364 2288 274 44 Duncan's
1674 2300 119 30 own
1829 2290 261 53 vineyard
2126 2291 106 41 and
2269 2292 45 41 is
2348 2291 152 52 quite

226 2385 311 48 dangerous
570 2381 58 41 to
663 2378 244 53 drink,...
942 2378 185 42 unless
1158 2390 107 41 you
1301 2380 65 40 be
1402 2380 207 40 invited
1646 2381 58 39 to
1738 2380 68 42 do
1840 2390 58 32 so
1935 2380 70 52 by
2048 2380 94 42 the
2192 2382 207 41 master
2447 2378 56 45 of

221 2474 96 40 the
354 2472 188 47 house,
576 2471 122 42 who
734 2469 190 43 knows
960 2469 120 42 how
1116 2470 160 41 much
1310 2481 30 30 a
1375 2471 164 50 guest
1571 2480 98 32 can
1707 2470 64 41 be
1806 2470 294 42 entrusted
2137 2471 158 43 with.

321 2561 159 41 Since
514 2559 263 51 drinking
809 2559 110 40 this
953 2559 173 51 heady
1159 2559 243 51 draught
1449 2559 72 42 M.
1555 2558 249 53 Nijinsky
1837 2560 98 41 has
1968 2560 139 41 been
2142 2560 258 53 carrying
2434 2569 65 33 on

223 2650 57 42 in
315 2662 29 29 a
378 2660 120 41 way
531 2646 302 45 calculated
866 2649 58 41 to
959 2648 157 52 appal
1150 2658 169 39 some,
1352 2648 184 43 ravish
1572 2649 210 50 others,
1815 2650 105 41 and
1956 2650 307 42 somewhat
2286 2650 213 43 disturb

222 2739 160 42 those
415 2739 184 41 whose
632 2739 280 41 attention
947 2737 194 43 should
1180 2739 63 41 be
1276 2738 161 52 given
1473 2738 221 55 strictly
1714 2739 59 42 to
1796 2739 280 54 watching
2098 2742 105 40 and
2231 2739 271 54 guarding

223 2828 95 42 the
354 2827 385 51 development
773 2826 55 43 of
860 2828 95 41 the
989 2827 191 52 people
1213 2828 105 41 and
1354 2828 149 42 their
1535 2828 296 42 education
1867 2831 56 39 in
1958 2831 135 42 such
2130 2831 256 42 matters.

325 2916 43 43 If
400 2928 29 31 a
465 2928 123 31 man
622 2917 144 42 reels
801 2917 161 52 along
987 2917 290 52 Piccadilly
1296 2918 55 41 in
1376 2928 30 31 a
1430 2918 146 42 state
1600 2918 55 42 of
1677 2920 365 41 intoxication
2071 2920 66 41 he
2163 2920 47 41 is
2232 2920 267 48 arrested,

226 3008 99 41 not
358 3007 228 41 because
622 3007 64 41 he
724 3007 42 41 is
801 3006 201 52 drunk,
1026 3005 108 53 (for
1168 3007 66 41 he
1270 3007 44 42 is
1347 3007 299 50 permitted
1682 3010 58 39 to
1776 3008 65 41 be
1877 3007 183 43 drunk
2085 3010 55 40 in
2164 3010 96 42 the
2284 3010 216 52 privacy

226 3094 54 43 of
305 3096 82 42 his
414 3106 118 32 own
559 3096 200 53 home),
785 3097 99 41 but
907 3097 231 42 because
1164 3097 66 42 he
1254 3107 210 44 annoys
1488 3107 62 32 us
1572 3099 135 40 with
1735 3109 29 30 a
1788 3097 209 55 display
2016 3096 56 44 of
2094 3097 406 50 drunkenness,

225 3186 105 41 and
364 3196 81 31 we
481 3184 159 43 know
674 3186 125 42 that
832 3185 40 43 if
905 3187 66 41 he
1006 3185 47 43 is
1087 3187 99 41 not
1218 3189 100 48 put
1351 3187 118 42 into
1519 3199 30 30 a
1596 3190 198 50 strong
1842 3199 154 32 room
2048 3187 297 55 Piccadilly
2392 3184 106 45 will

225 3284 133 32 soon
395 3275 63 42 be
491 3273 206 53 packed
731 3275 135 41 with
901 3276 133 42 such
1068 3276 217 52 people.

327 3364 105 42 But
463 3363 134 43 then
630 3374 82 32 we
746 3364 161 43 know
940 3367 95 40 the
1068 3368 150 51 signs
1252 3368 104 40 and
1392 3368 97 42 the
1524 3365 195 46 effects
1745 3365 54 46 of
1821 3368 94 43 the
1939 3368 362 43 intoxication
2328 3365 170 46 which

230 3463 179 32 comes
440 3452 141 43 from
614 3457 96 39 too
744 3457 160 40 much
955 3455 202 54 liquor.
1205 3457 107 43 But
1359 3459 95 41 the
1502 3458 154 52 signs
1705 3461 107 40 and
1863 3457 195 45 effects
2108 3458 55 44 of
2210 3453 289 48 theatrical

228 3541 360 44 intoxication
622 3553 146 33 seem
804 3546 200 42 hidden
1037 3546 141 43 from
1214 3549 145 41 most
1390 3547 212 52 people.
