2687 3995
722 325 147 48 THE
882 330 332 52 DESIGNS
1250 335 95 50 OF
1377 339 262 57 PADRE
1667 344 275 50 POZZO.

2403 366 63 45 43

412 429 91 43 on,
508 443 35 39 y
577 444 13 30 *
597 443 26 32 s
658 434 13 40 '
673 444 51 32 ,e
758 435 96 44 the
888 434 128 47 first
1048 443 58 41 to
1138 443 153 43 show
1326 457 62 32 us
1427 447 95 44 the
1627 453 193 50 quinte
1928 465 64 33 or
2039 457 175 53 wings
2265 458 57 46 of
2370 463 93 44 the

173 517 178 52 stage,
400 519 99 42 but
548 522 114 43 also
710 524 95 44 the
856 526 126 44 first
1014 529 58 44 to
1106 533 168 51 adopt
1307 547 31 29 a
1372 534 265 47 different
1677 542 219 43 method
1932 542 55 45 of
2020 548 222 54 moving
2290 551 173 55 them,

174 604 205 54 rolling
426 609 152 44 them
615 623 70 41 up
719 613 216 46 instead
971 617 55 44 of
1058 621 249 54 drawing
1355 626 150 43 them
1559 628 155 56 back,
1762 632 106 42 and
1918 635 132 43 thus
2098 636 219 56 leaving
2364 641 99 43 the

172 696 213 47 ground
437 708 158 40 space
644 700 108 45 less
802 708 386 46 encumbered.
1239 714 92 43 His
1380 715 127 52 plan
1554 716 55 45 of
1656 731 31 31 a
1735 722 221 45 theatre
2001 724 114 45 also
2148 728 180 45 shows
2361 731 98 44 the

170 783 338 46 auditorium
543 790 214 44 divided
793 794 119 43 into
948 797 181 46 boxes.

170 880 65 34 x?
271 872 169 47 These
474 876 156 53 plans
663 881 56 43 of
751 884 242 54 Pozzo's,
1025 900 59 31 as
1118 888 57 44 of
1208 895 145 41 most
1383 894 56 44 of
1485 898 93 42 the
1628 899 153 53 early
1835 903 243 54 Italians,
2128 919 94 32 are
2275 913 181 42 worth

169 961 94 43 the
300 968 145 40 most
477 969 205 43 careful
717 974 166 55 study
915 975 54 43 of
1002 978 96 43 the
1129 982 217 44 worker
1378 985 56 42 in
1467 987 97 42 the
1599 990 225 42 modern
1868 993 238 46 theatre.

167 1059 66 36 &
266 1051 160 56 True,
459 1067 150 35 some
643 1060 56 43 of
731 1063 94 42 the
875 1065 191 54 things
1115 1073 271 47 produced
1435 1077 60 40 at
1542 1077 95 43 the
1687 1081 134 42 time
1874 1081 54 43 of
1976 1083 174 47 Pozzo
2201 1089 107 41 and
2357 1091 97 42 the

170 1140 254 46 Biblenas
459 1158 143 32 were
638 1152 231 53 terribly
907 1159 215 49 ornate,
1166 1171 145 33 were
1360 1163 224 55 already
1631 1178 30 31 a
1710 1169 209 44 decline
1968 1169 142 46 from
2161 1176 97 43 the
2307 1176 148 46 finer

168 1230 155 44 work
356 1233 56 42 of
446 1236 222 48 Peruzzi
705 1243 104 41 and
844 1244 175 44 Seriio
1052 1250 107 40 and
1194 1248 272 55 Palladio;
1515 1256 101 42 but
1647 1257 135 43 then
1832 1270 59 32 so
1941 1261 48 43 is
2039 1265 161 42 much
2251 1265 56 43 of
2352 1269 97 41 the

172 1319 155 42 work
379 1326 270 47 produced
705 1330 167 53 today
924 1333 235 56 terribly
1211 1341 214 49 ornate,
1475 1345 104 40 and
1635 1346 94 42 the
1786 1347 154 45 work
1989 1350 55 43 of
2091 1352 157 45 these
2298 1355 153 55 early

165 1416 124 32 men
341 1411 104 40 had
496 1415 59 39 at
605 1415 157 53 least,
814 1420 201 44 behind
1063 1425 74 42 its
1186 1430 343 52 ornateness,
1564 1444 30 32 a
1626 1444 133 43 very
1791 1439 194 52 strong
2028 1437 331 49 foundation
2397 1443 56 43 of

162 1496 115 43 real
314 1496 342 58 knowledge.

165 1680 101 47 OF
294 1683 289 50 SCENES
614 1690 154 55 FOR
806 1694 148 47 THE
984 1696 268 60 STAGE,
1290 1703 83 60 by
1403 1705 202 49 Padre
1638 1710 219 47 Pozzo.
1889 1713 46 44 A
1972 1714 260 61 Reprint
2276 1718 166 48 from

650 1779 125 46 and
803 1782 324 62 Examples
1160 1789 76 46 of
1757 1799 477 58 London,.

873 1968 163 35 cenes
1066 1961 88 44 for
1185 1964 97 44 the
1314 1963 165 56 Stage
1513 1970 136 43 have
1682 1984 132 43 very
1850 1977 160 41 much
2047 1976 233 60 Affinity
2306 1985 133 42 with

872 2048 159 43 those
1065 2050 169 57 lately
1268 2056 298 53 described,
1603 2062 101 41 but
1735 2064 96 43 the
1885 2065 165 44 Point
2099 2069 55 42 of
2201 2071 162 52 Sight
2396 2075 44 42 is

872 2140 96 39 not
1001 2150 60 32 so
1095 2142 169 54 easily
1296 2142 170 49 found
1500 2150 56 42 in
1592 2151 190 53 these;
1818 2155 105 41 and
1958 2154 141 45 from
2149 2161 96 42 the
2295 2163 145 43 Obli°

868 2229 156 52 quity
1060 2229 54 43 of
1146 2232 95 42 the
1276 2234 240 47 Grooves
1547 2240 56 41 in
1639 2243 175 42 which
1870 2244 95 42 the
1998 2246 198 46 Scenes
2232 2262 124 38 run,
2391 2254 47 39 it

865 2328 181 34 comes
1080 2324 57 39 to
1172 2335 143 41 pass,
1348 2326 126 44 that
1506 2330 95 41 the
1636 2331 154 51 right
1826 2334 158 43 Lines
2034 2338 178 44 which
2262 2343 176 51 ought

864 2408 57 40 to
958 2419 203 42 appear
1194 2414 225 48 parallel
1453 2417 59 41 to
1546 2419 98 42 the
1680 2422 129 42 Line
1850 2422 57 43 of
1937 2425 96 42 the
2082 2425 154 55 Plan,
2287 2432 151 43 must

863 2499 96 40 not
995 2499 65 41 be
1094 2500 187 42 drawn
1316 2504 224 50 parallel
1563 2509 162 42 there
1748 2512 79 51 to,
1853 2514 100 41 but
1975 2514 219 55 oblique
2214 2532 14 37 ;
2254 2521 179 42 which

860 2585 45 42 is
939 2598 31 29 a
1003 2588 167 46 Work
1203 2589 56 42 of
1290 2602 148 33 some
1474 2593 301 57 Difficulty.
1812 2599 124 46 This
1984 2603 197 45 indeed
2209 2620 122 41 may
2369 2612 61 41 be

140 2669 229 42 avoided
407 2672 67 51 by
508 2671 174 53 fixing
715 2673 96 42 the
845 2674 240 45 Grooves
1117 2678 227 50 parallel
1380 2683 57 41 to
1489 2685 96 42 the
1640 2686 237 47 Poscene
1900 2702 13 37 ;
1954 2704 59 31 as
2063 2693 47 44 is
2161 2699 160 40 usual
2371 2700 56 42 in

141 2768 150 32 some
325 2758 206 54 Places,
564 2761 291 56 especially
888 2763 56 42 in
983 2761 325 65 Germany.
1341 2771 402 57 Nevertheless,
1776 2779 95 41 the
1919 2777 225 49 Italian
2197 2798 231 33 manner

140 2846 98 42 has
270 2848 114 41 this
417 2850 340 52 advantage;
792 2852 123 42 that
946 2855 162 43 those
1142 2857 122 42 who
1297 2870 94 32 are
1425 2861 280 55 employed
1741 2867 58 41 to
1834 2873 219 49 prompt
2088 2873 95 41 the
2208 2873 215 54 Actors,

137 2935 106 40 and
280 2934 134 44 shift
445 2937 95 42 the
572 2939 220 50 Scenes,
826 2942 106 51 etc,
967 2954 95 32 are
1096 2944 110 44 less
1240 2950 231 48 exposed
1507 2951 58 41 to
1599 2953 178 53 Sight,
1811 2955 55 42 in
1901 2958 97 43 the
2034 2959 387 48 Performance

139 3020 57 42 of
226 3022 149 42 their
407 3025 277 46 Business.

131 3118 67 34 &
233 3111 56 41 In
322 3113 113 40 this
466 3113 179 53 figure
677 3116 140 54 (Fig.
850 3120 198 55 LXXI1)
1080 3124 19 39 I
1134 3124 136 44 have
1303 3128 162 49 given
1499 3141 107 40 you
1642 3143 69 31 an
1748 3135 386 54 abridgement
2167 3139 56 45 of
2261 3144 160 44 those

130 3200 207 52 things,
361 3203 177 40 which
572 3204 138 43 shall
747 3208 274 44 hereafter
1054 3213 66 41 be
1157 3226 151 31 more
1341 3217 259 54 enlarged
1639 3233 90 32 on.

228 3290 111 44 The
375 3293 268 43 Numbers
677 3306 41 39 i,
750 3307 49 39 2,
833 3308 51 42 3,
916 3308 52 43 4,
1001 3302 203 44 denote
1239 3306 95 42 the
1378 3307 141 44 Area
1569 3311 54 42 of
1655 3323 31 32 a
1721 3315 116 43 Hall
1888 3328 68 32 an
2007 3320 250 45 hundred
2312 3327 104 42 and

129 3382 212 53 twenty
376 3383 205 47 Roman
616 3384 172 51 palms
822 3388 56 41 in
912 3387 211 56 length,
1156 3395 107 41 and
1286 3396 144 54 sixty
1453 3400 56 40 in
1534 3401 262 58 breadth;
1828 3417 62 33 as
1914 3409 45 41 is
1987 3410 261 45 manifest
2274 3412 142 45 from

126 3471 95 43 the
253 3469 147 45 scale
436 3469 57 46 of
525 3473 178 54 thirty
736 3475 174 52 palms
944 3480 225 44 marked
1202 3483 54 42 S.
