2687 3995
548 390 146 47 THE
722 386 423 48 BEAUTIFUL
1181 383 147 47 THE
1356 381 351 54 SERVANT
1737 381 99 47 OF
1871 379 147 47 THE
2051 377 211 55 TRUE.

292 400 66 46 24

293 496 55 43 of
377 506 180 44 young
589 505 139 32 men.
761 494 39 42 0
833 492 169 51 living
1034 491 266 51 posterity
1332 487 55 44 of
1420 499 85 42 my
1539 489 230 50 country
1788 487 14 42 I
1846 489 145 40 Your
2023 485 178 43 elders
2250 482 121 43 love
2418 484 101 41 and

293 583 178 44 salute
501 593 124 42 you.
659 581 237 51 Courage
915 580 14 42 I
964 579 76 43 let
1073 589 60 32 us
1167 579 193 42 devote
1403 576 294 43 ourselves.
1747 576 98 43 Let
1893 585 64 32 us
2003 574 195 42 devote
2246 569 277 45 ourselves

293 673 59 40 to
383 670 93 42 the
508 670 156 51 good,
692 670 58 40 to
783 668 93 43 the
908 669 142 47 true,
1082 668 57 42 to
1171 668 95 40 the
1299 668 128 51 just.
1462 666 58 41 In
1553 666 124 41 that
1708 665 156 42 there
1897 664 45 42 is
1975 661 285 52 goodness.

390 759 156 41 Some
578 767 133 40 pure
744 755 178 44 lovers
954 754 55 45 of
1039 757 105 52 art,
1176 754 230 45 affected
1439 755 67 52 by
1528 766 30 30 a
1582 753 437 52 pre-occupation
2041 749 175 43 which
2243 749 53 42 in
2321 749 73 42 its
2410 758 115 42 way

296 844 95 42 has
423 844 71 42 its
527 843 211 55 dignity
766 846 102 40 and
903 843 305 50 nobleness,
1239 843 209 43 discard
1482 843 109 42 this
1623 839 248 51 formula,
1961 839 97 42 Art
2079 835 87 45 for
2191 837 278 50 Progress,

293 931 95 42 the
423 929 271 45 Beautiful
729 931 206 52 Useful,
964 929 212 54 fearing
1202 929 107 44 lest
1341 931 93 40 the
1467 927 175 44 useful
1675 926 192 44 should
1891 924 208 45 deform
2122 924 95 42 the
2241 920 281 45 beautiful.

294 1016 145 53 They
470 1017 231 43 tremble
734 1017 104 43 lest
867 1018 130 51 they
1028 1016 192 43 should
1253 1026 89 32 see
1375 1014 253 44 attached
1661 1016 57 40 to
1751 1014 94 41 the
1877 1011 113 43 fine
2014 1023 145 31 arms
2180 1009 56 45 of
2258 1011 94 43 the
2375 1011 146 42 Muse

294 1103 96 42 the
423 1113 183 34 coarse
640 1105 140 42 hand
814 1103 53 44 of
898 1105 91 42 the
1023 1103 221 51 drudge.
1277 1100 299 52 According
1606 1101 60 42 to
1698 1100 148 41 them
1872 1100 94 40 the
1999 1097 141 43 ideal
2165 1108 120 42 may
2307 1098 214 41 become

294 1192 287 50 perverted
613 1192 68 51 by
711 1194 90 39 too
835 1192 155 41 much
1026 1191 215 41 contact
1270 1188 133 42 with
1439 1187 216 53 reality.
1695 1187 145 52 They
1888 1196 92 32 are
2028 1185 227 42 anxious
2300 1182 87 45 for
2432 1183 87 42 the

294 1277 229 45 sublime
557 1279 40 43 if
627 1280 45 42 it
702 1281 43 41 is
780 1279 228 42 lowered
1042 1287 58 32 as
1130 1276 85 43 far
1247 1287 58 32 as
1338 1276 303 52 humanity.
1677 1275 79 43 Ah
1778 1276 14 41 !
1824 1275 133 52 they
1987 1285 94 32 are
2118 1271 291 43 mistaken.

390 1366 108 42 The
529 1364 193 53 useful,
753 1364 85 44 far
867 1364 139 43 from
1056 1364 444 50 circumscribing
1544 1364 95 40 the
1686 1361 249 51 sublime,
1982 1361 276 42 increases
2307 1360 64 44 it.
2419 1357 109 45 The

294 1453 326 53 application
655 1450 55 44 of
739 1454 93 40 the
865 1451 230 43 sublime
1126 1453 57 41 to
1219 1453 199 40 human
1454 1450 189 51 things
1675 1450 264 51 produces
1973 1448 336 52 unexpected
2334 1442 189 49 chefs«

297 1539 304 46 d'oeuvre.
630 1538 106 44 The
771 1538 193 53 useful,
1007 1540 314 41 considered
1370 1540 56 41 in
1473 1536 152 45 Itself
1671 1539 104 41 and
1825 1548 57 30 as
1929 1536 239 42 element
2216 1534 307 52 combining

297 1629 132 42 with
463 1629 93 41 the
588 1627 251 52 sublime,
870 1628 44 42 is
947 1625 55 43 of
1034 1627 207 43 several
1267 1625 182 55 kinds;
1483 1627 155 40 there
1662 1627 45 40 is
1728 1625 96 42 the
1848 1623 174 44 useful
2047 1624 174 42 which
2248 1624 44 42 is
2315 1623 210 51 tender,

301 1718 103 41 and
442 1718 156 41 there
630 1717 45 42 is
707 1717 94 42 the
849 1715 177 44 useful
1073 1717 175 42 which
1295 1715 46 42 is
1393 1715 306 51 indignant.
1746 1713 231 52 Tender,
2024 1714 45 41 it
2114 1712 272 43 refreshes
2433 1712 89 42 the

305 1802 355 44 unfortunate
692 1804 102 41 and
830 1806 209 40 creates
1072 1804 92 41 the
1196 1802 163 43 social
1408 1813 228 43 epopee;
1684 1802 307 52 Indignant,
2024 1802 45 40 it
2098 1799 307 54 flagellates
2437 1801 85 40 the

296 1891 226 51 wicked,
555 1893 103 41 and
691 1893 209 41 creates
932 1892 93 41 the
1058 1892 179 42 divine
1270 1891 185 42 satire.
1487 1892 173 41 Moses
1694 1891 170 40 hands
1896 1889 94 42 the
2023 1892 95 39 rod
2144 1891 58 40 to
2224 1891 177 49 Jesus,
2423 1888 98 43 and

297 1977 143 43 after
474 1978 196 51 having
703 1980 193 40 caused
928 1978 95 41 the
1055 1978 172 41 water
1256 1978 58 41 to
1349 1978 133 50 gush
1514 1975 139 44 from
1686 1977 97 41 the
1815 1975 148 52 rock,
1995 1976 126 42 that
2152 1977 204 50 august
2373 1975 115 52 rod,

298 2065 94 40 the
424 2076 130 41 very
583 2075 165 39 same,
780 2066 176 42 drives
987 2066 95 42 the
1114 2066 232 41 vendors
1376 2062 140 45 from
1548 2065 95 40 the
1675 2065 311 52 sanctuary.

316 2161 64 35 &
397 2152 186 44 What!
616 2155 86 39 art
728 2151 190 43 should
954 2164 146 39 grow
1133 2151 105 45 less
1270 2152 226 42 because
1520 2152 43 42 it
1586 2152 94 41 has
1713 2152 276 51 expanded
2010 2152 14 41 !
2058 2152 96 44 No.
2188 2152 112 42 One
2321 2150 202 44 service

298 2250 149 32 more
479 2240 47 42 is
559 2250 100 32 one
693 2251 146 32 more
872 2241 219 52 beauty.

388 2329 111 41 You
533 2338 126 40 say:
692 2326 107 44 The
834 2338 149 32 muse
1016 2328 46 42 is
1096 2328 152 42 made
1282 2329 58 41 to
1368 2326 139 54 sing,
1538 2329 57 41 to
1629 2326 140 52 love,
1799 2329 60 42 to
1893 2326 228 52 believe,
2152 2329 59 41 to
2244 2338 152 42 pray.
2432 2329 94 42 Yes

298 2415 102 41 and
434 2425 89 32 no.
557 2415 96 42 Let
687 2425 62 31 us
782 2415 333 42 understand
1148 2415 129 42 each
1313 2415 179 43 other.
1514 2414 72 43 To
1611 2415 121 52 sing
1764 2415 175 42 whom
1959 2414 27 43 ?
2019 2415 109 43 The
2152 2417 143 43 void.
2315 2415 72 43 To
2412 2414 115 44 love

297 2502 189 42 what?
518 2502 232 43 Oneself.
785 2502 71 42 To
891 2500 205 44 believe
1129 2502 57 42 In
1219 2503 190 41 what?
1441 2502 109 43 The
1583 2503 213 52 dogma.
1829 2502 73 43 To
1935 2514 132 42 pray
2098 2505 58 41 to
2189 2504 191 43 what?
2420 2503 107 43 The

298 2588 130 44 Idol.
461 2591 94 48 No,
588 2591 127 40 here
738 2589 45 43 is
805 2591 95 40 the
923 2592 158 40 truth
1102 2599 14 32 :
1149 2591 73 41 To
1247 2592 118 49 sing
1387 2591 95 41 the
1505 2589 157 50 ideal,
1685 2592 59 40 to
1768 2589 119 45 love
1912 2591 306 53 humanity,
2243 2594 57 41 to
2325 2593 201 43 believe

297 2677 56 41 in
386 2686 272 42 progress,
687 2679 60 40 to
780 2690 130 41 pray
941 2681 58 39 to
1035 2679 91 41 the
1162 2677 237 43 infinite.

393 2762 141 43 Take
567 2775 141 38 care,
739 2776 104 41 you
876 2766 121 42 who
1030 2776 90 32 are
1152 2766 217 49 tracing
1396 2766 157 40 those
1587 2764 191 44 circles
1810 2767 174 41 round
2017 2767 95 42 the
2135 2768 146 50 poet,
2302 2777 106 42 you
2432 2768 98 52 put

298 2852 109 41 him
442 2852 205 53 beyond
681 2865 142 30 man.
855 2853 134 44 That
1021 2856 95 41 the
1148 2855 128 50 poet
1307 2852 193 43 should
1535 2855 65 40 be
1633 2855 210 50 beyond
1879 2855 285 52 humanity
2187 2856 57 42 in
2269 2866 103 32 one
2395 2867 136 42 way,

300 2938 67 54 by
396 2940 94 42 the
522 2941 189 52 wings,
734 2944 66 49 by
821 2944 94 40 the
941 2944 256 40 immense
1219 2941 182 52 flight,
1423 2942 67 52 by
1511 2942 92 41 the
1625 2942 204 45 sudden
1853 2941 233 52 possible
2111 2942 420 54 disappearance

300 3025 57 42 in
387 3027 94 41 the
512 3026 335 55 fathomless,
877 3031 45 41 it
955 3031 43 42 is
1030 3029 143 52 well,
1206 3031 45 41 it
1282 3031 145 41 must
1459 3030 65 42 be
1566 3040 78 41 so,
1691 3030 101 41 but
1837 3040 69 32 on
1954 3031 276 42 condition
2282 3030 55 43 of
2379 3043 123 40 reap-

298 3121 282 41 pearance.
612 3115 75 42 He
720 3126 119 42 may
872 3119 209 51 depart,
1114 3119 99 40 but
1246 3118 67 41 he
1347 3119 146 39 must
1524 3118 216 43 return.
1773 3118 98 43 Let
1904 3118 110 41 him
2048 3118 136 43 have
2226 3118 175 53 wings
2447 3119 85 43 for

300 3199 95 42 the
428 3198 236 55 infinite,
693 3204 255 49 provided
984 3205 65 42 he
1082 3206 96 42 has
1208 3204 115 43 feet
1352 3203 88 44 for
1469 3205 97 42 the
1599 3205 176 52 earth,
1807 3205 104 42 and
1954 3205 144 52 that,
2144 3204 143 46 after
2334 3208 199 51 having

301 3286 136 41 been
470 3295 125 33 seen
627 3285 189 56 flying,
849 3292 66 40 he
948 3294 45 41 is
1025 3303 128 32 seen
1185 3292 254 52 walking.
1474 3293 98 43 Let
1604 3293 109 42 him
1747 3293 217 42 become
1999 3304 123 32 man
2168 3294 177 51 again,
2392 3292 141 44 after

301 3374 66 41 he
400 3373 95 42 has
526 3384 137 41 gone
696 3379 98 40 out
824 3377 55 43 of
909 3380 302 54 humanity.
1243 3380 158 42 After
1434 3380 64 42 he
1533 3380 94 42 has
1661 3382 135 40 been
1829 3391 129 33 seen
1992 3392 69 32 an
2100 3382 312 53 archangel,
2457 3380 76 44 let

303 3459 107 42 him
443 3462 64 40 be
540 3472 130 32 once
705 3474 147 33 more
885 3478 30 31 a
948 3468 243 43 brother.
1227 3469 96 42 Let
1354 3468 94 43 the
1478 3471 118 39 star
1628 3468 174 43 which
1836 3468 46 43 Is
1914 3468 56 42 in
2008 3469 124 42 that
2179 3481 98 39 eye
2324 3480 147 40 weep
2503 3480 29 31 a
