2627 3919
801 377 146 46 THE
975 371 323 50 DESIGNS
1333 369 98 45 OF
1460 362 254 54 PADRE
1745 357 266 50 POZZO•

283 396 68 45 40

381 488 122 42 This
556 485 166 42 Padre
772 483 185 46 Pozzo,
1006 489 29 31 a
1082 477 175 41 Jesuit
1308 473 181 42 father
1540 469 121 41 who
1709 466 139 42 lived
1897 464 138 40 from
2091 460 124 50 1649
2265 460 60 39 to
2381 468 136 40 1709,

285 586 172 32 seems
490 574 91 41 the
613 571 142 48 first,
790 565 285 51 according
1106 565 58 40 to
1200 562 230 49 Ferrari,
1461 558 69 53 (1)
1563 560 56 38 to
1653 557 148 41 show
1850 563 61 32 us
1966 551 153 41 these
2155 546 209 52 'quinte
2419 549 97 39 and

284 662 94 41 the
412 658 218 42 method
664 654 52 44 of
749 653 283 52 designing
1060 652 170 48 them,
1263 648 102 42 and
1399 656 148 33 some
1581 639 413 56 reproductions
2027 637 53 41 of
2116 635 81 41 his
2232 633 155 52 plans
2432 644 85 32 are

288 750 127 39 here
449 748 202 46 shown,
674 743 164 42 taken
871 741 136 42 from
1042 741 92 40 the
1169 736 218 52 English
1434 733 209 43 Edition
1693 728 53 44 of
1794 731 80 38 his
1924 724 156 51 book,
2185 722 334 49 Prospettiva

288 836 84 43 del
407 835 196 42 Pittori
637 844 27 30 e
1078 827 55 42 of
1168 826 173 42 which
1384 825 94 41 the
1510 821 127 42 first
1677 821 124 49 part
1853 818 52 40 in
1954 814 191 42 Italian
2190 822 108 30 was
2345 812 172 40 issued

288 926 53 39 in
391 922 118 51 1692
557 921 103 41 and
715 921 91 41 the
857 917 192 43 second
1098 916 54 41 in
1201 924 141 41 1700,
1392 911 101 42 and
1527 907 174 43 which
1738 906 245 40 contains
2018 912 84 40 105
2157 901 146 51 large
2353 898 166 52 plates

289 1010 102 42 and
428 1019 158 40 many
619 1005 265 53 engraved
918 1001 175 43 initial
1127 1000 211 42 letters.

297 1105 52 22 y?>
382 1096 123 42 This
538 1094 150 42 work
721 1103 107 31 was
861 1091 175 42 issued
1074 1090 95 39 not
1202 1086 126 51 only
1362 1086 51 38 in
1442 1085 153 42 Eatin
1620 1082 102 40 and
1750 1079 188 41 Italian
1966 1079 97 40 but
2088 1076 109 42 also
2223 1077 55 40 in
2302 1073 217 53 Frencn,

288 1183 123 50 and,
444 1193 57 32 as
533 1193 81 30 we
647 1181 131 41 have
814 1179 129 46 said,
979 1178 54 39 in
1069 1174 238 52 English,
1332 1184 66 29 an
1929 1167 159 50 being
2110 1162 214 52 printed
2352 1164 56 39 at
2430 1164 89 40 the

289 1273 182 40 outset
504 1270 183 50 signed
724 1269 66 50 by
880 1265 105 42 Chr
1017 1265 180 47 Wren,
1229 1263 48 40 J.
1313 1260 288 51 Vanbrugh
1637 1259 103 39 and
1776 1256 60 44 N.
1872 1254 349 43 Hawksmoor
2326 1253 57 39 to
2433 1251 88 41 the

288 1357 160 43 effect
470 1358 122 41 that
760 1355 93 40 the
889 1352 235 52 Request
1145 1348 54 43 of
1653 1346 92 41 We
1771 1344 132 41 have
1929 1341 213 52 perus'd
2169 1340 112 42 this
2306 1338 217 43 Volume

359 1444 53 42 of
445 1444 356 50 Perspective,
834 1442 102 39 and
970 1439 161 51 judge
1167 1438 42 39 it
1232 1448 29 29 a
1285 1434 151 43 work
1469 1435 122 40 that
1628 1434 249 39 deserves
1911 1429 481 51 encouragement,
2425 1429 99 39 and

360 1543 129 40 very
520 1541 195 42 proper
745 1528 84 42 for
862 1527 325 42 Instruction
1227 1526 53 39 in
1322 1523 122 41 that
1477 1524 86 38 art

390 1620 167 40 Padre
592 1617 189 46 Pozzo,
812 1614 119 41 who
955 1623 172 32 seems
1160 1614 56 39 to
1253 1612 135 39 have
1422 1611 133 39 been
1592 1620 28 29 a
1656 1617 120 30 man
1827 1604 55 43 of
1933 1603 216 42 tireless
2184 1604 250 49 industry
2467 1613 52 31 as

287 1707 120 41 well
440 1717 56 30 as
531 1703 53 45 of
617 1716 28 29 a
680 1703 124 51 high
840 1703 160 41 order
1032 1698 55 43 of
1119 1700 363 50 intelligence,
1515 1707 108 31 was
1657 1694 158 42 much
1850 1694 55 41 in
1939 1693 221 51 request
2192 1691 86 42 for
2310 1691 94 40 the
2438 1691 57 40 de-

291 1795 240 42 coration
588 1791 52 42 of
693 1791 280 47 churches,
1025 1790 100 39 and
1180 1787 129 50 also,
1364 1785 108 40 like
1525 1785 265 49 Giuseppe
1848 1781 240 46 Bibiena,
2121 1778 130 41 took
2286 1778 115 40 into
2434 1777 89 41 the

289 1882 259 44 churches
581 1880 308 49 something
922 1876 52 43 of
1017 1879 91 39 the
1162 1875 237 48 theatre,
1446 1871 380 50 constructing
1874 1870 94 40 the
2020 1867 276 42 elaborate
2344 1876 179 32 scenes

292 1969 249 52 required
574 1966 85 42 for
691 1968 91 39 the
815 1962 309 53 'Presepio',
1155 1964 94 39 the
1285 1960 132 52 Holy
1451 1957 164 45 Week
1647 1956 295 51 functions,
1976 1956 101 41 and
2102 1956 92 39 the
2221 1954 302 52 Exposition

2055 2024 5 9 I

293 2055 55 42 of
377 2056 94 41 the
508 2056 147 40 Host.
689 2055 74 40 No
796 2063 100 30 one
928 2050 144 42 finds
1102 2051 122 40 that
1258 2050 65 39 he
1357 2049 87 39 did
1479 2059 103 39 any
1618 2048 133 49 good
1784 2046 58 40 to
1877 2046 91 40 the
2002 2042 265 42 churches
2301 2053 62 30 or
2385 2041 139 41 their

293 2144 381 47 architecture,
717 2142 102 39 and
854 2150 79 31 we
966 2136 53 44 of
1044 2139 91 39 the
1160 2136 229 42 Theatre
1413 2135 193 42 realise
1632 2134 120 41 that
1776 2133 82 42 his
1878 2131 368 42 elaborations
2279 2130 54 41 in
2358 2129 167 42 scenic

294 2234 87 38 art
412 2230 70 42 all
515 2229 196 42 tended
749 2230 52 39 in
835 2239 30 30 a
898 2238 188 39 wrong
1119 2224 288 42 direction.
1423 2224 99 39 Yet
1544 2223 93 40 the
1661 2220 402 51 thoroughness
2098 2219 131 41 with
2256 2218 176 40 which
2466 2216 58 41 he

294 2319 85 41 set
411 2321 56 38 to
500 2316 150 43 work
684 2317 93 39 has
811 2326 65 29 an
913 2314 232 41 interest
1174 2312 87 40 for
1295 2322 78 30 us.
1409 2312 91 39 His
1534 2310 312 41 inventions
1869 2319 144 31 were
2048 2308 123 49 bad,
2196 2308 97 39 but
2326 2307 45 39 it
2404 2307 42 39 is
2479 2302 46 43 of

297 2407 230 39 interest
558 2407 58 38 to
650 2403 156 41 know
840 2402 155 41 when
1030 2402 101 39 and
1167 2402 66 49 by
1266 2399 147 41 what
1447 2409 185 31 means
1653 2409 80 30 we
1760 2399 215 40 became
1999 2396 278 50 possessed
2303 2393 55 42 of
2380 2394 144 41 these

296 2492 326 42 absurdities
654 2491 175 40 which
865 2489 132 40 have
1030 2498 57 31 so
1121 2487 125 51 long
1280 2487 259 39 hindered
1574 2487 93 39 the
1701 2484 379 51 development
2117 2482 53 42 of
2204 2483 212 40 Drama.

294 2587 64 35 &
390 2578 166 42 These
589 2589 208 38 scenes,
826 2587 130 40 very
989 2576 227 49 popular
1249 2575 55 39 In
1340 2575 91 39 the
1481 2572 359 43 seventeenth
1889 2573 251 50 century,
2190 2581 143 29 were
2383 2567 140 42 often

298 2665 374 52 magnificient
703 2665 55 40 in
791 2665 108 42 size
932 2665 101 39 and
1070 2663 332 49 decoration,
1436 2661 197 51 having
1668 2660 220 52 regular
1934 2660 192 49 wings,
2176 2657 135 42 back
2362 2656 163 42 cloths

297 2755 103 41 and
434 2755 173 49 stage,
637 2755 57 39 at
726 2752 92 41 the
853 2747 222 46 ribalta
1101 2750 52 40 of
1176 2750 172 40 which
1389 2750 154 39 stood
1588 2749 94 40 the
1724 2747 125 51 high
1895 2746 142 42 altar
2081 2745 54 42 of
2180 2746 90 39 the
2315 2745 208 42 church.

296 2841 141 52 They
470 2853 141 29 were
645 2839 165 43 called
904 2840 165 39 teatri
1159 2849 61 29 or
1252 2837 263 49 theatres,
1549 2839 102 38 and
1685 2846 147 31 some
1867 2834 236 43 survival
2140 2832 52 42 of
2229 2835 148 41 them
2415 2841 109 41 may

298 2940 133 31 even
463 2930 94 50 yet
589 2930 63 40 be
684 2930 182 41 traced
905 2931 51 40 in
990 2929 94 41 the
1176 2926 310 51 sepulchres
1577 2924 171 40 which
1783 2934 91 29 are
1910 2924 284 49 arranged,
2229 2920 148 43 often
2403 2919 120 43 with

298 3015 229 45 life-size
558 3015 223 54 figures,
815 3020 52 38 in
901 3019 93 39 the
1030 3015 193 42 Italian
1258 3014 262 42 churches
1554 3013 197 49 during
1785 3010 135 51 Holy
1955 3011 181 42 Week.

396 3103 103 42 But
532 3105 40 40 it
605 3104 45 42 is
684 3107 153 39 when
871 3117 79 29 we
984 3116 146 30 come
1164 3105 56 40 to
1257 3104 81 40 his
1374 3100 148 44 work
1555 3100 86 41 for
1672 3100 96 41 the
1802 3099 212 42 secular
2046 3099 219 41 theatre
2301 3099 122 41 that
2455 3104 69 32 we

299 3188 115 43 find
451 3189 166 43 Padre
652 3191 167 44 Pozzo
854 3194 140 40 most
1027 3191 343 49 interesting,
1413 3189 104 41 and
1559 3189 43 40 it
1634 3189 46 41 is
1723 3188 56 41 In
1830 3188 81 41 his
1959 3185 157 53 plans
2164 3188 103 39 and
2321 3185 203 51 designs

301 3278 120 41 that
453 3288 78 30 we
565 3282 145 38 trace
743 3278 82 42 for
858 3281 92 40 the
981 3279 127 42 first
1141 3279 131 42 time
1307 3290 157 40 many
1498 3276 55 43 of
1594 3277 91 42 the
1723 3277 240 42 features
2011 3277 173 41 which
2213 3277 158 51 have,
2406 3272 117 44 alas,

303 3368 214 40 become
551 3367 240 41 habitual
825 3370 52 39 in
912 3370 92 39 the
1037 3370 243 40 theatres
1314 3367 53 42 of
1404 3368 182 48 today.

307 3471 39 41 (1)
372 3470 44 34 La
440 3470 228 41 Scenografia.
