2687 3995
550 833 927 82 EDITORIAL
1591 831 574 71 NOTES.

247 1027 328 54 GORDON
607 1027 234 54 CRAIG
863 1027 40 47 S
938 1025 348 49 DESIGNS.

222 1118 298 44 Detween
555 1120 94 42 the
683 1119 94 43 6th
814 1120 104 42 and
954 1120 94 42 the
1096 1118 128 51 29th
1276 1117 56 44 oi

307 1209 127 54 July
466 1221 32 30 a
538 1211 216 50 private
805 1208 116 43 sale
970 1207 56 44 oi
1073 1220 151 31 some
1276 1207 56 42 of

212 1300 98 41 the
344 1298 220 54 designs
598 1297 55 44 of
687 1301 84 40 Mr
804 1300 216 41 Gordon
1072 1297 163 53 Craig
1285 1300 44 40 is

214 1388 164 53 being
410 1387 121 43 held
561 1390 66 53 by
646 1390 269 40 members
937 1387 55 43 of
1012 1388 94 41 the
1131 1387 196 43 School

212 1476 85 46 for
359 1479 93 42 the
515 1477 102 45 Art
686 1479 54 42 of
809 1480 92 42 the
966 1479 236 43 Theatre
1270 1481 59 41 at

211 1569 147 40 their
391 1569 221 43 London
646 1566 208 52 offices,
889 1579 30 41 7
951 1569 142 43 John
1119 1570 210 52 Street,

211 1656 249 54 Adelphi.
495 1658 67 54 (1)
595 1660 96 42 We
741 1660 218 52 reprint
1009 1659 172 43 below
1232 1662 96 40 the

212 1747 221 44 Preface
465 1745 139 46 from
645 1749 94 42 the
781 1748 298 53 Catalogue
1124 1750 204 44 issued.

211 1844 63 36 &
305 1839 35 24 44
364 1837 108 43 The
505 1837 198 44 School
736 1837 88 43 for
857 1839 95 42 the
987 1837 101 44 Art
1129 1837 54 44 of
1230 1841 98 40 the

209 1929 33 23 44
277 1926 235 44 Theatre
550 1929 165 41 needs
753 1940 217 42 money.

208 2023 66 36 £?
305 2017 34 24 44
373 2016 109 43 The
536 2016 162 44 funds
752 2020 57 39 at
861 2020 226 49 present
1140 2021 60 41 at
1253 2020 74 42 Its

208 2107 32 22 44
275 2106 235 53 disposal
547 2119 93 30 are
674 2110 155 51 quite
865 2110 332 52 inadequate
1241 2109 87 43 for

208 2196 33 22 44
274 2196 98 42 the
426 2195 407 55 maintenance,
888 2199 105 40 and
1049 2199 117 43 still
1219 2197 109 45 less

207 2285 33 23 44
274 2284 86 43 for
377 2285 96 43 the
494 2286 385 52 development
898 2289 104 42 and
1018 2290 310 50 extension,

208 2375 32 23 44
275 2371 55 45 of
362 2375 94 42 the
489 2375 174 43 work.

302 2467 36 21 44
373 2465 45 42 It
452 2465 46 42 is
531 2467 57 40 to
625 2465 142 45 raise
806 2467 304 44 additional
1159 2467 169 45 funds

207 2553 30 23 44
272 2552 125 43 that
429 2554 112 44 this
565 2554 114 45 sale
715 2554 56 45 of
802 2557 243 51 pictures
1081 2559 45 44 is
1162 2559 170 54 being

202 2643 35 23 44
273 2642 146 46 held.
467 2643 173 45 These
693 2648 247 50 pictures
994 2650 136 41 have
1187 2652 141 42 been

204 2732 33 24 44
270 2735 296 49 presented
587 2737 58 41 to
663 2736 94 42 the
769 2737 197 43 School
988 2740 67 51 by
1069 2740 83 42 Mr
1166 2740 101 43 Cra
1280 2744 49 50 ig

203 2822 34 24 44
272 2822 124 42 that
413 2824 132 53 they
565 2835 122 44 may
705 2826 63 42 be
787 2825 117 44 sold
927 2838 70 31 on
1023 2829 73 42 its
1121 2830 211 55 behalf,

203 2910 33 23 44
272 2911 105 42 and
411 2923 80 31 we
526 2911 106 45 feel
667 2916 125 42 that
825 2918 158 41 those
1007 2919 123 43 who
1166 2919 163 44 know

206 3003 33 24 44
275 3003 174 43 under
500 3004 151 42 what
705 3005 323 46 difficulties
1078 3020 103 32 our
1238 3010 91 42 Di»

202 3092 34 22 44
270 3094 184 39 rector
499 3093 96 43 has
647 3095 214 44 carried
914 3108 70 32 on
1037 3099 85 42 his
1173 3102 155 43 work

203 3192 42 43 (1;
270 3193 195 37 Admission
490 3196 30 34 is
546 3197 47 42 by
617 3197 188 36 invitation
832 3199 106 36 ti;ket
961 3201 98 45 only.
1089 3203 79 45 Any
1208 3205 121 35 reader

200 3285 33 31 of
260 3283 67 36 The
352 3285 115 38 Mask,
491 3287 153 34 anxious
668 3288 53 35 for
744 3299 46 24 an
814 3292 231 45 opportunity
1061 3293 35 33 oi
1115 3295 213 43 purchasing

200 3382 93 26 some
316 3375 34 33 of
376 3375 54 33 the
453 3375 151 43 designs,
628 3377 69 35 and
724 3380 59 33 not
807 3380 130 43 having
960 3381 148 46 already
1134 3385 154 34 received
1305 3395 22 24 a

200 3464 93 39 card,
319 3473 63 25 can
406 3466 118 33 obtain
548 3475 64 25 one
650 3469 46 43 by
730 3470 145 43 writing
915 3473 36 33 to
988 3474 56 33 the
1079 3473 188 47 Secretary
1290 3476 38 33 at

199 3554 56 33 the
278 3554 108 34 above
406 3555 156 36 address.

1450 1027 202 50 during
1686 1035 162 42 many
1869 1034 163 43 years
2057 1020 112 43 wili
2196 1020 315 52 appreciate

1450 1117 113 43 this
1630 1127 103 32 one
1799 1126 150 31 more
2000 1122 274 44 generous
2340 1107 171 45 effort

1379 1209 30 25 41
1450 1207 178 43 which
1665 1207 67 42 he
1759 1204 186 43 makes
1970 1203 87 43 for
2077 1202 98 43 the
2199 1201 312 50 advantage

1450 1297 55 43 of
1538 1308 67 32 an
1641 1296 381 53 organization
2057 1293 182 42 which
2267 1301 146 34 owes
2438 1291 73 40 its

1449 1387 280 51 inception
1787 1388 58 41 to
1903 1386 130 48 him,
2089 1383 105 42 and
2251 1380 113 44 will
2420 1391 91 32 co«

1449 1480 225 49 operate
1708 1489 60 30 so
1803 1475 239 53 heartily
2077 1475 58 40 in
2157 1474 98 43 the
2291 1472 220 43 scheme

1446 1569 129 40 that
1622 1568 97 41 the
1768 1565 195 44 School
2014 1576 124 42 may
2187 1565 217 42 receive
2452 1564 59 42 to

1446 1660 97 41 the
1577 1656 99 44 full
1710 1658 97 40 the
1845 1654 212 46 benefit
2091 1654 56 44 of
2178 1654 114 43 this

1375 1758 65 36 &
1473 1749 145 43 Such
1656 1749 44 42 is
1733 1748 97 42 the
1864 1748 309 41 statement
2204 1744 186 45 issued
2438 1744 69 53 by

1376 1841 96 41 the
1510 1839 272 42 members
1816 1836 54 44 of
1903 1837 94 42 the
2032 1836 218 43 School.

1475 1929 147 54 They
1657 1940 92 31 are
1785 1929 116 50 not,
1935 1938 60 32 as
2025 1937 110 42 you
2174 1937 113 42 see,
2310 1924 197 54 asking

1375 2020 88 44 for
1496 2021 272 53 anything
1799 2017 87 45 for
1921 2018 235 52 nothing
2206 2017 106 43 and
2367 2017 140 52 hope

1378 2112 124 41 that
1564 2110 135 52 they
1761 2119 94 31 are
1919 2107 299 52 proposing
2292 2117 32 32 a
2404 2105 107 44 fair

1380 2203 296 50 exchange.

1378 2289 104 47 Mr
1539 2288 549 54 ROCKEFELLER
2165 2292 42 40 &
2291 2286 220 50 GOOD

1379 2378 328 48 HEALTH.

1395 2471 129 43 Mr
1557 2473 142 43 John
1737 2473 60 42 D.
1835 2469 361 52 Rockefeller,
2240 2471 267 53 although

1501 2563 66 52 by
1591 2573 70 31 no
1688 2573 186 32 means
1893 2573 30 32 a
1943 2563 117 42 rich
2083 2573 147 42 man,
2248 2572 261 42 manages

1378 2652 58 41 to
1502 2652 65 43 be
1633 2664 274 40 generous
1970 2655 245 40 towards
2279 2651 228 44 Medical

1380 2741 289 52 Research,
1704 2742 104 42 and
1848 2742 95 44 has
1978 2744 68 52 by
2095 2755 32 29 a
2182 2744 191 42 recent
2405 2740 106 54 gift

1379 2831 56 42 of
1468 2843 222 39 500,000
1724 2834 214 51 pounds
1981 2833 237 54 sterling
2267 2834 242 53 brought

1378 2924 95 42 the
1528 2923 141 43 total
1723 2923 55 43 of
1830 2925 85 42 his
1968 2927 301 41 assistance
2304 2928 58 40 to
2399 2927 109 41 this

2003 2997 10 13 *

1378 3024 161 32 cause
1573 3014 60 42 to
1667 3024 313 43 25,000,000
2004 3018 217 51 pounds
2255 3015 252 54 sterling.

1376 3112 65 34 JS>
1474 3106 94 44 We
1604 3103 156 44 don't
1793 3117 126 32 care
1952 3108 162 42 much
2147 3107 89 46 for
2258 3109 96 44 the
2389 3109 119 42 idea

1378 3192 54 44 of
1465 3206 31 30 a
1530 3206 126 30 man
1690 3197 123 42 who
1848 3208 240 33 amasses
2123 3198 203 43 wealth
2372 3208 133 35 even

1379 3285 67 53 by
1478 3285 199 53 selling
1731 3286 72 43 oil
1855 3288 55 42 in
1966 3290 96 42 the
2117 3290 113 53 glib
2284 3302 120 42 way
2457 3287 52 45 of

1375 3375 396 53 standardism,
1804 3377 119 51 but,
1959 3379 69 53 by
2060 3380 155 53 Jove,
2240 3393 29 31 a
2295 3381 210 51 twenty

1378 3462 208 45 million
1639 3465 104 53 gift
1796 3468 59 41 to
1910 3479 32 32 a
1994 3471 162 51 great
2204 3483 160 33 cause
2399 3470 47 45 Is
2479 3480 29 31 a

1378 3558 156 49 great
1567 3567 118 43 way
1719 3555 56 45 of
1810 3559 295 56 behaving.
