2260 3754
120 190 76 25 222

965 186 330 27 INFORMATIONS

175 285 399 41 CONSERVATOIRE.
692 282 113 41 MM.
848 282 63 40 les
938 280 281 54 professeurs
1252 281 58 39 du
1347 279 351 41 Conservatoire
1735 282 201 39 national
1961 294 46 27 se
2041 291 103 31 sont

120 356 151 39 réunis
291 368 54 26 en
378 352 250 42 assemblée
651 352 227 51 générale,
905 364 106 27 sous
1030 350 40 40 la
1094 349 262 53 présidence
1378 349 54 40 de
1451 348 62 40 M.
1534 348 86 41 Th.
1639 348 191 51 Dubois,
1858 353 21 36 à
1906 349 238 41 l'occasion

120 424 58 39 du
203 424 140 51 projet
367 423 54 40 de
444 423 59 40 loi
525 420 138 41 fixant
687 421 63 40 les
794 421 165 39 limites
994 418 129 52 d'âge
1161 419 297 40 d'admission
1484 423 21 35 à
1543 418 40 40 la
1614 419 196 47 retraite,
1837 421 75 50 qui
1936 419 95 41 doit
2053 423 92 37 être

120 493 167 52 déposé
310 492 371 53 prochainement
705 489 132 53 parle
858 488 207 41 Ministre
1082 489 79 39 des
1182 488 220 41 Finances
1426 502 76 26 sur
1522 488 39 39 le
1580 487 173 42 bureau
1777 489 54 39 de
1852 489 39 40 la
1916 487 229 42 Chambre

121 561 78 40 des
222 562 203 51 députés.

177 629 87 40 Les
288 631 234 49 questions
547 627 262 53 auxquelles
833 627 53 40 ils
917 628 173 39 avaient
1114 630 22 36 à
1162 627 221 52 répondre
1406 627 165 39 étaient
1595 626 63 40 les
1692 627 229 40 suivantes
1948 642 6 24 :

183 703 38 35 i°
245 698 281 40 Convient-il
549 698 54 39 de
630 697 247 40 demander
903 711 56 25 au
997 694 208 42 Ministre
1241 695 77 40 des
1356 695 220 39 Finances
1615 694 54 40 de
1707 693 111 41 faire
1851 693 121 47 fixer,
2013 695 133 40 d'une

122 769 200 38 manière
340 766 227 52 générale,
594 781 81 37 par
695 767 100 39 voie
820 765 268 51 législative,
1112 765 40 39 la
1179 764 142 40 limite
1341 764 129 50 d'âge
1493 764 58 40 du
1570 764 239 52 personnel
1836 766 268 48 enseignant
2126 768 21 36 à

120 850 53 38 70
206 850 95 36 ans,
335 845 94 32 tant
459 849 114 39 pour
602 835 63 40 les
696 834 284 53 professeurs
1017 834 314 40 actuellement
1367 847 55 26 en
1446 832 225 42 fonctions
1693 846 85 39 que
1801 846 115 39 pour
1938 847 107 26 ceux
2071 834 74 51 qui

124 907 193 39 seraient
340 905 367 40 ultérieurement
729 909 207 36 nommés
957 908 16 35 }

181 989 19 25 2
206 980 17 16 0
246 973 293 49 Convient-il,
567 988 55 26 au
647 975 238 47 contraire,
905 973 54 40 de
985 973 267 40 restreindre
1288 980 110 32 cette
1421 971 140 40 limite
1580 969 130 52 d'âge
1731 985 84 26 aux
1839 970 120 41 seuls
1979 968 146 54 profes-

124 1056 126 27 seurs
270 1056 55 26 en
358 1042 225 41 fonctions
607 1047 16 35 ?

181 1126 17 36 3
206 1120 15 15 0
249 1111 68 40 En
341 1124 47 27 ce
409 1113 75 50 qui
518 1124 217 27 concerne
759 1110 64 40 les
843 1123 238 27 nouveaux
1105 1108 298 53 professeurs,
1430 1107 282 41 c'est-à-dire
1729 1122 107 26 ceux
1860 1109 75 50 qui
1954 1109 195 38 seraient

123 1180 365 40 ultérieurement
507 1183 220 42 nommés,
750 1192 55 26 ne
821 1180 284 50 pourrait-on
1122 1192 81 38 pas
1220 1178 179 39 décider
1416 1177 166 52 qu'une
1601 1177 161 51 simple
1787 1177 248 39 indemnité
2060 1190 89 26 non

124 1249 202 40 soumise
352 1262 83 25 aux
456 1256 207 31 retenues
683 1260 114 38 pour
818 1248 214 50 pensions
1055 1246 153 40 civiles
1232 1246 96 40 leur
1350 1248 134 38 serait
1505 1245 212 40 accordée
1736 1249 16 35 ?

176 1331 24 36 4
205 1322 17 16 0
242 1315 141 53 Quels
407 1325 103 30 sont
534 1315 63 40 les
617 1315 284 52 professeurs
925 1329 55 26 en
1006 1314 225 41 fonctions
1252 1316 79 50 qui
1353 1315 274 39 demandent
1652 1319 22 35 à
1700 1322 139 32 rester
1863 1314 148 52 placés
2044 1327 105 27 sous

124 1386 38 39 le
183 1387 171 48 régime
377 1385 57 39 de
460 1384 40 40 la
523 1384 58 40 loi
602 1385 60 39 du
685 1399 23 36 9
732 1385 93 51 juin
849 1387 99 49 1853
970 1389 16 35 ?

185 1467 13 37 5
207 1460 18 16 0
247 1453 143 51 Quels
413 1462 105 31 sont
533 1467 106 26 ceux
663 1455 77 49 qui
762 1453 277 40 demandent
1063 1457 21 36 à
1109 1467 55 26 ne
1183 1453 102 51 plus
1310 1451 126 42 subir
1456 1466 172 27 aucune
1653 1461 182 32 retenue
1855 1456 15 35 ?

255 1565 65 40 La
342 1566 173 50 grande
539 1565 111 40 salle
673 1565 58 40 du
769 1564 351 42 Conservatoire
1145 1565 200 40 national
1384 1579 96 26 sera
1505 1567 112 38 mise
1659 1569 23 35 à
1720 1565 38 39 la
1799 1565 271 52 disposition
2094 1564 58 40 du

128 1634 181 42 Comité
332 1635 54 40 de
409 1633 318 42 l'Association
749 1635 77 40 des
847 1633 192 42 Artistes
1064 1635 247 39 musiciens
1334 1647 115 39 pour
1466 1649 27 37 y
1514 1636 128 45 tenir,
1663 1633 39 40 le
1723 1633 123 40 lundi
1877 1637 47 36 16
1941 1635 88 38 mai
2048 1646 79 39 pro-

127 1704 147 49 chain,
298 1702 283 42 l'assemblée
605 1703 209 50 générale
837 1703 78 40 des
948 1703 229 40 membres
1200 1703 55 40 de
1289 1712 111 31 cette
1421 1701 192 42 Société.

253 1816 97 42 Aux
373 1826 163 31 termes
560 1818 53 39 de
637 1831 80 27 son
740 1817 151 40 cahier
913 1817 77 40 des
1013 1817 207 50 charges,
1244 1817 38 40 le
1305 1816 232 41 Directeur
1560 1816 58 40 du
1641 1815 195 40 Théâtre
1857 1815 201 40 national
2098 1815 54 40 de

130 1884 437 54 l'Opéra-Comique
589 1895 65 31 est
672 1894 106 32 tenu
799 1886 53 39 de
870 1895 158 31 mettre
1049 1886 173 52 chaque
1244 1887 92 39 soir
1370 1884 296 51 (dimanches,
1693 1886 122 51 jours
1839 1885 54 39 de
1926 1883 85 41 fête
2036 1893 40 31 et
2100 1885 53 39 de

126 1956 245 51 premières
390 1956 381 50 représentations
797 1955 224 51 exceptés)
1044 1968 88 26 une
1173 1954 102 50 loge
1306 1958 22 36 à
1373 1954 38 40 la
1449 1954 272 52 disposition
1742 1954 58 39 du
1829 1952 233 41 Directeur
2095 1953 59 39 du

127 2022 349 41 Conservatoire
503 2023 199 39 national
723 2036 117 38 pour
860 2023 64 41 les
954 2024 148 39 élèves
1126 2023 54 40 de
1199 2032 66 31 cet
1288 2022 357 41 établissement.

182 2090 62 40 M.
266 2090 85 41 Th.
378 2091 189 48 Dubois,
594 2105 113 39 pour
729 2092 219 52 répondre
974 2107 54 25 au
1054 2092 120 39 désir
1194 2105 85 39 que
1303 2092 60 39 lui
1389 2107 21 24 a
1434 2093 200 51 exprimé
1655 2090 61 40 M.
1737 2090 155 47 Carré,
1909 2104 243 27 renoncera

129 2164 21 35 à
176 2159 223 41 l'exercice
416 2161 53 39 de
493 2174 45 26 ce
570 2161 116 40 droit
711 2161 62 39 les
798 2161 150 40 lundis
975 2159 139 53 (jours
1147 2161 54 39 de
1241 2162 358 51 représentation
1640 2159 270 53 populaire),
1943 2161 63 39 les
2040 2174 50 36 24
2115 2168 41 31 et

131 2243 42 36 31
204 2228 250 49 décembre,
481 2229 38 40 le
543 2229 143 40 mardi
705 2243 106 36 gras
832 2238 41 31 et
898 2230 38 39 le
960 2231 98 51 jour
1081 2229 53 40 de
1159 2229 38 40 la
1220 2228 293 44 Mi-Carême.

183 2296 68 41 En
272 2297 216 52 échange,
512 2302 22 36 6
559 2303 174 35 entrées
750 2307 151 31 seront
925 2300 136 38 mises
1084 2298 172 52 chaque
1293 2298 238 40 dimanche
1552 2300 91 38 soir
1667 2302 21 35 à
1720 2298 38 39 la
1783 2298 271 52 disposition
2079 2297 77 40 des

128 2366 161 39 élèves.

184 2477 137 41 LILLE
346 2489 7 26 :
381 2476 243 43 CONCERTS
662 2479 305 40 POPULAIRES.
1069 2477 63 41 M.
1156 2477 219 52 Gédalge,
1411 2481 253 50 inspecteur
1694 2479 54 40 de
1771 2477 386 52 l'Enseignement

129 2547 203 50 musical,
360 2561 21 25 a
408 2549 173 49 assisté,
605 2548 38 40 le
668 2562 46 37 27
741 2562 121 26 mars
887 2548 191 48 dernier,
1103 2552 20 35 à
1147 2548 39 39 la
1207 2551 24 37 6
1235 2553 15 16 e
1272 2553 160 35 séance
1455 2548 52 40 de
1529 2546 337 42 l'abonnement
1885 2548 176 39 donnée
2080 2561 60 38 par-

129 2616 39 39 la
191 2614 176 42 Société
389 2616 79 40 des
492 2615 217 41 Concerts
729 2616 267 52 Populaires
1022 2621 21 35 à
1061 2615 129 41 Lille.
1210 2615 113 41 MM.
1356 2616 100 40 Van
1478 2614 435 53 Waefelghen(viole
1936 2614 220 52 d'amour)

128 2694 41 30 et
187 2684 124 55 Jules
339 2684 236 53 Mouquet,
602 2687 318 50 compositeur,
946 2686 143 48 grand
1129 2687 94 50 prix
1247 2686 53 39 de
1325 2684 159 51 Rome,
1515 2686 221 51 prêtaient
1777 2686 94 39 leur
1894 2698 218 27 concours
2136 2689 21 35 à

133 2752 63 40 M.
225 2752 154 47 Ratez,
404 2753 39 40 le
465 2754 220 40 directeur
707 2754 54 39 de
784 2762 110 31 cette
919 2752 190 47 Société,
1151 2762 41 31 et
1232 2763 76 30 ont
1334 2758 179 35 exécuté
1537 2754 225 52 plusieurs
1786 2767 177 27 œuvres
1990 2754 54 39 de
2065 2753 95 40 leur

130 2823 317 50 composition.
474 2822 70 41 Un
567 2823 155 40 chœur
743 2822 53 39 de
820 2823 154 51 jeunes
993 2820 132 50 filles,
1150 2822 147 40 élèves
1318 2823 54 39 de
1395 2822 40 39 la
1458 2820 257 42 succursale
1734 2823 59 39 du
1811 2821 349 42 Conservatoire

130 2890 217 50 national,
375 2905 21 25 a
421 2892 241 50 interprété
685 2905 60 25 un
779 2892 66 37 air
868 2891 54 38 de
948 2889 207 54 Caligula
1163 2923 9 17 ,
1218 2905 81 37 par
1322 2889 184 42 Gabriel
1536 2891 159 40 F'auré.
1727 2891 60 38 M.
1815 2889 203 52 Gédalge
2045 2907 21 24 a
2092 2896 67 35 été

130 2959 197 40 heureux
361 2959 53 40 de
435 2967 224 32 constater
695 2972 104 27 avec
823 2959 101 52 quel
949 2960 98 39 soin
1082 2967 39 32 et
1156 2959 101 52 quel
1295 2961 121 38 souci
1443 2961 235 50 artistique
1701 2968 77 31 ont
1811 2965 69 35 été
1912 2960 167 40 choisis
2117 2969 42 31 et

130 3032 204 36 exécutés
354 3036 101 32 tous
478 3028 63 40 les
562 3041 237 27 morceaux
824 3030 178 38 inscrits
1021 3042 55 26 au
1097 3040 291 39 programme
1410 3028 54 40 de
1487 3037 111 31 cette
1621 3029 197 50 journée.

186 3134 236 41 MOULINS.
545 3133 62 41 M.
647 3134 144 51 Belin,
829 3133 258 54 professeur
1109 3134 53 40 de
1183 3134 153 40 violon
1360 3138 22 35 à
1407 3125 166 49 l'École
1596 3136 230 39 nationale
1868 3136 54 40 de
1952 3137 208 51 musique

131 3204 53 39 de
207 3203 216 48 Moulins,
445 3212 66 32 est
528 3208 181 36 nommé
731 3204 222 40 directeur
974 3204 53 38 de
1050 3203 136 39 ladite
1208 3195 150 55 École,
1381 3216 54 26 en
1459 3204 346 51 remplacement
1821 3205 55 39 de
1898 3204 62 41 M.
1986 3204 174 41 Marius

133 3272 228 48 Boullard,
378 3273 178 40 décédé.

187 3377 341 42 ARMENTIÈRES.
629 3378 63 40 La
737 3379 308 52 municipalité
1080 3377 353 41 d'Armentières
1465 3393 47 26 se
1550 3389 248 43 proposant
1839 3381 54 39 de
1915 3381 245 40 demander

132 3446 370 50 prochainement
523 3448 38 39 la
588 3447 374 42 transformation
984 3449 52 39 de
1060 3461 83 27 son
1166 3439 135 49 École
1339 3448 54 40 de
1433 3450 209 50 musique
1666 3463 54 26 en
1743 3439 135 50 École
1899 3448 258 47 Nationale,

132 3513 60 41 M.
221 3513 216 53 Gédalge,
464 3517 254 50 inspecteur
754 3517 53 40 de
831 3516 385 51 l'Enseignement
1240 3517 206 48 musical,
1470 3530 47 27 se
1536 3518 160 39 rendra
1722 3517 170 42 bientôt
1915 3519 113 40 dans
2048 3528 111 31 cette
