2260 3754
125 191 79 36 206

996 199 285 26 TAMBERLICK

126 306 19 26 ((
181 294 102 52 qu'à
307 294 88 41 Yut.
423 292 59 43 Sa
504 295 101 39 voix
629 294 112 39 dans
764 292 63 40 les
878 300 128 32 notes
1023 291 53 40 de
1096 291 199 41 médium
1329 301 65 31 est
1416 292 152 49 ronde,
1591 292 147 53 pleine
1768 301 42 31 et
1832 291 315 54 parfaitement

125 376 20 26 ((
182 364 172 52 souple.
379 362 95 42 Son
507 362 160 40 timbre
689 370 67 32 est
780 360 248 53 splendide.
1049 360 121 41 C'est
1192 376 61 25 un
1288 363 153 39 artiste
1484 362 54 40 de
1581 371 95 31 tout
1700 362 193 52 premier
1932 361 147 41 ordre.
2117 361 31 40 Il

125 444 20 27 ((
180 433 215 40 chantera
420 444 159 28 encore
602 432 147 38 mieux
775 430 62 40 les
856 431 119 39 vrais
1011 434 160 48 opéras
1204 430 178 41 italiens
1406 431 165 53 qu'une
1596 431 262 52 adaptation
1896 434 145 36 même
2064 432 63 38 ita-

124 513 20 27 «
181 501 147 40 lienne
365 501 105 40 d'un
508 505 133 47 opéra
667 498 209 52 français.
918 498 191 42 Comme
1149 508 165 42 acteur,
1340 499 298 41 Tamberlick
1667 513 115 26 nous
1822 514 22 25 a
1885 500 181 52 rappelé
2109 500 38 39 la

124 582 19 26 ((
180 569 168 50 fougue
368 578 41 31 et
448 569 212 50 l'énergie
682 568 54 40 de
757 568 167 51 Roger.
952 567 75 41 lia
1057 572 68 36 été
1155 568 213 53 applaudi
1391 572 21 37 à
1458 578 235 41 outrance,
1719 577 40 32 et
1799 568 28 40 il
1864 577 104 43 peut
2000 572 92 36 être
2126 572 21 35 à

122 651 21 26 «
179 639 113 52 juste
323 639 100 39 titre
456 636 80 42 fier
556 637 54 40 de
634 637 197 41 l'accueil
853 635 136 54 qu'on
1029 637 61 41 lui
1116 635 65 43 fit.
1208 649 20 27 ))

177 706 63 42 Le
256 707 145 40 mardi
428 711 46 36 16
499 707 109 40 avril
629 709 193 45 suivant,
857 706 289 41 Tamberlick
1166 720 46 27 se
1235 706 150 42 faisait
1424 706 215 41 entendre
1683 706 115 40 dans
1831 721 59 25 un
1931 705 217 41 véritable

122 781 132 48 opéra
280 776 152 40 italien
461 786 6 25 :
488 775 183 42 Norma.

179 845 31 40 Il
231 855 130 43 parut
384 854 124 32 entre
528 845 45 40 M
578 851 48 17 me
643 843 119 43 Grisi
787 854 41 31 et
849 844 104 40 Cari
978 845 208 40 Formes.

176 913 63 42 Le
260 915 92 40 rôle
368 915 54 40 de
442 914 179 41 Pollion
647 916 118 39 avait
787 919 68 35 été
877 914 225 50 dédaigné
1139 928 81 38 par
1240 922 99 32 tous
1377 913 62 40 les
1460 918 150 36 ténors
1644 915 75 51 qui
1742 915 177 39 avaient
1963 913 185 40 succédé

121 988 21 35 à
169 983 185 42 Rubini.
380 983 289 41 Tamberlick
692 983 227 52 l'accepta,
945 992 40 31 et
1010 983 234 40 démontra
1268 983 106 52 qu'il
1398 984 105 39 était
1528 987 21 35 à
1570 986 146 37 même
1738 983 54 39 de
1825 981 216 54 déployer
2062 995 86 28 une

121 1054 209 39 intensité
353 1053 305 52 d'expression
682 1052 127 51 égale
830 1056 21 35 à
877 1065 81 27 son
990 1052 171 39 illustre
1198 1053 272 51 partenaire.

175 1122 125 40 Dans
324 1122 38 40 le
394 1122 143 51 grand
560 1123 65 37 air
648 1121 58 39 du
735 1122 195 51 premier
950 1129 108 35 acte,
1095 1134 82 26 son
1213 1122 181 49 énergie
1436 1129 40 31 et
1510 1134 46 26 sa
1601 1122 186 51 passion
1827 1120 320 42 déchaînèrent

118 1189 269 42 l'auditoire.
413 1190 122 40 Dans
569 1190 63 40 les
652 1190 130 49 duos,
809 1188 289 41 Tamberlick
1121 1198 214 43 partagea
1374 1190 63 39 les
1480 1190 231 40 honneurs
1753 1189 59 40 du
1857 1195 151 35 succès
2045 1204 103 27 avec

118 1265 174 41 l'idéale
312 1263 170 42 Norma
519 1264 185 53 qu'était
726 1263 47 40 M
778 1269 47 17 me
846 1263 141 42 Grisi.

173 1333 63 41 Le
269 1338 145 36 même
451 1335 106 47 soir,
583 1334 29 39 il
649 1333 161 40 chanta
854 1333 113 40 dans
1003 1331 264 42 Masaniello
1274 1366 9 18 ,
1322 1333 202 40 donnant
1578 1334 115 39 ainsi
1729 1334 38 39 la
1812 1347 165 38 preuve
2013 1334 133 40 d'une

117 1404 254 40 endurance
404 1402 372 40 extraordinaire.

174 1471 63 41 Le
257 1472 118 52 jeudi
399 1473 193 46 suivant,
624 1474 46 37 18
694 1471 109 40 avril
834 1474 118 47 1850,
976 1470 172 51 grande
1172 1472 142 38 soirée
1338 1471 54 39 de
1430 1471 120 51 gala.

171 1540 102 41 Don
284 1540 118 50 Juan
423 1540 148 40 devait
587 1544 90 36 être
701 1540 160 40 chanté
883 1554 80 38 par
980 1538 48 41 M
1032 1543 64 18 mes
1118 1537 137 50 Grisi,
1279 1538 249 47 Castellan,
1547 1549 42 31 et
1622 1554 83 38 par
1745 1538 166 50 Mario,
1939 1540 171 41 Tambu-

117 1611 101 49 rini,
246 1609 205 51 Formes,
477 1618 84 31 etc.

174 1677 69 42 Au
267 1679 178 40 dernier
467 1686 216 42 moment,
709 1677 145 41 Mario
876 1676 48 42 fit
942 1691 228 27 annoncer
1190 1678 107 52 qu'il
1330 1679 106 39 était
1460 1677 238 42 souffrant.
1728 1678 234 41 Personne
1998 1693 54 26 ne
2101 1693 46 27 se

117 1749 161 50 méprit
299 1761 76 27 sur
395 1747 63 41 les
490 1760 157 27 causes
672 1747 54 40 de
745 1755 112 32 cette
875 1747 338 52 indisposition.

172 1815 290 41 Tamberlick
481 1816 161 40 chanta
669 1820 20 35 à
719 1829 45 26 sa
790 1816 124 52 place
938 1815 38 40 le
996 1816 92 40 rôle
1107 1816 54 39 de
1182 1815 98 41 Don
1304 1814 200 42 Ottavio.
1527 1814 189 42 Chacun
1741 1818 84 39 sait
1846 1830 101 39 que,
1970 1817 113 39 dans
2107 1817 39 39 la

117 1887 212 50 partition
349 1885 54 40 de
429 1884 189 47 Mozart,
648 1884 39 40 le
710 1898 286 38 personnage
1018 1884 54 41 de
1096 1884 100 41 Don
1220 1883 181 42 Ottavio
1440 1894 65 31 est
1539 1900 60 24 un
1622 1885 78 41 des
1726 1886 99 52 plus
1848 1886 176 40 effacés.
2066 1885 31 41 Il
2123 1900 20 26 a

118 1952 211 42 toutefois
362 1968 60 26 un
446 1966 210 28 morceau
676 1952 195 41 sublime
891 1957 22 36 à
931 1954 186 40 chanter
1137 1964 6 26 :
1171 1966 21 25 «
1217 1952 36 40 Il
1276 1952 85 41 mio
1378 1959 139 34 tesoro
1539 1966 41 26 ».

173 2020 258 54 Lorsqu'on
451 2021 64 41 fut
540 2023 143 39 arrivé
707 2026 21 36 à
752 2030 111 32 cette
884 2027 145 40 scène,
1057 2031 95 31 tout
1177 2031 225 43 papotage
1426 2036 123 27 cessa
1571 2023 114 40 dans
1704 2023 62 40 les
1789 2023 141 51 loges.
1954 2022 88 41 Les
2066 2038 55 25 au-

116 2091 171 40 diteurs
311 2105 44 26 se
376 2091 319 40 demandaient
716 2104 104 27 avec
841 2092 159 39 intérêt
1023 2091 53 40 de
1101 2091 146 52 quelle
1271 2090 130 52 façon
1425 2091 289 41 Tamberlick
1739 2093 123 40 allait
1883 2095 264 50 interpréter

118 2164 95 39 leur
235 2164 66 39 air
323 2162 158 51 favori,
505 2168 129 47 après
656 2161 164 42 Mario.

173 2231 90 41 Dès
284 2232 62 40 les
360 2232 243 52 premières
620 2244 217 35 mesures,
865 2231 38 40 la
926 2244 132 28 cause
1078 2232 106 39 était
1203 2236 193 46 gagnée,
1419 2241 41 31 et
1485 2235 182 49 lorsque
1682 2232 124 41 l'aria
1825 2232 64 42 fut
1914 2235 229 42 terminée,

117 2301 40 40 la
178 2301 110 40 salle
310 2302 167 39 entière
501 2314 46 27 se
568 2301 93 39 leva
681 2309 41 31 et
746 2301 126 39 salua
894 2299 288 41 Tamberlick
1197 2300 134 40 d'une
1351 2302 221 40 immense
1589 2304 197 39 ovation.
1809 2302 179 52 Rempli
2013 2302 132 41 d'une

117 2370 303 50 orgueilleuse
443 2371 214 49 émotion,
684 2368 289 42 Tamberlick
994 2383 308 37 recommença
1330 2370 38 40 le
1397 2384 228 27 morceau.

172 2438 63 42 Le
254 2454 47 36 23
331 2439 126 48 avril,
477 2453 206 27 nouveau
714 2444 153 35 succès
900 2439 111 40 dans
1044 2438 130 41 Zora.
1211 2437 120 42 C'est
1355 2452 106 27 sous
1495 2453 47 26 ce
1578 2440 96 39 titre
1698 2452 86 39 que
1820 2453 46 26 se
1896 2439 187 40 donnait
2121 2444 22 35 à

115 2507 206 42 Londres
338 2509 39 40 le
400 2508 140 41 Moïse
559 2509 54 40 de
644 2508 201 41 Rossini.
878 2507 132 51 Mais,
1037 2522 113 38 pour
1173 2522 54 26 ne
1244 2521 81 39 pas
1347 2507 184 42 froisser
1555 2509 62 39 les
1643 2510 264 39 sentiments
1927 2509 215 50 religieux

116 2578 78 40 des
217 2577 198 52 Anglais
437 2576 75 55 (1),
537 2591 58 27 on
620 2578 261 51 remplaçait
906 2575 207 55 l'Egypte
1146 2591 81 38 par
1262 2577 266 53 l'Assyrie...

172 2646 64 42 Le
260 2648 351 49 surlendemain,
639 2658 59 29 on
722 2646 151 41 donna
892 2647 40 39 la
959 2646 159 40 Donna
1133 2645 209 55 delLago
1363 2645 222 55 (Rossini)
1608 2662 9 33 ;
1643 2645 146 42 Mario
1819 2646 149 41 faisait
2002 2647 39 40 le
2075 2649 65 39 roi

121 2716 187 53 Jacques
328 2725 41 31 et
388 2715 289 41 Tamberlick
697 2714 200 41 chantait
936 2715 241 41 Roderick.
1205 2714 62 42 Ce
1291 2715 179 40 dernier
1506 2716 91 40 rôle
1636 2717 116 39 avait
1776 2721 68 35 été
1888 2717 106 39 écrit
2031 2730 115 38 pour

117 2785 85 40 fort
228 2789 141 43 ténor,
395 2787 129 41 mais,
550 2798 174 26 comme
745 2798 57 26 on
826 2782 166 42 n'avait
1015 2797 80 39 pas
1117 2788 155 36 trouvé
1286 2783 286 52 d'interprète
1595 2782 188 53 capable
1806 2784 54 39 de
1880 2784 39 39 le
1940 2784 200 50 chanter,

119 2853 29 40 il
174 2855 117 38 avait
319 2857 67 36 été
406 2857 237 47 transposé
675 2866 114 38 pour
811 2851 207 53 baryton.
1051 2851 288 41 Tamberlick
1373 2852 38 39 le
1446 2852 160 39 chanta
1631 2852 112 39 dans
1767 2852 39 40 le
1828 2861 76 32 ton
1929 2853 212 51 original,

117 2931 41 31 et
182 2935 83 27 son
288 2921 143 51 grand
450 2923 65 38 air
538 2921 61 40 lui
621 2921 124 40 valut
765 2935 87 26 une
869 2923 198 38 ovation.

174 2990 39 40 A
237 2991 38 40 la
300 2992 115 39 suite
437 2990 54 40 de
522 2999 66 32 cet
624 2994 151 48 opéra,
801 2989 289 42 Tamberlick
1124 2989 162 41 chanta
1310 3002 160 28 encore
1509 2989 78 40 des
1622 2987 249 53 fragments
1907 2991 54 40 de
2003 2990 116 41 Masa-

118 3059 147 41 niello.

173 3128 63 42 Le
265 3132 46 38 18
336 3130 106 45 mai,
463 3128 183 42 Nabuco
672 3126 395 54 (.Nabucodonosor
1084 3128 54 40 de
1161 3127 152 45 Verdi)
1336 3128 60 40 lui
1419 3128 123 40 valut
1563 3142 61 26 un
1646 3142 213 26 nouveau
1884 3135 169 34 succès.

174 3197 63 41 Le
261 3213 47 37 23
332 3200 106 45 mai,
457 3206 73 32 eut
554 3198 86 41 lieu
661 3212 87 27 une
768 3198 355 52 représentation
1145 3198 54 39 de
1211 3196 163 41 Robert
1391 3197 36 39 le
1444 3196 157 41 Diable
1634 3203 57 35 où
1714 3210 46 28 se
1784 3196 84 42 fixa
1891 3196 227 42 définitive-

119 3276 122 31 ment
264 3267 39 40 la
329 3269 254 49 réputation
603 3268 54 39 de
679 3266 306 41 Tamberlick.

164 3437 49 38 (1)
234 3435 57 32 On
314 3435 68 34 sait
399 3436 107 42 qu'en
527 3436 120 33 raison
668 3436 42 33 de
729 3439 33 30 la
785 3435 176 33 difficulté
986 3434 112 43 qu'on
1121 3436 160 39 éprouve
1303 3437 18 30 à
1360 3442 141 26 monter
1516 3446 43 22 en
1582 3435 218 42 Angleterre
1815 3446 70 22 une
1908 3435 102 42 pièce
2032 3435 92 33 bibli-

121 3494 82 32 que,
223 3485 153 32 Samson
400 3491 32 27 et
449 3487 118 30 Dalila
587 3486 55 33 n'a
656 3497 64 30 pas
743 3496 131 23 encore
893 3487 56 32 été
972 3486 82 41 joué
1076 3486 90 31 dans
1190 3496 48 21 un
1262 3496 89 31 pays
1371 3488 45 30 où
1440 3493 175 33 pourtant
1633 3485 155 34 l'auteur
1810 3486 160 41 d'Henry
1989 3485 85 32 VIII
2089 3493 53 26 est

115 3539 156 35 persona
292 3540 152 34 grata...
