4203 3017
3478 222 295 49 POESIA

448 374 140 37 gonna
623 360 139 51 gonfia
804 360 45 37 di
890 370 116 27 vento
1045 360 64 51 (di
1151 374 83 23 una

269 414 141 37 donna
447 416 43 35 in
528 413 204 51 altalena)
761 427 128 24 suona
923 427 26 23 a
987 414 148 37 distesa
1173 414 62 37 sul

270 469 81 35 mio
380 468 78 36 viso
487 480 140 24 acceso
657 467 31 37 il
708 468 275 49 mezzogiorno
1013 467 167 36 carnale

364 552 240 37 Rimescolio
624 551 159 37 brutale
802 552 187 36 accanito
1009 552 44 35 di
1083 553 151 35 rumori

264 606 205 51 polentosi
498 606 66 36 nei
586 606 164 50 paiuoli
778 604 108 37 delle
923 604 152 38 vallate

363 691 81 37 Son
474 699 68 28 tuo
562 688 134 52 figlio,
728 698 43 28 tu
801 689 126 37 m'hai
947 689 111 48 fatto
1098 689 113 36 metal-

270 745 93 43 lico,
392 751 210 39 scattante,
635 752 54 35 tu,
719 756 78 23 con
827 744 35 36 le
897 752 67 27 tue
998 743 113 36 mani
1149 741 64 38 dia-

261 799 105 48 fane
387 811 20 22 e
422 809 178 39 paurose
628 797 44 35 di
701 797 142 37 brezza
871 795 129 38 serale

324 851 83 36 Ora
436 851 93 36 vuoi
557 849 74 37 che
663 850 180 37 un'altra
863 850 138 36 donna
1022 861 125 24 nasca
1168 847 66 37 nel

270 906 80 35 mio
380 917 121 24 cuore
515 903 58 37 ?...
602 903 72 37 Ma
712 905 81 36 ridi
831 916 191 29 mamma,
1057 902 176 36 ridiamo

270 959 164 36 insieme
463 971 21 23 e
507 956 74 51 poi
611 957 188 38 lasciami
825 959 108 47 fare.
962 957 108 36 Farò
1098 954 136 52 quello

270 1012 73 36 che
371 1019 44 29 tu
444 1012 103 37 vuoi.
568 1009 51 37 So
639 1011 73 36 che
741 1021 43 28 tu
804 1011 54 36 mi
882 1010 204 51 perderai.
1102 1010 132 36 Pensa

269 1065 73 37 che
372 1065 173 42 t'adoro,
574 1064 32 36 il
634 1074 103 27 resto
766 1068 21 33 è
817 1065 99 36 rude
951 1065 180 35 mestiere
1160 1063 74 35 che

270 1131 82 24 non
380 1121 85 47 può
504 1119 260 38 interessarti.
799 1117 118 52 Pigio
961 1119 87 36 alla
1086 1116 147 49 meglio

272 1173 107 36 l'uva
409 1172 65 36 nel
503 1173 85 35 tino
618 1171 68 38 del
712 1173 80 36 mio
813 1171 134 38 letto...
969 1169 161 39 Prendo
1152 1181 82 24 una

270 1227 141 35 donna
441 1239 20 22 e
502 1225 133 37 subito
677 1238 101 39 apro
822 1239 55 23 un
919 1237 115 24 varco
1065 1223 42 37 di
1145 1223 89 36 luce

270 1279 143 37 chiara
444 1278 109 36 nella
574 1279 160 49 foresta
764 1279 98 36 buia
889 1277 68 36 dei
985 1278 87 37 suoi
1093 1278 138 35 istinti.

324 1333 59 36 La
404 1331 176 49 fenderò
621 1346 112 23 come
773 1333 34 35 si
840 1330 130 51 fende
1013 1343 82 25 una
1124 1330 110 49 folla

270 1385 360 37 ammonticchiata
672 1386 43 36 di
762 1386 190 49 capricci,
1001 1396 232 37 menzogne,

263 1439 197 49 fantasie,
481 1452 161 23 carezze
671 1439 220 36 attrazioni
910 1437 271 52 epidermiche

364 1523 71 36 Ma
463 1522 44 37 di
527 1524 116 47 fuori
662 1523 177 49 straripa
869 1520 238 37 inondando
1128 1529 106 27 tutta

272 1576 42 37 la
352 1576 123 37 bontà
505 1578 194 34 immensa
737 1575 66 36 del
842 1575 113 36 nulla
985 1574 227 49 scialacqua-

273 1639 85 28 tore

364 1714 203 36 Abbiamo
591 1726 117 37 prese
737 1721 136 42 queste
913 1721 103 27 terre
1050 1724 20 23 e
1100 1710 112 37 abbel-

272 1768 82 36 lite.
387 1767 80 36 Ora
492 1766 173 50 perdute
693 1766 37 35 le
761 1765 311 51 riprenderemo.

323 1822 135 36 Erano
486 1820 320 36 sdrucciolevoli.
834 1820 48 36 Vi
903 1818 191 37 abbiamo
1110 1817 100 50 pian-

273 1883 85 28 tato
388 1883 124 35 tante,
543 1883 123 34 tante,
688 1882 112 27 tante
828 1874 119 41 croci,
976 1870 186 51 migliaia
1191 1869 44 36 di

271 1928 107 36 croci
393 1928 51 36 !...
474 1928 92 36 Non
576 1940 77 35 per
663 1928 115 48 pietà
794 1927 51 36 !...
863 1938 75 37 per
957 1924 278 50 aggrapparci

271 1994 21 23 e
323 1982 169 37 risalire.
514 1981 54 36 Le
597 1982 107 35 croci
724 1982 37 35 ci
780 1980 234 36 serviranno
1030 1977 44 36 di
1092 1977 112 36 scala
1222 1977 13 35 !

271 2034 68 43 Su,
360 2036 121 47 forza
511 2036 161 47 ragazzi
689 2034 50 37 !...
757 2062 22 15 „

367 2119 184 42 Giovani,
569 2117 132 37 madri
717 2117 245 50 napoletane
978 2115 112 36 molli
1105 2127 104 37 spam-

267 2181 168 43 panate,
477 2180 238 42 stemperate
757 2170 115 36 dalla
909 2170 179 49 pigrizia
1129 2167 105 36 sulla

272 2225 143 37 sabbia
434 2253 34 15 „.

327 2310 87 46 Quà
444 2323 21 22 e
495 2310 38 35 là
562 2309 176 36 aderisce
777 2321 21 23 a
837 2307 134 50 quella
1011 2304 223 51 semplicità

273 2375 147 23 umana
449 2363 74 36 che
543 2361 153 37 inebria
717 2362 14 35 i
752 2359 270 38 sentimentali
1042 2357 193 51 gustatori

275 2415 196 38 dell'arte.

327 2479 32 26 IL
388 2481 143 37 capace
566 2467 42 36 di
637 2467 133 51 quella
813 2465 212 37 disadorna
1067 2464 168 35 schietta

276 2533 21 23 e
327 2530 185 27 concreta
541 2520 247 50 possessione
819 2519 41 36 di
889 2518 230 36 sentimenti
1149 2528 65 37 pro-

276 2574 112 36 fondi
419 2575 73 36 che
522 2576 20 35 è
562 2574 175 35 ritenuta
767 2572 49 36 da
845 2572 100 36 tanti
974 2570 37 36 la
1041 2570 82 35 sola
1143 2581 90 24 vera

276 2639 21 23 e
327 2627 147 49 grande
503 2634 93 30 arte.

331 2711 140 49 Spesso
514 2710 173 50 colpisce
730 2711 42 33 in
815 2709 132 48 pieno,
977 2705 173 38 sebbene
1179 2705 55 36 sia

1557 374 155 35 sempre
1755 360 316 42 modernissimo,
2114 360 85 35 anzi
2236 360 199 42 futurista,
2465 372 46 23 su

1556 414 134 49 quelle
1733 413 118 36 corde
1893 414 41 34 di
1982 414 238 35 sentimento
2267 421 151 35 eterno,
2466 426 45 22 su

1556 466 133 51 quelle
1726 465 312 50 indistruggibili
2072 466 256 36 fondamenta
2366 479 145 22 umane

1555 521 73 36 che
1663 520 122 35 fanno
1828 520 165 35 esaltare
2036 519 129 36 Dante
2208 519 196 50 Leopardi
2433 533 20 21 e
2482 519 29 34 il

1556 573 192 36 Carducci
1778 573 41 35 di
1848 572 37 38 S.
1917 572 144 38 Guido.

1838 667 181 50 piangi?
2062 667 105 48 (alla
2206 664 160 51 madre)
2410 665 103 36 Vuoi

1555 720 72 37 che
1657 722 38 34 io
1724 722 60 34 sia
1824 722 93 48 quel
1951 720 72 37 che
2060 719 131 36 sono?
2226 719 103 35 Vuoi
2357 718 72 36 che
2459 718 55 35 mi

1547 774 127 48 fermi
1697 787 77 37 per
1802 774 100 37 dare
1940 787 25 23 a
2005 774 51 36 lei
2086 773 104 49 (alla
2224 771 139 38 donna
2391 773 114 35 scelta-

1554 827 117 37 dalia
1706 827 159 50 madre)
1909 835 133 35 vuota,
2081 825 175 50 piccola,
2294 825 220 37 scivolante

1545 881 166 51 fialetta
1749 881 43 36 di
1828 879 182 52 profumi
2048 893 54 22 un
2128 892 134 37 grosso
2297 893 119 22 cuore
2445 880 46 35 im-

1549 944 171 41 petuoso
1744 937 160 48 preciso
1933 934 72 36 che
2038 933 205 36 tentacola
2269 945 75 23 con
2373 933 35 35 le
2445 946 69 23 sue

1555 1002 96 23 vene
1672 990 148 34 arterie
1839 988 106 36 venti
1964 987 147 36 sistemi
2126 986 209 50 planetari
2351 985 19 36 ?
2392 986 122 35 Tutta

1556 1042 40 35 la
1627 1043 81 34 mia
1736 1042 83 36 vita
1853 1054 26 23 a
1909 1041 52 36 lei
1977 1041 19 35 ?
2037 1039 173 48 Ebbene,
2253 1041 46 42 si,
2341 1052 39 22 se
2410 1041 103 42 vuoi,

1549 1094 149 51 perchè
1728 1108 50 23 no
1794 1095 17 36 ?

1607 1148 175 50 Straripi
1810 1147 61 36 sul
1910 1145 147 37 mondo
2087 1154 105 27 tutta
2231 1145 40 36 la
2310 1154 204 27 tenerezza

1556 1209 70 28 tua
1656 1215 20 22 e
1706 1202 54 35 mi
1789 1201 167 36 trascini
1972 1199 13 36 !

1608 1254 33 35 E
1668 1255 42 35 la
1733 1255 162 50 piccola
1924 1253 139 36 donna
2100 1253 61 35 sia
2193 1264 77 37 per
2294 1263 61 23 me
2393 1248 120 46 culla,

1556 1306 138 44 barca,
1710 1321 209 36 saggezza,
1949 1308 155 40 ristoro,
2137 1305 112 42 bara,
2279 1304 234 50 areoplano,

1554 1361 118 35 stella
1688 1361 13 36 !

1609 1413 84 45 Lei,
1723 1415 65 42 lei,
1819 1413 66 43 lei,
1914 1413 174 35 soltanto
2119 1410 65 44 lei,
2213 1410 40 36 la
2293 1418 68 28 tua
2391 1409 123 36 scelta

1555 1465 55 37 da
1642 1477 37 27 te
1695 1468 13 35 !
1737 1467 78 36 Per
1835 1467 109 48 farti
1967 1466 166 49 piacere
2162 1476 177 24 mamma
2356 1463 12 35 !
2384 1491 21 14 „

1649 1562 105 36 Sono
1778 1575 106 37 puro
1912 1573 111 24 come
2053 1573 84 23 una
2166 1560 168 41 trincea,
2356 1557 158 35 volante

1556 1629 21 22 e
1606 1615 247 42 inchiodato,
1884 1615 178 35 lacerato
2092 1627 20 21 e
2144 1611 212 49 giocondo,
2387 1611 105 48 dispe-

1558 1677 88 27 rato
1676 1682 21 22 e
1725 1681 140 24 sereno

1649 1763 158 43 Madre,
1838 1762 120 36 credo
1979 1763 42 34 in
2051 1769 37 28 te
2109 1761 124 35 unica
2260 1759 151 42 donna,
2434 1770 80 23 non

1557 1815 150 38 donna.
1741 1815 144 50 Voglio
1914 1816 62 35 ciò
2005 1814 72 36 che
2106 1815 102 36 vuoi.
2229 1812 223 50 Rispetterò
2473 1811 41 35 la

1557 1869 138 36 donna
1731 1870 127 35 scelta
1896 1869 55 36 da
1981 1876 49 27 te.
2064 1867 122 37 Dov'è
2201 1865 18 37 ?
2257 1864 118 37 Dov'è
2391 1864 19 36 ?
2450 1863 63 36 Ne

1556 1926 113 37 scelsi
1699 1940 92 23 una.
1813 1918 33 44 £
1874 1934 139 30 morta.
2037 1924 194 37 Conservo
2262 1923 109 36 nella
2391 1935 122 23 carne

1557 1980 67 36 del
1646 1990 112 39 petto
1789 1980 40 36 la
1857 1992 97 24 cara
1980 1980 134 47 forma
2143 1977 66 38 del
2227 1989 69 24 suo
2325 1978 80 35 viso
2427 1976 65 36 bru-

1557 2035 133 35 ciante
1719 2036 139 34 intriso
1888 2032 43 37 di
1960 2032 178 36 lacrime.

1610 2086 147 37 Pianse
1787 2095 142 40 troppo
1959 2099 45 22 or
2031 2084 45 37 di
2100 2085 165 48 piacere
2269 2109 9 15 ,
2307 2097 45 20 or
2381 2082 43 35 di
2450 2094 42 36 ge-

1558 2139 100 36 losia
1687 2149 102 26 sotto
1810 2140 36 36 le
1868 2149 111 26 ruote
1999 2138 164 37 dentate
2192 2135 222 38 dell'aerea
2434 2147 60 23 sca-

1555 2192 133 49 gliata
1718 2192 234 37 maccchina
1981 2192 43 35 di
2062 2191 165 36 muscoli
2257 2189 88 36 idee
2373 2188 72 36 che
2475 2189 38 34 io

1557 2258 96 23 sono

1615 2340 180 49 Stupisce
1812 2339 159 49 quando
1992 2339 110 49 piega
2124 2338 37 35 la
2182 2351 68 22 sua
2271 2337 106 36 forza
2396 2337 117 48 piena

1560 2406 22 23 e
1623 2394 137 34 intona
1789 2392 37 35 la
1869 2399 230 28 canzonetta
2136 2391 186 35 brillante
2351 2402 73 23 con
2459 2401 53 23 un

1561 2445 122 36 fondo
1732 2445 41 35 di
1814 2447 218 34 umorismo
2074 2443 217 49 nostalgico
2347 2443 73 35 che
2464 2442 50 34 ha

1561 2498 99 37 fatto
1689 2498 37 35 la
1756 2498 159 35 fortuna
1958 2498 41 35 di
2038 2497 169 50 qualche
2249 2504 116 41 poeta
2409 2493 105 37 dalla

1561 2551 222 36 sensibilità
1813 2551 223 48 giocoliera.

1653 2646 198 42 Fiamma,
1858 2646 127 48 fame,
1994 2645 172 48 ferocia,
2175 2643 199 48 fantasia,
2383 2641 131 49 furia,

1552 2700 173 48 fedeltà,
1760 2699 166 48 fervori,
1954 2699 122 47 fumi,
2106 2696 132 49 fiumi,
2264 2695 133 48 forza,
2433 2695 60 47 fre-

2829 360 109 50 gola,
2945 360 187 49 fortuna,
3152 374 91 24 ecco
3264 370 100 28 tutte
3385 361 35 36 le
3440 361 88 48 effe,
3550 374 112 23 meno
3684 374 93 31 una,

2832 414 237 36 dell'anima
3098 416 80 34 mia
3194 414 14 36 !
3223 443 21 14 „

2884 503 302 45 Allitterazioni,
3207 504 98 35 rime
3333 503 174 43 lontane,
3528 503 103 36 versi
3650 503 128 35 chiusi

2832 558 126 48 quasi,
2974 558 168 49 sgorgati
3161 557 306 36 incosciamente
3486 557 64 35 dal
3566 569 70 23 suo
3656 556 121 35 fondo

2832 611 105 35 ricco
2967 609 40 36 di
3036 611 91 48 ogni
3156 618 94 28 tono
3279 623 21 24 e
3329 609 41 36 di
3397 610 91 49 ogni
3516 609 144 36 colore.

2884 699 75 36 Nel
2987 711 141 38 poema
3196 699 52 36 La
3277 707 230 41 spaventosa
3542 706 198 28 tenerezza
3758 725 20 15 „

2832 755 21 33 è
2872 752 30 36 il
2921 760 175 28 creatore
3117 752 40 36 di
3177 765 55 23 un
3251 751 294 37 monumentale
3573 759 206 40 grottesco,

2832 805 42 36 di
2915 819 79 23 una
3041 805 40 35 di
3120 805 132 49 quelle
3298 812 153 28 trovate
3493 805 49 35 da
3579 804 180 36 caffè-con-

2832 866 107 28 certo
2968 858 170 37 mentale
3159 858 72 36 che
3251 861 21 33 è
3301 871 69 23 sua
3387 866 177 41 scoperta
3594 856 183 38 assoluta.

2886 947 45 37 Ci
2960 960 114 23 narra
3107 946 30 37 il
3166 946 177 37 conflitto
3372 947 59 35 fra
3471 946 38 36 la
3551 959 69 23 sua
3649 946 129 36 anima

2831 1000 163 37 italiana
3023 1001 228 49 aggressiva,
3280 1000 192 48 energica,
3502 1000 141 42 feroce,
3678 1011 82 24 crea-

2831 1054 97 35 trice
2970 1054 73 36 che
3086 1066 177 37 sorpassa
3305 1053 190 49 d'impeto
3537 1053 91 48 ogni
3662 1052 95 36 senti-

2831 1106 204 37 mentalità
3077 1119 21 23 e
3140 1106 37 35 la
3219 1119 69 23 sua
3331 1106 129 36 anima
3488 1105 126 43 dolce,
3643 1105 132 36 buona

2831 1159 133 43 filiale,
2993 1167 204 28 tremante.

2884 1254 53 35 La
2966 1254 127 49 prima
3121 1253 123 36 assale
3272 1253 37 36 la
3342 1252 168 37 seconda
3538 1265 75 22 con
3641 1251 37 36 la
3707 1252 71 49 più

2831 1320 107 23 rossa
2967 1319 209 24 veemenza
3217 1319 21 23 e
3280 1306 190 35 minaccia
3508 1305 40 35 di
3577 1304 202 36 scannarla

2832 1373 73 23 con
2931 1360 87 36 urla
3047 1359 224 36 diaboliche
3300 1359 49 36 da
3368 1360 97 35 rissa
3493 1366 207 30 scatenata.

2886 1444 64 36 Ma
2980 1444 62 36 sul
3070 1444 70 49 più
3168 1443 106 37 bello
3304 1442 159 51 quando
3491 1444 33 34 si
3563 1441 115 37 crede
3707 1440 71 37 che

2831 1497 38 36 la
2896 1510 146 37 povera
3071 1498 130 35 anima
3236 1495 273 38 sentimentale
3538 1496 57 35 sia
3624 1507 69 37 per
3722 1506 39 23 ca-

2832 1550 93 36 dere
2954 1558 176 41 sgozzata
3159 1548 75 50 egli
3276 1549 136 36 finisce
3453 1550 42 34 in
3537 1561 78 22 una
3644 1559 115 24 canzo-

2832 1611 108 28 netta
2969 1604 155 35 satirica
3154 1602 40 36 di
3223 1603 117 35 satira
3368 1601 198 37 letteraria
3594 1600 163 49 epigram-

2832 1657 157 36 matica.

2924 1750 159 35 Datemi
3103 1763 54 22 un
3176 1748 173 45 coltello,
3375 1748 158 49 grande
3561 1760 110 23 come
3700 1746 65 35 l'al-

2834 1805 92 36 bero
2956 1812 169 27 maestro
3142 1802 12 36 !

2883 1856 79 36 Per
2989 1856 211 50 spaccarla
3230 1856 41 35 in
3299 1863 115 28 cento

2883 1908 116 37 Mille

2884 1961 310 37 Duecentomila

2888 2013 294 38 Trecentomila

2885 2068 91 36 libri
3001 2067 206 50 passatisti

2884 2134 152 37 sempre
3065 2121 112 34 cosiii

2883 2187 153 37 sempre
3065 2174 111 34 cosiii

2884 2227 50 35 Ri
2953 2247 11 6 -
2976 2227 72 48 for
3065 2248 11 5 -
3098 2227 125 34 nirem
3253 2223 42 36 di
3323 2230 168 28 cartona
3508 2221 12 35 !

2885 2281 35 35 le
2950 2279 145 36 latrine

2886 2334 124 35 latine

2884 2387 150 35 cretine

2884 2440 140 35 carine

2886 2490 219 38 biricchine

2884 2545 43 36 di
2956 2552 96 28 tutte
3081 2542 36 34 le
3145 2552 174 24 caserme
3348 2538 65 35 del
3443 2535 192 36 mondooo
3651 2535 13 34 !

2884 2630 31 44 È
2944 2651 53 23 un
3027 2637 113 35 balzo
3175 2633 169 37 mentale
3378 2632 251 49 improvviso,
3659 2630 118 49 pieno

2832 2693 41 35 di
2902 2705 54 21 un
2985 2701 183 38 pazzesco
3198 2687 134 36 effetto
3361 2698 142 23 nuovo.

3738 2823 43 33 43
