4203 3017
488 203 300 51 POESIA

1046 442 613 96 POEMI
1791 437 178 86 DI
2101 432 549 106 EZRA
2774 425 704 93 POUND

1103 647 187 56 Shop
1326 645 146 58 girl.

595 740 75 39 For
705 749 21 28 a
758 736 173 40 moment
961 735 75 38 she
1068 730 131 40 rested
1232 729 156 50 against
1420 737 59 28 me

595 804 94 38 Like
721 812 22 28 a
773 800 179 40 swallow
985 796 82 39 half
1096 796 136 37 blown
1262 800 40 31 to
1332 793 65 38 the
1427 791 103 47 wall,

595 867 93 39 And
719 867 91 47 they
841 863 80 40 talk
952 862 40 38 ot
1021 858 291 42 Swimburne's
1342 866 172 35 women,

601 932 90 39 And
722 932 65 38 the
819 927 277 50 shepherdess
1128 923 168 49 meeting
1327 922 95 38 with
1454 919 150 41 Guido.

597 995 89 38 And
722 995 68 37 the
823 991 131 40 harlot
983 989 40 38 of
1053 986 247 41 Baudelaire.

1116 1073 196 45 Tame
1352 1077 127 40 cat.

642 1168 27 38 It
700 1172 101 33 rests
833 1174 58 27 me
922 1165 39 36 to
992 1162 47 38 be
1070 1171 146 39 among
1247 1157 189 39 beautiful
1468 1165 173 28 women.

597 1233 104 49 Why
731 1228 149 42 should
912 1238 75 28 one
1018 1225 149 50 always
1199 1223 45 38 lie
1276 1223 123 38 about
1429 1220 101 39 such
1570 1220 161 37 matters
1755 1218 22 38 ?

599 1313 12 37 1
642 1313 158 47 repeat:

599 1378 28 38 It
660 1378 101 36 rests
792 1385 60 27 me
882 1376 40 36 to
954 1380 194 31 converse
1180 1367 94 38 with
1307 1365 190 40 beautiful
1528 1374 160 29 women

599 1441 108 38 Even
738 1439 152 50 though
921 1447 61 28 we
1013 1435 80 39 talk
1126 1432 168 51 nothing
1324 1432 72 37 but
1426 1440 218 28 nonsense.

598 1522 89 38 The
720 1519 165 50 purring
915 1516 42 39 of
985 1516 65 38 the
1082 1512 184 40 invisible
1299 1513 198 37 antennae

601 1586 35 39 Is
668 1586 95 38 both
799 1581 242 49 stimulating
1073 1578 77 40 and
1182 1576 207 52 delightful
1415 1606 33 15 „.

1040 1666 141 46 The
1219 1665 156 45 lake
1415 1663 144 46 isle.

603 1756 34 39 0
670 1755 107 47 God,
808 1765 24 28 o
862 1752 150 47 Venus,
1041 1761 24 28 o
1096 1750 198 49 Mercury,
1326 1750 143 47 patron
1501 1746 42 39 of
1572 1745 168 47 thieves,

603 1821 99 40 Give
733 1831 59 27 me
823 1818 37 38 in
893 1818 77 38 due
1001 1816 104 47 time,
1135 1814 12 39 I
1180 1813 175 40 beseech
1385 1823 93 40 you,
1509 1822 22 28 a
1561 1811 94 39 little
1686 1809 309 49 tobacco-shop,

603 1886 107 38 With
741 1886 69 36 the
841 1883 99 50 light
970 1880 136 51 bright
1138 1880 125 37 boxes

818 1947 106 49 piled
955 1955 56 40 up
1041 1944 131 49 neatly
1201 1953 111 39 upon
1341 1943 69 38 the
1441 1940 160 38 shelves

606 2013 88 39 And
725 2013 66 38 the
823 2011 92 50 long
946 2009 176 51 fragrant
1152 2005 221 41 cavendish

819 2075 77 39 and
928 2075 66 38 the
1026 2074 113 49 shag,

608 2142 92 39 And
731 2142 65 38 the
828 2140 134 50 bright
992 2137 176 51 Virginia

820 2204 111 37 loose
965 2202 128 38 under
1124 2201 65 38 the
1222 2199 137 50 bright
1387 2198 110 51 glass
1528 2207 130 38 cases,

606 2270 90 40 And
728 2281 20 27 a
780 2268 85 49 pair
894 2267 42 39 of
965 2265 128 41 scales
1125 2267 67 36 not
1223 2268 65 35 too
1317 2274 155 41 greasy,

607 2335 89 38 And
728 2334 67 39 the
825 2334 162 37 whores
1011 2329 202 51 dropping
1234 2331 38 35 in
1303 2329 60 37 for
1394 2338 21 28 a
1436 2326 114 38 word
1572 2336 43 28 or
1638 2328 80 36 two
1750 2325 38 38 in
1820 2324 181 50 passing,

608 2399 75 39 For
712 2409 22 28 a
763 2397 70 50 flip
862 2396 130 47 word,
1021 2395 79 39 and
1131 2396 40 36 to
1200 2394 81 49 tidy
1310 2392 105 38 their
1445 2392 86 38 hair
1561 2402 21 27 a
1613 2390 66 39 bit.

611 2461 35 40 0
678 2461 103 48 God,
814 2472 23 27 o
867 2460 150 47 Venus,
1048 2470 24 26 o
1102 2457 203 51 Mercury,
1337 2460 141 47 patron
1510 2456 40 38 of
1580 2455 169 46 thieves,

611 2526 110 39 Lend
753 2536 60 28 me
844 2536 21 26 a
895 2523 92 39 little
1016 2523 315 47 tobacco-shop,

824 2599 44 28 or
899 2587 130 40 install
1060 2597 60 28 me
1150 2585 39 38 in
1219 2595 77 40 any
1326 2584 228 51 profession

612 2653 102 40 Save
744 2653 79 38 this
853 2650 164 39 damn'd
1049 2650 226 50 profession
1307 2649 42 38 of
1376 2648 171 50 writing,

823 2717 137 36 where
990 2725 77 28 one
1098 2714 126 38 needs
1255 2714 113 38 one's
1401 2712 137 38 brains
1568 2711 49 38 all
1648 2711 65 38 the
1744 2710 104 39 time.

2838 624 145 47 Our
3024 623 609 57 contemporaries.

2426 727 133 38 When
2589 726 69 38 the
2688 722 228 40 Taihaitian
2950 722 184 48 princess

2428 791 133 39 Heard
2592 791 85 37 that
2710 788 50 38 he
2793 786 81 39 had
2906 784 186 46 decided,

2428 854 84 41 She
2528 853 154 41 rushed
2701 854 71 37 out
2789 852 82 37 into
2888 850 70 39 the
2975 848 179 49 sunlight
3172 845 79 40 and
3276 845 202 40 swarmed
3502 854 55 38 up
3575 854 21 28 a
3619 845 201 37 cocoanut
3842 842 104 49 palm
3966 843 83 37 tree

2428 919 78 38 But
2539 920 50 37 he
2620 917 189 39 returned
2840 917 40 36 to
2912 914 79 38 this
3022 913 131 38 island

2428 984 90 38 And
2550 984 123 37 wrote
2706 983 135 48 ninety
2873 977 259 40 Petrarchian
3162 977 180 37 sonnets.

3116 1064 60 43 A
3214 1063 144 58 girl.

2429 1164 87 40 The
2546 1167 103 37 trees
2680 1173 67 29 are
2777 1160 165 40 entered
2975 1172 64 38 my
3071 1158 147 47 hands,

2428 1230 89 38 The
2546 1239 78 39 sap
2654 1229 74 38 has
2760 1225 205 41 ascended
3000 1237 62 38 my
3092 1235 118 36 arms,

2429 1292 89 40 The
2549 1296 82 36 tree
2664 1294 76 37 has
2770 1301 143 41 grown
2944 1291 36 36 in
3016 1300 62 39 my
3109 1290 147 37 breast.

2431 1374 100 39 Tree
2565 1375 99 37 thou
2697 1383 79 36 are,
3144 1367 23 30 *

2429 1440 118 38 Moss
2578 1449 80 40 you
2690 1447 80 37 are,

2429 1502 88 39 You
2549 1512 66 29 are
2645 1501 139 38 violets
2814 1499 95 39 with
2941 1497 109 39 wind
3083 1498 130 37 above
3242 1497 123 37 them.

2429 1568 33 38 A
2493 1567 108 39 child
2634 1588 47 4 —
3003 1576 49 28 so
2793 1566 96 48 high
2922 1585 51 5 —
3003 1573 79 39 you
3116 1572 79 35 are,

2431 1633 91 39 And
2554 1632 49 39 all
2634 1630 79 40 this
2743 1630 34 40 is
2807 1629 96 51 folly
2932 1632 40 35 to
3002 1629 69 38 the
3102 1626 143 40 world.

3532 1741 35 32 a)

2920 1741 572 49 ALTAFORTE

3099 1864 289 47 Sestina.

2434 1964 132 41 Damn
2597 1963 27 39 it
2653 1962 77 40 all!
2761 1962 49 39 all
2841 1960 80 40 this
2951 1971 75 28 our
3057 1959 129 40 South
3219 1959 132 38 slinks
3383 1968 137 39 peace.

2432 2029 90 39 You
2553 2029 220 38 whoreson
2805 2027 95 50 dog,
2932 2024 177 51 Papiols,
3139 2034 112 29 come
3270 2024 9 38 !
3309 2021 106 40 Let's
3448 2021 126 40 music
3593 2021 9 39 !

2434 2094 12 38 I
2478 2095 101 37 have
2610 2103 53 28 no
2695 2091 63 40 life
2790 2101 95 28 save
2913 2090 122 38 when
3067 2089 160 38 swords
3257 2086 134 41 clash.

2433 2159 76 38 But
2540 2157 77 40 ah!
2646 2156 122 39 when
2799 2155 13 38 I
2842 2165 69 29 see
2941 2155 69 38 the
3041 2152 220 41 standards
3293 2151 108 52 gold,
3433 2151 95 47 vair,
3558 2151 159 50 purple,
3749 2150 218 51 opposing,

2433 2223 90 38 And
2555 2223 69 38 the
2655 2221 130 39 broad
2815 2220 120 39 fields
2965 2218 176 40 beneath
3171 2218 109 38 them
3312 2220 91 36 turn
3431 2218 191 45 crimson,

2433 2288 117 38 Then
2584 2286 107 39 howl
2723 2284 12 40 I
2767 2296 64 39 my
2861 2284 112 38 heart
3003 2282 97 51 nigh
3134 2282 93 39 mad
3257 2281 96 39 with
3386 2281 207 50 rejoicing.

3219 2368 41 38 II.

2437 2460 41 38 In
2512 2461 68 37 hot
2611 2468 175 28 summer
2820 2457 103 38 have
2954 2466 23 28 a
3006 2457 112 50 great
3148 2455 192 50 rejoicing

2436 2523 133 38 When
2599 2522 68 39 the
2696 2522 194 49 tempests
2925 2519 67 40 kill
3021 2519 67 40 the
3123 2517 150 40 earth's
3303 2518 83 39 foul
3417 2528 136 40 peace,

2438 2588 90 38 And
2559 2588 66 38 the
2657 2585 226 52 lightnings
2912 2584 103 39 from
3049 2583 117 40 black
3199 2582 146 39 heav'n
3377 2583 105 39 flash
3515 2582 191 48 crimson,

2519 2683 34 29 (1)
2573 2681 85 26 Parla
2677 2681 128 25 Bertram
2827 2680 33 25 de
2881 2679 86 31 Born,
2987 2679 86 32 poeta
3093 2678 186 31 provenzale,
3300 2678 35 24 da
3356 2678 93 24 Dante
3470 2678 87 30 posto
3572 2676 76 25 nella
3664 2682 77 19 nona
3761 2676 98 30 bolgia
3881 2676 85 31 quale
3986 2675 61 25 ecci

2437 2728 92 24 latore
2549 2725 27 25 di
2597 2731 98 25 guerre
2716 2730 13 19 e
2750 2723 28 26 di
2798 2723 160 26 discordie.

504 2855 43 35 16
