4203 3017
3519 154 298 50 POESIA

254 315 163 41 cervello
447 313 193 37 dimostra
671 310 41 38 di
755 309 214 52 possedere
1004 311 210 50 un'agilità

255 367 276 55 sorprendente
560 379 21 23 e
611 378 80 24 una
725 373 171 43 potenza
935 367 175 35 creativa
1140 365 74 37 che

255 426 48 51 gli
329 429 250 46 permettono
611 419 43 37 di
683 419 84 37 fare
792 419 107 37 balzi
930 421 158 35 enormi
1119 432 21 24 e
1169 419 45 37 di

256 480 173 38 afferrare
459 475 191 38 elementi
679 473 273 38 lontanissimi
978 473 144 51 ch'egli
1153 487 41 23 av-

254 534 122 38 vicina
404 544 19 23 e
454 530 221 49 congiunge
703 541 73 37 per
805 529 208 36 costruire.

305 586 165 49 Qualità,
513 590 153 44 queste,
709 583 164 52 proprie
922 582 108 38 della
1077 583 138 49 poesia

254 640 191 40 cerebrale
465 652 20 23 e
515 638 75 36 che
618 637 55 36 ho
704 638 63 49 già
787 638 239 35 riscontrate
1061 638 44 34 in
1134 636 60 37 Set-

254 694 136 40 timelli
419 707 20 23 e
467 694 45 35 in
541 690 138 44 Corra,
700 692 67 35 nei
797 691 236 50 precedenti
1063 691 149 50 profili,

254 764 58 23 ma
339 750 70 36 che
452 760 82 24 non
578 758 99 25 sono
717 746 38 36 le
799 745 84 36 sole
927 746 205 36 risultanti
1162 745 52 36 da

254 818 71 24 ima
351 800 137 53 rapida
518 799 143 38 analisi
705 798 41 37 di
790 807 140 43 queste
966 799 248 50 Definizioni

255 859 128 38 veloci.

303 913 43 36 In
375 911 138 37 alcune
544 908 42 37 di
616 921 85 24 esse
721 908 61 37 v'è
814 908 126 37 anche
960 922 80 23 una
1067 908 149 51 grande

254 976 155 44 potenza
435 964 126 38 lirica.

305 1021 103 37 Cime
438 1033 21 23 e
496 1018 172 36 Vedetta
713 1030 99 24 sono
842 1017 78 37 due
950 1019 86 35 veri
1065 1018 149 50 poemi.

308 1075 324 37 Vulcanizziamo
656 1071 36 37 le
710 1072 154 50 grandi
894 1072 101 36 città
1026 1085 21 23 e
1077 1072 117 36 Svalu-

256 1132 146 35 tazione
422 1127 272 38 dell'eroismo
724 1140 99 24 sono
851 1126 78 37 due
957 1139 119 39 prose
1096 1127 120 49 piene

255 1185 37 37 di
310 1183 200 52 paradossi
531 1183 217 37 divertenti
769 1194 21 24 e
813 1181 41 36 di
875 1179 150 52 allegre
1045 1188 169 30 trovate.

303 1238 219 49 Battaglia,
552 1237 162 50 edificio
744 1236 44 36 di
819 1249 154 23 rumori
1004 1239 21 33 è
1044 1248 82 24 una
1155 1248 41 23 co-

256 1294 186 37 struzione
471 1292 115 37 lirica
626 1290 106 38 della
771 1289 207 50 battaglia,
1009 1289 101 37 fatta
1140 1302 76 24 con

254 1346 193 39 materiale
491 1353 204 44 strappato
726 1345 108 36 dalla
869 1344 194 50 battaglia
1093 1351 123 29 stessa

254 1415 18 23 e
289 1401 209 38 liricizzato
527 1402 70 49 poi
626 1399 109 38 nella
778 1399 137 37 fucina
946 1398 107 37 della
1097 1399 100 36 sensi-

252 1455 108 37 bilità
388 1454 247 39 dell'autore.

301 1510 44 37 In
382 1510 215 37 Intervista
640 1522 75 22 con
759 1521 54 22 un
1154 1518 62 25 ve

254 1564 136 50 grande
419 1564 157 37 dovizia
607 1564 42 35 di
669 1562 173 37 fantasia
873 1574 21 24 e
924 1560 135 37 alcuni
1090 1562 127 35 slanci

253 1618 98 37 lirici
378 1618 40 37 di
447 1617 279 52 prim'ordine.

301 1672 43 37 In
374 1673 181 42 Occorre,
601 1670 218 51 malgrado
860 1678 118 34 tutto,
1025 1682 82 23 una
1139 1682 52 23 mo-

253 1726 97 36 dista
378 1727 59 38 v'è
468 1726 322 38 dell'umorismo
820 1725 212 37 finissimo.

303 1780 193 52 Ospedale
526 1781 55 37 da
611 1794 146 37 campo
761 1809 9 14 ,
809 1780 59 36 mi
898 1778 158 37 sembra
1086 1777 129 37 molto

251 1835 181 39 inferiore
461 1835 78 38 alle
571 1836 101 37 altre
701 1847 119 39 prose
851 1833 67 37 del
947 1832 177 43 volume,
1148 1831 67 37 dal

251 1890 76 36 lato
355 1891 186 49 genialità
572 1891 42 36 di
644 1889 266 39 costruzione.

301 1943 117 38 Piene
461 1945 253 50 d'immagini
758 1942 169 51 scolpite
974 1954 21 24 e
1042 1940 174 51 perfette

253 2010 89 25 sono
369 1998 37 37 le
427 1998 77 38 due
532 2012 119 37 prose
680 1999 56 36 Le
767 1998 102 35 notti
890 1996 43 36 di
963 1995 37 38 S.
1026 1995 192 37 Gabriele

254 2066 18 23 e
298 2051 135 38 Monte
461 2053 139 38 Santo.

301 2106 29 37 E
357 2108 134 44 infine,
520 2109 43 36 in
595 2108 202 50 Respingo
829 2105 37 36 le
897 2103 205 51 nostalgie
1132 2117 21 23 e
1174 2105 44 35 in

252 2160 162 51 Maggio
459 2164 103 35 1918
604 2163 41 38 vi
689 2174 99 25 sono
833 2160 185 37 tracciati
1055 2159 15 36 i
1105 2159 111 49 segni

252 2216 180 48 profondi
462 2216 41 37 di
532 2230 80 23 una
633 2215 149 51 grande
813 2215 109 36 forza
948 2213 42 37 di
1010 2213 207 36 un'eroica

252 2270 154 37 volontà
437 2271 41 36 di
498 2284 80 24 una
604 2270 195 51 granitica
819 2282 21 23 e
871 2268 109 37 bella
1002 2269 212 35 sicurezza.

696 2367 49 37 y.

288 2462 132 43 Roma
451 2466 221 40 Futurista
689 2493 22 20 „
740 2487 53 5 —
825 2464 168 38 Partito
1025 2462 189 50 politico

299 2516 204 43 futurista
535 2543 46 4 —
623 2519 243 39 Arditismo
902 2541 44 4 —
1023 2516 81 40 Noi
1143 2527 49 28 ar-

301 2573 71 39 diti

303 2646 161 40 Guarito
485 2649 105 37 dalle
611 2649 130 44 ferite,
762 2648 132 38 Mario
925 2647 108 37 Carli
1062 2647 153 49 riprese

255 2698 34 38 la
317 2714 65 24 sua
411 2705 167 36 attiyità.

1600 309 118 50 Dopo
1749 307 212 38 trentadue
1982 308 101 36 mesi
2105 307 42 36 di
2176 320 154 37 guerra,
2359 314 162 29 tornato

1545 365 43 34 in
1618 362 130 44 Italia,
1778 376 82 23 non
1889 364 95 48 potè
2015 362 173 49 sfuggire
2217 361 233 36 l'amarezza
2480 360 42 37 di

1544 418 97 35 tutti
1661 418 14 35 i
1697 416 265 38 combattenti
1983 416 74 37 che
2088 415 51 37 da
2163 414 287 38 un'atmosfera
2480 414 42 37 di

1545 472 176 36 eroismo
1765 470 43 37 di
1836 483 169 38 purezza
2041 483 21 24 e
2102 469 42 37 di
2178 469 188 44 bellezza,
2396 470 101 49 piom-

1545 526 155 36 barono
1730 526 43 35 in
1811 538 55 23 un
1900 533 177 41 pantano
2108 524 42 35 di
2179 523 182 38 bassezze
2398 523 42 36 di
2468 524 36 35 vi-

1546 580 242 50 gliaccheria
1818 578 42 37 di
1890 578 251 37 furfanteria.

1601 634 66 36 Un
1709 646 255 37 programma
2008 632 54 50 gli
2107 634 32 34 si
2175 632 165 36 affacciò
2386 630 134 38 subito

1545 688 79 36 alla
1653 696 148 35 mente,
1831 700 50 24 ne
1910 687 114 50 parlò
2056 700 20 22 a
2106 686 208 36 Marinetti
2344 686 30 36 il
2403 686 119 50 quale

1546 755 50 23 ne
1626 742 45 36 fu
1700 743 232 41 entusiasta,
1959 742 169 36 assieme
2158 753 50 23 ne
2238 740 239 36 stabilirono
2507 740 14 35 i

1544 797 167 36 termini
1740 797 147 49 precisi
1918 808 20 24 e
1968 808 156 38 nacque
2152 795 133 36 Roma
2307 793 214 49 futurista,

1545 863 149 37 organo
1725 850 66 37 del
1829 851 150 49 partito
2022 849 169 50 politico
2229 848 190 38 futurista
2448 848 73 37 che

1545 907 83 48 poi,
1660 917 94 25 man
1797 917 134 30 mano,
1962 905 32 36 si
2039 903 105 37 andò
2188 903 215 37 formando
2446 915 76 25 con

1544 959 335 37 numerosissime
1923 959 151 36 sezioni
2118 970 134 38 sparse
2300 969 72 38 per
2417 965 105 29 tutta

1545 1013 130 36 Italia.

1600 1068 132 36 Mario
1751 1067 121 43 Carli,
1889 1069 43 34 in
1948 1066 153 52 qualità
2119 1065 41 38 di
2178 1065 206 44 direttore,
2400 1078 122 38 seppe

1545 1131 235 28 mantenere
1801 1134 157 37 sempre
1983 1121 132 35 Roma
2145 1120 211 36 Futurista
2378 1133 46 23 su
2442 1132 80 24 una

1545 1177 109 36 linea
1684 1176 42 37 di
1771 1176 228 36 ardimento
2039 1189 21 22 e
2100 1174 42 37 di
2172 1175 170 36 schietta
2377 1187 21 23 e
2428 1186 94 24 sana

1547 1230 214 38 italianità.

1603 1285 61 36 Da
1707 1293 142 42 questo
1892 1292 128 42 punto
2065 1283 79 50 egli
2183 1284 117 35 viene
2344 1281 177 38 sbalzato

1547 1339 233 37 nell'orbita
1811 1338 107 37 della
1947 1338 181 51 politica.

1602 1394 118 36 Sente
1751 1393 78 50 egli
1860 1394 74 36 che
1965 1394 42 35 in
2036 1406 56 22 un
2128 1399 209 29 momento
2367 1390 42 37 di
2443 1402 60 24 esa-

1547 1450 233 48 sperazione
1811 1460 20 24 e
1862 1447 42 36 di
1932 1448 288 50 irrequietezza
2250 1458 114 24 come
2385 1443 136 52 quello

1546 1504 74 36 che
1652 1510 231 34 attraversa,
1912 1515 57 22 un
2015 1502 141 35 artista
2198 1513 83 23 non
2323 1497 198 53 potrebbe

1548 1557 84 37 fare
1662 1556 183 37 dell'arte
1888 1555 224 37 isolandosi
2156 1567 21 23 e
2220 1567 82 23 non
2335 1564 164 40 preoccu-

1547 1610 171 52 pandosi
1749 1610 66 36 dei
1835 1610 276 50 rivolgimenti
2141 1622 21 23 e
2192 1608 107 37 delle
2327 1608 101 36 lotte
2448 1606 74 37 che

1547 1667 34 36 si
1611 1667 160 49 agitano
1793 1672 159 29 attorno
1983 1677 22 23 a
2033 1664 73 36 lui.
2137 1663 141 36 Perciò
2309 1661 141 37 decide
2480 1659 42 37 di

1544 1719 219 51 procedere
1784 1718 42 37 di
1846 1719 87 50 pari
1953 1731 118 37 passo
2090 1717 68 36 nel
2178 1729 143 37 campo
2342 1716 179 36 artistico

1548 1788 21 23 e
1590 1776 43 35 in
1663 1773 138 52 quello
1830 1773 183 50 politico,
2036 1770 310 38 armonizzando
2374 1769 39 37 le
2443 1768 78 37 due

1547 1829 176 36 correnti
1752 1827 108 37 della
1894 1840 71 24 sua
1994 1827 169 36 attività.
2194 1825 32 37 E
2255 1826 40 36 vi
2324 1825 126 36 riesce
2478 1824 44 34 in

1547 1883 124 36 modo
1700 1882 187 50 perfetto.

1604 1936 121 37 Certo
1769 1937 74 36 che
1886 1935 26 36 F
1918 1936 151 42 artista,
2100 1935 127 36 anche
2262 1946 40 24 se
2333 1933 39 35 fa
2416 1930 106 38 della

1547 1992 181 50 politica,
1758 1991 53 36 ha
1841 2003 157 36 sempre
2038 2002 76 23 con
2149 2001 41 24 se
2228 1995 106 29 tutto
2372 1999 56 23 un
2457 1985 44 37 ba-

1549 2045 130 51 gaglio
1716 2045 41 36 di
1792 2045 171 42 lirismo,
1993 2043 43 36 di
2074 2055 181 38 purezza,
2286 2041 41 37 di
2362 2053 138 37 genero-

1549 2102 88 42 sità,
1669 2099 42 36 di
1740 2098 176 37 bellezza
1945 2111 22 23 e
2003 2097 42 36 di
2074 2096 169 44 nobiltà,
2274 2095 42 37 di
2346 2095 64 37 cui
2440 2107 82 23 non

1549 2158 82 47 può
1662 2152 173 38 disfarsi.
1866 2152 142 37 Perciò
2038 2151 38 36 la
2111 2151 167 50 politica
2308 2149 67 36 del
2414 2147 108 37 Carli

1549 2210 32 36 si
1611 2216 221 29 mantenne
1872 2219 157 37 sempre
2072 2219 47 23 su
2156 2218 56 23 un
2254 2205 122 49 piano
2420 2202 102 36 assai

1549 2265 71 48 più
1665 2262 81 36 alto
1777 2261 41 36 di
1849 2260 137 52 quello
2031 2259 65 37 dei
2131 2260 88 36 suoi
2259 2257 199 37 avversari
2487 2269 34 30 e,

1548 2317 126 37 molte
1709 2316 122 43 volte,
1862 2314 125 37 anche
2019 2313 65 38 dei
2115 2314 88 37 suoi
2238 2311 212 51 compagni
2480 2309 42 37 di

1548 2372 114 36 lotta.

1605 2424 488 50 Contemporaneamente
2116 2421 37 36 al
2172 2422 150 49 partito
2351 2419 170 50 politico

1548 2481 203 40 futurista,
1789 2478 132 36 Mario
1966 2476 110 37 Carli
2114 2475 125 37 fondò
2320 2474 181 35 l'associa-

1546 2536 117 34 zione
1693 2533 66 48 fra
1787 2532 60 48 gli
1877 2530 126 36 arditi
2032 2530 174 36 d'Italia

1603 2588 90 50 Egli
1730 2587 139 37 lavorò
1911 2585 77 37 alla
2024 2584 247 37 formazione
2311 2582 42 37 di
2382 2589 139 44 questa

1549 2643 269 37 associazione
1849 2653 21 23 e
1900 2640 78 36 alla
2006 2652 69 23 sua
2106 2637 317 51 amplificazione
2444 2634 77 37 col-

1547 2697 168 36 Pamore
1745 2709 21 23 e
1809 2695 39 36 la
1890 2695 186 49 passione
2106 2693 74 36 che
2210 2690 173 38 avrebbe
2413 2688 87 37 dedi-

2849 314 88 28 cato
2968 305 37 36 al
3034 305 106 37 libro
3171 319 72 23 suo
3281 307 71 48 più
3382 319 104 23 caro.
3515 307 204 36 L'intento
3749 321 68 22 era

2849 359 42 36 di
2920 368 113 28 tener
3061 361 91 35 viva
3181 361 42 34 in
3251 361 96 35 tutti
3378 360 54 49 gli
3453 360 133 43 arditi,
3608 374 80 22 una
3707 361 110 36 volta

2848 415 150 35 tornati
3019 415 43 34 in
3081 415 129 49 patria
3226 427 21 23 e
3264 414 222 49 congedati,
3504 414 134 50 quella
3658 415 160 36 fiamma

2850 468 41 35 di
2922 468 209 36 arditismo
3162 467 42 36 di
3232 467 176 37 bellezza
3446 481 21 23 e
3512 468 41 36 di
3596 470 222 47 generosità

2849 522 74 36 che
2954 535 121 23 aveva
3105 521 99 37 fatto
3236 521 41 36 di
3305 522 89 36 loro
3424 523 13 35 i
3464 522 177 50 migliori
3671 522 147 37 soldati

2849 589 21 23 e
2900 576 74 36 che
3004 575 173 37 avrebbe
3207 575 149 37 dovuto
3391 575 177 38 renderli
3598 578 13 33 i
3641 577 177 48 migliori

2850 629 200 37 cittadini.

2905 683 150 47 Questo
3086 683 130 36 sforzo
3246 683 44 36 fu
3320 692 191 28 coronato
3547 683 66 36 dai
3642 684 175 37 risultati

2850 738 177 50 migliori
3066 750 21 23 e
3131 738 42 35 in
3216 737 120 37 breve
3375 738 297 36 l'associazione
3716 738 101 37 ebbe

2850 793 151 36 sezioni
3030 793 42 34 in
3101 799 104 28 tutta
3235 792 115 35 Italia
3372 790 49 37 ed
3441 805 79 22 una
3550 800 167 41 potenza
3737 806 81 23 non

2851 845 298 51 disprezzabile.

2904 900 66 36 Ma
2999 913 82 23 non
3110 912 258 30 mancarono,
3390 900 42 35 in
3458 900 155 49 seguito
3643 900 36 36 le
3711 900 86 36 delu-

2851 955 117 35 sioni.
2997 954 55 36 Le
3082 967 69 23 sue
3180 952 91 38 idee
3300 966 175 24 vennero
3495 954 104 36 male
3629 955 168 49 interpre-

2849 1016 81 28 tate
2961 1022 21 22 e
3011 1008 127 36 molte
3171 1008 108 36 volte
3319 1007 160 37 dovette
3521 1007 144 37 vedere
3695 1009 103 35 insoz-

2851 1070 84 28 zate
2956 1061 50 37 da
3035 1062 107 36 bassi
3162 1062 183 36 interessi
3365 1070 104 28 tutta
3488 1061 207 42 l'idealità,
3714 1069 104 29 tutta

2849 1116 39 36 la
2917 1116 174 36 bellezza
3121 1129 21 23 e
3170 1116 40 36 la
3239 1128 166 37 purezza
3444 1116 143 48 ch'egli
3617 1128 120 24 aveva
3770 1117 32 35 ri-

2850 1178 116 42 posto
2996 1171 66 35 nei
3091 1171 89 35 suoi
3210 1169 132 37 arditi.

2904 1224 60 36 Nè
2994 1237 242 23 mancarono
3266 1223 38 37 le
3333 1224 275 49 persecuzioni
3639 1223 65 37 dei
3733 1237 64 36 rap-

2850 1279 246 49 presentanti
3131 1277 214 37 dell'Italia
3365 1277 172 37 ufficiale
3558 1277 73 37 che
3659 1291 82 23 non
3756 1290 42 24 ve-

2851 1333 155 37 devano
3027 1331 43 37 di
3098 1331 111 37 buon
3230 1331 141 37 occhio
3392 1331 30 36 il
3438 1332 219 36 costituirsi
3678 1331 41 37 di
3738 1344 79 23 una

2851 1387 108 36 forza
2989 1399 99 37 pura
3117 1399 22 23 e
3168 1387 167 48 giovane
3380 1385 73 36 che
3482 1398 55 23 un
3566 1386 140 48 giorno
3735 1398 82 23 non

2850 1441 179 42 lontano,
3058 1453 72 37 per
3159 1453 112 23 amor
3301 1439 41 36 di
3376 1441 142 48 patria,
3549 1439 172 37 avrebbe
3750 1451 46 38 po-

2849 1503 88 28 tuto
2967 1494 159 36 buttare
3157 1507 21 23 a
3207 1493 140 51 gambe
3373 1493 129 37 levate
3531 1501 102 28 tutte
3661 1494 38 36 le
3728 1493 88 36 loro

2850 1549 113 36 basse
2993 1561 190 23 manovre
3214 1561 20 23 e
3264 1549 95 34 tutti
3388 1549 13 33 i
3431 1547 88 36 loro
3549 1547 167 36 trucchi.

2907 1603 140 36 Perciò
3077 1601 129 37 Mario
3247 1600 120 44 Carli,
3399 1601 105 49 dopo
3548 1613 128 24 essere
3715 1608 101 28 stato

2851 1657 247 36 allontanato
3138 1655 51 36 da
3218 1655 140 43 Roma,
3390 1655 101 36 dove
3530 1667 121 24 aveva
3681 1667 111 37 capeg-

2850 1712 106 49 giato
2985 1718 104 28 tutte
3127 1709 39 36 le
3201 1709 303 36 dimostrazioni
3535 1710 261 35 antirinuncia-

2848 1766 101 35 tarie
2980 1778 20 23 e
3031 1763 342 37 antiministeriali
3417 1763 49 36 ed
3505 1775 66 24 era
3600 1763 165 36 riuscito
3796 1775 21 23 a

2848 1819 219 41 costruirsi,
3088 1819 43 34 in
3150 1831 135 23 mezzo
3302 1818 37 35 ai
3355 1818 89 35 suoi
3464 1816 132 44 arditi,
3613 1817 182 35 un'auten-

2847 1874 79 36 tica
2956 1872 121 43 forza,
3093 1885 128 23 venne
3237 1871 200 37 confinato
3458 1884 22 23 a
3510 1869 196 38 Cremona
3726 1883 22 23 e
3776 1869 39 37 là

2851 1926 254 38 condannato
3137 1939 20 23 a
3178 1925 79 37 due
3285 1926 102 36 mesi
3407 1925 43 36 di
3469 1925 184 42 fortezza,
3683 1937 68 23 reo
3773 1923 42 36 di

2849 1994 92 24 aver
2971 1980 129 37 difeso
3121 1979 38 36 la
3178 1980 164 36 vittoria
3362 1992 22 23 e
3403 1980 14 35 i
3437 1978 131 37 diritti
3588 1977 226 37 dell'Italia.

2905 2035 175 41 Intanto,
3109 2034 67 36 nel
3196 2034 156 49 maggio
3375 2032 66 37 del
3463 2032 115 42 1919,
3599 2045 66 23 era
3684 2032 128 36 uscito

2890 2089 83 36 Noi
3002 2088 126 37 arditi
3145 2116 36 14 „.

2903 2142 47 37 In
2980 2151 140 43 questo
3150 2141 157 51 piccolo
3328 2140 106 37 libro
3464 2140 114 51 agile,
3598 2139 217 50 piacevole,

2851 2197 185 44 colorito,
3057 2197 151 42 chiaro,
3229 2196 61 36 v'è
3309 2203 104 28 tutta
3434 2194 49 37 ed
3504 2196 128 35 intera
3652 2193 163 36 l'anima

2849 2250 243 43 dell'ardito,
3121 2252 42 34 vi
3192 2262 98 24 sono
3330 2248 177 37 elencate
3549 2255 102 28 tutte
3680 2246 38 37 le
3747 2259 69 23 sue

2849 2305 166 51 qualità,
3044 2306 96 35 tutti
3182 2305 14 35 i
3240 2304 88 36 suoi
3365 2302 140 44 valori,
3535 2309 102 29 tutte
3680 2301 38 36 le
3747 2313 68 23 sue

2849 2358 239 51 possibilità.
3133 2358 130 36 Mario
3308 2356 107 37 Carli
3460 2357 52 35 ha
3554 2355 138 36 voluto
3740 2367 76 22 con

2849 2421 141 43 questo
3021 2426 71 23 suo
3121 2412 120 42 libro,
3276 2411 83 36 fare
3399 2423 120 37 opera
3553 2409 41 36 di
3629 2408 186 37 sincerità

2849 2480 21 24 e
2901 2466 41 37 di
2973 2467 297 36 schiarimento.
3302 2464 130 50 Opera
3470 2463 234 37 utilisssima
3733 2462 62 49 poi-

2849 2521 87 43 ché,
2966 2522 43 35 in
3037 2520 106 36 mala
3173 2518 91 37 fede
3284 2532 21 23 e
3326 2520 42 34 in
3387 2518 134 36 buona
3551 2516 104 43 fede,
3671 2524 142 40 troppe

2848 2574 109 38 volte
2986 2576 33 35 si
3049 2577 20 34 è
3098 2575 262 48 interpretato
3399 2571 104 37 male
3540 2571 31 36 il
3601 2570 213 36 fenomeno

2890 2629 137 36 ardito
3111 2627 230 36 Fenomeno
3371 2633 106 29 tutto
3508 2624 170 50 speciale
3708 2622 107 36 della

2849 2691 135 29 nostra
3014 2695 110 23 razza
3169 2681 114 49 agile,
3312 2679 157 42 ribelle,
3486 2678 257 37 insofferente
3774 2675 41 36 di

3795 2824 23 35 9
