4203 3017
3548 232 293 50 POESIA

398 360 35 31 Io
461 358 138 33 ricordo
634 358 77 38 che,
738 357 43 32 da
819 356 177 39 bambino,
1020 355 149 40 qualche
1203 355 107 39 volta,

353 415 65 32 per
442 405 187 42 capriccio,
654 405 123 32 invece
810 405 33 31 di
876 404 171 41 guardare
1072 403 22 32 il
1118 403 91 32 cielo
1234 403 75 32 così

355 464 101 25 come
492 455 34 33 lo
560 454 163 33 vediamo
758 462 20 23 a
814 452 257 41 perpendicolo
1106 452 89 32 sulla
1219 452 92 32 linea

353 502 276 39 dell'orizzonte,
653 502 45 32 mi
722 501 173 33 divertivo
920 509 19 23 a
955 499 186 42 guardarlo
1165 500 128 40 paralle-

352 551 152 31 lamente
529 550 69 32 alla
621 551 99 37 terra,
745 548 213 33 cambiando
976 548 105 40 piano
1099 547 33 32 di
1157 548 153 31 visuale:

353 598 35 32 lo
412 598 140 33 vedevo
577 597 60 40 più
661 596 95 39 vivo,
773 596 58 40 più
856 603 116 31 rosso,
990 595 58 40 più
1073 603 141 31 acceso,
1230 603 61 32 spe-

349 645 188 33 cialmente
561 645 92 31 nelle
678 652 60 24 ore
763 644 57 31 del
845 643 192 38 tramonto;
1063 651 18 23 e
1106 650 114 32 penso
1244 643 66 33 che

349 692 115 32 anche
490 691 85 41 Juan
611 690 131 35 Ramon
766 689 155 41 Jimenez
959 690 29 31 si
1025 689 227 40 compiaccia,
1287 698 21 23 o

353 739 30 31 si
417 739 54 32 sia
505 738 247 40 compiaciuto,
776 745 63 32 per
873 736 128 41 meglio
1037 737 81 37 dire,
1148 737 57 31 del
1240 736 69 32 mio

351 788 120 31 stesso
504 786 107 42 gioco
647 785 166 32 infantile.
842 785 118 38 Forse,
983 784 146 41 giacché
1154 785 111 32 siamo
1289 793 20 23 a

353 835 137 40 parlare
515 835 33 31 di
571 834 139 34 vastità,
734 833 139 31 sembra
908 833 64 31 che
1009 833 111 31 anche
1144 832 10 31 i
1178 832 131 32 confini

353 883 58 31 del
435 883 130 32 mondo
601 882 30 32 si
667 882 194 40 allarghino
897 889 18 23 e
951 880 29 32 si
1006 881 213 39 comprende
1248 880 59 40 più

351 928 198 34 facilmente
575 930 21 32 il
620 929 76 40 giro
721 929 56 31 dei
801 928 129 41 pianeti
948 937 17 23 e
984 929 89 31 delle
1097 928 100 32 stelle
1215 927 92 33 nello

352 978 139 40 spazio.

523 1025 103 32 Notte
650 1024 103 32 verde
776 1023 38 32 di
834 1023 198 38 domenica;

525 1067 48 32 c'è
598 1075 70 24 una
691 1066 134 32 musica
850 1066 58 31 nel
927 1073 141 33 paese...

525 1110 34 32 10
582 1118 87 23 sono
694 1109 58 32 nel
773 1117 125 31 campo
922 1117 17 22 e
963 1108 131 31 ascolto

523 1152 28 32 11
571 1160 64 23 suo
656 1159 140 33 gemere
821 1150 175 33 lontano...
1049 1164 14 7 -

523 1205 32 32 Il
574 1213 109 32 paese
709 1204 17 31 è
749 1212 148 24 azzurro
921 1212 16 23 e
962 1203 123 32 bianco

522 1248 38 31 di
582 1249 83 30 luna
689 1256 17 22 e
729 1247 262 31 s'addormenta

525 1291 58 30 nei
614 1289 108 40 sogni
749 1289 62 32 che
842 1289 75 31 solo
941 1296 196 24 conoscono

523 1332 13 32 i
556 1340 79 24 suoi
659 1332 174 40 lampioni
852 1330 207 32 sonnolenti.

393 1390 188 39 Parrebbe,
596 1398 18 23 a
640 1390 109 40 primo
775 1389 139 38 sentire,
932 1388 33 32 di
989 1387 149 32 trovarci
1168 1388 139 35 davanti

350 1447 21 24 a
395 1447 43 23 un
468 1438 193 40 paesaggio
697 1437 96 32 lirico
828 1437 159 31 lavorato
1026 1435 200 31 all'intarsio
1263 1437 43 29 da

350 1487 151 38 qualche
539 1488 108 38 poeta
687 1486 119 31 cinese
843 1492 21 23 o
902 1484 242 40 giapponese;
1181 1484 122 31 invece

351 1542 70 22 non
447 1533 18 32 è
490 1533 75 32 così
579 1543 8 29 ;
612 1534 29 30 si
676 1534 95 31 resta
805 1531 92 32 nella
932 1530 141 41 Spagna
1107 1539 18 23 e
1150 1530 30 31 si
1203 1539 44 23 va
1273 1531 31 31 in

349 1580 75 40 giro
448 1582 195 30 attraverso
669 1580 32 31 le
727 1579 145 40 pianure
898 1578 161 31 notturne
1090 1578 91 30 dove
1206 1578 29 30 si
1259 1578 32 30 le-

350 1635 93 24 vano
468 1628 33 31 di
537 1628 96 31 tanto
658 1627 34 31 in
716 1627 96 31 tanto
847 1626 33 32 le
915 1625 122 31 ombre
1069 1633 17 23 e
1112 1624 8 31 i
1145 1625 160 31 fantasmi

349 1675 59 31 dei
432 1675 141 31 ricordi:
598 1675 31 31 la
654 1675 127 31 vastità
806 1673 163 40 riprende
988 1680 129 24 ancora
1134 1673 31 30 le
1190 1672 114 40 poche

351 1722 91 32 linee
467 1722 182 40 disegnate
667 1730 140 31 appena
825 1730 18 23 e
862 1720 30 32 ci
910 1720 29 32 si
955 1722 101 30 trova
1073 1722 231 29 nuovamente

349 1768 51 32 fra
422 1770 91 31 terra
537 1778 19 23 e
581 1769 90 32 cielo
689 1778 19 22 a
725 1776 164 30 sognare:
915 1768 32 31 la
965 1767 132 32 musica
1115 1767 55 32 del
1195 1774 109 32 paese

351 1815 71 40 può
447 1824 120 23 essere
585 1816 193 31 benissimo
796 1823 68 24 una
880 1822 198 32 zampogna
1096 1821 21 23 o
1134 1821 43 23 un
1195 1813 109 31 flauto

352 1863 136 40 magico
513 1863 9 31 i
547 1863 102 40 quali,
673 1862 58 41 più
769 1863 64 31 che
868 1862 52 32 far
950 1861 142 38 ballare,
1117 1861 186 31 incantano

350 1919 20 24 e
395 1911 210 31 richiamano
636 1910 66 31 alla
737 1911 115 30 mente
887 1910 104 39 fughe
1027 1908 34 31 di
1085 1908 217 32 melanconie

350 1957 209 41 migratorie,
584 1966 107 32 paure
716 1957 180 31 indefinite
922 1964 19 23 e
968 1955 117 33 oscuri
1108 1955 133 31 terrori.

520 2016 104 31 Nella
648 2016 91 31 notte
763 2014 50 32 c'è
839 2023 44 23 un
908 2022 120 24 errare

520 2058 38 31 di
577 2058 129 40 pallidi
725 2058 169 40 pensieri,

520 2118 41 4 —
585 2100 147 31 l'ombra
756 2100 100 31 verde
880 2107 18 24 e
922 2107 150 24 azzurra

522 2143 81 31 vuol
624 2142 84 32 bene
732 2143 37 31 ai
791 2141 164 33 ricordi...
984 2159 39 5 —

527 2201 99 31 Tutto
661 2200 17 32 è
703 2200 234 39 un'angoscia
965 2200 169 31 immensa

522 2243 61 30 che
607 2251 42 22 va
671 2243 62 39 pei
753 2242 156 38 sentieri,

523 2284 17 31 è
564 2293 45 23 un
631 2285 124 39 pianto
779 2285 96 31 dolce
899 2284 73 31 alla
996 2284 94 38 luna,

523 2335 70 24 una
617 2327 125 31 nebbia
767 2327 36 31 di
824 2327 86 31 altri
933 2326 138 40 tempi...

394 2383 45 33 Le
463 2393 82 23 case
563 2384 145 32 anziché
726 2385 150 31 animare
896 2384 20 30 il
934 2384 195 40 paesaggio
1146 2384 34 30 lo
1198 2383 105 31 fanno

350 2431 61 40 più
429 2432 162 31 desolato
610 2441 18 22 e
646 2432 58 39 più
722 2432 111 36 triste;
851 2440 90 23 sono
959 2439 101 24 come
1084 2429 220 41 apparizioni

353 2480 64 30 che
452 2479 278 40 biancheggiano
767 2487 107 31 sopra
910 2487 70 23 uno
1016 2478 127 32 sfondo
1183 2486 119 29 scuro;

352 2526 216 32 vorrebbero
592 2526 197 32 ravvivarlo
814 2535 19 23 e
858 2526 193 36 schiarirlo,
1076 2534 54 22 ma
1147 2533 69 23 non
1240 2525 48 31 rie-

353 2581 112 24 scono
490 2575 64 31 che
579 2583 19 22 a
622 2574 60 30 dar
715 2573 114 40 guizzi
866 2581 17 24 e
912 2573 129 31 balenìi
1077 2574 63 30 che
1165 2573 55 30 fan
1245 2572 58 40 più

354 2629 101 23 scura
479 2621 32 31 la
534 2623 96 30 notte
664 2621 56 32 nel
755 2621 130 30 ritorno
922 2620 57 32 del
1012 2620 110 40 grigio
1159 2628 18 23 e
1212 2620 92 31 della

353 2669 144 31 nebbia:
522 2668 170 40 parrebbe
717 2678 19 22 a
760 2669 96 31 volte
882 2668 34 31 di
941 2670 139 30 trovare
1112 2676 43 23 un
1181 2668 64 31 che
1270 2668 33 31 di

352 2715 200 33 villereccio
578 2717 63 31 che
667 2716 146 39 prelude
839 2724 18 23 a
881 2715 89 32 feste
989 2715 114 32 ariose
1122 2714 33 31 di
1180 2715 104 39 prima-

1629 362 93 26 vera,
1759 362 54 23 ma
1846 354 89 32 tutto
1975 353 29 32 si
2036 353 118 33 riduce
2194 362 19 24 a
2243 353 123 33 motivi
2397 353 86 33 lirici
2514 354 64 32 che

1630 402 166 31 muoiono
1820 402 131 39 presto,
1976 409 99 24 come
2100 401 244 39 ingialliscono
2364 409 18 23 e
2406 401 139 32 cadono
2569 401 10 31 i

1628 449 169 40 germogli
1822 448 34 32 di
1879 456 68 24 una
1981 449 119 39 pianta
2134 450 194 31 ammalata.
2352 441 26 41 È
2402 458 44 23 un
2471 456 107 24 senso

1629 495 34 32 di
1686 496 167 40 risveglio
1879 496 63 32 che
1967 496 29 31 si
2021 504 150 32 accorge
2196 497 55 31 del
2270 498 141 31 mattino
2437 496 141 40 quando

1627 543 57 40 già
1707 542 19 33 è
1750 545 129 39 troppo
1903 543 98 38 tardi,
2025 545 142 38 quando
2185 543 18 32 è
2220 544 118 40 giunta
2363 545 107 31 ormai
2494 544 84 31 l'ora

1628 590 57 31 del
1710 590 207 40 coprifuoco
1942 599 18 22 e
1987 591 54 32 del
2077 590 138 41 riposo;
2239 599 19 23 e
2283 592 31 31 le
2340 591 151 32 vivacità
2514 592 49 30 tar-

1628 637 82 33 dive
1734 639 115 31 hanno
1874 647 45 23 un
1955 639 63 31 che
2055 638 33 32 di
2123 640 168 38 spettrale
2326 640 63 31 che
2413 639 165 32 richiama

1628 686 67 31 alla
1719 686 115 32 mente
1869 686 32 33 le
1936 686 87 31 notti
2057 686 50 32 fra
2142 686 9 32 i
2177 687 124 32 boschi
2326 687 102 38 dove,
2452 695 39 24 se
2516 694 63 32 pur

1627 733 88 31 tutto
1740 732 19 32 è
1788 733 81 32 vivo
1895 734 90 31 nelle
2022 734 120 32 ombre
2178 743 18 23 e
2223 734 55 32 nei
2302 734 129 38 fruscii,
2455 741 69 23 non
2549 733 28 31 si

1628 780 70 39 può
1723 789 149 31 pensare
1900 781 63 32 che
1999 781 66 32 alle
2102 781 139 40 streghe
2266 790 18 23 e
2316 781 68 32 alla
2407 784 127 35 morte;
2559 788 18 23 e

1627 827 31 33 le
1677 828 119 33 casine
1813 828 150 39 lontane,
1980 830 210 38 soprattutto
2208 837 39 23 se
2266 828 51 33 c'è
2341 830 33 31 la
2391 837 99 30 neve,
2507 836 70 24 non

1627 876 104 32 fanno
1755 877 176 31 ricordare
1949 877 31 30 la
1998 877 79 38 vita,
2095 886 54 22 ma
2166 877 170 39 piuttosto
2352 877 34 31 lo
2400 875 176 40 squallore

1627 924 92 32 delle
1743 925 138 31 cellette
1911 925 186 31 disabitate
2123 926 92 31 dove
2234 925 137 32 c'erano
2396 924 95 33 forse
2510 931 67 24 una

1626 972 95 32 volta
1744 973 124 32 vecchi
1893 973 132 31 eremiti
2050 973 187 40 sognatori.

1757 1036 69 32 Che
1850 1036 118 32 hanno
1994 1037 29 31 le
2048 1044 80 24 case
2150 1045 129 31 povere

1753 1079 35 31 in
1813 1081 120 38 queste
1956 1079 201 31 domeniche
2180 1079 191 38 d'inverno,

1753 1123 140 38 quando
1917 1130 110 31 sopra
2052 1122 25 31 il
2099 1129 126 32 campo
2249 1121 101 32 verde

1753 1164 76 31 vien
1853 1164 149 32 calando
2027 1164 33 31 la
2085 1164 154 32 notte?...

1756 1222 45 32 La
1841 1231 86 23 casa
1958 1222 126 32 bianca
2116 1222 47 31 ha
2197 1230 44 24 un
2269 1221 167 40 giardino

1753 1273 64 23 con
1842 1265 140 40 quattro
2006 1265 171 37 albereta,
2205 1265 12 30 i
2239 1265 99 38 quali

1754 1315 68 23 non
1846 1315 113 23 sanno
1984 1307 94 31 cos'è
2102 1308 35 30 la
2158 1315 177 32 speranza

1752 1350 56 31 dei
1827 1350 161 40 giardini
2010 1350 147 39 aperti...

1668 1418 59 32 C'è
1752 1419 110 31 anche
1887 1427 43 23 un
1961 1418 164 41 villaggio
2156 1419 167 30 nascosto
2349 1426 17 22 e
2393 1417 93 31 muto
2511 1418 63 30 che

1625 1474 68 23 non
1719 1467 29 30 si
1783 1475 39 22 sa
1847 1467 91 31 dove
1974 1467 62 37 sia,
2060 1474 44 22 un
2139 1465 166 40 villaggio
2341 1465 63 31 che
2439 1464 136 32 ricorda

1625 1522 44 22 un
1693 1514 167 39 presepio
1884 1514 251 31 abbandonato
2160 1521 18 23 e
2203 1513 79 31 solo
2308 1512 96 39 dopo
2429 1512 31 30 le
2484 1511 90 32 feste

1624 1561 34 31 di
1682 1561 133 39 Natale,
1833 1561 140 39 quando
1992 1561 28 31 si
2039 1569 89 23 sono
2147 1560 115 40 spenti
2281 1560 8 30 i
2306 1560 97 37 lumi;
2428 1559 22 30 il
2469 1560 106 38 poeta

1623 1609 35 31 lo
1684 1608 184 33 riconosce
1893 1608 129 40 perchè
2057 1608 17 32 è
2110 1608 22 31 il
2167 1616 77 26 suo,
2267 1616 54 23 ma
2351 1608 33 30 lo
2420 1608 111 30 saluta
2555 1615 19 23 e

1624 1656 46 40 gli
1695 1656 96 39 parla
1825 1664 148 32 appena,
1998 1656 76 31 così
2109 1655 254 37 camminando,
2390 1653 127 40 perchè
2543 1653 30 32 ci

1624 1712 91 24 sono
1739 1704 84 32 altre
1848 1704 153 39 pianure,
2016 1703 110 32 dietro
2146 1703 20 31 il
2191 1702 165 40 villaggio
2382 1710 17 23 e
2423 1702 32 31 le
2480 1709 93 30 case,

1625 1752 63 31 che
1713 1752 34 31 lo
1772 1752 178 39 vogliono,
1975 1752 64 30 che
2076 1751 43 39 gli
2156 1750 114 32 danno
2295 1750 31 30 la
2357 1749 121 31 febbre
2503 1749 54 31 del-

1623 1799 164 38 l'andare,
1813 1799 117 39 quella
1954 1799 122 31 febbre
2112 1799 56 30 del
2204 1797 186 32 viandante
2414 1797 64 32 che
2505 1805 67 23 non

1625 1847 70 39 può
1719 1846 156 32 fermarsi
1905 1846 77 38 mai,
2008 1845 128 40 perchè
2171 1854 18 23 a
2225 1844 81 40 ogni
2342 1852 108 31 passo
2474 1844 99 32 trova

1623 1903 138 31 sempre
1785 1894 31 31 la
1841 1895 137 39 segreta
1997 1893 101 31 malìa
2116 1893 33 31 di
2166 1901 66 23 una
2256 1900 117 23 nuova
2399 1891 171 33 illusione.

1707 1962 125 32 Buona
1856 1970 92 29 sera,
1975 1962 170 39 villaggio
2170 1961 78 38 mio,

1707 2013 87 23 sono
1819 2006 57 30 tuo
1889 2004 110 40 figlio
2023 2003 185 39 Giovanni,
2225 2003 26 31 il
2273 2003 196 40 nostalgico
2479 2013 9 21 :

1709 2055 109 32 vengo
1843 2055 21 23 a
1889 2048 119 30 vedere
2032 2054 95 23 come
2148 2045 150 41 fiorisce

1709 2090 34 31 la
1764 2089 204 40 primavera
1992 2090 58 30 nei
2073 2088 73 31 tuoi
2166 2088 126 38 campi.

1712 2147 40 31 Ti
1773 2146 132 32 ricordi
1926 2147 36 30 di
1984 2154 51 23 me
2048 2147 17 31 ?
2088 2145 37 32 Io
2149 2153 86 23 sono

1708 2189 26 31 il
1752 2189 189 39 fidanzato
1964 2189 37 30 di
2022 2188 148 37 Bianca,
2197 2187 26 31 il
2242 2187 136 40 pallido

1705 2232 106 38 poeta
1835 2231 61 31 che
1917 2230 111 40 fuggi
2051 2230 44 31 da
2119 2232 31 28 te

1709 2281 68 23 una
1801 2274 146 30 mattina
1971 2273 36 31 di
2029 2273 153 39 maggio.

1707 2331 30 31 E
1756 2333 104 37 porto
1885 2330 57 31 nel
1964 2338 103 23 cuore

1708 2382 43 22 un
1777 2375 114 29 tesoro
1915 2373 61 30 che
2001 2373 43 30 ho
2069 2371 195 31 incontrato

1708 2417 54 29 tra
1786 2416 30 30 le
1841 2423 78 23 rose
1942 2413 189 40 fragranti

1706 2458 57 30 del
1782 2457 167 40 giardino
1972 2457 57 30 dei
2050 2455 195 32 romantici.

1663 2525 77 31 Non
1766 2526 185 30 s'incontra
1976 2533 67 23 una
2078 2531 151 32 persona
2253 2523 80 30 viva
2369 2523 32 30 in
2436 2523 88 31 tutto
2549 2523 22 31 il

1622 2572 209 40 paesaggio:
1855 2573 29 30 si
1909 2573 43 30 ha
1976 2570 256 40 l'impressione
2269 2570 63 31 che
2361 2577 68 24 non
2465 2570 30 31 ci
2520 2570 52 31 sia

1622 2620 143 38 proprio
1803 2627 155 23 nessuno
1998 2619 31 29 in
2070 2618 124 38 queste
2240 2625 193 31 campagne
2479 2617 92 30 dove

1622 2666 174 39 squillano
1832 2666 152 31 soltanto
2010 2665 8 30 i
2052 2664 225 39 campanacci
2305 2663 91 32 delle
2430 2664 140 30 mandre

1622 2722 66 23 con
1713 2714 102 31 suoni
1851 2714 62 31 che
1950 2713 265 38 appartengono
2250 2711 59 40 più
2345 2711 66 31 alla
2438 2711 89 31 terra
2552 2718 18 24 e

2896 355 129 33 all'aria
3049 357 63 31 che
3148 357 30 31 ai
3214 357 95 40 queti
3343 357 137 33 animali
3516 358 235 33 abbandonati
3785 360 55 32 nei

2896 403 152 39 pascoli;
3072 413 18 22 e
3116 403 20 32 il
3171 406 140 38 pastore
3346 405 64 32 che
3446 406 115 31 zufola
3595 406 154 40 lontano,
3784 417 38 23 na-

2895 453 122 30 scosto
3052 451 110 32 dietro
3196 460 67 24 una
3297 451 99 41 siepe
3431 453 34 31 di
3491 461 98 30 rovo,
3613 462 19 24 e
3666 454 32 32 la
3723 456 115 31 madre

2896 498 64 31 che
2997 498 226 33 addormenta
3268 499 22 32 il
3335 499 163 32 bambino
3537 501 95 31 sotto
3670 501 168 33 l'azzurro

2896 546 126 39 troppo
3048 545 117 32 chiaro
3190 546 56 32 dei
3275 547 142 40 meriggi
3451 548 158 35 assolati,
3632 557 19 24 e
3676 548 21 32 il
3722 551 99 30 conta-

2895 591 81 32 dino
3001 592 64 32 che
3089 601 105 24 scava
3218 594 10 31 i
3252 594 111 32 solchi
3398 595 92 31 nella
3524 597 87 30 terra
3634 597 120 38 bruna,
3779 597 58 40 più

2895 640 132 31 attento
3051 640 68 32 alla
3144 640 104 33 fatica
3276 641 34 32 di
3333 641 193 33 rimuovere
3552 651 18 24 e
3596 643 33 32 di
3653 645 185 32 rassodare

2896 686 64 33 che
2984 687 67 31 alla
3075 689 115 30 stessa
3223 696 64 24 sua
3309 689 80 38 vita,
3413 689 104 31 fanno
3551 691 98 38 parte
3684 691 34 31 di
3754 693 84 31 altre

2893 733 224 41 generazioni
3136 734 220 33 dimenticate
3370 736 55 31 dal
3438 738 118 38 tempo
3571 745 18 23 e
3610 737 89 32 dalla
3718 741 119 30 morte.

2936 781 76 32 Non
3030 790 89 23 sono
3136 782 86 32 altro
3241 783 62 31 che
3322 783 258 33 modificazioni
3594 785 92 40 degli
3700 787 136 39 aspetti;

2896 830 264 40 appartengono
3196 831 67 31 allo
3298 830 127 33 sfondo
3462 840 18 23 e
3515 840 67 23 non
3607 840 41 23 ne
3672 833 164 34 risaltano

2895 875 81 39 mai;
3001 877 105 31 messi
3131 879 145 31 accanto
3300 886 19 23 a
3343 886 44 22 un
3411 879 127 31 mulino
3552 886 20 23 a
3595 880 117 35 vento,
3735 889 19 23 a
3771 889 67 23 una

2895 931 83 24 casa
3002 924 221 32 dimenticata
3246 933 68 24 non
3339 933 89 24 sono
3464 926 85 32 altro
3584 927 64 32 che
3683 928 95 32 modi
3802 929 34 32 di

2895 971 158 39 apparire
3092 972 55 31 del
3182 973 194 40 paesaggio
3414 973 126 38 stesso,
3579 975 155 31 creature
3772 976 66 31 che

2895 1018 150 38 domani,
3068 1019 108 32 anche
3194 1027 38 24 se
3256 1020 119 38 morte,
3393 1028 67 23 non
3486 1021 169 39 potranno
3672 1023 166 31 staccarsi

2895 1064 65 30 mai
2985 1065 91 31 dalla
3100 1065 90 31 nuda
3214 1065 203 32 immobilità
3441 1067 55 31 dei
3520 1066 74 32 loro
3619 1068 112 40 campi
3755 1077 63 32 nep-

2895 1119 84 31 pure
2997 1120 61 31 per
3074 1113 129 30 andare
3220 1113 31 30 al
3270 1115 240 37 camposanto.
3534 1113 134 38 Questo
3692 1115 109 33 infatti
3817 1117 19 31 è

2893 1157 22 31 il
2941 1158 131 32 motivo
3098 1159 33 31 di
3147 1168 67 23 una
3237 1161 206 31 canzonetta
3460 1161 169 39 popolare
3646 1164 169 38 spagnola
3829 1173 7 22 :

3083 1220 44 33 Se
3151 1222 142 32 morissi
3314 1221 54 32 de'
3391 1223 53 31 sto
3468 1223 89 31 male

3086 1272 68 23 non
3180 1264 51 31 vo'
3255 1265 50 31 ire
3336 1265 37 31 al
3399 1266 228 38 camposanto
3634 1276 12 27 ;

3083 1306 116 39 voglio
3218 1306 115 40 farmi
3353 1307 189 39 seppellire

3083 1348 34 31 in
3143 1356 44 24 un
3208 1350 105 38 prato
3336 1348 260 39 abbandonato;

3083 1390 52 32 vo'
3159 1390 134 32 lasciar
3317 1391 35 31 la
3377 1392 87 31 testa
3484 1391 103 39 fuori

3083 1432 64 32 ben
3171 1432 139 33 lisciata
3334 1441 17 24 e
3375 1434 181 38 pettinata.

2935 1495 51 31 Ho
3000 1495 134 40 parlato
3147 1503 137 32 sempre
3299 1495 32 31 di
3345 1496 201 40 paesaggio,
3563 1505 53 23 ma
3631 1496 43 32 mi
3687 1505 149 33 accorgo

2893 1542 33 31 di
2950 1550 69 23 non
3044 1551 82 23 aver
3150 1543 96 31 detto
3270 1543 101 32 bene.

2934 1589 47 31 Lo
3006 1590 117 32 stesso
3144 1589 151 41 Jimenez
3329 1590 150 38 afferma,
3504 1589 18 32 è
3547 1598 94 31 vero,
3664 1591 90 31 nella
3777 1591 40 32 de-

2893 1637 76 32 dica
2994 1637 33 32 di
3052 1639 123 38 queste
3199 1646 63 24 sue
3285 1638 180 31 Pastorali
3495 1646 19 23 a
3544 1637 169 41 Gregorio
3747 1639 68 31 Mar-

2891 1685 91 31 tinez
3006 1684 122 39 Sierra,
3153 1686 63 31 che
3241 1685 22 31 il
3286 1693 65 24 suo
3386 1693 105 24 cuore
3525 1685 137 32 sembra
3686 1693 44 24 un
3754 1694 66 30 pae

2891 1733 122 39 saggio
3044 1732 34 32 di
3113 1741 200 32 campagna,
3337 1740 55 23 ma
3425 1732 33 32 io
3490 1733 104 31 credo
3629 1733 63 31 che
3729 1733 30 31 ci
3782 1733 52 31 sia

2892 1780 148 38 qualche
3065 1788 86 23 cosa
3175 1780 33 31 di
3232 1780 56 39 più
3314 1780 32 31 di
3380 1788 44 23 un
3449 1780 167 39 semplice
3641 1780 192 40 paesaggio

2891 1827 163 40 pittorico
3073 1836 17 22 e
3115 1827 199 33 coloristico
3330 1827 85 33 fatto
3433 1827 255 40 d'impressioni
3707 1836 18 22 e
3744 1828 72 30 d'im-

2892 1874 135 41 magini.
3052 1874 58 31 C'è
3136 1883 67 22 una
3227 1875 248 39 penetrazione
3501 1874 73 32 così
3592 1875 99 30 vasta
3716 1883 17 22 e
3758 1874 74 31 così

2891 1930 200 22 commossa
3115 1923 32 30 di
3171 1923 85 31 tutta
3279 1921 33 32 la
3335 1923 129 34 natura,
3489 1922 63 30 che
3570 1930 19 22 a
3613 1921 108 39 prima
3744 1921 90 32 vista

2891 1968 31 31 ci
2946 1969 29 31 si
3010 1977 147 31 accorge
3182 1977 99 24 come
3316 1968 9 31 i
3360 1968 119 31 motivi
3512 1968 85 31 lirici
3632 1968 200 39 procedano

2892 2024 67 23 non
2983 2016 59 40 già
3067 2016 220 31 dall'esterno
3312 2015 190 32 all'interno
3526 2023 61 31 per
3604 2015 228 31 successione

2891 2064 209 38 d'immagini
3134 2064 64 30 che
3236 2064 177 31 suscitano
3442 2062 184 38 emozioni,
3650 2062 139 31 accordi
3815 2071 17 22 e

2890 2111 165 31 consensi
3080 2110 194 32 nell'animo
3309 2110 56 31 del
3399 2110 116 39 poeta,
3539 2117 53 23 ma
3617 2109 214 31 dall'interno

2890 2157 214 32 all'esterno:
3129 2157 21 31 il
3175 2158 190 39 paesaggio
3390 2156 78 32 vive
3493 2157 189 30 attraverso
3707 2156 34 31 lo
3764 2156 53 38 spi-

2862 2228 6 16 ,
2889 2205 75 38 rito,
2989 2204 163 32 cosicché
3178 2204 56 40 più
3260 2204 63 32 che
3347 2204 152 37 vederlo,
3523 2203 57 31 noi
3604 2204 33 30 lo
3662 2203 170 31 sentiamo

2890 2254 161 38 presente
3075 2252 109 31 anche
3209 2252 32 31 là
3265 2252 91 31 dove
3382 2251 8 30 i
3421 2251 107 31 colori
3553 2260 17 21 e
3595 2251 31 30 le
3651 2250 89 31 linee
3764 2258 67 23 non

2889 2307 89 24 sono
3002 2300 86 30 altro
3114 2300 62 30 che
3201 2298 158 32 contorni
3383 2297 164 33 indistinti
3571 2298 110 30 dietro
3707 2297 8 30 i
3741 2297 90 39 quali

2889 2355 131 31 appare
3044 2347 32 30 la
3100 2354 200 23 commossa
3323 2344 199 40 meraviglia
3551 2344 55 31 del
3632 2345 113 38 poeta.
3771 2342 60 33 C'è

2889 2402 67 23 una
2989 2394 139 31 fusione
3152 2392 146 40 perfetta
3331 2392 49 31 fra
3415 2392 9 30 i
3458 2391 162 32 momenti
3656 2391 84 31 lirici
3775 2391 56 31 del

2888 2440 193 40 paesaggio
3106 2449 17 22 e
3148 2440 32 31 la
3204 2439 166 39 passione
3387 2438 162 40 religiosa
3566 2438 55 30 del
3646 2438 103 38 poeta
3767 2438 63 31 che

2888 2487 113 31 anima
3026 2496 17 22 e
3069 2495 88 26 crea,
3182 2488 85 30 oltre
3297 2486 33 30 le
3364 2493 195 32 apparenze
3595 2485 167 36 sensorie,
3786 2492 43 22 un

2888 2535 128 30 mondo
3041 2534 57 40 più
3123 2534 118 31 intimo
3266 2542 18 22 e
3309 2532 57 40 più
3390 2532 152 32 raccolto
3567 2532 62 31 che
3653 2530 176 40 partecipa

2889 2582 90 31 della
3002 2582 89 31 terra
3115 2589 18 23 e
3158 2581 55 31 del
3238 2580 100 31 cielo.

3111 2664 227 62 Ettore
3381 2662 80 62 de
3506 2661 226 62 Zuani.

3786 2792 43 65 47
