4203 3017
504 238 293 48 POESIA

503 366 87 31 della
617 363 175 33 cazzuola.
817 361 115 40 Segno
958 361 63 30 che
1048 359 88 31 deve
1166 364 126 24 ancora
1318 354 126 40 meglio

504 416 195 32 esercitarsi
717 415 53 31 nel
789 414 157 39 piccone,
964 413 189 30 strumento
1172 409 56 41 più
1247 409 63 30 che
1329 408 117 30 adatto

504 471 27 29 a'
557 469 76 31 suoi
659 467 146 32 muscoli
830 465 177 40 giovanili.

546 522 74 31 Due
654 519 129 33 volumi
815 519 32 30 di
882 517 92 32 versi
1009 517 33 30 di
1078 515 194 32 bellissimo
1308 512 139 39 aspetto

503 574 130 40 grafico
651 582 18 22 e
687 573 33 30 di
739 572 187 31 contenuto
944 568 217 40 rispettabile
1180 575 89 23 sono
1294 565 154 32 Mussole

505 627 32 30 di
563 625 165 32 Lionello
753 623 113 32 Fiumi
901 631 18 23 e
956 622 49 31 La
1040 621 199 31 Meridiana
1264 619 34 30 di
1323 618 126 30 Pietro

505 677 130 34 Mastri
659 677 73 40 (Ed.
760 674 158 40 Taddei).
943 674 154 32 Lionello
1121 671 107 33 Fiumi
1253 671 18 31 è
1297 679 68 23 uno
1392 669 57 31 dei

504 730 173 40 campioni
695 730 56 38 più
777 727 241 40 appassionati
1044 726 90 31 della
1151 725 151 40 giovane
1322 723 123 39 poesia

506 783 146 31 italiana.
670 781 73 40 Egli
768 781 17 31 è
811 789 43 22 un
879 780 147 39 prodigo
1052 778 32 31 di
1109 775 195 34 sensibilità
1336 775 7 30 1
1371 774 77 31 suoi

505 835 114 31 tocchi
635 834 146 39 pittorici
797 841 88 22 sono
902 832 31 30 di
948 840 42 22 un
1002 831 54 30 bel
1071 831 165 29 carattere
1252 827 197 40 personale.

506 887 33 33 Si
553 887 180 39 compiace
748 884 178 41 diimagini
941 884 103 36 nette,
1059 883 122 35 recise,
1197 881 146 39 qualche
1357 880 94 29 volta

505 948 43 22 un
574 940 55 39 po'
656 938 228 40 paradossali,
912 945 52 22 ma
981 944 137 29 sempre
1136 935 78 30 d'un
1233 933 92 30 buon
1345 932 105 40 taglio

506 992 212 40 espressivo.
737 982 25 39 È
786 998 42 22 un
854 989 159 39 sapiente
1031 987 197 40 regolatore
1247 986 32 30 di
1305 985 82 30 luci:
1407 984 43 31 ed

506 1045 108 31 anche
649 1044 31 30 in
717 1043 102 39 quelli
856 1043 62 30 che
954 1041 57 30 noi
1037 1039 170 33 lombardi
1233 1037 218 37 chiamiamo,

508 1106 66 23 con
600 1095 271 39 onomatopeico
908 1095 130 36 valore,
1073 1092 149 31 chiasmi
1245 1099 66 22 non
1337 1091 113 30 riesce

507 1151 65 30 mai
607 1149 174 32 offensivo
819 1156 19 23 o
876 1147 265 30 nervosamente
1171 1144 123 31 ostico.
1321 1142 44 32 La
1390 1150 62 24 sua

507 1203 123 39 poesia
655 1201 122 32 oscilla
793 1201 49 30 fra
868 1200 194 31 l'incisione
1080 1208 18 21 e
1116 1199 31 30 la
1164 1197 183 32 blandizie.
1372 1196 79 30 Arte

506 1257 238 35 interessante,
768 1255 93 30 forse
886 1254 32 30 di
943 1252 143 31 tonalità
1111 1260 42 21 un
1179 1251 58 39 po'
1256 1250 179 31 insistente-

506 1309 112 31 mente
637 1308 212 31 descrittiva:
866 1315 61 24 ma,
942 1306 32 29 in
994 1305 163 37 Mussole,
1179 1304 113 39 piena,
1310 1311 142 24 sonora,

507 1362 124 31 ardita:
657 1370 28 29 e,
705 1360 155 37 insieme,
879 1359 158 37 delicata,
1055 1357 203 37 insinuante,
1277 1363 176 31 vaporosa

509 1422 97 23 come
632 1414 20 29 il
677 1413 99 31 titolo
802 1412 152 31 afferma.

550 1466 113 32 Pietro
689 1465 116 31 Mastri
830 1465 88 30 colla
937 1472 61 23 sua
1016 1462 209 37 Meridiana,
1245 1462 29 30 ci
1293 1461 28 31 si
1346 1461 108 30 rivela

508 1527 130 31 capace
662 1518 206 30 costruttore
888 1516 32 30 di
938 1516 117 30 liriche
1074 1513 215 33 abbondanti
1315 1513 33 30 di
1373 1521 60 23 con-

507 1572 118 29 tenuto
651 1578 29 28 e,
706 1577 66 31 qua
798 1577 18 22 e
842 1569 40 33 là,
909 1568 100 30 d'una
1034 1568 92 31 certa
1167 1565 229 42 suggestività
1421 1564 33 31 di

511 1623 119 31 forma.

550 1675 271 38 L'inspirazione
856 1673 18 31 è
907 1673 214 31 abbastanza
1145 1671 105 32 varia.
1277 1670 93 32 Poca
1396 1678 38 22 va-

511 1727 83 32 rietà
626 1728 131 37 invece,
790 1725 54 32 nei
875 1725 109 31 mezzi
1023 1724 134 32 tecnici.
1200 1724 156 31 L'autore
1395 1730 42 32 po-

510 1781 121 31 trebbe
657 1787 100 23 osire
784 1778 199 40 nell'ignoto
1009 1777 55 32 dei
1096 1777 88 30 ritmi
1211 1785 17 22 e
1252 1776 72 31 fare
1350 1784 107 30 opera

510 1834 109 30 anche
645 1832 56 39 più
727 1831 229 31 interessante
991 1829 33 32 di
1059 1830 139 38 questa:
1224 1828 31 31 la
1290 1828 102 39 quale
1428 1826 30 40 è,

511 1894 63 31 pur
597 1884 153 38 tuttavia,
767 1892 67 22 non
849 1883 95 39 priva
969 1882 103 31 d'una
1089 1882 93 31 certa
1206 1880 251 40 piacevolezza

513 1937 31 31 di
569 1945 112 23 suono
706 1945 29 28 e,
760 1935 237 39 nell'insieme,
1016 1935 116 30 dotata
1158 1934 102 31 d'una
1285 1934 93 31 certa
1403 1941 36 22 or-

511 1989 149 40 ganicità
685 1988 302 39 d'impostazione.
1011 1976 26 41 É
1062 1995 44 23 un
1132 1985 107 32 Poeta
1263 1986 64 31 che
1352 1986 106 31 credo

513 2042 28 30 si
565 2041 188 39 preoccupi
779 2040 70 31 fino
868 2049 18 21 a
905 2047 43 23 un
967 2040 94 30 certo
1079 2040 107 38 punto
1205 2038 55 32 dei
1287 2036 171 40 problemi

512 2094 155 32 esteriori
685 2094 90 30 della
791 2092 138 32 Poesia.
954 2083 24 40 È
996 2092 68 31 allo
1081 2092 91 31 stato
1189 2091 154 31 d'animo
1368 2090 73 32 ch'e-

512 2146 46 40 gli
581 2147 103 30 tiene.
709 2145 121 32 Perciò
855 2146 31 30 la
911 2144 197 32 Meridiana
1138 2144 43 31 ha
1205 2144 126 39 pagine
1356 2143 102 31 d'una

513 2199 163 31 notevole
701 2198 200 31 vibrazione
926 2197 173 40 psichica:
1118 2205 18 23 e
1154 2197 64 31 che
1244 2197 113 31 danno
1376 2195 67 31 l'im-

514 2252 183 38 pressione
711 2250 153 32 d'essere
878 2249 265 41 genuinamente
1161 2249 144 31 sincere.
1320 2247 139 39 Poesia,

1768 346 262 37 naturalmente,
2055 344 56 39 più
2136 343 234 31 interessante
2396 348 60 32 per
2480 339 150 32 l'Autore
2657 339 66 30 che

1772 400 56 40 pel
1853 400 136 30 lettore.

1811 451 162 33 Antonio
1988 450 122 32 Bruno
2127 449 74 39 (Ed.
2218 447 171 37 futurista,
2401 444 146 40 Milano)
2563 444 162 39 pubblica

1769 513 68 24 uno
1847 504 255 33 Schiarimento
2117 503 164 31 catanese
2296 501 34 30 in
2347 499 119 40 difesa
2480 498 92 31 della
2587 497 138 37 Poesia,

1769 559 56 30 dal
1850 557 100 31 titolo
1973 557 52 31 Un
2048 559 107 36 poeta
2178 554 37 31 di
2237 552 199 33 Provincia.

1811 611 35 29 E'
1872 609 119 31 scritto
2016 617 65 22 con
2107 616 67 23 una
2197 605 99 34 vèrve
2326 603 228 33 indiavolata:
2580 602 145 31 l'autore

1771 663 55 31 dei
1852 661 132 32 Fuochi
2006 661 35 31 di
2069 659 163 40 Bengala
2258 666 67 23 non
2357 656 19 32 è
2409 656 21 31 il
2457 656 108 39 primo
2596 655 128 31 venuto

1770 725 18 22 e
1807 715 183 40 sappiamo
2043 715 63 30 che
2159 712 19 32 è
2228 720 42 23 un
2321 710 150 40 giovane
2519 709 208 38 d'ingegno.

1769 768 259 32 Naturalmente
2063 775 68 22 non
2168 773 113 32 posso
2317 771 121 24 essere
2476 762 191 31 entusiasta
2693 760 32 30 di

1771 821 144 32 vederlo
1941 820 159 39 sciupare
2125 819 133 31 talento
2284 826 18 23 e
2328 822 91 26 carta
2444 816 31 31 in
2508 823 69 23 uno
2610 814 117 32 studio

1771 874 35 31 di
1830 875 167 30 carattere
2021 871 269 41 pampklètaire.
2317 870 51 31 Ho
2387 877 137 31 sempre
2551 868 175 30 detestato

1772 928 20 29 il
1818 929 157 29 costume
2002 925 174 31 letterario
2213 924 117 31 italico
2366 920 360 33 dell'azzannamento

1771 988 39 23 se
1835 988 68 22 non
1929 980 32 30 in
1976 978 155 40 famiglia
2147 978 36 40 (o
2204 976 131 40 Papini,
2353 975 78 31 l'hai
2450 982 64 32 pur
2531 974 126 38 saputo

1773 1035 31 30 in
1832 1032 188 39 provincia.
2044 1032 45 29 La
2114 1032 98 38 parte
2239 1029 56 39 più
2315 1028 133 32 caduca
2467 1027 154 31 dell'arte
2646 1025 67 31 luci-

1775 1087 99 30 niana
1900 1085 17 32 è
1943 1086 115 38 quella
2089 1093 108 29 spesa
2232 1083 89 31 nelle
2358 1080 145 32 diatribe
2530 1079 198 40 personali:

1775 1140 108 38 prima
1907 1138 49 31 fra
1980 1138 85 31 tutte
2091 1136 374 32 VAntidannunziana',
2492 1132 41 32 nè
2549 1133 43 29 mi
2610 1132 34 31 fu
2663 1131 66 31 mai

1773 1191 184 39 simpatico
1989 1199 158 31 neppure
2172 1188 298 41 l'atteggiamento
2497 1185 231 33 carducciano

1775 1253 102 23 verso
1903 1245 21 29 il
1950 1242 190 40 Rapisardi.
2168 1241 247 33 Solleviamoci
2449 1247 65 23 con
2540 1239 31 31 le
2603 1246 127 31 opere:

1775 1297 167 31 battiamo
1966 1296 45 40 gli
2037 1294 178 33 avversari
2241 1294 31 31 in
2296 1293 77 31 tutti
2399 1293 8 30 i
2439 1291 142 32 records
2613 1289 99 40 possi-

1777 1350 72 31 bili:
1887 1358 53 22 ma
1978 1348 293 39 centocinquanta
2307 1346 127 41 pagine
2465 1352 91 24 sono
2592 1345 139 37 troppe,

1775 1403 110 29 anche
1917 1410 38 22 se
1980 1401 186 31 volessero
2201 1400 172 30 stritolare
2410 1397 112 31 Dante
2557 1395 175 41 Alighieri.

1774 1455 201 31 Sovratutto
2005 1454 42 30 da
2074 1454 95 39 parte
2196 1453 32 30 di
2254 1461 44 22 un
2321 1450 162 32 futurista
2501 1450 6 30 !

1818 1506 97 32 Versi
1955 1506 32 30 di
2027 1505 176 31 mediocre
2241 1504 121 32 rilievo
2398 1503 97 30 lirico
2533 1510 17 22 e
2587 1501 144 30 formale

1775 1559 167 40 pubblica
1968 1557 170 33 Raffaele
2169 1556 181 41 Ciampini
2382 1555 151 41 (Poesie,
2568 1554 60 31 Ed.
2652 1553 61 31 Ber-

1775 1612 99 39 lutti).
1910 1611 74 31 Una
2020 1612 93 30 certa
2148 1609 272 33 scorrevolezza
2455 1608 33 31 di
2524 1607 119 37 strofe,
2679 1614 54 22 ma

1775 1674 120 22 scarsa
1930 1664 196 40 originalità
2160 1672 18 23 e
2214 1663 119 31 motivi
2369 1661 159 32 d'ordine
2564 1659 168 32 musicale

1776 1717 230 31 stravecchio.
2032 1715 42 32 Di
2109 1716 66 31 ben
2211 1716 140 30 diversa
2386 1713 206 37 sensibilità,
2628 1720 86 31 quan-

1775 1772 130 37 tunque
1931 1768 292 41 d'impostazione
2241 1776 68 23 non
2328 1766 304 33 eccessivamente
2658 1773 57 31 sug-

1776 1822 152 41 gestiva,
1953 1830 53 23 ma
2031 1830 65 23 con
2114 1822 174 31 tendenze
2307 1829 19 22 a
2342 1818 216 33 liberazione
2584 1818 33 30 di
2636 1817 99 32 metri

1780 1877 43 30 ed
1849 1884 19 23 a
1893 1875 181 32 latitudine
2099 1874 33 31 di
2157 1874 135 39 respiro
2319 1873 20 30 il
2364 1872 141 31 Piccolo
2528 1879 127 31 poema
2680 1869 57 32 dei

1777 1928 114 32 nostri
1910 1928 123 39 giorni
2055 1928 33 30 di
2107 1926 155 32 Alfredo
2280 1924 174 33 Fetrucci
2470 1924 76 40 (Ed.
2564 1922 173 34 Giuntini-

1778 1981 247 40 Bentivoglio).
2050 1980 112 31 Carmi
2188 1980 101 31 d'una
2307 1979 93 31 certa
2416 1976 134 32 nobiltà
2575 1977 33 31 di
2633 1976 103 32 linea,

1779 2043 54 22 ma
1857 2034 236 38 riproducenti
2129 2032 9 31 i
2173 2032 101 32 suoni
2307 2031 102 31 d'una
2444 2030 293 40 magniloquenza

1778 2088 217 38 sorpassata,
2020 2094 90 23 sono
2136 2085 106 40 quelli
2274 2084 56 32 dal
2355 2084 116 31 titolo:
2496 2083 73 31 Dai
2590 2083 107 40 sogni
2719 2090 18 23 e

1778 2139 97 32 dalla
1898 2139 69 32 vita
1985 2139 34 31 di
2037 2138 132 33 Attilio
2187 2137 96 34 Rota
2300 2136 73 41 (Ed.
2392 2136 127 32 Orsatti
2545 2145 18 22 e
2587 2135 150 39 Zinelli).

1780 2192 159 37 Qualche
1964 2192 117 39 grazia
2117 2192 31 30 in
2184 2190 276 32 un'abbastanza
2487 2189 185 40 peregrino
2697 2188 27 30 ri-

1780 2253 139 23 cercare
1945 2253 38 23 se
2008 2245 118 30 stesso
2152 2244 97 30 entro
2268 2243 32 30 la
2324 2243 110 30 forma
2458 2241 110 31 libera
2592 2239 29 32 si
2639 2242 98 29 trova

3046 335 89 31 nella
3176 333 115 32 Tenda
3326 340 17 23 e
3368 332 35 31 la
3432 332 93 31 notte
3557 331 33 31 di
3615 330 186 40 Calogero
3832 330 166 33 Bonavia

3044 388 75 40 (Ed.
3145 384 185 42 Cardella).
3355 384 56 32 Ma
3435 384 110 32 anche
3571 383 91 31 delle
3680 382 219 32 scarsissime
3924 391 57 24 sco-

3046 442 115 38 perte:
3188 438 175 40 esempio:

3088 522 260 34 NOVEMBRE:
3380 521 62 33 Gli
3474 520 113 33 alberi
3620 520 33 31 si
3686 520 209 31 convertono
3930 520 71 31 alla

3045 576 156 41 povertà.
3227 576 39 32 Si
3297 575 191 40 spogliano
3524 573 89 32 delle
3649 573 75 31 loro
3754 572 174 40 gemmate
3952 581 34 23 ve-

3043 631 179 31 stimenta.
3250 629 29 30 E
3303 628 192 31 indossano
3521 635 45 22 un
3591 628 77 29 saio
3690 624 122 40 grigio
3836 633 19 23 o
3878 625 121 39 giallo.

3089 715 139 37 Qualità
3253 714 56 31 del
3333 720 140 33 genere,
3498 711 94 32 forse
3619 710 128 40 meglio
3768 709 181 39 orientate,
3972 709 29 31 si

3048 769 219 31 riscontrano
3303 767 55 31 nel
3394 765 129 33 Cortile
3559 765 36 30 di
3628 764 109 31 Berta
3763 763 33 31 di
3823 763 96 32 Luca
3943 762 42 31 Pi-

3047 822 117 40 gliato
3188 821 74 40 (Ed.
3286 818 129 41 Travi).
3441 818 94 31 Altro
3562 816 177 40 esempio:

3049 913 343 34 ILLUMINAZIONE
3416 911 168 35 VERDE:

3177 979 47 31 Le
3248 977 113 32 messi
3382 976 216 33 illuminano
3623 974 40 32 di
3685 974 106 31 verde

3177 1031 14 31 i
3213 1030 120 33 nostri
3356 1030 68 31 visi
3445 1029 46 32 ed
3514 1029 28 30 il
3564 1028 103 31 cielo.

3178 1084 43 31 Le
3247 1084 127 31 lacerte
3397 1081 222 34 smeraldine
3644 1080 127 40 rigano
3798 1080 85 30 leste

3179 1138 25 31 il
3227 1136 224 32 muricciaolo
3477 1136 100 30 color
3600 1132 128 33 d'erba
3752 1140 130 24 nuova.

3179 1190 39 31 In
3237 1189 120 39 fondo
3378 1195 165 32 passano
3568 1188 14 30 i
3605 1186 97 32 venti

3180 1250 97 23 come
3301 1241 98 32 asini
3421 1239 138 33 carichi
3582 1238 39 32 di
3637 1238 119 39 fieno.

3095 1336 223 41 Espressioni
3332 1338 130 37 troppo
3476 1334 95 32 tenui
3587 1334 32 31 di
3637 1332 133 33 dubbia
3787 1331 224 32 consistenza

3052 1391 34 31 in
3111 1391 91 31 linea
3227 1391 106 30 d'arte
3357 1389 44 31 Le
3420 1388 117 31 driadi
3552 1387 75 39 (Ed.
3653 1385 190 39 Centauro)
3869 1385 33 30 di
3928 1383 82 32 Vito

3053 1444 82 31 Mar
3157 1442 178 38 Nicolosi,
3359 1450 69 23 non
3455 1440 96 40 prive
3578 1439 86 40 però
3696 1439 33 31 di
3756 1438 148 39 qualche
3929 1436 81 32 alito

3056 1496 211 31 melodioso.

3097 1550 100 31 Della
3215 1548 162 32 sincerità
3395 1548 154 31 cordiale
3568 1555 17 23 e
3605 1546 92 32 della
3721 1544 115 32 italica
3860 1541 152 34 melodia

3054 1604 34 30 in
3112 1603 71 31 Mio
3218 1603 103 30 canto
3356 1601 189 39 all'aperto
3575 1599 33 31 di
3643 1597 184 33 Giovanni
3864 1595 145 41 Caputo

3051 1655 197 41 (Quintieri,
3283 1654 158 39 Milano).
3476 1653 129 37 Anche,
3642 1650 98 40 però,
3773 1649 96 33 molti
3906 1647 91 41 volgi-

3055 1709 106 32 menti
3185 1708 106 31 usati:
3317 1715 66 23 una
3410 1706 125 39 poesia
3570 1705 64 31 che
3671 1705 45 31 ha
3751 1710 94 33 poco
3878 1710 19 23 o
3923 1701 91 32 nulla

3055 1762 130 31 sentito
3203 1760 20 32 il
3241 1760 136 32 ciclone
3396 1758 158 32 elettrico
3573 1757 33 31 di
3626 1756 114 39 questi
3755 1755 90 38 anni,
3863 1754 152 31 maestro

3056 1833 39 4 —
3119 1813 153 33 checché
3297 1814 30 30 si
3352 1812 101 40 pensi
3478 1829 40 3 —
3543 1810 106 32 d'arte
3677 1819 18 23 e
3721 1810 33 30 di
3779 1809 85 31 vita:
3881 1816 19 23 a
3919 1806 96 41 poeti

3056 1868 103 32 d'una
3183 1868 94 30 certa
3295 1866 116 31 buona
3429 1872 102 23 razza
3556 1863 127 38 nativa,
3700 1870 102 24 come
3822 1860 125 41 questi,
3972 1867 43 23 un

3057 1920 116 40 bagno
3199 1920 33 30 di
3256 1918 181 32 futurismo
3464 1916 143 32 farebbe
3631 1915 165 32 tutt'altro
3823 1914 63 32 che
3906 1910 108 33 male!

3097 1973 78 31 Non
3201 1973 127 39 questo
3354 1971 112 39 potrei
3491 1969 73 31 dire
3591 1969 32 31 di
3654 1968 99 32 Versi
3780 1975 64 23 con
3874 1966 55 40 gli
3961 1973 38 24 ac-

3055 2025 95 33 centi
3171 2034 16 22 e
3222 2032 64 24 con
3323 2023 29 31 le
3378 2023 86 31 rime
3495 2021 33 32 di
3554 2020 173 33 Torrello
3766 2017 249 35 Fanciullacci

3056 2079 76 39 (Ed.
3159 2077 136 33 Unione
3322 2075 195 41 Perugina),
3542 2074 125 32 scialbi
3693 2082 18 23 e
3737 2074 89 30 vani.

3058 2131 122 32 Mario
3204 2128 169 34 Venditti
3399 2136 18 24 e
3442 2128 211 31 Francesco
3679 2126 171 31 Merlano
3881 2123 119 41 pubbli-

3058 2192 131 24 carono
3216 2190 85 24 cose
3328 2180 222 33 interessanti
3576 2179 90 31 nelle
3691 2178 131 33 Riviste
3848 2177 50 31 La
3922 2176 72 35 Ron-

3058 2237 81 31 dine
3166 2245 17 23 e
3210 2234 309 39 l'Avanscoperta.

3452 2369 215 64 Paolo
3974 2368 35 63 Buzzi.

523 2806 43 58 50
