2884 3048
71 180 89 37 VER
182 183 199 35 SACRUM.

1338 2856 24 24 19

380 735 258 44 UNSEREN
663 729 213 52 JUNGEN
903 724 171 57 ARCHITEKTEN.

555 843 91 29 VON
661 840 132 30 ADOLF
808 837 112 29 LOOS.

392 1777 36 26 Ist
444 1775 43 28 die
502 1772 178 29 Architektur
696 1769 73 28 noch
787 1770 59 25 eine
862 1765 111 28 Kunst?
993 1764 64 27 Fast
1076 1763 109 26 möchte

304 1825 67 16 man
390 1825 28 16 es
438 1823 34 18 zu
491 1813 148 26 verneinen
659 1807 111 29 suchen*
790 1806 56 26 Der
865 1802 145 29 Architekt
1028 1801 49 26 hat
1096 1799 89 27 weder

304 1851 143 28 innerhalb
460 1850 45 28 der
513 1845 219 32 Künstlerschaft
744 1843 73 28 noch
829 1845 38 24 im
876 1840 144 28 Publicum
1033 1838 53 27 den
1099 1837 70 27 Stem-

304 1889 44 33 pel
360 1889 46 27 des
418 1888 92 27 vollen
522 1884 234 29 Künstlerthums.
774 1881 57 27 Der
843 1875 232 31 unbedeutendste
1087 1875 98 29 Maler,

304 1925 47 27 der
368 1926 116 26 kleinste
502 1924 156 29 Bildhauer,
677 1920 46 28 der
740 1917 167 29 schwächste
925 1912 187 34 Schauspieler
1130 1912 56 25 und

305 1962 46 27 der
363 1962 253 34 unaufgeführteste
629 1959 162 32 Componist
808 1954 120 28 nehmen
940 1950 247 34 uneingeschränkt

306 1998 42 27 die
361 1998 221 28 Künstlerschaft
599 1997 42 27 für
657 1995 57 28 sich
726 1997 28 24 in
766 1990 147 35 Anspruch
925 1987 56 29 und
995 1985 113 29 dieselbe
1121 1985 66 26 wird

304 2035 86 27 ihnen
402 2046 56 16 von
472 2036 45 26 der
530 2035 75 28 Welt
617 2033 72 28 auch
700 2032 83 33 willig
799 2027 127 37 gegeben*
947 2026 74 26 Aber
1034 2026 45 24 der
1091 2026 80 23 Archi-

305 2072 59 26 tekt
377 2083 74 16 muss
464 2073 85 26 schon
561 2068 242 36 Hervorragendes
816 2066 119 35 geleistet
946 2062 99 30 haben,
1059 2061 50 26 ehe
1122 2069 65 16 man

306 2108 47 26 ihn
367 2112 28 23 in
408 2109 42 27 die
463 2110 109 26 Reihen
584 2109 46 27 der
643 2107 131 28 Künstler
787 2104 155 27 aufnimmt*

396 2146 77 27 Zwei
480 2146 135 27 Factoren
627 2145 91 27 haben
727 2142 154 36 gearbeitet,
894 2139 48 27 das
950 2137 119 32 Prestige
1082 2135 45 26 der
1136 2135 34 24 Ar-

307 2181 139 27 chitekten
458 2192 34 18 zu
502 2183 191 34 untergraben*
705 2182 57 26 Der
770 2184 67 23 erste
846 2181 33 24 ist
887 2176 46 28 der
942 2175 85 28 Staat,
1041 2172 44 27 der
1094 2175 93 23 zweite

307 2217 60 27 sind
376 2218 42 27 die
431 2219 182 28 Architekten
622 2219 88 28 selbst*
723 2219 56 26 Der
788 2217 78 27 Staat
877 2214 49 27 hat
934 2223 36 16 an
983 2213 91 25 seinen
1086 2208 87 27 techni-

307 2253 82 28 schen
398 2255 197 28 Hochschulen
602 2257 159 33 Prüfungen
771 2252 153 35 eingeführt
936 2248 57 28 und
1002 2247 42 28 die
1050 2245 137 33 Prüflinge

308 2291 118 33 glauben
437 2293 57 26 sich
504 2304 58 16 nun
572 2294 157 32 berechtigt,
738 2292 47 27 auf
792 2289 96 29 Grund
897 2288 46 27 der
951 2288 49 25 mit
1007 2283 92 33 Erfolg
1108 2282 64 33 abge-

1230 1760 89 33 legten
1331 1759 125 33 Prüfung:
1464 1758 53 27 den
1526 1758 199 27 Berufsnamen
1731 1756 145 28 Architekt
1888 1759 51 25 wie
1948 1759 80 25 einen
2037 1755 73 28 Titel

1230 1797 98 27 führen
1336 1806 35 18 zu
1378 1796 123 26 können*
1507 1795 82 27 Diese
1594 1795 83 26 Farce
1687 1797 80 31 gieng
1773 1804 79 24 sogar
1859 1804 29 16 so
1897 1796 72 28 weit,
1977 1793 61 27 dass
2045 1803 65 16 man

1231 1844 36 17 an
1277 1833 42 27 die
1325 1833 159 34 Regierung
1496 1835 49 23 mit
1554 1832 62 27 dem
1626 1831 139 27 Ersuchen
1778 1831 173 27 herantreten
1959 1831 100 30 wollte,
2068 1830 43 27 die

1231 1870 192 33 Bezeichnung
1431 1869 145 27 Architekt
1589 1869 38 26 als
1637 1868 74 27 Titel
1723 1868 42 27 für
1778 1868 42 27 die
1833 1867 179 27 absolvierten
2021 1866 72 28 Tech-

1231 1908 78 27 niker
1317 1908 46 26 der
1367 1906 323 33 Hochbau-Abtheilung
1698 1905 142 34 gesetzlich
1847 1915 34 18 zu
1891 1905 138 27 schützen*
2041 1905 71 25 Dass

1232 1945 105 27 damals
1354 1944 47 27 das
1418 1953 85 25 ganze
1517 1943 131 34 gebildete
1660 1943 83 27 Wien
1756 1942 75 27 nicht
1846 1944 28 25 in
1887 1944 44 25 ein
1944 1952 111 24 grosses,
2068 1941 30 27 be-

1231 1982 130 27 freiendes
1373 1981 111 27 Lachen
1502 1980 202 35 ausgebrochen
1716 1983 42 27 ist,
1775 1982 70 31 zeigt
1862 1979 73 27 wohl
1953 1979 96 27 bereits
2065 1988 48 18 zur

1233 2019 125 33 Genüge,
1370 2021 52 24 wie
1430 2018 47 27 tief
1485 2018 84 27 schon
1579 2017 85 27 durch
1673 2017 70 27 diese
1752 2017 160 33 Prüfungen
1925 2017 43 26 die
1976 2016 138 33 Meinung

1233 2060 40 23 ins
1285 2056 77 27 Volk
1380 2055 158 34 gedrungen
1549 2057 42 28 ist,
1609 2055 38 26 als
1660 2054 34 27 ob
1707 2054 42 27 die
1762 2054 178 27 Architektur
1952 2056 60 23 eine
2025 2052 88 27 Sache

1233 2098 81 25 wäre,
1333 2092 42 27 die
1394 2102 66 17 man
1477 2093 122 26 erlernen
1616 2092 105 26 könnte
1742 2091 57 27 und
1817 2090 66 27 über
1900 2090 82 27 deren
2002 2090 96 26 Beherr-

1232 2130 106 33 schung
1346 2140 66 16 man
1421 2129 56 27 sich
1487 2131 43 25 ein
1539 2129 120 33 Zeugnis
1668 2129 143 26 ausstellen
1819 2129 89 25 lassen
1915 2127 115 27 könnte*
2043 2126 71 26 Man

1233 2167 89 27 denke
1339 2167 56 26 sich
1411 2166 42 27 die
1470 2176 85 24 ganze
1572 2166 159 33 Bewegung
1746 2176 51 15 nur
1814 2165 47 26 auf
1873 2164 42 27 die
1928 2164 97 27 Musik
2037 2163 61 27 über-

1232 2210 104 28 tragen*
1355 2203 59 27 Das
1427 2203 212 33 Componieren,
1656 2202 62 27 dem
1731 2201 129 27 Schaffen
1876 2201 46 27 des
1934 2200 180 27 Architekten

1233 2252 29 17 so
1275 2244 75 31 innig
1362 2240 151 30 verwandt,
1525 2240 76 27 sollte
1614 2239 72 27 nach
1699 2239 46 26 der
1753 2239 137 33 Meinung
1903 2238 46 27 der
1961 2238 136 26 Conserva-

1233 2281 110 24 toristen
1352 2288 51 16 nur
1415 2280 89 29 jenem
1514 2281 125 29 gestattet
1647 2278 65 28 sein,
1726 2275 45 28 der
1781 2278 59 24 eine
1849 2275 125 33 Prüfung
1985 2285 46 16 am
2041 2274 55 26 Con-

2195 668 147 19 Architektonische
2351 668 64 19 Studien

2311 694 46 15 von
2368 690 13 19 Jos.
2384 690 31 19 Hoffmann.

2365 712 8 18 Aus
2375 712 10 18 „Der
2388 712 27 18 Architekt“.

2199 758 79 22 Verlag
2298 762 46 14 von
2362 757 12 23 Ant.
2377 757 20 23 Schroll
2400 757 3 23 &
2406 757 9 23 Co.
