2904 3048
99 236 89 38 VER
213 244 199 34 SACRUM.

1318 2933 27 27 13

738 399 134 39 LICHT
900 399 118 38 UND
1047 396 157 40 LUFT.

929 464 33 27 Von
973 464 44 27 PAUL
1028 464 122 27 SCHEERBART.

810 614 44 33 Üb
857 631 26 16 er
893 620 47 27 das
952 618 249 28 Schablonenhafte

763 658 45 27 der
817 656 196 34 europäischen
1022 655 158 27 Wohnhaus-

762 694 165 28 architefctur
933 692 58 27 sind
996 692 95 27 bereits
1096 702 30 17 so
1131 692 69 27 viele

761 736 115 30 garstige
902 730 56 27 und
982 729 91 34 giftige
1092 728 107 27 Artikel

761 767 172 35 geschrieben
953 766 121 31 worden,
1093 765 61 27 dass
1171 776 28 16 es

760 806 87 25 kaum
879 804 72 26 noch
982 813 34 18 zu
1047 802 151 28 verlohnen

316 840 114 32 scheint,
444 842 48 27 das
504 853 30 16 so
548 843 38 27 oft
596 843 118 33 Gesagte
726 845 51 24 mit
789 841 119 27 anderen
917 841 115 27 Worten
1045 849 34 18 zu
1088 839 95 27 wieder-

316 877 93 28 holen*
428 879 59 27 Das
505 882 33 25 ist
556 880 72 27 auch
645 880 76 27 nicht
737 879 104 33 nöthig,
860 878 73 27 denn
950 877 45 27 der
1012 876 89 27 Tadel
1118 876 80 27 allein

317 915 93 28 macht
419 916 73 27 noch
500 918 88 26 nichts
598 917 95 27 besser*
703 916 64 27 Und
778 916 59 27 aufs
846 913 213 29 Bessermachen
1066 913 132 27 kommt's

316 951 72 28 doch
404 963 45 17 an*
470 954 111 27 Wollen
598 957 48 24 wir
663 954 63 27 aber
743 953 84 27 dieses
842 951 117 31 fördern,
974 961 29 17 so
1020 955 110 22 müssen
1150 952 48 25 wir

315 990 134 27 zunächst
465 990 43 28 die
524 991 112 28 Wurzel
653 991 45 26 des
715 984 82 33 Übels
813 990 140 27 erkennen
1020 990 49 25 wir
1089 992 109 22 müssen

316 1028 28 24 in
357 1037 125 17 unserem
496 1028 74 27 Falle
583 1031 106 28 wissen,
702 1027 132 27 welchem
843 1024 153 29 Umstande
1009 1024 47 27 das
1070 1023 112 27 Schablo-

316 1063 131 28 nenhafte
454 1064 46 28 der
507 1064 197 34 europäischen
711 1061 334 31 Wohnhausarchitektur
1053 1063 73 25 seine
1134 1061 48 26 Ent-

315 1100 118 35 stehung
445 1101 144 28 verdankt*

404 1138 47 27 Ich
463 1139 108 33 glaube,
584 1139 42 27 die
639 1138 112 28 Wurzel
763 1137 46 27 des
822 1131 82 33 Übels
917 1135 117 27 erkannt
1046 1144 34 18 zu
1092 1134 106 27 haben:

315 1173 63 28 dem
386 1169 156 34 Überflüsse
550 1186 36 16 an
594 1175 217 33 durchsichtigen
819 1172 237 28 Fensterscheiben
1063 1171 135 27 verdankt

314 1212 73 26 nach
404 1215 104 25 meiner
526 1213 138 33 Meinung
681 1212 48 27 das
742 1209 249 29 Schablonenhafte
1010 1208 46 27 der
1075 1211 108 30 europäi-

314 1248 83 29 schen
410 1249 336 28 Wohnhausarchitektur
758 1250 73 25 seine
843 1246 181 33 Entstehung*

403 1287 54 26 Für
470 1286 42 27 die
525 1286 279 27 Aussenarchitektur
816 1288 33 23 ist
862 1284 42 27 die
916 1282 266 33 Schablonisierungs-

314 1323 74 27 kraft
400 1323 46 28 der
458 1323 218 34 durchsichtigen
689 1321 237 28 Fensterscheiben
940 1319 71 28 ohne
1020 1319 132 27 Weiteres
1169 1321 28 24 in

314 1360 43 28 die
369 1360 102 34 Augen
487 1360 155 34 springend*
661 1360 74 26 Aber
754 1359 71 27 auch
843 1358 43 27 die
898 1356 254 27 Innenarchitektur
1165 1358 32 24 ist

314 1397 86 28 durch
407 1398 43 27 die
454 1397 123 27 usuellen
582 1397 316 32 Fensterarrangements
902 1396 28 24 in
936 1393 45 27 der
987 1393 210 33 Entwickelung

313 1435 73 27 nach
399 1434 71 28 allen
483 1434 91 27 Seiten
586 1433 151 28 behindert*

402 1472 53 27 Die
467 1470 239 28 Fensterscheiben
724 1470 121 26 nehmen
863 1478 34 18 zu
915 1467 54 26 viel
981 1467 95 26 Raum
1095 1469 52 29 ein,
1167 1476 29 17 so

314 1509 61 27 dass
387 1511 60 25 eine
459 1508 207 33 symmetrische
675 1506 182 33 Vertheilung
868 1505 46 26 des
922 1504 95 27 Glases
1030 1514 51 16 nur
1094 1503 103 27 schwer

313 1556 34 18 zu
360 1545 139 35 umgehen
512 1547 41 25 ist*

402 1583 118 27 Warum
540 1582 64 27 aber
623 1581 121 27 nehmen
770 1580 43 27 die
832 1577 238 29 Fensterscheiben
1090 1586 34 19 zu
1144 1577 53 26 viel

1340 395 115 27 Wenn's
1464 394 139 35 irgendwo
1612 394 56 27 mal
1676 397 42 24 ein
1724 394 110 27 bischen
1840 395 139 28 wohnlich
1990 399 27 24 in
2023 396 111 34 Europa

1251 432 127 31 aussieht,
1399 442 29 17 so
1447 432 77 27 kann
1543 442 66 16 man
1629 431 52 27 fast
1700 432 174 33 regelmässig
1889 432 167 34 behaupten,
2073 434 61 27 dass

1250 470 42 27 die
1304 469 193 33 Haupteffecte
1515 474 84 29 guten
1616 468 207 28 orientalischen
1841 469 163 28 Vorbildern
2024 480 35 18 zu
2076 481 44 17 ver-

1249 507 111 26 danken
1372 505 68 32 sind,
1450 506 79 27 oder:
1541 509 49 23 wir
1598 505 91 27 haben
1698 508 44 24 ein
1751 506 125 34 richtiges
1885 506 249 29 Künstler-Atelier

1248 554 49 16 vor
1309 554 60 16 uns*

1335 580 62 27 Wie
1416 580 110 26 kommt
1544 590 27 16 es
1591 590 68 21 nun,
1678 580 61 26 dass
1759 579 42 28 die
1821 580 261 28 Künstler-Ateliers
2102 592 29 17 so

1245 617 97 34 häufig
1354 620 79 24 einen
1446 619 28 24 in
1487 617 258 27 architektonischer
1759 617 56 26 und
1828 617 167 27 decorativer
2004 618 128 27 Hinsicht

1245 653 219 35 befriedigenden
1477 653 141 28 Eindruck
1631 653 117 28 machen
1756 653 12 27 ?

1328 691 43 32 Ja,
1386 690 49 27 das
1447 693 33 24 ist
1493 690 69 27 doch
1577 702 52 15 nur
1644 691 85 26 durch
1743 691 42 26 die
1799 690 96 28 anders
1908 696 118 29 geartete
2040 692 75 27 Licht-

1244 728 98 27 zufuhr
1354 737 34 18 zu
1400 727 134 27 erklären*

1332 764 111 28 Wollen
1463 766 48 25 wir
1531 765 57 26 also
1609 764 62 27 dem
1692 765 209 33 gewöhnlichen
1920 765 209 28 Wohnzimmer

1244 804 79 25 einen
1342 801 62 27 dem
1421 801 103 27 Atelier
1542 801 233 34 entsprechenden
1787 802 175 27 wohnlichen
1975 802 154 28 Charakter

1243 838 146 30 verleihen,
1410 849 28 16 so
1458 843 110 22 müssen
1587 841 48 24 wir
1654 838 71 28 auch
1743 841 38 25 im
1800 839 208 34 gewöhnlichen
2021 840 86 27 Wohn-

1243 878 112 25 zimmer
1369 875 42 27 die
1423 875 178 28 Lichtzufuhr
1614 875 96 28 anders
1723 879 173 31 arrangieren
1909 877 39 26 als
1960 876 98 28 bisher*

1331 912 65 27 Und
1409 912 48 27 das
1469 912 109 28 werden
1591 915 49 25 wir
1652 915 96 25 immer
1760 913 124 32 können,
1905 913 72 27 auch
1996 916 28 24 in
2037 918 73 23 räum-

1242 949 54 27 lich
1312 949 60 27 sehr
1388 948 200 29 beschränkten
1603 950 150 32 Zimmern,
1770 961 81 17 wenn
1867 953 49 24 wir
1932 950 42 28 die
1992 945 136 40 Öffnung,

1244 986 85 27 durch
1346 986 43 27 die
1407 988 48 25 wir
1474 986 47 27 das
1534 987 78 27 Licht
1631 987 152 31 einführen,
1801 987 76 28 nicht
1896 988 168 34 gleichzeitig
2081 998 47 18 zur

1244 1023 176 33 Einführung
1432 1023 45 27 der
1490 1023 64 28 Luft
1567 1023 182 35 gebrauchen*
1768 1024 85 27 Dann
1867 1025 77 26 kann
1958 1025 48 27 das
2018 1025 110 27 Fenster

1244 1060 73 27 hoch
1334 1060 88 33 liegen
1441 1060 57 27 und
1516 1060 58 32 jede
1592 1060 130 35 beliebige
1738 1062 82 26 Form
1838 1061 100 28 haben*
1959 1062 36 27 Es
2013 1062 115 27 braucht

1245 1097 72 27 auch
1328 1097 75 26 nicht
1416 1097 182 34 durchsichtig
1609 1107 34 19 zu
1656 1100 56 25 sein
1766 1109 27 16 es
1805 1098 77 27 kann
1899 1101 27 24 in
1940 1099 70 27 allen
2019 1099 90 34 Regen-

1244 1133 184 34 bogenfarben
1441 1133 217 35 niederglänzen*

1333 1171 56 26 Zur
1402 1171 174 34 Einführung
1589 1171 45 28 der
1643 1172 115 27 frischen
1767 1172 64 27 Luft
1841 1172 139 27 brauchen
1989 1175 48 25 wir
2046 1173 80 27 keine

1244 1217 118 24 grossen,
1378 1208 82 26 leicht
1475 1217 35 19 zu
1523 1208 148 28 öffnenden
1683 1209 110 27 Fenster
1805 1208 87 28 mehr*
1908 1209 53 27 Die
1973 1209 64 27 Luft
2048 1209 78 27 kann

1243 1244 48 27 auf
1302 1244 167 27 besonderen
1471 1245 107 34 Wegen
1592 1245 84 27 durch
1689 1246 321 34 Extra-Vorrichtungen
2022 1246 89 27 herbei-

1243 1286 132 29 gepumpt
1388 1281 118 27 werden*

1331 1318 52 28 Die
1402 1328 85 24 ganze
1506 1319 213 34 Beweglichkeit
1737 1319 46 28 der
1801 1320 256 27 Innenarchitektur
2077 1320 48 27 hat

1242 1360 52 22 erst
1306 1355 75 27 dann
1398 1356 84 27 freien
1495 1356 163 33 Spielraum,
1677 1368 80 16 wenn
1776 1357 43 27 die
1831 1357 156 34 Lichtwege
2003 1368 56 17 von
2072 1357 52 28 den

1242 1393 159 33 Luftwegen
1415 1398 124 28 getrennt
1551 1393 68 28 sind*

1330 1429 120 27 Werden
1463 1430 42 27 die
1514 1430 110 28 Fenster
1633 1433 73 25 eines
1714 1432 109 26 Hauses
1835 1432 73 27 ohne
1916 1432 153 27 Rücksicht
2078 1432 48 27 auf

1242 1466 42 27 die
1297 1466 162 28 Luftzufuhr
1471 1467 133 32 vertheilt,
1613 1478 30 17 so
1656 1468 66 27 wird
1731 1468 48 27 das
1788 1478 86 24 ganze
1886 1469 80 27 Haus
1975 1472 84 24 innen
2068 1469 56 27 und

1242 1513 98 17 aussen
1353 1503 190 28 vollkommen
1558 1505 212 34 umgewandelt*

1330 1541 52 26 Die
1394 1541 141 27 einzelnen
1548 1542 95 27 Möbel
1662 1542 59 27 sind
1740 1542 76 27 nicht
1831 1542 78 28 mehr
1922 1553 35 17 an
1970 1542 154 28 bestimmte

1242 1577 93 28 Plätze
1348 1577 159 34 gebunden;
1521 1589 65 17 man
1599 1582 33 24 ist
1644 1581 37 25 im
1694 1579 203 34 Arrangement
1905 1580 76 27 nicht
1993 1580 78 27 mehr
2079 1580 30 26 be-

1463 1615 116 32 hindert,
1596 1627 82 16 wenn
1694 1626 66 16 man
1776 1616 75 27 nicht
1869 1617 77 26 mehr
1963 1619 59 25 eine
2038 1626 86 24 ganze

1464 1652 93 28 Wand
1569 1653 43 27 für
1625 1652 42 28 die
1676 1653 200 27 anmasslichen
1885 1653 238 27 Fensterscheiben

312 1620 95 28 Raum
420 1620 63 28 ein?

400 1658 82 27 Diese
500 1657 87 34 Frage
604 1661 34 22 ist
654 1655 60 28 sehr
729 1653 82 28 leicht
828 1663 34 19 zu
881 1653 78 27 beant-

312 1700 118 22 worten:
444 1695 43 27 die
505 1694 111 28 Fenster
634 1692 98 28 dienen
748 1691 76 27 nicht
839 1691 71 27 bloss
928 1690 46 27 der

311 1731 186 32 Lichtzufuhr,
507 1730 117 29 sondern
633 1729 72 28 auch
714 1728 45 28 der
768 1727 163 29 Luftzufuhr

311 1768 123 28 dadurch
446 1769 113 27 wurden
572 1771 37 25 sie
621 1777 35 19 zu
669 1777 82 24 gross*

400 1807 66 27 Und
497 1806 101 28 diesem
626 1804 250 34 beklagenswerten
904 1802 46 26 Um-

310 1843 96 28 stande
414 1843 137 28 verdankt
560 1843 42 28 die
611 1840 176 36 europäische
794 1839 159 29 Wohnhaus-

309 1881 168 27 architektur
490 1883 28 25 in
529 1881 91 28 letzter
628 1881 77 26 Linie
718 1878 52 28 den
782 1876 189 35 langweiligen

309 1918 229 28 militaristischen
552 1918 127 27 Uniform
682 1915 152 29 charakter.

397 1955 53 28 Die
473 1955 212 28 unnatürlichen
704 1954 198 27 Dimensionen
926 1950 45 27 des

308 1991 379 30 Fensterscheibenmaterials
694 1991 59 28 sind
759 1989 135 28 natürlich
900 1987 71 28 auch

308 2028 123 29 dadurch
440 2030 120 34 bedingt,
570 2030 61 28 dass
638 2040 66 17 man
712 2028 102 28 überall
821 2025 149 28 Ausblicke

307 2067 123 27 schaffen
443 2068 64 27 will.
520 2068 66 27 Dies
598 2070 33 24 ist
647 2067 64 27 aber
723 2065 76 28 nicht
811 2075 28 16 so
851 2063 118 33 wichtig,

307 2103 36 27 da
357 2114 28 17 es
399 2115 52 16 nur
465 2107 60 25 eine
541 2105 84 33 Folge
642 2104 46 28 der
708 2100 261 30 schablonenhaften

307 2142 256 29 Innenarchitektur
575 2147 34 25 ist
616 2154 7 21 ;
641 2154 66 16 man
720 2141 100 28 kann's
833 2140 67 28 eben
913 2139 42 27 kei-

306 2190 65 17 nem
377 2180 153 28 Menschen
535 2191 141 24 verargen,
682 2180 61 27 dass
748 2190 27 17 er
780 2177 103 29 überall
889 2186 80 18 einen

306 2216 78 28 Blick
389 2220 28 24 in
423 2217 42 28 die
474 2218 64 28 freie
543 2218 94 28 Natur
643 2217 91 28 haben
742 2216 117 30 möchte,
865 2213 104 28 wenn's

306 2256 38 24 im
362 2254 100 28 Innern
480 2265 86 17 seiner
578 2255 168 33 Behausung
759 2264 29 17 so
801 2252 35 28 öd
849 2251 56 28 und
918 2261 33 16 un-

306 2293 160 27 interessant
484 2293 120 27 aussieht
676 2294 52 25 wie
746 2291 165 32 heutzutage
930 2290 36 24 im

305 2329 196 33 europäischen
521 2329 182 28 Wohnhause
721 2328 116 27 beinahe
856 2324 111 29 überall.

1463 1695 139 22 reserviert
1618 1690 77 27 sieht.
1715 1690 58 26 Das
1785 1690 78 27 Licht
1879 1690 77 27 kann
1973 1692 28 24 in
2018 1690 45 27 der
2079 1691 30 26 be-

1463 1732 143 27 quemsten
1624 1727 92 28 Weise
1734 1737 55 16 von
1808 1727 71 27 oben
1900 1727 64 27 oder
1982 1738 49 16 aus
2049 1730 74 25 einer

1463 1763 105 28 Nische
1620 1775 44 16 wo
1677 1774 66 17 man
1756 1764 98 34 gerade
1862 1764 55 27 will
1970 1764 153 34 eingeführt

1462 1801 118 27 werden.
1593 1801 74 27 Aber
1676 1804 59 24 eine
1744 1810 86 25 ganze
1838 1801 94 27 Wand
1941 1801 182 34 beansprucht

1463 1837 42 27 die
1524 1838 178 28 Lichtzufuhr
1718 1838 75 27 nicht
1806 1838 86 31 mehr,
1913 1838 146 27 höchstens
2079 1838 43 27 die

1462 1874 80 28 obere
1562 1875 94 27 Hälfte
1677 1875 46 27 der
1740 1875 103 31 Wand,
1871 1885 29 17 so
1920 1875 60 27 dass
2002 1875 48 27 das
2070 1876 35 26 Ar-

1461 1917 162 28 rangement
1641 1912 46 27 der
1704 1912 96 27 Möbel
1819 1915 37 24 im
1874 1922 105 24 ganzen
1999 1913 122 27 Zimmer

1461 1949 75 27 nicht
1549 1949 77 27 mehr
1637 1949 142 27 behindert
1790 1949 76 27 wird.

1535 1986 65 27 Und
1616 1989 50 24 mit
1681 1986 46 27 der
1743 1986 179 27 veränderten
1942 1986 178 28 Lichtzufuhr

1460 2022 87 28 erhält
1562 2028 189 29 naturgemäss
1769 2023 72 27 auch
1859 2023 47 27 das
1924 2028 108 22 äussere
2048 2023 54 27 Aus-

1460 2060 83 26 sehen
1557 2060 45 27 des
1614 2061 109 26 Hauses
1735 2063 79 24 einen
1828 2070 69 24 ganz
1910 2060 119 28 anderen
2043 2061 77 28 Reiz.

1460 2096 75 27 Alles
1547 2097 68 27 wird
1628 2097 105 27 anders.

1534 2134 64 26 Und
1607 2145 81 16 wenn
1701 2134 42 27 die
1751 2134 143 28 Interieurs
1903 2134 107 28 endlich
2019 2135 101 27 einmal

1459 2170 43 27 für
1518 2170 52 27 den
1586 2171 120 27 feineren
1720 2171 174 27 Geschmack
1910 2171 153 34 geniessbar
2076 2182 29 23 ge-

1459 2207 111 27 worden
1591 2207 68 32 sind,
1683 2218 29 17 so
1733 2208 66 27 wird
1824 2208 71 27 auch
1916 2208 41 27 die
1978 2209 141 33 Neigung,

1459 2244 103 27 überall
1574 2247 80 24 einen
1662 2245 134 27 Ausblick
1808 2245 91 27 haben
1911 2255 34 19 zu
1955 2246 107 30 wollen,
2073 2246 34 26 all-

1460 2281 120 27 mählich
1589 2282 215 27 verschwinden.
1818 2282 70 27 Man
1902 2282 66 27 wird
1980 2282 138 28 zufrieden

1459 2321 65 28 sein,
1541 2329 81 16 wenn
1639 2328 65 17 man
1721 2329 51 16 nur
1788 2321 27 24 in
1829 2322 88 23 einem
1931 2319 65 26 oder
2011 2321 28 24 in
2051 2321 67 26 zwei

2165 1991 150 18 Decoratives

2167 2013 87 18 Gefäss.
2261 2013 55 18 Entwurf

2238 2040 19 14 v.
2269 2035 11 19 Jos.
2283 2035 3 19 M
2289 2035 25 19 Olbrlich.

2176 662 177 19 Buchschmuck

2177 684 36 18 für
2232 685 24 17 V.
2269 684 21 18 S.
2307 689 46 13 gez.

2174 710 14 14 v.
2205 706 58 18 Kolo
2271 707 76 17 Moser.
