2922 3048
1592 2860 32 26 32

854 1783 52 25 viel
923 1782 151 33 Spielraum
1091 1784 56 30 hat,
1168 1794 29 16 so
1213 1785 77 26 kann
1309 1796 64 16 man
1395 1788 62 26 alles
1470 1782 181 41 Überflüssige
1672 1797 42 20 ent-

853 1818 93 26 fernen
959 1819 64 27 oder
1036 1820 206 27 abschwächen.

941 1855 94 27 Durch
1048 1856 215 35 Wiederholung
1282 1858 84 27 dieses
1386 1859 147 32 Processes,
1554 1862 56 26 und
1630 1863 47 27 das
1695 1867 32 24 ist

854 1891 44 25 der
912 1901 68 23 ganz
993 1892 146 27 besondere
1151 1894 164 31 Fortschritt,
1333 1895 47 26 auf
1392 1896 152 27 demselben
1557 1898 96 32 Blatte,
1671 1901 55 26 also

853 1927 71 26 nach
931 1928 61 26 dem
998 1928 170 27 Entwickeln
1174 1930 56 26 und
1235 1930 158 33 Trocknen,
1399 1938 137 22 erneutem
1542 1935 128 28 Anstrich
1679 1941 48 23 mit

854 1963 135 27 derselben
999 1965 62 26 oder
1071 1966 111 26 anderer
1190 1966 141 34 beliebiger
1340 1968 93 31 Farbe,
1442 1970 282 35 Wiederaufcopieren

853 1999 136 27 desselben
1002 2001 159 34 Negatives,
1178 2002 63 27 oder
1258 2006 71 24 eines
1342 2005 117 27 anderen
1473 2010 49 23 mit
1528 2007 120 28 Wolken
1661 2010 63 27 oder

853 2039 48 23 mit
910 2036 120 34 Staffage
1043 2038 55 26 und
1112 2038 177 34 dergleichen,
1302 2043 33 24 ist
1343 2051 65 16 man
1418 2045 26 23 in
1454 2042 45 26 der
1508 2043 81 32 Lage,
1598 2044 101 29 THAT-

852 2072 193 28 SACHLICH
1059 2074 73 27 MIT
1145 2076 78 25 DER
1236 2076 154 27 PLATTE
1405 2079 50 25 ZU
1468 2080 149 28 MALEN«

940 2110 94 33 Einige
1042 2111 88 26 Bilder
1143 2112 47 26 auf
1202 2112 45 26 der
1256 2115 236 27 österreichischen
1500 2116 168 37 Abtheilung
1677 2120 45 27 der

1774 1794 60 25 1898
1834 1794 30 25 er
1870 1794 177 36 Ausstellung
2059 1799 46 26 des
2117 1801 253 30 „Camera-Clubs“
2382 1809 104 31 zeigten
2503 1809 41 27 die
2552 1810 72 27 Wirk-

1773 1831 116 25 samkeit
1902 1831 83 28 dieses
1997 1834 168 35 Vorganges«

1861 1867 86 28 Nicht
1962 1880 51 16 nur
2029 1872 153 35 einfarbige,
2202 1876 70 26 auch
2291 1878 178 35 mehrfarbige
2485 1882 89 27 Bilder
2586 1885 56 26 und

1774 1906 70 24 auch
1862 1906 89 26 solche
1969 1909 27 23 in
2013 1908 52 26 den
2081 1911 169 27 natürlichen
2263 1913 104 28 Farben
2384 1916 75 27 kann
2476 1929 65 17 man
2558 1920 84 27 durch

1773 1942 89 24 diesen
1876 1942 294 30 Combinationsdruck
2183 1949 144 27 erreichen«

1859 1977 51 26 Die
1923 1978 79 32 Ehre,
2022 1980 89 27 diesen
2124 1982 70 34 Weg
2213 1985 119 33 gangbar
2350 1990 126 30 gemacht
2493 2000 33 18 zu
2542 1992 99 32 haben,

1770 2016 94 29 gebürt
1883 2016 61 25 dem
1957 2016 110 27 Wiener
2082 2018 209 34 Camera-Club,
2311 2024 55 26 und
2379 2034 71 18 zwar
2469 2027 52 27 den
2536 2029 105 27 Herren

1769 2049 101 27 Doctor
1879 2050 171 37 Henneberg,
2060 2054 86 27 Kühn
2156 2057 55 26 und
2221 2057 135 29 Professor
2365 2061 126 33 Watzek,
2504 2065 56 26 und
2572 2066 56 27 hier-

1769 2086 84 26 durch
1866 2090 35 25 ist
1914 2089 41 26 die
1968 2089 202 35 Photographie
2184 2098 51 22 erst
2243 2095 122 27 wirklich
2379 2101 40 23 ein
2434 2099 207 30 künstlerisches

1768 2124 272 34 Darstellungsmittel
2053 2129 153 31 geworden.

652 613 50 18 Ital.
710 613 61 18 Villa
783 613 6 19 im
792 613 23 19 Herbst.

765 635 10 18 Von
778 635 7 18 H.
788 635 34 18 Henneberg.

1307 226 107 39 AUS
1436 227 120 38 DEM
1576 229 208 39 WIENER
1806 232 405 44 CAMERA-CLUB.

2572 222 86 32 VER
2684 222 194 32 SACRUM.
