2925 3048
131 216 88 35 VER
242 218 198 35 SACRUM.

1352 2907 17 18 9

1109 698 276 39 ABBRUCH.

966 752 73 33 Über
1051 757 111 27 Wiener
1175 757 65 27 Cult
1241 768 40 16 ur*

1294 757 66 27 Von
1374 757 35 27 G.
1422 757 110 35 Gugitz.

897 810 67 28 lEN
975 809 71 27 steht
1058 811 37 25 im
1107 809 119 27 Zeichen

896 847 45 28 des
951 846 170 27 Abbruches*
1129 845 81 27 Staub-

894 884 111 27 wolken
1018 883 142 27 verhüllen
1175 893 51 16 uns

895 922 42 26 die
957 920 143 35 gerühmte
1121 919 87 27 Schön-

893 959 57 26 heit
962 957 46 27 der
1018 956 79 28 Stadt
1109 956 57 27 und
1179 966 31 18 zu-

894 994 86 35 gleich
986 994 71 27 auch
1063 994 52 26 den
1121 993 86 27 unend-

893 1032 53 26 lich
955 1033 137 31 traurigen
1102 1029 122 28 Anblick

893 1071 73 25 einer
986 1067 151 34 gefallenen
1155 1067 51 27 Ver-

893 1105 173 35 gangenheit*
1075 1104 74 26 Aber
1158 1104 65 26 alles

893 1143 55 30 das,
969 1151 56 17 was
1042 1141 35 26 da
1093 1140 112 34 abgebro-

339 1184 69 27 chen
414 1184 75 32 wird,
496 1184 60 27 sind
561 1184 42 27 die
611 1184 89 33 Dinge
707 1182 89 30 allein,
806 1180 133 28 eineleere
943 1179 91 30 Form,
1042 1177 46 27 der
1094 1177 75 27 Geist
1174 1177 32 27 da-

338 1231 65 21 von,
417 1221 45 27 der
476 1221 148 34 gleichfalls
636 1223 27 23 in
676 1219 46 27 der
734 1216 223 36 Vergangenheit
969 1214 120 31 wurzelt,
1102 1217 32 24 ist
1146 1214 75 27 nicht

339 1258 189 34 abgebrochen
541 1257 56 27 und
607 1256 72 27 noch
688 1256 77 27 mehr
773 1258 33 24 ist
815 1257 28 24 in
852 1253 100 28 diesem
961 1252 39 26 als
1008 1254 29 24 in
1047 1251 53 27 den
1110 1251 109 33 Dingen

338 1300 83 22 etwas
430 1295 174 33 Baufälliges,
615 1294 84 26 daran
710 1303 27 16 er
745 1292 111 27 krankt*
865 1289 64 28 Und
938 1292 97 23 immer
1044 1288 98 27 wieder
1151 1288 68 27 sieht

338 1333 42 27 die
396 1333 54 26 alte
462 1330 224 35 Vergangenheit
702 1334 78 22 unter
796 1328 62 27 dem
871 1336 90 18 neuen
974 1325 125 27 Gewand
1111 1325 107 27 hervor.

426 1369 36 27 Es
470 1371 33 24 ist
512 1368 85 30 wahr,
605 1369 48 25 wir
662 1366 51 27 alle
723 1366 113 26 können
845 1375 27 16 es
881 1363 74 27 nicht
962 1362 165 31 verwinden,
1137 1372 81 16 wenn

336 1416 52 17 uns
403 1406 90 33 Dinge
510 1404 113 34 geraubt
639 1403 118 30 werden,
774 1402 42 27 die
832 1402 42 26 für
891 1410 51 17 uns
959 1399 100 27 einmal
1076 1401 59 24 eine
1152 1398 49 28 Ent-

336 1443 156 33 wickelung
504 1441 127 27 bedeutet
642 1439 100 30 haben,
760 1439 42 27 die
815 1441 50 24 mit
876 1446 110 18 unserer
998 1436 98 27 Cultur
1109 1445 90 18 Zusam-

335 1479 176 34 menhängen
520 1477 65 27 oder
594 1480 27 24 in
630 1486 126 18 unserem
766 1476 101 26 Wesen
876 1477 79 24 einen
963 1473 112 28 zärtlich
1083 1473 133 33 gehegten

335 1517 78 27 Platz
431 1515 144 28 ausfüllen.
603 1513 66 27 Und
685 1515 48 25 wir
746 1513 119 29 Wiener,
886 1509 264 28 Gefühlsmenschen
1167 1520 49 23 par

335 1554 162 30 excellence,
506 1556 53 23 erst
565 1551 75 27 recht
647 1550 83 26 nicht*
744 1548 64 28 Und
815 1559 30 16 so
853 1547 125 34 begleitet
985 1546 47 27 das
1040 1546 175 27 Demolieren

334 1594 73 24 eines
420 1588 243 29 Barackenhauses
680 1589 97 24 immer
789 1588 43 24 ein
848 1583 158 28 heimliches
1013 1584 126 30 Weinen,
1157 1583 57 27 und

334 1639 81 16 wenn
432 1627 43 27 die
487 1626 82 27 Form
587 1624 72 28 auch
673 1622 216 28 verschwunden
905 1623 41 29 ist,
964 1623 62 30 jetzt
1043 1625 52 22 erst
1110 1620 104 27 scheint

333 1665 42 27 ihr
387 1664 68 28 Sinn
468 1664 63 27 dem
539 1663 112 27 Wiener
663 1663 28 24 in
704 1662 101 25 seinem
815 1658 86 28 Trotz
912 1657 125 34 lebendig
1048 1667 34 18 zu
1094 1656 118 28 werden*

332 1702 76 27 Aber
423 1712 28 17 es
467 1704 34 24 ist
517 1700 72 28 auch
605 1701 44 25 ein
665 1697 136 28 wahrhaft
817 1698 106 24 inneres
938 1694 143 28 Bedürfnis
1098 1694 49 27 da:
1164 1697 48 24 wir

332 1739 84 27 sehen
434 1739 69 27 eben
520 1740 44 25 ein
583 1736 86 28 Stück
688 1735 97 27 Cultur
802 1732 166 31 schwinden,
989 1731 42 27 für
1044 1731 47 27 das
1110 1741 85 23 augen-

332 1776 127 27 blicklich
475 1776 65 26 kein
553 1775 93 26 Ersatz
659 1772 35 28 da
705 1774 42 25 ist*
771 1770 65 28 Und
851 1769 60 28 dass
923 1772 49 24 wir
984 1772 60 24 eine
1057 1768 97 27 Cultur
1167 1778 29 24 ge-

331 1813 68 28 habt
410 1813 100 31 haben,
523 1812 71 27 steht
605 1810 75 28 wohl
692 1819 91 17 ausser
796 1807 120 28 Zweifel.

420 1851 83 27 Wien
511 1852 33 25 ist
552 1849 81 27 keine
642 1844 209 31 Parvenustadt,
865 1844 41 27 die
917 1842 78 28 Stadt
1006 1842 49 27 hat
1065 1842 55 27 sich
1133 1841 76 28 ihren

330 1888 107 31 Ruhm,
455 1888 58 26 ihre
531 1886 151 28 Schönheit
700 1883 47 28 auf
764 1885 98 25 weiten
874 1881 107 33 Wegen
997 1878 140 28 erworben
1153 1879 56 26 und

331 1924 48 27 das
394 1925 79 27 kann
489 1927 37 24 sie
542 1924 73 27 auch
630 1922 76 27 nicht
721 1930 152 24 vergessen*
897 1918 30 27 In
943 1920 73 24 einer
1034 1917 175 33 glanzarmen

331 1962 167 34 Gegenwart
509 1961 49 27 soll
570 1963 38 24 sie
622 1958 171 31 aufwachen,
808 1957 43 27 die
862 1953 188 30 rauschenden
1063 1953 77 27 Feste
1153 1952 56 27 und

330 1998 43 28 die
384 1998 123 34 farbigen
520 1997 170 28 Maifahrten
706 1996 49 27 soll
771 1997 37 25 sie
825 2004 49 17 aus
890 1993 76 26 ihren
978 1991 104 27 Sinnen
1098 1989 112 28 treiben*

329 2036 58 27 Das
400 2038 33 25 ist
445 2035 103 27 freilich
561 2035 64 27 alles
638 2031 224 31 verschwunden,
880 2029 63 28 aber
955 2028 48 27 das
1015 2028 64 26 Blut
1091 2029 32 24 ist
1135 2027 75 26 nicht

329 2073 93 27 davon
436 2075 131 32 gereinigt
578 2071 119 31 worden,
719 2080 52 17 nur
783 2068 91 28 dicker
889 2065 56 28 und
961 2064 144 28 sinnlicher
1116 2063 93 27 wurde

328 2120 28 17 es
368 2110 73 27 nach
451 2109 91 28 diesen
550 2108 202 29 Leckerbissen*
771 2105 66 28 Und
846 2115 29 17 so
887 2104 66 27 baut
961 2105 60 24 eine
1033 2100 175 28 schmerzlich

329 2150 140 24 vermisste
486 2145 224 35 Vergangenheit
728 2155 35 16 an
782 2143 81 27 allem
881 2141 102 28 Neuen
1002 2137 130 28 heimlich
1149 2140 58 24 mit*

417 2183 65 28 Und
495 2194 66 17 man
573 2193 65 24 mag
653 2192 64 18 zum
730 2180 83 28 Xheil
828 2178 74 28 recht
921 2176 99 31 haben,
1044 2185 81 17 wenn
1141 2184 66 17 man

327 2221 58 27 sich
398 2220 132 27 innerlich
542 2231 87 23 gegen
642 2219 52 27 den
707 2217 132 28 Abbruch
851 2215 94 30 wehrt,
959 2214 54 30 der,
1026 2212 120 27 nehmen
1159 2214 48 24 wir

327 2268 27 17 cs
362 2261 64 30 jetzt
433 2267 69 25 ganz
507 2257 132 31 wörtlich,
647 2256 52 27 den
704 2252 227 30 Localcharakter
937 2251 45 27 der
988 2250 78 27 Stadt
1072 2253 134 24 zerstören

327 2295 64 27 will*
414 2295 62 27 Wie
489 2294 85 27 schön
583 2304 56 17 war
652 2293 48 27 das
708 2291 143 29 Wienufer
862 2289 57 27 und
931 2290 72 26 seine
1012 2287 137 33 Anlagen,
1162 2296 43 16 wo

1273 809 56 26 sich
1338 809 42 26 die
1389 809 88 27 stillen
1483 809 239 35 Tragikomödien
1730 811 46 28 der
1783 811 207 28 Unbekannten
1999 812 157 34 abspielten,

1272 846 57 26 und
1342 846 56 26 sich
1411 846 72 27 noch
1493 847 175 28 wundersam
1681 859 28 16 in
1718 848 42 27 die
1773 859 71 16 neue
1853 849 61 26 Zeit
1922 850 140 27 verlorene
2072 850 63 27 Com-

1272 883 79 33 plexe
1363 893 57 17 von
1434 883 72 27 alten
1519 884 181 28 Häuserchen
1715 885 183 31 hinstrecken,
1916 886 42 27 die
1970 897 57 16 von
2039 887 70 34 Berg
2121 897 34 18 zu

1272 919 75 27 Thal
1360 919 97 34 gehen,
1471 925 50 22 mit
1533 921 146 33 geheimen
1689 922 127 34 Gängen,
1829 927 174 29 vergitterten
2016 923 138 32 Fenstern,

1271 956 232 34 Heiligenbildern
1516 958 58 27 und
1586 958 139 27 barocken
1739 960 107 30 Zieren,
1860 959 57 27 und
1930 970 66 16 man
2009 965 68 29 sagt,
2094 960 60 28 dass

1271 1004 87 23 einige
1375 994 113 27 Dichter
1503 994 43 27 bei
1563 994 91 28 diesen
1666 996 168 27 Abbruchen
1852 1006 45 16 am
1915 996 77 27 Ende
2009 996 145 28 bankerott

1270 1030 121 27 würden*
1404 1030 71 28 Nun
1483 1030 103 28 breiten
1594 1032 57 27 sich
1657 1043 84 23 graue
1747 1032 210 32 Schutthaufen,
1965 1033 42 27 die
2013 1034 123 27 Parvenü-

1270 1067 70 27 stadt
1353 1070 33 24 ist
1398 1070 37 23 im
1445 1068 71 33 Zug*
1537 1068 36 27 So
1583 1069 55 26 will
1647 1068 141 28 scheinbar
1798 1069 64 27 alles
1871 1069 88 33 gehen
1972 1070 58 27 und
2042 1073 24 30 je
2075 1071 78 27 mehr

1269 1104 42 26 die
1318 1104 198 34 Demolierung
1522 1115 48 16 um
1580 1105 57 27 sich
1646 1106 86 33 greift,
1747 1106 161 26 umsomehr
1917 1106 80 27 sucht
2005 1117 66 17 man
2080 1108 72 26 nach

1268 1140 46 27 der
1326 1141 233 34 Vergangenheit,
1579 1145 60 24 eine
1657 1142 241 31 Sentimentalität,
1917 1143 43 27 die
1977 1153 35 18 zu
2029 1144 121 27 falschen

1268 1176 101 28 Tönen
1382 1178 85 34 greift,
1481 1178 57 27 und
1551 1181 50 25 mit
1617 1179 42 26 ihr
1676 1182 60 24 eine
1752 1179 142 27 schlimme
1906 1179 135 27 Reaction
2058 1181 93 27 macht

1266 1214 57 27 sich
1342 1214 35 27 da
1395 1214 116 34 geltend*
1534 1216 80 32 Jedes
1632 1216 151 31 „Werkel“
1801 1216 78 26 kann
1897 1216 36 26 da
1949 1217 125 27 Wunder
2091 1228 44 17 ver-

1265 1251 104 27 richten
1388 1254 49 24 mit
1455 1262 94 17 seinen
1567 1252 119 27 Strauss-
1704 1253 58 27 und
1780 1253 261 28 Lanner-Walzern*
2064 1254 85 31 Alles,

1265 1298 57 17 was
1334 1288 85 27 dieser
1431 1288 93 31 Ruhe,
1541 1289 43 27 die
1601 1289 45 27 der
1662 1289 73 28 linde
1747 1290 103 27 Hauch
1862 1300 66 16 vom
1942 1290 93 27 Süden
2051 1290 97 35 bringt,

1265 1325 149 33 gefährlich
1433 1335 34 18 zu
1486 1326 110 27 werden
1614 1327 113 31 scheint,
1747 1327 67 27 wird
1833 1329 49 24 mit
1900 1329 74 25 einer
1993 1327 154 28 rührenden

1265 1362 181 33 Consequenz
1459 1363 181 33 angefeindet*

1351 1399 71 28 Nun
1442 1402 33 24 ist
1494 1410 28 16 es
1541 1400 103 27 freilich
1664 1400 60 27 sehr
1740 1401 194 33 merkwürdig,
1955 1411 105 17 warum
2082 1412 65 16 man

1263 1435 56 27 sich
1335 1446 29 17 so
1383 1446 86 24 gegen
1486 1436 71 27 diese
1569 1437 135 27 Einflüsse
1718 1438 94 30 wehrt,
1830 1438 42 26 die
1888 1440 60 24 eine
1964 1438 63 30 alte,
2042 1438 90 27 lebens-

1262 1473 144 27 schwache
1420 1473 98 27 Cultur
1530 1479 135 22 zerstören
1685 1475 58 27 und
1763 1478 60 24 eine
1842 1474 105 31 frische,
1968 1477 111 31 jüngere
2099 1486 32 16 an-

1261 1509 111 27 bahnen
1385 1510 109 31 wollen,
1507 1510 82 32 denn,
1602 1521 57 17 was
1671 1511 42 27 die
1720 1512 112 27 Wiener
1845 1511 126 31 machen,
1985 1512 117 27 machen
2110 1515 36 24 sie

1260 1546 127 27 mühelos
1400 1549 51 24 wie
1464 1549 37 25 im
1511 1546 82 30 Tanz
1602 1548 56 27 und
1668 1551 97 24 immer
1773 1549 64 33 liegt
1846 1551 43 24 ein
1899 1551 125 31 gewisses
2032 1548 114 28 Timbre

1260 1583 65 27 über
1337 1583 88 33 jedem
1439 1584 83 33 Ding,
1539 1584 42 27 die
1594 1584 127 28 kostbare
1734 1585 142 27 Erbschaft

1259 1622 73 25 einer
1344 1620 296 35 jahrhundertelangen
1649 1622 107 31 Cultur,
1769 1623 43 26 die
1824 1634 51 16 uns

1258 1657 188 27 unzerstörbar
1456 1660 37 24 im
1503 1658 63 27 Blut
1574 1659 73 33 liegt*
1656 1659 68 27 Was
1733 1659 76 27 liesse
1818 1659 56 27 sich

1258 1694 48 26 auf
1325 1694 111 27 solchen
1454 1695 212 27 Fundamenten
1682 1696 75 26 nicht
1775 1696 99 27 wieder

1257 1730 102 28 bauen!
1369 1731 70 27 Nun
1446 1731 91 27 haben
1543 1735 49 24 wir
1599 1732 52 27 den
1657 1732 104 32 Gürtel,
1771 1733 46 27 der
1826 1744 47 16 um

1256 1778 96 16 unsere
1361 1768 79 27 Stadt
1452 1769 53 33 lag,
1517 1775 163 28 zersprengt,
1696 1769 52 28 den
1765 1770 93 27 Linien-

1255 1805 73 31 wall,
1341 1807 51 25 wie
1401 1806 120 26 vormals
1534 1805 42 28 die
1585 1806 136 32 Basteien,
1734 1807 57 27 und
1804 1818 27 16 es
1840 1810 33 24 ist

1255 1852 52 16 nur
1313 1842 224 32 verwunderlich,
1551 1843 61 27 dass
1624 1844 57 27 sich
1692 1844 76 27 nicht
1773 1844 100 27 wieder

1255 1881 60 24 eine
1330 1878 86 28 Schar
1428 1880 111 27 Wiener
1556 1880 112 27 Dichter
1683 1883 52 25 wie
1751 1881 121 28 ehemals

1255 1916 164 27 Bauernfeld
1428 1916 100 27 beiden
1535 1917 126 28 Basteien
1671 1928 36 17 an
1712 1918 53 27 den
1773 1918 99 28 Kaiser

1256 1952 104 27 bittlich
1367 1953 142 34 gewendet
1515 1954 57 32 hat,
1582 1954 35 27 da
1624 1954 42 28 die
1672 1955 96 27 Zeiten
1775 1958 97 25 immer

1255 1990 170 33 schwieriger
1440 1991 113 27 würden
1569 1991 57 27 und
1643 1992 46 27 der
1701 1993 110 27 Erwerb
1828 2004 29 23 ge-

1255 2029 68 31 ring,
1341 2026 92 28 diesen
1446 2028 53 26 Ort
1515 2038 29 17 so
1561 2029 146 27 köstlicher
1719 2029 153 36 Anregung

1255 2063 95 27 stehen
1354 2073 34 18 zu
1393 2064 98 27 lassen*
1497 2065 70 27 Nun
1573 2066 96 26 sollten
1675 2069 49 24 wir
1729 2067 71 27 doch
1805 2067 66 27 über

1254 2100 43 27 die
1303 2100 114 31 „Linie“
1426 2101 143 28 kommen*
1578 2102 71 28 Nun
1657 2106 33 24 ist
1699 2114 36 16 an
1742 2104 42 27 die
1790 2104 80 28 Stelle

1254 2137 46 27 des
1311 2137 190 28 Linienwalles
1514 2138 42 28 die
1569 2139 154 28 Stadtbahn
1736 2146 134 29 getreten;

1253 2184 67 17 man
1328 2174 49 27 hat
1385 2177 62 30 jetzt
1456 2175 56 27 und
1521 2175 91 28 früher
1620 2177 76 27 nicht
1704 2177 115 28 darüber
1826 2189 29 23 ge-

1253 2211 92 30 sehen,
1370 2222 58 16 nun
1447 2212 103 27 freilich
1570 2214 158 32 empfinden
1748 2215 61 31 alle,
1830 2216 39 26 als

1253 2248 33 27 ob
1311 2248 34 27 da
1370 2248 129 27 draussen
1522 2260 44 16 wo
1700 2251 169 28 Feindliches

1251 2285 83 27 wider
1347 2285 42 27 die
1402 2285 79 27 Stadt
1498 2287 111 32 geplant
1626 2288 102 27 würde*
1745 2288 122 32 Freilich,

2205 528 175 19 Buchschmuck

2205 550 37 19 für
2256 551 26 18 V.
2298 551 21 18 S.
2337 555 43 14 gez.

2206 577 20 14 v.
2232 573 59 18 Kolo
2297 573 83 18 Moser.

2143 2033 190 26 Blumengestell.

2143 2052 113 21 Entwurf

2143 2077 45 18 Jos.
2199 2077 133 19 Hoffmann.

2199 1059 177 20 Buchschmuck

2199 1081 36 19 für
2251 1082 26 18 V.
2293 1082 21 19 S.
2331 1087 45 18 gez.

2198 1105 24 18 v.
2234 1105 24 18 J.
2270 1105 106 18 Hoffmann.
