2479 4305
821 284 164 32 REVUE
1023 289 63 29 DE
1124 291 57 29 LA
1218 291 267 36 QUINZAINE

2067 292 79 53 383

139 483 118 30 mais
285 485 64 29 on
374 472 67 43 lui
464 488 105 30 sera
591 480 347 46 cordialement
973 489 404 55 reconnaissant.)
1424 496 50 41 Je
1503 496 90 43 sais
1621 498 109 43 bien
1754 514 90 41 que
1871 501 40 54 je
1938 503 106 52 puis
2070 518 74 28 me

136 541 380 71 tromper,^mais
541 539 42 42 le
609 543 164 53 public
798 545 251 47 lui-même
1075 565 24 28 a
1125 566 116 41 paru
1281 556 298 54 désorienté;
1604 570 44 34 et
1673 562 42 55 je
1743 565 197 42 connais
1979 580 50 28 ce
2065 567 53 42 Vi-

134 609 172 38 varais,
334 611 30 29 n
384 607 128 35 étant
536 615 85 41 pas
645 604 57 42 de
727 619 119 30 ceux
868 623 121 41 pour
1016 614 80 54 qui
1125 615 195 44 Crussol
1348 629 44 32 et
1428 622 183 43 Issarlis
1656 624 187 44 vibrent
1867 629 106 52 plus
1997 629 121 42 musi-

134 673 55 28 ca
213 670 159 34 ement
395 676 90 42 que
511 664 228 45 Vernoux
781 680 45 31 et
851 685 90 41 que
964 674 66 43 les
1058 677 203 45 Coirons
1288 695 8 27 :
1325 682 43 42 la
1392 694 253 47 montagne
1669 689 55 41 de
1748 689 204 44 Vincent
1978 692 167 50 d'lndy

134 731 71 33 est
226 753 26 26 b
482 736 121 38 orte.
844 735 100 42 cela
967 751 91 41 que
1084 741 179 42 traduit
1295 744 41 42 le
1360 745 143 52 finale
1529 750 54 41 de
1608 750 44 41 la
1682 751 310 56 Symphonie,
2019 769 97 28 amu-

135 795 105 32 sant
266 800 38 28 si
327 787 96 43 lon
449 799 128 43 veut,
607 806 119 29 mais
772 795 139 45 dune
939 800 121 54 gaîté
1108 812 104 47 trop
1250 807 260 45 extérieure
1558 821 44 33 et
1642 813 79 55 qui
1748 823 70 33 est
1844 829 184 30 comme
2054 831 93 29 une

134 858 246 36 remontee
406 851 284 47 humiliante
718 857 84 42 des
827 859 120 55 joies
975 864 83 42 des
1084 866 173 44 vallées
1284 878 44 33 et
1371 871 81 43 des
1479 872 208 45 filatures
1721 891 103 29 vers
1851 878 43 42 la
1918 880 202 53 tranquil-

134 915 80 39 lité
240 927 66 28 un
329 927 95 42 peu
451 916 184 43 dechue
669 919 83 43 des
778 925 263 42 sommets?
1073 929 51 41 Je
1148 939 199 47 regrette
1379 948 90 41 que
1494 936 64 42 M.
1583 938 169 56 d'lndy
1794 939 111 44 n'ait
1928 957 63 37 pu
2015 943 132 42 venir

134 989 211 43 préciser
389 978 44 41 la
456 981 167 52 portée
667 981 57 43 de
771 998 88 29 son
900 1000 161 32 oeuvre
1089 1005 56 28 en
1195 993 44 43 la
1280 994 251 57 dirigeant.
1644 1002 99 40 Mlle
1769 1003 209 44 Blanche
2008 1005 138 43 Selva

133 1047 174 47 prêtait
330 1054 65 28 un
418 1042 205 43 aimable
650 1058 234 33 concours
909 1064 56 28 au
994 1052 144 44 chant
1163 1061 315 52 montagnard
1503 1070 43 33 et
1572 1077 89 27 aux
1685 1065 282 52 variations;
1988 1068 155 42 moins

134 1113 244 33 sûrement
403 1106 245 44 m'a-t-elle
681 1122 119 42 paru
825 1112 220 54 pénétrer
1074 1115 44 43 la
1164 1119 215 43 rusticité
1410 1122 230 57 asiatique
1682 1127 56 41 de
1767 1128 242 44 Balakiref
2035 1131 108 54 (que

163 1179 62 28 on
251 1167 111 55 joue
379 1176 107 49 trop
515 1171 24 40 à
560 1171 168 55 Paris).
755 1174 38 40 Il
822 1183 69 33 est
929 1178 179 42 certain
1134 1183 268 52 cependant
1428 1200 90 40 que
1566 1187 102 41 Mlle
1695 1189 136 43 Selva
1867 1192 166 42 réalise
2061 1207 54 27 au-

130 1229 143 55 jourd
292 1231 99 54 hui,
425 1246 137 42 grâce
609 1235 24 40 à
659 1235 12 40 1
692 1237 361 56 enseignement
1075 1244 56 40 de
1178 1258 87 28 son
1305 1258 184 41 maître,
1533 1258 104 33 tout
1685 1264 51 28 ce
1781 1253 140 55 qu'on
1945 1255 200 55 espérait

131 1292 29 42 d
180 1292 89 42 elle
294 1303 131 34 entre
448 1296 209 43 Valence
678 1308 45 32 et
758 1300 179 55 Privas,
963 1303 30 41 il
1030 1320 29 40 y
1084 1319 24 27 a
1132 1320 94 42 peu
1253 1308 56 42 de
1331 1317 152 48 temps
1508 1326 227 31 encore...
1759 1315 134 50 Long
1914 1316 78 43 life
2020 1318 121 41 donc

140 1355 67 44 M.
235 1357 172 57 d'lndy
425 1359 8 41 !

1566 1437 206 49 JACQUES
1818 1439 212 43 REBOUL.

509 1546 180 44 propos
717 1537 63 42 du
807 1548 188 47 compte
1018 1542 150 42 rendu
1192 1543 55 42 de
1279 1544 231 56 Tiphaine
1516 1580 10 18 ,
1555 1547 380 46 M.Neuvilleme
1962 1552 178 55 signale

133 1602 118 33 —et
274 1594 78 54 j'ai
379 1595 458 47 involontairement
869 1602 121 43 omis
1018 1604 57 43 de
1120 1606 216 55 rappeler
1456 1621 91 42 que
1571 1618 120 35 cette
1719 1625 159 29 œuvre
1896 1612 70 42 fut
1985 1616 130 53 repré-

133 1657 161 42 sentée
323 1672 57 28 en
413 1659 113 56 1899
555 1660 24 41 à
621 1661 200 56 Anvers,
850 1678 58 29 en
955 1680 109 42 1901
1111 1668 25 40 à
1181 1668 299 43 Stockholm.
1531 1671 88 42 Cet
1656 1673 132 42 oubli
1814 1674 263 43 dénaturait
2099 1677 41 41 le

129 1733 111 29 sens
266 1720 57 42 de
348 1734 76 28 ma
445 1721 216 45 dernière
679 1726 189 54 phrase.
901 1729 90 41 Pas
1019 1729 153 42 même
1197 1744 57 28 en
1278 1729 112 44 effet
1411 1732 43 42 la
1480 1743 136 33 vertu
1642 1736 219 42 nouvelle
1877 1738 56 40 de
1957 1738 185 42 Pelléas

127 1795 59 29 ne
217 1782 207 56 possède
466 1799 65 27 un
566 1788 237 44 caractère
831 1790 262 54 rétroactif,
1141 1802 44 32 et
1232 1807 52 28 ce
1317 1795 118 41 n'est
1481 1809 84 42 pas
1600 1811 97 29 une
1724 1799 303 55 quelconque
2068 1799 49 41 in-

130 1844 188 45 fluence
351 1861 90 42 que
464 1849 282 55 j'entendais
766 1852 212 57 évoquer
1003 1868 58 28 en
1084 1856 321 56 rapprochant
1419 1856 28 42 Y
1451 1859 165 42 avenir
1642 1860 55 42 de
1727 1874 79 29 ces
1833 1875 206 29 œuvres.

1120 2003 25 29 *

1091 2028 27 29 *
1150 2028 25 30 *

188 2114 136 41 Deux
345 2115 174 56 grands
546 2126 139 29 noms
710 2126 59 29 au
793 2126 301 42 programme
1128 2114 57 41 de
1230 2112 44 42 la
1299 2112 207 43 seconde
1534 2112 169 43 séance
1735 2113 62 41 du
1823 2114 209 52 Quatuor
2055 2114 56 41 Ri-

130 2177 200 43 nuccini:
362 2177 279 43 Beethoven
664 2184 45 34 et
725 2175 204 43 Franck.
951 2177 63 40 Le
1042 2185 205 45 quatuor
1272 2176 56 41 de
1350 2175 146 41 César
1523 2174 186 43 Franck
1736 2177 75 39 n'a
1833 2189 84 42 pas
1943 2176 69 41 été
2032 2176 108 42 bien

129 2241 211 54 compris
366 2255 85 42 par
476 2241 42 41 le
544 2239 183 56 public,
755 2239 200 42 dérouté
982 2239 176 55 malgré
1184 2247 105 32 tout
1312 2251 85 42 par
1432 2251 76 29 ces
1528 2237 278 43 harmonies
1830 2238 243 42 nouvelles
2100 2248 44 32 et

129 2303 42 42 le
200 2303 339 43 chromatisme
562 2315 174 43 propre
760 2315 58 28 au
846 2301 118 55 style
991 2300 258 42 franckiste
1268 2318 10 32 ;
1306 2309 44 33 et
1385 2300 31 40 il
1444 2308 69 34 est
1539 2300 121 41 resté
1694 2301 57 41 de
1778 2300 130 55 glace
1924 2314 57 28 en
2007 2302 109 40 écou-

128 2375 102 33 tant
262 2376 121 32 cette
410 2380 162 29 œuvre
599 2365 286 55 imposante.
915 2366 87 40 Les
1027 2363 168 41 nobles
1237 2363 148 52 élans,
1411 2362 44 42 la
1492 2362 199 56 gravité,
1736 2362 43 40 la
1804 2361 254 56 religiosité
2085 2363 55 41 de

127 2429 45 41 la
192 2429 173 55 phrase
388 2429 181 42 initiale
611 2428 12 56 (
630 2441 112 42 poco
784 2427 138 54 lento)
946 2425 41 42 le
1011 2439 164 42 songe,
1202 2425 42 42 le
1267 2425 107 42 rêve
1397 2425 139 42 d'une
1560 2426 103 39 âme
1692 2424 343 55 épandusdans
2062 2437 76 28 ces

125 2505 164 42 pages,
327 2491 100 43 rien
454 2505 58 28 ne
536 2491 59 42 l'a
619 2489 194 43 touché.
842 2489 71 42 Ne
940 2488 260 42 faudrait-il
1226 2502 84 41 pas
1337 2495 166 34 mettre
1532 2500 58 28 en
1613 2500 144 28 cause
1797 2500 93 27 une
1915 2485 200 56 interpré-

127 2554 153 43 tation
308 2552 299 59 imparfaite?
634 2554 91 42 Les
757 2550 373 44 consciencieux
1157 2550 184 43 artistes
1376 2550 63 42 du
1484 2557 204 48 quatuor
1721 2561 76 28 me
1828 2557 312 45 permettront

126 2617 234 57 quelques
396 2615 351 45 observations.
791 2615 86 43 J'ai
913 2629 82 27 cru
1044 2627 275 42 remarquer
1371 2612 139 55 qu'ils
1558 2609 318 58 manquèrent
1908 2611 54 41 de
1999 2609 111 42 cohé-

128 2680 125 51 sion,
301 2681 58 42 de
402 2679 261 57 précision,
692 2677 110 44 d'où
835 2691 94 29 une
956 2677 275 42 indécision
1275 2675 195 42 notable
1520 2683 47 33 et
1603 2674 83 42 des
1724 2672 290 42 flottements
2049 2670 92 44 très

123 2743 208 42 fâcheux
372 2743 82 55 qui
481 2743 344 42 certainement
851 2750 83 32 ont
956 2739 253 43 contribué
1237 2739 24 41 à
1296 2739 43 40 la
1367 2734 526 57 non-compréhension
1919 2735 55 40 de
2000 2733 108 42 l'œu-

125 2820 101 30 vre.
254 2807 133 42 Cette
414 2807 185 41 réserve
633 2803 127 55 faite,
796 2804 41 56 je
881 2803 68 42 les
976 2802 178 42 félicite
1184 2801 274 42 hautement
1482 2811 121 42 pour
1630 2798 65 42 les
1722 2796 231 43 sérieuses
1986 2795 125 55 quali-

123 2870 87 50 tés,
239 2870 66 42 les
332 2868 164 44 efforts
529 2869 118 42 dont
690 2867 56 42 ils
775 2874 106 35 sont
906 2865 313 50 coutumiers,
1260 2874 46 32 et
1333 2863 68 42 les
1423 2861 220 42 résultats
1673 2860 203 42 obtenus
1900 2871 57 29 en
1983 2857 36 42 si
2043 2870 91 42 peu

125 2933 57 42 de
205 2942 154 47 temps
388 2946 8 29 :
426 2933 42 42 le
497 2932 218 52 Quatuor
757 2928 252 44 Rinuccini
1048 2936 69 35 est
1154 2928 156 55 jeune,
1339 2925 32 41 il
1412 2926 108 40 s'est
1545 2922 144 43 fondé
1715 2921 180 43 Tannée
1922 2919 211 43 dernière

125 2997 282 51 seulement,
436 3009 58 28 ne
523 2993 260 43 l'oublions
816 3006 101 42 pas.
949 2993 88 41 Par
1064 2999 180 40 contre,
1279 2990 117 40 dans
1439 2985 285 43 l'exécution
1750 2985 56 40 de
1845 2982 288 42 l'admirable

125 3069 206 45 quatuor
364 3067 50 34 n°
453 3059 135 41 XIII*
616 3058 57 41 de
703 3057 291 48 Beethoven,
1041 3055 43 55 je
1117 3053 90 42 n'ai
1235 3065 89 42 que
1350 3051 82 41 des
1459 3049 160 55 éloges
1646 3047 24 41 à
1695 3045 129 42 faire.
1853 3043 144 53 Quels
2021 3057 112 41 purs

125 3121 374 43 chefs-d'œuvre
525 3121 58 42 de
620 3120 74 43 vie
720 3118 258 43 intérieure
1003 3126 44 32 et
1088 3116 57 41 de
1171 3114 174 57 pensée
1386 3110 237 57 profonde
1656 3121 90 42 que
1800 3119 77 29 ces
1924 3105 209 42 derniers

125 3194 231 48 quatuors
371 3185 8 41 1
417 3185 59 41 Et
501 3197 91 43 que
619 3196 75 29 me
719 3182 118 55 plaît
861 3182 43 41 la
946 3178 211 44 sonorité
1183 3175 193 57 exquise
1402 3174 56 41 de
1493 3173 64 42 M.
1587 3168 266 53 Rinuccini,
1887 3167 108 42 faite
2023 3168 110 41 dun

125 3248 191 43 charme
343 3245 387 45 indéfinissable!
753 3246 127 42 Avec
908 3242 155 57 quelle
1094 3239 211 44 émotion
1327 3246 44 33 et
1400 3234 156 57 quelle
1583 3232 197 42 délicate
1809 3230 275 54 expression
2103 3231 30 40 il

125 3311 173 43 chanta
323 3310 44 43 la
416 3309 230 43 Cavatine
673 3307 38 43 si
756 3307 133 43 triste
915 3315 45 33 et
985 3305 38 42 si
1054 3300 287 59 passionnée
1369 3299 25 41 à
1419 3298 44 41 la
1505 3295 88 43 fois
1611 3297 8 41 !
1648 3294 171 52 Quand
1842 3293 87 41 elle
1956 3292 177 55 inspire

125 3375 57 43 de
209 3373 290 44 semblables
522 3371 215 57 phrases,
762 3370 42 42 la
828 3368 201 43 mission
1055 3367 55 41 de
1134 3365 101 41 l'art
1263 3371 68 33 est
1355 3359 231 44 vraiment
1612 3356 141 42 noble
1781 3364 42 33 et
1847 3368 131 42 pure.
2008 3354 123 51 Bref,

122 3436 398 57 l'interprétation
546 3448 59 30 en
630 3433 71 44 fut
731 3432 219 57 parfaite,
974 3430 96 51 oui,
1104 3425 197 60 parfaite
1327 3438 58 28 en
1406 3432 107 32 tous
1538 3419 179 57 points.
1741 3418 73 41 On
1836 3426 69 33 est
1931 3431 57 27 en
2011 3417 124 41 droit

123 3502 57 42 de
207 3500 171 43 fonder
405 3514 80 28 sur
504 3507 135 33 notre
664 3496 180 56 unique
864 3504 205 47 quatuor
1094 3487 219 60 lyonnais
1337 3487 66 41 les
1430 3484 105 55 plus
1562 3481 233 56 légitimes
1823 3480 306 55 espérances;

123 3565 32 41 il
177 3573 115 47 peut
309 3563 68 42 les
404 3561 211 44 réaliser.

182 3629 67 40 La
274 3628 170 41 séance
464 3627 151 41 Risler
640 3638 24 27 a
690 3622 72 43 été
785 3617 257 47 consacrée
1070 3616 24 41 à
1141 3611 272 44 Beethoven
1435 3622 8 39 ;
1472 3615 165 49 quatre
1665 3613 189 35 sonates
1877 3618 57 29 au
1972 3617 157 31 menu.

122 3692 66 41 M.
219 3690 152 43 Risler
395 3691 111 54 joue
533 3702 59 29 en
612 3686 150 58 grand
788 3684 177 47 artiste,
1011 3680 42 55 je
1073 3690 122 31 veux
1217 3674 98 42 dire
1337 3686 110 28 avec
1475 3669 287 56 abnégation
1790 3677 43 33 et
1860 3666 270 57 simplicité.

123 3756 38 41 Il
186 3754 207 56 possède
426 3766 93 29 une
546 3751 258 56 puissance
849 3747 277 43 étonnante,
1168 3751 93 29 une
1305 3734 210 44 sonorité
1541 3732 263 43 évocatrice
1845 3732 81 40 des
1954 3744 179 34 masses

122 3816 334 44 orchestrales.
483 3815 129 42 Chez
638 3812 82 50 lui,
746 3810 137 57 point
907 3803 343 45 d'exubérance
1290 3798 241 56 déplacée,
1556 3796 217 55 toujours
1800 3793 205 57 quelque
2042 3806 93 42 peu

121 3880 202 44 ridicule
342 3895 9 38 ;
380 3893 63 30 on
466 3877 171 46 devine
670 3875 117 43 dans
811 3886 50 30 sa
883 3866 288 56 conception
1198 3864 82 43 des
1305 3874 186 31 œuvres
1518 3874 62 42 qu
1599 3859 32 43 il
1658 3859 107 55 joue
1791 3871 64 29 un
1883 3857 255 43 sentiment
