2479 4305
909 286 59 31 I.E
1002 280 244 33 MERCURE
1281 271 224 36 MUSICAL
1633 252 214 57 15-IV-06

377 290 87 56 338

372 510 121 48 cèse
534 501 123 52 l'art
689 497 75 51 du
804 492 170 53 chant
1016 504 70 36 ne
1133 484 87 53 fût
1254 499 99 54 pas
1387 475 208 56 cultivé
1637 489 226 37 comme
1919 470 38 54 il
2006 474 95 51 eût
2144 474 243 61 souhaité

375 579 133 70 qu'il
532 578 49 51 le
606 576 84 52 fût
717 592 10 45 ;
751 584 223 40 comme
1001 564 38 53 il
1067 562 149 54 avait
1241 560 47 52 le
1316 560 140 69 goût
1482 555 77 52 du
1585 551 155 68 bien,
1773 549 38 53 il
1837 548 297 72 éprouvait
2156 555 229 73 quelque

372 657 164 71 peine
562 657 114 49 àce
704 666 129 53 que,
889 644 143 53 dans
1057 640 80 52 les
1170 651 152 40 actes
1349 635 67 52 de
1441 633 50 52 la
1523 630 89 54 vie
1654 626 402 74 quotidienne,
2092 645 136 37 ceux
2251 634 28 50 à
2299 637 88 68 qui

372 720 233 84 l'Église
630 722 285 75 déléguait
943 722 52 52 la
1019 717 245 55 mission
1297 714 69 53 de
1392 710 240 55 chanter
1670 711 30 50 à
1757 724 91 34 ses
1882 704 192 54 offices
2115 709 274 60 n'eussent

374 813 158 74 point
555 807 261 68 toujours
840 803 52 52 la
924 800 203 52 beauté
1153 793 219 56 morale
1396 791 69 54 de
1489 786 239 56 l'artiste
1754 785 187 55 formé
1974 788 32 50 à
2037 785 183 56 l'idéal
2242 789 117 57 chré-

371 891 137 62 tien,
541 899 54 41 et
626 902 59 36 ce
725 893 130 42 sont
879 896 88 35 ses
992 873 248 73 plaintes
1273 888 112 53 que
1411 884 150 38 nous
1587 864 346 54 entendons.

444 967 172 56 Odon
651 958 222 74 Rigaud
899 954 135 55 était
1057 954 157 52 entré
1241 967 71 35 en
1357 964 138 52 1242
1532 945 142 53 dans
1703 943 211 53 l'ordre
1936 943 70 53 de
2036 940 318 62 Saint-Fran-

372 1044 138 73 çois.
539 1045 86 54 Au
652 1038 147 53 mois
832 1037 69 53 de
927 1049 152 37 mars
1132 1030 68 54 de
1235 1029 221 53 l'année
1498 1040 163 55 1247,
1687 1023 38 53 il
1753 1021 86 55 fut
1866 1025 156 50 sacré
2050 1021 337 77 archevêque

375 1124 67 54 de
470 1122 220 54 Rouen,
718 1119 164 67 après
916 1128 109 56 que
1072 1109 50 52 le
1173 1124 146 55 pape
1355 1105 284 54 Innocent
1673 1100 77 53 IV
1787 1100 136 53 l'eut
1956 1099 433 72 préalablement

375 1200 182 55 relevé
610 1198 75 52 du
718 1211 128 36 vœu
894 1190 69 54 de
997 1184 404 57 renonciation
1434 1186 31 50 à
1491 1193 160 42 toute
1686 1178 219 73 dignité
1954 1176 430 76 ecclésiastique,

376 1277 136 72 qu'il
539 1273 146 56 avait
710 1270 289 73 prononcé
1025 1282 71 37 en
1123 1275 229 42 entrant
1377 1261 144 55 dans
1545 1259 209 54 l'ordre
1778 1258 102 53 des
1902 1258 204 53 Frères
2122 1258 261 59 Mineurs.

375 1353 208 56 Décidé
616 1355 31 49 à
670 1348 232 54 réaliser
948 1345 142 52 dans
1123 1354 160 42 toute
1311 1340 52 52 la
1402 1336 364 56 Normandie
1801 1335 236 53 l'œuvre
2072 1335 66 53 de
2158 1335 227 57 réforme

376 1449 127 56 que,
541 1428 204 71 simple
772 1423 293 72 religieux,
1112 1420 39 53 il
1183 1438 37 53 y
1244 1418 151 54 avait
1428 1416 263 73 prêchée,
1744 1432 107 36 son
1880 1413 248 72 premier
2158 1413 122 54 soin
2309 1416 78 56 fut

374 1510 52 52 la
451 1506 161 55 visite
635 1508 99 51 des
760 1503 293 70 doyennés
1081 1514 212 38 ruraux
1319 1496 68 54 de
1416 1513 106 35 son
1555 1494 246 54 diocèse.
1830 1491 247 56 Comme
2103 1489 37 54 il
2167 1509 67 36 ne
2258 1512 97 53 pou-

374 1585 114 55 vait
508 1603 57 36 se
598 1593 357 60 transporter
978 1579 144 52 dans
1165 1575 221 70 chaque
1413 1571 280 74 paroisse,
1720 1570 178 56 Odon
1931 1569 305 56 réunissait
2260 1573 127 52 dans

375 1680 109 37 une
511 1664 180 51 même
718 1656 315 56 assemblée
1058 1668 132 40 tous
1208 1654 80 53 les
1315 1655 164 51 curés
1498 1651 139 55 d'un
1664 1651 286 70 doyenné,
1979 1660 55 41 et
2056 1649 72 67 là,
2152 1646 37 55 il
2214 1649 173 54 faisait

374 1759 111 37 une
530 1743 190 51 sévère
746 1741 245 65 enquête
1034 1750 99 38 sur
1173 1733 81 53 les
1305 1748 217 37 mœurs
1557 1731 69 52 de
1677 1729 222 54 chacun
1947 1727 184 68 d'eux,
2158 1727 202 73 enregis-

374 1832 151 42 trant
567 1818 80 52 les
675 1813 345 57 résolutions
1053 1811 202 73 prises,
1283 1811 80 52 les
1396 1806 304 75 punitions
1745 1806 289 73 imposées
2067 1824 105 36 aux
2196 1823 160 54 coupa-

375 1896 118 54 bles
520 1908 52 39 et
598 1894 78 52 les
710 1908 320 56 promesses
1065 1907 196 50 reçues
1294 1887 171 54 d'une
1499 1885 272 56 conduite
1804 1884 296 53 meilleure
2126 1899 12 38 :
2163 1882 81 54 six
2272 1886 87 68 prê-

374 1988 136 49 tres,
549 1971 235 54 investis
837 1971 98 51 des
982 1966 291 55 fonctions
1306 1967 68 53 de
1427 1964 175 70 jurés,
1637 1962 386 72 dénonçaient
2072 1961 313 55 hardiment

374 2065 129 40 tous
526 2051 79 51 les
639 2049 299 53 désordres
971 2064 109 53 que
1126 2046 52 52 la
1213 2042 132 56 voix
1380 2042 280 74 publique
1700 2040 273 75 imputait
2015 2044 30 50 à
2088 2040 150 54 leurs
2265 2055 90 38 con-

375 2128 199 53 frères.

449 2206 288 52 L'austère
760 2204 179 71 prélat
971 2201 165 55 visite
1164 2202 67 54 de
1264 2208 189 47 même
1481 2201 80 54 les
1595 2201 445 54 communautés
2074 2195 311 72 religieuses

376 2284 69 52 de
505 2296 156 40 toute
718 2299 58 36 sa
830 2280 273 71 province
1151 2279 433 71 ecclésiastique
1612 2294 13 39 :
1683 2280 146 52 dans
1885 2277 218 71 chaque
2164 2274 219 69 abbaye,

376 2359 224 72 prieuré
634 2378 72 35 ou
759 2359 274 71 chapitre,
1072 2357 38 54 il
1146 2357 295 55 s'informe
1481 2359 102 53 des
1616 2373 219 39 mœurs
1884 2356 100 52 des
2018 2352 282 73 religieux,
2327 2350 58 53 de

376 2439 52 52 la
470 2436 271 55 situation
775 2435 305 54 financière
1115 2437 66 52 de
1223 2435 494 65 l'établissement,
1768 2435 69 52 de
1870 2434 155 53 l'état
2056 2432 97 52 des
2180 2429 207 53 édifices

378 2529 53 39 et
463 2517 73 51 du
564 2512 285 69 mobilier,
883 2514 156 53 voire
1063 2520 187 47 même
1288 2515 100 52 des
1423 2512 666 74 approvisionnements,
2112 2521 52 41 et
2189 2525 66 36 ne
2280 2505 107 53 s'en

376 2609 66 35 va
465 2594 262 68 qu'après
767 2590 158 54 avoir
950 2590 151 53 avisé
1136 2594 30 50 à
1192 2592 52 52 la
1275 2590 248 56 réforme
1557 2592 101 52 des
1691 2591 143 55 abus
1867 2589 102 72 qui
2013 2589 140 52 l'ont
2183 2585 200 70 frappé.

450 2671 76 51 Le
748 2669 171 52 Journal
920 2667 142 56 d'Odon
1087 2667 227 73 Rigaud
1336 2683 85 40 est
1449 2670 49 53 le
1526 2667 450 74 procès-verbal,
2007 2665 162 54 fidèle
2213 2675 49 39 et
2304 2658 56 55 vi-

379 2760 155 53 vant,
562 2747 67 51 de
663 2765 88 33 ses
804 2745 197 54 visites
1048 2749 335 69 pastorales.
1421 2750 162 53 Dans
1636 2766 94 37 ces
1764 2765 172 55 pages
1984 2745 245 54 sincères
2261 2735 124 76 qu'il

380 2822 231 54 écrivait
644 2840 145 53 pour
819 2822 80 55 lui
945 2825 120 53 seul
1100 2839 53 39 et
1194 2826 178 70 qu'un
1413 2840 181 39 secret
1628 2823 420 74 impénétrable
2095 2817 180 57 devait
2302 2816 58 53 dé-

381 2901 165 53 rober
573 2906 28 48 à
639 2915 158 39 toute
830 2901 292 70 curiosité,
1159 2903 38 54 il
1225 2917 133 41 note
1386 2905 493 72 impartialement
1929 2903 100 54 des
2081 2898 228 56 milliers
2341 2905 47 40 et

381 2980 99 52 des
538 2978 237 54 milliers
817 2980 67 52 de
917 2997 206 39 menus
1171 2982 131 54 faits
1335 2983 69 54 de
1451 2983 327 54 l'existence
1816 2980 397 73 quotidienne.
2248 2973 139 56 C'est

380 3057 146 52 donc
564 3075 78 34 un
670 3057 222 53 tableau
926 3060 619 54 extraordinairement
1580 3061 186 72 précis
1800 3074 55 40 et
1894 3058 234 55 curieux
2154 3066 121 43 tout
2299 3066 58 36 en-

383 3133 212 54 semble
639 3135 66 50 de
733 3135 51 52 la
814 3133 87 55 vie
943 3136 303 72 religieuse
1294 3156 73 35 en
1413 3138 364 55 Normandie
1819 3155 70 36 au
1931 3150 188 56 temps
2161 3133 67 52 de
2253 3126 134 56 saint

384 3211 194 53 Louis.
596 3211 168 67 Mais,
792 3212 85 53 s'il
898 3230 85 38 est
1009 3231 157 38 exact
1185 3217 69 54 de
1280 3216 121 55 dire
1421 3235 112 53 que
1556 3217 119 54 l'on
1692 3213 357 58 chercherait
2074 3210 313 55 vainement

383 3305 111 37 une
546 3290 237 54 histoire
817 3291 128 72 plus
978 3292 370 56 intimement
1378 3295 156 53 vraie
1579 3295 100 53 des
1730 3310 220 38 mœurs
1994 3292 76 53 du
2098 3288 177 70 clergé
2326 3296 62 39 en

383 3384 110 36 une
520 3372 225 48 contrée
767 3382 54 40 et
861 3387 69 36 en
954 3389 79 35 un
1075 3386 190 57 temps
1292 3373 244 65 donnés,
1559 3372 38 53 il
1622 3373 122 54 faut
1778 3372 225 70 ajouter
2027 3386 111 53 que
2172 3367 76 51 les
2274 3375 87 39 ren-

385 3442 381 72 seignements
799 3465 109 52 que
935 3466 149 36 nous
1131 3467 71 36 en
1237 3466 270 37 recevons
1529 3464 135 40 sont
1696 3450 368 71 incomplets,
2095 3462 68 37 en
2190 3460 56 35 ce
2272 3452 117 39 sens

386 3537 130 54 que,
552 3538 99 53 par
684 3522 50 53 la
760 3538 202 40 nature
996 3532 189 48 même
1217 3528 69 52 de
1331 3545 106 35 son
1481 3535 268 66 enquête,
1776 3527 178 56 Odon
1988 3522 223 72 Rigaud
2243 3531 117 39 enre-

384 3596 174 71 gistre
583 3616 129 36 sans
746 3602 297 70 exception
1068 3616 188 42 toutes
1306 3605 81 53 les
1419 3606 221 53 actions
1673 3605 326 55 mauvaises
2054 3615 55 39 et
2147 3596 162 75 garde
2346 3589 43 52 le

383 3672 207 56 silence
614 3693 96 36 sur
737 3678 47 52 le
817 3678 154 55 bien.

452 3752 155 52 Dans
634 3754 80 51 les
747 3756 309 68 premières
1103 3777 172 54 pages
1326 3762 69 52 de
1429 3775 86 39 cet
1570 3761 216 66 article,
1824 3779 147 36 nous
2007 3758 268 71 jetterons
2319 3759 69 39 un

383 3845 143 53 coup
552 3829 146 52 d'œil
734 3831 273 55 indiscret
1040 3853 98 36 sur
1188 3837 52 52 la
1269 3836 86 54 vie
1383 3838 77 55 du
1493 3839 185 72 clergé
1705 3838 288 55 normand
2021 3853 70 37 au
2116 3846 179 53 temps
2327 3822 60 53 de

381 3917 160 38 notre
574 3907 329 68 document,
930 3925 53 39 et
1016 3912 143 52 dans
1208 3931 116 35 une
1373 3918 245 52 seconde
1654 3917 183 70 partie
1871 3932 149 37 nous
2064 3914 320 51 écouterons
