2479 4305
809 327 164 34 REVUE
1012 332 63 32 DE
1114 336 58 31 LA
1210 336 278 37 QUINZAINE

2076 349 79 43 375

498 537 181 57 malgré
682 603 28 27 n
703 550 85 35 tou
792 552 33 63 î>
855 555 70 34 est
950 552 178 52 srande
1155 564 44 33 et
1223 554 220 55 féconde,
1477 557 275 59 lorsqu'elle
1785 564 176 58 inspire
1984 569 177 44 d'aussi

175 655 9 32 l
193 655 8 32 7
210 655 8 32 1
229 670 16 17 Q
289 672 9 14 1
364 674 21 10 A
543 672 17 9 i.
684 665 10 9 •

988 612 64 43 où
1089 628 279 34 commence
1391 620 43 43 le
1463 631 188 47 compte
1678 627 151 43 rendu
1851 628 110 45 d'un
1988 631 57 44 de
2070 646 88 29 nos

138 658 248 96 SnnlÏÏ
447 675 63 79 !î
510 672 76 35 ntS
630 677 174 48 Cntlqu
809 683 22 59 ?
837 684 19 30 s
907 674 264 57 musicaux,
1199 682 82 56 qui
1311 682 71 44 fut
1420 686 127 43 aussi
1573 686 43 44 le
1641 688 353 50 collaborateur
2017 709 112 31 occa-

143 722 190 42 sionnel
360 724 63 42 du
447 726 226 45 Mercure
699 735 201 41 musical
920 753 13 24 :
955 738 56 43 A.
1038 739 251 58 Mangeot:

233 782 52 45 Si
422 792 124 38 notre
718 791 173 43 morale
906 796 197 53 reposait
1535 814 76 27 sur
1749 800 76 44 des
1963 804 124 45 bases

770 852 75 43 des
568 855 104 91 i°^
675 872 76 28 nes
773 862 66 84 ff
841 876 41 28 oz
877 861 9 9 '
888 867 99 40 fset
1014 865 115 45 laids
1136 903 9 16 >
1167 869 32 43 «

139 971 100 45 Lou
275 992 20 26 s
385 935 15 34 '
405 932 147 39 l9UVer
600 919 249 49 admirable
868 941 159 30 roman
1046 931 52 43 de
1110 932 172 57 beauté,
1305 936 210 47 d'amour
1532 946 39 37 et
1592 940 52 45 de
1662 943 174 55 volupté
1858 946 51 44 de
1931 947 62 45 M.
2011 951 145 43 Pierre

271 1036 117 46 Sans
550 1040 134 46 livrer
861 1048 28 39 à
960 1045 46 43 la
1100 1063 81 29 vue
1322 1050 61 43 les
1494 1050 161 46 détails
1870 1054 179 44 intimes

143 1114 146 30 moins
310 1106 183 44 souillée
516 1124 83 39 que
633 1110 47 43 la
715 1117 139 50 nôtre,
955 1131 58 27 on
1038 1119 150 43 aurait
1204 1136 65 37 pu
1301 1126 227 54 sanctifier
1564 1129 332 56 publiquement
1926 1134 44 44 la
1996 1136 156 46 beauté

148 1170 242 49 corporelle
411 1178 39 33 et
802 1180 198 37 montrer
1245 1175 38 43 le
1369 1177 127 43 noble
1675 1181 355 55 tressaillement,

138 1236 13 32 L
171 1236 148 36 extase
341 1236 148 40 divine
515 1252 81 39 que
610 1246 110 44 peut
745 1243 209 41 causerie
980 1246 214 50 spectacle
1219 1247 128 44 d'une
1369 1251 106 43 belle
1495 1253 142 54 forme
1661 1272 99 28 nue.

195 1291 118 44 Mais
342 1295 44 42 la
409 1299 172 43 morale
604 1301 66 55 s'y
694 1319 179 39 oppose,
901 1305 44 42 la
977 1307 60 42 loi
1061 1308 226 45 l'interdit.
1331 1313 230 57 Pourquoi
1594 1317 36 43 le
1672 1319 328 47 dévêtissement
2024 1324 129 46 d'une

138 1361 161 45 femme
320 1361 118 40 est-il
458 1363 258 56 impudique
739 1371 20 37 ?
782 1367 232 57 Pourquoi
1037 1371 45 43 la
1112 1371 141 54 forme
1288 1374 210 47 humaine
1535 1380 200 44 doit-elle
1775 1387 85 39 être
1884 1385 154 44 cachée
2062 1403 90 27 aux

137 1422 185 50 regards
364 1423 120 44 alors
510 1442 81 39 que
615 1427 46 43 la
672 1429 143 54 forme
840 1433 196 43 animale
1138 1436 165 53 oiseau,
1329 1439 105 44 chat
1465 1457 56 27 ou
1545 1451 172 46 serpent
1811 1455 107 45 peut
1942 1464 43 27 se
2008 1451 116 42 mani-

137 1486 134 47 fester
294 1486 233 44 librement
543 1505 105 28 sans
672 1491 193 58 choquer
883 1511 80 27 nos
996 1496 214 57 baroques
1228 1501 223 56 principes
1468 1509 20 37 ?

194 1545 39 42 A
259 1548 77 53 toi,
364 1551 297 55 civilisation;
685 1558 27 40 à
735 1557 76 50 toi,
844 1559 186 51 morale,
1057 1560 274 57 d'expliquer
1352 1565 54 43 de
1428 1567 212 53 pareilles
1665 1571 262 52 turpitudes.

193 1610 73 41 En
291 1614 234 51 îevanche,
553 1617 14 41 l
585 1619 133 52 esprit
743 1636 26 27 a
795 1627 140 38 toutes
958 1622 60 43 les
1040 1623 208 55 facilités,
1274 1633 140 39 toutes
1439 1630 60 42 les
1524 1631 179 44 licences
1722 1649 116 37 pour
1863 1650 42 27 se
1935 1635 215 54 profaner

131 1687 80 38 pai
245 1672 45 44 la
313 1674 177 46 lecture.
513 1679 86 43 Les
624 1681 132 44 livres
779 1682 59 44 les
852 1684 105 56 plus
979 1686 291 57 malpropres,
1298 1690 59 43 les
1374 1692 105 53 plus
1508 1695 255 43 avilissants
1769 1729 10 16 9
1805 1696 60 42 les
1882 1697 103 53 plus
2003 1700 124 51 perni-

138 1737 126 42 cieux
302 1754 18 26 s
339 1740 160 52 offrent
516 1745 26 39 à
569 1749 98 38 tous
681 1763 12 24 :
737 1746 196 46 hommes
961 1751 139 49 virils,
1142 1753 239 55 collégiens
1418 1756 204 53 pubères,
1653 1759 162 53 vierges
1837 1760 168 43 nubiles
2029 1777 27 26 n
2076 1768 76 36 ont

136 1815 57 38 qu
211 1803 27 39 à
265 1802 149 43 tendre
437 1805 45 41 la
522 1808 125 41 main
666 1825 119 38 pour
814 1827 88 26 sen
953 1813 226 44 abreuver.
1220 1815 62 43 Le
1322 1818 162 54 poison
1524 1820 92 43 leur
1660 1827 62 37 est
1753 1822 121 42 aussi
1895 1822 257 55 facilement

137 1863 128 53 offert
297 1881 81 38 que
398 1866 45 43 la
467 1868 173 55 liqueur
665 1878 114 36 verte
810 1890 76 25 sur
907 1874 37 42 le
961 1878 218 52 comptoir
1203 1878 186 45 d'étain.

193 1926 67 42 De
275 1929 127 42 siècle
427 1946 50 26 en
506 1933 129 42 siècle
659 1935 45 41 la
730 1935 173 43 laideur
922 1954 111 27 nous
1058 1940 195 43 envahit.
1282 1942 334 56 L'intelligence
1638 1945 186 44 subsiste
1849 1952 40 38 et
1912 1947 112 43 élève
2039 1963 82 38 pro-

134 1991 316 52 gressivement
467 2010 66 26 ses
554 2001 234 51 conquêtes
806 2013 15 32 ;
837 2001 115 40 mais
975 2000 13 40 l
1007 2000 116 43 idéal
1141 2004 199 50 périclite
1363 2005 72 46 ;le
1477 2008 316 42 matérialisme
1828 2008 172 43 devient
2022 2025 127 38 gros<-

134 2052 77 42 siei
241 2070 16 36 ;
287 2053 37 43 le
364 2057 306 54 sensualisme,
714 2060 181 43 obscène
916 2079 10 33 ;
961 2062 45 42 la
1057 2067 136 50 gaité,
1238 2065 152 43 lourde
1427 2075 40 35 et
1506 2069 124 42 basse
1647 2084 16 37 ;
1691 2069 60 43 les
1790 2071 104 54 plus
1940 2071 210 43 sublimes

135 2116 122 42 élans
283 2125 99 35 sont
405 2119 183 54 bafoués
608 2128 41 37 et
667 2126 165 40 traînés
854 2124 113 42 dans
989 2125 37 42 le
1051 2126 240 46 ridicule...
1321 2130 119 42 C'est
1463 2132 390 43 l'asservissement
1887 2140 41 36 et
1963 2133 164 44 l'avilis-

136 2187 189 36 sement.

193 2244 152 42 Bravo
368 2247 8 38 !
407 2246 152 43 Bravo
580 2250 6 39 !
619 2249 152 42 Bravo
796 2249 7 42 !
833 2250 141 42 Voilà
1001 2264 186 30 comme
1215 2253 39 51 je
1275 2255 226 42 voudrais
1535 2256 163 43 écrire.
1727 2258 52 41 Je
1813 2258 153 41 crains
1992 2259 56 41 de
2069 2259 77 54 n'y

135 2305 168 52 jamais
330 2308 192 45 arriver.

1817 2382 52 42 L.
1895 2382 53 42 L.

197 2660 344 57 MUSIQUE
579 2663 137 47 DES
739 2662 172 49 XVII
912 2670 14 21 e
959 2663 110 46 ET
1086 2654 204 63 XVIII
1290 2654 35 63 e
1360 2654 280 63 SIÈCLES.

134 2806 184 44 Musiques
343 2808 211 41 pastorales.
636 2807 67 33 Les
726 2808 147 34 Maîtres
900 2807 152 41 français
1073 2807 46 33 du
1141 2807 121 33 violon
1282 2817 42 23 au
1344 2815 89 25 xvm
1449 2807 120 33 siècle.

195 2925 64 40 Le
306 2924 247 51 vendredi,
597 2925 57 43 3o
696 2939 141 40 mars,
863 2925 106 40 Mme
1009 2924 179 43 Wanda
1232 2924 289 43 Landowska
1567 2936 122 30 nous
1722 2922 156 43 offrait
1906 2937 65 29 un
2017 2924 125 56 régal

137 2988 185 55 exquis.
353 2988 124 42 Sous
506 2988 42 43 le
569 2988 107 42 titre
698 2988 161 56 galant
880 2988 57 41 de
973 3000 23 29 «
1018 2986 247 55 Musiques
1289 2986 263 54 pastorales
1578 2986 82 43 des
1686 3000 92 28 XVII
1784 2993 15 19 6
1825 2995 44 33 et
1892 2996 131 32 xvme
2049 2986 68 43 siè-

137 3050 97 43 cles
257 3064 41 37 »,
320 3050 89 44 elle
433 3051 123 44 avait
581 3050 413 57 ingénieusement
1015 3048 227 56 composé
1268 3062 64 28 un
1356 3062 300 42 programme
1695 3048 55 42 de
1778 3048 235 55 bergeries
2040 3062 67 28 mu-

136 3113 170 43 sicales
335 3114 63 41 où
423 3128 66 28 un
511 3113 362 56 contemporain
900 3111 248 43 d'Honoré
1175 3109 163 44 d'Urfé
1362 3110 150 43 aurait
1535 3111 165 42 trouvé
1720 3123 88 29 son
1825 3119 186 46 compte
2037 3118 105 35 tout

136 3176 131 45 aussi
294 3175 110 44 bien
431 3177 145 54 qu'un
598 3192 26 27 «
648 3177 115 42 roué
790 3190 23 29 »
840 3177 56 42 de
918 3175 43 42 la
988 3174 233 56 Régence.
1253 3174 90 41 Les
1385 3186 138 29 noms
1557 3174 55 41 de
1640 3172 143 50 Bach,
1821 3172 56 43 de
1912 3173 226 55 Rameau,

140 3241 57 42 de
224 3240 263 55 Couperin,
517 3240 59 43 de
604 3238 413 44 Chambonnières
1062 3236 248 43 s'alliaient
1335 3235 24 41 à
1386 3249 119 29 ceux
1530 3235 56 42 de
1607 3235 338 55 quelques-uns
1970 3235 56 42 de
2049 3248 88 30 nos

134 3304 142 44 vieux
296 3302 223 43 luthistes
543 3316 62 28 ou
632 3317 22 29 «
680 3302 262 43 luthériens
967 3318 39 36 »,
1049 3311 185 31 comme
1268 3311 61 28 on
1361 3297 67 42 les
1455 3297 220 56 appelait.
1705 3298 67 41 De
1805 3310 77 29 ces
1910 3297 230 54 derniers,

134 3367 301 58 représentés
451 3380 85 42 par
563 3367 311 56 Francisque,
898 3365 198 42 l'auteur
1122 3363 62 42 du
1211 3376 22 28 «
1258 3360 176 43 Trésor
1450 3360 238 56 d'Orphée
1715 3375 21 25 »
1764 3368 44 34 et
1823 3373 84 43 par
1945 3360 193 52 Bésard,

133 3432 48 41 M
189 3438 53 22 me
271 3429 302 44 Landowska
596 3430 112 57 joua
730 3444 58 28 au
821 3427 211 45 clavecin
1074 3440 28 41 4
1125 3440 21 27 «
1173 3423 214 43 bransles
1426 3436 22 28 »
1497 3422 244 56 auxquels,
1782 3422 215 43 utilisant
2042 3436 98 29 non

136 3508 110 29 sans
270 3494 170 43 malice
465 3508 66 28 un
555 3507 201 42 passage
783 3493 56 42 de
865 3488 438 59 YOrcliésographie
1310 3519 9 19 ,
1348 3485 88 43 elle
1459 3485 122 42 avait
1614 3485 157 42 donné
1818 3486 320 43 d'amusantes

134 3565 46 35 et
196 3557 324 56 pittoresques
544 3555 311 45 affectations.
873 3555 63 41 Le
957 3551 179 58 public,
1164 3548 187 44 charmé
1373 3562 84 42 par
1477 3556 118 34 cette
1620 3547 219 56 musique
1860 3548 193 54 inédite,
2081 3562 59 29 en

133 3621 147 56 goûta
301 3621 66 42 les
391 3621 210 56 rythmes
627 3619 169 43 subtils
816 3627 45 33 et
885 3618 44 41 la
944 3626 287 33 savoureuse
1254 3610 265 43 harmonie.
1549 3612 67 40 De
1644 3611 226 56 François
1895 3610 245 56 Couperin

135 3697 124 29 nous
278 3684 162 42 eûmes
457 3683 67 44 les
549 3698 22 29 «
599 3681 283 57 Rossignols
905 3696 18 23 »
953 3687 45 34 et
1022 3678 65 42 les
1104 3674 285 44 admirables
1418 3689 19 25 «
1464 3673 216 56 Sylvains
1700 3691 38 25 ».
1764 3691 21 21 «
1806 3675 66 40 La
1895 3689 21 26 «
1937 3673 141 43 Forêt
2102 3689 40 38 »,

134 3749 119 42 dont
280 3748 106 42 Mme
412 3746 303 44 Landowska
738 3742 224 57 évoquait
983 3741 66 42 les
1072 3750 212 43 ramages
1313 3736 260 51 d'oiseaux,
1590 3736 188 43 retentit
1804 3737 55 41 de
1879 3736 263 43 l'étonnant

134 3823 190 30 coucou
367 3810 57 42 de
452 3810 244 43 Bernardo
724 3803 228 59 Pasquini
997 3800 168 58 auprès
1205 3800 176 56 duquel
1425 3799 122 43 celui
1588 3800 56 43 de
1685 3798 204 58 Daquin,
1931 3799 211 58 quoique

134 3873 229 57 composé
385 3871 107 58 près
520 3874 111 41 d'un
665 3867 292 46 demi-siècle
981 3865 106 56 plus
1110 3864 119 53 tard,
1256 3871 138 48 parut
1437 3861 110 45 bien
1594 3861 296 57 mécanique,
1931 3861 112 44 bien
2082 3875 58 30 en

134 3936 108 43 bois
267 3944 45 35 et
337 3936 142 55 digne
500 3944 105 35 tout
623 3948 57 29 au
705 3932 107 57 plus
840 3930 56 44 de
921 3928 163 43 nicher
1108 3928 118 43 dans
1253 3940 94 30 une
1373 3927 213 56 horloge.
1609 3926 37 44 Il
1671 3941 29 42 y
1737 3939 25 30 a
1788 3930 113 40 dans
1933 3926 44 43 la
2007 3924 133 59 pièce
