2479 4305
387 235 120 44 Mmes

168 341 213 46 €al>re,
400 334 117 42 élève
539 332 53 42 de
617 332 50 42 G.
697 330 293 55 Falkenberg,
1017 329 69 49 41,
1107 344 78 26 rue
1200 328 54 43 de

223 393 146 42 Seine.
410 392 168 54 Leçons
600 388 53 41 de
675 387 134 55 piano
834 394 42 34 et
901 385 53 43 de
980 385 178 56 solfège.

166 519 57 35 1».
272 515 356 42 Landormy,
674 507 69 48 30,
783 522 78 25 rue
907 505 343 56 Saint-Sulpice.

222 569 140 41 Cours
386 574 42 35 et
451 565 146 56 leçons
616 562 306 57 particulières
947 563 54 42 de
1024 562 152 56 piano.

166 693 238 37 Wamla
433 690 413 39 Laii(low§ka,
891 684 97 50 236,
1034 683 220 57 faubourg

221 743 338 44 Saint-Honoré.
597 742 170 55 Leçons
803 748 42 35 et
867 757 128 26 cours
1021 741 54 42 de
1100 741 148 55 piano.

166 871 214 43 Neveu,
414 864 40 49 8,
493 879 78 26 rue
595 862 449 43 Mouton-Duvernet.
1079 863 173 57 Leçons

220 921 53 42 de
296 921 132 55 piano
451 928 41 35 et
517 919 177 56 solfège.

164 1048 58 36 A.
239 1045 443 45 ioubcrblelle,
696 1041 96 48 204,
803 1039 245 45 boulevard
1061 1041 190 43 Pereire.

219 1098 141 42 Cours
376 1105 50 35 'et
447 1097 148 57 leçons
618 1096 54 44 de
696 1097 150 55 piano.

275 1204 110 42 Mlles

166 1264 320 39 CliouclftlK
528 1261 288 43 Kabaïan.
852 1262 142 43 Piano
1012 1270 41 35 et
1073 1279 175 27 accom-

218 1326 276 47 pagnement,
521 1319 67 51 14,
615 1335 78 26 rue
726 1318 207 43 Poisson.

168 1430 220 35 Berthe
435 1431 334 47 Durantoii,
799 1426 67 50 11,
889 1443 80 26 rue
1014 1427 235 44 Saint-La-

216 1497 111 26 zare.
345 1481 180 42 Officier
541 1481 296 45 d'Académie.
859 1484 170 55 Leçons
1048 1484 54 43 de
1115 1484 134 56 piano

217 1545 41 34 et
282 1554 127 25 cours
433 1538 53 56 d£
507 1539 205 55 musique
733 1540 286 44 d'ensemble.

164 1662 202 45 Faimy
389 1662 267 51 Ijamtiig-,
680 1660 68 47 18,
774 1677 79 25 rue
874 1662 376 42 Godot-de-Mau-

219 1713 82 52 roi,
328 1721 43 35 et
395 1715 94 50 101,
526 1732 165 26 avenue
717 1716 54 43 de
797 1717 193 44 Yilliers.
1039 1719 143 43 Cours
1207 1727 42 36 et

219 1770 146 56 leçons
390 1771 53 42 de
465 1771 134 56 piano
624 1780 43 35 et
691 1773 54 44 de
766 1775 223 55 musique.

570 1998 505 44 VIOLONCELLE

271 2101 108 43 MM.

167 2198 75 36 de
267 2199 223 44 Bruyn,
537 2195 96 50 118,
659 2212 77 26 rue
761 2196 54 42 de
859 2197 43 42 la
946 2198 184 56 Pompe.
1167 2200 81 42 Le-

216 2266 104 39 çons
344 2250 54 42 de
419 2250 259 45 violoncelle
701 2260 42 35 et
767 2253 478 58 d'accompagnement.

163 2382 266 45 MaritelF,
455 2379 50 41 51
527 2378 78 51 bis,
618 2396 167 27 avenue
810 2381 53 43 de
884 2382 41 42 la
946 2382 298 58 République.

217 2433 266 44 Violoncelle
506 2436 93 42 solo
622 2436 77 44 des
718 2438 214 44 Concerts
945 2440 299 45 Lamoureux.

218 2490 170 57 Leçons
412 2492 53 42 de
485 2492 283 45 violoncelle.

163 2627 305 47 llinssart,
495 2626 75 42 des
594 2627 214 44 Concerts
831 2631 216 50 Colonne,
1074 2633 70 50 45,
1167 2650 81 28 rue

216 2680 348 45 Rochechouart.
593 2685 170 55 Leçons
807 2687 52 41 de
903 2688 261 45 violoncelle
1206 2700 42 34 et

216 2735 476 59 d'accompagnement.

800 2976 275 45 VIOLON

299 3095 105 44 MM.

164 3190 178 38 Louis
400 3195 209 49 Bailly,
654 3194 69 49 22,
766 3212 79 26 rue
888 3197 247 48 Chauchat,

216 3259 99 38 prix
355 3245 59 42 du
470 3247 352 48 Conservatoire.
875 3255 172 57 Leçons
1093 3259 151 54 d'alto,

217 3299 148 43 violon
389 3309 41 35 et
451 3318 432 44 accompagnement.

515 3425 67 50 11,
625 3443 77 26 rue
723 3428 76 43 des
842 3431 167 44 Halles.
1054 3435 194 45 Concer-

217 3476 119 44 tiste.
360 3478 168 57 Leçons
553 3481 53 43 de
626 3483 164 45 violon.

164 3600 256 40 Cltcii'lcs
456 3606 245 48 Kouvot,
735 3607 170 44 officier
935 3611 54 41 de
1020 3612 226 46 l'lnstruc-

217 3652 95 43 tion
357 3656 229 57 publique,
625 3661 68 50 42,
736 3680 168 28 avenue
940 3668 54 41 de
1014 3669 226 56 AVagram.

221 3708 167 58 Leçons
414 3713 52 42 de
490 3715 150 43 violon
662 3727 42 33 et
729 3720 28 41 d
776 3737 438 43 accompagnement.

1347 233 289 38 Edouard
1671 233 180 44 Bron,
1872 226 71 51 30,
1968 242 81 28 rue
2067 226 56 44 de
2154 226 181 58 Naples.
2359 233 79 46 Le-

1400 301 107 40 çons
1525 284 55 43 de
1602 284 153 43 violon
1778 292 44 35 et
1846 284 487 55 d'accompagnement.

1346 398 61 35 11.
1430 397 77 37 de
1530 397 266 45 Brwyne,
1818 391 78 42 des
1914 390 215 43 Concerts
2144 392 293 59 Lamoureux,

1398 449 72 49 29,
1496 465 80 26 rue
1600 448 55 43 de
1676 449 267 55 Maubeuge.
1969 449 174 56 Leçons
2183 452 254 53 particuliè-

1398 521 72 27 res
1495 505 55 43 de
1572 506 153 43 violon
1749 513 43 35 et
1827 505 483 57 d'accompagnement.

1345 620 62 35 R.
1449 621 92 35 Ou
1552 625 110 38 rot,
1689 614 70 49 22,
1781 630 80 26 rue
1886 614 193 44 Baudin.
2108 614 171 58 Leçons
2302 623 134 52 parti-

1399 671 189 43 culières
1614 671 56 42 de
1693 671 153 43 violon
1871 678 43 35 et
1957 671 475 58 d'accompagnement.

1342 785 198 37 ¥wan
1565 783 225 47 Fliege.
1821 779 174 55 Leçons
2020 779 55 42 de
2098 780 151 43 violon
2267 790 42 35 et
2331 785 104 45 d'ac-

1399 844 387 48 compagnement.
1853 836 98 53 207,
2006 835 247 45 boulevard
2300 840 132 47 Saint-

1399 893 229 43 Germain.

1345 1007 331 44 Herweffh,
1700 1001 43 51 3,
1766 1017 172 27 avenue
1955 1000 218 57 Bosquet.
2195 1002 169 59 Leçons
2384 1007 50 45 de

1396 1060 168 43 violon.
1593 1060 232 42 Concerts.

1346 1170 303 46 Pomposi,
1698 1166 69 50 75,
1811 1181 80 27 rue
1940 1166 188 43 Mozart.
2173 1167 170 58 Leçons
2383 1171 50 44 de

1395 1223 152 44 violon
1572 1231 42 35 et
1639 1223 488 55 d'accompagnement.

1342 1345 208 44 Henry
1573 1343 309 45 Scliickel,
1906 1338 78 43 des
2020 1339 213 44 Concerts
2252 1341 179 47 Lamou-

1395 1412 125 35 reux,
1547 1396 43 50 5,
1617 1412 79 27 rue
1715 1396 270 56 d'Enghien.
2014 1397 174 58 Leçons
2213 1399 54 42 de
2293 1401 138 45 violon

1395 1461 44 34 et
1463 1453 488 57 d'accompagnement.

1338 1559 240 44 •losei>li
1614 1558 381 48 Seligmaim,
2029 1555 102 56 prix
2149 1556 202 46 Joachim
2384 1561 50 43 de

1394 1611 273 43 l'Académie
1698 1612 154 55 royale
1892 1611 55 43 de
1972 1613 170 43 Berlin.
2183 1615 169 57 Leçons
2383 1618 49 44 de

1393 1668 152 42 violon
1576 1676 44 35 et
1658 1669 489 56 d'accompagnement.
2176 1672 70 50 33,
2278 1689 76 28 rue
2383 1676 49 43 de

1393 1726 305 55 Tocqueville.

1816 1883 455 46 CLARINETTE

1450 1967 60 42 M.

1338 2043 388 53 Stiéveiiai'd,
1773 2046 78 44 des
1891 2047 217 45 Concerts
2140 2050 288 53 Lamoureux,

1395 2103 68 50 75,
1493 2119 80 26 rue
1596 2103 215 43 Blanche.
1850 2105 175 57 Leçons
2053 2106 54 42 de
2140 2108 225 44 clarinette
2392 2117 38 35 et

1395 2159 486 57 d'accompagnement.

1697 2342 370 54 PROVINCE

1336 2433 180 43 DIJON

1338 2512 71 35 M.
1447 2509 296 39 DietricKi.
1785 2505 158 52 Piano,
1990 2522 154 42 orgue,
2191 2508 231 43 harmonie.

1395 2562 97 53 105,
1519 2579 80 25 rue
1623 2562 55 43 de
1698 2562 44 44 la
1766 2563 274 44 Préfecture.

1338 2670 166 43 LYON

1338 2749 68 34 11.
1429 2748 262 37 Clia.fies
1712 2742 266 46 Bouché.
2005 2745 173 57 Leçons
2199 2745 53 44 de
2272 2743 150 44 violon.

1394 2799 41 52 7,
1462 2799 123 56 place
1608 2799 153 57 Edgar
1791 2801 186 52 Quinet.

1340 2928 66 35 11.
1432 2928 61 35 A.
1521 2926 417 49 C*uicliai'cloii,
1965 2925 257 55 professeur
2244 2941 54 26 au
2322 2924 102 42 Con-

1395 2979 258 42 servatoire.
1688 2980 145 43 Cours
1877 2989 44 34 et
1952 2982 150 57 leçons
2135 2981 288 57 particulières

1395 3036 54 41 de
1484 3036 154 43 violon
1670 3044 42 35 et
1737 3037 487 58 d'accompagnement.
2255 3039 66 49 24,
2354 3051 70 27 rue

1397 3093 210 43 Rabelais

1339 3202 102 39 IlUe
1469 3203 436 51 Lacliart'ière,
1932 3204 160 51 Piano,
2124 3214 295 43 accompagne-

1395 3265 140 35 ment.
1564 3259 40 49 7,
1632 3276 80 26 rue
1738 3260 77 43 des
1840 3262 209 42 Archers.

1336 3364 121 43 PAU

1338 3442 156 36 Paul
1521 3443 137 37 Mau
1667 3444 141 48 fret,
1836 3441 70 47 29,
1942 3457 80 26 rue
2048 3441 180 43 Carnot.
2265 3438 153 53 Leçons

1394 3493 54 42 de
1472 3494 136 55 piano
1632 3504 44 34 et
1700 3496 283 44 d'harmonie

1336 3601 333 45 TOULOUSE

1338 3679 67 35 il.
1434 3679 184 37 Omer
1643 3679 299 41 Gufraud.
1985 3678 165 56 Orgue,
2190 3665 227 53 harmonie.

1396 3730 67 48 18,
1491 3747 78 26 rue
1593 3732 377 46 Saint-Bernard.

171 3878 181 79 FfOS
392 3886 37 71 Ç
500 3887 504 70 RFFTMnWPN
1098 3890 167 57 dirigée
1302 3911 81 38 par
1533 3897 62 41 M.
1616 3904 267 47 Kalutet,
1928 3901 71 53 80,
2053 3916 79 27 rue
2175 3890 197 50 Blanche,
2398 3885 21 39 à

219 3942 47 51 V
339 3942 93 65 7>
501 3942 45 34 u
560 3942 94 37 S-i-
683 3944 15 36 !
726 3942 309 56 llUïf-ii,
1097 3946 145 45 Paris.
1271 3949 145 45 Cours
1437 3951 55 43 de
1519 3953 151 51 piano,
1698 3956 181 51 solfège,
1898 3956 256 51 harmonie,
2182 3951 232 56 pédagogie,

166 3994 280 43 préparation
470 4005 83 27 aux
576 4008 206 29 examens
807 3996 77 44 des
909 3999 158 44 Ecoles
1093 4007 242 41 normales,

538 4059 236 47 Amateurs
795 4079 9 34 ;
832 4090 52 5 -
923 4067 47 42 2*
992 4070 174 46 Section
1196 4092 13 24 :
1246 4076 193 45 Artistes
1464 4094 47 27 se
1531 4083 248 53 préparant
1807 4101 56 26 au
1902 4084 275 57 professorat
2207 4080 57 42 du
2298 4071 117 59 piano

166 4113 266 51 (Diplômes)
456 4127 9 38 ;
574 4114 47 44 Se
1124 4117 174 46 Section
1520 4139 13 25 :
879 4123 142 46 Cours
1053 4145 81 38 par
1157 4135 400 53 correspondance.
