2479 4305
839 292 59 32 LE
934 289 243 34 MERCURE
1212 286 225 33 MUSICAL
1572 272 228 59 15-IV-06

339 290 86 57 358

335 500 116 43 n'est
474 495 265 45 nullement
765 494 43 43 le
843 493 83 43 fait
950 491 57 43 de
1035 491 209 43 Strauss.
1270 489 184 43 Toutes
1490 496 112 36 sont
1622 487 258 59 inspirées,
1906 487 96 45 soit
2036 503 88 44 par
2146 504 96 33 une
2263 494 72 44 bal-

329 561 106 45 lade
455 560 57 43 de
545 560 179 52 Lenau,
752 569 66 30 un
842 567 202 45 passage
1068 553 59 44 de
1148 551 277 52 Nietzsche,
1443 565 96 30 une
1558 551 205 57 légende
1790 565 193 30 connue
2006 566 64 29 ou
2091 566 96 32 une
2206 555 126 48 inten-

327 625 102 43 tion
450 623 95 44 très
572 621 241 57 marquée.
841 620 66 41 La
939 617 223 57 musique
1188 617 58 43 de
1269 616 230 44 chambre
1522 616 58 44 de
1608 616 194 44 Strauss
1833 626 72 34 est
1925 630 97 44 peu
2046 616 311 53 intéressante

329 696 45 35 et
396 684 181 60 parfois
601 682 213 58 vulgaire
837 700 12 35 ;
876 682 33 43 il
936 680 150 45 existe
1105 689 133 36 entre
1264 689 161 35 autres
1448 679 171 45 choses
1660 693 97 31 une
1783 688 173 36 sonate
2002 694 125 45 pour
2172 683 161 48 violon-

328 750 118 44 celle
471 758 45 34 et
539 748 144 58 piano
1123 748 89 56 {op.
823 745 46 57 7)
892 745 64 43 où
982 758 49 30 se
1050 744 173 44 chante
1244 743 95 44 très
1360 752 268 36 nettement
1670 743 46 44 la
1744 743 218 45 chanson
2002 744 110 58 plus
2138 760 92 45 que
2271 763 56 44 po-

325 813 182 57 pulaire
781 810 146 44 J'irai
1130 811 44 42 le
1188 810 104 43 dire
1656 809 40 43 A
1779 821 77 31 ma
1990 805 130 46 mère
2313 806 49 46 !..

382 876 68 43 Ce
471 874 84 44 fait
579 882 71 36 est
671 872 287 45 intéressant
981 872 25 43 à
1023 880 154 43 noter,
1202 885 100 29 non
1325 885 87 44 pas
1438 880 104 35 tant
1567 885 60 30 en
1652 871 252 44 lui-même
1927 885 92 46 que
2056 887 144 45 parce
2246 879 109 57 qu'il

328 940 256 44 corrobore
612 938 125 43 deux
761 938 84 43 des
868 936 420 57 caractéristiques
1330 936 60 43 de
1439 937 194 43 Strauss
1661 950 10 33 :
1701 936 44 44 le
1785 950 97 45 peu
1929 938 264 57 d'aptitude
2238 942 25 43 à
2314 945 47 56 la,

327 1002 219 57 musique
577 1014 118 45 pure
720 1009 46 35 et
788 1001 43 43 le
856 1012 208 44 manque
1091 999 57 45 de
1184 999 287 43 distinction
1503 1001 85 43 des
1628 999 151 47 idées.
1830 1001 93 44 Ces
1957 1002 129 44 deux
2108 1004 223 57 particula-

325 1065 112 45 rités
460 1065 57 43 de
541 1078 88 30 son
653 1064 150 43 talent
823 1072 112 35 sont
965 1063 192 58 portées
1199 1063 27 43 à
1250 1063 104 44 leur
1376 1064 182 57 apogée
1581 1064 121 43 dans
1729 1063 44 44 la
2130 1068 176 47 Dédiée
2331 1073 24 43 à

330 1143 50 29 sa
403 1129 174 43 femme
596 1138 44 34 et
658 1129 24 43 à
694 1128 102 44 leur
814 1128 115 44 cher
953 1126 180 52 enfant,
1161 1135 126 36 cette
1308 1140 167 32 œuvre
1494 1136 72 35 est
1581 1128 276 58 également
1876 1129 43 43 le
1934 1129 136 46 reflet
2092 1131 58 45 de
2168 1133 164 47 l'incer-

321 1192 154 45 titude
495 1192 230 45 musicale
752 1191 83 58 qui
859 1192 144 57 règne
1025 1191 348 44 actuellement
1409 1206 61 29 en
1500 1192 306 59 Allemagne.
1833 1192 71 56 Si,
1932 1195 294 46 abstraction
2246 1197 107 47 faite

324 1257 83 43 des
432 1256 262 43 intentions
714 1255 335 58 descriptives,
1077 1270 64 29 on
1165 1256 260 44 considère
1445 1255 218 57 l'œuvre,
1691 1271 66 29 on
1776 1266 73 36 est
1873 1258 205 45 endroit
2098 1261 78 58 d'y
2195 1275 132 33 recon-

324 1319 150 43 naître
494 1332 94 29 une
615 1318 287 58 symphonie
931 1318 240 58 classique
1191 1321 64 41 où
1274 1321 27 41 à
1324 1333 96 31 une
1447 1329 167 36 courte
1649 1321 335 44 introduction
2011 1324 259 46 succèdent
2287 1341 64 32 un

320 1383 211 58 scherzo,
556 1395 65 30 un
645 1383 173 58 adagio
843 1392 46 34 et
911 1397 66 29 un
991 1383 157 59 finale
1180 1397 60 30 en
1263 1384 154 43 forme
1445 1384 59 45 de
1538 1383 165 59 fugue.
1732 1384 125 45 Mais
1895 1399 191 32 comme
2133 1390 188 58 sympho-

321 1445 78 44 nie
424 1446 267 57 régénérée,
715 1446 90 45 elle
846 1455 70 36 est
940 1446 113 46 bien
1078 1446 261 47 inférieure
1373 1449 24 43 à
1439 1449 85 44 des
1571 1463 193 30 œuvres
1812 1463 191 32 comme
2028 1453 46 43 la
2111 1453 239 48 troisième

323 1510 100 43 d'A.
452 1510 231 57 Magnard
704 1524 63 29 ou
788 1511 44 43 la
857 1511 211 43 seconde
1101 1511 59 45 de
1185 1512 57 45 V.
1275 1514 189 55 d'lndy.

382 1572 300 44 L'orchestre
705 1573 57 43 de
1284 1573 45 43 \&
1345 1575 276 44 Domestica
1152 1583 74 36 est
1255 1575 98 44 très
1379 1576 193 58 chargé.
1604 1578 92 44 Les
1715 1577 221 59 pupitres
1978 1580 57 43 de
2074 1591 133 34 vents
2240 1592 108 36 sont

323 1634 468 46 considérablement
816 1637 245 44 renforcés
1092 1652 9 31 :
1141 1639 127 44 deux
1313 1639 229 45 hautbois
1584 1642 281 44 ordinaires
1913 1643 206 46 doublés
2154 1661 84 42 par
2281 1662 64 31 un

324 1696 221 46 hautbois
572 1699 217 43 d'amour
813 1709 47 36 et
882 1716 67 29 un
974 1716 84 29 cor
1104 1703 184 57 anglais
1311 1723 11 33 ;
1364 1704 120 45 trois
1518 1705 209 58 grandes
1758 1705 150 46 flûtes
1948 1717 46 34 et
2030 1723 95 31 une
2166 1710 144 58 petite
2336 1727 10 36 ;

321 1770 163 47 quatre
502 1763 289 54 clarinettes,
810 1778 96 30 une
932 1779 59 29 en
1016 1766 66 52 ré,
1109 1780 95 30 une
1231 1780 59 31 en
1312 1768 46 43 la
1374 1778 46 34 et
1444 1769 127 43 deux
1595 1784 60 29 en
1678 1770 46 43 si
1740 1794 20 31 p
1807 1780 167 49 quatre
1993 1776 199 41 bassons
2218 1784 43 34 et
2280 1789 62 29 un

323 1826 345 43 contrebasson
687 1841 12 40 ;
729 1837 168 47 quatre
922 1830 309 57 saxophones
1254 1845 59 31 en
1337 1831 157 46 forme
1518 1834 60 44 de
1608 1844 239 48 quatuor;
1876 1835 105 44 huit
2016 1850 125 41 cors,
2183 1848 162 49 quatre

320 1897 296 48 trompettes,
640 1890 120 43 trois
779 1892 280 45 trombones
1083 1903 47 34 et
1146 1907 67 31 un
1231 1896 132 43 tuba.
1396 1898 107 42 Une
1529 1897 201 57 pareille
1745 1898 381 58 agglomération
2141 1901 58 44 de
2215 1912 130 35 vents

323 1950 132 56 exige
471 1966 94 29 une
589 1954 195 42 notable
810 1957 362 56 augmentation
1197 1959 83 44 des
1301 1961 189 54 cordes,
1513 1976 52 29 ce
1614 1962 82 57 qui
1722 1962 229 46 mobilise
1997 1978 64 30 un
2103 1966 239 44 orchestre

321 2014 56 43 de
398 2025 106 32 cent
528 2015 130 59 vingt
680 2018 257 44 musiciens
964 2029 46 35 et
1026 2022 118 43 rend
1170 2037 94 29 une
1284 2024 200 57 pareille
1511 2039 167 32 œuvre
1711 2027 338 45 inexécutable
2089 2044 85 44 par
2202 2030 112 44 beau-

320 2090 125 43 coup
464 2077 365 47 d'associations
856 2083 57 43 de
936 2094 222 34 concerts
1185 2099 59 31 ne
1270 2089 266 55 possédant
1555 2104 86 43 pas
1664 2091 85 44 des
1771 2105 280 31 ressources
2075 2093 266 45 indéfinies.

379 2141 103 43 Une
509 2152 166 33 courte
701 2142 330 47 introduction
1059 2157 97 35 sert
1180 2151 58 42 de
1271 2151 193 59 lexique
1510 2164 46 34 et
1581 2169 182 43 expose
1810 2156 70 45 les
1924 2156 71 45 six
2041 2156 180 46 thèmes
2266 2173 77 29 sur

319 2203 207 56 lesquels
553 2204 12 42 1
586 2218 161 31 œuvre
771 2216 107 35 tout
903 2208 180 46 entière
1106 2221 71 34 est
1199 2213 142 46 bâtie.
1378 2216 142 44 Trois
1543 2218 187 45 thèmes
1774 2229 112 34 sont
1912 2221 198 43 dévolus
2135 2235 58 29 au
2233 2221 108 57 père

318 2274 44 35 et
388 2267 326 56 représentent
739 2284 88 30 son
850 2272 207 54 activité,
1081 2288 90 31 son
1197 2276 307 61 intelligence
1532 2292 47 34 et
1604 2297 90 29 son
1717 2283 381 46 enthousiasme.
2135 2287 64 42 Le
2235 2300 80 43 pre-

318 2328 117 44 mier
466 2339 45 33 et
531 2330 41 43 le
598 2333 244 45 troisième
871 2338 295 56 remplacent
1191 2340 45 44 la
1268 2340 128 60 ligne
1416 2345 280 60 mélodique
1722 2362 88 43 par
1851 2363 66 29 un
1947 2349 179 43 certain
2150 2363 159 31 mouve-

315 2403 130 33 ment
466 2395 282 57 rythmique,
776 2399 120 43 mais
915 2400 43 43 le
978 2404 183 43 second
1184 2418 57 30 ne
1254 2406 163 46 donne
1447 2411 178 55 qu'une
1644 2410 152 59 piètre
1811 2411 107 45 idée
1938 2414 59 42 de
2011 2413 330 58 l'intelligence

316 2456 61 42 du
401 2456 111 57 père
539 2460 57 42 de
626 2460 197 45 famille.
854 2465 68 42 La
943 2465 174 46 femme
1142 2470 75 42 n'a
1244 2470 127 46 droit
1405 2475 109 56 qu'à
1562 2476 127 43 deux
1729 2476 208 57 thèmes,
1986 2478 119 44 dont
2129 2478 43 43 la
2215 2478 126 44 seule

314 2518 300 59 désignation
653 2523 99 45 fera
779 2526 175 46 bondir
995 2530 67 43 les
1105 2531 268 48 féministes
1412 2537 276 60 intégrales.
1722 2541 65 43 Le
1821 2541 191 58 caprice
2046 2551 46 34 et
2133 2542 40 43 le
2205 2541 114 44 senti-

314 2592 128 33 ment
470 2594 108 33 sont
610 2589 308 45 caractérisés
943 2606 85 43 par
1045 2594 84 44 des
1155 2596 185 45 thèmes
1359 2613 135 31 assez
1517 2603 323 59 compliqués,
1862 2606 25 42 à
1912 2605 184 44 l'instar
2117 2606 223 56 peut-être

315 2646 59 42 de
398 2646 14 41 1
432 2649 102 42 âme
556 2650 58 42 de
639 2650 44 43 la
715 2652 194 49 femme.
945 2657 161 53 Quant
1127 2660 24 42 à
1176 2660 215 58 l'enfant,
1414 2679 67 30 un
1522 2668 105 43 seul
1665 2668 178 56 thème,
1884 2685 113 29 sans
2045 2668 295 58 désignation

362 2721 186 32 aucune
581 2723 143 45 sorte,
747 2728 123 31 nous
896 2718 133 55 peint
1050 2720 111 46 bien
1188 2738 86 43 par
1293 2740 52 30 sa
1369 2729 170 44 nullité
1566 2732 139 44 l'âme
1731 2734 59 42 de
1811 2733 220 52 l'enfant,
2060 2733 95 44 cire
2187 2732 151 58 vierge

311 2780 131 47 prete
469 2787 24 28 a
508 2784 156 35 toutes
683 2777 66 45 les
776 2781 288 56 empreintes
1090 2787 87 44 età
1202 2799 157 37 toutes
1382 2791 67 45 les
1491 2795 370 47 déformations.
1891 2799 66 44 M.
1986 2798 88 44 Ch.
2102 2798 238 43 Malherbe

311 2846 27 29 a
360 2843 167 36 trouve
554 2838 136 54 (dans
715 2841 42 43 le
785 2851 319 52 programme)
1132 2865 95 30 une
1268 2855 123 44 série
1438 2857 58 43 de
1531 2860 207 57 qualités
1765 2870 46 34 et
1856 2861 312 45 d'intentions
2196 2861 25 43 à
2263 2872 75 31 ces

346 2911 120 30 îvers
489 2903 202 55 thèmes,
737 2919 52 30 ce
833 2908 82 56 qui
960 2911 84 44 fait
1083 2913 225 48 honneur
1332 2919 26 44 à
1406 2935 52 29 sa
1481 2923 337 57 perspicacité,
1848 2926 119 43 mais
1990 2927 42 56 je
2059 2926 99 44 suis
2185 2923 152 59 obligé

360 2974 175 32 avouer
559 2979 91 41 que
677 2982 111 30 sans
807 2984 89 31 son
923 2974 105 45 aide
1053 2977 44 57 je
1122 2992 59 30 ne
1208 2996 75 30 me
1306 2983 132 46 fusse
1461 2987 271 46 nullement
1758 3003 178 45 aperçu
1957 3005 92 43 que
2069 2991 41 55 je
2136 2998 175 35 contem-

310 3036 28 42 p
365 3038 85 39 aïs,
485 3040 57 29 en
577 3030 68 42 les
694 3035 279 58 entendant,
1000 3053 94 32 une
1120 3043 262 48 collection
1409 3049 57 44 de
1509 3053 230 53 portraits
1788 3054 60 45 de
1891 3053 200 46 famille.
2116 3052 221 44 Hernani

313 3099 57 29 en
395 3101 219 45 musique
633 3093 9 42 !

729 3163 145 74 ntro^
874 3175 80 33 uct
959 3180 11 28 '
977 3181 62 29 on
1063 3184 50 29 se
1138 3180 172 38 trouve
1334 3190 96 30 une
1457 3179 241 45 intention
1726 3182 230 59 comique
1980 3182 83 59 qui
2089 3198 26 29 a
2136 3181 176 59 dûplon-

306 3226 49 81 ivr
532 3278 40 29 M
755 3238 22 28 e
819 3227 115 46 t^re
956 3231 120 45 dans
1109 3248 66 30 un
1204 3241 427 47 attendrissement
1659 3247 466 57 prudhommesque.
2172 3247 51 43 Je
2252 3245 86 44 cite

462 3293 25 28 3
546 3294 49 61 6,r
725 3303 22 27 (<
899 3306 66 30 Un
993 3294 40 43 fr
1036 3309 26 30 a
1064 3311 28 42 S
1099 3309 131 35 ment
1256 3303 64 42 du
1346 3306 211 54 premier
1585 3308 163 45 thème
1795 3311 238 57 paternel,
2077 3311 67 43 les
2190 3318 147 35 tantes

308 3354 128 79 ml!-.»
440 3355 24 29 0
466 3356 26 77 ?
498 3358 136 31 115665
686 3414 9 5 -
696 3364 65 30 lre
1462 3370 37 45 ë
1503 3370 59 31 an
1571 3374 23 43 \
1777 3363 86 42 der
2003 3365 135 57 Papa
2319 3367 15 41 !
1346 3383 23 27 »
1395 3370 124 55 (tout
1546 3372 25 42 à
1591 3372 84 44 fait
1697 3373 43 44 le
1767 3384 162 49 papa),
1959 3384 44 35 et
2030 3389 81 30 sur
2130 3389 65 28 un
2219 3374 95 56 frag-

306 3463 42 34 fa
374 3474 14 7 .
418 3414 18 66 !
544 3422 207 41 premier
774 3416 161 47 theme
953 3426 233 43 maternel
1212 3429 70 43 les
1330 3433 168 43 oncles
1525 3450 9 27 :
1566 3449 24 28 «
1618 3450 97 45 gan
1721 3452 24 44 f
1764 3438 79 44 die
1865 3440 171 42 Marna
2060 3439 17 43 !
2108 3453 25 29 »
2173 3438 120 57 (tout
2314 3436 22 42 à

414 3529 9 6 •
479 3532 8 7 •
539 3485 73 29 am
606 3535 8 7 .
620 3487 57 29 an
680 3476 15 54 )
715 3491 41 29 *•
781 3480 36 72 Ç
838 3495 49 29 es
893 3492 16 33 t
931 3486 243 60 comique,
1200 3492 116 43 c'est
1348 3497 251 56 touchant,
1646 3501 121 45 mais
1792 3511 107 36 tout
1920 3504 103 43 seul
2049 3504 42 56 je
2135 3516 57 30 ne
2218 3502 118 42 m'en

310 3591 15 33 I
657 3601 26 23 1»
702 3554 26 28 °
736 3556 29 28 U
756 3605 19 19 f
770 3552 43 34 te
1609 3551 195 61 scherzo
1170 3565 71 33 est
1268 3557 43 43 la
1336 3561 151 54 partie
1506 3562 44 43 le
1576 3563 165 45 mieux
1765 3567 187 43 réussie
1979 3570 58 42 de
2080 3568 254 55 l'ouvrage.

446 3657 11 17 1
736 3660 8 14 ,
747 3610 23 28 e
584 3662 19 28 f
611 3613 23 29 e
690 3617 58 29 en
774 3619 25 28 a
837 3617 17 33 t
887 3623 20 28 s
1558 3626 28 40 y
990 3613 269 62 développe
1280 3634 116 31 avec
1412 3624 191 46 science
1630 3637 45 34 et
1703 3628 361 47 bouffonnerie.
2087 3633 90 42 Les
2197 3628 136 45 mélo-

305 3716 55 20 J.
443 3720 11 7 •
605 3676 152 33 emme
826 3683 260 37 entourent
1124 3694 188 33 comme
1351 3701 97 29 une
1495 3689 131 45 mère
1674 3706 90 29 son
1810 3694 143 57 baby.
1994 3695 103 44 Elle
2136 3689 197 48 l'envoie

305 3779 55 37 de
1005 3753 153 33 sonne
1186 3755 106 48 sept
1315 3748 193 47 heures.
1536 3753 122 45 Sans
1693 3755 141 46 effort
1868 3758 47 43 ni
1966 3768 365 47 extravagances

301 3844 206 38 ouérilfxî
535 3850 40 32 rii
582 3803 49 59 63-
636 3825 11 17 '
706 3807 27 28 °
741 3808 30 28 r<
781 3859 24 23 u
826 3862 7 10 ,
827 3808 123 36 estre
978 3812 17 33 t
1000 3817 26 55 ?
1031 3814 52 33 ut
1103 3817 78 33 ent
1188 3808 11 42 i
1205 3824 51 28 er
1264 3847 7 15 »
1293 3811 278 50 l'orchestre
1594 3833 27 29 a
1646 3820 174 44 chanté
1845 3822 70 44 les
1933 3824 111 57 jeux
2059 3833 46 34 et
2129 3824 66 42 les
2216 3820 115 58 joies

304 3914 89 32 aux
419 3906 173 42 basson
603 3867 85 81 Jtt
689 3869 71 30 ine
782 3873 81 28 aer
864 3924 6 9 ,
868 3876 52 29 os
927 3897 10 18 '
969 3866 234 57 Siegfried
1230 3886 58 29 en
1311 3875 148 47 herbe
1486 3881 84 54 qui
1595 3881 173 47 folâtre
1787 3886 65 43 du
1875 3887 223 43 hautbois
2121 3887 211 43 d'amour

716 3932 92 30 aux
832 3937 25 28 a
882 3934 87 36 tos.
1001 3928 35 42 L
1056 3932 174 59 adagio
1252 3947 88 47 est,
1368 3941 27 41 à
1416 3956 113 30 mon
1556 3957 127 45 sens,
1717 3948 47 43 la
1793 3949 154 58 partie
1972 3951 46 44 la
2040 3951 108 58 plus
2192 3946 137 47 faible
