2339 4153
701 223 58 31 LE
796 219 241 32 MERCURE
1074 217 221 32 MUSICAL
1432 204 256 56 15-VIII-06

276 260 0 0 112

186 428 230 50 homme
452 420 96 70 qui
581 434 235 52 marque
849 416 245 69 quelque
1148 415 204 52 intérêt
1371 429 148 53 pour
1549 414 150 51 leurs
1727 430 173 52 appas
1956 413 68 67 (je
2048 430 146 35 veux

185 501 186 70 parler
395 501 96 50 des
514 496 118 52 bals
672 491 322 70 mondains)
1020 492 118 51 ?La
1169 492 172 51 danse
1368 490 142 51 n'est
1538 490 144 51 donc
1716 489 120 52 rien
1867 505 144 53 pour
2046 506 147 35 nous

188 579 172 68 qu'un
416 586 83 40 art
548 572 367 69 d'agrément,
945 585 221 36 comme
1195 569 52 50 la
1279 566 393 53 conversation
1704 567 66 51 de
1812 566 188 51 salons
2042 583 71 33 ou
2141 566 49 51 la

185 651 264 69 musique
487 650 341 51 d'amateurs
847 647 19 51 ?
898 646 308 53 Comment
1258 644 215 52 n'avoir
1531 661 101 51 pas
1663 642 251 70 compris
1940 642 51 51 la
2033 641 157 66 leçon

185 730 221 51 donnée
462 743 100 53 par
593 743 89 34 ces
711 724 202 69 petites
950 724 138 50 filles
1136 722 265 69 chargées
1434 721 123 51 d'or
1604 736 219 35 comme
1856 720 98 51 des
1987 717 176 54 divini-

185 810 103 61 tés,
311 816 52 38 et
405 802 44 52 si
484 819 214 52 graves,
738 800 45 52 si
816 799 298 53 attentives
1161 802 30 49 à
1237 796 249 53 traduire
1531 812 112 37 une
1674 799 204 66 pensée
1905 811 71 35 en
2009 806 183 56 gestes

185 880 393 61 harmonieux,
614 879 45 50 si
703 877 445 69 complètement
1196 875 300 52 absorbées
1543 890 101 52 par
1690 873 123 51 leur
1854 872 105 52 rite
2001 873 151 50 sacré
2174 873 20 50 ?

186 960 107 51 Les
327 957 253 69 rythmes
612 956 74 51 du
711 970 164 52 corps
895 965 130 39 sont
1067 951 433 70 probablement
1530 967 59 33 ce
1637 948 136 70 qu'il
1806 966 37 52 y
1868 967 30 33 a
1934 965 69 34 en
2047 965 146 34 nous

186 1036 64 52 de
285 1033 126 70 plus
470 1031 438 71 profondément
961 1027 294 71 expressif,
1293 1028 66 51 de
1416 1027 128 69 plus
1572 1026 263 70 puissant
1886 1039 53 39 et
1964 1025 68 50 de
2065 1025 127 68 plus

184 1110 226 70 capable
461 1107 287 55 d'absolue
809 1107 221 51 beauté.
1098 1106 87 52 Ne
1238 1103 203 54 vaut-il
1477 1121 98 52 pas
1602 1103 51 51 la
1684 1101 165 71 peine
1898 1102 130 51 d'en
2053 1100 140 53 tirer

186 1200 155 40 autre
369 1185 167 52 chose
570 1201 108 53 que
738 1185 96 49 des
866 1182 274 52 cabrioles
1168 1182 121 50 ?Le
1323 1180 83 52 roi
1442 1178 304 59 Sisowath,
1793 1178 215 70 malgré
2037 1191 156 38 toute

186 1282 59 35 sa
277 1261 323 62 courtoisie,
631 1277 154 35 cessa
837 1260 219 50 bientôt
1088 1257 362 71 d'applaudir
1475 1274 88 34 ces
1599 1256 127 67 jeux
1765 1254 314 70 inélégants
2141 1267 52 40 et

185 1337 484 55 conventionnels.
703 1337 270 67 J'espère,
1025 1351 144 53 pour
1211 1333 303 52 l'honneur
1539 1333 66 51 de
1639 1346 164 38 notre
1826 1350 159 52 pays,
2020 1332 173 69 qu'on

185 1416 80 53 lui
299 1432 134 36 aura
479 1413 190 71 appris
702 1417 29 47 à
764 1428 69 36 ne
858 1430 99 52 pas
1012 1409 309 54 confondre
1347 1411 48 50 le
1437 1412 136 66 goût
1608 1408 66 51 de
1708 1407 231 70 l'Opéra
1972 1425 130 34 avec
2144 1407 48 51 le

186 1496 136 66 goût
346 1491 260 68 français.

258 1571 74 50 Et
386 1571 51 49 la
476 1567 263 68 musique
766 1567 20 51 ?
819 1582 89 36 me
961 1564 299 54 dira-t-on.
1319 1561 297 71 Pourquoi
1660 1580 68 33 ne
1770 1578 99 52 pas
1931 1578 70 33 en
2057 1561 139 52 citer

186 1647 308 68 davantage
518 1646 18 49 ?
570 1644 65 51 Je
682 1643 48 52 le
777 1642 168 52 ferais
979 1642 132 51 bien
1152 1638 334 65 volontiers,
1522 1638 46 51 si
1605 1637 48 68 je
1702 1637 283 70 disposais
2030 1635 163 54 d'une

188 1722 275 53 notation.
485 1722 146 51 Mais
653 1721 78 50 les
758 1718 424 70 Cambodgiens
1208 1719 130 49 n'en
1364 1728 99 40 ont
1491 1733 119 52 pas,
1629 1728 53 38 et
1709 1715 52 51 la
1779 1719 163 47 nôtre
1971 1731 68 34 ne
2067 1731 97 34 sau-

189 1799 107 52 rait
313 1797 285 54 convenir.
631 1795 105 54 J'ai
763 1815 97 50 pu,
915 1801 162 63 grâce
1121 1811 107 34 aux
1266 1792 269 70 procédés
1571 1790 265 70 spéciaux
1879 1792 68 50 de
1972 1790 80 51 M.
2084 1792 73 49 Du-

189 1874 145 54 treih
360 1887 52 39 et
446 1878 29 47 à
536 1873 283 52 l'habileté
852 1873 67 49 de
980 1888 87 33 ses
1129 1873 353 66 opérateurs,
1526 1867 136 52 faire
1696 1867 133 69 cinq
1860 1867 334 52 excellentes

189 1952 343 70 empreintes
561 1967 12 42 ;
608 1949 50 66 je
687 1950 75 50 les
796 1948 187 52 étudie
1016 1964 70 33 en
1112 1963 59 34 ce
1214 1957 277 53 moment,
1530 1957 53 39 et
1611 1944 37 51 il
1684 1962 89 34 me
1825 1943 212 52 semble
2071 1942 123 67 déjà

186 2028 353 52 reconnaître
576 2043 74 36 an
680 2024 101 52 fait
810 2027 112 49 très
948 2024 315 69 important
1291 2036 10 36 :
1332 2023 132 49 c'est
1487 2038 108 51 que
1636 2020 80 52 les
1749 2020 218 52 thèmes
1994 2034 166 55 appar-

188 2104 255 53 tiennent
466 2119 242 54 presque
730 2114 130 38 tous
879 2104 28 47 à
931 2100 50 51 la
1003 2116 222 53 gamme
1252 2096 251 53 chinoise
1547 2098 67 51 de
1641 2096 130 69 cinq
1798 2109 183 52 notes,
2009 2094 154 53 défor-

189 2187 122 47 mée
339 2187 29 45 à
406 2182 51 49 la
489 2178 445 68 cambodgienne
965 2194 11 43 ;
1002 2174 339 53 c'est-à-dire
1376 2192 107 49 que
1507 2190 101 51 par
1653 2174 275 69 exemple,
1968 2174 142 51 dans
2142 2171 52 52 la

190 2273 222 53 gamme
432 2256 73 51 du
880 2253 265 68 Roneat-Thoung
1146 2253 131 50 citée
1278 2251 84 69 plus
1363 2250 154 65 haut,
1547 2267 75 33 on
1648 2249 304 70 n'emploie
1980 2248 58 52 ni
2065 2249 48 49 le

190 2333 151 53 dièse
371 2333 58 50 ni
456 2331 48 52 le
876 2331 76 52 ré.
628 2330 146 52 Mais
801 2347 89 34 ces
917 2342 161 39 notes
1115 2326 387 71 apparaissent
1525 2328 140 49 dans
1699 2326 77 51 les
1809 2325 310 52 variations
2141 2336 55 40 et

192 2409 172 65 aussi,
393 2411 113 49 àce
541 2406 134 70 qu'il
727 2423 89 34 me
861 2404 235 63 semble,
1147 2405 139 51 dans
1327 2404 77 51 les
1450 2401 210 70 parties
1694 2403 364 50 secondaires
2083 2419 12 37 :
2127 2403 67 50 de

189 2491 184 47 même
397 2485 80 51 les
504 2483 229 53 anciens
768 2481 173 55 Grecs
969 2480 402 71 employaient,
1408 2480 140 51 dans
1590 2477 602 72 l'accompagnement,

189 2564 96 51 des
305 2574 163 39 notes
495 2578 108 52 que
631 2560 51 51 la
707 2557 266 67 mélodie,
997 2559 66 51 de
1082 2557 178 53 forme
1280 2556 326 69 archaïque,
1636 2571 68 35 ne
1733 2555 231 70 pouvait
1990 2573 57 33 se
2069 2571 94 54 per-

188 2653 222 39 mettre.
451 2637 44 53 Il
523 2650 85 38 est
633 2637 147 51 donc
814 2634 110 53 fort
945 2634 249 71 possible
1228 2651 109 51 que
1361 2634 51 50 la
1445 2631 268 70 musique
1741 2631 453 70 cambodgienne

192 2717 107 51 soit
354 2715 170 52 sortie
559 2726 124 41 tout
734 2714 211 50 entière
979 2714 66 50 de
1077 2712 49 52 la
1152 2711 268 69 musique
1469 2709 276 64 chinoise,
1776 2710 98 68 qui
1901 2709 79 53 lui
2014 2707 180 55 aurait

189 2791 189 55 fourni
395 2792 48 51 le
477 2791 131 70 plus
632 2791 178 69 grand
837 2790 237 51 nombre
1102 2789 67 52 de
1197 2806 88 33 ses
1309 2787 174 68 sujets
1510 2804 11 37 :
1548 2786 79 51 les
1663 2785 195 65 Grecs,
1887 2804 105 34 eux
2019 2784 171 64 aussi,

189 2883 99 39 ont
315 2874 235 64 arrangé
592 2880 53 39 et
677 2866 152 53 varié
853 2867 252 68 pendant
1152 2866 96 51 des
1285 2864 194 52 siècles
1520 2862 80 51 les
1627 2862 113 52 airs
1771 2865 68 51 de
1863 2861 333 70 l'Asiatique

189 2946 302 69 Olympos.
520 2945 98 53 Un
653 2956 86 40 art
760 2942 280 71 d'origine
1087 2945 291 66 étrangère
1406 2951 134 59 peut
1576 2940 235 52 devenir
1845 2956 80 37 un
1966 2951 87 40 art
2080 2941 116 48 très

189 3035 212 53 savant,
430 3022 111 51 très
575 3020 305 71 personnel
914 3031 53 40 et
992 3020 115 51 très
1131 3016 272 55 national.
1449 3017 65 51 Je
1540 3015 153 53 crois
1719 3034 107 52 que
1851 3017 51 51 la
1929 3015 265 68 musique

193 3096 471 71 cambodgienne,
702 3112 221 37 comme
956 3096 51 51 la
1037 3095 266 70 musique
1342 3110 267 56 grecque,
1679 3106 84 38 est
1796 3093 49 51 la
1878 3109 208 53 preuve
2127 3091 69 51 de

190 3187 141 40 cette
388 3175 193 53 vérité.

1504 3314 169 52 Louis
1707 3314 202 52 Laloy.
