2339 4153
721 160 58 29 LE
817 153 239 35 MERCURE
1090 152 222 32 MUSICAL
1449 138 264 54 15-VIII-06

225 165 79 43 154

217 376 117 29 ceau
358 360 55 41 de
437 368 238 32 concours
700 354 46 42 la
1340 352 305 58 Marguerite
1994 362 60 30 au
2164 362 74 30 rou
1346 348 112 43 de...
1489 345 236 45 Schubert
1748 344 7 42 !
1786 344 284 53 Indication,
2094 341 134 58 signe

217 425 84 41 des
337 432 169 43 temps,
633 430 51 28 ce
723 414 142 44 choix
889 412 198 58 suggère
1112 425 85 43 par
1218 410 243 43 lui-même
1500 421 95 31 une
1639 406 245 45 évolution
1903 423 9 26 :
1946 406 114 42 c'est
2082 404 126 43 l'inti-

219 485 111 44 mité
357 485 64 42 du
449 481 91 43 lied
563 480 81 56 qui
664 479 197 43 détrône
888 476 398 43 insensiblement
1329 473 43 44 la
1392 472 225 43 hautaine
1644 470 290 44 convention
1966 471 57 42 de
2050 468 140 44 Varia
2214 482 16 37 ;

217 548 115 42 c'est
352 546 14 40 l
371 543 272 43 'intimisme
680 541 81 57 qui
802 539 194 56 pénètre
1021 546 210 48 partout,
1277 551 58 28 au
1362 533 365 45 Conservatoire
1768 545 184 30 comme
1979 532 25 42 à
2035 532 44 41 la
2106 529 127 44 Villa

219 607 221 52 Médicis,
465 621 90 28 aux
578 617 236 30 concours
841 604 57 41 de
925 604 166 51 Rome,
1118 600 296 44 combattant
1435 607 195 48 partout
1642 597 68 43 les
1722 595 230 44 formules
1979 593 180 43 d'école
2186 600 47 36 et

217 672 68 41 les
310 668 189 58 poncifs
526 668 217 54 d'opéra!
765 666 67 42 Ce
858 664 82 43 fait
958 663 156 44 devait
1134 677 49 29 se
1199 660 230 59 produire
1444 674 115 29 sous
1571 660 45 42 la
1641 659 233 43 direction
1890 659 57 41 de
1974 658 63 40 M.
2061 656 169 51 Fauré,

216 733 262 44 l'intimiste
503 730 191 43 ennemi
719 730 83 42 des
826 729 170 56 grands
1024 726 168 43 fracas.
1223 727 57 41 Et
1301 726 44 41 la
1371 722 382 45 démonstration
1776 719 456 58 n'appartenait-elle

216 796 137 57 point
390 796 56 42 de
483 793 126 42 droit
634 793 25 42 à
697 792 45 42 la
784 792 108 56 plus
939 788 341 45 intellectuelle
1330 788 81 42 des
1458 793 363 46 concurrentes,
1860 785 116 42 dont
2017 783 46 42 la
2091 782 139 56 triple

216 857 198 46 victoire
437 866 70 34 est
531 856 45 42 la
621 853 198 45 victoire
846 853 154 42 même
1028 853 63 41 du
1114 851 168 44 travail
1306 851 18 42 ?
1350 851 65 42 Ce
1443 848 112 52 soir,
1579 847 206 56 puisque
1829 847 178 42 l'heure
2032 853 71 34 est
2141 858 92 28 aux

219 919 265 52 souvenirs,
508 919 32 41 il
568 931 121 29 nous
710 917 118 56 plaît
874 917 259 53 d'évoquer
1166 914 46 42 la
1255 913 218 42 modeste
1519 919 316 35 concurrente
1862 909 80 43 d'il
1983 923 30 41 y
2039 922 25 28 a
2110 909 124 41 deux

217 998 86 28 ans
336 984 116 41 dans
489 981 68 42 les
596 980 193 43 Saisons
823 979 57 43 de
915 978 175 53 Massé,
1142 976 44 44 la
1225 989 247 43 promesse
1512 984 142 33 tenue
1675 987 84 41 par
1776 985 95 29 une
1896 971 116 43 frêle
2067 979 166 34 nature

216 1046 269 45 volontaire
524 1054 44 33 et
590 1044 43 42 la
649 1042 146 45 vérité
823 1042 64 42 du
930 1041 189 56 sanglot
1139 1041 141 42 d'une
1305 1037 95 44 très
1424 1037 145 57 petite
1611 1037 196 42 Simone
1842 1042 265 49 apprenant
2143 1046 90 43 que

221 1108 160 44 Pierre
416 1116 71 34 est
522 1107 43 42 le
591 1105 152 43 fiancé
781 1106 140 41 d'une
968 1112 185 33 autre...
1207 1103 59 41 Et
1287 1102 45 42 la
1358 1101 108 43 voix
1489 1101 57 42 de
1575 1100 99 41 Mi'e
1701 1100 216 49 Lamare,
1943 1107 141 32 avant
2110 1096 105 42 l'ins-

217 1172 206 55 piration
470 1171 57 42 de
563 1169 107 41 Mme
696 1167 146 43 Lucie
871 1164 477 51 Delarue-Mardrus,
1393 1162 221 44 semblait
1645 1174 122 30 nous
1809 1161 100 41 dire
1964 1173 90 42 que
2074 1167 158 34 toutes

217 1235 69 42 les
309 1234 201 42 femmes
536 1241 109 34 sont
666 1230 113 44 nées
805 1243 111 29 avec
936 1229 42 42 le
1006 1242 135 29 cœur
1176 1241 127 43 gros.

1517 1309 237 41 RAYMOND
1785 1308 222 42 BOUYER.

277 1428 135 42 P.-S.
515 1427 134 41 Nous
676 1437 273 44 apprenons
990 1436 111 29 avec
1147 1421 166 57 plaisir
1357 1434 91 41 que
1479 1420 95 42 Mlle
1597 1418 191 42 Andrée
1829 1418 172 51 Tasso,
2025 1416 210 43 lauréate

220 1491 83 43 des
339 1488 282 57 précédents
648 1501 253 37 concours,
934 1495 71 34 est
1032 1484 208 58 engagée
1259 1498 60 28 au
1354 1482 390 44 Grand-Théâtre
1785 1481 57 41 de
1889 1481 153 55 Lyon.
2068 1481 167 40 Bonne

221 1554 178 42 chance
426 1553 25 41 à
483 1552 43 42 la
550 1550 187 45 vivante
757 1550 179 42 Manon
964 1549 57 42 de
1053 1549 111 56 1905
1197 1548 8 41 !

282 1619 73 39 Un
390 1614 128 43 deuil
546 1632 9 26 :
600 1614 43 42 la
675 1622 120 33 mort
827 1611 136 58 quasi
988 1611 155 42 subite
1170 1610 57 43 de
1256 1608 256 57 Luigini...
1543 1606 247 56 Quelques
1815 1605 122 57 joies
1960 1618 11 30 :
2017 1605 70 43 les
2106 1604 131 43 croix

220 1680 57 41 de
320 1677 285 50 Delaborde,
633 1676 57 42 de
718 1676 104 42 Mme
850 1677 123 40 Rose
1007 1675 176 49 Caron,
1209 1674 57 42 de
1296 1671 119 43 Paul
1439 1670 182 54 Dukas,
1660 1670 261 42 d'Armand
1947 1670 192 42 Parent.
2171 1669 67 40 La

221 1740 169 57 justice
435 1741 120 42 n'est
576 1754 83 42 pas
686 1740 217 54 toujours
932 1737 197 42 absente
1157 1738 64 41 du
1246 1747 229 45 royaume
1517 1733 56 43 de
1599 1732 118 47 l'art.

1886 1808 55 42 R.
1987 1807 53 42 B.

422 2145 136 48 LES
595 2143 398 50 CONCOURS
1028 2143 113 47 DU
1171 2141 615 51 CONSERVATOIRE

279 2288 76 42 On
378 2295 220 34 trouvera
624 2298 65 29 un
715 2298 92 42 peu
833 2285 107 55 plus
978 2283 100 42 loin
1105 2283 41 41 le
1173 2282 199 42 résultat
1404 2283 210 55 complet
1663 2283 56 42 de
1746 2295 78 29 ces
1851 2295 199 30 courses
2090 2284 58 41 de
2173 2283 65 42 fin

223 2350 197 42 d'année
447 2348 99 56 qui,
593 2347 176 56 malgré
816 2348 239 41 l'absence
1082 2347 63 40 du
1165 2344 101 56 pari
1308 2345 181 42 mutuel
1516 2354 44 33 et
1586 2346 56 42 de
1678 2359 73 29 ses
1786 2345 157 43 saines
1980 2345 257 52 émotions,

222 2414 107 41 n'en
356 2421 109 33 sont
480 2425 84 41 pas
590 2410 159 42 moins
776 2410 174 43 suivies
979 2423 84 41 par
1088 2421 94 29 une
1209 2407 129 43 foule
1364 2409 194 42 ardente
1585 2417 45 33 et
1649 2408 289 56 passionnée
1960 2417 164 34 autant
2148 2423 91 42 que

223 2475 225 42 bariolée.
473 2474 76 42 On
590 2474 240 42 s'écrasait
856 2487 59 27 au
949 2470 387 51 Conservatoire,
1369 2484 63 28 on
1459 2471 199 43 s'écrase
1685 2485 174 29 encore
1886 2472 117 42 dans
2030 2472 68 42 les
2124 2486 86 28 cou-

220 2538 114 42 loirs
362 2538 56 42 de
462 2536 455 55 rOpéra-Gomique
946 2549 8 30 :
1003 2533 273 44 camarades
1310 2542 45 33 et
1395 2533 204 43 lauréats
1644 2535 56 42 de
1733 2535 91 42 l'an
1867 2536 158 54 passé,
2067 2535 171 52 mères,

222 2601 164 52 frères,
412 2599 176 42 fiancés
609 2607 45 33 et
679 2607 155 33 autres
859 2606 192 47 parents
1093 2598 55 40 de
1174 2605 155 33 toutes
1355 2597 185 53 modes,
1566 2596 190 56 princes
1783 2598 299 42 somnolents
2109 2598 57 41 de
2195 2598 45 41 la

223 2664 200 54 critique
466 2672 47 32 et
554 2670 239 46 reporters
833 2662 25 41 à
891 2662 44 40 la
966 2659 202 44 vivacité
1214 2658 416 56 professionnelle,
1679 2673 116 43 gens
1839 2661 62 41 du
1947 2660 290 42 Tout-Paris

221 2740 148 30 venus
414 2725 168 41 bâiller
609 2725 24 40 à
675 2737 92 28 une
795 2724 169 42 séance
991 2723 161 49 d'alto,
1173 2721 293 44 violoncelle
1494 2732 46 32 et
1569 2723 329 52 contrebasse,
1925 2723 315 56 uniquement

223 2803 140 42 parce
383 2789 144 54 qu'on
545 2801 58 27 ne
622 2786 156 43 refuse
798 2786 169 56 jamais
981 2800 65 27 un
1062 2785 131 42 billet
1208 2786 55 40 de
1279 2785 178 55 faveur,
1472 2785 344 42 boutonnières
1828 2785 207 55 fleuries,
2048 2786 190 43 velours

223 2853 154 54 râpés,
423 2850 186 55 visages
649 2850 156 42 fardés
854 2864 63 27 ou
964 2862 231 42 rugueux,
1225 2847 221 43 coiffures
1474 2849 56 41 de
1557 2848 273 43 midinettes
1879 2863 62 27 ou
1975 2848 263 53 d'actrices,

223 2924 105 33 tout
353 2927 49 28 se
433 2926 181 42 presse,
652 2912 289 54 s'interpelle
973 2921 44 33 et
1051 2911 330 42 s'entrecroise
1427 2913 117 40 dans
1586 2925 94 28 une
1721 2925 193 28 rumeur
1959 2911 199 43 confuse
2197 2920 43 34 et

226 2978 247 50 fiévreuse,
499 2989 124 41 pour
649 2989 48 28 se
725 2989 106 28 ruer
858 2975 184 42 bientôt
1082 2983 44 33 et
1152 2974 252 41 s'entasser
1426 2975 119 41 dans
1572 2974 43 41 la
1642 2974 131 52 salle,
1798 2989 58 27 au
1882 2975 125 55 grêle
2031 2989 124 41 coup
2183 2975 56 42 de

226 3048 219 35 sonnette
467 3036 324 57 présidentiel.
821 3037 167 42 Public
1017 3036 325 52 bienveillant,
1369 3050 58 28 en
1454 3051 199 36 somme,
1679 3046 43 33 et
1749 3036 79 56 qui
1851 3051 57 28 ne
1927 3037 143 42 laisse
2098 3036 140 56 guère

226 3102 139 43 sortir
381 3115 66 27 un
473 3100 224 42 candidat
723 3114 108 28 sans
859 3114 91 40 que
968 3113 72 29 ses
1066 3099 117 41 amis
1209 3113 63 27 ou
1292 3099 235 55 partisans
1554 3099 355 57 l'encouragent
1927 3100 57 41 de
2007 3100 232 54 quelques

226 3167 188 40 bravos.
447 3163 167 42 Public
633 3163 129 42 cruel
788 3163 144 52 aussi,
954 3163 24 41 à
998 3161 276 51 l'occasion,
1301 3171 44 32 et
1364 3163 116 40 dont
1502 3163 68 41 les
1593 3176 216 28 rumeurs
1829 3162 264 56 ironiques,
2118 3175 122 43 pour

224 3241 94 29 une
342 3226 158 42 fausse
527 3234 111 33 note
665 3240 62 27 ou
753 3240 65 27 un
844 3233 315 34 enrouement
1190 3225 282 53 accidentel,
1506 3235 207 45 peuvent
1745 3227 388 40 décontenancer
2158 3226 81 41 des

227 3290 260 42 musiciens
515 3288 165 56 dignes
728 3289 111 41 d'un
882 3288 217 42 meilleur
1142 3287 197 43 accueil.
1365 3289 135 40 Nous
1527 3302 58 27 en
1611 3288 160 42 eûmes
1806 3302 172 28 encore
2001 3288 44 41 la
2063 3301 175 41 preuve

226 3367 59 29 au
315 3365 235 29 concours
577 3351 57 42 de
678 3360 119 33 cette
842 3351 165 50 année,
1044 3352 61 39 où
1149 3350 92 42 l'on
1276 3350 65 43 vit
1379 3351 99 40 Mlle
1507 3352 300 55 Lapeyrette,
1846 3351 192 42 victime
2072 3351 57 41 de
2153 3364 85 28 son

224 3414 216 44 émotion
463 3423 45 33 et
531 3413 231 56 peut-être
798 3414 140 41 d'une
970 3412 340 57 indisposition
1345 3413 269 56 passagère,
1648 3427 231 42 manquer
1915 3414 25 41 à
1967 3413 43 41 la
2035 3413 91 41 fois
2153 3426 86 29 son

225 3478 105 57 prix
352 3478 57 42 de
437 3477 140 43 chant
604 3485 43 33 et
691 3490 86 28 son
821 3476 106 56 prix
951 3476 209 56 d'opéra,
1204 3476 42 41 le
1291 3476 102 42 seul
1419 3476 173 55 auquel
1617 3476 42 42 le
1691 3477 262 55 règlement
1980 3476 65 41 lui
2070 3476 171 55 permît

227 3540 243 56 d'aspirer,
497 3539 286 56 puisqu'elle
811 3539 123 43 avait
959 3553 58 28 eu
1044 3539 41 42 le
1117 3541 179 41 second
1319 3539 104 55 prix
1449 3553 59 27 en
1540 3540 127 55 1905.
1705 3540 66 41 Ce
1808 3549 108 32 sont
1940 3539 44 41 là
2007 3539 81 41 des
2116 3539 99 42 acci-

228 3604 136 42 dents
388 3601 326 56 regrettables,
743 3602 118 43 mais
890 3601 79 58 qui
1000 3616 57 28 ne
1099 3602 195 43 doivent
1317 3616 83 41 pas
1448 3601 116 43 faire
1590 3602 231 42 réclamer
1844 3602 45 42 la
1925 3601 312 56 suppression

228 3667 56 40 de
310 3667 45 40 la
377 3665 231 56 publicité
635 3665 82 42 des
758 3679 254 30 concours.
1063 3665 416 55 L'enseignement
1505 3666 62 41 du
1610 3664 384 50 Conservatoire,
2027 3664 64 42 tel
2128 3663 111 57 qu'il

229 3737 72 32 est
325 3742 155 39 conçu
506 3735 45 35 et
583 3728 158 42 donné
786 3728 168 55 depuis
988 3729 200 41 nombre
1228 3728 242 54 d'années,
1497 3741 58 29 ne
1597 3729 200 53 prétend
1835 3727 175 43 former
2035 3739 92 43 que
2157 3727 80 41 des
