2339 4153
750 225 58 30 LE
843 217 240 36 MERCURE
1117 214 216 33 MUSICAL
1468 199 257 56 15-VIII-06

259 235 81 31 122

251 435 320 64 cardinaux,
608 434 79 51 les
720 429 227 70 prélats,
981 426 271 54 viennent
1307 423 78 52 les
1441 420 112 53 rois
1608 432 53 39 et
1698 420 79 51 les
1818 418 247 71 princes,
2108 429 72 52 et,
2217 419 29 48 à

250 509 321 57 l'imitation
597 510 96 51 des
716 505 226 70 grands,
962 503 82 53 les
1077 500 326 62 chevaliers,
1431 498 79 50 les
1533 500 251 65 écuyers,
1810 495 80 52 les
1916 493 327 63 cordeliers,

250 590 77 51 les
368 585 269 70 jacobins.
682 584 270 51 L'auteur
992 579 142 52 n'est
1190 576 179 70 point,
1406 589 221 37 comme
1651 589 75 36 on
1743 571 70 54 l'a
1839 587 119 48 cru,
1995 585 77 36 un
2098 567 120 53 écri-

246 664 130 53 vain
409 679 106 37 aux
550 678 165 53 gages
741 660 67 51 de
852 655 265 71 Philippe
1172 654 48 52 le
1267 653 98 52 Bel
1421 651 140 52 dans
1596 667 59 34 sa
1688 650 142 52 lutte
1863 658 193 42 contre
2080 645 50 51 la
2156 661 59 51 pa-

250 741 168 68 pauté
453 758 10 34 :
500 738 38 52 il
562 754 144 34 nous
739 734 182 71 paraît
954 731 227 52 ailleurs
1224 730 215 51 dévoué
1468 743 107 35 aux
1608 722 235 54 intérêts
1897 724 66 49 de
2015 719 230 69 l'Eglise

253 830 52 38 et
326 818 128 50 n'en
480 814 240 70 critique
747 813 80 50 les
860 810 138 52 abus
1031 825 108 52 que
1172 823 146 53 pour
1349 805 78 51 les
1451 801 125 53 voir
1614 800 356 71 disparaître.

320 913 24 28 «
387 894 154 49 Dans
567 891 51 51 la
651 888 144 54 suite
821 888 75 52 du
923 900 221 48 roman,
1181 882 81 52 dit
1285 896 201 36 encore
1511 879 78 52 M.
1620 877 217 54 Gaston
1892 874 182 62 Paris,
2105 872 108 52 Fau-

247 969 107 63 vel,
385 984 67 36 au
486 966 111 54 lieu
625 965 167 53 d'être
841 979 110 36 une
978 960 202 68 simple
1225 955 328 71 expression
1596 951 366 71 allégorique,
2022 947 227 52 devient

247 1063 79 35 un
359 1059 351 55 personnage
744 1040 192 51 vivant
979 1049 52 40 et
1064 1035 268 70 agissant,
1370 1031 272 69 analogue
1669 1034 29 47 à
1733 1027 228 52 Renard
1995 1026 140 51 dans
2168 1025 77 49 les

249 1138 219 35 œuvres
501 1120 68 51 de
603 1119 51 50 la
683 1117 76 51 fin
787 1117 74 51 du
894 1131 89 35 xm
987 1121 17 23 e
1030 1111 164 53 siècle
1229 1131 26 28 »
1309 1108 97 70 (i).
1464 1107 94 54 On
1583 1122 70 35 ne
1695 1102 211 56 saurait
1967 1100 279 69 imaginer

247 1214 111 35 une
382 1197 220 50 donnée
636 1194 127 68 plus
786 1191 263 61 absurde,
1074 1205 108 52 que
1215 1187 48 50 le
1296 1183 214 65 cheval,
1547 1181 228 66 Fauvel,
1831 1177 140 53 assis
2023 1192 98 37 sur
2168 1191 78 37 un

249 1277 181 61 trône,
461 1289 68 35 au
554 1281 243 42 sommet
833 1269 98 50 des
964 1266 289 52 honneurs
1276 1280 73 34 ou
1376 1261 69 51 l'a
1477 1262 159 66 porté
1662 1258 51 51 la
1735 1257 223 51 fortune
1985 1271 70 34 en
2095 1252 153 70 dépit

249 1350 67 52 de
343 1350 50 51 la
427 1347 209 54 raison.
673 1345 162 54 Grisé
862 1359 100 53 par
1002 1359 58 34 sa
1082 1337 319 72 prospérité
1432 1333 273 54 malsaine
1757 1345 54 38 et
1835 1331 293 70 craignant
2170 1343 76 37 un

249 1425 214 70 caprice
489 1425 66 51 de
590 1425 266 58 Fortune,
893 1417 208 53 Fauvel
1128 1421 124 47 rêve
1288 1415 66 50 de
1378 1413 282 68 l'épouser
1679 1426 147 53 pour
1843 1408 134 51 fixer
2003 1403 216 55 définiti-

247 1514 228 40 vement
500 1517 87 33 ses
612 1500 241 49 faveurs.
875 1493 145 54 Mais
1045 1495 52 49 la
1119 1493 162 51 dame
1316 1487 264 55 accueille
1625 1487 111 51 fort
1769 1484 112 52 mal
1924 1500 104 35 son
2061 1493 154 41 outre-

251 1578 261 54 cuidante
541 1580 226 63 requête
794 1583 53 41 et
865 1569 77 55 lui
965 1586 245 53 propose
1252 1582 220 36 comme
1510 1563 208 52 femme
1768 1577 109 37 une
1910 1561 68 50 de
2013 1576 87 34 ses
2133 1556 85 54 sui-

250 1666 215 51 vantes,
491 1651 179 52 Vaine
698 1648 195 54 Gloire
923 1662 10 37 :
966 1644 226 64 Fauvel,
1229 1642 98 70 qui
1360 1643 142 48 n'est
1528 1638 162 70 point
1722 1634 244 68 difficile,
2003 1646 240 57 accepte,

253 1742 52 38 et
338 1730 48 49 le
419 1726 248 68 mariage
700 1737 82 38 est
815 1722 216 52 célébré
1073 1736 69 35 en
1167 1718 209 70 grande
1403 1732 208 52 pompe
1637 1714 140 51 dans
1810 1730 102 34 son
1945 1709 207 93 palais.^

322 1806 96 53 Un
451 1804 95 51 des
569 1798 340 55 manuscrits
936 1798 73 51 du
1031 1812 202 36 roman
1257 1794 67 51 de
1350 1790 227 63 Fauvel,
1606 1789 144 52 celui
1778 1788 96 70 qui
1925 1798 161 57 porte
2138 1784 105 52 àla

255 1878 395 67 Bibliothèque
678 1873 301 55 Nationale
1006 1873 67 51 de
1108 1869 162 54 Paris
1303 1869 51 51 la
1387 1879 119 40 cote
1533 1868 75 49 du
1629 1865 167 52 fonds
1840 1862 240 68 français
2123 1862 121 66 146?

254 1968 81 40 est
362 1953 517 71 particulièrement
913 1948 225 53 curieux
1182 1963 100 52 par
1328 1945 79 51 les
1462 1940 436 71 interpolations
1945 1938 299 53 musicales

254 2031 98 71 qui
391 2032 48 51 le
481 2027 391 56 caractérisent
917 2037 52 39 et
1021 2025 49 50 le
1105 2020 386 56 différencient
1523 2022 93 49 des
1657 2029 207 41 autres.
1902 2017 111 49 Des
2060 2014 181 69 pièces

253 2107 199 52 latines
479 2118 53 40 et
562 2102 322 68 françaises,
929 2100 98 51 des
1083 2121 23 25 «
1143 2109 186 40 motez
1360 2114 30 33 a
1432 2095 206 52 trebles
1671 2105 53 40 et
1754 2111 29 33 a
1806 2104 227 40 tenures
2066 2108 50 46 »,
2146 2090 95 51 des

255 2199 192 52 proses
503 2193 52 38 et
608 2180 97 50 des
745 2177 137 68 lays,
919 2175 97 51 des
1077 2174 308 61 rondeaux,
1432 2171 98 51 des
1585 2168 278 53 mélodies
1910 2164 336 70 liturgiques

255 2263 203 60 même,
489 2267 128 40 sont
644 2254 217 66 ajoutés
909 2268 70 36 au
1012 2262 143 40 texte
1182 2248 248 70 primitif
1458 2248 75 50 du
1554 2248 220 67 poème,
1816 2255 54 40 et
1920 2240 325 53 l'ensemble

255 2331 279 55 constitue
573 2347 78 37 un
673 2338 339 42 monument
1031 2326 97 51 des
1153 2325 128 69 plus
1326 2321 228 55 curieux
1589 2338 143 52 pour
1770 2318 272 53 l'histoire
2088 2319 66 51 de
2197 2316 49 51 la

254 2409 263 67 musique
571 2404 275 68 française
891 2419 69 36 au
994 2403 174 50 début
1202 2401 74 51 du
1305 2398 385 71 quatorzième
1718 2395 165 53 siècle
1930 2394 99 70 (2).
2084 2394 160 52 Nous

254 2485 231 51 n'avons
519 2480 160 70 point
707 2457 328 74 l'intention
1062 2478 66 49 de
1159 2493 145 34 nous
1336 2492 37 52 y
1413 2476 207 50 arrêter
1656 2471 90 68 ici,
1769 2481 317 42 autrement
2138 2484 108 52 que

253 2577 146 53 pour
424 2556 284 55 examiner
738 2556 301 51 l'amusant
1888 2552 225 69 explicit
1319 2550 98 70 qui
1444 2549 240 53 termine
1719 2549 47 50 le
1799 2545 314 54 manuscrit
2147 2545 97 66 146

253 2636 66 51 de
348 2636 52 50 la
439 2632 400 68 Bibliothèque
876 2629 300 54 Nationale
1224 2640 52 38 et
1312 2626 96 70 qui
1448 2638 101 53 est,
1578 2640 436 53 croyons-nous,
2042 2621 51 51 le
2127 2619 116 53 seul

250 2710 222 71 explicit
496 2725 69 36 en
590 2706 264 70 musique
905 2706 164 69 qu'en
1116 2720 112 37 une
1263 2702 173 52 heure
1464 2702 67 51 de
1563 2700 258 53 fantaisie
1846 2715 79 37 un
1967 2696 178 53 scribe
2171 2695 73 52 ait

251 2786 198 67 jamais
476 2801 197 50 conçu.

1223 2899 19 19 *
1268 2895 20 21 *

324 2970 161 52 Nous
507 2983 214 37 venons
749 2965 65 52 de
841 2977 233 39 tourner
1095 2964 49 51 le
1171 2961 133 52 folio
1336 2979 103 34 XVL
1465 2973 52 39 et
1544 2977 69 35 en
1646 2960 157 65 haut,
1831 2977 67 34 au
1933 2956 195 54 milieu
2170 2955 71 52 du

253 3062 181 48 verso,
463 3044 49 51 le
538 3058 202 37 roman
759 3041 66 52 de
852 3039 210 53 Fauvel
1083 3057 56 33 se
1166 3036 238 52 termine
1435 3054 131 34 avec
1874 3052 108 50 que
2000 3033 145 53 voici
2163 3045 11 38 :

750 3152 207 46 Ferrant
980 3148 99 48 fina
1105 3147 67 62 (3)
1199 3166 9 28 :
1237 3148 114 46 bien
1384 3147 145 46 deust
1553 3143 127 48 finer

753 3222 204 53 Fauvel,
983 3223 85 56 qui
1089 3219 77 46 n'a
1195 3234 24 30 a
1257 3220 85 56 qui
1368 3214 124 48 finer

307 3355 60 54 (1)
404 3354 141 40 PARIS
579 3351 235 56 (Gaston),
837 3351 108 43 ibid.
955 3382 10 19 9
994 3363 43 41 p.
1070 3363 98 40 129.

308 3417 58 54 (2)
391 3416 63 41 Ce
481 3413 258 43 manuscrit
785 3421 43 33 et
854 3426 49 28 sa
928 3411 216 42 notation
1171 3418 82 34 ont
1297 3410 71 40 été
1394 3407 182 43 étudiés
1618 3419 84 42 par
1738 3407 65 41 M.
1829 3402 243 46 Johannès
2098 3401 142 51 Wolf,

249 3479 117 42 dans
394 3490 86 30 son
502 3476 76 42 bel
621 3488 219 42 ouvrage,
895 3474 269 42 Geschichte
1189 3473 82 40 der
1310 3469 500 44 Mensnrcil-Notation
1857 3481 84 30 von
1981 3465 260 53 1250-1460

251 3540 228 56 (Leipzig,
515 3539 148 54 1904),
684 3537 138 42 Theil
842 3537 36 54 I,
905 3551 45 40 p.
970 3549 59 40 40
1056 3544 44 33 et
1125 3549 62 28 ss.

306 3603 63 52 (3)
394 3603 208 40 Ferrant
608 3635 10 18 ,
639 3613 184 28 comme
867 3598 178 43 Fauvel
1051 3632 11 19 ,
1108 3606 69 32 est
1230 3596 93 42 àla
1345 3595 89 42 fois
1465 3608 93 28 une
1585 3593 290 56 appellation
1910 3591 256 57 générique
2194 3596 43 35 et

247 3677 66 27 un
339 3678 112 26 nom
476 3662 262 43 individuel
761 3662 57 40 de
844 3660 165 43 cheval
1035 3673 11 37 ;
1074 3659 117 42 mais
1224 3659 32 40 il
1278 3673 29 41 y
1333 3673 24 26 a
1383 3671 106 28 sans
1528 3657 143 42 doute
1697 3655 60 42 ici
1778 3668 94 29 une
1910 3654 206 42 allusion
2143 3654 25 40 à
2198 3652 41 40 la

250 3734 123 31 mort
397 3726 61 39 du
477 3733 155 32 comte
659 3726 196 39 Ferrant
872 3736 61 28 ou
956 3722 271 41 Ferdinand
1269 3722 57 40 de
1350 3720 244 51 Flandres,
1623 3718 41 42 le
1687 3717 170 43 vaincu
1886 3718 56 40 de
1985 3716 233 44 Bouvines
2226 3745 10 22 5

246 3800 78 26 sur
344 3786 41 41 le
409 3799 111 27 nom
546 3785 175 55 duquel
748 3798 61 28 on
836 3798 24 28 a
879 3785 249 54 beaucoup
1151 3783 126 55 joué.
1307 3784 141 52 (Note
1475 3782 55 40 de
1558 3782 179 40 Gaston
1784 3779 166 54 Paris.)
