2339 4153
700 244 58 29 LE
796 240 240 32 MERCURE
1073 238 221 31 MUSICAL
1431 235 14 29 I
1462 235 197 43 5-VIII-O

213 249 84 46 150

206 463 137 58 peut
361 449 79 52 lui
463 461 273 55 procurer
768 461 77 36 un
878 442 199 72 plaisir
1109 441 321 71 esthétique
1462 442 130 69 plus
1620 441 241 66 intense,
1891 444 129 68 plus
2046 444 142 52 abon-

210 528 152 63 dant,
390 540 79 36 un
494 520 199 71 plaisir
723 538 109 53 que
873 519 293 53 l'émotion
1203 534 329 38 commence
1568 531 53 40 et
1653 535 110 53 que
1808 517 416 71 l'imagination

206 602 291 64 continue,
540 616 79 36 un
662 597 197 71 plaisir
886 597 99 70 qui
1022 609 219 58 permet
1274 597 68 51 de
1376 596 288 65 s'oublier,
1716 596 405 70 d'envelopper
2163 615 61 34 sa

210 679 85 53 vie
322 680 223 49 récente
594 676 135 52 d'un
768 691 182 52 nuage
1001 686 54 41 et
1108 674 193 69 quand
1343 675 185 51 même
1570 672 67 52 de
1673 690 57 34 se
1780 672 176 54 sentir
1984 671 155 55 vivre
2172 685 54 39 et

211 765 230 43 content
468 755 67 51 de
566 752 153 54 vivre
747 752 19 51 ?

280 831 76 52 Et
381 829 186 71 parmi
607 829 82 52 les
722 827 251 54 diverses
996 826 297 71 musiques
1328 842 271 49 connues,
1635 826 72 53 où
1734 823 300 73 pouvait-il
2067 839 128 39 trou-

207 924 98 37 ver
329 925 79 34 un
451 919 84 39 art
577 906 128 70 plus
741 906 200 69 adapté
969 922 110 53 que
1118 905 50 51 le
1220 903 122 53 sien
1375 907 29 49 à
1448 920 60 34 sa
1538 902 295 54 mentalité
1877 903 68 53 de
1973 916 217 41 contem-

207 982 181 73 platif,
411 983 68 53 de
515 981 310 71 mystique,
855 982 67 51 de
947 980 369 71 spiritualiste
1343 980 208 53 doublé
1578 980 136 53 d'un
1747 980 224 52 sensuel
1996 981 17 51 ?

276 1058 175 55 Aussi
502 1076 69 34 ne
619 1057 80 55 lui
747 1058 311 52 demandez
1090 1075 102 52 pas
1236 1074 112 36 une
1403 1056 266 71 musique
1719 1056 358 71 compliquée
2121 1056 99 72 qui

209 1135 339 72 l'obligerait
583 1138 31 50 à
641 1135 269 71 l'analyse
938 1136 66 52 de
1039 1152 88 35 ses
1162 1133 322 54 sensations
1513 1151 11 46 ;
1568 1145 222 40 Comme
1824 1146 130 41 tous
1993 1135 79 52 les
2116 1133 81 71 pri-

214 1213 198 63 mitifs,
435 1213 37 51 il
493 1230 174 52 pense
696 1212 492 70 mélodiquement
1232 1225 54 39 et
1311 1211 511 71 rythmiquement,
1853 1223 54 40 et
1932 1211 117 53 cela
2074 1211 151 54 suffit

216 1295 30 48 à
271 1307 104 36 son
400 1288 201 54 besoin
627 1290 67 52 de
722 1288 247 54 chanter.

284 1367 241 53 Surtout
555 1367 291 52 n'accusez
886 1384 100 52 pas
1022 1384 58 33 sa
1105 1363 267 71 musique
1413 1366 66 52 de
1512 1368 266 66 pauvreté
1815 1381 165 53 parce
2021 1366 203 68 qu'elle

214 1456 84 39 est
323 1447 30 48 à
380 1460 111 35 une
525 1442 152 52 seule
712 1442 325 52 dimension
1081 1455 54 39 et
1168 1453 301 58 purement
1508 1439 251 66 linéaire,
1811 1457 92 36 car
1940 1441 80 52 les
2046 1439 179 73 lignes

215 1521 234 70 simples
496 1519 129 52 n'en
672 1532 129 39 sont
841 1537 98 52 pas
982 1518 189 53 moins
1213 1518 343 52 admirables
1582 1537 11 46 ;
1641 1517 136 53 elles
1825 1531 101 39 ont
1959 1518 124 53 suffi
2118 1536 107 35 aux

216 1597 234 71 peuples
473 1594 270 73 primitifs
766 1612 145 53 pour
943 1594 195 54 laisser
1162 1612 97 34 sur
1289 1596 51 52 la
1359 1594 183 71 pierre
1576 1596 150 52 leurs
1750 1596 474 69 préoccupations

216 1674 234 54 sociales
477 1691 73 34 ou
573 1672 329 71 religieuses
925 1686 55 39 et
1004 1690 147 53 pour
1183 1673 188 51 lancer
1408 1690 127 34 vers
1556 1672 50 52 le
1632 1672 124 67 ciel,
1786 1690 131 35 avec
1944 1673 50 52 la
2022 1674 163 52 modu-

215 1751 177 53 lation
447 1751 136 52 d'un
619 1767 199 36 roseau
869 1753 163 66 percé
1066 1751 66 50 de
1185 1749 275 69 quelques
1504 1762 158 41 trous
1716 1766 74 35 ou
1848 1751 168 52 d'une
2058 1751 166 52 corde

215 1828 207 51 tendue
465 1842 97 36 sur
586 1842 110 37 une
736 1842 266 53 carapace
1027 1825 67 53 de
1126 1837 208 51 tortue,
1364 1824 152 54 leurs
1543 1824 195 70 appels
1764 1825 68 53 de
1857 1824 255 55 tristesse
2151 1843 72 36 ou

215 1904 67 52 de
308 1902 129 67 joie.

291 1980 156 52 Pour
482 1978 273 53 l'histoire
788 1979 67 52 de
897 1978 121 53 l'art
1046 1991 52 40 et
1126 1978 67 52 de
1226 1978 51 52 la
1311 1977 346 54 civilisation
1690 1979 97 52 des
1813 1978 237 68 Arabes,
2079 1997 146 53 pour

215 2057 48 52 le
304 2054 394 70 musicologue
738 2058 31 48 à
799 2054 99 70 qui
933 2054 102 52 elle
1058 2054 184 52 révèle
1276 2055 97 51 des
1400 2054 276 53 richesses
1709 2055 341 70 précieuses,
2078 2073 147 53 pour

215 2134 47 51 le
298 2132 384 71 psychologue
738 2132 202 68 qu'elle
990 2130 198 54 éclaire
1242 2148 98 37 sur
1392 2132 79 52 les
1512 2132 301 53 modalités
1857 2133 249 53 diverses
2156 2135 68 51 de

214 2209 162 51 l'âme
403 2208 184 61 arabe,
615 2223 145 55 pour
783 2206 48 53 le
850 2206 339 70 philosophe
1209 2208 202 68 qu'elle
1434 2208 295 68 renseigne
1750 2226 97 35 sur
1867 2208 357 71 l'esthétique

216 2285 168 52 d'une
437 2300 122 36 race
604 2302 57 33 se
714 2297 337 56 composant
1096 2300 111 36 une
1274 2284 310 66 sensation,
1635 2300 147 54 pour
1834 2284 389 55 l'orientaliste

216 2361 205 72 qu'elle
456 2372 135 58 peut
621 2360 271 53 conduire
921 2363 28 49 à
977 2361 98 51 des
1123 2363 367 50 découvertes
1541 2361 427 65 intéressantes,
2003 2363 51 52 la
2097 2380 85 37 mu-

216 2438 160 69 sique
413 2438 164 52 arabe
600 2449 84 39 est
707 2454 80 36 un
821 2436 146 69 sujet
1000 2438 253 53 d'études
1287 2450 53 40 et
1386 2438 488 71 d'investigations
1918 2443 114 49 très
2068 2439 155 54 riche

215 2528 53 39 et
308 2518 29 48 à
378 2514 166 70 peine
569 2514 261 70 exploité.

282 2593 151 49 Avec
459 2601 142 41 cette
634 2589 267 71 musique
928 2589 162 54 l'âme
1117 2590 134 53 d'un
1284 2593 177 68 grand
1494 2591 206 70 peuple
1740 2610 31 33 a
1817 2591 209 71 palpité
2050 2612 14 47 ;
2121 2594 103 52 elle

214 2685 29 35 a
273 2667 164 53 bercé
470 2667 78 51 les
587 2669 158 51 rêves
770 2667 66 53 de
872 2680 156 41 toute
1075 2685 110 36 une
1216 2669 145 52 suite
1387 2670 66 51 de
1489 2667 378 72 générations,
1905 2683 54 39 et
2002 2670 190 69 aujour-

211 2742 156 54 d'hui
418 2759 216 48 encore,
658 2746 163 65 après
872 2745 97 51 des
1005 2744 213 63 siècles,
1270 2745 103 52 elle
1432 2744 152 53 suffit
1630 2746 350 70 amplement
2034 2750 30 50 à
2120 2765 102 35 nos

213 2819 367 69 populations
613 2819 295 69 indigènes
953 2820 296 53 héritières
1296 2822 185 69 d'âges
1527 2821 268 53 lointains
1830 2825 139 51 dont
2002 2824 103 53 elle
2140 2836 83 41 est

213 2896 367 71 l'expression
605 2896 51 52 la
691 2896 129 71 plus
845 2897 161 55 fidèle
1041 2911 53 40 et
1126 2899 52 52 la
1209 2899 129 69 plus
1377 2899 379 71 pittoresque.

1443 3045 176 52 Jules
1654 3045 283 52 Rouanet.

386 3157 73 68 (A
497 3157 234 64 suivre.)
