2339 4153
716 196 56 29 LE
807 191 240 32 MERCURE
1083 185 220 33 MUSICAL
1427 167 253 57 15-VIII-06

307 246 0 0 136

213 424 61 34 se
306 402 246 54 vendent
585 401 29 47 à
651 392 214 57 Sëville
893 392 15 67 (
923 401 60 56 1).
1034 410 25 28 »
1096 388 89 54 Du
1220 386 197 51 Douro
1446 383 30 48 à
1516 378 212 64 l'Ebre,
1757 376 67 50 de
1859 373 301 67 Saragosse
2188 372 25 48 à

217 473 431 63 Bab-el-Zokak,
669 472 132 51 c'est
821 480 143 40 cette
980 463 266 69 musique
1274 457 296 65 sensuelle,
1597 451 314 60 efféminée,
1945 447 97 68 qui
2066 447 117 51 s'im-

218 558 184 69 plante
433 552 133 52 chez
598 551 61 51 le.
681 546 201 72 peuple
918 542 185 62 arabe,
1143 537 96 71 qui
1272 537 160 52 berce
1468 548 104 36 son
1611 527 219 72 orgueil
1855 539 54 39 et
1937 523 78 52 lui
2050 522 163 50 cache

216 635 51 49 la
291 632 77 51 fin
409 626 329 72 prochaine.

1095 819 223 49 V

289 975 60 55 Si
369 975 52 52 la
449 971 267 69 musique
740 967 187 60 arabe,
966 964 127 50 telle
1128 959 198 72 qu'elle
1352 974 144 34 nous
1524 953 254 72 apparaît
1803 953 97 51 dès
1923 961 139 41 cette
2089 952 96 64 épo-

220 1072 127 52 que,
404 1064 82 39 est
528 1047 338 68 surchargée
900 1041 408 62 d'ornements,
1351 1035 103 51 elle
1496 1035 128 49 n'en
1671 1049 28 33 a
1724 1047 98 52 pas
1855 1027 187 52 moins
2088 1042 97 35 con-

218 1134 155 48 servé
419 1130 145 50 deux
588 1126 67 50 de
697 1141 89 33 ses
829 1119 285 71 principes
1142 1111 312 61 essentiels,
1483 1111 147 51 deux
1662 1108 66 51 de
1770 1124 87 33 ses
1884 1103 105 54 lois
2025 1102 160 52 fonda-

221 1206 272 59 mentales
527 1219 109 53 que
686 1200 52 52 la
762 1195 275 56 tradition
1084 1211 30 33 a
1140 1202 314 58 respectees
1501 1186 326 52 fidelement
1853 1195 53 39 et
1939 1199 108 50 que
2080 1197 138 35 nous

221 1296 336 40 retrouvons
590 1276 361 55 absolument
985 1271 237 51 intactes
1261 1267 135 52 chez
1420 1281 104 34 nos
1552 1260 294 72 indigènes
1876 1300 11 13 .
1916 1260 47 49 le
1998 1256 215 70 rythme

220 1373 54 39 et
306 1357 301 54 l'unisson.

291 1439 77 49 Le
391 1435 246 70 rythme,
668 1431 134 52 c'est
829 1428 48 51 le
904 1423 306 55 sentiment
1229 1420 238 53 musical
1502 1416 186 53 réduit
1713 1420 29 48 à
1764 1432 104 35 son
1895 1426 321 54 expression

218 1515 60 51 la
310 1512 127 70 plus
472 1508 222 70 simple.
734 1507 108 50 Les
875 1501 234 72 peuples
1143 1497 270 72 primitifs
1443 1514 55 33 se
1533 1503 329 44 contentent
1893 1489 75 52 du
2004 1487 214 70 rythme

222 1591 97 51 des
344 1590 378 51 instruments
764 1582 66 52 de
858 1576 353 73 percussion,
1248 1587 52 40 et
1333 1573 134 52 chez
1500 1572 77 51 les
1613 1568 233 71 peuples
1902 1564 229 54 anciens
2178 1567 44 47 la

226 1665 242 52 mélodie
501 1676 54 38 et
580 1662 48 50 le
649 1658 223 71 rythme
907 1653 254 54 suffisent
1189 1656 29 48 à
1243 1648 347 56 déterminer
1609 1643 292 55 l'émotion
1934 1638 283 56 musicale.

228 1743 107 50 Les
360 1755 314 54 personnes
707 1734 99 70 qui
833 1745 98 39 ont
964 1729 162 54 visité
1162 1726 264 71 l'Algérie
1454 1742 72 34 ou
1554 1724 51 51 la
1618 1721 240 54 Tunisie
1893 1731 99 39 ont
2013 1719 179 50 assuié-

228 1830 158 39 ment
429 1815 269 62 entendu,
729 1812 139 51 dans
903 1808 77 51 les
1003 1807 139 51 fêtes
1168 1802 305 71 publiques
1501 1818 71 35 ou
1597 1798 243 71 privées,
1864 1797 98 51 des
1987 1793 233 58 Arabes,

227 1896 183 49 armés
443 1891 67 51 de
543 1897 374 60 castagnettes
943 1884 66 50 de
1051 1882 84 51 fer
1168 1893 52 37 et
1258 1879 319 51 d'énormes
1610 1886 306 52 tam-tams,
1966 1869 258 69 frappant

228 1975 30 47 à
298 1986 174 51 coups
527 1963 321 64 redoublés,
894 1959 145 54 mais
1079 1975 130 35 avec
1258 1973 111 35 une
1412 1952 283 72 précision
1731 1949 347 70 rigoureuse,
2130 1945 91 51 des

223 2046 257 69 rythmes
536 2042 245 52 bizarres
802 2052 14 55 5
871 2038 133 51 elles
1056 2047 98 38 ont
1201 2034 296 50 rencontré
1554 2046 104 34 nos
1705 2027 193 68 jeunes
1943 2022 275 71 yaouleds

221 2133 200 41 tenant
446 2136 78 35 un
557 2133 164 52 corps
749 2129 203 37 sonore
980 2112 377 68 quelconque,
1404 2105 153 52 boîte
1590 2105 67 51 de
1700 2103 201 63 cireur,
1926 2098 296 56 cruche-de

227 2209 235 59 porteur
485 2196 179 63 d'eau,
689 2204 195 40 carton
915 2193 31 47 à
978 2188 270 67 chapeau,
1266 2197 53 39 et
1345 2184 78 51 les
1450 2194 99 40 ont
1573 2199 104 35 vus
1705 2197 56 34 se
1791 2175 275 55 satisfaire
2095 2192 97 52 pen-

228 2274 136 51 dant
388 2273 66 50 de
503 2270 233 68 longues
769 2267 204 50 heures
1020 2281 68 34 au
1106 2262 136 61 .seul
1276 2260 313 52 battement
1614 2258 67 51 de
1722 2254 254 70 rythmés
2028 2249 168 72 parfai-

231 2359 213 46 tement
477 2345 290 70 réguliers.

300 2427 185 49 Toute
501 2424 53 51 la
576 2420 266 69 musique
866 2418 165 52 arabe
1054 2429 82 38 est
1156 2425 224 41 surtout
1413 2410 347 71 rythmique.
1785 2406 97 56 On
1909 2403 307 72 reprochait

227 2519 79 36 un
324 2481 3 87 ,
355 2500 126 68 jour
509 2502 31 48 à
584 2496 105 53 Ibn
734 2494 190 69 Djami
956 2494 206 51 devant
1187 2508 106 34 son
1332 2488 137 53 rival
1503 2485 253 55 Ibrahim
1788 2485 67 52 de
1878 2481 215 54 n'avoir
2125 2496 90 53 pas

227 2579 200 52 chanté
453 2592 70 35 en
571 2589 247 37 mesure.
870 2592 25 28 «
952 2570 79 55 Ce
1093 2570 141 50 n'est
1267 2585 99 51 pas
1415 2564 269 72 possible,
1716 2560 190 53 s'écria
1958 2556 263 55 Ibrahim.

228 2653 216 71 Depuis
501 2670 66 34 00
630 2668 119 46 ans,
786 2649 37 51 il
876 2665 70 35 ne
979 2644 250 66 marche,
1266 2660 69 35 ne
1390 2643 154 68 parle
1591 2654 52 38 et
1712 2657 70 34 ne
1841 2651 195 39 tousse
2069 2634 155 70 qu'en

227 2745 243 39 mesure.
508 2725 308 55 Comment
870 2721 325 71 pourrait-il
1236 2735 278 54 manquer
1537 2721 29 47 à
1610 2716 50 51 la
1683 2731 226 35 mesure
1954 2729 69 34 en
2065 2711 128 51 chan-

227 2820 122 40 tant
376 2805 76 70 (2)
479 2806 19 49 ?
526 2825 24 27 »
580 2803 241 55 Comme
866 2801 123 51 leur
1031 2799 222 52 illustre
1304 2797 243 63 ancêtre,
1582 2794 79 50 les
1694 2790 307 53 musiciens
2042 2786 180 53 arabes

227 2897 99 38 ont
367 2899 80 34 un
496 2874 308 57 sentiment
843 2877 67 53 de
950 2877 79 50 la'
1059 2891 227 36 mesure
1328 2875 121 48 très
1503 2870 309 67 développé
1849 2881 13 52 ;
1918 2879 154 38 toute
2112 2864 113 49 leur

226 2954 442 73 préoccupation
729 2966 82 40 est
863 2952 51 52 la
968 2969 223 34 mesure
1243 2947 295 70 (mizane),
1582 2959 52 38 et
1689 2945 66 51 ils
1802 2946 291 48 exécutent
2138 2940 87 49 des

227 3035 253 70 rythmes
533 3045 239 40 souvent
825 3034 113 48 très
994 3027 379 70 compliqués,
1429 3041 133 35 avec
1603 3024 97 50 des
1740 3021 343 52 battements
2137 3011 87 72 qui

216 3112 294 51 'semblent
536 3109 231 52 d'abord
796 3106 391 53 désordonnés
1206 3116 52 38 et
1279 3119 131 34 sans
1431 3098 433 69 lienmétrique,
1895 3097 147 51 alors
2069 3090 153 72 qu'ils

228 3187 334 55 reviennent
594 3196 348 40 exactement
975 3186 29 47 à
1027 3182 51 50 la
1117 3184 186 48 même
1332 3178 177 69 place,
1539 3192 222 36 comme
1782 3175 138 50 dans
1944 3173 46 50 le

230 3264 127 54 ksid
399 3265 66 51 de
503 3262 292 64 Tlemcen,
833 3258 98 70 qui
975 3276 57 33 se
1079 3274 267 52 compose
1373 3256 67 49 de
1478 3255 27 49 3
1554 3266 205 55 temps,
1797 3252 25 50 3
1871 3264 182 53 temps
2104 3258 50 37 et
2197 3257 23 35 2

231 3355 204 55 temps,
474 3335 72 56 où
581 3337 47 51 le
665 3336 221 52 mizarie
931 3337 26 48 à
1003 3354 28 49 7
1058 3349 185 53 temps
1267 3333 68 50 de
1361 3328 280 54 certaines
1689 3339 333 45 ouvertures
2048 3317 152 56 classi-

228 3434 141 52 ques
396 3432 72 35 ou
515 3429 200 37 encore
763 3412 48 52 le
847 3411 225 70 rythme
1106 3411 616 66 d'accompagnement
1756 3405 68 49 de
1858 3399 236 55 certains
2126 3393 99 53 airs

286 3586 36 54 (1
334 3587 13 52 )
368 3586 297 41 Litteratura
708 3578 439 58 arabigo-espanola
1155 3610 10 18 ,
1194 3575 204 44 Madrid.
1505 3574 72 41 La
1613 3571 188 43 Musica
1848 3559 377 63 arabo-espanoh

233 3648 57 41 de
317 3648 202 42 Soriano
548 3647 213 41 Fuertas.
773 3669 53 5 —
849 3644 70 41 La
944 3642 206 54 musique
1175 3638 250 57 espagnole
1452 3636 161 56 depuis
1636 3633 215 43 l'arrivée
1874 3631 77 43 des
1966 3629 260 43 Phéniciens

225 3709 184 55 jusqu'à
434 3709 175 42 l'année
643 3708 127 42 iBso
780 3740 10 19 ,
815 3704 204 53 Madrid,
1053 3703 269 53 1855-1859.

291 3772 61 53 (2)
387 3770 203 43 Caussin
623 3772 56 41 de
715 3767 243 51 Perceval,
982 3780 71 42 op.
1088 3766 80 41 cit.
