2339 4153
697 188 222 37 MUSIQUE
955 189 58 30 ET
1049 189 186 31 DANSES
1272 189 415 32 CAMBODGIENNES

2123 189 62 44 99

212 379 77 49 les
329 377 369 52 instruments
731 381 65 50 de
844 381 258 68 musique
1132 399 11 46 ;
1187 382 36 50 il
1254 400 36 51 y
1322 400 29 33 a
1389 382 169 65 aussi,
1611 399 94 34 sur
1748 398 77 34 un
1872 381 186 62 coffre,
2115 381 66 50 de

210 452 162 51 vieux
393 452 333 52 accessoires
777 456 65 50 de
876 456 185 56 ballet,
1098 474 261 52 masques
1392 460 66 49 de
1498 460 234 49 démons
1760 456 336 70 grimaçants
2129 468 56 39 et

213 526 190 52 mitres
423 529 287 60 dédorées,
739 541 70 48 et,
845 548 94 33 sur
965 548 106 34 une
1098 531 145 51 table
1277 534 65 49 de
1370 532 118 51 bois
1515 534 179 63 blanc,
1717 550 106 34 une
1858 544 214 39 cuvette
2113 530 66 52 de

212 602 164 52 bazar
412 603 73 51 où
509 620 79 34 un
618 603 386 70 Cambodgien
1037 606 358 52 retardataire
1428 609 218 64 achève,
1684 625 125 33 sans
1842 625 55 33 se
1941 623 239 52 presser,

213 695 58 33 sa
292 678 211 51 toilette
527 692 10 37 :
556 678 47 51 le
624 677 387 71 Cambodgien
1031 682 138 50 n'est
1186 682 194 66 jamais
1403 689 187 62 pressé
1609 703 12 45 ;
1643 683 34 51 il
1701 685 87 49 n'a
1814 701 96 51 pas
1933 682 245 60 d'heure,

210 763 54 40 et
284 752 163 51 laisse
472 770 192 51 passer
694 772 85 32 ses
798 753 258 68 journées
1084 756 137 51 dans
1253 774 108 34 une
1394 770 230 56 torpeur
1654 758 155 51 béate
1853 757 95 69 qui
1981 758 200 50 dénote

213 843 76 36 un
309 845 136 51 sang
471 828 124 68 plus
628 827 215 53 hindou
871 831 400 67 qu'annamite.
1309 833 88 50 En
1430 845 183 53 avant,
1642 850 129 34 sous
1803 850 108 34 une
1939 845 147 38 tente
2114 832 71 51 de

209 902 193 66 coutil,
439 903 138 51 trois
598 904 242 51 orfèvres
884 906 314 51 travaillent
1229 910 28 47 à
1281 911 222 63 réparer
1538 908 269 69 quelques
1849 907 219 66 bijoux:
2103 923 78 35 un

210 979 158 50 vieux
412 995 108 34 aux
572 978 163 52 dents
765 979 190 51 noires
1003 982 65 49 de
1112 981 164 66 bétel,
1308 986 110 47 très
1459 982 237 65 attentif,
1731 983 102 50 fixe
1884 983 65 50 de
1982 981 199 69 petites

209 1052 214 70 pierres
444 1064 414 56 transparentes
886 1072 97 34 sur
1004 1072 75 34 un
1097 1056 201 52 chaton
1320 1057 65 51 de
1417 1057 175 68 bague
1618 1070 12 53 ;
1658 1073 76 35 un
1767 1057 162 66 jeune
1954 1057 226 51 homme

212 1132 29 48 à
265 1144 221 58 grosses
519 1129 239 51 lunettes
779 1147 190 51 presse
1003 1132 65 51 de
1097 1132 48 49 la
1171 1132 151 51 main
1350 1132 177 52 droite
1559 1150 76 34 un
1662 1132 217 52 soufflet
1912 1133 65 50 de
1994 1132 161 51 chalu-

209 1218 184 50 meau,
429 1216 51 38 et
504 1208 254 62 présente
797 1205 99 51 àla
931 1205 224 51 flamme
1181 1224 76 34 un
1275 1208 54 50 fil
1350 1208 115 51 d'or
1494 1208 136 51 dont
1663 1207 35 52 il
1724 1207 118 52 faut
1879 1208 205 51 souder
2132 1205 51 51 la

210 1277 230 68 boucle*,
482 1279 48 50 le
563 1278 307 63 troisième,
899 1279 160 66 jeune
1085 1282 168 64 aussi,
1289 1282 137 50 assis
1449 1284 124 66 près
1604 1284 94 50 des
1724 1283 141 49 deux
1889 1296 205 49 autres,
2122 1297 58 34 sa

212 1354 110 48 tête
355 1369 68 33 en
450 1353 163 51 boule
647 1359 291 46 renversée
972 1372 68 33 en
1066 1355 201 51 arrière
1312 1369 53 37 et
1389 1362 248 62 appuyée
1671 1360 28 47 à
1724 1373 76 34 un
1842 1369 221 55 poteau,
2112 1372 68 34 ne

210 1425 101 53 fait
334 1426 119 51 rien
489 1444 8 34 :
524 1426 37 52 il
585 1433 144 58 rêve,
755 1429 137 51 dans
911 1447 110 34 une
1044 1430 334 51 immobilité
1406 1431 246 61 absolue,
1680 1448 71 34 ou
1787 1431 179 68 plutôt
1999 1430 35 51 il
2057 1431 124 50 dort

214 1501 78 51 les
323 1519 143 51 yeux
487 1515 243 38 ouverts.
774 1501 140 55 Sans
950 1506 168 50 doute
1158 1505 151 51 a-t-il
1352 1506 149 51 fumé
1548 1506 269 68 quelques
1858 1506 157 68 pipes
2067 1505 86 51 d'o-

213 1575 159 70 pium
402 1578 137 49 dans
560 1578 49 49 la
628 1576 201 52 remise
848 1597 107 50 que
979 1579 46 66 je
1056 1580 156 51 viens
1233 1580 244 52 d'ouvrir
1502 1583 108 64 (car
1635 1581 102 50 elle
1761 1580 248 51 contient
2034 1579 147 52 aussi

214 1652 95 50 des
343 1651 369 52 instruments
745 1654 66 49 de
835 1654 281 70 musique)
1153 1675 10 32 :
1198 1655 210 52 l'odeur
1437 1655 286 52 enivrante
1756 1669 52 37 et
1833 1656 173 50 douce
2033 1655 66 50 de
2132 1655 49 50 la

213 1727 208 68 drogue
447 1744 35 51 y
514 1727 155 51 flotte
702 1745 265 36 encore...
1002 1731 153 51 Tous
1188 1748 87 33 ces
1296 1731 193 51 braves
1512 1748 134 51 gens
1670 1748 87 33 me
1784 1730 229 51 laissent
2049 1729 134 50 aller

213 1814 52 38 et
296 1801 157 51 venir
486 1819 69 34 au
581 1801 197 55 milieu
812 1804 160 52 d'eux
995 1823 127 33 avec
1148 1807 49 49 la
1244 1807 123 66 plus
1421 1805 232 68 paisible
1706 1805 357 52 indifférence
2089 1823 10 44 ;
2129 1818 54 38 et

212 1876 67 52 ils
312 1894 69 33 ne
417 1877 315 51 s'étonnent
763 1896 98 51 pas
898 1880 64 49 de
985 1896 89 35 me
1106 1880 122 51 voir
1258 1881 224 67 frapper
1511 1881 77 50 les
1620 1880 234 52 timbres
1879 1882 65 49 de
1978 1881 202 50 bronze

213 1967 70 36 ou
307 1951 79 49 les
411 1952 231 51 touches
669 1953 65 51 de
760 1953 122 51 bois
900 1955 65 51 de
986 1956 149 50 leurs
1160 1955 390 63 instruments,
1581 1969 52 38 et
1647 1956 235 67 prendre
1910 1956 94 50 des
2023 1967 156 39 notes

214 2026 221 68 rapides
462 2042 95 36 sur
577 2027 74 51 du
685 2027 196 69 papier
922 2033 128 64 rayé
1091 2031 64 49 de
1181 2030 176 68 lignes
1389 2031 204 49 noires.

279 2100 354 68 Cependant,
660 2120 218 34 comme
895 2101 171 67 j'étais
1092 2105 245 50 enfermé
1364 2106 137 51 dans
1524 2105 45 50 le
1592 2105 184 50 réduit
1790 2105 96 50 des
1907 2103 271 61 fumeurs,

213 2180 206 64 occupé
453 2181 28 46 à
513 2178 340 51 déterminer
885 2180 49 50 la
966 2196 220 51 gamme
1226 2181 134 51 d'un
1402 2178 86 68 jeu
1522 2181 65 51 de
1620 2180 250 60 timbres,
1903 2196 78 36 un
2020 2178 160 68 jeune

213 2248 386 71 Cambodgien
626 2270 28 31 a
674 2266 193 38 ouvert
896 2253 50 51 la
980 2267 174 55 porte,
1205 2267 52 38 et
1285 2254 396 69 s'approchant
1712 2256 64 51 de
1799 2253 115 52 moi
1945 2253 108 51 m'a
2085 2253 96 51 fait

214 2326 154 68 signe
395 2342 105 51 que
527 2327 64 51 de
616 2327 123 52 huit
764 2345 69 33 en
862 2328 124 52 huit
1013 2328 47 67 je
1087 2329 188 51 devais
1304 2343 222 38 trouver
1548 2331 51 50 la
1620 2332 182 48 même
1849 2343 147 37 note.
2048 2329 102 50 Pré-

210 2401 183 52 cieuse
428 2401 326 66 indication,
773 2403 97 69 qui
904 2418 220 38 montre
1148 2423 105 51 que
1281 2423 144 51 pour
1444 2423 86 33 ces
1554 2406 227 68 peuples
1806 2421 215 35 comme
2042 2420 141 52 pour

212 2492 162 48 nous,
403 2477 227 51 l'octave
663 2477 261 68 équivaut
950 2497 236 51 presque
1214 2484 28 46 à
1284 2479 288 52 l'unisson.
1601 2479 235 54 Comme
1863 2479 131 50 chez
2039 2494 142 35 nous

212 2550 170 65 aussi,
425 2550 225 52 l'octave
685 2569 55 33 se
784 2553 173 51 divise
1002 2571 67 33 en
1116 2568 121 53 sept
1296 2555 314 51 intervalles
1638 2568 14 52 ;
1706 2553 140 52 mais
1893 2571 87 33 ces
2019 2553 137 51 inter-

210 2627 171 50 valles
405 2639 128 37 sont
566 2627 128 50 bien
711 2627 115 50 loin
851 2629 66 50 de
950 2630 332 50 ressembler
1306 2633 27 47 à
1360 2647 133 33 ceux
1533 2632 64 48 de
1629 2643 160 37 notre
1816 2644 218 52 gamme
2067 2627 87 52 dia-

213 2700 251 70 tonique.
491 2700 94 54 On
624 2701 89 69 n'y
735 2714 215 55 trouve,
976 2721 68 33 en
1070 2704 145 62 effet,
1251 2704 55 51 ni
1341 2704 47 50 le
1421 2718 95 37 ton
1543 2715 150 39 exact
1724 2704 57 50 ni
1808 2705 47 49 le
1888 2703 290 65 demi-ton,

214 2775 156 66 mais,
395 2788 194 38 autant
619 2793 108 51 que
777 2775 86 67 j'ai
899 2795 72 50 pu
1005 2775 157 71 juger
1186 2795 96 51 par
1318 2778 244 64 l'oreille,
1588 2778 77 50 les
1699 2789 119 56 sept
1865 2776 315 51 intervalles

214 2864 126 38 sont
383 2853 29 48 à
459 2868 107 51 peu
612 2853 125 66 près
787 2855 170 65 égaux
991 2867 157 38 entre
1182 2872 103 33 eux
1320 2873 11 32 :
1383 2853 213 52 chacun
1629 2869 173 34 sonne
1849 2868 142 52 pour
2038 2869 143 33 nous

213 2942 225 35 comme
462 2944 75 33 un
571 2940 95 37 ton
693 2944 76 34 un
801 2945 107 51 peu
936 2928 271 63 diminué,
1243 2942 51 38 et
1319 2929 50 51 la
1398 2944 235 53 gamme,
1656 2928 179 68 quelle
1870 2926 164 68 qu'en
2076 2925 107 52 soit

214 3000 269 69 l'origine,
528 3014 82 38 est
644 3001 255 66 toujours
941 3004 224 68 pareille
1212 3009 28 46 à
1276 3004 344 51 elle-même.
1657 3002 44 50 Il
1736 3001 204 51 semble
1973 3000 128 67 qu'il
2147 3018 37 52 y

216 3076 73 52 ait
307 3077 51 50 là
396 3094 108 34 une
532 3090 145 38 sorte
696 3079 66 49 de
788 3084 408 63 tempérament
1221 3081 138 68 égal,
1388 3077 349 69 comparable
1770 3080 28 48 à
1825 3076 139 52 celui
1990 3077 64 50 de
2081 3094 102 33 nos

214 3151 197 69 pianos
435 3168 10 45 ;
485 3151 138 51 mais
656 3151 244 67 l'octave,
925 3171 69 35 au
1027 3155 111 49 lieu
1171 3155 163 51 d'être
1362 3154 206 50 divisée
1601 3169 69 34 en
1696 3154 192 59 douze,
1914 3163 80 38 est
2043 3151 112 51 divi-

214 3230 90 47 sée
336 3243 67 34 en
438 3239 139 54 sept.
613 3226 149 53 C'est
792 3245 59 33 ce
875 3229 95 67 qui
997 3229 177 52 arrive
1198 3227 149 54 aussi
1374 3230 138 48 dans
1544 3227 49 50 la
1625 3226 259 69 musique
1921 3225 262 52 siamoise

213 3302 218 68 d'après
461 3300 340 71 Stumpf(i).
831 3303 256 53 D'autres
1113 3305 251 68 peuples,
1393 3319 216 34 comme
1634 3301 78 51 les
1732 3300 277 62 Javanais,
2052 3319 99 33 con-

214 3377 250 52 naissent
487 3394 78 34 un
589 3383 410 64 tempérament
1019 3385 28 47 à
1074 3380 127 68 cinq
1226 3380 317 50 intervalles
1576 3377 91 69 (2).
1705 3377 173 52 L'une
1905 3391 52 38 et
1991 3377 192 52 l'autre

269 3595 62 55 (1)
513 3595 218 58 Beitràge
993 3609 87 43 qur
1214 3596 190 43 Akustih
1592 3613 8 24 :
1653 3597 90 42 und
1872 3596 311 43 Musikwissen
1560 3596 88 51 lll,
1671 3609 46 42 p.
1740 3597 55 54 69
1825 3604 44 33 et
1901 3595 115 44 suiv.

271 3656 63 55 (2)
360 3657 126 41 Dans
510 3656 43 43 le
579 3670 141 42 genre
757 3658 66 42 dit
1491 3660 243 43 Salend.ro.
1126 3658 113 42 Voir
1263 3658 169 42 l'étude
1464 3657 56 42 de
1545 3657 135 42 Land
1704 3657 114 43 dans
1836 3657 70 46 les

213 3717 55 43 de
292 3718 282 43 l'Académie
595 3719 78 44 des
691 3721 200 43 Sciences
913 3721 357 49 d'Amsterdam,
1304 3719 128 56 1890.
