2690 4363
1300 4087 80 45 261

847 512 46 47 ls
915 516 80 42 der
1017 513 148 57 Krieg
1187 511 243 57 ausbrach,
1454 517 104 41 trat
1581 512 88 45 alle
1688 511 150 56 Kunst
1858 507 257 61 gegenüber
2137 514 112 52 dem,
2273 523 106 33 was

874 586 70 45 die
957 585 310 58 Wirklichkeit
1287 583 196 58 brachte,
1501 580 203 61 zunachst
1721 584 300 48 vollkommen
2038 585 47 44 in
2101 586 85 43 den
2197 583 156 54 Hinter-

874 661 171 55 grund.
1100 657 145 47 Dann
1278 657 239 57 begannen
1550 658 70 44 dies
1649 655 420 59 Proklamationen
2104 660 80 42 des
2215 655 163 47 betont

876 730 274 47 nationalen
1167 728 264 58 Schassenz
1456 731 68 44 die
1536 729 209 58 Proteste
1762 740 140 46 gegen
1917 730 68 45 die
1997 725 309 50 Ausländerei
2327 752 54 8 -——·

876 807 93 42 und
1003 802 244 58 schließlich
1281 803 68 45 die
1373 799 176 60 offenen
1581 805 93 43 und
1706 803 263 55 versteckten
1989 794 123 65 Rufe
2143 812 141 47 gegen
2313 801 69 45 die

878 888 141 33 neuen
1059 874 226 57 Versuche
1334 879 93 42 und
1471 874 346 58 Bestrebungen
1867 876 80 43 der
1997 872 156 57 letzten
2200 873 183 57 Jahre.

877 948 330 58 Kriegsbilder
1238 960 162 34 waren
1431 951 90 43 das
1541 949 200 55 Einzigq
1774 959 108 34 was
1914 959 109 34 man
2054 946 153 57 gelten
2240 945 141 56 lassen

878 1022 182 47 wollte:
1104 1024 90 43 das
1239 1017 399 61 Gegenständliche
1677 1021 328 57 triumphierte
2045 1022 95 44 und
2184 1020 69 44 die
2292 1019 92 45 viel

283 1090 229 59 befehdete
544 1092 301 58 Darstellung
887 1092 137 57 schien
1056 1095 125 45 einen
1213 1093 124 57 Sieg
1377 1091 89 58 auf
1495 1097 81 42 der
1615 1106 173 45 ganzen
1820 1093 125 46 Linie
1984 1096 399 52 davonzutragem

399 1165 145 55 Sieht
577 1178 108 33 man
718 1161 145 61 näher
892 1179 66 43 zu,
993 1165 49 58 so
1074 1165 211 47 wandelt
1318 1165 78 57 sich
1427 1170 91 42 das
1546 1165 120 47 Bild
1700 1168 69 45 ein
1800 1167 164 57 wenig.
2025 1163 193 57 Gewiß:
2258 1165 117 45 alles

283 1227 145 68 greift
468 1238 142 55 zuerst
651 1241 107 52 nach
791 1237 205 47 Bildern
1034 1251 110 34 vom
1173 1240 172 55 Kriege
1386 1242 93 43 und
1520 1241 111 55 geht
1670 1252 62 33 an
1774 1240 135 45 allem
1942 1241 178 43 andern
2151 1233 233 51 vorüber:

285 1323 107 33 was
424 1310 113 46 aber
568 1310 173 57 gesucht
773 1313 136 54 wird,
944 1310 97 55 sind
1066 1313 115 52 nicht
1200 1309 225 49 Gemälde
1446 1314 93 44 und
1556 1311 314 57 Zeichnungem
1904 1307 162 61 mögen
2089 1309 55 56 sie
2165 1311 217 56 hundert«

286 1383 98 46 mal
425 1382 211 58 draußen
679 1395 89 34 vor
810 1387 101 42 dem
941 1383 169 53 Feinde
1153 1385 263 55 entstanden
1456 1382 105 59 fein,
1603 1408 53 7 —
1698 1382 89 48 das
1818 1384 97 56 sind
1953 1382 223 58 vielmehr
2207 1384 147 56 Photo-

283 1457 245 56 graphien.
589 1455 99 47 Der
719 1455 74 57 oft
826 1456 222 58 erhobene
1078 1459 237 45 Einwand
1357 1469 142 45 gegen
1532 1461 84 43 den
1647 1455 466 59 Jmpressionisinuz
2151 1455 95 57 daß
2278 1459 107 52 das,

286 1542 106 33 was
425 1542 47 31 er
505 1528 154 57 leistet,
693 1541 93 34 von
812 1531 212 45 Kamera
1045 1534 92 43 und
1159 1532 125 45 Kino
1316 1531 92 44 viel
1439 1530 137 56 besser
1607 1530 196 58 erledigt
1836 1531 134 55 wird,
2004 1530 122 45 wird
2157 1540 93 35 von
2283 1532 100 42 dem

285 1601 476 58 gesicndenInstinkt
791 1606 81 42 des
902 1602 176 47 Volkes
1110 1604 98 55 hier
1240 1604 114 56 ohne
1384 1603 172 47 Worte
1595 1606 132 53 durch
1760 1604 69 44 die
1859 1603 98 44 Tat
1989 1598 245 61 bestätigt:
2273 1614 110 33 man

286 1684 138 36 traut
465 1678 80 42 der
585 1674 262 56 mechanisch
886 1671 376 61 unpersönlichen
1300 1676 353 56 Reproduktion
1695 1676 127 52 mehr
1864 1674 78 47 als
1984 1678 99 42 dem
2123 1668 258 62 Menschen,

287 1744 106 59 hält
436 1747 77 54 sich
556 1760 61 32 an
658 1749 70 43 die
771 1746 386 59 photograpische
1187 1746 169 59 Platte
1396 1751 91 43 und
1530 1749 108 56 geht
1677 1761 63 33 an
1772 1751 84 44 den
1888 1745 333 59 referierenden
2253 1746 107 55 Zeich-

286 1831 183 45 nungen
500 1816 218 50 vorüber.
764 1821 142 55 Nicht
937 1832 120 46 ganz
1089 1821 84 45 mit
1204 1822 210 53 Unrecht.
1476 1819 91 47 Die
1595 1819 236 58 Versuche,
1865 1823 79 43 der
1976 1820 288 57 ungeheuren
2297 1820 58 44 Er-

287 1891 234 58 scheinung
553 1890 144 58 dieses
728 1894 200 55 Krieges
961 1893 84 45 mit
1076 1892 582 58 Eindruckswiedergaben
1690 1892 329 56 beizukommen
2058 1891 191 57 mußten
2289 1904 72 32 ver-

288 1965 162 57 sagen:
494 1969 80 41 der
604 1965 450 57 Jinpressionismus
1086 1967 52 54 ist
1171 1967 46 45 in
1250 1969 80 42 der
1361 1966 100 46 Tat
1503 1965 79 47 als
1625 1967 120 45 einer
1777 1969 78 42 der
1888 1957 316 64 erstenvöllig
2235 1963 151 47 Toten

288 2036 145 59 dieses
450 2038 198 57 Krieges
680 2036 89 59 auf
797 2043 100 41 dem
918 2037 315 59 Schlachtfeld
1265 2037 249 59 geblieben.
1560 2038 99 46 Der
1683 2039 134 55 Geist,
1850 2051 91 32 aus
1972 2040 100 43 dem
2104 2050 49 32 er
2183 2036 200 58 geboren

288 2122 120 44 war,
431 2111 327 55 triumphierte
780 2114 102 52 noch
908 2111 172 46 einmal
1103 2112 46 45 in
1172 2115 79 41 der
1268 2111 352 45 wundervollen
1637 2109 313 58 Sachlichkeitz
1974 2111 83 44 mit
2076 2112 80 43 der
2172 2108 212 57 draußen

289 2182 138 56 dieses
458 2183 181 57 Ringen
673 2182 280 59 organisiert
985 2196 136 43 war,
1151 2185 84 44 mit
1278 2188 81 41 der
1397 2196 48 32 es
1476 2195 93 35 von
1601 2186 81 43 der
1712 2182 255 57 Mehrzahl
1998 2186 142 50 derer,
2185 2183 69 44 die
2287 2183 80 44 Init-

290 2252 229 60 kämpfem
552 2255 253 56 betrachtet
838 2260 174 43 wurde.
1058 2256 79 58 In
1171 2261 79 42 der
1281 2256 261 57 technischen
1574 2252 242 61 Präzision
1847 2259 80 42 der
1958 2253 428 59 Kampfmethoden

290 2330 87 44 wie
407 2331 79 42 des
507 2326 303 58 Aufmarschs
841 2330 108 56 stieg
980 2331 105 54 noch
1106 2327 184 57 einmal
1323 2332 79 42 der
1435 2326 558 58 naturwissenschaftliche
2022 2327 126 57 Geist
2180 2330 80 43 des
2290 2340 73 32 ver-

291 2399 212 58 flossenen
518 2400 369 57 Jahrhunderts
909 2399 163 58 auf—
1095 2402 107 44 weil
1233 2414 48 32 er
1311 2402 191 57 zugleich
1534 2402 149 45 damit
1714 2402 68 44 die
1814 2402 92 55 ihm
1927 2397 289 60 gebührende
2233 2399 155 46 Stelle

289 2473 226 57 erhalten,
549 2486 89 33 aus
670 2474 142 45 einein
826 2473 144 49 Zweck
1000 2475 169 44 wieder
1201 2475 73 44 ein
1291 2473 172 47 Mittel
1485 2471 81 59 für
1588 2475 69 44 ein
1672 2469 221 60 Höherm,
1914 2470 205 60 lgöchstes
2140 2475 245 55 geworden

291 2557 121 35 war.
443 2546 108 45 Wie
571 2546 151 56 wenig
744 2543 115 48 aber
881 2544 143 59 dieser
1042 2546 138 57 Geist,
1213 2550 81 42 der
1325 2547 104 56 hier
1454 2559 62 34 an
1549 2544 165 58 seinem
1734 2545 135 58 Platz
1890 2546 296 58 Ungeheures
2210 2546 176 54 leistete,

289 2631 84 42 zur
405 2617 281 58 Gestaltung
719 2617 143 58 dieses
892 2619 288 58 ungeheuren
1208 2617 278 59 Geschehens
1517 2619 251 56 hinreichte,
1801 2619 85 45 wie
1907 2614 257 61 unmöglich
2196 2631 48 33 es
2266 2629 119 43 war,

294 2692 83 44 mit
420 2690 145 55 seinen
603 2690 205 48 Mitteln
839 2694 101 43 dem
970 2691 332 58 Wesentlichen
1335 2690 189 59 unseres
1554 2690 231 47 Erlebens
1815 2690 239 47 Ausdruck
2082 2703 53 41 zu
2167 2687 220 60 schassem

288 2767 94 42 das
409 2763 213 56 beweisen
644 2765 70 44 die
740 2765 483 57 Kriegszeichnungem
1248 2765 68 45 die
1339 2768 85 43 den
1440 2764 260 55 Charakter
1722 2768 80 41 der
1818 2762 333 58 Cassirerschen
2171 2764 193 55 ,,Kriegs-

290 2838 111 52 zeit«
436 2835 268 58 bestimmen,
737 2840 68 43 die
836 2833 201 52 Blätter
1069 2849 92 34 von
1182 2837 322 56 Liebermanm
1537 2849 92 35 von
1654 2837 134 46 Gaul
1817 2839 93 43 und
1942 2840 202 42 anderen
2172 2832 214 60 Führern

295 2914 80 40 der
387 2908 462 57 impressionistischen
866 2909 288 59 Bewegung.
1184 2909 129 58 Ihre
1328 2906 284 49 Qualitäten
1625 2909 150 56 haben
1791 2910 144 54 nichts
1948 2910 84 45 mit
2046 2912 100 42 dem
2158 2908 228 57 Geistigen

295 2983 125 55 ihres
451 2981 319 57 Gegenstands
812 2981 278 58 gemeinsam
1133 2983 77 45 als
1248 2990 126 39 etwa
1412 2983 69 45 die
1513 2980 330 59 Unterschrift:
1887 2994 110 34 man
2040 2984 146 53 mache
2217 2981 171 45 einmal

295 3058 85 42 den
401 3052 200 58 Versuch
634 3056 119 44 einer
773 3052 373 61 Titeländerung
1177 3057 76 44 ins
1274 3053 359 59 Unkriegerische
1657 3054 333 57 Unpasserische
2018 3057 93 43 und
2134 3056 109 44 man
2265 3052 123 47 wird

295 3128 205 55 erstaunt
533 3125 101 58 sein,
668 3129 84 45 wie
785 3126 211 59 mühelos
1027 3131 91 43 das
1149 3129 123 56 geht.
1318 3127 101 47 Der
1443 3127 277 57 ,,Eindruck«
1748 3138 108 47 mag
1888 3126 124 57 schon
2043 3127 226 56 stimmen;
2301 3129 85 42 den

298 3198 287 58 ,,Ausdruck«
620 3199 178 47 bleiben
830 3200 58 54 sie
919 3204 117 54 ohne
1067 3199 131 59 Hilfe
1229 3204 82 42 des
1340 3202 177 45 Worts
1547 3199 301 48 vollkommen
1882 3198 214 58 schuldig.

411 3270 78 58 In
521 3270 109 47 eben
663 3271 142 57 dieser
839 3275 312 57 ,,Kriegszeit«
1195 3273 114 46 aber
1340 3272 153 59 finden
1525 3272 77 57 sich
1636 3275 107 52 auch
1775 3274 71 45 ein
1876 3280 128 49 paar
2033 3268 203 50 Blätter
2266 3273 120 45 Otto

294 3345 239 55 .Zettners,
576 3355 88 35 vor
705 3348 141 43 denen
891 3359 109 34 man
1042 3357 153 36 etwas
1233 3345 252 58 wesentlich
1527 3349 196 43 anderes
1765 3345 160 46 erlebt.
1985 3346 72 44 Er
2094 3344 104 58 gibt
2237 3348 151 42 weder

295 3419 188 57 Kriegsi
517 3420 103 53 noch
650 3416 323 59 Volksszenen,
1005 3423 152 42 weder
1187 3414 213 61 zerstörte
1429 3415 185 50 Städte
1645 3421 104 53 noch
1781 3417 215 58 feuernde
2011 3418 251 57 Truppenz
2294 3420 94 43 und

293 3494 108 54 doch
444 3487 138 61 spürt
622 3502 108 35 man
770 3502 89 35 vor
903 3491 145 57 seinen
1080 3492 302 56 Zeichnungen
1424 3494 84 44 den
1539 3492 160 56 Krieg,
1744 3494 102 53 das,
1886 3502 107 35 was
2033 3491 92 46 wir
2156 3489 232 58 durchlebt
