3487 4366
1610 127 99 51 231

102 269 70 32 um
211 267 54 29 an
309 249 144 46 einem
488 252 207 62 Auszuge
745 271 80 31 aus
873 255 80 49 der
996 259 248 49 Recension
1276 278 91 33 »von
1408 264 197 51 Maurice

100 332 199 57 Bourges
341 325 41 46 in
427 325 79 47 der
994 324 188 52 Gazette
1422 333 44 46 et
1565 332 41 48 R
1014 335 69 46 ein
1116 337 188 63 Beispiel
1345 356 50 29 zu
1443 342 160 61 geben,

98 407 97 47 dass
224 403 79 47 der
333 403 182 63 heutige
547 407 306 62 emphatische
882 412 80 45 Stil
992 412 80 48 der
1094 413 229 48 Literaten
1356 418 86 46 und
1470 421 105 47 Dich-

97 492 80 42 ter,
206 479 87 55 die,
322 479 119 47 ohne
464 479 128 48 einen
618 484 175 47 Accord
823 503 51 29 zu
907 488 192 52 kennen,
1132 490 112 47 über
1271 493 142 46 Musik
1438 495 144 49 schrei-

98 560 98 48 ben,
237 556 96 47 hier
362 558 86 45 wie
489 556 70 49 bei
590 559 127 48 Euch
751 562 205 49 derselbe
986 567 65 47 ist.
1112 568 67 47 Da
1225 568 132 48 heisst
1399 587 43 30 es
1486 573 113 48 denn

100 644 125 39 unter
257 634 255 48 Anderem:
571 638 221 52 „Litolff's
839 642 144 47 Feder
1025 644 162 48 weicht
1231 645 283 52 bekanntlich
1546 650 53 64 (?)

94 711 119 50 nicht
234 727 78 30 vor
333 710 85 48 den
451 713 339 50 unheilvollsten
823 718 88 47 und
943 719 251 50 düstersten
1218 723 172 48 Stoffen
1413 729 188 53 zurück;

93 790 60 47 sie
183 786 140 49 findet
354 789 251 48 Melodieen
647 791 90 49 und
769 794 192 65 Klänge,
1006 799 168 46 welche
1215 816 48 31 so
1304 803 171 61 traurig
1519 805 83 47 wie

93 866 202 63 Young's
351 866 389 65 Nachtgedanken
797 873 109 47 sind.
975 875 155 47 Nichts
1185 876 416 59 Schmerzvolleres,

92 944 138 48 nichts
261 943 458 59 Thränenreicheres,
757 950 64 47 als
850 950 145 48 dieser
1025 954 381 49 Trauermarsch!
1464 959 135 55 Alles,

93 1036 89 32 was
211 1020 80 47 der
322 1021 260 49 Kreidestift
611 1025 243 50 Barbizet's
884 1029 82 46 auf
989 1030 77 47 das
1090 1031 97 47 Bild
1217 1031 78 49 des
1320 1034 281 49 Titelblattes

91 1097 257 64 gezeichnet
379 1097 91 55 hat,
501 1099 70 48 die
595 1101 311 59 Aschenurne,
936 1105 78 48 das
1046 1108 235 55 Grabmal,
1309 1109 69 48 die
1404 1111 169 49 Trauer-

91 1174 156 53 weide,
279 1174 69 48 die
376 1176 362 57 Leichenkrone,
770 1181 69 47 die
869 1184 288 57 gebrochene
1183 1186 170 52 Palme,
1385 1186 68 50 die
1483 1189 118 65 Lyra

92 1252 76 47 mit
195 1254 274 48 zerrissenen
501 1256 151 47 Saiten
670 1260 157 46 —alle
858 1261 119 47 diese
1008 1263 383 66 Grab-Symbole,
1422 1265 69 48 die
1522 1284 81 31 uns

92 1330 81 46 wie
214 1329 80 47 der
333 1331 26 46 1
376 1331 169 65 rappist
586 1332 79 49 das
1151 1334 188 52 Memenio
1340 1341 138 56 zurufen,
1479 1344 123 47 erhalten

91 1407 138 47 durch
274 1407 83 47 den
390 1410 323 49 Geisteshauch
757 1414 77 48 des
879 1416 320 65 Componisten
1243 1420 97 46 eine
1382 1420 221 65 klagende

91 1484 200 48 Stimme.
323 1484 210 64 [Danach
568 1489 75 47 hat
672 1490 92 47 also
798 1492 207 47 Barbizet
1044 1503 91 38 erst
1174 1495 77 47 das
1283 1497 211 47 Titelbild
1525 1515 51 47 ge-

92 1562 150 47 macht
282 1564 89 45 und
404 1564 162 48 LitolfF
594 1583 44 30 es
679 1569 40 44 in
751 1569 146 48 Musik
928 1570 212 66 gesetzt!]
1273 1575 234 47 Natürlich
1550 1576 53 47 ist

89 1640 117 47 diese
239 1641 143 47 Musik
416 1642 39 47 in
489 1642 167 51 C-moll
681 1647 310 61 geschrieben,
1028 1651 84 47 wie
1136 1650 131 65 jeder
1296 1654 195 53 Marsch,
1522 1654 80 47 der

86 1717 122 47 seine
235 1718 314 67 Schuldigkeit
577 1724 62 45 als
670 1724 358 49 Trauermarsch
1061 1729 150 47 kennt.
1243 1726 119 66 [Und
1395 1731 69 47 die
1493 1732 108 46 zwei

87 1793 341 50 berühmtesten
473 1798 386 51 Trauermärsche
909 1820 81 31 von
1036 1805 346 66 Beethoven??]
1518 1809 84 47 Die

93 1871 132 48 Dur-
225 1873 174 47 Tonart
430 1873 174 50 kommt
633 1877 83 47 fast
745 1895 81 46 gar
856 1881 122 47 nicht
1006 1898 93 38 vor,
1132 1884 89 45 und
1249 1900 128 31 wenn
1409 1886 81 46 auf
1509 1889 62 43 Au-

84 1950 256 62 genblicke,
378 1967 49 32 so
460 1953 158 47 mischt
647 1955 80 47 der
757 1957 276 48 Tondichter
1074 1960 397 65 durchdringende
1503 1964 75 45 Dis-

83 2042 224 33 sonanzen
331 2028 166 56 hinein,
521 2032 275 50 schneidend
822 2036 83 47 wie
934 2036 71 48 die
1027 2037 147 49 Sichel
1206 2037 76 49 des
1306 2040 165 54 Todes,
1497 2041 109 47 oder

84 2105 98 45 eine
213 2106 350 56 schwankende,
595 2110 207 64 nebelige
835 2113 265 56 Harmonie,
1137 2115 70 47 die
1250 2116 235 62 gleichwie
1527 2117 78 47 das

84 2182 135 61 Auge
248 2181 142 47 durch
417 2183 211 49 Thränen
658 2188 289 49 verschleiert
1112 2207 43 32 u.
1183 2207 32 32 s.
1249 2209 53 30 w.
1335 2210 41 30 u.
1406 2210 31 30 s.
1470 2210 129 30 w.—

84 2257 102 47 Und
228 2276 89 29 nun
357 2259 79 47 der
470 2262 206 48 Schluss:
716 2267 124 51 „Aus
869 2266 101 48 dem
1001 2268 424 50 Zusammenfassen
1458 2270 145 48 dieser

87 2333 348 64 Bemerkungen
492 2355 146 31 muss
693 2340 80 49 der
821 2343 140 49 Leser
1017 2346 229 56 einsehen,
1301 2347 100 48 dass
1460 2348 145 47 dieser

84 2412 357 49 Trauermarsch
473 2418 198 47 eminent
699 2420 273 50 dramatisch

1358 2504 49 46 B.
1439 2504 47 46 p.

378 2658 181 71 Tages-
602 2663 98 54 und
729 2658 578 71 Unterhaltungs-Blatt.

193 2793 47 34 -9
247 2793 116 48 4011i,
396 2793 58 40 15.
482 2796 95 37 Juli.
626 2797 157 36 Gestern
812 2800 120 45 gaben
963 2801 58 35 die
1050 2803 178 35 Italiäner
1255 2817 72 22 von
1357 2805 107 36 Paris
1494 2807 84 33 Ros-

88 2854 92 33 sini
203 2865 15 22 s
535 2857 59 35 bei
637 2859 284 35 vollbesetztem
967 2863 147 42 Hause;
1156 2864 57 34 die
1254 2866 350 46 Anziehungskraft

89 2914 59 33 der
175 2916 198 35 reizenden
402 2918 128 34 Musik
560 2920 75 33 und
666 2920 57 34 die
754 2922 227 48 Erwartung
1018 2925 104 34 einer
1151 2926 267 46 vorzüglichen
1449 2928 133 33 Auffüh-

89 2986 90 33 rung
205 2975 127 35 hatten
362 2977 69 34 den
463 2979 87 46 Sieg
581 2979 92 35 über
701 2981 69 34 den
802 2981 288 38 Sonnenschein
1126 2987 77 32 und
1232 2987 68 33 den
1331 2986 137 35 blauen
1498 2988 81 33 Him-

90 3034 67 34 mel
186 3036 176 35 draussen
392 3039 318 48 davongetragen.
741 3043 71 33 Die
840 3044 224 48 Erwartung
1093 3048 126 33 wurde
1250 3048 106 34 nicht
1383 3049 220 45 getäuscht:

90 3097 131 35 Rosine
308 3101 172 34 Madame
510 3104 511 42 Demeric-Lablache,
1056 3108 199 34 Almaviva
1350 3109 137 46 Signor
1515 3111 58 33 Ba-

87 3158 133 46 ragli,
271 3161 145 34 Doctor
444 3163 151 35 Bartolo
704 3165 138 45 Signor
876 3166 298 48 Antonucci,
1221 3170 136 45 Figaro
1465 3170 135 45 Signor

87 3217 210 37 Sterbini
337 3233 122 22 waren
490 3223 240 44 vortrefflich,
771 3224 58 34 die
856 3225 131 35 beiden
1020 3234 121 28 ersten
1170 3240 95 35 ganz
1296 3229 306 46 ausgezeichnet.

85 3277 69 34 Die
182 3278 218 37 technische
430 3282 347 47 Gesangtertigkeit
819 3285 64 34 des
913 3287 143 35 Tenors
1085 3288 150 45 Baragli
1279 3290 120 45 zeigte
1440 3289 79 34 sich
1564 3291 36 32 in

83 3337 113 35 ihrem
238 3340 270 45 glänzendsten
538 3342 147 47 Lichte,
727 3344 76 34 und
832 3346 172 35 Madame
1033 3348 191 35 Lablache
1255 3361 75 21 war
1358 3351 39 31 in
1426 3350 154 34 Erschei-

82 3409 112 35 nung,
224 3401 151 46 Gesang
402 3403 77 33 und
510 3403 102 46 Spiel
652 3405 83 33 eine
765 3405 64 33 der
871 3407 232 35 reizendsten
1135 3409 177 41 Rosinen,
1355 3410 57 33 die
1458 3411 67 32 wir
1560 3412 40 42 je

80 3460 171 42 gesehen.
282 3462 73 33 Am
383 3463 262 34 schwächsten
677 3475 74 22 war
781 3464 56 35 die
865 3465 126 35 Partie
1021 3467 63 34 des
1114 3468 140 35 Basilio
1285 3469 155 46 besetzt,
1470 3470 126 34 indess

81 3528 80 38 trug
190 3522 95 34 doch
316 3523 58 34 die
403 3524 247 46 Mitwirkung
680 3525 63 35 des
772 3526 136 46 Signor
936 3527 160 35 Elzelini
1138 3542 43 21 zu
1226 3530 63 33 der
1317 3530 277 35 vortrefflichen

80 3579 245 51 Ausführung
351 3584 65 35 der
443 3585 338 35 Ensemblestücke
810 3587 65 34 das
903 3588 124 46 Ihrige
1056 3589 71 34 bei.

179 3709 87 34 Man
297 3711 166 34 schreibt
492 3723 66 24 aus
586 3713 365 34 Baden-Baden:
990 3716 65 42 „In
1082 3716 223 46 Erwartung
1333 3717 64 34 der
1416 3717 179 34 Theater-

78 3769 144 44 Saison,
251 3770 144 35 welche
423 3783 59 22 am
513 3770 57 38 15.
602 3773 82 34 Juli
711 3772 166 47 beginnt,
922 3775 93 34 wird
1054 3776 249 34 mittlerweile
1340 3778 59 33 für
1442 3777 59 34 die
1530 3779 44 33 Er-

75 3832 165 45 götzung
270 3832 64 34 der
358 3833 115 35 Gäste
503 3835 117 35 durch
645 3835 183 35 Concerte
858 3847 66 23 zur
947 3836 156 47 Genüge
1134 3837 115 46 Sorge
1278 3844 193 41 getragen.
1501 3839 76 35 Seit-

76 3889 63 35 her
166 3891 137 36 liessen
332 3894 82 34 sich
441 3894 140 36 bereits
610 3896 140 34 hören:
782 3896 65 34 der
875 3896 177 35 Violinist
1080 3897 124 35 Heer
1214 3910 131 22 mann
1376 3901 68 32 mit
1472 3901 124 33 seiner

76 3951 211 46 Gemahlin,
317 3954 58 34 die
405 3956 84 33 eine
513 3962 90 40 gute
625 3957 323 47 Harfenspielerin
972 3959 66 42 ist;
1070 3958 64 34 der
1153 3958 265 36 Violoncellist
1447 3960 117 34 Onds-

75 4010 129 46 horn;
235 4014 59 34 die
317 4014 177 35 Fräulein
780 4018 76 34 und
885 4019 196 46 Organi,
1110 4019 275 35 Schülerinnen
1407 4021 63 33 der
1487 4021 84 33 Viar-

74 4071 73 42 dot,
178 4075 76 33 und
285 4076 57 34 die
374 4077 139 34 wiener
543 4077 184 45 Sängerin
757 4079 176 35 Fräulein
965 4080 224 35 Caroline
1219 4080 254 35 Pruckner.
1519 4080 69 35 Die

1702 268 190 35 Matineen
1936 272 61 33 des
2027 274 203 36 Fräuleins*
2262 277 132 36 Elise
2435 280 147 46 Lang,
2624 284 161 35 welches
2825 287 109 34 einen
2977 289 231 44 gemischten

1703 327 228 37 Chorverein
1973 333 181 43 gründete
2199 338 73 31 und
2317 340 66 31 mit
2423 340 213 36 demselben
2673 343 304 37 allwöchentlich
3008 348 82 33 eine
3120 349 66 33 Pro-

1701 386 152 35 duetion
1885 388 138 45 abhält,
2053 392 82 33 sind
2164 394 83 34 sehr
2274 395 167 37 besucht.
2474 400 74 33 Der
2568 401 176 35 Violinist
2768 404 208 36 Leonard
3004 407 75 33 und
3108 408 101 33 seine

1701 447 109 44 Frau,
1855 450 82 32 eine
1966 451 163 43 perfecte
2158 453 194 47 Sängerin,
2398 458 81 33 sind
2509 470 45 22 zu
2583 460 208 36 Concerten
2822 465 257 45 eingetroffen.
3139 468 71 32 Die

1702 507 249 34 mannheimei
2002 509 152 46 Capelle
2195 518 108 29 unter
2343 515 215 36 Lachner
2582 530 17 22 s
2642 520 160 46 Leitung
2846 522 146 46 begann
3039 526 170 44 Anfangs

1701 566 81 33 Juli
1809 567 80 33 ihre
1919 568 194 38 Conceite.
2168 573 73 32 Aul
2287 574 70 34 den
2387 576 235 45 Repertoires
2658 579 92 35 aller
2783 581 120 35 dieser
2929 584 281 36 Productionen

1699 625 115 34 findet
1856 637 85 23 man
1985 627 57 34 die
2086 629 125 35 besten
2254 632 162 35 Namen:
2459 636 227 45 Beethoven,
2730 639 159 44 Mozart,
2930 642 279 43 Mendelssohn,

1701 684 197 48 Schubert,
1927 688 226 35 Schumann.
2260 692 147 35 Rubin
2420 695 144 43 stein,
2608 697 64 34 der
2713 699 77 33 sich
2836 700 78 34 hier
2941 701 171 42 befindet,
3162 703 48 33 ist

1699 745 103 33 nicht
1833 758 44 21 zu
1907 747 190 47 bewegen,
2127 750 192 35 öffentlich
2349 765 45 22 zu
2423 755 156 44 spielen,
2623 757 167 46 dagegen
2819 760 80 45 gibt
2928 773 48 29 er,
3012 761 197 45 gleichwie

1699 803 48 34 im
1778 807 156 44 vorigen
1963 808 128 45 Jahre,
2129 810 113 43 jeden
2272 810 169 48 Sonntag
2472 813 208 48 Vormittag
2720 817 59 33 bei
2820 818 79 33 sich
2937 820 251 35 Concert-Vor-

1699 867 105 42 träge
1824 876 83 24 zum
1931 868 148 42 Besten,
2110 881 44 22 zu
2184 869 166 35 welchen
2380 873 79 33 sich
2491 874 57 33 die
2569 874 96 35 Elite
2695 875 62 34 der
2787 877 250 36 Gesellschaft
3067 881 144 45 drängt,

1701 924 207 35 Aehnliche
1939 927 168 34 Genüsse
2149 929 92 33 wird
2283 930 220 36 demnächst
2545 934 96 33 auch
2684 936 58 33 die
2784 937 190 34 feierliche
3005 940 206 45 Eröffnung

1701 984 62 34 des
1793 986 251 37 Musiksaales
2087 989 63 34 der
2187 991 97 33 trau
2317 992 16 31 \
2357 992 395 47 iardot-Garcia,
2793 997 69 35 den
2892 999 53 33 sie
2975 1000 78 33 sich
3085 1001 128 44 eigens

1701 1046 160 34 erbauen
1892 1048 87 34 liess
2014 1049 76 34 und
2119 1050 57 34 die
2206 1051 49 33 im
2285 1052 182 34 nächsten
2497 1055 152 36 Monate
2679 1058 96 34 Statt
2817 1059 123 34 finden
2981 1060 102 43 wird,
3127 1058 60 37 dar-

2544 1161 12 33 !
2568 1161 25 33 iL

1802 1226 269 48 •ÖFCSfldl}
2103 1233 32 31 S.
2166 1232 94 36 Juli.
2291 1234 188 35 Nachdem
2509 1237 57 33 die
2595 1239 153 35 inneren
2779 1241 324 36 Räumlichkeiten
3137 1255 44 22 un-

1701 1298 99 22 seres
1831 1288 240 36 Holtheaters
2101 1302 82 22 zum
2213 1305 155 32 grossen
2401 1296 130 34 Theile
2560 1300 165 33 renovirt
2754 1300 147 34 worden
2932 1302 83 33 sind
3044 1303 75 34 und
3148 1305 42 32 da-

1703 1347 115 34 durch
1849 1349 81 33 eine
1960 1350 150 44 längere
2143 1352 310 49 Unterbrechung
2493 1357 64 33 der
2596 1358 292 47 regelmässigen
2918 1361 292 49 Vorstellungen

1701 1408 133 45 nöthig
1863 1410 137 42 wurde,
2032 1411 116 33 haben
2172 1413 189 35 dieselben
2392 1417 47 32 im
2470 1428 73 23 neu
2573 1417 207 36 decorirten
2804 1420 128 34 Hause
2961 1432 57 22 am
3039 1419 60 39 28.
3120 1423 92 34 Juni

1701 1469 139 34 wieder
1880 1470 210 46 begonnen.
2147 1473 94 34 Dem
2277 1476 165 45 jetzigen
2475 1478 247 34 Intendanten
2752 1479 123 35 Herrn
2905 1492 72 22 von
3008 1482 205 34 Könneritz

1699 1529 133 45 gehört
1860 1533 198 44 unstreitig
2088 1533 64 33 das
2181 1533 197 37 Verdienst
2414 1547 59 33 au,
2518 1538 114 33 durch
2663 1540 242 45 Regsamkeit
2940 1541 74 33 und
3044 1541 174 35 Umsicht

1702 1592 178 33 manches
1909 1596 231 42 Stereotype,
2182 1594 203 36 besonders
2427 1598 35 31 in
2493 1598 177 34 Hinsicht
2705 1601 66 32 auf
2796 1602 215 44 Repertoire
3041 1602 75 33 und
3148 1613 42 22 an-

1702 1650 84 34 dere
1816 1655 151 30 äussere
1998 1653 309 45 Einrichtungen,
2338 1656 282 37 durchorochen
2651 1672 45 21 zu
2724 1660 133 38 haben.
2888 1662 48 33 Es
2964 1663 83 33 sind
3077 1664 35 32 in
3143 1662 71 35 den

1700 1711 137 34 letzten
1868 1713 141 34 Jahren
2042 1714 143 33 sowohl
2214 1715 59 33 für
2301 1715 100 46 Oper
2428 1717 53 34 als
2512 1719 219 45 Schauspiel
2769 1721 209 35 bedeutend
3008 1723 104 34 mehr
3140 1723 49 34 No-

1701 1773 141 32 vitäten
1872 1773 36 32 in
1933 1773 118 33 Scene
2072 1784 208 34 gegangen,
2311 1775 53 33 als
2393 1777 137 47 früher,
2561 1789 108 23 wenn
2698 1780 95 33 auch
2823 1781 166 34 mehrere
3018 1781 194 35 derselben

1702 1841 69 23 nur
1799 1834 59 31 ein
1889 1843 87 35 paar
2004 1832 75 33 Mal
2110 1832 81 33 dem
2221 1833 198 36 Publicum
2450 1839 218 43 vorgeführt
2707 1839 146 34 werden
2890 1840 179 44 konnten,
3116 1841 97 34 ohne

1702 1891 187 34 dauernde
1918 1891 215 35 Aufnahme
2161 1905 46 21 zu
2234 1893 137 36 finden.
2426 1897 54 33 Zu
2524 1897 119 34 dieser
2684 1899 228 43 Liberalität,
2958 1900 142 34 welche
3145 1901 68 34 den

1704 1952 162 33 Werken
1910 1952 63 32 der
2003 1952 156 33 Neuzeit
2201 1952 71 34 den
2303 1955 136 33 Zutritt
2482 1956 225 43 erleichtert,
2748 1959 134 44 gesellt
2924 1961 79 33 sich
3048 1961 87 33 aber
3178 1963 36 31 in

1703 2013 122 32 Herrn
1856 2024 74 21 von
1959 2012 207 33 Könneritz
2195 2013 98 33 auch
2312 2014 123 34 Pietät
2463 2016 77 34 und
2568 2017 220 47 sorgfältige
2809 2020 178 33 Auswahl
3016 2022 58 32 für
3102 2021 116 35 ältere

1703 2072 165 42 Meister,
1899 2072 176 33 wodurch
2107 2083 68 22 uns
2205 2072 157 34 hiervon
2382 2074 179 36 Manches
2590 2088 73 22 neu
2693 2081 278 43 entgegentritt,
3003 2080 64 34 das
3096 2079 124 47 längst

1703 2130 188 46 begraben
1938 2130 140 34 schien.
2135 2130 48 34 So
2225 2130 109 35 sollte
2376 2133 81 33 dem
2497 2135 234 35 Vernehmen
2773 2138 97 33 nach
2914 2139 57 33 die
3014 2140 100 45 Oper
3154 2141 66 32 mit

1704 2189 157 34 Gluck's
1893 2217 15 19 r
1917 2190 150 34 Alceste
2075 2193 7 13 t
2084 2198 6 8 *
2124 2191 137 34 wieder
2289 2193 156 34 eröffnet
2477 2195 157 43 werden,
2668 2207 73 23 was
2770 2196 116 35 leider
2917 2199 115 34 durch
3062 2201 59 32 ein
3143 2201 50 33 Un-

1704 2248 180 35 wohlsein
1914 2250 64 33 der
2006 2251 97 32 Frau
2133 2251 223 46 Bürde-Ney
2394 2254 215 35 verhindert
2637 2256 151 34 worden
2827 2259 57 33 ist.
2941 2259 152 34 Möchte
3123 2260 95 34 doch

1703 2320 134 23 unsere
1866 2309 223 35 allverehrte
2123 2311 127 33 Prima
2279 2312 148 46 Donna,
2470 2314 112 35 deren
2613 2317 495 47 Darstellungs-Vermögen
3138 2321 80 33 sich

1703 2381 39 22 so
1782 2370 210 34 bedeutend
2034 2372 170 33 entfaltet
2245 2373 62 33 hat
2350 2375 75 33 und
2467 2376 111 34 deren
2622 2378 243 34 musterhafte
2901 2378 229 48 Leistungen
3161 2380 59 34 bei

1704 2431 207 35 eminenter
1940 2433 320 46 Kunstfertigkeit
2301 2442 91 27 stets
2434 2438 172 34 einfache
2638 2440 136 32 Grösse
2818 2439 75 34 und
2924 2440 272 45 Ungekünstelt-

1703 2492 76 33 heit
1807 2493 299 43 kennzeichnen,
2150 2495 79 33 sich
2274 2496 83 34 bald
2402 2498 138 34 wieder
2583 2499 62 34 des
2683 2499 125 34 vollen
2852 2500 368 46 Stimmgebrauches

1703 2554 73 32 und
1807 2554 102 33 einer
1938 2558 243 41 ungestörten
2213 2557 232 34 Gesundheit
2482 2560 189 33 erfreuen!
2729 2560 75 33 Der
2835 2560 292 36 Ileldeu-Tcnor
3154 2563 64 34 des

1703 2613 123 35 Herrn
1869 2615 252 34 Tichatschek
2164 2616 130 46 glänzt
2336 2619 132 34 immer
2508 2620 97 33 noch
2646 2622 35 31 in
2713 2622 337 34 unverwüstlicher
3076 2622 119 47 Klang-

1702 2673 109 34 kratt.
1868 2674 125 34 Neben
2033 2675 75 34 ihm
2151 2676 48 33 ist
2241 2678 36 31 in
2311 2678 121 33 Herrn
2464 2679 164 34 Schnorr
2658 2692 70 21 von
2759 2680 213 35 Karoisfeld
3009 2683 59 33 ein
3098 2683 96 34 Nach-

1701 2734 122 46 folger
1851 2735 228 44 erwachsen,
2107 2735 74 43 der,
2212 2748 73 22 von
2315 2737 288 36 dramatischem
2625 2740 124 34 Leben
2773 2741 74 33 und
2869 2741 100 34 edler
2989 2744 228 46 Auffassung

1702 2795 152 43 beseelt,
1884 2796 116 34 schon
2030 2796 95 34 viele
2154 2797 205 34 wahrhafte
2388 2800 206 45 Triumphe
2624 2813 184 34 ersungen
2839 2803 75 33 hat.
2951 2803 97 34 Herr
3075 2805 123 33 Mitter-

1703 2868 144 22 wurzer
1872 2857 184 45 (Bariton)
2101 2858 75 32 und
2217 2859 98 33 Frau
2357 2859 341 36 Krebs-Michalesi
2727 2862 327 47 (Mezzo-Sopran)
3098 2864 117 34 haben

1701 2918 79 33 sich
1823 2918 68 33 auf
1927 2918 116 35 ihrem
2084 2918 305 36 künstlerischen
2432 2921 256 46 Höhepunkte
2736 2923 179 35 erhalten.
2971 2925 106 33 Auch
3120 2925 100 34 Frau

1701 2977 275 35 Jauner-Krall
2004 2980 108 33 weiss
2141 2981 96 32 noch
2268 2982 66 32 mit
2362 2981 215 35 demselben
2609 2984 171 34 Liebreiz
2810 2994 45 23 zu
2884 2984 150 34 fesseln,
3064 2984 63 34 der
3156 2996 60 23 um

1701 3049 40 22 so
1772 3038 209 34 dauernder
2010 3039 122 46 wirkt,
2167 3040 40 44 je
2237 3040 228 35 natürlicher
2507 3054 38 22 er
2588 3044 198 34 erscheint.
2846 3045 80 33 Von
2956 3045 69 33 den
3055 3043 160 47 übrigen

1702 3098 401 47 Opern-Mitgliedern,
2147 3099 141 35 welche
2332 3102 175 34 meistens
2552 3103 72 34 alle
2667 3103 85 35 sehr
2788 3104 211 34 brauchbar
3025 3104 85 34 sind
3140 3105 76 34 und

1701 3171 73 22 von
1806 3160 116 34 denen
1953 3162 122 45 einige
2103 3162 37 32 in
2171 3162 63 34 der
2261 3163 158 34 Neuzeit
2446 3166 217 44 geeigneter
2706 3166 213 34 verwendet
2958 3165 158 43 werden,
3159 3165 56 35 als

1701 3226 115 36 sonst,
1859 3232 54 22 sei
1942 3221 173 34 Fräulein
2145 3221 203 36 Alvsleben
2394 3225 95 32 noch
2535 3227 277 43 vorzugsweise
2855 3226 177 35 erwähnt.
3088 3226 125 34 Schon

1699 3280 126 33 früher
1861 3280 229 46 besprachen
2122 3283 66 32 wir
2216 3282 58 33 die
2304 3283 291 45 Eigenschaften
2639 3286 98 33 ihres
2780 3285 121 33 hohen
2933 3287 176 44 Soprans,
3150 3286 65 34 der

1698 3340 106 34 nicht
1831 3339 100 35 bloss
1960 3341 64 33 das
2053 3341 271 45 Krystallhelle
2354 3355 83 21 zum
2468 3344 206 35 Merkmale
2703 3345 75 44 hat,
2808 3345 161 34 sondern
3001 3346 82 33 eine
3113 3356 100 24 zarte

1698 3401 106 34 Fülle
1835 3402 75 33 und
1939 3402 162 44 reichen,
2131 3403 287 34 schmelzenden
2452 3405 191 34 Wohllaut
2684 3406 136 46 gerade
2863 3407 37 32 in
2944 3405 64 35 der
3050 3406 161 35 höheren

1696 3461 101 46 Lage
1826 3462 228 44 entwickelt,
2099 3475 74 23 was
2202 3463 82 34 dem
2317 3464 172 47 Gesänge
2527 3465 231 36 besonderen
2789 3468 88 32 Reiz
2907 3466 170 35 verleiht.
3134 3468 81 34 Wir

1697 3523 248 33 wiederholen
1978 3523 69 34 den
2079 3524 182 46 Wunsch,
2305 3525 83 34 dass
2428 3528 82 32 eine
2551 3529 223 44 gesteigerte
2819 3529 271 44 Begeisterung
3130 3529 80 34 sich

1694 3583 99 34 noch
1823 3583 69 34 den
1921 3584 293 46 Darstellungen
2258 3585 119 34 dieses
2412 3587 146 46 jungen
2588 3588 390 45 Bühnen-Mitgliedes
3017 3589 192 44 mittheile,

1696 3645 115 33 damit
1839 3646 52 32 sie
1921 3646 270 34 dramatischer
2213 3647 146 33 werden
2384 3648 188 47 möchten,
2604 3661 60 21 um
2694 3661 39 22 so
2764 3649 115 41 mehr,
2909 3648 54 34 als
2990 3649 216 45 glückliche

1693 3705 353 47 Auffassungskraft
2074 3707 214 34 vorhanden
2330 3709 58 42 ist,
2433 3709 142 34 welche
2618 3710 117 34 durch
2775 3720 127 36 grosse
2945 3709 265 36 musicalische

1693 3765 212 36 Sicherheit
1934 3771 225 32 unterstützt
2188 3769 101 36 wird.
2792 3770 40 35 L.
2862 3770 55 44 N.,
2946 3769 82 47 geb.
3058 3770 46 34 K.

1799 3890 183 37 Wien«
2037 3891 188 34 Eduard
2266 3890 152 35 Hansl
2428 3892 38 34 ic
2480 3892 23 33 k
2545 3892 160 33 befindet
2747 3892 79 33 sich
2870 3892 96 34 auch
3001 3901 106 25 unter
3135 3892 70 34 den

1689 3953 176 35 früheren
1895 3953 257 34 Mitarbeitern
2182 3953 64 34 der
2517 3953 139 34 welche
2699 3951 62 35 der
2801 3952 127 34 Fahue
2973 3953 63 34 des
3077 3953 122 33 Herrn

1690 4016 123 46 Zang
1842 4016 105 34 nicht
1976 4016 129 46 länger
2134 4028 46 22 zu
2209 4016 127 46 folgen
2365 4030 192 33 gesonnen
2587 4018 79 34 sind
2698 4019 74 33 und
2802 4021 58 32 ein
2892 4031 113 22 neues
3027 4019 99 33 Blatt
3154 4019 50 33 im

1689 4089 154 36 grossen
1873 4078 91 33 Stile
1993 4078 167 46 gründen
2185 4078 148 38 wollen.
2368 4080 78 33 Wir
2475 4079 183 35 bedauern
2691 4080 126 34 diesen
2847 4080 232 46 vorläufigen
3102 4083 97 32 Aus-
