3500 4379
1623 77 94 49 181

234 216 72 47 Da
336 214 82 47 wir
449 231 83 32 von
563 214 183 49 Gluck's
775 214 335 65 Rinderjahren
1150 213 89 48 und
1278 214 146 49 seiner
1456 216 153 48 Vorbil-

120 294 123 61 dung
271 308 100 30 zum
397 292 200 47 Musiker
626 307 49 32 so
705 300 81 55 gut
814 292 85 47 wie
929 292 143 47 nichts
1101 291 178 57 wissen,
1307 307 48 32 so
1387 291 250 64 phantasirt

118 371 134 48 Marx
280 385 52 30 zu
362 367 85 49 den
474 368 206 65 wenigen
701 368 228 64 Angaben
952 367 222 49 Schmid's
1197 383 82 50 gar
1301 368 216 48 Manches
1541 368 72 48 hin-

117 465 70 38 zu,
230 461 93 33 was
352 446 123 48 nicht
505 446 182 64 billigen
717 446 138 57 kann,
901 462 94 32 wer
1032 446 273 64 abgesagter
1335 446 141 47 Feind
1519 447 120 48 nicht

120 524 120 47 bloss
284 521 81 49 der
404 523 355 48 neumodischen
789 522 485 65 Roman-Biographik
1303 521 80 49 der
1410 523 232 56 Rünstler,

117 598 196 52 sondern
351 599 115 49 auch
497 601 77 47 des
604 599 374 50 divinatorischen
1011 601 327 47 Herauslesens
1378 599 120 50 ihres
1528 602 81 47 Ent-

120 677 425 66 wicklungsganges
574 694 83 31 aus
685 677 128 48 ihren
842 682 209 59 späteren
1075 677 211 49 Werken
1315 678 66 48 ist.
1415 678 116 48 Was
1551 678 65 48 sol-

120 757 70 47 len
220 769 83 32 uns
331 754 186 59 Stellen,
548 754 85 48 wie
663 753 235 65 folgende:

245 830 164 55 „Nicht
449 829 383 66 Weidenwang,.
855 830 123 49 nicht
1024 832 273 48 Neuschloss
1347 829 167 50 konnte
1559 829 80 50 der

118 907 162 49 Kleine
309 908 65 47 als
402 908 122 48 seine
553 908 188 49 Heimat
769 908 259 65 empfinden
1058 908 172 57 lernen,
1260 908 80 48 der
1371 907 143 49 Wald
1543 923 96 32 war

118 1001 64 40 es,
212 984 80 48 der
325 985 143 49 Wald
511 987 79 47 mit
629 987 154 47 seinen
812 984 358 50 träumerischen
1199 985 216 49 Schatten
1446 1002 43 30 u.
1517 1001 33 31 s.
1581 1001 56 31 w.

117 1064 97 47 Der
243 1069 203 42 trautere
477 1064 331 64 Tummelplatz
839 1063 113 48 wird
986 1063 119 48 wohl
1134 1063 82 48 der
1246 1062 141 49 Wald
1429 1078 210 48 gewesen

117 1139 94 48 sein
231 1139 80 47 mit
324 1140 154 47 seinen
496 1139 335 57 Waldbeeren,
855 1139 80 48 mit
954 1140 152 47 seinen
1127 1139 292 57 Verstecken,
1439 1156 70 30 wo
1533 1154 106 32 man

118 1216 87 49 den
228 1215 331 66 Vogelnestern
581 1216 305 65 nachspüren,
915 1215 103 50 dem
1043 1216 130 50 Wild
1195 1218 82 47 auf
1301 1216 148 49 ferner
1474 1214 130 51 Wald-

120 1294 133 47 wiese
282 1293 233 57 lauschen,
553 1310 71 32 wo
652 1312 137 30 unser
819 1294 260 66 Christoph,
1126 1310 132 32 wenn
1287 1310 49 32 er
1364 1294 132 47 allein
1527 1309 112 40 war,

120 1371 296 49 träumerisch
440 1371 152 65 jenem
624 1373 241 48 Rauschen
908 1373 92 47 und
1039 1373 135 48 leisen
1204 1371 106 49 Hall
1339 1370 301 64 nachhangen

121 1449 185 56 konnte,
334 1448 71 49 die
436 1455 132 42 unter
591 1449 80 48 der
694 1449 324 49 Heimlichkeit
1046 1449 80 47 der
1157 1448 253 49 brütenden
1434 1448 178 63 Mittags-

120 1543 156 40 sonne,
305 1533 133 42 unter
466 1526 103 49 dem
593 1528 196 48 Hauche
817 1526 81 50 der
927 1526 333 49 erwachenden
1284 1524 278 49 Abendlüfte
1590 1542 49 30 so

120 1604 297 63 ahnungsvoll
447 1604 143 48 durch
620 1604 86 48 den
737 1604 145 49 Wald
908 1604 171 48 ziehen.
1118 1603 225 49 Niemand
1373 1604 78 48 hat
1479 1603 75 47 ihn
1584 1601 57 49 da

120 1680 289 57 beobachtet,
438 1681 228 50 Niemand
700 1681 145 50 davon
886 1681 186 57 erzählt;
1117 1698 49 32 er
1193 1680 150 50 selber
1369 1681 70 56 ist,
1481 1695 48 33 so
1559 1679 81 48 viel

120 1759 82 47 wir
230 1759 179 57 wissen,
436 1759 93 48 sich
559 1759 158 49 dessen
746 1760 188 48 niemals
962 1759 269 49 erinnerlich
1261 1773 224 51 gewesen.
1515 1755 127 49 Aber

118 1837 83 46 viel
230 1839 167 61 später,
437 1837 65 47 als
531 1854 48 30 er
606 1837 150 65 längst
783 1854 81 32 aus
893 1836 102 50 dem
1026 1836 272 48 heimlichen
1329 1836 133 47 Forst
1489 1835 43 47 in
1562 1834 79 48 das

120 1914 214 49 Getreibe
366 1912 90 50 und
487 1915 232 48 Geräusch
748 1914 82 49 der
858 1914 171 57 Städte,
1073 1930 80 32 aus
1181 1914 103 48 dem
1315 1912 221 49 Schoosse
1565 1911 76 50 des

117 1990 308 49 Naturlebens
452 1991 83 48 auf
558 1991 71 50 die
657 1992 264 49 naturferne
934 1991 244 50 —damals
1199 1991 81 48 der
1300 1991 147 48 Natur
1466 2006 49 32 so
1540 1990 104 48 weit

120 2067 283 65 abgerückte
431 2069 114 48 Hof-
578 2069 93 49 und
700 2070 310 48 Theaterwelt
1039 2067 333 66 übergesiedelt
1401 2084 112 32 war:
1560 2066 81 48 viel

117 2150 151 60 später
287 2145 97 47 sind
402 2145 108 65 jene
527 2146 280 57 Waldhalle,
828 2147 108 64 jene
964 2146 139 47 leisen
1132 2145 91 48 und
1251 2163 50 30 so
1325 2144 316 63 übermächtig

118 2221 80 50 das
226 2229 270 40 naturtreue
524 2224 121 45 Herz
673 2222 263 49 rührenden
966 2221 266 48 Liebesrufe
1270 2220 93 48 und
1401 2220 239 65 geheimen

118 2299 186 49 Seufzer
333 2299 43 46 in
405 2299 94 48 ihm
524 2299 170 48 wieder
717 2299 129 49 wach
870 2299 264 64 geworden,
1164 2297 92 50 und
1286 2315 49 32 er
1363 2297 79 48 hat
1467 2297 62 48 sie
1557 2297 64 47 sei-

118 2392 88 34 nen
224 2375 328 67 Schöpfungen
574 2376 323 65 eingehaucht,
920 2392 71 34 wo
1015 2391 47 33 es
1084 2376 110 65 galt,
1222 2391 164 33 unsere
1407 2373 237 51 Ureinheit

120 2453 81 50 mit
228 2452 80 48 der
337 2453 171 49 Mutter
535 2453 149 50 Natur
712 2453 170 49 wieder
910 2453 311 49 herzustellen.
1263 2452 156 48 Nichts
1447 2452 109 64 geht
1584 2451 58 48 im

120 2530 351 49 Künstlerleben
496 2532 222 56 verloren,
747 2531 93 48 und
868 2531 161 56 nichts,
1060 2546 92 33 was
1181 2531 44 47 in
1254 2528 207 50 dasselbe
1489 2528 128 65 einge-

121 2625 197 49 gangen,
348 2607 144 50 bleibt
517 2625 50 32 so
596 2608 136 50 leicht
756 2608 366 64 verschwiegen;
1160 2608 108 49 alles
1294 2607 190 48 Erlebte
1513 2606 131 48 kehrt

120 2688 43 49 in
192 2686 88 49 den
309 2686 366 66 Kunstgebilden
714 2686 183 49 wieder.
949 2687 116 47 Jene
1101 2685 317 64 Naturklänge
1458 2683 183 49 werden

124 2767 81 47 wir
247 2765 105 48 weit
390 2768 151 63 später
582 2766 60 47 im
684 2765 215 66 Orpheus
943 2762 92 50 und
1077 2762 201 51 anderen
1319 2762 322 66 Schöpfungen

237 2921 139 65 Möge
399 2936 46 32 es
468 2920 80 49 der
571 2920 208 49 verehrte
797 2918 233 50 Verfasser
1054 2935 82 33 uns
1159 2918 121 49 nicht
1302 2917 105 50 übel
1429 2916 213 56 nehmen,

122 2998 84 49 wir
234 2997 218 65 glauben,
483 2997 102 50 dass
612 2997 82 48 der
722 2996 147 49 kleine
894 2998 169 63 Junge,
1106 2996 81 48 der
1225 2996 59 47 im
1327 2994 183 50 Winter
1540 2993 101 48 dem

124 3077 138 48 Vater
282 3074 177 49 barfuss
477 3074 370 67 dasJagdgeräth
864 3074 279 65 nachtragen
1160 3081 184 47 musste,
1362 3069 280 51 wieSchmid

117 3154 184 58 erzählt,
324 3152 87 51 den
433 3152 144 51 Wald
600 3152 373 49 wahrscheinlich
1002 3152 117 49 öfter
1145 3151 302 57 verwünscht,
1475 3151 63 47 als
1562 3148 53 50 da-

120 3232 76 48 für
224 3231 306 66 geschwärmt
559 3231 92 48 hat.
685 3229 132 50 Eben
845 3247 49 32 so
922 3231 178 48 schwer
1129 3228 179 50 können
1340 3228 81 47 wir
1452 3243 81 31 uns
1562 3226 52 49 da-

120 3325 82 33 von
233 3308 310 65 überzeugen,
571 3307 102 49 dass
698 3308 146 48 Gluck
873 3307 86 48 den
1001 3304 381 66 „bedrängenden

120 3386 77 48 des
226 3384 353 65 Schulzwanges
614 3386 84 48 auf
728 3384 103 49 dem
860 3383 525 66 Jesuiten-Gymnasium
1414 3398 52 31 zu
1499 3382 106 47 Kom-

122 3472 154 39 motau
305 3462 304 66 „empfunden
633 3462 151 49 haben
1077 3461 90 48 und
1193 3459 100 50 dass
1321 3459 117 56 „ihm
1463 3458 151 48 lebens-

121 3541 104 64 lang
254 3539 71 50 die
352 3539 159 50 Narbe
539 3539 81 49 der
643 3541 183 47 Fesseln
855 3538 259 66 geblieben,
1142 3538 71 48 die
1242 3555 49 30 er
1320 3538 42 47 in
1391 3535 147 49 seiner
1559 3537 54 45 Ju-

120 3618 205 64 gendzeit
692 3633 94 32 was
828 3618 134 48 Marx
1014 3632 109 42 „aus
1164 3615 167 47 seinem
1376 3613 264 56 Verhalten,

120 3694 137 50 selbst
292 3712 82 32 aus
402 3696 230 48 einzelnen
658 3696 160 64 Zügen
856 3694 148 48 seiner
1278 3690 44 65 (!)
1353 3689 286 51 nachweisen

122 3773 102 48 will.
254 3773 107 48 Wir
386 3773 99 48 sind
515 3773 237 66 neugierig
781 3772 80 49 auf
886 3772 120 49 diese
1033 3770 350 64 Nachweisung.

233 3850 96 49 Der
378 3850 212 65 folgende
638 3849 267 51 Abschnitt:
967 3849 131 57 „Die
1140 3845 360 65 Ausbildung
1542 3844 98 50 des

487 3927 120 49 kann
630 3927 118 49 eben
770 3943 49 33 so
844 3928 149 65 wenig
1023 3927 63 48 als
1108 3924 82 51 der
1211 3923 151 65 vorige
1391 3923 83 48 auf
1495 3922 120 48 siche-

122 4019 79 33 ren
243 4003 289 51 Thatsachen
577 4004 164 50 fussen.
784 4005 118 49 Dass
931 4002 330 52 Sammartini's
1296 3999 259 51 Unterricht
1594 3999 45 48 in

1710 217 195 49 Mailand
1926 217 162 65 (1T29
2102 219 234 66 —1741)
2355 219 84 50 den
2462 223 189 65 Zögling
2675 224 57 49 im
2757 226 318 65 Contrapunkt
3095 230 122 48 nicht

1710 292 115 49 eben
1855 294 105 47 weit
1987 294 218 65 gebracht
2233 298 149 48 haben
2412 313 121 47 mag,
2556 299 118 49 hätte
2697 302 132 48 Marx
2857 303 139 47 schon
3025 320 82 31 aus
3135 304 78 49 der

1711 371 293 64 Aeusserung
2032 373 214 48 lländel's
2286 374 115 49 über
2431 374 142 47 Gluck
2611 376 68 48 bei
2711 377 153 49 dessen
2893 381 326 48 Anwesenheit

1711 448 42 47 in
1783 448 192 48 London
2006 447 163 65 (IT45
2181 452 182 65 —46):
2403 451 254 58 „Goddam,
2695 453 79 48 der
2801 457 194 48 versteht
3023 457 115 48 eben
3166 475 50 31 so

1711 524 80 47 viel
1819 541 100 30 vom
1952 525 331 65 Contrapunkt,
2312 529 84 47 wie
2426 528 118 48 mein
2794 529 211 69 (Burney,

1716 600 205 60 Handel,
1950 600 157 60 1785,
2136 604 45 48 S.
2211 603 87 65 42)
2330 605 339 64 argumentiren
2699 605 192 50 können.
2920 609 64 47 Er
3011 612 129 47 sucht
3168 628 45 32 es

1711 679 216 64 übrigens
1955 697 79 30 aus
2059 680 180 49 Gluck's
2261 682 75 48 De
2354 680 255 69 profundis
2636 701 50 30 zu
2719 683 246 57 beweisen;
2994 703 84 31 nur
3099 697 118 55 passt

1710 755 71 49 die
1809 757 197 64 Analyse
2034 757 142 49 dieses
2206 758 214 57 Werkes,
2453 759 78 48 das
2570 760 99 47 eine
2698 760 79 49 der
2804 764 221 61 spätesten
3055 764 134 48 Arbei-

1710 840 75 40 ten
1820 832 78 48 des
1935 833 204 48 Meisters
2181 834 68 56 ist,
2291 835 121 47 nicht
2454 837 127 47 recht
2618 837 170 48 hieher.
2848 837 128 49 Noch
3019 840 198 64 weniger

1711 909 182 48 können
1935 910 82 47 wir
2060 927 80 32 aus
2181 910 81 49 der
2304 928 316 48 angezogenen
2650 914 152 57 Stelle,
2845 915 41 46 in
2924 915 194 49 welcher
3149 917 70 48 die

1714 988 188 47 Worte:
1943 986 103 56 „De
2070 986 261 68 profundis
2592 1026 12 19 ,
2633 990 340 50 wiederkehren
3015 993 92 48 und
3147 995 70 47 ein

1710 1064 174 48 Anlauf
1918 1082 105 38 „zur
2053 1065 238 48 Dramatik
2331 1064 76 48 des
2648 1083 271 47 genommen
2948 1070 128 56 wird,
3118 1073 98 47 eine

1711 1140 373 65 Rechtfertigung
2109 1141 76 49 des
2201 1141 230 49 Schlusses
2454 1140 169 59 finden,
2650 1141 80 49 der
2752 1143 42 47 in
2817 1143 81 48 der
2919 1145 294 65 Anmerkung

1712 1216 61 65 (S.
1805 1216 89 66 28)
1938 1218 167 48 daraus
2142 1235 200 49 gezogen
2384 1218 133 48 wird:
2572 1219 135 56 „Dies
2735 1220 123 48 Alles
2884 1229 101 56 sagt
3011 1221 102 50 dem
3145 1224 75 48 für

1711 1294 147 48 Musik
1889 1295 269 48 Erweckten
2196 1295 139 48 schon
2371 1295 342 50 unmittelbares
2742 1296 289 65 Empfinden.
3071 1300 149 48 Allein

1711 1373 265 63 gegenüber
2023 1373 79 47 der
2148 1374 118 63 ewig
2313 1373 323 48 wiederholten
2683 1374 256 58 Annahme,
2994 1376 100 47 dass
3149 1378 70 48 die

1712 1449 202 63 Sprache
1942 1449 80 48 der
2050 1450 127 47 Töne
2219 1449 150 48 keines
2413 1449 348 48 bestimmten
2793 1451 262 49 Ausdrucks
3094 1454 123 65 fähig

1715 1526 90 47 und
1834 1526 376 48 Erkenntniss
2238 1528 147 46 ihres
2415 1526 213 48 Inhalts
2666 1528 121 46 nicht
2813 1545 51 31 zu
2895 1530 213 64 erlangen
3138 1533 78 52 sei,

1712 1602 173 49 scheint
1912 1620 45 31 es
1985 1604 122 47 nicht
2135 1604 287 63 überflüssig,
2453 1604 81 48 auf
2556 1604 119 48 diese
2697 1605 295 48 Erkenntniss
3023 1608 74 47 hin
3128 1609 89 47 und

1715 1680 167 48 wieder
2385 1681 105 50 Wir
2520 1681 208 50 möchten
2765 1681 113 50 doch
2910 1684 173 57 wissen,
3125 1700 62 32 wo-

1714 1757 82 49 her
1825 1773 108 33 aus:

1714 2146 142 48 ohne
1884 2146 71 48 die
1982 2147 165 49 Worte
2169 2145 72 47 die
2272 2144 284 55 „bestimmte
2577 2142 295 50 Erkenntniss
2901 2145 76 48 des

1726 2224 123 54 „Aus
1891 2222 97 49 der
2029 2222 157 49 Tiefe
2229 2222 90 46 ruf'
2517 2220 234 65 geschöpft
2779 2220 183 48 werden
2991 2222 142 56 sollte,
3163 2224 56 47 da

1716 2299 79 48 das
1818 2300 137 48 Motiv
1979 2301 114 47 noch
2120 2300 104 47 weit
2244 2299 249 48 deutlicher
2872 2296 59 65 (in
2962 2299 79 48 der
3070 2300 150 52 Höhe)

1716 2376 286 48 ausdrücken
2031 2376 189 50 könnte!

1832 2455 146 48 Recht
2004 2453 309 65 befriedigend
2345 2452 89 48 und
2464 2451 244 51 besonders
2732 2452 75 48 für
2827 2453 295 58 Dilettanten,
3145 2455 51 48 de-

1717 2547 84 32 nen
1832 2531 70 48 die
1931 2535 236 61 grösseren
2191 2530 353 58 Quellenwerke
2573 2530 121 47 nicht
2713 2530 263 63 zugänglich
2999 2530 113 57 sind,
3142 2530 52 48 be-

1715 2607 187 50 lehrend
1931 2608 91 49 und
2051 2608 267 47 interessant
2343 2606 97 48 sind
2464 2606 70 49 die
2557 2606 94 48 drei
2674 2606 237 65 folgenden
2934 2606 287 49 Abschnitte:

1728 2686 392 65 „Grundlagen
2166 2685 83 47 für
2289 2683 84 49 die
2415 2683 255 49 italische
2709 2683 178 65 Oper*
2991 2685 198 54 „Unter-

1719 2763 105 50 bau
1866 2763 96 49 der
2004 2763 305 49 italischen
2650 2762 139 56 „Der
2831 2762 391 48 musicalische

2029 2840 191 48 nämlich
2251 2838 237 49 derselben
2512 2838 141 65 Oper.
2685 2838 131 47 Diese
2838 2837 265 50 Abschnitte
3123 2838 98 49 sind

1721 2935 111 47 ganz
1862 2935 56 32 an
1949 2918 121 49 ihrer
2100 2918 152 56 Stelle,
2281 2934 76 30 um
2389 2916 70 48 bei
2488 2916 182 48 Gluck's
2690 2916 235 48 Auftreten
2953 2916 62 47 als
3043 2916 178 64 Opern-

1717 2996 265 65 Componist
2022 2996 43 47 in
2107 2994 158 50 Italien
2318 2994 86 49 den
2444 2994 137 47 Leser
2623 2992 112 48 über
2774 2992 70 48 die
2886 2993 338 48 musicalischen

1714 3072 224 48 Zustände
1969 3072 80 48 der
2076 3071 255 64 damaligen
2359 3071 98 47 Zeit
2482 3087 51 31 zu
2563 3069 257 47 Orientiren.

1828 3152 98 47 Der
1955 3158 117 41 erste
2101 3148 183 50 handelt
2307 3165 81 31 von
2411 3148 80 47 der
2514 3147 282 63 Entstehung
2820 3146 78 48 der
2921 3146 303 49 italiänischen

1715 3228 127 65 Oper
1870 3243 80 33 aus
1979 3227 80 48 der
2086 3226 120 55 Idee,
2247 3224 70 49 die
2355 3223 277 65 griechische
2662 3223 228 64 Tragödie
2920 3223 166 48 wieder
3122 3223 75 48 her-

1714 3306 224 48 zustellen.
1994 3306 94 45 Der
2115 3303 155 47 zweite
2299 3320 84 30 von
2412 3301 85 48 den
2526 3301 400 64 Operngedichten
2967 3299 89 50 und
3085 3299 136 51 deren

1712 3382 187 48 Stoffen.
1942 3381 107 48 Wir
2076 3379 165 49 theilen
2271 3378 165 48 daraus
2465 3377 146 65 einige
2642 3377 190 48 Absätze
2863 3378 103 46 mit:

1839 3458 112 56 „Die
1987 3457 209 48 Italiäner
2228 3455 161 49 fanden
2431 3455 76 46 für
2548 3455 96 47 ihre
2683 3462 146 39 ernste
2857 3454 125 64 Oper
3011 3452 102 64 (von
3142 3453 75 48 der

1715 3537 112 54 hier,
1857 3534 69 48 bei
1955 3533 80 48 der
2064 3533 302 63 Hinführung
2397 3533 80 47 auf
2502 3532 159 53 Gluck,
2703 3532 129 45 allein
2876 3530 69 47 die
2986 3530 122 49 Rede
3150 3530 66 63 ist,

1715 3614 127 47 keine
1865 3612 390 48 willkommneren
2279 3609 157 56 Stoffe,
2459 3610 64 47 als
2545 3609 70 47 die
2638 3608 149 62 Sagen
2820 3607 89 48 und
2937 3608 257 47 Persönlich-

1714 3690 147 49 keiten
1889 3689 122 47 ihrer
2040 3687 316 49 unerreichten
2385 3702 185 48 grossen
2596 3684 269 56 Vorfahren,
2893 3683 80 48 der
2998 3684 221 47 Griechen

1714 3765 90 50 und
1820 3767 188 54 Römer,
2030 3765 147 64 einige
2195 3763 343 49 mittelalterlich
2562 3762 269 63 aufgefasste
2846 3760 150 47 Bilder
3018 3776 77 31 aus
3114 3759 102 48 dem

1711 3842 328 66 Morgenlande
2073 3842 314 64 zugerechnet.
2443 3839 99 47 Alle
2571 3854 98 32 vom
2700 3839 257 47 Alterthum
2994 3835 195 50 herüber-

1711 3919 193 51 tönende
1933 3920 177 49 Namen
2121 3919 214 52 —Titus,
2359 3914 275 58 Alexander,
2657 3914 238 48 Telemach
2921 3913 78 47 mit
3019 3913 81 48 der
3122 3929 73 32 ver-

1711 3996 314 50 führerischen
2056 3996 213 65 Kalypso,
2295 3993 70 49 die
2396 3993 250 48 verlassene
2676 3990 136 57 Dido,
2843 3990 207 53 Armida,
3080 3991 110 49 Bere-
