4257 5664
183 1101 1180 90 MONATSSCHRIFT
1419 1118 46 81 /
1511 1106 1007 93 HERAUSGEBER:
2594 1113 786 88 HERWARTH
3460 1118 590 90 WALDEN

274 1330 488 69 Dichtungen
803 1345 150 46 aus
987 1335 502 67 Jugoslavien
1531 1336 173 60 Pave
1748 1338 325 58 Starcevic
2112 1338 23 68 /
2171 1340 205 56 Jovan
2420 1340 281 69 Popovic
2738 1341 24 72 /
2806 1341 174 60 Risto
3023 1343 298 61 Ratkovic
3356 1345 27 73 /
3421 1345 218 73 Smilja
3683 1348 278 71 Popovic

273 1421 350 58 Punalua
664 1424 145 56 der
850 1424 261 60 Briefe
1189 1426 277 59 Edmund
1512 1428 398 71 Palasovsky

276 1509 459 59 Revolution
762 1514 141 54 oder
928 1514 804 59 Maschinenstürmer
1758 1521 144 54 oder
1927 1518 503 60 Gotteswerk
2457 1524 156 54 und
2642 1523 647 61 Menschenwerk
3375 1526 234 59 Robert
3644 1528 312 71 Vämbery

274 1601 143 57 Die
457 1602 584 71 Heimsuchung
1080 1609 146 52 oder
1265 1607 139 56 Die
1443 1607 206 58 lrren
1658 1645 20 32 112
1719 1611 144 54 der
1902 1611 186 57 Arzt
2125 1614 158 54 und
2323 1614 127 56 ein
2496 1614 220 58 Prinz
2796 1614 235 59 Robert
3067 1616 315 71 Vämbery

273 1692 426 59 Immerdar
740 1697 137 56 mit
914 1697 146 56 der
1099 1699 147 56 Issi
1323 1697 494 73 (Schäferspiel)
1895 1700 235 60 Robert
2168 1702 313 73 Vämbery

274 1783 578 72 Anangangara
908 1790 144 54 oder
1108 1788 387 70 „Zurück!
1555 1792 103 56 du
1700 1792 290 56 rettest
2025 1794 154 55 den
2225 1795 302 58 Freund
2567 1795 212 60 nicht
2816 1799 251 67 mehr,
3106 1809 100 47 so
3244 1800 207 58 rette
3490 1802 149 56 das
3678 1802 281 69 eigene

847 1877 130 69 (Ein
1019 1878 671 70 Verkehrshindernis)
1768 1882 237 59 Robert
2042 1883 313 70 Vämbery

273 1963 386 59 Gedichte
737 1966 171 58 Erich
948 1961 244 65 Arendt

276 2054 386 60 Gedichte
740 2058 313 59 Reinhard
1099 2059 274 72 6oering

274 2146 275 56 flflaenz
628 2147 315 58 Herwarth
986 2149 267 58 Waiden

276 2237 891 59 Aetherwellen-Musik
1241 2241 364 59 Waldemar
1639 2242 349 70 Askenasy

276 2327 786 76 Abbildungen:
1111 2334 142 57 Drei
1295 2334 458 70 Zeichnungen
1795 2349 120 44 von
1961 2334 183 69 Hugo
2184 2332 319 59 Scheiber

1820 5090 139 78 18.
2000 5087 413 106 Jahrgang

3719 5080 84 82 9.
3844 5077 205 83 Heft

158 5097 298 85 Berlin
500 5097 33 93 /
579 5096 464 83 Dezember
1102 5096 231 81 1927

494 2599 264 184 Zum
792 2601 1003 186 Weihnachtsfest

1151 2953 349 112 offeriert
1554 2949 457 116 Likorfabrik

494 3129 132 112 und
701 3129 745 135 Weingroßbandlung
1517 3129 494 122 Rosbach

911 3315 672 102 Charlottenburg

909 3437 503 73 Schillerstrafee
1454 3446 131 62 124

816 3570 253 54 Fernruf:
1111 3569 298 64 Steinplatz
1447 3567 240 67 5768/69

491 3691 423 146 Weine
948 3752 58 71 /
1039 3691 383 142 Sekte
1456 3745 68 75 /
1558 3691 447 142 Likore

667 3894 254 139 and
1029 3891 786 176 Spiritnosen

672 4121 130 48 zu
860 4104 962 80 Engrospreisen

486 4297 103 54 Bei
647 4297 401 63 Bezugnehme
1104 4296 100 54 auf
1255 4296 157 52 diese
1466 4294 247 63 Anzeige
1774 4292 232 54 werden

487 4394 33 47 3
540 4387 48 56 °/
589 4423 22 33 0
652 4389 198 52 Rabatt
894 4389 264 64 gewfihrt.
1195 4390 148 56 BB
1378 4385 124 55 Von
1551 4389 32 49 5
1632 4385 252 53 Flaschen
1930 4401 76 37 an

758 4478 207 68 erfolgt
1011 4477 289 64 Lieferung
1348 4477 128 54 frel
1522 4475 208 54 Haus!
1788 4495 218 22 ———

609 4692 95 57 w
741 4685 519 69 Verlangen
1305 4682 161 59 Sie
1507 4682 218 57 bitte
1788 4653 220 129 HHBj

493 4785 352 51 unsere
889 4773 833 73 Engrospreisliste
1788 4743 218 88 HH

2454 2825 366 179 Buch-
2915 2822 213 182 und
3243 2825 708 183 Kunstrevue

2447 3220 97 84 der
2564 3220 781 101 Wirtschaftskorrespondsnz
3370 3221 90 85 fur
3489 3223 159 83 Polen

2449 3436 611 102 Kafttowiftz

2444 3655 535 135 Herausgeber:
3016 3655 231 115 Franz
3287 3655 359 115 Goldstein

2444 3980 166 142 Oer
2634 3980 599 169 Brennspiegel
3257 3983 156 139 des
3433 3980 515 169 Zeitgeistes

2756 4281 877 227 Jazzrhythmus

2441 4637 367 62 Bezugspreis
2850 4632 175 56 RMk.
3051 4630 150 68 1,50
3242 4632 409 61 vierieljShrlich
