2860 3934
1886 223 308 48 TEK
2283 223 47 48 H
2419 223 50 48 N
2555 224 39 47 E

2549 3647 59 70 5

198 412 79 42 LA
310 407 236 45 MAISON
578 405 196 44 BELGE
806 404 113 43 DES
950 404 352 43 ETUDIANTS

138 482 43 35 A
221 471 187 46 PARIS.
561 485 22 27 «
627 467 144 43 Vaste
811 466 224 42 bâtiment
1077 482 143 35 conçu
1260 476 42 30 et

136 535 155 41 réalisé
320 531 127 43 selon
476 530 63 41 les
568 531 237 49 exigences
833 529 64 41 les
927 528 101 52 plus
1056 525 247 43 modernes

136 597 57 43 de
221 596 226 49 l'hygiène
479 610 40 25 ».
552 593 130 42 Ainsi
712 591 350 50 l'apprécie-ton
1095 589 115 44 dans
1239 591 63 42 les

134 664 235 47 journaux.
407 656 118 43 Mais
557 672 57 26 on
649 670 115 24 nous
794 661 181 34 montre
1006 654 173 39 ensuite
1213 668 88 24 une

134 721 143 50 photo
310 717 58 43 de
403 716 293 44 l'immeuble.
735 707 235 52 Tourelles
1006 724 43 33 et
1081 715 219 45 lucarnes,

134 786 193 49 pignons
367 780 217 46 dentelés,
627 779 184 50 briques
851 795 162 35 rouges
1053 787 44 32 et
1134 780 168 48 pierres

142 847 83 51 (ou
261 844 157 50 simili)
464 842 230 42 blanches.
734 840 117 43 Rien
888 859 87 33 que
1014 840 96 42 cela
1149 857 72 24 sur
1259 839 44 43 la

136 906 173 52 façade.
348 905 54 43 Et
438 905 93 41 l'on
566 921 47 24 se
646 902 232 44 demande
907 913 236 32 comment
1174 903 27 41 il
1236 912 66 31 est

134 969 199 50 possible
363 966 175 43 d'allier
568 975 98 32 tout
696 966 98 42 cela
822 982 113 25 avec
969 983 24 26 «
1024 965 66 42 les
1119 967 154 49 exigen-

133 1048 73 24 ces
235 1030 63 42 les
325 1029 100 52 plus
453 1026 247 44 modernes
730 1026 57 42 de
813 1028 231 51 l'hygiène
1077 1047 40 25 ».

196 1106 74 41 Au
294 1112 128 40 reste,
454 1102 28 41 il
508 1101 97 42 s'en
632 1111 161 32 trouve
819 1103 57 42 de
902 1103 91 42 fort
1018 1099 214 44 satisfaits
1259 1110 44 31 et

134 1169 72 49 qui
237 1183 113 26 nous
382 1164 244 47 déclarent,
661 1181 116 24 nous
807 1164 175 51 Belges,
1012 1164 107 42 bien
1149 1166 127 48 repré-

133 1231 149 40 sentés
309 1233 25 39 à
359 1229 136 42 Paris.
526 1228 30 43 Il
583 1228 146 40 arrive
754 1228 111 40 ainsi
890 1243 86 34 que
1006 1225 79 42 des
1114 1243 22 26 «
1169 1242 114 33 pom

136 1293 117 50 piers
294 1305 21 26 »
355 1307 48 26 se
444 1287 248 42 décernent
730 1286 41 42 la
809 1286 101 50 plus
947 1292 117 46 juste
1104 1286 80 43 des
1222 1289 61 39 cri-

133 1362 161 40 tiques.
309 1385 31 7 ..

201 1533 355 43 HOLLANDE.
696 1532 72 42 LE
804 1531 202 43 STADE
1045 1531 220 43 OLYMPI-

133 1595 125 52 QUE
290 1594 463 43 D'AMSTERDAM
785 1604 68 31 est
881 1613 55 24 en
968 1597 104 38 voie
1104 1592 198 45 d'activé

135 1659 320 44 construction,
486 1673 105 24 sous
621 1655 42 42 la
691 1654 221 44 direction
942 1658 57 42 de
1027 1654 277 43 l'architecte

134 1719 84 50 Jan
244 1717 123 48 Wils,
394 1728 156 31 auteur
573 1716 61 42 du
654 1720 166 48 projet.
847 1715 61 43 La
931 1734 137 25 revue
1094 1733 22 25 «
1142 1716 128 42 Bouw-

133 1780 170 51 bedrijf
331 1795 21 25 »
385 1779 165 49 donne,
582 1780 114 41 dans
720 1795 83 26 son
834 1781 189 40 numéro
1053 1778 62 42 du
1145 1778 54 42 14
1227 1794 49 24 oc-

138 1840 142 53 tobre,
331 1839 370 43 d'intéressantes
745 1841 249 49 précisions
1038 1838 265 50 techniques

134 1919 74 25 sur
236 1901 40 42 la
306 1905 308 39 construction
649 1900 61 42 du
738 1900 285 50 vélodrome,
1058 1900 146 51 lequel
1235 1908 68 34 est

134 1962 319 43 actuellement
483 1965 203 39 terminé.
717 1962 75 44 On
819 1972 213 32 trouvera
1061 1961 114 43 dans
1201 1960 80 43 l'ar-

136 2025 99 43 ticle
265 2024 182 52 signalé,
483 2044 55 23 en
568 2027 152 41 même
752 2034 148 39 temps
930 2041 86 33 que
1046 2023 82 42 des
1164 2022 109 42 docu-

134 2095 147 33 ments
317 2084 426 52 photographiques
778 2088 187 46 récents,
1009 2085 79 41 des
1123 2082 153 52 graphi-

135 2164 108 33 ques
275 2146 236 43 détaillant
542 2147 40 41 le
615 2145 160 43 travail
809 2145 239 52 accompli.

198 2332 80 42 LA
320 2331 381 44 COMMISSION
741 2330 254 43 ROYALE
1035 2329 113 44 DES
1187 2330 95 42 MO

136 2393 291 43 NUMENTS
461 2393 77 43 ET
573 2392 113 44 DES
722 2392 172 43 SITES.
1034 2392 84 42 Par
1158 2393 144 40 arrêté

136 2453 124 52 royal
308 2453 63 44 du
418 2455 59 42 30
523 2456 178 50 janvier
755 2454 137 46 1928,
943 2463 103 32 sont
1095 2455 209 40 nommés

135 2516 226 43 membres
399 2515 388 53 correspondants
822 2518 57 43 de
914 2518 43 42 la
994 2516 308 42 Commission

136 2578 155 51 royale
327 2578 81 43 des
441 2587 294 33 monuments
768 2589 43 32 et
848 2577 80 44 des
960 2580 105 39 sites
1105 2578 197 51 (section

136 2638 81 44 des
246 2640 339 53 monuments),
616 2644 152 39 savoir
803 2659 8 24 :

202 2716 120 42 Pour
354 2716 43 43 la
425 2717 219 49 province
677 2714 231 43 d'Anvers
946 2733 8 24 :
987 2715 49 43 M
1068 2714 53 52 .J.
1157 2713 116 42 Smol-

137 2794 152 36 aeren,
318 2777 241 43 architecte
586 2783 24 38 à
639 2778 196 51 Anvers,
863 2795 54 25 en
945 2776 359 49 remplacement

138 2836 55 45 de
230 2841 61 42 M.
327 2839 107 42 Van
468 2838 264 54 Averbeke,
771 2842 186 38 nommé
995 2837 207 42 membre
1237 2836 44 43 ef-

137 2901 138 43 fectif.

199 2977 118 42 Pour
349 2977 42 42 la
427 2978 218 51 province
680 2975 58 43 de
771 2977 171 42 Namur
982 2994 8 24 :
1028 2976 62 46 M.
1129 2973 171 51 Raucq,

136 3040 152 39 artiste
309 3041 179 50 (peintre
516 3044 25 38 à
566 3038 187 53 Dinant,
780 3055 55 24 en
862 3037 360 50 remplacement
1247 3034 57 42 de

136 3100 61 43 M.
230 3098 263 54 Dardenne,
523 3100 186 43 décédé.

202 3295 404 43 ALLEMAGNE.
819 3295 80 43 LA
970 3293 179 44 VILLE
1224 3292 80 43 DE

135 3355 375 44 FRANCFORT
532 3382 13 6 -
566 3356 118 43 SUR
706 3384 14 7 -
740 3357 160 42 MAIN
930 3369 65 31 est
1024 3359 281 39 assurément

1449 402 119 43 l'une
1607 402 81 41 des
1723 402 102 51 plus
1858 406 321 48 progressistes
2213 403 81 42 des
2326 403 199 51 grandes
2560 407 38 37 ci-

1448 466 66 38 tés
1550 463 295 50 allemandes.
1886 464 65 43 En
1988 464 309 49 architecture,
2339 466 62 42 les
2439 466 154 42 réalisa-

1449 528 117 37 tions
1608 527 274 40 incessantes
1925 529 283 48 témoignent
2253 527 80 42 des
2379 529 237 41 directives

1448 587 63 41 les
1555 586 100 51 plus
1698 591 207 38 averties.
1954 588 71 42 Un
2074 600 312 31 constructeur
2434 607 76 24 mo
2518 591 73 40 der-

1451 651 136 38 nistes
1633 650 160 42 Ernest
1825 649 153 44 Baiser
2010 652 54 42 D.
2098 652 46 42 B.
2178 654 75 49 A.,
2285 655 124 40 vient
2440 653 58 43 de
2530 662 65 32 ter-

1448 713 143 39 miner
1646 710 324 52 d'importants
2027 713 270 42 immeubles
2354 714 28 41 d
2405 724 185 40 apparte-

1449 781 159 40 ments,
1642 775 110 39 ainsi
1782 790 57 33 qu
1860 791 59 25 un
1947 791 166 33 garage
2142 786 42 30 et
2210 792 89 25 une
2328 776 174 49 grande
2530 779 64 39 ins-

1449 833 206 43 tallation
1688 833 56 44 de
1773 851 259 26 commerce
2064 837 56 42 de
2152 837 151 44 détail.
2340 837 169 42 Toutes
2544 854 72 24 ces

1449 912 180 24 œuvres
1660 895 204 41 révèlent
1894 914 88 24 une
2016 900 272 41 orientation
2319 916 103 25 vers
2453 899 40 41 la
2527 899 66 41 for-

1449 973 74 24 me
1547 974 123 39 pure,
1701 968 44 31 et
1775 975 58 25 un
1862 961 123 37 souci
2014 958 79 42 des
2118 959 257 42 ensembles
2399 960 192 42 architec-

1449 1027 161 32 turaux
1639 1022 73 47 qui
1742 1018 101 42 font
1871 1029 97 32 tant
1997 1019 205 42 honneur
2231 1024 26 37 à
2287 1021 329 42 l'architecture

1448 1079 287 42 hollandaise
1772 1084 391 47 contemporaine.
2207 1081 132 43 Deux
2378 1082 238 42 directives

1451 1139 113 43 dont
1597 1141 64 42 les
1694 1141 178 51 publics
1907 1141 259 44 hollandais
2199 1155 43 30 et
2274 1144 230 43 allemand
2539 1162 52 32 ap-

1449 1205 202 47 précient
1702 1202 42 42 la
1792 1206 219 40 nécessité
2060 1215 44 31 et
2149 1204 42 42 la
2239 1205 176 47 valeur;
2467 1206 149 41 tandis

1450 1265 135 48 qu'en
1621 1264 217 51 Belgique
1872 1283 113 25 nous
2022 1285 54 25 en
2111 1282 201 26 sommes
2347 1284 166 27 encore
2552 1271 43 38 ré-

1451 1325 117 41 duits
1599 1329 25 37 à
1653 1325 400 46 l'individualisme
2083 1332 264 45 outrancier,
2380 1341 43 30 et
2449 1347 55 24 au
2532 1334 63 37 soi-

1452 1386 148 44 disant
1639 1404 21 24 «
1699 1390 246 40 sentiment
1985 1389 268 48 décoratif...
2295 1407 21 24 »

138 3528 511 50 SUPPLEMENT
728 3528 110 50 AU
915 3527 144 51 VOL
1078 3526 169 52 UME
1323 3525 126 53 VIL
1662 3526 80 49 N°
1766 3552 12 9 -
1822 3544 16 31 i
1914 3525 101 50 DE
2085 3544 29 31 «
2173 3523 98 51 LA
2329 3523 180 52 CITE
2569 3542 45 33 ».

1796 3241 36 16 mm

2334 3188 423 66 PIERRt

1448 3269 100 74 E>
1597 3267 110 73 K>
1749 3265 109 74 U
1896 3269 110 69 X
