2860 3934
244 3696 62 55 4

276 412 138 71 LA
475 409 292 74 CITE
818 435 33 35 «
904 407 213 73 1928
1171 435 35 35 ■

1249 402 524 76 VOLUME
1803 402 104 71 VII
1951 427 33 36 ■

2027 399 599 76 NUMERO!

2559 2087 4 531 LE
2552 2087 21 531 “BAUHAUS”-
2575 2087 8 531 PLAN
2585 2087 15 531 GÉNÉRAL
2602 2087 35 531 (REZ-DE-CHAUSSÉE)

269 700 103 55 des
420 699 174 54 bases
649 712 319 40 nettement
1025 695 394 65 rationnelles,

269 809 70 31 en
388 784 347 56 conformité
778 807 145 30 avec
971 781 84 56 les
1103 784 316 53 nécessités

266 869 281 56 actuelles
677 893 62 31 ce
771 870 101 71 qui
913 869 91 55 fut
1035 892 63 30 sa
1135 870 283 70 première

266 953 242 66 audace,
562 977 186 30 suivie
801 954 229 53 bientôt
1078 977 108 48 par
1228 967 191 40 toutes

266 1039 83 55 les
409 1041 379 53 innovations
844 1038 71 56 de
970 1038 57 56 la
1079 1038 338 56 réalisation

265 1132 214 56 même;
509 1124 84 55 les
623 1127 327 52 matériaux
987 1138 54 40 et
1069 1124 84 55 les
1182 1124 234 55 formes,

272 1209 133 55 une
447 1207 207 72 rapide
697 1207 359 72 description
1102 1207 103 56 des
1247 1208 169 71 plans

266 1296 147 52 situe
487 1292 422 56 l'ordonnance
976 1292 268 72 générale
1313 1292 103 55 des

265 1378 314 55 bâtiments
598 1404 10 38 ;
654 1381 244 62 ceux-ci,
942 1402 71 31 au
1059 1377 243 56 nombre
1343 1377 72 55 de

263 1479 208 57 quatre
540 1463 417 73 parfaitement
1016 1462 284 55 distincts.
1357 1462 58 55 A

261 1549 225 71 gauche
536 1547 71 56 de
655 1547 188 55 l'allée
893 1546 323 74 principale
1266 1546 118 55 d'ar-

261 1636 176 61 rivée,
481 1632 51 55 le
562 1634 286 54 bâtiment
889 1631 103 56 des
1035 1631 217 56 classes
1281 1655 101 48 pro-

264 1716 408 55 fessionnelles
697 1742 10 38 ;
776 1720 34 51 à
876 1715 188 56 droite
1131 1715 71 54 de
1263 1730 149 39 cette

260 1809 184 47 même
485 1800 164 65 allée,
693 1800 202 72 placée
943 1799 435 73 perpendiculai-

260 1902 226 38 rement
527 1910 72 30 au
644 1886 284 55 bâtiment
957 1884 103 56 des
1091 1884 233 65 classes,
1356 1884 55 54 la

259 1994 192 31 masse
482 1974 317 51 étonnante
927 1971 88 52 fer
1056 1983 55 40 et
1144 1993 168 30 verre

259 2054 104 56 des
429 2055 391 55 laboratoires
888 2069 55 40 et
1008 2054 103 55 des
1177 2054 232 55 ateliers

261 2143 295 68 spéciaux.
604 2139 122 56 Ces
757 2139 153 55 deux
952 2162 281 48 premiers
1263 2139 116 53 bâti-

258 2238 188 39 ments
479 2239 132 40 sont
640 2223 171 54 reliés
846 2238 160 39 entre
1042 2247 111 30 eux
1182 2247 107 48 par
1329 2247 78 30 un

259 2332 175 47 corps
484 2308 132 72 plus
664 2307 210 64 réduit,
922 2308 360 53 renfermant
1323 2307 83 54 les

256 2392 268 54 bureaux
565 2392 72 54 de
679 2392 56 54 la
781 2393 329 62 Direction,
1154 2407 55 39 et
1249 2393 126 53 fran-

256 2477 264 54 chissant
587 2501 107 48 par
755 2491 207 58 quatre
1026 2491 255 57 poteaux
1335 2476 71 55 de

255 2563 179 55 béton
465 2562 185 55 l'allée
682 2561 246 56 d'accès.
962 2561 178 54 Enfin
1171 2561 51 54 le
1257 2561 116 54 bâti-

254 2662 159 40 ment
440 2648 347 70 postérieur,
814 2648 275 69 composé
1119 2645 72 55 de
1216 2660 155 57 vingt-

255 2731 126 54 huit
446 2744 440 58 appartements
952 2728 450 73 indépendants,

254 2817 75 54 où
358 2815 84 54 les
473 2813 295 55 étudiants
800 2829 275 39 trouvent
1103 2813 126 55 leur
1252 2813 121 73 loge-

253 2916 157 38 ment
453 2914 55 39 et
536 2899 127 54 leur
703 2899 205 54 atelier
936 2899 341 54 individuel.
1313 2899 89 57 Ge

326 2985 132 54 bloc
589 3008 58 30 se
703 2982 300 74 prolonge,
1053 3008 73 30 au
1181 2984 190 54 rez-de-

253 3070 301 63 chaussée,
599 3093 70 29 en
711 3069 326 64 réfectoire,
1077 3071 228 52 cantine
1350 3084 54 39 et

251 3156 271 60 cuisines,
555 3155 308 52 économat
893 3166 54 41 et
982 3153 55 54 lo
1044 3177 148 30 eaux
1222 3151 144 56 admi-

250 3238 306 63 nistratifs,
600 3236 221 73 grande
866 3236 140 56 salle
1036 3236 104 56 des
1169 3238 149 54 fêtes
1349 3252 54 39 et

249 3323 244 54 théâtre.
528 3321 368 56 L'ensemble
923 3321 71 56 de
1020 3346 95 31 ces
1139 3321 263 56 derniers

246 3408 214 56 locaux
514 3408 186 54 forme
754 3407 57 55 la
865 3410 188 70 partie
1102 3408 173 54 basse
1329 3405 72 56 de

246 3492 266 55 l'édifice.
560 3492 312 69 Ajoutons,
904 3516 152 49 pour
1098 3499 120 47 être
1249 3516 115 31 com-

247 3577 136 71 plet,
428 3601 114 47 que
590 3577 51 53 le
692 3601 174 47 corps
914 3577 362 71 professoral
1323 3575 75 58 du
