2860 3934
2036 150 311 51 TEK
2429 150 52 50 H
2565 150 53 50 N
2702 150 41 48 E

265 3566 72 72 4

271 336 62 43 les
374 335 343 52 prédécesseurs
759 352 54 24 en
854 336 220 50 question,
1115 334 27 41 il
1183 350 56 25 ne
1278 334 133 49 s'agis-

268 400 82 40 sait
399 414 80 33 pas
527 395 57 44 de
633 397 109 41 faire
793 397 56 43 de
892 395 339 52 Varchéologie,
1284 398 42 40 ni
1373 394 60 42 du

272 480 20 22 «
327 459 115 51 style
472 477 38 29 ».
546 459 114 41 Leur
688 461 80 40 but
796 468 65 30 est
891 457 99 50 plus
1018 456 210 45 modeste
1263 477 8 23 :
1305 476 101 25 cons-

271 523 163 39 truire
469 537 111 26 avec
615 518 57 44 de
707 519 148 43 francs
892 522 251 41 matériaux
1186 522 155 49 (neufs
1378 536 56 24 ou

270 584 206 49 anciens)
544 593 42 31 et
646 584 226 47 exprimer
933 582 353 51 plastiquement
1343 581 92 42 leur

270 645 252 49 technique.

332 706 30 42 Il
400 726 26 32 y
460 725 25 23 a
519 705 54 53 là,
608 723 181 25 comme
827 722 57 24 on
918 708 108 47 voit,
1061 709 148 37 moins
1242 703 163 43 d'ambi-

271 771 93 38 tion
393 786 86 33 que
505 767 115 41 dans
646 785 59 23 un
733 783 200 37 ouvrage
960 769 58 41 tel
1048 784 97 34 que,
1176 784 82 33 par
1284 783 119 26 exem-

270 830 74 50 ple
473 840 42 31 et
550 828 209 50 puisqu'il
795 830 131 48 s'agit
962 831 56 41 de
1054 830 206 43 Louvain
1395 830 40 41 la

270 894 298 38 restauration
603 891 56 41 de
693 889 41 45 la
768 891 116 41 ville.
922 892 124 42 Faux
1077 894 279 42 sentiments,
1393 899 42 32 et

271 957 149 39 même
451 955 111 41 faux
599 955 263 46 matériaux,
901 964 181 31 servent
1117 955 52 39 ici
1207 959 23 37 à
1265 953 170 43 exalter

270 1015 40 44 le
353 1024 178 40 respect
574 1012 82 42 des
700 1012 224 52 héritages
967 1012 359 44 d'architecture.

270 1085 113 33 dont
414 1095 58 24 on
503 1077 194 50 prétend
727 1092 47 24 se
803 1085 204 32 montrer
1039 1075 147 51 digne.

331 1136 66 45 En
421 1155 61 26 un
514 1138 151 42 article
694 1139 164 44 récent,
890 1156 110 34 paru
1028 1139 113 42 dans
1171 1138 91 41 «Le
1289 1138 145 48 Soir»,

272 1199 246 50 quelqu'un
559 1201 107 40 s'est
703 1198 184 51 complu
927 1205 26 37 à
994 1200 170 43 décrire
1204 1217 55 24 en
1300 1196 135 44 détail

267 1259 205 43 chacune
498 1259 80 42 des
604 1258 186 47 façades
815 1263 248 40 restaurées
1089 1259 59 42 de
1174 1261 39 40 la
1237 1258 200 42 Grand'-

271 1322 47 42 PI
325 1340 77 24 ace
433 1321 57 42 de
522 1324 218 50 Louvain,
778 1341 21 24 «
833 1322 186 51 façades
1047 1324 72 50 qui
1152 1324 197 41 forment
1378 1336 58 25 un

272 1385 234 40 ensemble
549 1385 81 40 des
668 1384 100 49 plus
811 1387 282 46 pittoresque
1133 1393 44 32 et
1218 1382 81 43 des
1337 1383 98 49 plus

270 1447 232 47 artistique
553 1460 23 24 »
642 1444 132 50 (sic!)
834 1443 72 42 On
960 1445 74 41 n*a
1081 1443 165 52 qu'une
1302 1442 136 41 faible

270 1505 115 47 idée,
423 1523 83 33 par
536 1515 70 31 cet
638 1506 166 46 article,
844 1504 57 47 de
934 1505 39 41 la
1006 1508 232 38 virtuosité
1270 1505 59 42 de
1364 1519 48 26 ca-

271 1566 234 52 mouflage
532 1570 74 49 qui
637 1567 106 42 s'est
770 1568 230 48 dépensée
1028 1568 114 42 dans
1170 1575 116 35 cette
1318 1581 94 27 «res-

271 1632 227 40 tauration
526 1648 20 24 »
564 1633 8 37 !
599 1631 114 41 Mais
741 1628 277 47 architectes,
1046 1629 324 50 archéologues
1395 1637 42 31 et

273 1699 148 32 autres
459 1708 112 25 nous
610 1693 151 41 diront
800 1691 131 52 qu'ils
971 1700 80 32 ont
1086 1689 135 43 voulu
1263 1708 21 25 «
1326 1691 109 40 faire

270 1755 177 40 revivre
479 1753 39 42 le
550 1757 135 45 passé
719 1773 38 22 ».
794 1754 61 41 Le
886 1752 164 43 Passé)

331 1814 37 42 C
390 1826 66 29 est
486 1820 24 37 à
540 1816 156 50 croire,
728 1831 180 25 comme
940 1814 130 42 disait
1102 1815 9 41 [
1134 1822 137 38 autre,
1307 1811 128 51 qu'ils

269 1894 28 33 y
325 1879 230 39 étaient...
589 1886 44 31 et
663 1875 129 52 qu'ils
822 1894 28 33 y
875 1886 103 32 sont
1007 1878 150 39 restés.

336 1985 421 43 DEVANTURES
814 1984 79 43 DE
948 1984 317 43 MAGASINS
1321 1983 78 43 MO-

272 2047 252 47 DERNES.
675 2064 21 25 «
737 2046 98 42 The
872 2046 273 41 Architectes
1182 2046 186 50 Journal
1411 2061 21 24 »

281 2107 279 53 (Londres),
606 2126 25 24 a
669 2107 154 50 publié
865 2126 57 24 un
962 2110 248 47 important
1248 2108 187 39 numéro

272 2171 165 48 spécial
480 2171 84 50 (15
597 2173 95 47 juin
731 2169 148 51 1927)
917 2173 57 38 où
1004 2178 103 30 sont
1136 2171 174 40 réunies
1338 2166 99 51 plus

276 2231 56 43 de
369 2232 82 42 145
484 2230 363 54 photographies
875 2230 57 42 de
962 2230 273 42 devantures
1262 2232 57 41 de
1346 2246 61 24 ma-

273 2296 148 47 gasins
456 2291 259 43 modernes.
753 2294 63 40 La
846 2293 212 50 majorité
1091 2292 56 41 de
1179 2308 72 23 ces
1283 2308 124 34 maga-

272 2358 89 40 sins
391 2364 104 35 sont
523 2352 187 54 anglais,
741 2362 45 34 et
818 2355 282 49 témoignent
1131 2354 137 41 d'une
1298 2351 112 50 adap-

274 2419 144 38 tation
455 2425 195 33 souvent
686 2413 158 43 timide
879 2432 87 26 aux
999 2416 239 39 nécessités
1274 2423 43 32 et
1351 2430 89 25 aux

273 2477 172 44 formes
472 2479 421 47 contemporaines;
920 2475 260 52 cependant
1208 2477 26 41 il
1265 2477 68 50 s'y
1359 2474 53 42 dé-

272 2539 97 43 cèle
393 2556 59 26 un
480 2542 110 49 goût
614 2555 127 27 assez
763 2542 73 38 sûr
862 2535 112 45 dans
999 2539 41 42 la
1067 2540 304 47 composition
1397 2546 42 32 et

275 2601 115 43 dans
428 2601 67 41 les
531 2602 263 40 matériaux.
970 2634 8 16 ,

336 2663 127 44 Nous
498 2678 144 27 avons
678 2661 152 51 plaisir
865 2666 26 39 à
927 2661 194 49 signaler
1156 2679 85 33 que
1276 2662 62 40 les
1373 2666 43 37 ré-

272 2733 126 32 cents
440 2734 190 33 travaux
675 2722 56 44 de
773 2723 25 41 F
807 2722 241 44 architecte
1091 2723 45 43 L.
1184 2723 183 49 Stynen,
1413 2726 25 36 à

268 2785 247 47 Bruxelles,
573 2789 203 37 tiennent
828 2787 92 41 fort
966 2785 156 42 bonne
1173 2782 127 54 place
1350 2800 87 24 aux

270 2850 125 40 côtés
442 2846 201 42 d'autres
690 2846 282 42 réalisations
1017 2848 331 39 intéressantes.
1395 2844 43 42 A

272 2912 289 40 mentionner
588 2917 98 33 tout
713 2907 327 51 spécialement
1071 2908 41 42 la
1141 2907 270 42 transforma-

272 2974 94 38 tion
392 2974 215 40 exécutée
634 2987 81 36 par
740 2971 43 43 la
806 2971 130 42 firme
959 2970 192 43 Vander
1175 2969 106 45 Elst,
1310 2967 128 51 place

273 3034 56 41 de
365 3034 257 42 Brouckére
662 3031 303 53 (Bruxelles).

337 3091 211 45 D'autres
588 3105 192 32 travaux
823 3093 402 50 d'aménagement
1265 3091 57 42 de
1363 3093 50 42 de-

266 3166 200 33 vanture
503 3154 317 45 commerciale
857 3164 103 33 sont
999 3153 109 43 d'un
1145 3152 143 54 grand
1326 3156 90 38 inté-

273 3221 80 49 rêt,
399 3217 109 42 entr*
518 3226 147 34 autres
706 3234 114 27 ceux
861 3217 84 43 dus
988 3234 87 26 aux
1116 3216 264 42 architectes
1428 3232 8 23 :

268 3279 224 51 Jareslow
566 3278 149 44 Grunt
793 3277 522 52 (Tchéco-Slovaquie),
1385 3276 49 42 C.

1582 333 198 50 Spencer
1839 330 212 44 Wilmott
2119 329 278 53 (Londres),
2464 329 57 44 H,
2587 329 160 44 Everts

1594 392 370 53 (Amsterdam),
2029 391 177 44 Francis
2266 391 219 52 Jourdain
2551 390 196 52 (Paris),

1583 456 122 42 Staal
1764 456 262 50 (Utrecht),
2077 456 45 41 P.
2178 454 238 41 Baumann
2476 453 240 51 (Copenha-

1586 518 131 52 gen),
1763 518 164 43 Michel
1965 516 282 50 Roux-Spitz
2291 515 202 53 (Lyon),
2533 525 82 33 etc.

1653 675 69 42 LE
1766 673 217 43 PALAIS
2028 672 78 43 DE
2148 671 239 53 JUSTICE
2431 672 79 42 DE
2552 671 193 44 GAND.

1653 749 71 41 Du
1756 764 22 26 «
1809 748 99 42 Soir
1938 764 22 26 »
2001 765 8 23 :

1586 811 107 42 Bien
1729 828 86 32 que
1849 809 62 41 les
1946 812 191 38 sociétés
2173 807 315 43 d'architectes
2523 810 227 48 gantoises

1585 884 43 31 et
1650 872 40 41 le
1714 887 172 35 groupe
1915 870 56 42 de
1996 869 119 43 l'Art
2138 869 313 44 monumental
2476 873 121 37 aient
2619 871 131 39 attiré

1585 934 10 40 1
1619 936 222 42 attention
1874 934 59 42 du
1966 934 199 41 ministre
2196 934 267 46 compétent
2497 948 72 23 sur
2601 930 40 41 la
2674 932 49 37 né-

1585 997 157 40 cessité
1783 993 56 42 de
1875 995 311 48 reconstruire,
2223 990 29 43 d
2276 994 132 48 après
2443 1011 57 24 un
2539 1007 210 25 nouveau

1585 1058 108 49 plan
1724 1053 313 43 architectural
2069 1065 43 32 et
2142 1053 100 51 plus
2273 1057 219 47 pratique,
2531 1052 42 44 le
2606 1051 145 41 Palais

1587 1117 57 43 de
1666 1117 166 50 Justice
1854 1114 221 48 incendié,
2107 1115 62 41 les
2194 1113 160 44 études
2376 1118 72 47 qui
2472 1113 68 51 s'y
2562 1129 161 35 rappor-

1586 1190 95 31 tent
1718 1188 78 32 ont
1834 1179 71 41 été
1940 1176 202 42 confiées
2177 1179 25 38 à
2236 1174 396 44 l'administration
2671 1174 79 41 des

1587 1239 140 42 Ponts
1757 1249 44 31 et
1831 1237 264 42 Chaussées.
2130 1237 193 45 Comme
2355 1237 29 41 il
2420 1235 141 43 fallait
2592 1236 68 50 s'y
2689 1244 42 31 at-

1586 1301 172 47 tendre,
1796 1318 71 25 ces
1899 1300 130 50 plans
2062 1299 221 42 dénotent
2314 1315 87 24 une
2434 1299 317 48 inexpérience

1587 1362 236 50 flagrante,
1869 1369 389 42 compromettant
2298 1364 42 41 le
2378 1358 185 42 résultat
2608 1358 56 42 de
2710 1357 41 41 la

1587 1425 369 40 reconstruction.
1990 1421 73 43 Un
2095 1433 135 39 agent
2262 1420 57 43 de
2354 1421 10 40 1
2387 1419 362 42 administration

1587 1489 85 46 qui,
1711 1501 82 33 par
1827 1487 239 46 exception
2101 1494 42 30 et
2178 1499 115 34 pour
2331 1487 40 35 la
2408 1483 221 49 première
2665 1481 86 40 fois

1586 1564 103 23 sans
1717 1545 153 47 doute,
1903 1543 275 51 entreprend
2213 1562 56 25 un
2298 1542 159 42 travail
2488 1541 28 41 d
2537 1541 190 42 architec-

1586 1618 109 36 ture,
1724 1625 55 26 ne
1803 1616 108 41 peut
1936 1623 81 33 pas
2046 1604 216 42 résoudre
2289 1622 56 24 un
2370 1604 239 50 problème
2635 1618 115 26 aussi

1588 1668 176 42 délicat.
1799 1666 150 49 Gand,
1985 1668 40 40 la
2055 1666 104 44 ville
2193 1664 342 44 monumentale
2567 1682 80 33 par
2678 1680 48 24 ex-

1584 1730 209 48 cellence,
1823 1732 193 39 méritait
2041 1727 144 42 d'être
2210 1730 150 39 mieux
2386 1728 169 41 traitée.

1655 1789 210 51 Puisqu'il
1891 1809 54 26 en
1971 1800 66 31 est
2063 1800 147 38 temps
2234 1804 177 29 encore,
2446 1805 85 33 que
2556 1786 93 42 l'on
2676 1785 50 41 dé-

1586 1854 124 48 signe
1737 1869 59 25 un
1825 1850 242 42 architecte
2100 1853 85 47 qui,
2220 1849 112 42 dans
2359 1848 194 42 l'intérêt
2581 1847 165 53 public,

1587 1916 258 39 examinera
1876 1913 62 42 les
1968 1911 142 52 plans.
2148 1910 127 43 Dans
2305 1908 193 52 quelque
2528 1919 161 39 temps,
2723 1908 28 40 il

1586 1992 97 24 sera
1709 1983 103 41 trop
1840 1974 99 40 tard
1966 1990 114 34 pour
2106 1975 181 46 réparer
2317 1981 117 33 cette
2463 1987 161 26 erreur.

1647 2134 80 42 LA
1762 2132 307 42 CHAMBRE
2106 2129 347 44 SYNDICALE
2489 2129 113 42 DES
2641 2128 70 43 AR-

1585 2194 336 45 CHITECTES
1971 2193 80 43 DE
2104 2191 320 51 BELGIQUE,
2481 2193 74 49 qui
2607 2193 142 41 fêtera

1585 2265 116 33 cette
1733 2259 146 38 année
1914 2254 39 41 le
1987 2256 334 48 cinquantième
2353 2254 304 40 anniversaire
2691 2250 58 41 de

1585 2334 46 25 sa
1661 2316 256 52 fondation,
1945 2319 124 39 vient
2099 2318 57 41 de
2185 2317 246 42 constituer
2457 2330 181 25 comme
2665 2315 85 38 suit

1585 2395 83 25 son
1693 2378 170 42 bureau
1888 2394 115 35 pour
2026 2376 178 42 l'année
2237 2376 8 40 1
2264 2374 93 44 928
2396 2393 8 23 :

1651 2439 247 48 Président,
1949 2441 61 42 M.
2060 2440 136 42 Louis
2237 2437 206 49 Cardon;
2488 2439 242 48 vice-prési

1587 2501 144 47 dents,
1775 2503 114 42 MM.
1934 2502 38 52 J.
2013 2501 283 49 Votquerine
2333 2508 43 33 et
2414 2497 333 46 Maerschalck;

1583 2566 250 49 secrétaire,
1867 2564 61 43 M.
1964 2563 135 43 Louis
2131 2563 242 46 Leemans;
2406 2558 320 44 secrétaire-ad

1586 2629 128 48 joint,
1752 2626 59 42 M.
1851 2623 108 46 Paul
1996 2625 263 47 Dutranoit;
2298 2625 221 49 trésorier,
2558 2623 60 42 M.
2660 2621 58 41 Ar-

1585 2687 101 42 thur
1725 2687 274 44 Meuleman,

1655 2845 70 41 LE
1761 2844 75 45 Dr.
1876 2844 129 42 H.-P.
2046 2842 286 43 BERLAGE
2368 2843 108 47 fera,
2516 2859 54 23 au
2611 2841 140 42 début

1588 2907 57 43 de
1679 2917 117 33 cette
1832 2909 157 45 année,
2030 2905 79 42 des
2143 2903 295 44 conférences
2472 2907 25 38 à
2531 2902 196 43 l'Univer-

1587 2972 80 39 sité
1704 2970 56 41 de
1797 2966 228 51 Michigan
2070 2966 72 50 (E.
2178 2966 54 42 U.
2270 2966 86 49 A.)
2399 2982 72 24 sur
2504 2964 224 42 l'architec-

1587 3039 95 33 ture
1711 3028 232 43 moderne.
1976 3027 63 44 En
2070 3036 138 38 outre,
2241 3030 25 39 il
2301 3027 205 42 donnera
2534 3043 59 26 un
2621 3041 130 24 cours

1589 3093 56 40 de
1667 3093 305 46 composition
1996 3088 351 42 architecturale.
2375 3086 266 52 Rappelons
2666 3102 85 32 que

1589 3151 40 43 le
1656 3151 75 43 Dr.
1761 3150 186 50 Berlage
1971 3161 65 30 est
2058 3153 84 46 âgé
2168 3149 59 42 de
2253 3149 57 41 70
2335 3165 91 30 ans,
2453 3159 43 31 et
2519 3147 232 41 admirons

1587 3230 102 24 sans
1728 3217 175 38 réserve
1940 3211 249 42 l'initiative
2227 3210 104 50 qu'il
2368 3213 123 38 vient
2528 3210 56 42 de
2620 3225 104 33 pren-

1589 3274 92 41 dre.

271 3446 512 50 SUPPLEMENT
859 3446 110 49 AU
1046 3442 329 52 VOLUME
1453 3441 128 51 VIL
1651 3475 52 2 -
1796 3444 78 48 N°
1956 3463 13 29 i
2044 3444 101 49 DE
2215 3462 28 30 «
2302 3442 98 49 LA
2460 3442 176 50 CITE
2699 3460 44 29 ».
