3724 4572
2230 3865 212 41 172

1566 566 30 34 5.
1616 556 132 46 August
1772 554 58 34 66.

1198 628 143 36 Böcklin
1379 626 141 35 erzählte
1552 638 69 21 von
1658 625 123 34 seinem
1819 631 136 27 ersten
1992 622 160 34 Piraten
2158 618 115 35 bilde

1118 682 74 47 (das
1212 696 32 20 er
1263 682 36 34 in
1319 680 157 35 Weimar
1501 677 125 49 gemalt
1651 677 71 35 und
1747 677 57 35 das
1829 680 32 44 ja
1881 675 97 35 wohl
2002 678 77 44 jetzt
2102 674 48 33 im
2170 672 103 34 Besitz

1117 736 54 33 des
1188 734 243 46 Grofsherzogs
1451 745 70 22 von
1536 730 110 35 Baden
1664 730 70 47 ist).
1773 732 43 32 Er
1834 728 87 36 habe
1939 728 109 34 Mühe
2067 724 133 50 gehabt,
2220 724 52 33 die

1117 790 141 45 Figuren
1290 787 36 34 in
1359 786 57 34 das
1449 784 141 48 richtige
1622 782 192 36 Verhältnis
1851 795 40 21 zu
1924 780 153 48 bringen,
2111 776 71 36 dafs
2216 776 56 35 das

1115 843 157 32 Interesse
1306 852 42 22 an
1380 839 103 34 ihnen
1511 837 95 34 nicht
1638 836 57 34 das
1724 838 156 32 Interesse
1908 847 44 21 an
1984 833 57 34 der
2068 828 205 38 Landschaft

1116 894 179 46 überwog,
1324 891 145 35 sondern
1496 890 72 34 sich
1595 902 65 21 nur
1687 888 46 34 als
1762 888 143 34 düsteres
1933 884 208 48 Mitklingen
2168 882 104 34 durch

1115 946 54 35 die
1188 946 193 46 Stimmung
1402 945 56 33 der
1477 939 205 38 Landschaft
1707 954 73 34 zog.
1823 943 40 32 Es
1891 938 118 36 wurde
2032 938 72 34 ihm
2130 936 140 39 schwer,

1115 997 99 36 dafür
1234 998 55 35 das
1310 997 110 35 rechte
1439 995 92 36 Mafs
1550 1008 40 22 zu
1609 994 123 36 finden.

1196 1051 93 35 Seine
1313 1050 99 47 Jagd
1437 1049 69 35 der
1529 1049 136 34 Diana
1688 1047 48 33 im
1755 1045 127 36 Baseler
1900 1047 160 32 Museum
2193 1040 79 47 lang

1114 1104 71 34 und
1212 1105 86 33 circa
1355 1106 9 13 T
1367 1101 25 42 /z
1397 1100 18 20 //
1436 1101 107 47 hoch)
1573 1101 59 34 hat
1658 1112 33 22 er
1715 1100 36 34 in
1948 1097 35 34 in
2009 1096 69 35 vier
2103 1097 145 30 Sommer-

1115 1166 163 26 monaten
1303 1154 125 50 gemalt
1529 1155 71 33 eine
1625 1150 221 41 Landschaft,
1873 1150 73 33 sehr
1970 1145 212 50 ausgeführt,
2209 1145 61 34 mit

1116 1213 149 31 Bäumen
1290 1207 72 36 und
1390 1206 110 36 Schilf
1521 1206 69 34 und
1618 1205 69 34 drei
1714 1202 287 38 vorbeieilenden,
2029 1201 97 33 einen
2148 1198 123 34 Hirsch

1115 1261 241 48 verfolgenden
1384 1259 294 48 Diananymphen.
1733 1260 43 31 Er
1808 1254 112 37 führte
1950 1253 66 34 dies
2045 1265 60 27 an,
2140 1264 57 21 um
2230 1263 40 20 zu

1117 1328 115 34 sagen,
1255 1315 67 35 wie
1343 1313 64 35 viel
1426 1325 80 22 man
1526 1312 115 34 leisten
1660 1309 131 40 könne,
1811 1320 102 23 wenn
1933 1319 79 22 man
2034 1313 59 39 gut
2114 1312 156 38 angeregt

1114 1369 42 33 ist
1176 1367 68 34 und
1265 1366 53 35 die
1337 1365 212 49 verkörperte
1567 1363 228 46 Erscheinung
1815 1361 54 34 des
1889 1359 107 35 Bildes
2016 1356 163 36 innerlich
2198 1354 72 35 klar

1115 1434 60 22 vor
1195 1423 123 45 Augen
1336 1419 69 34 hat.

1192 1534 243 33 Tintoretto
1454 1529 86 37 habe
1565 1527 63 37 auf
1649 1529 108 34 einem
1782 1525 227 36 dunkelroten
2028 1522 119 37 Grund
2172 1522 98 33 meist

1113 1587 161 34 lasierend
1291 1584 125 49 gemalt
1430 1583 71 35 und
1517 1583 53 34 die
1585 1582 144 43 Lichter,
1744 1593 60 21 um
1819 1579 44 34 sie
1877 1576 164 37 wirksam
2056 1588 40 22 zu
2112 1574 154 40 machen,

1113 1639 155 34 meistens
1293 1636 63 36 fett
1383 1635 228 49 aufgetragen.
1650 1633 111 35 Daher
1785 1631 71 36 sind
1882 1630 62 35 alle
1971 1629 150 34 lasierten
2145 1627 123 34 Stellen

1113 1690 65 36 fast
1199 1692 149 33 schwarz
1367 1688 183 48 geworden
1576 1686 71 35 und
1667 1686 52 35 die
1739 1684 131 36 Lichter
1889 1682 99 36 allein
2015 1681 80 48 grell
2115 1680 69 34 und
2203 1693 44 21 un-

1113 1743 183 36 vermittelt
1314 1742 114 35 stehen
1447 1739 184 49 geblieben.

1192 1795 146 35 Böcklin
1365 1802 124 26 nannte
1517 1793 59 34 ihn
1600 1792 54 33 bei
1682 1790 45 35 all
1753 1790 122 33 seinem
1899 1787 121 34 Talent
2043 1786 96 33 einen
2162 1784 106 34 rohen

1113 1849 195 35 Schmierer.
1346 1847 65 34 Die
1435 1846 124 34 älteren
1578 1844 109 35 Maler
1710 1855 69 22 von
1799 1841 146 35 Giotto
1970 1839 57 33 bis
2048 1837 219 35 Leonardo

1113 1901 108 35 haben
1240 1901 155 34 meistens
1416 1897 65 36 auf
1497 1898 108 34 einem
1623 1895 141 36 weifsen
1780 1892 120 36 Grund
1915 1891 135 49 gemalt.
2079 1893 83 31 Man
2177 1888 90 35 mufs

1115 1954 89 35 dann
1223 1954 68 34 wie
1316 1953 62 34 mit
1397 1950 160 49 Aquarell
1580 1947 174 37 verfahren
1776 1945 178 49 (tuschend
1980 1942 177 48 nämlich).
2194 1942 76 34 Alle

1112 2010 72 43 jene
1202 2005 110 35 Maler
1336 2003 110 36 haben
1466 2002 76 35 aber
1565 1999 246 49 infolgedessen
1839 1999 87 34 auch
1950 2010 57 34 gar
2026 1995 97 35 keine
2142 1993 108 36 Relief-

1114 2059 219 45 erscheinung
1359 2056 56 34 des
1439 2055 107 34 Bildes
1574 2052 174 36 anstreben
1771 2051 150 35 können.
1957 2051 42 33 W
1999 2051 10 12 r
2011 2062 64 21 enn
2101 2060 79 22 man
2209 2044 65 37 auf

1115 2112 72 33 eine
1216 2110 157 49 plastisch
1407 2107 106 36 runde
1540 2105 179 48 Wirkung
1747 2104 158 47 ausgeht,
1938 2103 42 33 ist
2015 2099 142 37 dunkler
2190 2099 80 35 oder

1115 2164 200 46 wenigstens
1337 2174 117 35 grauer
1473 2159 120 36 Grund
1612 2157 268 36 unentbehrlich.

1193 2214 204 40 Sonderbar,
1435 2211 72 36 dafs
1545 2225 68 21 von
1650 2211 64 33 den
1750 2207 306 37 Altdeutschen
2092 2203 178 49 eigentlich

1113 2272 129 31 Dürer
1270 2267 101 35 allein
1394 2265 126 35 farblos
1545 2265 60 39 ist,
1630 2262 163 36 während
1820 2261 52 34 die
1895 2260 109 35 Bilder
2027 2271 69 23 von
2121 2256 120 35 Wohl-

1115 2321 183 48 gemuth.
1320 2320 152 37 Schön,
1494 2315 253 37 Grünewald
1768 2314 57 47 (zu
1841 2312 153 47 Colmar)
2011 2311 71 34 und
2096 2309 174 36 besonders

1113 2373 185 35 Holbein
1327 2371 153 49 prächtig
1514 2371 35 33 in
1583 2369 57 34 der
1668 2368 98 34 Farbe
1801 2366 85 35 sind.
1941 2368 67 31 Der
2041 2361 139 37 Einflufs
2214 2362 55 34 der

1113 2425 241 37 Reformation
1374 2425 40 33 ist
1435 2422 131 40 Grund,
1585 2420 72 36 dafs
1681 2420 87 35 nach
1787 2419 111 34 diesen
1916 2418 161 33 Meistern
2096 2416 53 34 die
2163 2417 109 32 Kunst

1113 2492 84 35 ganz
1216 2477 166 35 ausstirbt.

1193 2530 153 35 Holbein
1373 2529 59 34 hat
1460 2528 154 34 meistens
1644 2524 64 36 auf
1736 2525 96 34 einen
1860 2536 83 35 ganz
1976 2521 150 35 dunkeln
2155 2519 117 36 Grund

1115 2585 89 33 seine
1224 2582 108 35 Bilder
1351 2582 177 47 gestimmt.

1195 2635 138 40 Schade,
1353 2632 72 37 dafs
1446 2634 69 33 sich
1534 2645 68 22 von
1621 2630 56 35 der
1696 2632 110 32 Kunst
1823 2632 88 44 jener
1929 2627 148 39 Meister,
2096 2624 175 36 besonders

1115 2702 69 22 von
1209 2689 57 33 der
1293 2686 257 37 Kölnischen
1580 2683 154 36 Schule
1762 2682 98 34 keine
1880 2678 125 37 Schrift
2028 2679 150 34 erhalten
2201 2679 69 33 hat.

1188 2743 213 43 Heutzutage
1420 2746 94 39 wagt
1533 2750 80 21 man
1632 2735 170 49 garnicht,
1828 2733 54 34 ein
1901 2732 73 34 Bild
1994 2731 48 35 bis
2067 2744 40 21 zu
2126 2731 89 33 einer
2234 2743 36 21 so

1120 2792 176 49 freudigen
1333 2790 346 46 Farbenerscheinung
1716 2801 39 21 zu
1793 2786 152 46 steigern.
2009 2784 62 34 Die
2108 2783 163 34 Kenntnis

1119 2846 100 35 vieler
1239 2844 123 35 Farben
1380 2844 43 34 ist
1441 2843 88 35 auch
1547 2841 151 35 verloren
1718 2851 183 36 gegangen,
1922 2851 37 21 so
1980 2836 51 35 die
2051 2836 54 35 des
2124 2836 150 34 schönen

1120 2899 157 34 Schwarz
1306 2897 117 47 (unser
1452 2895 103 35 bestes
1581 2895 157 33 Schwarz
1765 2893 42 33 ist
1832 2889 262 47 Velinschwarz)
2124 2888 69 35 und
2222 2888 52 34 die

1122 2951 54 34 des
1192 2950 194 49 prächtigen
1402 2948 85 36 Gelb
1506 2947 72 35 und
1591 2945 140 36 Violett.
1759 2947 160 31 Letzteres
1938 2942 92 35 hatte
2044 2940 144 36 Böcklin
2204 2942 54 33 ein-

1121 3003 68 35 mal
1205 3001 206 40 annähernd,
1427 3001 45 33 als
1487 2999 162 35 violetten
1664 2996 201 49 Krapplack.
1886 2998 42 31 Er
1943 3007 73 23 war
2030 2995 35 33 in
2079 2993 195 35 trockenem

1124 3055 168 35 Zustande
1311 3057 106 31 schon
1441 3053 53 33 ein
1513 3050 141 36 dunkles
1674 3050 146 40 Violett,
1841 3049 62 33 mit
1923 3047 64 35 Oel
2006 3046 152 47 gerieben
2177 3046 79 34 über-

1123 3107 71 35 traf
1210 3121 33 21 er
1262 3119 98 35 sogar
1380 3105 154 35 Schwarz
1552 3104 54 34 bei
1624 3104 140 34 weitem
1783 3115 43 21 an
1843 3099 106 37 Tiefe.

1204 3161 80 33 Eine
1312 3158 216 48 Hauptsache
1562 3158 55 33 der
1650 3154 246 49 prächtigen
1922 3151 211 48 Wirkung
2162 3155 113 43 jener

1122 3213 155 35 Farben
1311 3212 41 34 ist
1380 3210 176 47 allerdings
1585 3208 87 35 auch
1707 3206 52 35 die
1787 3206 166 35 Präzision
1985 3205 70 34 und
2084 3205 111 33 Glätte
2223 3204 54 34 des

1125 3269 173 43 Vortrags.
1336 3263 94 35 Glatt
1450 3261 103 36 wirkt
1571 3261 72 46 jede
1661 3260 99 33 Farbe
1779 3259 123 34 stärker
1921 3257 70 35 und
2011 3257 197 48 prächtiger.

1127 3321 40 31 Es
1194 3318 81 47 liegt
1304 3316 76 35 aber
1406 3315 87 35 auch
1519 3327 42 22 an
1585 3313 55 34 der
1659 3315 100 31 Prosa
1778 3324 132 21 unserer
1927 3310 121 34 Farben
2070 3311 58 47 (an
2147 3309 130 35 welche

1129 3371 65 35 wir
1218 3383 61 22 uns
1303 3382 64 21 nur
1392 3368 102 34 leider
1517 3379 67 22 von
1609 3364 129 48 Jugend
1764 3363 64 35 auf
1848 3363 166 47 gewöhnt
2037 3361 146 47 haben),
2208 3360 71 36 dafs

1130 3424 67 35 wir
1216 3422 97 35 keine
1334 3420 113 35 solche
1465 3419 240 47 Farbenpracht
1725 3415 168 36 erreichen
1912 3415 150 36 können.

1574 3533 32 33 6.
1627 3532 133 45 August
1782 3531 58 33 66.

1204 3604 144 36 Böcklin
1375 3605 60 33 hat
1466 3601 54 35 die
1543 3602 117 35 Wiese
1684 3599 143 35 dunkler
1851 3598 70 35 und
1945 3597 143 49 farbiger
2112 3603 85 42 grün
2225 3611 39 34 ge-

1125 3659 124 35 macht.
1286 3657 147 39 Vorher,
1461 3655 47 34 als
1536 3655 45 33 sie
1607 3653 105 35 heller
1739 3652 70 35 und
1835 3650 106 36 fahler
1968 3664 89 28 war,
2086 3651 132 34 machte
2237 3652 46 33 sie

2380 548 120 33 immer
2527 545 63 34 den
2615 542 188 41 Eindruck,
2837 541 47 35 als
2912 545 92 31 wäre
3032 541 47 33 sie
3106 553 68 22 von
3201 539 98 35 Licht
3327 538 210 43 überstrahlt,

2380 598 162 35 während
2559 601 77 44 jetzt
2655 597 57 34 das
2723 594 220 36 Sonnenlicht
2961 607 64 21 nur
3039 594 37 33 in
3091 592 56 35 der
3157 591 83 35 Luft
3253 592 52 35 ist.
3335 595 40 31 Es
3392 591 144 35 mufsten

2378 651 171 35 natürlich
2573 663 73 21 nun
2670 649 89 34 auch
2785 647 52 35 die
2857 645 245 37 Sonnenblicke
3125 644 89 36 links
3234 658 42 21 an
3295 644 63 35 den
3380 644 138 34 Lorbeer-

2378 709 165 30 stämmen
2562 700 186 37 fortfallen.
2777 701 65 34 Die
2862 713 100 35 ganze
2977 697 205 37 Landschaft
3201 698 41 34 ist
3260 698 153 34 dadurch
3432 697 85 35 wirk-

2378 758 116 40 licher,
2519 753 232 50 körperhafter
2770 752 196 49 geworden.
3003 752 101 34 Auch
3128 752 52 34 die
3199 750 99 35 Farbe
3324 749 56 35 der
3399 750 139 47 Figuren

2378 809 124 36 mufste
2522 807 126 36 stärker
2666 806 147 36 werden.

2456 861 122 36 Neben
2597 860 56 35 der
2666 858 142 36 weifsen
2821 856 82 36 Luft
2917 857 163 36 erscheint
3098 856 100 35 selbst
3217 856 57 35 das
3289 854 139 36 stärkste
3439 858 96 33 Grün

2378 924 85 26 matt
2481 915 71 34 und
2571 912 190 49 gebrochen
2782 911 69 48 (die
2869 911 117 34 Wiese
3010 911 42 33 ist
3077 911 62 33 mit
3164 914 86 43 grün
3269 908 170 35 Zinnober
3465 908 69 34 und

2378 974 85 42 grün
2487 967 126 35 Kobalt
2639 964 162 49 gemalt),
2834 963 162 36 während
3028 962 229 35 schwächeres
3283 964 96 32 Grün
3411 973 42 22 an
3481 960 55 35 der

2376 1019 174 37 Felswand
2576 1019 105 35 rechts
2706 1017 125 35 stärker
2857 1016 162 40 aussieht,
3048 1015 43 34 da
3120 1014 57 35 der
3194 1013 96 36 Blick
3315 1014 95 34 nicht
3429 1013 106 34 durch

2376 1073 102 36 helles
2498 1072 98 35 Licht
2615 1070 175 49 geblendet
2810 1069 98 35 wird.

2455 1128 116 32 Wenn
2592 1124 56 35 der
2667 1122 124 36 Käufer
2810 1122 71 34 ihm
2906 1120 95 35 mehr
3025 1119 164 40 bezahlte,
3217 1117 144 36 äufserte
3380 1116 155 42 Böcklin,

2376 1178 119 36 würde
2514 1191 33 21 er
2566 1176 99 37 wohl
2683 1176 92 34 noch
2794 1176 52 33 ein
2865 1173 113 35 halbes
2996 1173 77 45 Jahr
3092 1171 65 36 auf
3173 1172 55 34 das
3244 1171 74 34 Bild
3334 1169 200 36 verwenden

2376 1232 71 34 und
2462 1244 30 21 es
2509 1230 51 47 (in
2575 1230 64 34 den
2653 1228 113 35 feinen
2779 1227 265 35 Unterschieden
3063 1239 69 21 von
3147 1223 303 48 bräunlichgrauen
3466 1223 70 34 und

2376 1284 72 35 kalt
2475 1288 211 43 grüngrauen
2710 1280 138 47 Tönen)
2874 1280 48 33 bis
2954 1292 40 21 zu
3022 1276 304 50 stereoskopischer
3351 1276 185 34 Wahrheit

2376 1335 246 41 herausbilden,
2642 1348 36 21 so
2699 1333 72 35 dafs
2791 1333 57 34 der
2867 1333 184 33 Beschauer
3071 1329 64 36 fast
3156 1330 104 35 davor
3281 1327 200 37 erschrecke.

2456 1390 56 33 Bei
2531 1388 112 34 seinen
2658 1385 308 36 Lorbeerstämmen
2984 1383 144 35 äufserte
3142 1381 162 36 Böcklin:
3323 1381 92 46 Jeder
3431 1383 105 31 Baum

2376 1442 91 34 hätte
2496 1439 107 36 aufser
2628 1440 65 34 den
2711 1437 241 47 Windungen,
2979 1436 53 34 die
3051 1435 110 36 Wind
3185 1435 69 35 und
3274 1435 98 34 Licht
3395 1433 119 35 hervor-

2376 1494 150 47 bringen,
2548 1493 85 35 auch
2652 1491 91 35 noch
2763 1492 73 33 eine
2855 1491 112 33 innere
2978 1489 183 47 Windung
3177 1488 56 34 der
3247 1487 125 39 Zellen,
3394 1486 52 34 die
3462 1486 71 34 sich

2376 1546 115 35 aufsen
2519 1547 36 33 in
2582 1546 64 34 den
2670 1545 147 34 Furchen
2846 1543 55 34 der
2926 1541 110 36 Rinde
3071 1541 203 49 ausspräche.
3320 1540 77 33 Dies
3431 1538 102 35 findet

2374 1600 88 34 beim
2481 1598 142 36 Lorbeer
2641 1597 151 47 weniger
2810 1604 90 26 statt.
2943 1597 68 33 Am
3030 1594 138 34 meisten
3192 1594 42 34 ist
3254 1606 32 21 es
3305 1592 54 34 bei
3378 1590 136 48 Schling-

2374 1652 150 48 pflanzen
2544 1649 154 37 sichtbar.

2453 1707 117 32 Wenn
2590 1703 77 35 alles
2687 1701 98 36 wahr
2803 1700 144 49 gegeben
2967 1700 60 39 ist,
3047 1699 128 34 ordnen
3198 1698 71 35 sich
3287 1696 245 35 Nebensachen

2374 1771 70 21 von
2472 1755 97 36 selbst
2597 1764 97 26 unter
2723 1754 84 48 (wie
2834 1751 242 37 Baumformen
3100 1750 92 47 etc.).
3240 1753 41 31 Es
3310 1748 105 37 wirkt
3445 1748 88 35 dann

2375 1811 120 33 immer
2519 1822 64 22 nur
2607 1809 56 34 das
2690 1806 262 50 psychologisch
2978 1804 244 35 Bedeutendere
3248 1803 70 34 und
3343 1815 79 21 man
3448 1802 84 33 sieht

2375 1871 104 26 zuerst
2500 1860 63 37 auf
2576 1861 53 34 die
2648 1862 151 46 Figuren.

2454 2012 67 34 Mit
2540 2009 173 36 äufserster
2733 2008 181 36 Wahrheit
2932 2006 71 35 und
3022 2003 309 51 geschmackvoller
3351 2002 109 36 Wahl
3481 2016 35 20 er-

2375 2064 104 34 reicht
2498 2077 79 21 man
2597 2062 145 48 gröfsere
2761 2060 201 41 Schönheit,
2987 2058 46 35 als
3058 2058 63 35 mit
3145 2056 207 36 erfundenen
3371 2055 143 36 willkür-

2375 2117 111 34 lichen
2504 2119 150 32 Formen.

2454 2167 289 48 Zwecklosigkeit
2767 2167 48 34 im
2839 2164 170 36 Schmuck
3035 2162 105 37 wirkt
3168 2163 120 34 immer
3312 2160 221 49 ungeschickt

2376 2222 68 34 und
2464 2222 166 34 bäurisch.

2456 2371 117 33 Wenn
2596 2382 79 21 man
2699 2368 53 34 ein
2776 2366 75 35 Bild
2876 2364 200 49 verkörpern
3107 2363 94 40 will,
3231 2363 58 34 hat
3320 2375 79 21 man
3427 2369 106 27 zuerst

2378 2424 96 34 einen
2492 2421 262 35 unbestimmten
2772 2417 170 36 Eindruck
2961 2417 70 34 und
3051 2416 98 35 sucht
3171 2415 112 35 diesen
3300 2415 120 34 immer
3439 2414 94 34 mehr

2378 2489 40 21 zu
2437 2476 134 34 fixieren
2595 2474 69 34 und
2691 2471 99 36 dafür
2815 2472 73 33 eine
2913 2479 79 39 gute
3011 2472 98 32 Form
3135 2482 40 21 zu
3194 2467 120 35 finden.
3356 2469 86 31 Man
3462 2479 54 22 ver-

2378 2529 97 34 sucht
2485 2527 196 46 vorsichtig,
2693 2538 71 23 was
2781 2525 109 34 einem
2904 2523 139 49 passend
3058 2522 141 39 scheint,
3214 2519 224 40 dazuzuthun,
3454 2519 81 47 geht

2379 2582 90 33 dann
2495 2579 74 36 aber
2594 2580 120 33 immer
2742 2577 127 36 wieder
2893 2589 82 22 vom
3000 2573 171 37 Eindruck
3198 2586 57 22 aus
3284 2571 70 35 und
3378 2571 78 35 läfst
3476 2571 58 34 ihn

2379 2634 79 34 alles
2477 2632 219 48 Ungehörige
2717 2629 197 36 ausstofsen.
2947 2630 43 32 Ist
3010 2641 80 21 man
3110 2626 79 34 über
3210 2626 52 34 die
3281 2625 132 34 Motive
3434 2625 100 46 einig,

2378 2700 36 21 so
2449 2684 87 36 mufs
2570 2684 56 35 der
2658 2683 238 34 künstlerische
2922 2678 209 38 Geschmack
3166 2678 188 34 dazutreten
3386 2677 72 34 und
3490 2677 45 33 sie

2379 2739 136 34 ordnen.
2553 2740 44 31 So
2616 2737 119 34 wurde
2754 2734 143 36 Böcklin
2916 2734 52 34 bei
2993 2733 105 34 seiner
3117 2731 126 35 Viola
3264 2730 106 34 durch
3389 2730 53 34 die
3461 2730 75 33 Idee

2380 2799 174 40 angeregt,
2581 2791 69 34 wie
2674 2789 70 34 sich
2769 2789 53 33 ein
2841 2785 89 37 sanft
2949 2784 193 36 lächelnder
3161 2783 143 35 dunkler
3323 2781 100 50 Kopf
3437 2780 99 37 wohl

2379 2844 81 34 über
2488 2844 64 34 den
2571 2841 289 37 dunkelvioletten
2878 2838 163 36 Veilchen
3062 2838 198 38 ausnimmt,
3280 2836 53 33 bei
3352 2834 185 47 dämmerig

2380 2905 122 26 ernster
2521 2897 203 45 Stimmung.

2460 2949 134 34 Solches
2613 2947 75 35 Bild
2707 2951 108 30 müsse
2834 2958 80 22 man
2931 2957 63 22 vor
3013 2944 127 47 Beginn
3166 2950 63 27 erst
3251 2939 63 36 auf
3328 2941 115 48 Papier
3462 2952 57 21 aus-

2382 3001 126 50 proben
2526 3000 70 35 und
2615 2999 154 35 ziemlich
2787 2998 139 34 ähnlich
2944 2997 170 39 zeichnen,
3135 2994 108 35 damit
3263 3006 78 22 man
3360 2993 95 34 nicht
3474 2992 64 33 den

2382 3054 120 36 Grund
2521 3053 146 35 verdirbt
2691 3052 70 34 und
2787 3051 90 34 beim
2897 3048 231 37 Aufzeichnen
3152 3048 71 34 sich
3243 3046 94 34 nicht
3357 3045 106 34 durch
3482 3044 56 34 das

2382 3105 132 37 Modell
2535 3107 127 47 gehetzt
2681 3104 102 35 fühlt.

2462 3258 52 32 Im
2532 3253 177 48 Vergleich
2728 3253 62 33 mit
2804 3252 164 39 Tizian,
2989 3250 56 35 der
3060 3250 118 33 immer
3194 3249 53 34 ein
3262 3247 107 36 voller
3383 3245 157 36 Künstler

2384 3321 89 28 war,
2503 3308 44 34 sei
2573 3305 248 37 Rembrandt
2851 3305 54 34 ein
2930 3302 125 35 kleines
3075 3301 140 41 Talent,
3241 3300 56 35 der
3316 3300 69 35 sein
3403 3302 114 44 Haupt-

2386 3359 203 49 augenmerk
2609 3358 65 35 auf
2688 3358 57 34 das
2765 3358 146 34 Machen
2931 3356 161 47 gerichtet
3112 3354 96 35 habe.

2832 3482 33 34 7.
2886 3472 132 46 August
3040 3471 57 33 66.

2467 3544 143 35 Böcklin
2629 3544 123 33 meinte
2771 3542 56 34 das
2848 3544 94 31 Grün
2962 3540 57 33 der
3037 3539 133 40 Wiese,
3194 3537 56 34 das
3271 3549 33 21 er
3323 3532 217 49 vorwiegend

2389 3598 62 35 mit
2470 3597 147 34 dünnem
2637 3599 95 31 Grün
2751 3593 126 50 gemalt
2901 3593 59 34 hat
2985 3591 71 35 und
3082 3604 90 22 zwar
3198 3588 62 36 auf
3281 3589 97 33 einen
3397 3586 143 36 helleren

2390 3650 129 40 Grund,
2538 3648 118 37 würde
2676 3648 77 34 bald
2773 3647 87 34 seine
2874 3646 127 34 Frische
3018 3643 171 37 verlieren.
3218 3645 44 31 So
3282 3641 79 48 geht
3381 3653 31 21 es
3433 3640 107 34 einem
