3725 4572
2229 3872 211 42 164

1742 553 118 43 Aber
1893 553 77 41 das
2003 550 83 43 ist’s
2114 550 60 57 ja:
2301 548 77 42 das
2411 548 105 42 viele
2549 545 184 57 Gepäck,

1742 624 74 41 mit
1848 623 97 42 dem
1977 637 100 27 man
2110 621 87 42 sich
2230 619 152 42 durchs
2415 618 148 42 Leben
2594 616 209 55 schleppt!

1743 694 132 42 Einen
1908 692 158 43 Mantel
2098 706 82 35 um,
2215 691 81 41 den
2329 691 90 40 Hut
2451 690 62 41 ins
2547 686 183 50 Gesicht,

1743 766 119 40 einen
1895 762 133 44 Stock
2059 763 41 41 in
2132 761 65 42 die
2229 760 147 42 Hand!
2418 759 119 42 mehr
2568 755 178 44 braucht
2779 769 45 27 es
2858 754 127 42 nicht!

1743 835 64 41 ein
1839 833 172 42 bischen
2043 833 94 40 Mut
2168 830 87 43 und
2288 829 346 49 Glückvertraun,

1744 906 64 40 ein
1840 904 172 42 bischen
2045 901 247 44 Zuversicht
2324 914 51 27 zu
2407 899 87 42 sich
2528 898 146 49 selber,

2016 987 110 40 ganz
2159 971 93 41 still!

1744 1044 112 42 dann
1890 1044 84 56 geh
2007 1042 86 42 und
2125 1042 179 49 komme,
2337 1053 90 28 was
2462 1038 55 42 da
2549 1037 89 50 will,

1745 1115 56 41 du
1833 1113 201 42 brauchst
2066 1112 111 41 nicht
2208 1110 206 56 ängstlich
2445 1107 377 55 zurückzusorgen,

1745 1185 56 42 ob
1835 1184 100 42 alles
1968 1185 39 40 in
2042 1182 218 55 Ordnung,
2293 1180 85 41 und
2411 1177 270 51 umzudrehn,

1745 1255 56 41 du
1833 1254 153 42 kannst
2011 1251 242 57 jedwedem
2278 1251 162 54 jungen
2472 1249 185 54 Morgen

1744 1326 73 40 mit
1849 1324 120 42 freier
2002 1322 125 42 Kraft
2159 1318 345 58 entgegengehn!

2305 1609 37 40 II

2008 1749 94 42 Auf
2130 1748 81 41 den
2243 1748 155 41 Höhen
2431 1746 75 42 des
2538 1746 169 41 Lebens

2009 1820 57 41 du
2100 1818 210 42 dachtest:

2008 1891 41 40 in
2081 1888 264 57 Ewigkeiten
2377 1902 51 27 zu
2464 1887 158 42 senken

2010 1960 78 41 das
2121 1959 204 42 trunkene
2357 1959 129 54 Auge
2511 1991 6 8 .
2542 1992 7 6 .
2571 1991 7 7 .

2009 2030 86 42 und
2128 2030 198 41 erkennst

2010 2101 111 42 noch
2152 2100 117 42 tiefer
2302 2113 78 27 nur

2011 2171 75 42 des
2119 2183 163 44 ganzen
2317 2168 194 42 Getriebs

2010 2241 194 42 kernlose
2237 2239 243 42 Schalheit.
2505 2272 6 7 .
2537 2272 8 7 .

2011 2312 77 41 auf
2115 2311 81 42 den
2229 2309 153 43 Höhen
2417 2309 74 41 des
2524 2307 186 42 Lebens!

2013 2451 108 42 auch
2154 2451 114 41 diese
2300 2448 252 43 Erkenntnis
2587 2447 101 42 aber

2236 2521 54 41 ist
2316 2555 7 7 .
2347 2554 7 7 .
2378 2554 7 7 .
2406 2519 120 56 Sieg!

2310 2696 55 39 111

1750 2837 101 43 Und
1882 2837 148 41 immer
2062 2836 142 42 weiter
2237 2835 113 41 führt
2384 2834 93 41 dein
2511 2834 120 54 Weg

1750 2907 86 43 und
1869 2909 147 40 immer
2048 2907 118 41 mehr
2197 2907 89 54 legt
2318 2905 88 41 sich
2438 2903 203 42 allmälich
2674 2902 99 41 alles
2807 2901 134 41 hinter
2974 2900 103 50 dich,

1752 2992 90 28 was
1876 2978 55 40 du
1964 2978 40 40 in
2036 2976 290 55 Kindertagen
2356 2975 105 40 einst

1752 3048 73 41 mit
1856 3046 256 57 glühendem
2142 3045 198 42 Wunsch
2372 3045 40 41 in
2446 3044 118 41 deine
2598 3043 183 41 Zukunft
2812 3045 221 38 träumtest
3057 3074 6 7 .

1753 3118 55 41 du
1841 3118 155 41 hättest
2026 3117 64 41 bis
2121 3130 97 28 zum
2249 3116 148 40 letzten
2429 3116 107 39 Rest
2568 3113 150 41 darum
2751 3111 226 56 gekämpft.

1753 3249 125 41 Doch
1910 3249 79 41 wie
2023 3247 56 42 du
2111 3247 362 41 weiterschreitest
2506 3245 131 41 durch
2670 3244 65 42 die
2761 3244 127 53 Jahre

1754 3319 90 41 reift
1877 3318 86 41 eins
1996 3332 94 27 ums
2124 3318 131 40 andre
2289 3317 61 41 dir
2382 3331 88 27 von
2502 3316 131 41 selbst
2665 3320 213 50 entgegen

1754 3388 85 41 und
1870 3388 134 55 hängt
2036 3388 73 40 mit
2140 3387 140 42 vollen
2312 3387 212 41 Früchten
2556 3385 104 42 über
2693 3384 164 42 deinem
2889 3383 119 54 Weg
3032 3415 6 7 .
3062 3414 6 6 .

1755 3522 71 39 Du
1859 3520 128 41 siehst
2020 3533 55 36 es,
2107 3519 173 41 lächelst
2311 3518 86 42 und
2420 3553 7 7 .
2450 3552 7 8 .
2480 3552 8 8 .
2512 3518 124 55 gehst
2668 3516 161 42 weiter!

1755 3653 72 40 Du
1858 3651 157 41 hättest
2046 3651 64 42 bis
2143 3666 95 27 zum
2269 3651 149 42 letzten
2450 3651 108 41 Rest
2591 3649 149 41 darum
2771 3645 220 57 gekämpft
