3654 4572
1384 3821 212 46 199

349 529 58 21 zur
428 517 182 35 Siedehitze
630 518 260 48 aufgestachelte
910 523 173 36 Phantasie
1108 525 105 36 durch
1233 527 183 37 asketische
1437 533 44 32 Ge-

348 567 101 35 lübde
481 569 187 47 gefesselter
695 573 152 34 Mönche
886 575 69 34 und
988 579 151 33 Nonnen
1176 593 40 21 zu
1253 581 147 35 erfinden
1431 597 54 20 ver-

348 620 151 41 mochte,
525 623 114 33 indem
667 624 46 35 sie
738 626 62 33 mit
826 626 75 34 dem
920 628 108 35 Bruch
1047 630 55 34 des
1122 633 379 48 Keuschheitsgelübdes

348 680 63 26 erst
438 672 53 35 die
515 674 141 35 höchste
675 678 125 33 Weihe
826 679 160 35 erhielten
1012 682 48 33 im
1080 684 135 35 Dienste
1234 685 55 34 der
1307 686 104 34 Hölle
1430 688 70 34 und

345 724 48 33 im
408 725 115 35 Bunde
538 727 62 33 mit
613 727 105 35 ihrem
729 731 120 39 Herrn,
865 731 76 34 dem
951 735 115 46 König
1080 734 57 36 der
1152 736 223 36 fleischlichen
1389 742 109 32 Lüste.

349 779 66 31 Der
435 779 202 33 Satanismus
657 782 140 34 wurzelt
817 783 48 33 im
884 784 165 37 Glauben.

423 831 61 32 Für
496 830 62 34 den
569 831 80 34 über
661 833 53 34 die
724 834 176 35 seelischen
910 835 136 37 Affekte
1057 840 177 35 erotischer
1244 844 113 33 Natur
1367 842 112 36 bestän-

343 880 57 47 dig
415 882 204 46 grübelnden
633 887 91 46 Rops
739 899 73 21 war
827 887 56 35 der
898 891 202 34 Satanismus
1116 892 53 35 ein
1184 894 311 48 unerschöpfliches

343 933 129 40 Gebiet,
502 936 88 33 seine
619 938 283 47 unvergleichlich
928 944 187 45 suggestive
1136 945 360 50 Ausdrucksfähigkeit

341 998 40 20 zu
397 986 171 47 erproben.
597 988 83 35 Dafs
701 991 52 33 ein
774 991 164 47 gröfserer
956 995 73 33 Teil
1053 995 103 35 dieser
1174 998 158 34 Arbeiten
1355 1000 139 35 niemals

341 1050 42 20 an
412 1038 53 34 die
493 1037 278 40 Oeffentlichkeit
799 1044 135 48 gelangt
962 1047 41 33 ist
1114 1050 86 33 auch
1234 1051 35 33 in
1296 1051 198 36 Frankreich

341 1089 94 34 nicht
526 1091 121 35 erklärt
666 1094 70 34 sich
757 1108 57 21 aus
833 1096 106 35 ihrem
960 1101 232 45 Gegenstände
1211 1115 67 21 von
1298 1103 108 36 selbst.
1441 1106 53 33 Sie

339 1142 137 34 werden
496 1152 76 25 stets
593 1145 177 49 apokryph
790 1146 129 37 bleiben
936 1151 69 33 und
1020 1152 72 34 sind
1108 1165 63 21 nur
1187 1155 194 35 esoterische
1396 1159 94 33 Kost.

336 1196 118 38 sjVohs
480 1208 106 27 savez,
612 1211 49 20 ces
687 1199 114 35 choses
825 1210 76 25 sont
926 1203 339 48 archilibidineuses«,
1291 1208 143 35 schreibt
1458 1223 33 21 er

339 1246 79 34 über
437 1248 87 33 seine
544 1261 137 35 eigenen
703 1252 125 35 Sachen
854 1254 34 33 in
913 1255 108 34 einem
1039 1256 117 35 Briefe.
1199 1261 66 31 Der
1284 1261 68 32 rein
1372 1259 99 37 künst-

335 1297 138 36 lerische
494 1301 127 34 Genufs
641 1303 70 33 und
737 1303 53 35 ihr
815 1304 130 36 tieferer
964 1308 123 34 Gehalt
1106 1310 87 33 wird
1218 1313 191 34 manchmal
1430 1313 40 35 da-

334 1350 106 35 durch
465 1352 92 34 nicht
582 1355 245 36 unwesentlich
853 1357 264 51 beeinträchtigt.
1154 1362 73 34 Ihre
1250 1365 130 46 geniale
1398 1368 67 32 Aus-

334 1402 292 49 drucksfähigkeit
647 1406 101 35 bleibt
767 1418 77 25 stets
865 1410 52 34 die
935 1411 137 47 gleiche.

416 1456 99 34 Auch
544 1458 75 34 dem
647 1459 158 35 Nackten
832 1462 35 33 in
896 1463 56 34 der
978 1467 272 47 gegenwärtigen
1277 1467 209 51 Auffassung

332 1506 56 34 des
417 1508 300 37 Entkleideten
746 1513 58 34 hat
833 1517 93 45 Rops
954 1529 84 22 neue
1065 1519 97 33 Reize
1190 1519 198 49 abzuringen
1413 1536 55 21 ver-

331 1560 130 34 mocht.
503 1562 92 33 Seine
621 1563 186 36 Nacktheit
835 1567 42 33 ist
903 1567 70 35 sich
1001 1569 87 35 ihrer
1116 1571 98 34 selbst
1242 1573 70 34 voll
1341 1574 146 35 bewufst

332 1612 69 33 und
422 1613 153 34 meistens
596 1618 324 47 pornographischer
934 1623 122 33 Natur.
1095 1625 66 31 Das
1177 1623 123 36 Fleisch
1319 1627 35 33 in
1374 1628 111 33 seinen

328 1665 317 48 „Enthüllungen«,
656 1678 109 25 zarten
775 1670 154 35 Reflexen
940 1673 69 34 und
1018 1677 223 44 Gegensätzen
1249 1690 75 22 zum
1334 1678 132 36 Kleider-

330 1714 98 41 stoff,
454 1730 75 21 zum
550 1721 162 39 Sammet,
738 1734 78 23 zum
835 1724 110 42 Atlas,
973 1738 75 22 zum
1067 1727 217 42 Lackstiefei,
1310 1743 77 21 zum
1412 1730 70 36 fein

330 1767 156 36 ledernen
505 1772 209 35 Handschuh
741 1774 62 34 mit
829 1788 39 22 12
891 1777 182 48 Knöpfen,
1099 1792 78 22 zum
1195 1782 196 35 Schnürleib
1411 1785 71 33 und

327 1833 77 21 zum
420 1821 172 43 Federhut,
612 1837 56 21 zur
683 1827 193 34 schwarzen
891 1830 261 49 Moulin-rouge
1171 1835 113 39 Larve,
1300 1847 75 21 zum
1390 1836 73 34 Pelz-

325 1872 96 35 werk
442 1873 80 34 oder
541 1887 75 23 zum
636 1877 156 35 seidenen
807 1881 242 48 Kniestrumpf,
1064 1884 119 34 wurde
1201 1884 55 35 für
1275 1886 65 35 den
1354 1888 105 34 Maler-

325 1924 143 35 radierer
494 1927 71 34 eine
590 1931 252 47 unversiegbare
863 1933 122 44 Quelle
1012 1934 255 38 künstlerischer
1291 1939 69 34 und
1387 1941 73 33 tech-

324 1977 130 34 nischer
479 1981 240 45 Experimente.
764 1985 107 33 Unter
899 1985 56 34 der
981 1986 121 35 halben
1130 1990 213 48 Verhüllung
1369 1993 108 34 zittert

323 2041 60 21 um
404 2042 36 21 so
461 2030 262 49 aufdringlicher
738 2034 52 35 die
804 2038 182 34 strotzende
1001 2040 198 35 Animalität
1218 2043 104 33 seiner
1335 2046 140 32 Frauen-

322 2086 138 43 Körper,
488 2083 105 34 denen
621 2086 72 33 eine
717 2084 65 37 fast
807 2088 203 36 betäubende
1034 2094 140 33 Wärme
1199 2095 71 33 und
1297 2095 178 36 elementar

322 2133 217 35 verheerende
554 2135 98 36 Kraft
671 2138 213 36 unstillbarer
898 2143 155 45 Begierde
1072 2152 248 28 auszuströmen
1334 2148 138 35 scheint.

399 2188 92 46 Rops
512 2188 81 47 ging
611 2189 35 33 in
666 2189 58 35 der
742 2190 210 51 Auffassung
972 2194 54 34 des
1041 2196 137 35 Weibes
1197 2211 68 21 von
1285 2199 56 34 der
1359 2201 95 47 eigen-

319 2237 198 43 tümlichen,
544 2240 128 35 überall
690 2243 272 36 nachweisbaren
981 2249 228 47 Erscheinung
1229 2263 74 29 aus,
1324 2251 70 35 dafs
1420 2253 51 34 bei

318 2291 141 40 Rassen,
487 2291 54 33 die
566 2293 47 33 im
633 2294 215 49 Niedergang
867 2296 158 49 begriffen
1046 2300 88 40 sind,
1155 2302 68 34 wie
1240 2306 230 46 gegenwärtig

317 2341 52 34 die
395 2344 233 34 romanischen
649 2345 142 42 Völker,
818 2349 55 34 der
897 2352 107 32 iVlann
1024 2352 76 33 dem
1266 2368 48 21 im
1332 2355 118 49 körper-

317 2394 111 34 lichen
442 2395 127 35 Verfall
585 2400 196 45 vorangeht.
819 2403 39 31 Es
877 2401 42 34 ist
938 2402 44 34 als
999 2403 43 34 ob
1057 2405 34 32 in
1106 2404 55 35 der
1176 2406 103 35 Sitten
1281 2408 186 35 Verderbnis

317 2445 56 34 das
394 2447 314 37 Geschlechtsleben
727 2451 77 35 dem
822 2453 134 42 Weibe,
978 2455 45 34 als
1042 2457 108 34 einem
1169 2455 56 36 für
1243 2459 64 34 den
1326 2460 121 35 Sinnen-

314 2498 120 46 genufs
460 2500 157 47 physisch
644 2502 125 35 stärker
794 2514 269 38 ausgestattetem
1081 2510 140 40 Wesen,
1242 2512 149 47 weniger
1409 2527 38 33 ge-

313 2548 145 37 fährlich
486 2553 137 42 würde,
652 2554 46 35 als
726 2556 76 34 dem
829 2559 137 35 Manne.
1013 2562 40 32 Es
1081 2573 134 36 vermag
1243 2563 74 34 dem
1341 2564 123 35 Zerfall

312 2601 157 48 längeren
493 2605 217 36 Widerstand
745 2616 311 40 entgegenzusetzen
1091 2614 70 34 und
1195 2614 91 35 kann
1320 2615 142 36 lasciven

313 2656 273 35 Gewohnheiten
626 2658 89 35 ohne
755 2660 195 36 merkbaren
981 2664 150 35 Schaden
1167 2667 202 47 nachgehen.
1421 2672 41 31 Es

310 2707 129 35 scheint
463 2709 35 33 in
523 2710 111 35 seinen
660 2713 258 36 unersättlichen
937 2718 122 32 Lüsten
1077 2730 40 21 zu
1136 2726 153 28 strotzen.
1326 2723 43 31 So
1390 2722 71 34 tritt

308 2771 31 21 es
358 2772 61 22 uns
439 2761 88 34 auch
551 2761 53 35 bei
622 2765 92 46 Rops
741 2773 172 40 entgegen.
952 2770 43 32 So
1021 2768 86 35 lehrt
1130 2783 32 21 es
1188 2770 53 34 die
1261 2773 199 35 Geschichte

306 2823 35 21 in
374 2811 64 35 den
461 2814 160 34 Perioden
652 2815 58 35 der
734 2820 205 46 Entartung,
967 2820 49 34 im
1043 2819 217 38 kaiserlichen
1286 2827 108 38 Rom,
1422 2826 35 34 in

305 2865 128 44 Byzanz
454 2865 71 34 und
551 2879 58 21 aus
628 2880 136 23 neuerer
783 2871 73 33 Zeit
875 2872 34 33 in
929 2872 206 42 Frankreich,
1155 2877 153 46 Spanien,
1328 2877 127 36 Italien.

304 2917 94 46 Rops
418 2918 139 34 Weiber
581 2919 75 34 sind
681 2919 98 37 keine
804 2923 177 35 morschen
1000 2925 159 41 Gebilde,
1185 2928 142 35 sondern
1350 2929 106 35 durch

304 2968 70 33 und
400 2969 107 35 durch
531 2971 215 37 animalische
764 2977 145 47 Körper,
939 2989 42 22 an
1007 2977 99 35 deren
1130 2980 162 47 trotzigen
1316 2984 138 33 Brüsten

301 3020 72 34 und
401 3021 248 37 schwellenden
672 3024 131 36 Hüften
831 3028 53 34 ein
912 3028 107 48 völlig
1047 3039 185 27 entnervtes
1256 3033 198 35 Geschlecht

301 3073 177 46 vergebens
502 3076 88 33 seine
613 3076 240 38 verbrauchten
871 3080 115 36 Kräfte
1006 3083 261 36 verschwendet.
1309 3086 52 33 Sie
1380 3086 73 35 sind

300 3123 53 35 die
372 3124 137 37 Gefäfse
529 3127 56 34 der
604 3130 251 47 physischen
873 3133 295 38 Unsterblichkeit.

379 3179 185 34 Vereinzelt
579 3181 86 47 zeigt
680 3194 33 21 er
727 3195 61 22 uns
800 3185 98 34 wohl
910 3186 87 34 auch
1008 3187 56 34 das
1079 3186 247 48 jungfräuliche
1334 3191 112 34 Weib.

298 3228 88 35 Aber
405 3231 70 33 ihre
492 3231 307 47 Jungfräulichkeit
816 3237 59 34 hat
900 3238 105 35 schon
1026 3239 52 34 die
1097 3240 246 36 Fieberschauer
1357 3243 79 34 seeli-

298 3281 93 34 scher
410 3282 255 37 Unkeuschheit
684 3286 132 35 kennen
835 3289 143 47 gelernt,
1006 3291 67 35 wie
1095 3295 86 43 jenes
1201 3293 159 35 schlanke
1379 3295 70 35 und

298 3342 85 25 zarte
402 3335 181 41 Mädchen,
604 3337 56 35 das
680 3339 48 34 im
748 3340 138 36 Schutze
906 3342 55 35 der
981 3343 206 35 Dunkelheit
1206 3358 54 21 am
1279 3345 94 35 Fufse
1392 3347 55 35 des

296 3385 246 50 Gekreuzigten
560 3389 94 35 ihren
670 3391 80 34 Leib
769 3393 35 33 in
822 3394 217 45 hysterischer
1049 3396 219 49 Verzückung
1288 3398 159 36 entblöfst

293 3436 60 36 hat
372 3438 51 34 bei
444 3439 180 50 Anbetung
643 3442 54 35 des
717 3443 145 36 nackten
880 3447 280 45 Männerkörpers
1182 3451 199 41 (L’Amante
1401 3452 45 34 du

295 3490 129 47 Christ)
440 3518 8 8 .
465 3518 8 8 .
489 3519 8 7 .

372 3546 92 32 Ganz
488 3554 97 31 ernst,
604 3545 229 50 jungfräulich
852 3551 71 34 und
941 3551 99 36 herbe
1063 3554 42 33 ist
1128 3566 65 22 nur
1213 3554 55 35 das
1287 3555 53 34 die
1359 3558 85 44 Lyra

291 3594 156 36 haltende
456 3598 208 36 Kind-Weib
673 3601 202 47 gezeichnet,
884 3602 64 36 auf
954 3604 76 35 dem
1037 3605 174 36 Titelblatt
1221 3620 38 21 zu
1270 3606 56 36 der
1335 3620 109 23 neuen

1609 533 156 48 Ausgabe
1784 548 68 22 von
1872 539 293 47 autographierten
2180 542 277 38 Mallarmeschen
2472 547 186 36 Gedichten
2670 551 88 46 („La

1609 586 123 46 grande
1750 588 139 47 Lyre«).
1926 590 82 34 Hier
2032 592 59 34 hat
2110 595 92 47 Rops
2227 596 94 34 einen
2340 599 75 32 Ton
2441 612 67 21 von
2532 601 129 34 Hoheit
2687 603 69 34 und

1609 637 124 48 banger
1752 640 186 35 Sehnsucht
1955 642 85 35 nach
2062 644 76 34 dem
2157 645 88 36 Ideal
2264 647 181 47 gefunden,
2466 651 56 35 das
2542 654 137 35 sowohl
2698 668 58 21 aus

1607 691 64 33 den
1690 699 153 40 stiengen
1862 694 118 34 Linien
1999 695 55 34 des
2073 709 154 35 mageren
2246 700 258 50 Kindeskörpers
2524 705 66 34 wie
2613 718 58 22 aus
2690 707 65 35 den

1606 741 252 44 Harfensaiten,
1883 744 53 35 die
1961 747 69 34 sich
2057 748 86 35 oben
2168 750 35 33 in
2229 751 63 34 den
2312 755 148 34 Himmel
2484 757 173 41 verlieren,
2684 760 53 33 ein-

1604 795 139 35 heitlich
1762 809 76 21 zum
1857 798 179 35 Ausdruck
2055 801 144 48 gelangt.
2244 804 61 33 Ein
2333 805 102 35 selten
2454 809 103 33 reiner
2577 810 177 49 Durklang

1603 847 157 35 inmitten
1783 850 106 33 seiner
1914 851 106 34 vielen
2040 851 102 36 tiefen
2163 854 186 42 Molltöne,
2373 858 42 33 ist
2442 859 100 35 dieses
2566 861 87 35 Blatt
2671 863 66 35 viel-

1602 898 102 35 leicht
1723 899 57 35 der
1799 902 124 47 einzige
1944 903 98 48 Beleg
2063 903 56 36 für
2140 905 52 35 die
2208 908 231 47 Doppelnatur
2457 911 33 34 in
2502 915 103 45 Rops,
2625 915 127 35 welche

1601 950 87 36 diese
1715 965 60 21 um
1803 967 38 21 so
1870 954 87 34 edler
1985 957 189 35 erscheinen
2202 958 87 43 läfst,
2317 964 29 43 je
2374 961 176 37 verklärter
2578 965 52 35 ihr
2648 969 86 32 Pessi-

1601 1004 139 34 mismus
1755 1006 72 33 hier
1841 1007 35 33 in
1891 1007 53 34 die
1958 1009 229 49 Erscheinung
2201 1012 80 34 tritt.
2310 1016 77 31 Von
2403 1014 87 35 allen
2503 1017 107 34 Seiten
2624 1018 127 35 streben

1600 1056 234 49 sehnsüchtige
1852 1059 216 49 Totenfinger
2087 1074 40 22 zu
2147 1063 57 34 der
2222 1063 104 35 Harfe
2350 1065 138 43 hinauf,
2516 1068 147 36 indessen
2687 1084 64 21 nur

1599 1109 83 33 zwei
1707 1109 265 42 schemenhafte,
2002 1112 75 35 aber
2104 1115 90 34 noch
2218 1129 67 21 von
2312 1117 124 36 Fleisch
2460 1119 173 43 bedeckte,
2661 1122 89 36 feine

1599 1160 248 36 Dichterhände
1867 1164 52 33 die
1935 1164 111 35 Saiten
2065 1167 144 47 spielend
2229 1167 174 39 berühren,
2430 1172 82 34 Wie
2530 1172 97 48 lange
2646 1177 101 38 noch,

1597 1211 48 35 bis
1666 1214 88 33 auch
1774 1214 86 35 diese
1881 1216 119 35 Hände
2017 1218 249 37 niedersinken?
2285 1224 118 32 Wann
2418 1224 87 34 wird
2521 1224 56 35 der
2590 1227 157 47 singende

1597 1265 245 35 Dichtermund
1868 1277 241 33 verstummen,
2135 1272 87 34 seine
2248 1272 95 36 letzte
2366 1277 141 46 Strophe
2534 1278 213 36 aushauchen

1597 1317 68 33 und
1682 1317 53 34 die
1748 1320 350 49 nachschwingenden
2109 1322 233 38 Harfensaiten
2357 1339 65 21 nur
2441 1328 90 34 noch
2545 1330 180 46 geheimnis-

1594 1369 69 34 voll
1686 1371 69 33 wie
1778 1384 57 21 aus
1863 1371 56 35 der
1941 1375 98 32 Ferne
2064 1374 63 35 den
2151 1378 88 46 Sang
2262 1377 58 35 der
2345 1381 110 32 Toten
2479 1381 179 47 begleiten,
2683 1382 66 36 auf

1594 1421 98 35 deren
1715 1423 161 36 Schädeln
1907 1425 53 34 die
1987 1426 198 49 Fufsspitzen
2218 1430 56 33 der
2297 1429 195 37 kindlichen
2517 1435 98 33 Muse
2643 1435 102 35 leicht

1592 1473 104 35 ruhen
1707 1478 9 30 ?
1743 1477 105 33 Unter
1865 1477 104 35 ihnen
1989 1483 120 30 stürmt
2129 1480 56 34 das
2204 1480 124 36 Skelett
2353 1482 53 35 des
2426 1486 140 46 Pegasus
2586 1487 62 33 mit
2667 1488 77 34 dem

1591 1526 94 34 Tode
1710 1527 85 35 wild
1818 1528 104 35 dahin
1952 1530 69 34 und
2050 1544 83 34 ganz
2160 1533 34 33 in
2219 1533 57 35 der
2301 1534 86 35 Ecke
2418 1537 104 34 rechts
2549 1536 90 37 kann
2665 1553 79 21 man

1592 1577 52 35 die
1662 1581 125 33 Worte
1813 1581 68 40 „ad
1900 1590 85 27 astra
1988 1589 22 13 cc
2011 1611 9 13 ,
2041 1585 68 33 wie
2128 1593 96 27 unter
2243 1589 166 47 Gestrüpp
2437 1588 200 49 verborgen,
2671 1601 55 25 ent-

1590 1630 137 35 decken.

1669 1686 63 31 Für
1758 1684 54 35 die
1839 1686 158 34 Buchzier
2025 1687 70 35 und
2122 1689 207 35 Illustration
2358 1692 45 34 im
2431 1693 182 36 modernen
2641 1696 100 35 Sinne

1589 1740 132 29 müssen
1747 1738 66 33 wir
1835 1740 93 46 Rops
1954 1752 40 21 zu
2020 1752 120 22 unsern
2166 1741 110 35 besten
2302 1743 67 35 und
2397 1746 343 45 geschmackvollsten

1587 1786 247 50 Vorkämpfern
1859 1790 126 36 zählen.
2032 1793 80 34 Wir
2131 1802 162 26 erwarten
2319 1795 101 35 heute
2439 1811 66 20 von
2524 1799 75 34 dem
2619 1799 100 36 künst-

1587 1838 160 37 lerischen
1764 1841 202 42 Illustrator,
1994 1843 71 36 dafs
2084 1858 33 21 er
2142 1845 125 36 dunkle
2292 1848 280 48 Empfindungen,
2598 1851 53 34 die
2677 1866 59 21 aus

1586 1890 56 35 der
1660 1891 94 36 Tiefe
1773 1893 55 34 des
1849 1893 236 37 unbewufsten
2107 1898 224 35 Seelenlebens
2352 1900 105 35 durch
2482 1902 56 34 das
2557 1906 102 32 Lesen
2677 1918 39 34 ge-

1584 1943 114 35 weckt
1716 1945 150 41 werden,
1885 1948 63 33 mit
1968 1947 64 35 den
2049 1950 139 33 Mitteln
2214 1951 104 34 seiner
2336 1955 110 32 Kunst
2470 1967 76 21 zum
2565 1956 149 34 Bewufst-

1583 1996 68 33 sein
1674 1995 118 49 bringt.
1836 2001 101 33 Dann
1961 2000 104 34 wirkt
2086 2014 32 21 er
2136 2002 94 35 nicht
2250 2004 93 34 mehr
2361 2007 154 39 störend,
2537 2008 194 46 einengend,

1582 2046 220 50 beleidigend,
1822 2051 67 34 wie
1909 2051 52 34 die
1976 2053 153 34 veraltete
2143 2053 214 42 „konkrete«
2371 2056 360 45 Illustrationsmanier,

1580 2100 145 35 sondern
1750 2100 179 38 befreiend.
1968 2105 205 35 Gebundene
2192 2108 96 33 Töne
2312 2110 136 33 werden
2472 2111 176 47 ausgelöst.
2686 2115 43 32 So

1578 2151 60 34 hat
1663 2153 45 34 sie
1726 2156 93 45 Rops
1845 2155 105 35 schon
1974 2156 46 34 als
2042 2160 117 45 junger
2178 2159 140 34 Student
2343 2161 35 33 in
2397 2162 129 35 Brüssel
2545 2162 183 49 aufgefafst

1580 2204 52 46 (in
1651 2204 63 35 den
1729 2206 240 49 Zeichnungen
1988 2207 55 35 für
2062 2209 55 34 das
2133 2212 179 44 satyrische
2327 2212 98 43 Blatt,
2446 2214 56 40 „le
2517 2216 209 47 crocodile«)

1577 2256 71 33 und
1667 2261 106 44 später
1790 2258 35 33 in
1846 2258 62 35 den
1926 2261 186 46 Vignetten,
2132 2262 213 49 Kopfleisten
2360 2266 70 34 und
2445 2267 281 47 Einlageblättern

1576 2321 39 20 zu
1634 2309 264 36 Kistemaeckers
1918 2312 156 47 galanten
2094 2315 151 34 Büchern
2260 2319 92 36 „Son
2381 2317 114 35 altesse
2520 2319 32 35 la
2575 2319 150 35 femme«

1576 2373 66 21 von
1664 2364 127 32 Octave
1809 2364 135 34 Uzanne
1968 2365 79 34 oder
2072 2366 35 33 in
2133 2366 63 35 den
2215 2368 268 49 „Diaboliques«
2502 2372 101 34 seines
2629 2372 76 48 lang-

1571 2411 151 49 jährigen
1745 2415 160 34 Freundes
1932 2416 216 48 d’Aurevilly.
2195 2420 98 33 Diese
2319 2423 188 33 erschienen
2533 2432 63 26 erst
2627 2425 94 35 1886

1573 2472 95 26 unter
1693 2465 75 35 dem
1787 2467 87 34 Titel
1893 2469 92 38 „Dix
2010 2469 214 36 eaux-fortes
2250 2485 86 34 pour
2355 2473 142 36 illustrer
2516 2478 59 32 Les
2595 2476 107 35 Diabo-

1571 2516 105 48 liques
1702 2517 40 34 de
1766 2521 26 41 J.
1812 2519 126 47 Barbey
1956 2521 215 48 d’Aurevilly.
2209 2525 105 39 Paris,
2340 2525 172 48 Alphonse
2536 2530 187 33 Lemerre.«

1571 2570 82 32 Stets
1679 2570 178 35 vermeidet
1881 2585 33 20 er
1936 2571 53 35 die
2016 2574 192 35 erzählende
2231 2576 157 35 Plattheit
2413 2579 70 34 und
2508 2580 90 47 giebt
2622 2580 100 35 dafür

1569 2622 187 46 suggestive
1775 2624 193 48 Anregung.
2005 2628 43 31 Er
2074 2625 155 49 begleitet
2255 2629 55 33 das
2331 2632 105 32 Wort
2454 2631 48 34 im
2526 2632 175 35 arabesken-

1568 2672 116 35 haften
1701 2674 76 35 Auf
1790 2676 69 33 und
1877 2676 127 35 Nieder
2022 2677 56 35 der
2097 2680 233 48 Stimmungen
2350 2683 66 33 wie
2436 2684 51 33 ein
2507 2682 115 43 feines,
2642 2698 52 22 um-

1566 2724 174 35 hüllendes
1764 2727 329 38 Rankenornament.
2137 2735 66 31 Das
2229 2733 41 33 ist
2298 2733 55 35 das
2378 2737 125 33 Wesen
2528 2736 57 34 der
2609 2738 88 34 Buch-

1564 2775 205 37 illustration
1801 2780 48 33 im
1880 2782 183 34 modernen
2088 2783 110 42 Sinne,
2232 2784 104 36 besser
2367 2796 126 39 gesagt:
2526 2789 48 33 im
2599 2788 99 35 künst-

1563 2828 159 36 lerischen
1742 2831 99 35 Sinne
1870 2832 199 50 überhaupt.
2107 2836 137 35 Freilich
2271 2837 78 35 darf
2368 2851 79 23 man
2472 2840 125 35 hierbei
2622 2843 94 33 nicht

1562 2893 181 35 vergessen,
1759 2883 71 35 dafs
1848 2884 102 35 dieser
1960 2886 211 49 Standpunkt
2184 2889 36 34 in
2235 2889 64 35 den
2309 2889 245 38 französischen
2566 2893 149 35 Büchern

1562 2933 105 35 schon
1689 2934 98 48 lange
1875 2937 49 34 bis
1948 2939 51 34 ins
2024 2940 115 47 vorige
2161 2942 222 43 Jahrhundert
2406 2943 125 35 zurück
2620 2946 94 34 mehr

1561 2985 81 35 oder
1663 2989 150 46 weniger
1830 2989 148 36 bewufst
1998 2992 69 33 und
2084 2993 272 46 geschmackvoll
2375 3008 40 22 zu
2429 2999 89 45 Tage
2537 2999 81 34 tritt.
2651 3001 62 31 Für

1560 3038 87 34 Paris
1680 3037 171 38 bedeutete
1887 3041 71 35 also
1993 3044 102 47 Rops’
2131 3046 134 34 Manier
2300 3046 99 36 keine
2435 3050 277 48 prinzipielle

1558 3091 196 47 Neuerung.

1635 3142 108 36 lieber
1762 3144 53 35 die
1834 3145 214 37 technischen
2060 3149 198 45 Qualitäten
2278 3152 104 33 seiner
2390 3154 110 33 Kunst
2514 3154 42 33 ist
2571 3154 34 33 in
2620 3155 88 34 einer

1555 3195 304 48 psychologischen
1877 3199 115 35 Studie
2016 3201 93 34 nicht
2134 3201 55 35 der
2209 3205 65 31 Ort
2298 3204 103 34 näher
2425 3205 218 48 einzugehen,
2669 3220 37 21 so

1555 3246 194 36 interessant
1768 3248 88 36 diese
1874 3253 98 45 Frage
1990 3253 70 33 sein
2078 3267 89 34 mag.
2205 3255 57 34 Als
2283 3258 90 46 Rops
2397 3257 108 34 schon
2528 3257 62 35 auf
2604 3259 103 34 seiner

1554 3299 102 34 Höhe
1679 3300 35 34 in
1741 3301 56 34 der
1820 3303 249 49 Beherrschung
2093 3304 65 36 fast
2182 3307 189 35 sämtlicher
2396 3309 137 35 Gebiete
2557 3311 55 33 der
2637 3314 45 31 Re-

1553 3351 365 47 produktionstechnik
1937 3370 84 28 war,
2041 3358 59 34 hat
2119 3371 33 21 er
2171 3359 124 35 einmal
2314 3361 84 34 zwei
2411 3362 96 43 Jahre
2520 3361 79 49 lang
2617 3363 88 47 jeder

1553 3403 211 36 Produktion
1783 3405 175 51 freiwillig
1977 3417 146 40 entsagt,
2151 3411 82 34 weil
2252 3425 33 21 er
2310 3412 152 48 glaubte,
2490 3422 84 26 trotz
2598 3416 105 34 seiner

1552 3456 183 48 stupenden
1750 3458 249 51 Beherrschung
2018 3461 57 35 der
2088 3462 263 49 Körperformen
2370 3466 90 34 noch
2475 3468 227 34 anatomische

1552 3507 167 36 Verstöfse
1734 3510 52 34 bei
1800 3512 113 34 seinen
1927 3514 126 34 Sachen
2069 3514 156 36 entdeckt
2239 3529 40 21 zu
2293 3516 119 36 haben.
2441 3520 42 32 Er
2497 3518 85 48 legte
2594 3519 86 35 Grab-

1550 3560 127 41 stichel,
1693 3562 221 37 Radiernadel
1929 3566 70 34 und
2013 3566 105 36 Pinsel
2138 3580 89 35 weg,
2242 3581 60 21 um
2321 3570 35 33 in
2376 3570 108 34 einem
2496 3570 123 35 Atelier
2637 3572 63 33 mit

1550 3612 148 40 „andern
1714 3615 184 35 Schülern«
1912 3631 190 22 zusammen
2121 3632 39 22 zu
2179 3621 167 41 zeichnen,
2367 3622 53 33 ein
2434 3624 74 46 Zug
2522 3636 67 22 von
2604 3623 93 35 Fleifs
