3651 4572
1369 3857 212 43 155

257 547 284 39 Zweihundert
567 548 150 38 Frauen
744 548 224 52 insgeheim.

257 609 144 37 Komm
430 609 88 38 mit!
574 610 68 37 Ich
670 609 79 39 will
777 610 60 37 dir
865 610 88 38 alles
981 609 148 52 zeigen,

258 670 53 38 du
339 670 139 38 kannst
506 670 137 38 beiseit
670 671 54 38 im
751 671 187 38 Dunkeln
967 671 124 39 stehn.

764 749 135 39 Rion:

259 809 147 50 Gingst
434 809 52 38 du
513 809 110 38 nicht
650 809 133 39 besser
811 824 65 25 wo
906 810 136 39 anders
1072 811 90 38 her?

257 871 67 37 Du
352 869 169 51 vergafst
550 870 66 38 das
645 870 128 38 Edikt:

260 931 102 38 nach
390 932 103 38 zehn
520 931 102 39 mufs
650 932 108 49 jeder
785 932 83 39 hier
896 934 59 37 ins
983 934 127 37 Meer!

622 1011 175 38 Lerma:
833 1020 125 40 (schreit
981 1022 71 39 auf)

256 1071 64 37 Ins
352 1071 134 37 Meer?
533 1080 60 40 (Sie
617 1081 79 30 läuft
719 1092 53 19 ans
798 1082 178 30 Pförtchen.
1024 1084 148 29 Plötzlich
1195 1082 158 42 spöttisch)

258 1133 102 37 Was
389 1132 110 39 wollt
527 1132 105 38 dann
659 1132 73 39 ihr
760 1133 104 39 hier?
919 1134 235 39 Fischfutter
1181 1134 104 38 sein?

260 1193 152 39 Schenk
442 1193 144 38 deinen
614 1193 115 39 Witz
757 1209 66 23 wo
853 1195 140 39 anders
1022 1195 77 38 ein!

770 1263 133 38 Rion:

261 1315 112 37 Fort!
430 1324 53 39 (Er
506 1324 63 29 will
592 1325 41 29 sie
658 1335 50 19 am
731 1326 81 29 Arm
834 1325 222 41 hinausziehn.)

746 1395 183 37 Lerma:

267 1454 65 37 Du
361 1454 110 39 sollst
497 1454 105 38 mich
630 1454 109 38 nicht
768 1454 194 40 anfassen!

264 1515 61 40 (Sie
348 1516 64 30 will
435 1515 63 31 sich
520 1516 166 41 losringen.
727 1517 47 31 Sie
798 1517 106 30 stehen
921 1518 58 29 mit
994 1518 264 41 verschlungenen
1274 1518 142 30 Händen.

640 1569 84 30 Rion
747 1569 64 30 will
834 1570 41 29 sie
899 1571 134 39 küssen.)

770 1630 139 38 Rion:

266 1689 66 38 Du
361 1689 120 38 darfst
508 1689 110 40 nicht
644 1690 135 51 länger
806 1691 83 38 hier
917 1692 125 38 stehn.

753 1760 174 39 Lerma:

263 1820 88 37 Erst
379 1820 110 39 sollst
517 1820 53 39 du
597 1821 104 39 mich
729 1821 196 39 loslassen.
979 1833 53 38 (Er
1055 1832 71 30 läßt
1150 1832 40 29 sie
1214 1832 58 39 los)

264 1881 170 38 Warum
462 1881 72 39 soll
561 1882 64 38 ich
653 1882 126 51 gehn?

774 1952 133 38 Rion:

264 2011 112 38 Weil
405 2011 54 38 du
487 2024 49 26 zu
565 2012 123 39 schön
716 2025 92 26 zum
836 2013 165 38 Sterben
1028 2013 86 38 bist.

750 2084 179 37 Lerma:

266 2143 130 38 Schön
424 2142 90 39 sind
541 2143 72 38 wir
642 2143 81 48 alle,
751 2157 140 26 wenns
920 2143 143 39 dunkel
1090 2143 49 39 ist

264 2205 83 37 und
377 2217 93 25 eure
499 2204 416 40 Mannesherrlichkeit

266 2265 220 38 betrunken
513 2265 59 39 ist.

774 2319 134 37 Rion:

266 2378 137 52 Sprich
431 2378 110 40 nicht
568 2378 123 52 lange.
746 2378 104 38 Bitte
879 2378 76 51 geh
981 2378 99 38 fort!

752 2458 176 37 Lerma:

264 2518 71 39 Ich
363 2518 80 39 will
471 2518 91 39 dich
589 2519 109 39 nicht
725 2519 40 38 in
793 2519 178 50 Aengste
998 2517 164 39 treiben.

758 2581 60 40 (Sie
843 2580 84 41 geht)

266 2632 111 38 Aber
406 2632 166 52 glauben
599 2632 71 39 thu
697 2632 65 39 ich
790 2633 89 37 kein
906 2632 136 37 Wort.

595 2695 213 38 (Hermandus
831 2694 103 29 hinter
956 2693 47 30 ihr
1026 2693 66 40 her)

266 2747 99 38 Was
394 2745 116 40 willst
537 2746 108 39 denn
673 2746 82 38 du?
809 2746 79 38 Soll
920 2745 65 39 ich
1021 2745 106 39 doch
1161 2745 258 39 hierbleiben?

640 2809 212 39 (Hermandus
876 2807 170 41 schweigt.)

773 2877 140 38 Rion:

264 2938 47 38 In
340 2938 70 38 der
438 2937 169 39 Hofluft
635 2938 51 38 ist
711 2938 82 39 ihm
822 2938 174 40 schlecht
1025 2936 226 52 geworden.

266 2998 141 39 Nimm
435 2999 69 39 ihn
530 2999 70 38 mit
630 3013 47 24 an
705 2999 79 38 den
812 2999 150 38 Strand.

687 3069 315 39 Hermandus:

269 3129 106 39 Bleib
403 3130 99 38 hier!
559 3130 51 38 Er
639 3130 79 38 will
746 3130 105 39 mich
878 3129 185 39 morden!

673 3200 139 38 Rioil:
842 3207 173 43 (spöttisch)

265 3260 66 38 Du
360 3260 134 39 bittest
517 3260 139 48 Jeden,
683 3260 66 40 für
777 3261 90 38 dich
895 3273 50 25 zu
973 3258 169 39 sterben.

752 3340 181 37 Lerma:

266 3400 78 37 Das
374 3400 139 38 Töten
542 3400 93 51 geht
661 3401 83 38 hier
772 3413 83 25 von
883 3399 69 37 der
979 3397 121 40 Hand

267 3462 75 36 wie
372 3461 206 39 anderswo
608 3462 65 37 das
703 3460 290 51 Ledergerben.

267 3521 99 38 Was
395 3523 123 39 stehst
546 3522 53 39 du
628 3522 59 48 da,
713 3522 76 39 wie
818 3534 95 25 vom
942 3519 163 39 Henker
1132 3521 229 49 vergessen?

266 3582 146 40 Komm
440 3583 89 39 mit!
585 3583 96 38 Wir
708 3582 149 39 wollen
885 3580 189 39 Kirschen
1103 3594 120 24 essen.

609 3645 212 39 (Hermandus
845 3651 91 23 starrt
958 3643 42 29 sie
1025 3643 50 38 an)

1517 546 89 37 Na?
1713 544 49 37 Es
1790 543 101 38 wird
1919 543 102 38 Zeit!

1781 605 210 40 (Hermandus
2015 605 130 30 zaudert
2168 604 81 31 noch
2272 605 134 40 immer.)

2025 665 140 38 Rion:

1517 729 144 37 Armer
1688 727 103 38 Kerl.
1846 728 67 37 Du
1941 727 107 38 thust
2076 726 72 38 mir
2176 726 89 39 leid.

1520 790 66 38 Ob
1616 789 52 38 du
1696 788 112 52 gehst
1836 788 98 38 oder
1962 788 152 46 bleibst,
2145 801 38 25 es
2214 788 93 50 geht
2333 786 89 39 alles
2452 800 166 38 verquer

1513 850 117 48 Jeder
1656 851 111 50 Weg
1793 848 110 40 führt
1930 849 187 38 hinunter
2145 849 59 37 ins
2232 850 123 37 Meer.

1937 918 315 39 Hermandus:

1519 983 77 37 Das
1625 982 48 39 ist
1700 981 110 39 nicht
1837 981 118 38 wahr.
2011 979 108 39 Alles
2148 980 108 38 nicht
2284 980 122 39 wahr!

1780 1044 52 39 (Er
1856 1044 117 39 springt
1996 1042 135 30 heulend
2155 1042 58 29 auf
2232 1042 83 29 Rion
2338 1043 68 38 los.)

1837 1103 127 38 Rion
1992 1111 95 40 (lacht
2110 1111 127 31 wütend
2261 1111 82 40 auf).

1930 1174 182 37 Lerma:
2146 1181 119 40 (lustig)

1520 1237 65 38 Ihr
1613 1235 122 40 müfst
1762 1236 64 38 das
1856 1235 103 53 Spiel
1987 1235 110 38 nicht
2125 1247 49 26 zu
2204 1233 178 53 täppisch
2409 1233 175 39 machen.

1522 1298 103 38 Dein
1653 1298 159 38 Heulen
1841 1297 142 51 gleicht
2011 1296 71 38 auf
2105 1296 63 38 ein
2195 1296 104 38 Haar

1524 1359 92 50 grad
1642 1359 77 38 wie
1747 1359 92 38 dein
1865 1358 158 39 Lachen

1525 1420 91 38 dem
1644 1420 191 39 Märchen
1863 1419 47 38 da
1937 1433 85 25 von
2048 1419 100 38 Tod
2176 1418 84 38 und
2288 1419 125 36 Meer.

1523 1482 76 37 Das
1629 1482 152 38 kommt
1809 1480 102 40 blofs
1940 1494 84 26 von
2053 1480 78 39 den
2159 1480 122 38 Alten
2309 1479 78 38 her.

1526 1543 74 37 Die
1630 1543 130 50 Angst
1788 1541 72 38 soll
1887 1554 74 25 uns
1990 1541 99 38 nach
2117 1540 132 38 Hause
2278 1540 122 50 jagen,

1523 1603 89 39 weil
1640 1603 53 37 sie
1722 1603 62 38 die
1813 1601 208 40 Nachtluft
2047 1602 110 38 nicht
2184 1612 217 39 vertragen.

1522 1665 83 36 Der
1633 1664 127 51 König
1787 1663 50 38 ist
1865 1663 65 38 ein
1956 1663 224 52 Philosoph.

1524 1726 101 37 Was
1652 1726 194 37 kümmert
1874 1725 80 38 den
1983 1726 63 37 ein
2074 1724 292 52 gewöhnlicher
2395 1722 105 40 Hof!

2027 1795 141 38 Rion:

1526 1857 65 37 Du
1619 1856 170 39 scheinst
1816 1856 67 39 ihn
1910 1856 32 50 ja
1971 1869 122 38 genau
2122 1870 50 24 zu
2199 1856 167 38 kennen.

1524 1918 183 37 Kommst
1734 1917 82 39 hier
1846 1930 43 25 so
1919 1930 98 38 ganz
2046 1931 62 24 aus
2138 1916 126 39 Zufall
2291 1917 87 38 her:

1524 1977 139 39 Willst
1691 1978 52 38 du
1771 1977 110 39 nicht
1910 1978 144 37 deinen
2081 1978 158 38 Namen
2268 1980 185 35 nennen?

2007 2048 182 37 Lerma:

1524 2100 100 38 Was
1653 2100 71 38 soll
1752 2099 59 38 dir
1839 2100 89 38 der?

1526 2161 100 37 Was
1654 2161 122 38 kamst
1804 2161 52 38 du
1886 2161 108 38 nicht
2023 2161 140 38 einmal
2191 2173 50 26 zu
2268 2161 94 37 mir?

1526 2221 98 38 Und
1651 2221 75 38 bist
1754 2221 124 39 schon
1905 2223 173 50 zwanzig
2106 2221 157 39 Nächte
2292 2221 92 39 hier.

1526 2282 87 38 Wo
1643 2292 116 28 warst
1787 2282 53 38 du
1868 2282 108 38 denn
2003 2283 163 37 immer?

2030 2352 139 37 Rion:

1527 2414 67 37 Du
1621 2413 108 38 wirst
1755 2425 50 26 zu
1832 2413 142 50 witzig,
2002 2413 321 38 Frauenzimmer.

1527 2474 69 38 Ich
1622 2487 91 32 war,
1740 2488 66 24 wo
1835 2486 89 25 man
1952 2473 220 39 betrunken
2199 2474 58 38 ist.

1527 2535 87 37 Wo
1644 2535 106 38 Gott
1776 2534 82 38 und
1887 2535 166 38 Mensch
2080 2534 82 38 und
2189 2535 255 50 Würdigkeit

1526 2595 41 39 in
1595 2595 96 37 Lust
1717 2595 85 38 und
1830 2594 125 38 Wein
1982 2595 220 38 versunken
2229 2595 67 45 ist;

1526 2669 66 26 wo
1622 2656 70 37 der
1721 2656 115 38 Geist
1863 2669 64 24 aus
1957 2655 100 38 allen
2085 2656 191 38 Wänden
2304 2656 138 53 spritzt

1526 2717 83 38 und
1631 2717 117 47 Jeder
1776 2716 141 40 mitten
1943 2716 54 38 im
2025 2717 224 39 Weltraum
2277 2717 103 44 sitzt;

1526 2792 66 24 wo
1621 2791 91 25 man
1738 2776 64 41 für
1830 2778 64 38 ein
1922 2777 212 53 Geschöpf
2155 2778 75 39 wie
2259 2778 52 39 du

1527 2839 83 38 sein
1638 2839 136 38 Leben
1801 2839 197 50 wegwirft
2025 2839 83 38 und
2136 2839 119 38 andre
2283 2840 114 45 dazu;

1527 2914 65 24 wo
1620 2914 92 24 man
1740 2900 90 38 dich
1857 2900 179 47 totküfst,

1527 2961 82 38 und
1637 2975 118 25 wenn
1783 2961 54 38 du
1864 2961 242 39 tausendmal
2213 2962 62 38 ein
2304 2963 122 52 Spion
2455 2963 92 39 bist!

2009 3032 179 38 Lerma:

1834 3093 149 40 (entzieht
2006 3094 62 30 sich
2092 3093 72 31 ihm.
2211 3094 153 41 Ironisch)

1527 3144 75 38 Die
1632 3144 108 39 beste
1769 3145 114 38 Stelle
1911 3145 55 38 im
1994 3145 112 53 Spiel.

2031 3215 140 39 Rion:

1527 3276 59 36 Im
1614 3275 112 53 Spiel,
1755 3275 101 40 blofs
1884 3276 110 40 nicht
2021 3277 54 39 im
2102 3277 288 51 Würdigthun,

1527 3336 76 39 wie
1632 3337 92 38 dein
1752 3338 107 37 Herr
1886 3338 128 51 König
2041 3351 50 26 zu
2118 3339 218 38 wünschen
2366 3339 160 51 geruhn.

1966 3401 273 40 (Anfstampfend)

1527 3449 204 52 Lebendig
1759 3451 78 39 will
1865 3451 64 39 ich
1957 3451 94 48 sein,
2079 3452 109 39 nicht
2216 3452 171 51 würdig!

2011 3523 182 37 Lerma:

1865 3583 149 40 (entzieht
2037 3584 63 29 sich
2122 3584 65 29 ihm
2209 3584 127 40 wieder)

1526 3634 118 37 Wart
1671 3633 60 39 ihr
1759 3647 224 26 zusammen
2012 3636 103 37 beim
2143 3636 148 37 Wein?
2348 3636 80 37 Der
2456 3635 93 38 mit?
