3736 4572
2239 3860 211 42 156

1658 540 136 37 Rion:

1147 600 266 47 Hermandus,
1441 613 69 25 ran
1538 600 53 38 im
1619 600 317 40 Würdeschritt]

1429 663 212 39 (Hermandus
1665 662 77 30 sieht
1765 663 52 30 ihn
1841 663 108 31 hilflos
1972 666 52 38 an)

1146 714 51 37 Er
1224 727 81 25 war
1334 713 64 39 bei
1426 714 171 39 Greisen
1625 714 58 39 bis
1712 715 117 38 heute
1857 715 145 47 Nacht,

1146 775 63 39 bei
1238 788 97 39 ganz
1364 775 105 39 alten
1495 776 83 38 und
1606 776 158 39 weisen.

1145 837 81 38 Hat
1253 837 118 38 übers
1399 837 167 39 Sterben
1594 837 283 52 nachgedacht:

1147 898 83 38 sich
1259 897 175 52 genährt,
1465 910 93 27 statt
1586 911 50 26 zu
1665 899 164 52 speisen.

1145 960 72 50 Sag
1246 958 156 40 deinem
1430 959 140 52 König,
1598 960 83 39 hier
1709 974 81 25 war
1818 960 127 40 nichts
1974 974 50 25 zu
2050 960 174 39 richten:

1144 1021 76 38 Ein
1246 1021 286 38 Würdemann
1559 1021 82 39 voll
1670 1021 353 54 Würdepflichten

1143 1082 86 38 und
1258 1082 64 38 ein
1350 1083 265 39 betrunkener
1641 1084 337 39 Menschensohn.

1145 1144 112 38 Aber
1286 1155 78 28 erst
1392 1143 68 40 lafs
1490 1144 91 39 dich
1608 1144 155 47 küssen,
1793 1144 53 39 du
1874 1145 167 39 schöner
2069 1144 139 53 Spion!

1636 1214 174 38 Lerma:

1144 1273 95 40 Dafs
1267 1275 65 39 ich
1360 1275 65 38 das
1453 1275 111 39 nicht
1592 1275 79 47 bin,
1700 1276 109 38 sollst
1838 1276 53 39 du
1919 1275 108 39 sehn.

1147 1336 109 47 Hier,
1287 1338 56 37 bis
1373 1337 70 38 der
1471 1337 130 51 König
1629 1338 161 46 kommt,
1820 1338 102 38 bleib
1950 1337 64 39 ich
2042 1336 126 39 stehn.

1655 1407 133 38 Rion:

1143 1467 123 47 Nein,
1296 1467 54 39 du
1377 1468 113 51 gehst
1518 1468 82 39 mit.
1654 1469 156 46 Komm,
1841 1468 113 38 deine
1982 1468 136 38 Hand]

1632 1539 183 38 Lerma:

1144 1598 100 38 Was
1273 1598 116 40 willst
1418 1599 75 38 du?
1548 1599 76 39 Mit
1652 1613 48 25 an
1728 1600 78 37 den
1834 1599 164 39 Strand?

1651 1670 141 38 Rion:

1142 1729 76 38 Die
1248 1729 148 39 schöne
1424 1731 136 38 Nacht
1587 1744 73 25 uns
1690 1731 142 38 beiden
1860 1731 148 50 zeigen.

1627 1802 180 37 Lerma:

1143 1862 66 38 Du
1237 1861 121 40 mufst
1385 1861 106 40 doch
1518 1861 71 40 auf
1612 1863 78 38 den
1717 1863 129 50 König
1872 1873 162 28 warten.

1651 1933 134 38 Rion:

1140 1992 70 39 Ich
1237 1992 68 39 lafs
1335 1992 127 39 meine
1489 1993 161 39 Würde
1678 1993 94 40 hier.

1142 2055 104 37 Dem
1273 2054 251 39 Hermandus
1552 2068 50 25 zu
1632 2055 124 51 eigen.

1628 2126 181 37 Lerma:

1142 2186 51 37 Er
1221 2185 100 39 wird
1349 2185 90 39 dich
1467 2186 149 39 suchen
1644 2187 125 38 lassen
1796 2187 54 38 im
1878 2188 163 38 Garten.

1648 2257 137 38 Rion:

1141 2317 81 38 Um
1251 2331 43 24 so
1324 2317 120 38 stiller
1471 2317 76 51 lieg
1574 2318 64 39 ich
1666 2318 63 38 bei
1757 2318 71 38 dir.

1626 2388 178 39 Lerma:

1140 2449 66 38 Du
1233 2448 155 39 höhnst.
1443 2448 80 38 Das
1550 2448 103 39 kann
1682 2448 92 39 dein
1801 2449 99 39 Tod
1928 2451 94 37 sein.

1644 2519 142 38 Rion:

1139 2578 79 38 Das
1247 2577 68 39 lafs
1343 2578 131 38 meine
1505 2578 137 52 eigene
1670 2581 91 37 Not
1789 2580 93 39 sein.

1625 2650 178 38 Lerma:

1141 2710 65 38 Du
1234 2709 76 39 bist
1337 2709 135 52 mutig,
1501 2724 119 25 wenn
1648 2712 150 38 Frauen
1828 2712 112 38 dabei
1967 2712 99 38 sind.

1647 2781 138 38 Rion:

1139 2842 143 37 Wenn
1310 2840 63 39 die
1401 2841 153 39 Frauen
1582 2842 125 39 schön
1733 2843 82 38 und
1842 2842 74 40 frei
1944 2843 108 39 sind?

1140 2903 105 39 Gieb
1275 2902 115 38 deine
1418 2903 135 39 Hand!

1625 2941 183 37 Lerma;

1139 3001 151 36 Kannst
1318 2998 53 39 du
1399 2999 104 39 mich
1530 2999 167 52 fangen?

1140 3062 61 40 (Sie
1230 3062 117 40 springt
1378 3072 74 19 zum
1476 3062 177 30 Pförtchen.
1700 3063 82 30 Rion
1805 3063 53 30 hat
1881 3064 41 30 sie
1945 3065 58 29 mit
2026 3065 101 30 einem
2151 3067 142 41 Sprung.)

1139 3114 105 39 Lafs!
1300 3113 99 38 Hier
1425 3113 51 38 ist
1503 3126 61 26 zu.
1619 3116 145 36 Komm
1793 3116 46 37 da
1866 3115 152 40 hinaus!

1376 3176 60 39 (Sie
1461 3176 119 40 springt
1603 3188 37 18 an
1664 3177 51 29 das
1739 3177 112 30 andere
1875 3178 178 40 Pförtchen)

1138 3227 119 38 Auch
1285 3229 65 36 zu!
1406 3228 99 37 Nun
1533 3227 101 39 kann
1660 3228 65 39 ich
1752 3229 110 39 nicht
1889 3229 100 40 nach
2015 3230 119 39 Haus.

1481 3290 61 39 (Sie
1566 3291 88 40 fängt
1678 3302 39 19 an
1740 3302 42 19 zu
1804 3292 147 39 weinen.)

1512 3350 139 39 Rion:
1687 3361 123 38 (rüttelt
1832 3361 87 40 wild)

1138 3411 130 39 Schon
1295 3411 148 39 wieder
1471 3413 253 51 eingesperrt.
1780 3413 96 38 Und
1904 3413 78 38 du?

1136 3473 104 38 Plärr
1267 3472 126 40 nicht!
1448 3473 106 38 Wer
1582 3472 145 40 schlofs
1757 3474 65 38 das
1851 3476 72 36 zu?

1138 3534 282 51 Aufgemacht!
1477 3535 77 47 He,
1583 3535 244 51 aufgemacht
1836 3537 14 36 ?

1340 3597 53 40 (Er
1415 3597 87 30 wirft
1525 3597 62 30 sich
1611 3598 58 29 mit
1693 3597 71 30 dem
1787 3598 129 29 Rücken
1940 3598 160 41 dagegen.)

1436 3650 71 40 (Ein
1529 3650 107 41 langer
1658 3649 70 32 Ton
1752 3650 55 31 der
1829 3650 164 41 Muschel.)

2902 536 183 38 Lerma:

2707 596 126 42 (schreit
2856 598 64 38 auf,
2942 597 81 31 läuft
3045 596 54 31 hin
3123 596 64 31 und
3211 596 67 42 her)

2414 652 60 38 Sie
2501 651 199 38 kommen.
2756 649 96 39 Und
2879 649 65 40 ich
2971 649 68 38 bin
3066 649 95 38 hier.

2412 713 71 38 Ich
2510 710 102 40 mufs
2642 710 170 39 sterben.
2868 709 93 40 Hilf
2981 710 90 38 mir!

2923 780 138 39 Rion:

2457 844 109 41 (greift
2589 843 78 30 nach
2692 843 117 30 seinem
2832 842 111 31 Dolch.
2982 843 126 30 Besinnt
3131 842 72 31 sich.
3247 842 48 31 Zu
3317 843 210 42 Hermandus)

2412 897 100 38 Hast
2540 896 54 38 du
2621 894 186 40 Waffen?
2862 895 250 52 Irgendwas?

2582 959 53 39 (Er
2659 958 98 30 findet
2781 957 61 31 den
2866 957 131 31 Stecken
3021 957 52 30 des
3096 957 133 30 zweiten
3254 957 145 40 Greises.)

2900 1018 180 38 Lerma:

2758 1080 116 40 (hinter
2898 1080 72 30 dem
2993 1079 234 42 Thoreingang)

2410 1135 71 39 Ich
2509 1133 182 39 versteck
2719 1132 116 40 mich.
2890 1131 106 40 Lafs!

2756 1195 73 40 (Ein
2852 1195 127 30 zweiter
3001 1193 226 41 Muschelton.)

2412 1251 80 39 (Aus
2516 1249 72 29 dem
2611 1248 104 30 Portal
2737 1248 70 30 tritt
2831 1247 127 38 Althan,
2983 1247 60 30 den
3067 1247 152 30 Kronreif
3238 1258 56 19 um
3318 1246 49 31 die
3390 1247 91 30 Stirn.
3520 1249 47 29 Zu

2409 1302 87 40 jeder
2519 1301 80 31 Seite
2624 1301 50 30 ein
2697 1300 221 41 Fackelträger.
2965 1299 148 41 Zugleich
3137 1310 52 19 aus
3213 1298 113 31 beiden
3349 1299 168 31 Pförtchen
3540 1302 27 38 je

2411 1355 66 30 drei
2500 1354 139 31 Henker.
2686 1353 72 31 Alle
2783 1353 45 30 bis
2852 1352 59 31 auf
2930 1352 118 31 Althan
3072 1352 68 30 sind
3163 1352 156 30 maskiert.
3358 1352 60 29 Die
3442 1353 125 30 Henker

2410 1408 33 29 in
2466 1406 142 31 lichteres
2632 1407 73 37 Rot,
2735 1406 42 30 als
2801 1406 49 29 die
2875 1405 124 37 Pfeiler,
3024 1405 49 30 die
3099 1405 212 40 Fackelträger
3334 1405 31 29 in
3389 1404 178 33 schwereres

2410 1459 163 42 gekleidet.
2620 1458 117 32 Althan
2768 1459 33 30 in
2834 1459 102 30 einem
2968 1458 156 37 Gewand,
3158 1458 108 29 dessen
3296 1458 64 29 Rot
3391 1458 113 41 kräftig
3537 1459 30 30 in

2409 1513 120 31 Violett
2551 1512 187 41 umschlägt,
2766 1511 103 30 sodafs
2899 1522 33 19 er
2960 1511 55 30 der
3037 1510 210 41 Mittelpunkt
3270 1511 74 30 aller
3368 1511 117 30 Farben
3507 1512 60 40 ist.)

2756 1564 113 40 (Einen
2892 1563 198 41 Augenblick
3114 1562 109 41 Stille.)

2791 1633 188 39 Althan:
3012 1644 52 38 (zu
3088 1642 96 39 Rion)

2408 1698 100 38 Was
2539 1696 73 38 soll
2639 1695 93 39 dein
2760 1695 189 39 Stecken?
3005 1695 131 37 Unsre
3165 1693 149 38 Kinder
3342 1692 181 41 schlafen.

2408 1759 94 38 Wir
2531 1758 180 46 dachten,
2741 1757 108 38 noch
2876 1755 120 39 andre
3024 1755 159 38 Frevler
3211 1767 50 26 zu
3290 1754 155 39 strafen.

2405 1821 101 38 Nun
2535 1819 81 40 seid
2643 1819 60 39 ihr
2732 1818 101 39 zwei
2861 1830 72 26 vor
2962 1816 91 38 dem
3083 1816 150 38 Gesetz
3262 1816 125 38 allein.

2405 1882 95 37 Wir
2528 1881 127 39 haben
2683 1893 75 25 nur
2786 1892 121 25 euern
2936 1877 152 53 Spruch
3116 1891 49 24 zu
3194 1877 276 40 vollstrecken.

2405 1943 84 50 Leg
2517 1942 71 39 hin
2617 1941 148 39 deinen
2793 1940 188 38 dummen
3009 1938 351 39 Treiberstecken!

2405 2004 96 38 Und
2529 2003 53 38 du
2610 2004 86 38 tritt
2722 2002 41 38 in
2792 2001 80 39 den
2899 2000 110 39 Kreis
3038 2000 71 38 der
3136 2000 166 39 Fackeln
3330 1999 82 39 ein!

2405 2067 55 39 (Er
2483 2066 97 30 bleibt
2609 2065 59 31 auf
2694 2065 54 30 der
2771 2062 316 43 Treppenerhöhung.
3134 2062 60 30 Die
3218 2063 212 40 Fackelträger
3459 2063 105 30 stellen

2795 2117 63 31 sich
2880 2125 93 22 unter
2996 2115 65 30 ihm
3085 2115 78 40 auf.)

2885 2176 197 40 Althan:

2404 2241 95 38 Wir
2527 2241 88 38 sind
2642 2240 53 39 im
2723 2238 202 40 Richthof.
2978 2238 105 37 Wer
3111 2237 87 38 kam
3226 2237 93 38 her?

2686 2311 94 37 Der
2810 2309 104 38 eine
2942 2307 342 51 Fackelträger:

2403 2371 75 39 Die
2506 2371 196 38 Fremden
2730 2371 105 38 Rion
2861 2369 83 39 und
2972 2368 266 39 Hermandus.

2883 2439 198 38 Althan:

2403 2503 94 39 Wir
2525 2503 127 38 selber
2678 2501 126 40 riefen
2833 2501 65 39 sie.
2953 2501 118 37 Sonst
3099 2499 135 39 keiner
3262 2500 134 38 mehr?

2676 2573 95 37 Der
2800 2571 104 38 eine
2933 2570 351 51 Fackelträger:

2403 2636 119 38 Sonst
2550 2635 134 39 keiner
2712 2634 121 38 mehr.

2886 2686 192 38 Althan:

2401 2749 59 38 Im
2487 2749 160 38 Namen
2675 2748 128 46 derer,
2830 2760 44 25 so
2904 2746 63 38 die
2994 2745 104 38 Insel
3125 2745 157 47 fanden,

2400 2811 60 37 Im
2488 2811 160 37 Namen
2676 2809 127 47 derer,
2832 2822 44 24 so
2906 2808 78 38 den
3012 2806 192 40 Kronreif
3225 2806 168 47 banden,

2403 2872 99 38 dazu
2528 2871 55 39 im
2610 2872 162 37 Namen
2801 2870 90 39 aller
2918 2869 308 51 Ausgezählten:

2401 2932 181 39 Eröffnet
2610 2933 55 38 sei
2693 2932 65 39 das
2788 2931 168 39 Gericht
2985 2930 70 38 der
3083 2929 240 40 Erwählten!

2753 3011 88 38 Die
2869 3010 340 50 Fackelträger:

2401 3071 179 40 Eröffnet
2610 3072 54 38 sei
2692 3072 65 38 das
2787 3072 167 39 Gericht
2983 3072 70 38 der
3082 3070 236 39 Erwählten.

2880 3150 199 39 Althan:

2396 3214 116 46 Jedes
2540 3213 138 38 Leben
2707 3213 79 38 will
2815 3213 82 38 sich
2925 3212 205 46 schützen,

2401 3276 52 37 im
2483 3275 143 51 eignen
2653 3274 110 38 Kreis
2793 3274 81 39 sich
2902 3274 128 38 selber
3059 3276 161 36 nützen.

2399 3337 100 38 Was
2530 3336 202 51 geschieht

2401 3397 92 39 dem
2520 3397 210 47 Fremden,
2759 3397 71 38 der
2859 3397 63 38 die
2949 3396 103 39 Insel
3081 3395 122 39 sieht?

2681 3469 94 37 Der
2803 3467 100 39 eine
2932 3466 344 50 Fackelträger:

2823 3530 102 39 (senkt
2949 3530 49 29 die
3015 3529 123 39 Fackel)

2399 3584 153 37 Uebers
2580 3584 164 37 Wasser
2771 3582 84 38 kam
2885 3594 42 26 er
2954 3582 82 38 her.

2399 3644 76 39 Die
2504 3645 166 52 Treppe
2697 3644 111 39 führt
2836 3643 148 38 zurück
3012 3643 61 38 ins
3102 3643 122 38 Meer.
