2865 3048
1314 2368 71 34 241

522 521 201 43 Worte.
742 520 99 43 Die
855 519 200 45 wollen
1071 520 220 53 beirren;
1311 523 81 44 die
1409 523 156 45 lullen
1582 525 97 43 ein.
1697 525 108 43 Aus
1815 525 200 46 Dantes
2025 528 179 57 Zügen

522 580 154 44 allein
698 579 105 44 lese
825 593 126 30 man
975 580 81 44 die
1085 580 308 47 Geschichte
1415 584 167 44 seines
1604 585 220 44 Lebens.
2056 596 148 43 000

520 648 43 42 ©
625 639 119 44 Und
767 642 102 42 erst
892 653 86 29 am
996 639 239 45 Schlüsse
1252 642 125 44 sehe
1394 657 125 30 man
1538 644 99 43 den
1654 644 129 45 Sinn
1802 645 67 43 all
1888 646 164 44 dieses
2070 648 133 51 „Zu=

520 699 261 56 fälligen”;
814 699 100 43 den
945 699 198 44 Zweck
1173 701 109 43 und
1314 702 99 44 den
1444 702 276 57 geheimen
1751 703 309 54 Gedanken;
2092 708 111 43 wie

519 759 174 43 Bilder
715 758 132 44 reiht
869 758 109 44 sich
1002 759 124 43 alles
1144 761 333 53 aneinander,
1494 762 133 44 reiht
1643 763 110 44 sich
1769 777 308 33 zusammen
2095 768 107 43 und

518 818 138 43 wird
689 819 83 42 ein
803 817 160 52 tiefes,
991 822 158 40 sattes
1175 820 234 53 Zeitbild,
1437 822 91 44 das
1560 822 99 45 den
1688 822 307 46 Charakter:
2027 825 175 46 Dante

519 883 91 51 gut
632 881 149 52 trägt,
800 877 65 43 da
888 890 54 31 es
963 891 127 30 vom
1113 878 180 46 Leben
1317 882 397 57 durchdrungen
1737 883 77 44 ist.
2054 893 148 43 ©©©

518 946 42 42 ©
622 937 223 45 Schwer
867 937 64 44 ist
953 949 68 39 es,
1040 938 107 43 sich
1170 952 57 30 so
1249 953 66 30 zu
1337 941 305 55 begrenzen.
2053 952 149 43 ©©©

1331 1060 58 43 11.

517 1125 43 41 ©
621 1116 133 44 Was
776 1116 65 43 ist
863 1129 97 30 uns
982 1115 213 47 Dante?
2052 1131 148 43 ©©©

516 1185 43 42 ©
621 1176 256 44 Weshalb
900 1176 200 44 wollen
1121 1178 106 42 wir
1248 1192 98 31 uns
1368 1180 292 56 überhaupt
1687 1181 135 44 noch
1849 1182 95 43 mit
1970 1182 110 44 ihm
2107 1184 92 43 be=

516 1236 324 57 schäftigen?
2051 1251 148 41 ©©©

516 1304 42 43 ©
619 1297 70 43 Ist
713 1308 53 32 er
788 1295 291 56 überhaupt
1101 1297 137 44 noch
1260 1297 200 46 Faktor
1479 1313 92 30 zur
1593 1298 187 45 Kultur
1792 1300 27 42 ?
2050 1310 95 42 ©©
2156 1311 43 41 ©

516 1364 43 42 ©
621 1357 173 43 Dante
816 1357 64 42 ist
903 1368 107 31 von
1034 1355 135 44 allen
1187 1357 251 45 Dichtern
1461 1359 89 44 der
1567 1358 381 45 Weltliteratur
1972 1374 86 30 am
2079 1374 118 32 we=

516 1417 203 56 nigsten
742 1416 243 56 gekannt.
2051 1429 148 42 ©©©

514 1484 41 42 ©
617 1476 206 43 Woher
843 1475 207 43 kommt
1074 1475 145 43 dies?
2050 1489 149 41 ©©©

514 1544 42 41 ©
618 1535 151 56 Liegt
792 1535 92 43 das
907 1548 67 30 an
998 1535 88 43 der
1109 1535 168 44 Größe
1300 1537 165 45 dieses
1486 1538 262 43 Mannes?
2051 1547 146 43 ©©©

515 1603 40 42 ©
618 1595 162 50 Viele,
820 1595 80 43 die
937 1595 92 43 ihn
1066 1595 143 43 nicht
1246 1595 229 54 kennen,
1513 1598 157 55 packt
1703 1597 133 43 doch
1869 1598 83 43 ein
1983 1599 215 56 heiliger

514 1655 231 45 Schauer
774 1654 83 44 bei
889 1654 119 44 dem
1041 1654 206 44 Namen
1279 1656 247 51 „Dante”.
1561 1656 86 44 Sie
1677 1657 198 43 wissen
1907 1671 91 43 gar
2028 1659 170 44 nichts

513 1728 108 31 von
638 1714 132 50 ihm;
793 1715 73 42 sie
883 1713 209 44 kennen
1110 1713 92 44 ihn
1219 1716 157 45 nicht.
1400 1717 69 44 Ist
1488 1730 52 31 es
1556 1717 228 55 Ahnung
1801 1729 98 31 nur
1917 1717 137 44 ohne
2065 1717 131 44 Ver=

514 1773 271 45 ständnis?
2048 1785 149 42 ©©©

513 1842 42 41 ©
616 1833 133 43 Wer
781 1833 169 44 nichts
980 1846 109 31 von
1119 1833 111 44 ihm
1256 1837 157 51 weiß,
1441 1836 91 43 hat
1564 1835 134 44 doch
1730 1835 91 43 das
1845 1834 213 45 Gefühl:
2091 1838 105 43 viel

512 1893 140 44 wird
676 1904 54 32 er
751 1893 101 43 mir
871 1892 279 44 bedeuten!
1173 1893 69 45 So
1266 1900 140 51 spart
1430 1909 52 30 er
1504 1895 90 44 ihn
1617 1894 108 44 sich
1749 1893 100 54 auf,
1874 1894 321 46 absichtlich.

512 1953 90 43 Bis
622 1952 144 44 seine
787 1953 110 43 Zeit
921 1952 219 44 kommt.
1168 1953 72 44 Er
1261 1955 116 44 will
1399 1955 90 43 ihn
1512 1955 143 43 nicht
1681 1954 164 51 lesen;
1874 1966 54 32 er
1953 1954 92 44 hat
2071 1956 124 44 kein

512 2011 274 45 Bedürfnis
801 2025 67 30 zu
884 2011 124 45 ihm.
1032 2012 89 44 Bis
1140 2025 54 31 er
1211 2015 84 42 ein
1312 2015 237 56 Ereignis
1565 2014 157 51 wird;
1744 2015 308 55 zwingend;
2076 2020 119 39 not=

512 2072 218 57 wendig
751 2070 83 45 für
858 2071 81 44 die
963 2072 179 57 eigene
1162 2073 392 58 Entwicklung.
1578 2075 108 43 Das
1710 2074 64 43 ist
1797 2074 88 43 der
1901 2074 294 57 Zeitpunkt,

511 2145 92 30 wo
621 2145 127 30 man
766 2132 96 43 mit
880 2131 135 44 allen
1032 2131 193 45 Fibern
1243 2135 135 43 nach
1401 2135 109 43 ihm
1534 2133 159 59 greift.
1713 2133 108 44 Wo
1845 2147 126 30 man
1993 2135 109 44 sich
2126 2148 67 31 an

512 2192 110 44 ihm
653 2204 205 32 messen
884 2192 137 44 muß.
1054 2192 157 44 Nicht
1237 2207 68 30 an
1332 2194 112 43 ihm
1471 2194 180 44 vorbei
1678 2194 157 43 kann.
1868 2194 83 43 Da
1978 2195 135 43 stellt
2140 2208 55 30 er
