4826 6624
400 6493 97 63 88

407 166 125 71 Sie
583 153 100 84 ist
732 149 393 87 imstande
1178 149 167 85 und
1398 161 349 93 verpetzt
1797 180 148 51 uns

407 278 327 93 Schade,
800 278 181 73 dass
1059 278 151 73 wir
1284 278 154 69 alle
1515 297 155 50 von
1748 270 385 76 einander
2207 270 94 72 ab-

409 395 284 93 hängig
746 391 181 75 sind

402 512 195 71 War
683 532 81 51 es
851 508 218 73 nicht
1154 505 528 74 wundervoll.
1811 502 276 72 Dieser
2172 496 176 75 edle

402 623 323 75 Mensch

405 740 231 73 Seine
690 740 330 73 Stimme
1069 739 102 71 ist
1222 739 152 71 wie
1425 735 257 73 Musik

405 854 178 73 Und
636 855 213 73 seine
902 850 257 77 Hand.
1255 852 193 71 Hast
1498 852 127 69 Du
1675 847 215 74 seine
1926 844 234 74 Hand
2209 845 94 71 be-

402 969 334 74 trachtet

405 1087 144 72 Ein
604 1082 596 75 wundervoller
1252 1081 508 91 Brillantring

405 1203 124 71 Du
590 1203 154 71 bist
805 1199 208 73 noch
1071 1201 291 69 immer
1420 1221 96 49 zu
1577 1192 457 77 äusserlich.
2114 1191 234 74 Erna.

405 1318 236 73 Diese
693 1314 247 71 Linie.
1042 1314 136 73 Ich
1228 1314 295 71 könnte
1574 1313 291 71 immer
1918 1309 233 71 knien

407 1431 120 73 Ob
582 1455 84 49 er
719 1455 79 49 es
854 1431 307 73 ehrlich
1211 1431 146 70 mit
1408 1451 149 50 uns
1608 1428 250 71 meint

404 1546 135 73 Ich
592 1545 486 74 bewundere
1130 1545 217 72 seine
1403 1543 286 73 Grösse

402 1661 135 73 Als
612 1661 124 72 Du
812 1661 294 72 einmal
1183 1660 303 73 Deinen
1547 1658 216 93 Kopf
1828 1653 521 93 zurückbogst

404 1775 166 73 und
605 1775 141 73 das
776 1777 231 71 Licht
1040 1775 143 73 auf
1203 1775 300 71 Deinen
1540 1773 190 73 Hals
1769 1772 152 91 fiel,
1958 1772 388 71 brannten

402 1892 215 71 seine
668 1888 271 94 Augen

402 2007 127 69 Du
578 2007 156 71 bist
783 2005 156 73 viel
991 2027 97 49 zu
1147 2004 435 72 äusserlich
1638 2002 232 73 Erna.
1970 2000 136 73 Ich
2160 1998 188 73 sehe

402 2144 88 49 so
527 2127 242 66 etwas
819 2122 147 71 nie.
1071 2119 105 71 Er
1227 2117 211 74 wird
1491 2141 98 49 an
1643 2119 127 69 ein
1823 2137 242 51 neues
2104 2114 242 74 Werk

400 2236 334 93 gedacht
783 2236 261 72 haben

400 2351 134 72 Ich
597 2351 318 72 möchte
978 2351 205 72 auch
1245 2373 87 49 so
1396 2347 174 75 edel
1635 2346 327 74 werden
2014 2346 156 71 wie
2221 2344 127 73 Du

400 2466 254 73 Wenn
722 2467 132 72 ich
920 2490 153 49 nur
1135 2471 315 85 wüsste,
1518 2484 130 53 wo
1714 2461 131 74 ich
1912 2459 127 73 ein
2104 2479 240 51 neues

400 2579 232 73 Kleid
668 2581 594 71 herbekomme.
1366 2578 106 72 Er
1506 2578 191 72 liebt
1748 2583 200 86 grün
2001 2596 88 51 so
2141 2571 203 74 sehr.

404 2696 123 71 Du
578 2696 286 71 kannst
913 2694 212 73 mein
1188 2699 284 87 grünes
1526 2711 190 75 gern
1770 2689 479 73 bekommen

402 2813 125 71 Du
561 2811 154 71 bist
766 2810 368 72 wirklich
1184 2806 383 87 rührend,
1620 2806 235 71 Erna.
1956 2803 210 74 Aber
2217 2801 129 73 ich

400 2928 322 71 schäme
759 2925 210 73 mich
1007 2947 96 47 zu
1140 2921 242 93 Tode,
1437 2943 235 53 wenn
1709 2943 88 49 er
1829 2918 282 91 merkt,
2165 2915 179 74 dass

399 3043 284 70 Mutter
736 3064 81 49 es
869 3038 248 73 schon
1171 3038 364 73 zweimal
1587 3036 359 92 gekantet
1999 3033 134 71 hat

402 3155 330 73 Glaubst
790 3155 144 91 Du,
998 3152 181 72 dass
1244 3152 259 72 dieser
1564 3170 267 73 grosse
1880 3145 322 74 Mensch
2256 3167 88 51 so

399 3277 243 66 etwas
697 3268 201 73 sieht

397 3385 273 73 Nichts
720 3385 100 71 ist
869 3380 630 75 beschämender
1548 3382 119 71 als
1719 3379 285 74 Armut

400 3500 126 70 Du
587 3500 154 70 bist
802 3521 88 49 so
951 3497 145 73 tief
1139 3495 325 75 Martha.
1565 3495 187 73 Was
1816 3494 125 72 Du
2004 3492 191 71 alles
2258 3512 88 49 so

399 3614 387 73 nebenbei
839 3619 206 86 sagst

397 3731 191 71 Jetzt
654 3731 226 91 legen
947 3727 153 73 wir
1167 3749 149 49 uns
1384 3724 351 74 schlafen
1807 3721 166 74 und
2033 3721 310 72 zünden

400 3844 127 71 die
593 3842 532 73 Marienkerze
1196 3864 124 50 an.
1423 3841 127 71 Du
1623 3839 352 71 kommst
2048 3837 146 72 mit
2261 3836 82 71 in

399 3961 213 69 mein
651 3959 173 71 Bett
858 3958 167 72 und
1078 3958 152 72 wir
1281 3959 218 70 lesen
1552 3953 213 74 dann
1819 3954 166 71 sein
2021 3951 271 74 Weihe-

397 4076 223 92 spiel.
720 4073 170 73 Ach
973 4073 213 71 mein
1274 4071 200 73 Gott.
1577 4068 256 74 Wenn
1918 4068 130 73 ich
2134 4066 209 75 doch

397 4190 450 72 katholisch
898 4193 217 69 wäre

399 4306 157 72 Der
592 4303 452 75 Unterricht
1095 4305 150 71 soll
1299 4303 156 71 viel
1508 4296 618 97 anstrengender
2175 4298 166 71 sein

399 4422 227 69 Dann
698 4423 292 68 könnte
1061 4418 128 73 ich
1264 4418 262 71 meine
1589 4413 322 75 Sünden
1977 4411 364 75 beichten

399 4537 122 69 Du
573 4535 156 71 bist
780 4557 88 49 so
922 4533 176 73 edel
1149 4532 305 72 Martha

395 4650 291 73 Komm
736 4674 98 49 zu
869 4650 192 75 Bett.
1164 4649 171 72 Wir
1369 4649 295 71 wollen
1702 4645 127 73 die
1867 4645 427 92 Erlösungs-

397 4764 283 74 stunde
731 4765 270 71 feiern.

395 4996 227 71 Anna

394 5112 89 72 Ja

397 5226 340 73 Schläfst
788 5231 127 66 Du
968 5224 245 73 schon

395 5341 134 71 Ich
583 5341 210 71 kann
849 5338 218 74 nicht
1118 5336 354 73 schlafen

397 5456 102 73 Es
551 5456 100 71 ist
700 5453 208 74 doch
956 5453 252 73 schon
1262 5456 175 90 spät

394 5571 152 73 Mir
595 5573 100 71 ist
742 5593 97 49 zu
893 5570 212 72 heiss

397 5687 186 72 Was
636 5685 310 73 machst
1001 5685 124 71 Du

394 5800 135 74 Ich
582 5802 213 72 halte
847 5800 127 73 die
1027 5798 317 73 Decken
1396 5798 220 75 nicht
1665 5819 142 50 aus

397 5917 125 71 Du
571 5917 224 71 wirst
846 5913 205 75 Dich
1103 5913 352 73 erkälten

393 6034 102 69 Ist
546 6030 469 95 zugeriegelt

395 6147 164 70 Soll
612 6145 129 73 ich
795 6145 228 73 Licht
1071 6144 340 74 machen

393 6262 134 70 Ich
582 6261 267 72 werde
900 6262 218 71 lesen

2585 156 125 73 Du
2759 144 227 104 liegist
3035 148 300 78 wieder
3384 151 210 75 ohne
3645 146 283 98 Hemd,
3982 143 311 83 Friedet

2583 271 144 73 Bin
2781 270 132 72 ich
2966 266 249 75 schön

2580 383 315 75 Friedel

2580 498 135 73 Ich
2766 498 286 92 meine,
3106 495 325 76 werden
3467 495 218 74 mich
3733 496 128 75 die
3895 491 325 78 Männer
4273 495 249 73 schön

2580 613 271 73 finden

2581 730 180 71 Man
2823 727 336 74 braucht
3220 749 154 51 nur
3433 727 256 71 einem
3745 727 235 74 Mann
4041 744 97 56 zu
4190 727 330 93 gefallen

2581 844 149 94 Sag
2778 844 161 72 mir
2988 845 162 71 mal
3196 842 142 73 auf
3364 840 496 92 Ehrenwort,
3914 842 135 73 hat
4085 842 202 74 Dich
4324 842 200 71 Dein

2580 959 238 73 Ernst
2869 957 251 75 schon
3172 954 341 96 gesehen

2581 1072 315 75 Friedel

2580 1187 135 77 Ich
2776 1187 362 75 verstehe
3210 1184 237 93 nicht,
3518 1184 159 74 wie
3726 1182 127 73 Du
3907 1182 139 73 das
4119 1184 405 73 aushältst.

2581 1304 249 73 Dabei
2881 1304 154 71 bist
3086 1304 127 71 Du
3264 1301 249 73 schon
3567 1297 689 94 vierundzwanzig

2581 1419 236 73 Ernst
2866 1419 101 71 ist
3017 1418 160 72 viel
3226 1440 97 49 zu
3377 1414 417 75 ehrenhaft

2583 1534 120 73 Ob
2756 1556 86 51 er
2893 1533 203 73 Dich
3149 1555 164 49 nun
3367 1553 90 51 so
3508 1531 221 71 küsst
3782 1526 196 75 oder
4027 1550 90 51 so

2580 1648 179 74 Und
2810 1648 130 74 ich
2993 1648 205 73 habe
3249 1646 284 73 keinen
3585 1643 166 74 Mut

2578 1766 168 75 Mut
2795 1765 211 73 hätte
3059 1761 129 75 ich
3242 1761 271 94 schon,
3579 1782 233 52 wenn
3878 1760 155 69 mir
4095 1780 149 49 nur
4309 1758 218 73 einer

2580 1882 335 93 gefallen
2969 1877 283 74 würde

2581 1995 381 73 Könntest
3011 1995 129 71 Du

2580 2110 184 75 Sieh
2800 2112 164 71 mal
3001 2110 263 73 meine
3298 2109 264 72 Beine.
3668 2105 127 73 Sie
3841 2102 180 76 sind
4075 2102 206 74 doch
4334 2122 191 75 ganz

2581 2225 310 75 hübsch
2944 2225 167 73 und
3162 2227 203 90 lang.

2580 2340 162 73 Auf
2786 2363 163 50 was
3001 2340 129 72 für
3179 2337 432 75 Gedanken
3662 2335 128 72 Du
3839 2335 351 72 kommst

2580 2456 257 72 Wenn
2886 2454 132 73 ich
3072 2476 151 49 nur
3274 2452 384 73 schönere
3711 2449 401 95 Strümpfe
4163 2447 210 75 hätte

2580 2571 452 73 Manchmal
3084 2569 205 71 habe
3340 2567 132 73 ich
3523 2566 242 93 Angst
3816 2588 139 49 um
4007 2562 200 75 Dich

2581 2684 332 73 Glaubst
2964 2684 146 90 Du,
3176 2683 128 71 die
3365 2679 297 75 Beiden
3726 2679 261 73 haben
4049 2684 239 66 etwas
4341 2679 138 70 mit-

2580 2798 379 74 einander

2576 2915 329 76 Welche
2959 2911 293 75 Beiden

2576 3030 310 72 Martha
2935 3030 168 71 und
3154 3028 215 73 Erna

2580 3147 161 72 Auf
2795 3169 167 50 was
3032 3148 125 70 für
3223 3141 432 77 Gedanken
3724 3143 124 71 Du
3924 3141 371 73 kommst.
4398 3140 126 71 Sie

2578 3260 181 74 sind
2812 3260 208 73 doch
3072 3257 231 74 beide
3353 3257 388 74 Mädchen

2580 3379 125 71 Du
2741 3377 154 73 bist
2930 3377 125 71 ein
3094 3373 546 94 neugebornes
3679 3370 228 75 Kind.
4012 3370 200 73 Gute
4246 3368 276 77 Nacht.

2575 3492 230 73 Mach
2857 3489 141 74 das
3050 3489 229 72 Licht
3328 3511 164 50 aus.

2576 3605 315 73 Friedel

2578 3719 188 74 Was
2820 3717 208 75 denn

2576 3836 102 71 Es
2729 3836 100 71 ist
2879 3832 517 92 schrecklich,
3448 3829 388 76 Mädchen
3889 3853 98 49 zu
4038 3829 169 73 sein

2581 3953 126 71 Du
2756 3951 156 73 bist
2962 3951 175 71 eine
3189 3949 247 71 Tante

2580 4066 257 73 Wenn
2890 4064 130 73 ich
3072 4064 295 71 könnte
3416 4063 156 74 wie
3623 4061 130 74 ich
3804 4061 273 73 wollte

2578 4181 137 75 Ich
2766 4179 273 77 werde
3089 4179 220 73 wohl
3359 4201 184 50 zum
3597 4176 251 75 Ballet
3899 4174 250 94 gehen

2580 4298 186 74 Was
2820 4303 207 86 sagst
3081 4298 125 69 Du

2580 4413 227 73 Dann
2861 4410 328 74 werden
3242 4408 216 75 mich
3513 4408 154 71 alle
3718 4406 326 73 Männer
4097 4405 259 72 lieben

2581 4530 197 71 Dass
2834 4528 125 71 Du
3008 4527 266 72 meine
3326 4525 444 73 Schwester
3821 4523 152 73 bist

2578 4643 200 73 Gute
2827 4642 256 76 Nacht
3132 4640 211 73 Frau
3394 4638 307 73 Doktor

2578 4874 186 74 Was
2817 4874 257 73 kostet
3125 4872 127 71 ein
3306 4870 276 92 Flügel

2576 4989 268 76 Willst
2893 4991 127 69 Du
3071 4989 230 71 einen
3355 4985 288 73 kaufen

2576 5104 136 73 Ich
2771 5102 352 75 brauche
3198 5102 371 93 übrigens
3646 5096 390 96 dringend
4083 5092 442 76 Tausende.

2576 5221 268 74 Willst
2895 5219 125 73 Du
3071 5219 113 71 sie
3235 5219 159 70 mir
3447 5214 494 76 verschaffen

2580 5336 189 71 Hast
2822 5336 127 71 Du
3000 5334 128 73 ein
3179 5333 449 74 Verhältnis

2578 5449 134 75 Ich
2763 5449 171 73 will
2984 5448 158 71 mir
3193 5446 176 75 eine
3421 5443 164 74 Uhr
3638 5444 286 73 kaufen

2576 5563 193 74 Wer
2817 5563 416 71 bekommt
3284 5561 114 71 sie

2580 5680 188 73 Wer
2805 5680 151 71 soll
2993 5678 113 73 sie
3152 5676 505 73 bekommen.
3757 5673 316 73 Einmal
4112 5693 219 51 muss
4385 5670 144 74 der

2578 5793 323 75 Mensch
2976 5792 206 74 doch
3257 5793 176 71 eine
3504 5788 461 93 anständige
4033 5785 165 74 Uhr
4263 5786 261 73 haben

2580 5908 159 73 Seit
2786 5930 242 51 wann
3077 5908 158 71 bist
3287 5908 126 71 Du
3465 5929 88 49 so
3606 5902 608 96 anspruchsvoll

2578 6025 318 73 Einmal
2964 6047 222 49 muss
3252 6022 142 73 der
3452 6022 321 73 Mensch
3846 6017 207 74 doch
4127 6039 166 52 was
4366 6040 158 51 von

2578 6142 301 71 seinem
2917 6137 249 76 Gelde
3210 6137 281 73 haben.
3594 6135 149 73 Mir
3790 6134 100 72 ist
3941 6130 130 75 die
4109 6132 372 73 Pastoren-

2578 6254 439 76 wirtschaft
3057 6255 186 90 jetzt
3294 6250 312 75 einfach
3657 6249 355 74 zuwider
