3616 4572
1387 3871 212 40 129

1344 1130 316 58 NOTIZEN

669 1268 159 35 ALTE
860 1267 201 35 KUNST

281 1340 25 35 ([
331 1340 383 40 Denkmälererhalfung.
743 1341 26 35 D
798 1342 102 41 Schloß
928 1341 121 32 Chillon
1078 1350 53 22 am
1154 1342 120 38 Genfer
1295 1340 59 41 See,
1386 1342 55 29 das

280 1395 181 40 Gefängnis
484 1394 209 40 Bonnivards,
722 1395 140 32 berühmt
890 1394 93 31 durch
1007 1394 80 31 Lord
1109 1394 110 40 Byron,
1239 1394 64 41 foü
1330 1393 111 39 reßau-

279 1447 76 31 riert
375 1448 133 30 werdm.
555 1446 151 42 Zunächft
719 1446 82 42 find
827 1448 122 38 hierfür
968 1446 44 31 im
1036 1446 217 42 Staatsbudget
1279 1448 53 29 des
1354 1446 87 31 Kan-

279 1501 70 30 tons
385 1500 113 31 Waadt
535 1508 110 31 14000
681 1499 48 32 Fr.
768 1500 164 41 eingefetzt.

279 1552 82 31 Man
381 1551 134 41 gedenkt
537 1552 60 30 das
616 1551 103 42 Sdoloß
738 1552 83 41 felbfi
842 1554 95 30 unts

282 1604 159 41 Währung
451 1604 105 40 feines
578 1604 184 32 Charakters
783 1614 42 32 zu
848 1615 69 22 reno-

281 1657 117 40 vieren,
423 1657 51 31 die
496 1657 131 31 inneren
650 1658 122 32 Räume
795 1658 74 31 aber
893 1667 17 32 z
912 1667 22 22 u

279 1709 99 32 einem
384 1709 181 41 hiftorifchen
572 1709 145 42 Mufeum
723 1719 41 32 zu
774 1710 159 42 benutzen.

277 1763 111 31 —Die
400 1762 93 31 Stadt
503 1762 85 39 Zug,
606 1763 50 31 die
670 1762 70 32 nodj
752 1762 164 32 vshältnis-

279 1815 106 41 mäßig
405 1814 75 32 reich
503 1824 44 21 an
562 1814 270 32 mittelalterlichen
849 1815 63 31 Bau-

280 1867 187 32 denkmalen
490 1867 43 40 ifi,
557 1867 80 31 hatte
660 1876 57 22 vor
737 1867 118 41 einigs
868 1867 68 31 Zeit

281 1921 173 42 befdoloffen,
472 1920 50 31 die
538 1920 41 31 St.
600 1919 335 35 Oswalds-Kirche

281 1973 209 42 umzubauen.
508 1973 87 40 Diefe
608 1973 35 40 ifi
652 1972 83 32 eines
744 1974 58 29 der
810 1972 107 32 einheit-

280 2026 117 41 lichften
427 2027 71 30 und
531 2024 273 42 merkwürdigßen
828 2025 84 32 Denk-

279 2080 101 31 mäler
411 2079 169 32 kirchlidoer
611 2078 157 41 Spätgotik
805 2078 34 31 in
878 2079 57 30 ds

280 2132 137 41 Sdoweiz,
439 2133 58 30 ds
513 2132 82 31 Chor
614 2131 51 31 An
684 2130 87 33 Werk
794 2132 53 30 des
863 2131 47 30 Ma-

275 2185 107 42 giftss
390 2185 234 32 Ebshardund
635 2184 195 40 desMeifters
842 2184 93 31 Hans

279 2239 109 31 Felder
413 2247 59 22 aus
503 2238 61 30 den
588 2237 116 39 Jahren
728 2243 76 35 1478
808 2255 40 3 —
850 2243 48 34 148
898 2243 32 34 J.

281 2292 104 40 Gegen
406 2292 59 29 den
482 2289 222 42 beabfichtigten
722 2289 133 39 Umbau,
877 2290 58 29 der

279 2353 26 32 Z-
324 2345 33 30 B.
376 2343 51 32 ein
445 2342 173 43 Querfchiff
628 2342 180 42 einfehieben
824 2342 107 39 wollte,

279 2397 88 32 shob
378 2396 64 42 fido
465 2396 52 31 An
539 2396 106 31 Sturm
670 2397 57 29 ds
741 2394 195 41 Entrüßung

279 2450 47 31 bA
343 2450 84 31 allen
439 2448 266 42 Kunftfreunden.
735 2449 130 38 Darauf
877 2447 54 32 hin

279 2503 55 31 hat
354 2504 85 30 denn
462 2501 75 32 auch
559 2501 35 31 in
622 2501 97 31 einem
743 2500 190 33 neuslichen

279 2556 57 40 Bef
337 2555 97 41 (Muffe
441 2555 50 31 die
499 2552 287 43 KirchengemAnde
794 2554 59 30 den
858 2553 50 31 Um-

279 2608 61 32 bau
356 2608 163 41 abgelehnt.
597 2607 37 31 In
655 2607 280 31 Königsfelden

282 2660 143 42 (Kanton
442 2659 148 42 Aargau)
612 2660 109 30 wurde
736 2658 51 31 die
804 2658 112 38 Klofter-

279 2714 104 40 kirche,
395 2715 56 30 das
464 2712 253 32 Sühnedenkmal
728 2711 203 41 dsKaifsin

280 2768 105 40 Agnes
400 2768 65 38 für
484 2767 51 31 die
552 2766 204 39 Ermordung
776 2765 78 31 ihres
872 2764 40 31 Ge-

279 2820 115 40 mahls,
419 2819 110 41 Kaifer
549 2817 168 40 Albrechts,
747 2818 51 30 die
833 2817 102 38 Gruft

280 2874 58 30 ds
352 2872 42 31 im
407 2872 134 39 Kampfe
553 2871 35 30 ob
603 2869 142 41 Sempach
755 2870 177 41 gefallenen

279 2923 243 43 ößsreichifchen
558 2923 112 40 Ritts,
709 2923 34 31 in
775 2921 160 42 würdiger

283 2978 90 41 Wefe
389 2976 283 41 wiedshsgefiellt.

278 3029 27 35 (T
328 3029 129 33 Museen
484 3029 65 32 und
573 3027 238 41 Sammlungen.
837 3026 26 35 3
887 3027 46 32 Im

278 3083 142 30 Berliner
448 3083 149 30 Museum
627 3081 83 31 wird
735 3080 51 32 An
817 3079 120 32 hlAner

280 3135 124 32 Umbau
432 3143 249 32 vorgenommen,
716 3142 56 22 um
808 3134 52 30 die
893 3131 203 40 Aufßellung
1122 3130 54 30 des
1210 3128 123 41 „Anslo
1340 3127 14 15 u
1384 3136 60 22 von

278 3188 195 33 Rembrandt
510 3196 42 32 gu
581 3186 208 42 ermöglichen.
853 3184 197 41 Gleichzeitig
1082 3183 81 31 wird
1191 3181 52 31 ein
1270 3181 176 41 befonders

277 3242 106 32 Raum
405 3239 199 43 hsgerichtet,
637 3240 57 30 ds
715 3240 51 30 die
789 3238 139 31 Broncen
957 3238 58 30 ds
1036 3235 196 41 Renaiffance
1255 3233 189 39 aufnehmen

277 3295 67 30 soll.
383 3294 35 31 In
443 3293 170 32 demselben
635 3292 148 31 Museum
806 3290 75 32 sind
903 3290 132 31 mehrse
1050 3287 184 39 Hochreliefs
1255 3295 61 22 von
1332 3285 111 41 Bafalt,

278 3346 203 42 altfemitifche
507 3345 101 33 Werke
631 3354 59 22 aus
713 3346 60 29 den
799 3342 251 42 Ausgrabungen
1080 3349 60 22 von
1170 3338 148 42 Zengirli,
1338 3337 89 42 glück-

277 3400 55 31 lich
366 3409 59 22 aus
463 3398 184 40 zahlreichen
686 3396 217 42 Bruchfiücken
945 3404 18 32 z
964 3404 17 22 u
982 3397 18 39 f
1001 3403 118 23 ammm
1119 3393 111 41 gefetzt
1265 3393 72 29 und
1372 3391 54 38 auf-

274 3453 114 41 gefteüt
411 3454 142 38 worden;
576 3451 67 32 eine
666 3452 58 30 ds
745 3447 251 39 altaramäifchen
1012 3445 174 42 Infchriften
1210 3445 99 40 diefer
1330 3443 114 39 Reliefs

278 3506 116 41 bezieht
407 3504 64 42 fido
501 3514 30 22 u.
555 3514 29 22 a.
615 3504 64 38 auf
703 3504 61 30 den
787 3502 106 40 König
913 3499 166 40 Barrekus,
1111 3499 60 30 den
1196 3497 80 31 Sohn
1304 3497 53 30 des
1385 3497 39 30 Pa-

279 3568 147 30 nammu,
451 3560 53 29 des
519 3556 196 33 vsmuthlich
730 3556 109 39 letzten
855 3554 118 40 Königs
989 3562 60 21 von
1066 3551 74 31 Sam
1157 3549 68 41 (um
1242 3558 59 33 742
1317 3549 47 32 bis
1378 3556 66 34 727

278 3621 56 22 vor
355 3611 95 41 Chr.).
540 3610 177 40 Demfelben
745 3609 148 31 Museum
910 3605 99 43 fielen
1037 3604 132 32 mehrse
1198 3603 152 30 wstvolle
1375 3602 46 31 Vs-

278 3664 181 32 mächtnisse
482 3673 18 33 z
501 3673 38 21 u:
562 3663 28 41 0
606 3664 66 38 für
685 3662 51 31 die
752 3658 266 42 Gemäldegalsie
1042 3657 51 31 die
1116 3657 79 30 etwa
1218 3664 92 32 4000
1334 3655 109 30 Bände

1547 1288 196 38 umfassende
1758 1286 165 32 Bibliothek
1947 1296 61 21 von
2023 1286 108 40 Julius
2154 1286 120 40 Meys;
2304 1285 35 42 2)
2354 1295 61 22 von
2431 1286 125 39 Rudolf
2566 1286 145 41 Springs

1545 1350 36 30 41
1604 1339 162 42 ägyptifche
1789 1340 155 40 Bronzen;
1964 1340 66 38 für
2049 1340 55 30 das
2127 1338 309 42 Kupfsflidokabinet
2455 1347 63 32 224
2533 1338 176 42 japanifdoe

1546 1392 208 42 Holzfdmitte
1777 1394 71 29 und
1864 1402 43 32 115
1918 1393 90 38 Hefte
2021 1392 117 41 folchs
2147 1391 216 42 Hotzfdmitte,
2380 1392 114 38 fsns
2507 1391 202 42 vsfdnedene

1546 1446 173 40 illuftrierte
1742 1445 129 41 Bücher;
1892 1446 64 38 für
1982 1447 55 29 das
2059 1444 375 42 Kunßgewsbemuseum
2458 1443 67 32 Ane
2548 1444 162 32 Ex-libris-

2059 1497 189 41 Sammlung
2276 1506 61 22 von
2371 1497 79 31 etwa
2481 1505 92 31 4000
2601 1496 110 40 Stück;

2054 1550 34 40 4)
2112 1559 61 22 von
2197 1550 81 39 Prof.
2297 1549 34 31 C.
2349 1549 156 40 Bernftein
2528 1549 79 31 etwa
2630 1549 60 31 hun-

2059 1604 68 30 dert
2161 1601 200 42 franföfifche
2393 1601 173 41 illuftrierte
2597 1601 116 31 Büdoer

2058 1656 53 30 des
2142 1655 107 31 XUIII.
2271 1655 114 40 Jahrh.,
2410 1654 67 31 eine
2500 1655 58 30 der
2575 1654 114 41 gewähl-

2059 1707 87 38 teßen
2163 1707 224 41 Sammlungen
2410 1707 82 31 ihrer
2513 1706 69 40 Art,
2600 1707 52 31 die
2677 1707 33 30 in

2059 1761 57 29 der
2129 1759 208 32 bedeutenden
2351 1759 192 40 Abtheilung
2552 1758 143 41 illuftrier-

2059 1813 47 30 ter
2116 1813 115 31 Bücher
2245 1814 53 30 des
2309 1811 325 42 Kupferftidokabinels
2644 1811 67 32 eine

2057 1865 208 42 empfindlidje
2288 1864 98 33 Lücke
2409 1865 143 38 ausfüllt.
2652 1864 60 31 Als

2059 1917 168 43 Curiofität
2246 1918 77 31 thun
2340 1917 61 32 wir
2414 1919 55 29 der
2487 1917 146 32 Brodmre
2657 1917 36 32 Er-

2059 1971 167 40 wähnung,
2248 1971 52 31 die
2317 1971 95 31 unter
2428 1971 71 30 dem
2514 1968 72 33 Titel
2600 1970 89 40 „Rem-

2057 2024 117 31 brandt
2210 2025 71 29 und
2313 2025 57 30 der
2403 2023 177 32 Geheimrat
2607 2024 83 30 Bode
2697 2022 14 15 u

2055 2076 107 41 jüngß
2176 2075 167 42 erfchienm
2365 2076 42 40 ift.
2443 2076 52 31 Ihr
2507 2074 56 33 Ton
2580 2077 72 30 und
2666 2076 49 31 ihr

2059 2129 101 31 Inhalt
2182 2129 91 41 taffen
2288 2129 50 30 ein
2354 2128 127 31 näheres
2497 2128 151 41 Eingehen
2664 2128 48 31 als

2058 2184 22 28 ii
2083 2181 47 31 her
2131 2182 24 40 fl
2157 2180 79 43 üffig
2243 2179 125 43 erfchein
2371 2190 36 21 en
2419 2181 137 39 —Unfw
2561 2180 153 42 belgifcher

2058 2234 170 42 Vertreterf
2229 2232 104 32 ehreibt
2344 2242 78 22 uns:
2433 2232 66 32 Für
2506 2234 56 31 das
2568 2234 143 41 Mufeum

2057 2288 58 30 der
2136 2286 92 32 Stadt
2246 2286 233 33 Antwerpen
2488 2284 82 43 find
2593 2286 33 31 in
2650 2287 59 30 den

2055 2340 110 41 letften
2175 2339 151 31 Monaten
2339 2338 174 40 angekauft
2523 2340 124 29 worden
2660 2338 50 31 ein

2054 2394 105 40 großes
2172 2391 166 40 Triptydoon
2354 2391 83 31 eines
2448 2391 145 41 gotifchm
2608 2391 83 32 Flam-

2058 2445 128 31 länders
2198 2444 121 41 „Chrift
2333 2445 70 30 und
2410 2444 93 41 feine
2507 2444 98 41 Engel
2611 2444 15 15 u
2639 2445 71 30 und

2057 2497 51 31 ein
2115 2496 215 32 verkleinertes
2337 2497 169 40 Exemplar
2512 2498 53 30 des
2572 2497 119 31 berühm-

2059 2551 49 29 ten
2118 2549 236 41 Meifterwerkes
2361 2551 52 29 des
2425 2550 199 40 hervorragen
2627 2549 82 40 dften

2058 2603 81 31 aller
2170 2602 217 39 romantifdmi
2423 2602 105 31 Maler
2559 2602 150 41 Belgiens,

2059 2655 108 33 Louis
2191 2656 174 39 Gallait,
2405 2655 83 40 „Die
2512 2654 118 31 Leidoen
2654 2656 59 29 der

2060 2707 121 39 Grafen
2209 2707 134 41 Egmont
2371 2709 71 29 und
2472 2707 121 31 Horn.“
2646 2707 68 31 Der

2058 2760 70 40 elfte
2159 2759 130 42 Befitser
2314 2760 100 41 diefer
2434 2759 191 40 Reduktion,
2655 2761 58 29 der

2057 2812 155 31 Sammlei'-
2232 2812 158 40 Maskens,
2413 2812 80 31 hatte
2516 2813 70 30 dem
2606 2812 105 31 Maler

2050 2866 66 37 für
2135 2866 94 40 diefes
2246 2865 152 31 Gemälde
2417 2873 26 33 z-
2460 2865 46 31 Zt.
2526 2873 119 33 74000
2661 2866 46 37 fr.

2057 2917 123 38 bezahlt.
2225 2918 68 30 Das
2316 2918 227 39 Antiverpener
2563 2916 146 40 Mufeum

2057 2970 55 31 hat
2137 2979 29 22 es
2186 2970 81 40 feigt
2294 2970 33 30 in
2365 2969 87 32 einer
2478 2970 138 31 Audion
2646 2970 66 39 für

2058 3031 43 22 20
2111 3031 69 22 000
2187 3023 47 37 fr.
2247 3022 184 31 bekommen.
2457 3022 89 42 Diefe
2562 3022 96 40 Kopie
2674 3022 36 40 ift

2058 3074 227 41 wundeifchön.
2371 3074 67 32 Viel
2459 3075 54 31 hat
2535 3085 75 21 man
2634 3075 77 31 über

1549 3125 121 42 „Chrift
1684 3128 72 30 und
1767 3127 88 41 feine
1871 3128 97 40 Engel
1974 3128 15 15 “
2005 3127 172 42 gefprochm
2194 3128 70 31 und
2281 3127 192 41 gefchrieben.
2512 3128 61 32 Ein
2589 3128 122 40 Parifs

1550 3179 233 40 Kunfthändls
1807 3180 53 31 bat
1881 3189 30 22 es
1934 3181 70 30 dem
2027 3181 223 39 Antwerpens
2266 3180 145 42 Mufeum
2427 3182 65 37 für
2511 3189 141 32 240000
2660 3182 47 39 fr.

1551 3232 172 41 überlaffen,
1748 3242 63 22 was
1833 3242 76 22 man
1932 3233 78 31 wohl
2031 3233 97 31 kaum
2143 3243 41 31 %u
2199 3233 66 31 hodo
2288 3242 124 22 nmnen
2429 3235 83 38 darf,
2537 3243 92 22 wenn
2653 3236 56 30 das

1551 3285 151 31 Gemälde
1713 3284 64 42 fido
1799 3286 48 30 als
1869 3285 51 31 ein
1935 3286 217 41 authentifchs
2166 3286 148 31 Memlinc
2335 3285 122 40 swAß.
2495 3287 38 40 Ifi
2554 3288 68 30 dies
2637 3287 74 31 aber

1550 3339 56 30 der
1620 3335 91 34 Fall?
1749 3338 209 31 Grammatici
1978 3340 128 30 certant.
2144 3339 64 31 Mit
2228 3339 152 42 Alphonfe
2406 3339 147 41 Wauters,
2578 3342 58 30 der
2657 3341 51 31 die

1550 3389 140 42 Exißenz
1712 3391 95 40 diefes
1832 3391 118 31 Werkes
1972 3391 47 31 als
2042 3393 57 29 der
2120 3391 71 41 elfte
2213 3401 61 21 von
2297 3391 95 31 Allen
2417 3392 33 30 in
2467 3392 122 42 feinem
2613 3393 96 31 Budoe

1550 3443 103 33 Hans
1672 3443 171 33 Memlinc
1867 3443 101 42 (ispj)
1992 3445 162 40 erwähnte,
2179 3445 72 31 imd
2272 3444 60 31 mit
2344 3443 132 33 meinem
2492 3445 143 32 Freunde
2650 3446 57 32 Dr.

1550 3496 80 31 Max
1642 3496 114 41 Roofes,
1773 3497 71 30 dem
1856 3496 164 41 gefeierten
2033 3497 106 32 Autor
2151 3499 57 30 der
2217 3522 16 17 „
2241 3497 160 40 Gefchichte
2417 3499 57 30 der
2483 3499 228 39 Antwerpens

1549 3548 196 42 Malsfdoule
1752 3549 14 14 11
1767 3573 8 16 ,
1789 3549 52 31 bin
1857 3549 41 32 ido
1912 3551 58 30 ds
1980 3549 131 42 Anficht,
2125 3551 64 37 daß
2199 3550 126 39 Zweifel
2340 3551 68 31 hier
2416 3551 97 31 kaum
2528 3552 179 41 slaubtfei.

1549 3602 93 41 Ganz
1653 3602 100 41 gewiß
1766 3602 37 40 ifi
1816 3603 56 30 das
1885 3603 150 32 Gemälde
2051 3605 55 30 das
2125 3603 85 33 Werk
2226 3603 83 32 eines
2324 3604 269 32 mittelaltslichen
2606 3605 83 31 Flam-

1547 3654 136 40 ländss,
1708 3656 71 29 und
1799 3663 89 32 gwar
1907 3655 82 32 eines
2012 3665 59 22 aus
2093 3657 58 30 ds
2171 3656 93 41 sften
2281 3656 68 32 Zeit
2369 3656 75 33 nach
2466 3659 71 30 dem
2560 3656 73 33 Tode
2655 3659 58 30 der

1052 3013 250 34 BOTTICELLI:
1325 3011 161 33 PALLAS
