3424 4572
1398 3876 184 44 67

545 2547 33 40 A
607 2545 139 53 sprach
772 2544 70 39 der
864 2545 154 38 Knabe:
1042 2546 153 38 Mutter
1220 2545 118 47 mein,

554 2611 102 38 Wes
685 2610 105 39 zeiht
816 2623 92 26 man
936 2609 108 40 denn
1072 2610 62 39 die
1152 2609 218 53 Vögelein?

407 2688 39 27 ir
474 2677 64 38 bat
564 2675 66 40 für
657 2675 54 39 sie
738 2675 85 39 und
849 2675 87 39 liess
965 2675 109 39 nicht
1101 2676 111 38 nach.

394 2742 60 38 Sie
482 2742 119 38 küsst’
628 2741 69 39 ihn
724 2740 70 40 auf
815 2740 81 39 den
918 2740 129 38 Mund
1073 2740 84 39 und
1183 2741 153 52 sprach:

388 2808 56 48 Ja,
472 2807 122 39 lieber
621 2806 121 47 Sohn,
769 2818 79 28 was
876 2804 113 40 frevl’
1016 2805 63 40 ich
1107 2818 74 27 nur

392 2874 71 38 An
492 2873 107 39 Gott
624 2872 44 39 in
695 2871 128 40 seiner
850 2872 186 38 Kreatur?

392 2938 171 39 Warum
589 2937 80 39 will
696 2937 65 39 ich
788 2936 65 39 ein
879 2936 174 52 Vöglein
1079 2936 162 39 hassen?

393 3004 81 39 Soll
501 3016 40 26 es
569 3017 68 25 um
664 3003 105 39 mich
797 3002 84 39 sein
902 3001 145 49 Jubeln
1072 3001 147 39 lassen?

394 3069 129 40 Gott?
550 3069 101 38 Was
677 3068 52 39 ist
757 3069 125 38 Gott?
912 3069 39 38 O
980 3069 163 46 Mutter,
1172 3069 84 50 sag!

391 3135 119 47 Sohn,
539 3147 42 26 er
608 3135 51 38 ist
684 3133 139 40 lichter
851 3134 52 39 als
932 3133 70 39 der
1030 3133 88 52 Tag

390 3200 98 39 Und
514 3201 66 38 hat
608 3200 100 38 einst
726 3212 50 26 zu
795 3199 73 38 der
886 3199 222 40 Menschen
1124 3199 213 40 Frommen

390 3264 355 41 Menschenantlitz
774 3277 303 40 angenommen.

390 3331 121 47 Sohn,
539 3331 89 40 fleh’
656 3333 68 39 ihn
752 3345 48 26 an
825 3332 42 39 in
893 3332 109 51 jeder
1029 3333 102 46 Not,

388 3399 86 37 Der
501 3409 88 27 treu
616 3398 71 39 der
714 3398 118 39 Welt
859 3409 95 28 stets
982 3396 111 40 Hilfe
1121 3398 83 38 bot.

389 3463 180 40 Schwarz
597 3464 89 38 aber
712 3464 50 38 ist
790 3464 71 38 der
888 3463 118 39 Hölle
1033 3462 123 48 Wirt,

387 3530 85 37 Der
499 3528 63 39 nie
591 3528 70 39 der
688 3529 158 39 Untreu
873 3528 120 40 müde
1020 3528 119 48 wird;

387 3596 100 38 Von
514 3594 93 38 dem
633 3594 106 40 kehr’
768 3594 64 38 die
861 3594 234 39 Gedanken!

388 3660 63 38 Sei
479 3658 201 40 standhaft
707 3660 106 39 ohne
842 3660 202 38 Wanken!

1653 551 51 38 So
1731 550 103 40 lehrt
1861 550 60 40 ihr
1950 550 129 40 Mund
2105 550 70 40 ihn
2198 550 98 40 Tun
2322 550 84 40 und
2425 550 173 47 Meiden,

1651 617 79 38 Das
1757 616 154 39 Finstre
1941 629 83 26 von
2051 616 92 38 dem
2170 615 168 39 Lichten
2366 615 197 39 scheiden.

1650 682 123 38 Dann
1801 694 143 40 sprang
1971 694 43 25 er
2041 681 148 39 wieder
2216 680 83 39 fort
2325 682 59 38 ins
2412 681 103 39 Feld.

1651 748 52 38 Er
1730 747 114 48 lernt,
1871 746 76 40 wie
1975 760 90 26 man
2085 746 81 40 den
2184 746 219 54 Wurfpfeil
2423 747 177 46 schnellt,

1650 814 97 37 Und
1776 812 160 40 brachte
1964 813 197 39 manchen
2188 812 147 40 Hirsch
2363 812 50 39 als
2441 813 124 39 Beute

1650 879 78 38 Für
1756 878 62 39 die
1846 880 153 37 Mutter
2025 878 84 39 und
2138 878 62 39 die
2227 878 138 39 Leute.

1652 944 68 39 Ob
1749 944 187 40 trocknet
1962 944 141 39 Boden
2132 944 98 39 oder
2258 944 162 47 Schnee,

1650 1012 106 37 Dem
1784 1010 137 39 Wilde
1951 1021 56 28 tat
2035 1010 85 39 sein
2148 1010 204 39 Schiessen
2379 1009 102 40 weh.

1651 1077 74 39 Ein
1754 1075 181 40 Maultier
1961 1075 107 40 hätte
2097 1075 97 39 dran
2222 1088 141 39 genug,

1650 1143 101 38 Was
1778 1141 240 40 unzerwirkt
2046 1154 42 26 er
2114 1141 223 39 heimwärts
2366 1152 100 40 trug.

1791 1306 132 40 INST
1953 1308 92 51 ging
2072 1320 43 26 er
2143 1306 136 39 seinen
2307 1306 252 52 Weidegang

1810 1374 69 38 An
1907 1374 129 38 einem
2066 1372 156 40 breiten
2249 1372 248 51 Bergeshang

1649 1440 98 39 Und
1777 1440 119 40 brach
1923 1453 91 26 zum
2041 1439 169 39 Blatteln
2238 1437 115 40 einen
2380 1437 149 52 Zweig.

1651 1506 115 39 Ganz
1793 1506 41 38 in
1862 1505 70 39 der
1959 1505 117 39 Nähe
2104 1503 74 40 lief
2199 1503 65 39 ein
2292 1503 115 50 Steig.

1650 1573 61 38 Da
1739 1571 158 40 schallte
1925 1570 218 51 Hufschlag
2172 1569 111 41 ferne
2311 1569 87 47 her;

1650 1638 52 38 Er
1728 1639 144 50 wiegte
1900 1637 136 38 seinen
2062 1636 150 38 kurzen
2239 1635 120 52 Speer

1649 1703 99 38 Und
1767 1703 153 52 sprach:
1944 1703 100 38 Was
2063 1701 84 40 hab’
2167 1701 65 39 ich
2252 1700 48 39 da
2318 1701 281 38 vernommen?

1649 1769 75 47 Ha,
1752 1769 160 38 möchte
1942 1768 106 39 doch
2076 1768 71 38 der
2174 1766 149 40 Teufel
2351 1766 204 38 kommen!

1651 1835 120 39 Liess’
1800 1847 42 26 er
1870 1835 82 39 sich
1979 1834 107 40 noch
2114 1847 44 25 so
2188 1832 178 53 grimmig
2394 1832 108 46 sehn,

1650 1901 71 39 Ich
1747 1900 124 40 wollt’
1897 1901 69 39 ihn
1995 1899 202 40 sicherlich
2224 1898 177 39 bestehn.

1651 1966 92 39 Viel
1771 1966 127 40 Graus
1928 1979 84 26 von
2038 1966 81 38 ihm
2148 1964 63 39 die
2238 1965 154 37 Mutter
2420 1974 101 40 sagt;

1651 2031 112 39 Mich
1794 2031 137 48 dünkt,
1967 2031 60 39 ihr
2055 2031 109 38 Herz
2196 2030 50 38 ist
2273 2042 50 26 zu
2350 2040 169 40 verzagt.

1652 2097 50 38 So
1731 2097 113 39 stand
1872 2096 70 39 der
1969 2096 136 39 Knabe
2133 2092 275 56 kampfbereit.

1651 2163 61 38 Da
1740 2174 216 42 sprengten
1984 2162 127 39 durch
2138 2161 64 39 die
2229 2160 240 39 Einsamkeit

1652 2228 97 39 Drei
1777 2228 123 39 stolze
1927 2227 128 40 Ritter
2081 2227 125 52 farbig
2234 2239 109 39 ganz,

1652 2294 101 39 Von
1780 2293 115 54 Kopf
1914 2307 51 25 zu
1991 2294 94 38 Fuss
2112 2293 54 38 im
2192 2291 292 51 Waffenglanz,

1652 2359 98 38 Und
1778 2373 42 25 er
1848 2359 42 38 in
1917 2358 145 39 Einfalt
2089 2358 107 39 ohne
2225 2357 117 52 Spott

1652 2425 111 38 Hielt
1789 2424 120 51 jeden
1937 2424 47 38 da
2010 2423 64 39 für
2103 2423 119 39 einen
2250 2422 117 47 Gott,

1653 2489 94 40 Rief
1768 2489 169 39 knieend
1963 2489 71 39 mit
2062 2488 208 40 erhobnen
2296 2486 187 40 Händen:

1653 2555 96 47 Hilf,
1778 2555 123 39 Gott!
1929 2555 67 39 Du
2017 2555 140 38 kannst
2175 2553 108 39 wohl
2300 2552 110 39 Hilfe
2429 2550 190 54 spenden.

1651 2622 61 38 Da
1739 2623 119 36 zürnt
1886 2620 70 39 der
1982 2620 208 40 vorderste
2219 2618 69 39 der
2315 2618 171 46 Herren,

1653 2686 71 38 Als
1754 2698 41 26 er
1822 2686 70 39 ihn
1920 2686 67 39 sah
2015 2685 78 39 den
2120 2685 111 50 Weg
2258 2695 251 41 versperren:

1653 2753 82 38 Der
1762 2751 202 54 täppische
1991 2750 175 39 Waleise

1652 2818 167 38 Hemmt
1846 2830 72 26 uns
1947 2816 70 40 auf
2036 2829 138 27 unsrer
2201 2814 124 39 Reise.

1800 2973 57 39 IN
1874 2975 101 47 Lob,
1995 2974 65 39 das
2080 2984 112 29 sonst
2211 2973 72 40 wir
2296 2972 140 39 Baiern
2450 2982 149 40 tragen,

1813 3041 111 38 Muss
1947 3040 64 39 ich
2029 3053 84 26 von
2140 3039 80 39 den
2238 3037 206 40 Waleisen
2464 3049 134 39 sagen:

1652 3107 77 38 Die
1757 3106 88 39 sind
1872 3106 108 39 noch
2008 3105 180 39 dümmer
2216 3117 67 39 gar
2310 3105 51 38 als
2389 3103 84 48 wir,

1651 3173 121 39 Doch
1797 3170 202 41 mannhaft
2025 3171 127 39 voller
2178 3168 293 56 Kampfbegier.

1651 3238 56 39 Ist
1735 3237 130 40 einem
1891 3250 84 26 von
2002 3250 74 26 uns
2104 3236 117 39 Witz
2248 3235 188 47 verliehn,

1651 3304 84 39 Der
1763 3303 101 40 wird
1891 3304 52 38 als
1970 3301 285 41 Wunderland
2283 3300 217 41 beschrien.

1800 3464 36 40 A
1851 3462 87 38 kam
1965 3462 43 38 in
2032 3461 100 39 Hast
2158 3460 81 39 den
2256 3460 126 39 Zaum
2406 3458 194 51 verhängt

1810 3528 74 39 Ein
1911 3527 145 40 vierter
2082 3526 130 40 Ritter
2239 3526 328 52 nachgesprengt.

1664 3596 39 37 Ji
1705 3608 21 24 e
1755 3594 148 40 andern
1930 3606 133 28 waren
2090 3592 109 40 seine
2225 3593 195 45 Mannen;

1651 3660 61 40 Sie
1740 3660 168 40 suchten
1934 3660 168 46 Räuber,
2132 3659 64 39 die
2224 3669 234 28 entrannen.
