3687 4572
2201 3917 185 43 76

1146 616 63 38 „Es
1230 614 58 34 sah
1307 612 117 49 gerade
1448 626 57 23 aus
1529 613 68 36 wie
1621 612 73 35 eine
1719 609 99 37 straff
1835 622 164 37 gezogene
2019 609 178 35 Guitarren-

1070 666 81 35 saite
1169 665 71 36 und
1259 679 31 22 es
1310 665 80 36 kam
1408 666 64 35 mir
1489 679 73 27 vor,
1581 665 46 36 als
1647 665 43 34 ob
1710 677 32 21 es
1762 665 72 34 eine
1849 661 169 49 Ewigkeit
2035 661 42 35 da
2090 659 125 41 blieb,“

1068 727 92 40 sagte
1180 718 144 37 Charlie.

1148 771 153 48 Richtig!
1330 774 93 32 Ganz
1440 771 138 47 richtig!
1606 770 96 34 Mein
1720 768 184 35 Bekannter
1929 767 91 34 hatte
2037 772 127 41 gesagt,
2183 776 32 23 es

1070 824 59 36 sah
1148 837 70 27 aus,
1237 824 67 35 wie
1324 824 53 34 ein
1394 823 157 35 silberner
1569 821 117 41 Draht,
1712 821 56 35 der
1787 820 63 36 auf
1868 820 53 34 die
1940 818 148 36 Planken
2106 816 111 48 gelegt

1070 890 73 22 war
1166 875 71 36 und
1264 889 32 21 es
1321 876 113 34 schien
1457 876 83 40 ihm,
1566 875 46 35 als
1639 874 43 34 ob
1708 887 31 21 es
1765 873 76 35 dort
1866 871 64 36 auf
1950 872 118 34 immer
2085 868 132 36 bleiben

1068 929 129 35 würde.
1238 932 67 31 Der
1322 931 110 32 Mann
1454 929 92 34 hätte
1565 927 140 35 beinahe
1724 926 70 34 sein
1813 924 110 36 Leben
1947 922 56 36 für
2022 922 87 35 diese
2128 920 72 35 voll-

1067 981 134 48 ständig
1219 980 149 36 nutzlose
1383 980 238 47 Beobachtung
1639 976 162 51 geopfert,
1815 976 72 35 und
1904 976 72 34 hier
1993 987 73 23 war
2082 973 135 35 Charlie

1069 1036 123 38 Mears,
1211 1034 56 34 der
1285 1032 240 36 Bankkommis
1545 1033 60 34 mit
1619 1029 302 47 fünfundzwanzig
1936 1027 142 47 Shilling
2094 1024 123 37 Gehalt

1070 1087 55 34 die
1143 1086 149 40 Woche,
1316 1085 56 34 der
1397 1086 54 34 nie
1474 1098 82 22 vom
1580 1082 94 37 Land
1698 1094 152 36 gewesen
1876 1094 73 21 war
1971 1079 72 35 und
2071 1091 31 22 es
2126 1077 91 35 Alles

1070 1138 100 35 selbst
1193 1136 150 37 erfahren
1364 1138 101 35 hatte.
1509 1136 188 47 Allerdings
1721 1135 92 34 hatte
1837 1134 72 33 ihm
1936 1132 56 35 das
2016 1132 69 34 eins
2113 1131 105 34 seiner

1072 1190 168 35 Vorleben
1264 1189 161 48 gekostet.
1466 1189 89 35 Aber
1578 1189 68 34 wie
1671 1200 79 35 gern
1769 1190 91 31 wäre
1884 1185 56 35 ich
1964 1184 77 34 dem
2060 1196 39 22 zu
2117 1181 100 35 Liebe

1071 1244 121 35 vorher
1221 1241 220 49 zwanzigmal
1464 1240 186 49 gestorben,
1675 1239 67 40 ich,
1766 1238 56 34 der
1846 1238 56 34 ich
1920 1249 69 23 von
2008 1236 133 34 meinen
2159 1237 40 31 Er-

1072 1294 191 48 fahrungen
1280 1308 37 21 so
1336 1303 105 39 guten
1460 1292 177 37 Gebrauch
1655 1293 90 33 hätte
1763 1290 140 35 machen
1921 1288 157 35 können!

1150 1348 107 40 „Also
1291 1347 160 34 weiter!“
1481 1353 90 40 sagte
1603 1345 56 35 ich
1691 1343 71 35 und
1795 1342 187 39 versuchte,
2018 1341 65 34 den
2109 1338 88 36 Neid-

1073 1398 105 36 teufel
1208 1401 36 33 in
1273 1399 65 34 mir
1374 1397 335 47 zurückzuschlagen.
1754 1398 82 43 Jetzt
1863 1394 70 48 galt
1960 1407 51 27 es,
2047 1394 62 34 ihn
2138 1390 66 36 fest-

1074 1451 166 36 zuhalten.

1152 1507 92 38 „Das
1257 1502 182 35 Komische
1453 1501 53 35 bei
1521 1501 55 35 der
1586 1500 199 36 Geschichte
1799 1512 84 27 war,
1900 1498 71 35 dass
1987 1497 54 35 ich
2057 1496 163 36 während

1074 1557 55 35 des
1145 1569 125 34 ganzen
1285 1554 157 36 Gefechts
1461 1554 94 34 nicht
1573 1554 48 33 im
1635 1553 200 46 Geringsten
1851 1550 108 48 bange
1978 1550 81 35 oder
2074 1557 147 27 erstaunt

1074 1622 83 22 war.
1190 1611 41 33 Es
1249 1608 113 34 schien
1380 1608 75 38 mir,
1474 1606 46 35 als
1538 1618 103 23 wenn
1659 1605 58 34 ich
1735 1605 106 34 schon
1859 1604 36 33 in
1914 1603 106 35 vielen
2035 1601 187 36 Gefechten

1074 1673 155 36 gewesen
1246 1663 108 37 wäre,
1372 1659 72 34 und
1461 1658 56 35 ich
1538 1666 91 39 sagte
1652 1670 32 21 es
1703 1656 87 35 auch
1815 1669 40 21 zu
1874 1656 132 33 meinen
2025 1655 195 34 Nachbarn.

1074 1713 88 37 Aber
1176 1712 56 35 der
1244 1712 181 35 verfluchte
1439 1709 164 36 Aufseher
1622 1708 64 36 auf
1699 1721 133 22 unserm
1847 1707 94 35 Deck
1969 1707 120 35 wollte
2105 1720 118 22 unsere

1075 1768 124 31 Ketten
1216 1765 94 34 nicht
1328 1763 203 44 losmachen,
1551 1762 111 34 sodass
1681 1762 66 35 wir
1765 1774 55 22 am
1835 1759 143 37 Gefecht
1996 1760 115 34 hätten
2124 1759 98 35 Theil

1074 1818 142 34 nehmen
1242 1816 148 35 können.
1431 1818 42 31 Er
1497 1815 172 48 versprach
1687 1826 62 22 uns
1771 1814 131 39 immer,
1928 1813 72 35 dass
2020 1826 34 21 er
2071 1825 63 22 uns
2159 1811 64 35 frei

1074 1869 106 35 lassen
1197 1868 119 35 würde
1334 1868 87 34 nach
1439 1869 89 33 einer
1546 1867 166 39 Schlacht,
1732 1865 76 35 aber
1823 1879 33 21 er
1869 1865 59 35 hat
1943 1879 32 21 es
1990 1866 54 34 nie
2059 1865 164 49 gethan!“

1074 1921 106 36 Dabei
1199 1920 176 36 schüttelte
1395 1919 133 35 Charlie
1547 1920 126 48 traurig
1692 1919 64 34 den
1775 1916 101 50 Kopf.

1154 1975 106 39 „So’n
1279 1971 159 38 Schuft!“

1154 2029 91 37 „Das
1272 2025 74 35 will
1371 2025 56 34 ich
1451 2025 152 33 meinen!
1644 2026 42 32 Er
1705 2022 63 48 gab
1789 2036 62 21 uns
1872 2023 87 35 auch
1978 2023 54 34 nie
2051 2035 114 35 genug
2183 2035 42 21 zu

1075 2091 112 29 essen;
1210 2077 191 35 manchmal
1415 2090 115 22 waren
1548 2077 67 34 wir
1639 2089 36 21 so
1696 2076 140 47 durstig,
1856 2075 72 35 dass
1947 2076 66 34 wir
2031 2074 195 36 Salzwasser

1074 2130 134 35 trinken
1227 2138 156 26 mussten.
1419 2130 71 34 Oh!
1510 2130 56 34 ich
1584 2128 85 35 habe
1688 2128 64 35 den
1774 2128 210 35 Geschmack
2004 2128 91 35 noch
2114 2127 113 36 davon

1075 2184 49 33 im
1143 2182 166 35 Munde.“

1154 2234 182 45 ~Erzählen
1355 2235 52 34 Sie
1427 2235 63 34 mir
1515 2233 90 36 doch
1624 2241 104 28 etwas
1755 2232 82 35 über
1862 2233 64 34 den
1944 2232 126 42 Hafen,
2090 2246 59 23 wo
2168 2232 58 35 das

1076 2285 142 38 Gefecht
1237 2286 197 35 stattfand.“

1154 2343 147 37 „Davon
1319 2342 97 32 weiss
1442 2339 56 34 ich
1516 2339 125 35 nichts!
1682 2338 89 35 Aber
1796 2339 55 33 ein
1869 2337 116 36 Hafen
2003 2338 109 40 war’s,
2139 2338 89 34 denn

1075 2405 98 22 unser
1200 2390 111 37 Schiff
1331 2405 73 22 war
1437 2405 42 21 an
1512 2392 110 33 einem
1648 2392 110 47 Ringe
1790 2390 240 49 angebunden,
2063 2403 43 22 an
2139 2392 89 33 einer

1077 2457 136 35 grossen
1226 2445 142 34 weissen
1381 2447 131 32 Mauer.
1553 2444 63 33 Die
1631 2444 110 34 Steine
1759 2452 96 25 unter
1870 2443 77 35 dem
1961 2446 137 33 Wasser
2111 2456 117 22 waren

1075 2498 64 33 mit
1164 2497 89 34 Holz
1278 2497 157 40 bedeckt,
1465 2496 106 35 damit
1602 2509 99 22 unser
1725 2500 158 31 Rammer
1908 2497 95 34 nicht
2033 2496 195 48 beschädigt

1076 2550 125 40 werde,
1219 2563 103 21 wenn
1341 2549 56 35 das
1416 2547 112 37 Schiff
1546 2561 69 23 von
1642 2549 56 35 der
1715 2549 100 35 Fluth
1834 2561 106 36 gegen
1960 2548 53 35 die
2032 2551 120 33 Mauer
2171 2561 39 35 ge-

1079 2602 125 34 trieben
1222 2602 154 35 wurde.“

1162 2657 91 38 „Das
1273 2655 41 34 ist
1340 2653 196 36 sonderbar!
1583 2656 107 32 Unser
1717 2653 89 35 Held
1834 2653 269 35 kommandierte
2138 2653 91 35 doch

1079 2706 54 34 die
1153 2707 153 35 Galeere!

1161 2758 185 45 „Jawohl!
1373 2772 43 21 na
1435 2758 62 35 ob!
1543 2761 42 31 Er
1613 2758 95 34 stand
1739 2758 89 34 oben
1853 2771 54 21 am
1935 2761 73 45 Bug
2031 2758 72 35 und
2126 2759 106 34 schrie

1079 2811 72 34 und
1174 2812 124 34 fluchte
1324 2812 68 34 wie
1418 2812 54 33 ein
1491 2813 197 32 Besessener.
1728 2813 41 32 Es
1797 2824 73 22 war
1889 2811 68 40 der,
1982 2812 56 34 der
2062 2812 64 33 den
2144 2810 66 35 Auf-

1082 2864 92 34 seher
1192 2864 149 47 getödtet
1359 2864 127 34 hatte.“

1162 2916 111 40 „Aber
1292 2916 144 40 Charlie,
1456 2915 146 36 ertrankt
1616 2916 56 34 Ihr
1689 2915 89 35 denn
1797 2916 94 34 nicht
1905 2915 77 35 Alle
1999 2918 233 33 zusammen?“

1161 2968 168 45 „Jawohl,
1357 2968 55 35 ich
1434 2969 99 34 weiss
1559 2981 59 35 gar
1643 2968 94 35 nicht
1764 2968 103 40 recht,
1892 2969 67 34 wie
1985 2969 56 34 das
2061 2968 90 35 Alles
2175 2980 40 22 zu-

1082 3020 255 49 sammenhängt
1350 3028 75 19 —“
1444 3029 90 39 sagte
1549 3034 34 21 er
1596 3019 259 36 nachdenklich.
1884 3022 87 38 „Die
1987 3020 137 36 Galeere
2142 3033 91 22 muss

1086 3072 90 35 doch
1201 3074 61 33 mit
1280 3072 100 35 Allen
1405 3086 42 22 an
1465 3073 88 35 Bord
1582 3081 267 40 untergegangen
1875 3074 69 33 sein
2044 3072 72 36 und
2143 3073 91 34 doch

1086 3124 135 35 kommt
1239 3138 32 21 es
1290 3126 64 34 mir
1371 3139 71 27 vor,
1463 3126 46 34 als
1529 3126 43 35 ob
1592 3139 33 22 er
1644 3130 107 44 später
1764 3126 92 35 noch
1875 3125 110 48 gelebt
2003 3126 104 35 hätte.
2141 3125 75 35 Viel-

1086 3176 102 35 leicht
1219 3178 58 34 hat
1305 3191 33 21 er
1368 3179 71 33 sich
1470 3177 65 36 auf
1561 3179 57 34 der
1649 3178 144 35 anderen
1825 3179 138 34 Galeere
1995 3186 152 40 gerettet;
2177 3179 57 34 das

1084 3227 129 36 konnte
1237 3229 56 35 ich
1312 3229 76 35 aber
1408 3231 94 34 nicht
1519 3232 113 39 sehen,
1650 3231 56 34 ich
1726 3244 73 22 war
1816 3234 32 44 ja
1867 3239 53 27 tot
1999 3232 124 34 wissen
2142 3231 93 34 Sie!“

1163 3284 40 31 Es
1218 3295 83 26 war,
1317 3281 45 35 als
1377 3283 44 33 ob
1437 3284 54 33 ein
1504 3283 167 35 Schauder
1685 3283 81 34 über
1783 3283 61 34 ihn
1858 3281 70 37 lief.
1949 3284 57 34 Ich
2020 3284 139 47 drängte
2175 3284 61 34 ihn

1085 3333 95 34 nicht
1197 3335 134 41 weiter;
1347 3347 60 21 um
1424 3335 91 35 mich
1529 3335 77 35 aber
1623 3349 41 21 zu
1679 3336 198 40 versichern,
1892 3336 72 34 dass
1980 3349 33 21 er
2027 3349 68 22 von
2110 3337 126 33 seinem

1086 3386 162 47 geistigen
1275 3387 146 35 Zustand
1446 3386 97 36 keine
1566 3389 75 34 Idee
1665 3388 103 41 hatte,
1794 3387 64 49 gab
1883 3389 57 34 ich
1966 3389 73 34 ihm
2056 3389 180 34 Mortimer

1088 3437 140 35 Collin’s
1248 3438 371 50 „Seelenwanderung“
1637 3453 41 21 zu
1696 3440 101 35 lesen.

1166 3493 110 37 „Was
1296 3491 42 34 ist
1362 3491 58 35 das
1442 3490 56 37 für
1525 3493 55 34 ein
1604 3492 203 36 Blödsinn?“
1825 3501 91 39 sagte
1943 3506 44 27 er,
2012 3492 166 35 nachdem
2203 3506 33 21 er

1086 3540 168 49 ungefähr
1274 3544 71 33 eine
1363 3544 125 35 Stunde
1506 3544 129 49 gelesen
1653 3546 100 35 hatte.
1782 3546 58 34 Ich
1859 3545 93 35 kann
1971 3545 56 35 das
2043 3547 94 46 Zeug
2154 3559 83 21 vom

1087 3594 124 35 rothen
1237 3594 156 36 Planeten
1420 3599 90 32 Mars
1538 3598 70 33 und
1635 3610 81 22 vom
1743 3598 134 47 Könige
1905 3598 71 35 und
2004 3598 77 35 dem
2111 3610 125 36 ganzen

1087 3648 103 33 Kram
1216 3647 94 35 nicht
1336 3649 181 35 verstehen.
1559 3650 116 35 Geben
1693 3651 52 33 Sie
1771 3651 63 34 mir
1859 3652 133 33 meinen
2016 3650 221 49 Longfellow

1088 3699 161 36 wieder.“

2399 605 58 35 Ich
2489 602 63 49 gab
2585 603 73 34 ihm
2689 603 70 34 sein
2785 601 94 34 Buch
2904 599 71 36 und
2999 599 141 41 schrieb,
3159 602 122 34 soweit
3300 604 55 34 ich
3382 607 88 36 mich

2321 658 176 35 entsinnen
2519 655 141 39 konnte,
2685 653 130 41 nieder,
2839 666 72 22 was
2937 665 33 22 er
2995 653 65 34 mir
3092 665 69 22 von
3187 653 57 34 der
3268 657 202 37 Seeschlacht

2321 709 123 36 erzählt
2469 709 101 34 hatte.
2613 710 79 32 Von
2718 707 72 34 Zeit
2817 719 40 21 zu
2883 706 74 33 Zeit
2980 713 126 26 musste
3130 705 57 34 ich
3211 706 72 35 eine
3307 710 96 47 Frage
3429 726 40 21 an

2320 762 62 35 ihn
2399 762 141 39 richten,
2560 773 61 21 um
2639 760 126 33 meiner
2784 759 104 34 Sache
2906 757 107 35 sicher
3031 771 41 21 zu
3092 759 80 34 sein.
3213 761 42 32 Er
3274 768 195 31 antwortete

2321 816 74 38 mir,
2416 814 89 35 ohne
2530 825 70 22 von
2625 811 78 35 dem
2721 811 94 35 Buch
2834 809 247 42 aufzublicken,
3102 823 37 22 so
3159 810 181 44 bestimmt,
3360 814 44 36 als
3424 816 43 35 ob

2321 866 104 41 Alles,
2444 879 72 22 was
2536 877 34 21 er
2588 872 103 40 sagte,
2711 877 60 22 vor
2789 863 73 35 ihm
2881 864 48 34 im
2947 863 96 35 Buch
3060 863 126 35 stände.

2400 921 41 32 Es
2462 929 73 24 war
2553 918 55 34 ein
2627 924 96 41 guter
2741 919 72 45 Tag
2831 915 56 35 für
2906 916 110 34 meine
3035 916 211 36 Geschichte.

2401 971 58 35 Ich
2488 970 118 48 sprach
2639 970 63 34 mit
2730 968 189 36 halblauter
2955 969 156 40 Stimme,
3138 981 62 22 um
3228 969 155 37 Charlie’s
3410 975 43 32 Ge-

2323 1023 134 37 danken
2474 1023 95 34 nicht
2592 1035 40 22 zu
2656 1021 260 40 unterbrechen,
2943 1021 88 34 denn
3050 1021 57 35 ich
3130 1030 125 26 wusste
3273 1023 112 40 wohl,
3404 1025 68 35 dass

2323 1090 34 22 er
2382 1075 106 35 kaum
2516 1074 124 36 darauf
2664 1075 130 35 achtete
2817 1074 70 35 und
2911 1075 83 34 weit
3029 1072 64 36 auf
3113 1074 57 34 der
3196 1077 58 32 See
3279 1076 61 34 mit
3363 1079 89 47 Long-

2324 1127 122 37 fellow
2471 1141 84 22 war.

2402 1180 196 41 „Charlie,“
2629 1188 92 40 sagte
2750 1180 66 40 ich,
2850 1178 71 42 „als
2953 1178 53 35 die
3039 1178 259 36 Ruderknechte
3330 1179 63 35 auf
3419 1182 55 35 der

2324 1234 137 35 Galeere
2486 1232 247 36 aufrührerisch
2757 1232 163 40 wurden,
2947 1232 68 34 wie
3039 1230 112 36 haben
3173 1232 47 35 sie
3243 1232 53 35 die
3315 1232 159 38 Aufseher

2324 1286 194 48 getödtet?“

2403 1339 77 40 „Sie
2506 1339 103 34 rissen
2634 1338 52 35 die
2711 1336 113 35 Bänke
2859 1335 66 36 auf
2944 1335 72 36 und
3041 1335 162 49 schlugen
3228 1336 52 35 die
3305 1338 169 36 Schurken

2324 1391 87 36 todt.
2461 1394 41 31 Es
2530 1404 73 22 war
2627 1390 118 49 gerade
2773 1390 74 35 sehr
2874 1390 167 47 unruhige
3072 1392 68 31 See.
3192 1390 98 34 Einer
3317 1404 68 21 von
3414 1392 60 35 den

2324 1442 192 37 Aufsehern
2540 1441 65 37 auf
2623 1443 78 34 dem
2723 1451 141 26 unteren
2890 1441 95 35 Deck
3013 1441 77 48 glitt
3121 1455 57 20 aus
3205 1442 70 34 und
3302 1442 55 35 fiel
3382 1453 96 26 unter

2326 1496 53 35 die
2411 1495 162 37 Ruderer.
2627 1496 52 34 Sie
2717 1495 218 34 erdrosselten
2975 1494 78 41 ihn,
3092 1494 115 34 indem
3242 1496 46 33 sie
3323 1496 60 34 ihn
3417 1498 59 33 mit

2326 1548 196 49 gefesselten
2540 1548 145 35 Händen
2709 1561 82 34 ganz
2810 1547 68 35 still
2898 1560 107 35 gegen
3024 1547 52 34 die
3095 1546 147 36 Planken
3267 1548 54 34 des
3341 1547 135 37 Schiffes

2326 1601 178 41 drückten,
2532 1601 50 34 bis
2611 1614 34 21 er
2670 1600 77 35 todt
2773 1613 84 28 war,
2884 1601 89 33 ohne
2997 1599 118 49 irgend
3141 1599 154 36 welchen
3318 1603 97 32 Lärm
3440 1615 38 21 zu

2326 1654 162 44 machen;
2516 1667 31 21 es
2566 1667 73 21 war
2658 1667 38 21 so
2717 1653 137 40 dunkel,
2881 1653 73 34 dass
2975 1652 57 34 der
3051 1652 119 34 andere
3190 1651 164 37 Aufseher
3372 1655 104 34 nichts

2327 1707 101 35 sehen
2446 1706 138 34 konnte.
2613 1706 59 34 Als
2693 1719 33 21 er
2740 1705 119 48 fragte,
2878 1719 73 21 was
2970 1705 90 35 denn
3074 1704 51 36 los
3141 1705 57 40 sei,
3213 1705 119 35 wurde
3349 1719 31 21 er
3395 1708 84 34 auch

2327 1759 158 35 herunter
2512 1771 149 35 gezogen
2688 1759 71 34 und
2791 1759 87 34 auch
2911 1757 184 42 erdrosselt,
3127 1757 72 35 und
3231 1758 54 35 die
3316 1771 69 22 von
3415 1759 62 35 den

2328 1820 139 26 unteren
2495 1811 137 35 Decken
2657 1810 163 49 schlugen
2845 1811 71 34 sich
2947 1810 49 35 bis
3023 1810 88 34 oben
3135 1810 117 41 durch,
3278 1824 69 22 von
3372 1812 106 34 einem

2330 1863 96 37 Deck
2445 1865 88 33 nach
2550 1864 77 34 dem
2646 1863 154 36 anderen.
2829 1863 170 36 Himmel!
3027 1864 83 34 Wie
3128 1863 47 34 sie
3193 1863 137 35 heulten
3339 1865 7 35 !
3349 1871 21 13 cc

2410 1916 105 42 „Und
2533 1929 71 22 was
2624 1917 161 34 weiter?“

2410 1970 157 39 „Weiter
2585 1970 99 34 weiss
2703 1969 56 34 ich
2777 1969 108 34 nichts
2905 1968 104 35 mehr.
3052 1971 67 32 Der
3137 1968 122 35 Führer
3278 1969 62 34 mit
3358 1970 120 34 seinem

2330 2023 121 33 rothen
2469 2024 93 32 Haar
2587 2022 72 34 und
2683 2024 77 32 Bart
2785 2020 235 43 verschwand;
3047 2020 57 35 das
3126 2022 113 40 heisst,
3267 2022 163 34 nachdem
3448 2036 31 21 er

2330 2088 118 21 unsere
2467 2074 137 36 Galeere
2624 2087 205 35 genommen
2848 2074 127 34 hatte.“

2411 2130 66 31 Der
2505 2126 111 49 Klang
2644 2128 125 33 meiner
2796 2127 139 34 Stimme
2962 2126 113 34 schien
3104 2126 60 34 ihn
3187 2139 40 21 zu
3255 2126 169 41 irritieren,
3450 2141 30 21 er

2331 2180 133 35 machte
2483 2180 73 34 eine
2575 2182 195 45 Bewegung
2787 2180 63 33 mit
2869 2179 56 34 der
2944 2178 115 40 Hand,
3083 2179 67 34 wie
3170 2179 54 34 ein
3242 2179 239 49 ungeduldiger

2331 2232 154 45 Mensch,
2506 2232 57 34 der
2581 2232 95 34 nicht
2694 2231 248 35 unterbrochen
2961 2231 138 34 werden
3118 2230 86 36 will.

2410 2284 170 41 „Charlie,
2599 2285 52 34 Sie
2669 2284 111 35 haben
2799 2284 65 35 mir
2881 2284 54 34 nie
2954 2292 125 39 gesagt,
3099 2283 71 35 dass
3190 2283 56 35 der
3264 2286 108 32 Mann
3386 2284 92 35 rothe

2331 2339 112 33 Haare
2461 2337 103 40 hatte,
2584 2338 80 33 oder
2683 2337 71 34 dass
2775 2350 33 21 er
2821 2337 73 34 Ihre
2909 2336 137 35 Galeere
3061 2349 205 36 genommen
3284 2337 94 40 hat,“
3393 2345 88 40 sagte

2333 2390 56 35 ich
2408 2391 87 34 nach
2515 2390 89 34 einer
2624 2389 162 35 discreten
2805 2392 115 33 Pause.

2415 2443 134 34 Charlie
2575 2442 69 35 hob
2671 2443 95 34 nicht
2792 2441 68 35 mal
2883 2443 90 33 seine
2991 2443 123 47 Augen
3140 2454 70 23 von
3233 2442 125 34 seinem
3376 2441 106 35 Buche

2334 2493 71 37 auf.
2448 2498 66 37 „Er
2531 2508 73 22 war
2624 2508 37 21 so
2686 2495 208 47 rothhaarig,
2919 2495 68 34 wie
3017 2495 54 33 ein
3095 2495 112 33 rother
3231 2497 97 37 Bär,“
3348 2502 88 40 sagte
3455 2507 32 21 er

2332 2556 165 26 zerstreut.
2536 2551 67 36 „Er
2621 2547 82 35 kam
2721 2561 69 21 von
2809 2547 154 40 Norden,
2982 2560 37 21 so
3040 2555 115 40 sagten
3173 2548 46 34 sie
3238 2547 199 47 wenigstens
3451 2547 35 33 in

2332 2600 57 34 der
2399 2599 155 42 Galeere;
2564 2600 78 34 dort
2651 2601 92 34 hatte
2754 2613 33 21 er
2797 2600 71 34 sich
2877 2599 149 35 Ruderer
3037 2600 140 47 gesucht
3246 2598 81 36 freie
3337 2602 148 37 Männer,

2333 2654 124 34 wissen
2475 2654 63 39 Sie,
2639 2652 98 35 keine
2766 2651 205 49 Gefangene.
3021 2651 105 41 Viele,
3152 2651 84 36 viele
3265 2652 94 45 Jahre
3382 2655 103 45 später

2339 2706 123 34 hörten
2476 2706 64 34 wir
2558 2718 69 22 von
2646 2705 108 34 einem
2773 2705 143 35 anderen
2936 2703 123 36 Schiffe
3145 2705 81 34 oder
3245 2718 33 21 er
3295 2704 80 35 kam
3393 2704 94 35 selbst

2339 2757 126 36 zurück
2553 2758 56 34 ich
2627 2758 99 34 weiss
2745 2757 159 35 wirklich
2922 2757 94 35 nicht
3036 2758 129 34 mehr.“
3254 2758 93 34 Seine
3363 2758 124 47 Lippen

2338 2810 179 48 bewegten
2551 2812 88 39 sich,
2679 2811 90 34 ohne
2799 2810 73 35 dass
2900 2812 55 33 ein
2983 2813 107 32 Wort
3119 2810 124 35 hörbar
3275 2810 127 35 wurde.
3448 2812 39 31 Er

2338 2871 93 40 sagte
2450 2864 71 33 sich
2539 2863 99 34 selbst
2656 2862 71 36 voll
2750 2862 194 35 Entzücken
2961 2862 117 49 irgend
3100 2864 54 33 ein
3174 2862 145 35 Gedicht
3340 2862 69 40 her,
3433 2860 54 36 das

2340 2928 34 22 er
2393 2916 100 47 grade
2512 2915 130 48 gelesen
2655 2916 103 34 hatte.

2418 2970 99 38 „Wo
2537 2981 72 22 war
2628 2982 33 21 er
2676 2968 88 35 denn
2777 2966 264 49 hingefahren?“
3069 2967 58 35 Ich
3145 2967 145 35 flüsterte
3305 2979 82 35 ganz
3401 2965 86 35 leise.

2340 3023 119 32 Wenn
2484 3021 56 34 ich
2566 3034 65 21 nur
2653 3022 120 33 immer
2798 3028 149 40 gewusst
2970 3020 104 40 hätte,
3100 3020 146 35 welcher
3267 3019 98 36 Theil
3388 3019 101 34 seiner

2340 3074 212 47 Erinnerung
2570 3072 101 48 grade
2690 3074 87 33 activ
2796 3086 83 22 war.

2420 3126 126 40 „Nach
2565 3126 64 34 den
2648 3126 146 40 Buchen,
2815 3125 65 34 den
2899 3138 146 35 grossen,
3066 3125 244 35 wunderbaren
3323 3123 165 39 Buchen,“

2342 3179 174 34 erwiderte
2536 3192 32 21 er
2587 3179 87 34 nach
2690 3179 88 33 einer
2796 3177 124 35 kurzen
2939 3181 113 33 Pause.

2420 3231 127 40 „Nach
2564 3231 208 36 Frislanda!“
2790 3229 108 50 fragte
2916 3231 68 44 ich,
3004 3244 60 22 vor
3077 3229 202 49 Aufregung
3298 3243 53 21 am
3368 3239 122 37 ganzen

2340 3286 130 46 Körper
2488 3283 138 35 bebend.

2420 3339 70 41 „Ja,
2509 3337 87 34 nach
2614 3335 209 35 Frislanda!“
2859 3338 43 31 Er
2921 3335 116 49 sprach
3064 3335 56 35 das
3139 3337 107 33 Wort
3269 3347 84 35 ganz
3377 3332 112 35 anders

2342 3401 58 22 aus
2421 3388 46 35 als
2486 3389 63 34 ich.
2594 3388 83 41 „Ich
2697 3389 103 34 auch!
2827 3387 56 35 ich
2901 3388 91 34 hab’s
3012 3388 88 35 auch
3119 3387 142 48 gesehen
3276 3393 108 31 ~..“
3405 3386 85 33 seine

2341 3442 140 33 Stimme
2500 3441 119 35 wurde
2638 3441 181 34 unhörbar.

2420 3493 199 42 „Charlie,“
2646 3492 67 36 rief
2737 3493 54 35 ich
2824 3493 83 40 laut,
2940 3493 148 40 „wissen
3120 3493 51 34 Sie
3204 3492 101 41 denn,
3338 3504 70 23 was
3441 3490 49 34 Sie

2342 3559 101 35 sagen
2453 3549 36 31 ?“

2420 3601 43 32 Er
2486 3597 124 36 blickte
2636 3599 91 34 mich
2758 3598 62 34 mit
2845 3610 135 35 grossen
3011 3599 121 46 Augen
3156 3610 59 27 an,
3243 3596 108 48 völlig
3382 3594 107 37 wach.

2341 3652 147 40 „Ach,“
2520 3659 91 39 sagte
2635 3664 33 21 er
2696 3650 180 48 ärgerlich,
2899 3651 80 40 „ich
3004 3650 152 40 möchte.
3188 3650 52 35 Sie
3264 3650 116 34 Hessen
3403 3647 87 34 mich

2342 3704 102 48 ruhig
2462 3703 99 36 lesen.
2615 3705 120 33 Hören
2754 3704 51 34 Sie
2826 3715 83 23 nur:
