3799 4572
2306 3866 210 45 136

1270 557 80 24 Heute
1369 557 94 33 raufcht
1478 557 41 24 ein
1538 557 68 33 leifes
1628 556 99 32 IVehm,
1850 555 62 25 Und
1929 557 44 32 e-rß
1983 555 62 33 fp'dt
2063 562 63 25 mag
2141 562 26 17 es
2184 554 129 33 gefchehm,

1237 601 100 33 Laufche
1355 602 62 25 nicht
1435 609 31 25 gu
1485 602 70 32 Jang,
1576 610 13 17 o
1609 602 100 24 Mann!
1814 601 63 31 Daß
1893 608 26 16 es
1930 601 63 31 fern
2011 599 99 25 herüber
2126 598 76 25 hallt:

1236 646 49 24 Um
1305 646 129 32 Entgehen
1452 646 55 24 und
1528 646 121 32 Vergehen
1816 644 80 32 „Seht,
1917 644 54 33 auf
1978 644 78 33 jenen
2072 643 99 33 grünen
2189 642 87 25 Höhen

1235 689 86 33 Fange
1339 689 63 25 nicht
1419 698 30 24 gu
1468 689 85 33 zählen
1572 691 52 23 an!
1811 688 54 24 Hat
1884 688 43 24 der
1944 688 98 33 Meifler
2058 688 61 31 einß
2135 686 111 33 gemalt!

1273 761 54 24 Wie
1346 760 51 24 Dir
1413 760 88 32 täglich
1518 760 45 24 hat
1577 759 122 33 gegohren
1848 758 107 25 Starken
1973 758 113 32 Herzens,
2099 757 86 32 Billen
2205 755 93 25 Blickes

1235 803 29 25 In
1283 804 44 24 der
1343 803 67 25 Seele
1429 811 77 17 neuer
1525 804 81 31 Wein,
1816 801 88 26 Theilf
1922 809 26 18 er
1965 802 64 24 Licht
2046 801 55 24 mtd
2119 800 111 25 Schatten
2249 807 56 23 aus,

1235 847 57 32 Alfo
1302 847 71 33 Bllfi
1391 848 46 24 Du
1454 848 153 32 neugeboren
1814 846 99 32 Meißer
1923 845 119 34 jeglichen
2063 844 130 33 Gefchickes

1235 891 83 24 Selber
1327 891 78 33 jeden
1425 891 104 32 Morgen
1539 890 66 33 fein.
1814 890 85 32 Schloß
1913 889 108 33 gelaffen
2039 896 26 18 er
2082 888 47 25 das
2146 888 109 24 Haus!“

1257 961 71 32 Aus
1355 963 70 30 dem
1448 961 150 42 Nachlaße
1626 961 82 32 eines
1731 961 207 32 Alt-Wiener
1962 959 148 40 Dichters,
2134 959 212 32 Ferdinand

1193 1014 155 41 Sauter,
1367 1013 80 43 find
1466 1015 82 40 jetzt
1574 1015 82 40 Verfe
1687 1013 233 42 herausgegeben
1951 1014 133 30 worden.
2131 1011 79 31 Dem
2239 1009 108 31 Bande

1192 1067 36 40 ift
1249 1066 51 32 ein
1323 1067 126 31 Porträt
1468 1067 74 31 nach
1565 1067 99 31 einem
1688 1067 150 31 Gemälde
1861 1065 167 32 Schwind’s
2051 1063 43 32 bei
2095 1063 114 42 gefügt.
2299 1062 50 31 Le

1195 1127 87 34 CO(f
1290 1128 125 26 rouge
1436 1119 80 42 heißt
1536 1119 66 32 eine
1627 1129 78 21 neue
1733 1119 206 41 beUetriftifche
1962 1119 103 31 Revue
2089 1117 33 30 in
2137 1115 133 41 Belgien,
2296 1114 50 30 die

1183 1171 63 42 fich
1270 1173 47 30 als
1331 1197 15 16 „
1354 1182 111 31 organe
1487 1172 74 31 libre
1569 1172 14 15 “
1598 1172 131 39 vorftellt
1750 1173 70 29 und
1835 1171 121 31 Dichter
1976 1171 58 30 wie
2050 1166 210 40 Maeterlinck;
2280 1166 51 31 Ver-

1192 1225 118 39 heeren,
1327 1225 144 31 Eckhoud
1485 1225 48 30 als
1548 1223 192 32 Mitarbeiter
1760 1225 56 37 auf
1817 1223 95 39 führt.
1987 1223 36 30 In
2039 1221 183 38 Mailand,
2240 1218 107 41 Chiefa

1193 1286 15 22 e
1232 1277 165 40 Giandini,
1421 1277 144 40 erfchien:
1593 1276 94 32 Silvio
1714 1276 133 40 Pagani,
1872 1276 41 31 Lo
1936 1274 132 40 Specdoio
2096 1273 82 30 della
2202 1270 144 41 Dolorofa

1194 1328 159 43 Efiflenga.
1414 1328 118 42 Afione
1570 1328 173 31 dramatica
1776 1328 32 31 in
1846 1328 109 40 cinque
1993 1326 94 40 parti.
2206 1324 60 32 Die
2306 1324 39 30 G.

1196 1382 30 31 G
1229 1389 95 26 rote
1329 1382 68 41 fche
1415 1380 360 42 Verlagsbudohandlung
1797 1380 32 30 in
1852 1380 130 33 Berlin
2003 1378 120 32 bereitet
2143 1378 51 30 die
2211 1376 116 32 Heraus-

1191 1434 75 41 gabe
1279 1434 86 31 einer
1376 1433 304 41 Gedichtfammlwng
1691 1442 60 21 von
1764 1432 123 33 Franz
1897 1432 131 33 Fvers:
2043 1429 165 42 „Deutfdoe
2219 1430 109 30 Lieder
2334 1429 15 14 u

1195 1496 61 22 vor.
1304 1486 63 32 Von
1390 1486 163 42 demfelben
1580 1486 144 40 Verfaffer
1745 1485 81 31 wird
1853 1484 172 32 einaanderesi
2026 1493 6 7 r
2033 1493 29 21 es
2085 1481 197 33 Gedichtbudo
2305 1481 43 31 bei

1196 1540 40 31 A.
1260 1540 124 40 Langen
1414 1539 33 31 in
1475 1539 90 31 Paris
1593 1537 174 42 erfdoeinen.
1863 1538 45 30 Im
1931 1537 97 38 Laufe
2056 1537 52 30 des
2132 1535 126 31 Monats
2265 1534 87 39 Juni

1184 1590 80 42 find
1287 1591 33 31 in
1337 1592 90 30 Paris
1449 1590 183 41 erfchienen:
1657 1590 61 32 Von
1735 1590 81 30 Paul
1833 1589 139 32 Veiiaine
1991 1613 15 16 „
2015 1588 242 32 CONFESSIONS
2264 1586 15 15 u
2294 1586 56 31 mit

1196 1644 98 31 einem
1317 1643 205 41 vorzüglichen
1538 1644 125 30 Porträt
1683 1653 60 21 von
1759 1642 170 41 Anquetin,
1945 1650 60 22 von
2022 1641 151 31 Edouard
2187 1638 163 41 Dujardin

1195 1697 235 40 herausgegehen
1463 1695 139 41 (Bureau
1637 1697 52 29 des
1714 1694 152 40 Journals
1895 1694 83 39 „Ein
2004 1702 48 24 de
2085 1691 175 41 Siegle“);
2289 1700 60 21 von

1196 1748 131 31 Camille
1351 1747 166 40 Mauclair,
1541 1747 104 40 „Cou
1645 1754 122 26 rönne
1786 1754 47 24 de
1856 1745 172 40 Clarte“,
2053 1745 122 32 Roman
2199 1743 59 32 mit
2278 1742 54 31 iüu-

1186 1801 136 39 ftrirtem
1348 1799 156 42 Umfchlag
1528 1809 60 21 von
1619 1800 39 31 G.
1682 1799 193 40 Rochegroße,
1906 1798 61 41 (bei
1995 1798 33 31 P.
2054 1796 209 42 OUendorff);
2289 1804 61 21 von

1195 1853 111 31 Robert
1315 1852 132 41 Scheffer,
1463 1852 69 39 „Le
1550 1851 74 33 Che
1626 1860 68 24 min
1711 1850 182 41 nuptial“,
1906 1851 130 39 Roman,
2055 1850 62 41 (bei
2128 1849 40 32 A.
2182 1847 169 41 Lemerre);

1194 1915 60 22 von
1278 1904 82 32 Paul
1381 1904 116 40 Adam,
1522 1904 68 40 „Le
1607 1904 169 33 Mystere
1793 1911 66 25 des
1882 1903 173 40 Foules“,
2080 1903 131 38 Roman,
2235 1910 19 21 2
2277 1902 73 30 Bde.

1195 1956 61 42 (bei
1271 1958 32 30 P.
1322 1956 198 42 OUendorff).
1570 1956 70 32 Wir
1659 1956 142 32 kommen
1825 1956 33 31 in
1882 1958 139 38 unferem
2038 1955 134 41 nädoften
2188 1955 89 38 Hefte
2293 1955 63 37 auf

1195 2011 78 40 diefe
1296 2009 152 41 wichtigen
1475 2009 100 32 Werke
1597 2009 126 41 zurück.
1814 2008 64 32 Seit
1898 2008 99 31 einem
2019 2008 115 31 Monat
2154 2006 142 42 erfdoeint
2317 2006 32 31 in

1194 2063 137 33 Zürich
1350 2062 66 31 eine
1432 2071 77 22 neue
1525 2061 348 43 litterarifdo-äfthetifche
1892 2060 226 40 Wodoenfdorift,
2141 2058 155 43 vorläufig
2317 2058 33 31 in

1195 2115 119 41 Geftalt
1331 2114 86 31 einer
1431 2114 265 42 Sonntagsbeilage
1711 2123 41 32 zu
1771 2116 70 29 dvm
1857 2112 215 43 Tagesjournal
2085 2137 15 16 „
2109 2112 60 32 Die
2185 2112 141 32 Limmat.
2336 2111 14 14 u

1195 2168 65 31 Das
1283 2177 78 22 neue
1386 2167 106 41 Organ
1516 2167 155 41 entfpridot
1694 2166 96 32 einem
1821 2166 169 32 wirklichen
2013 2165 190 40 Bedürfniß:
2232 2173 31 22 es
2286 2164 65 30 will

1196 2220 50 32 ein
1263 2220 100 39 freier
1385 2222 71 30 und
1477 2220 158 40 würdiger
1656 2219 169 42 Sprechfaul
1842 2219 70 41 fein
1928 2220 65 38 für
2012 2219 52 31 die
2092 2218 88 31 Ideen
2205 2218 58 29 der
2287 2225 42 21 mo-

1194 2275 117 29 dernen
1336 2273 111 41 Kunft,
1472 2274 93 30 deren
1584 2272 146 32 Vertreter
1751 2272 101 31 bisher
1873 2272 32 30 in
1928 2272 58 30 der
2007 2269 127 42 Sdoweiz
2153 2269 88 31 keine
2257 2269 94 31 Stätte

1193 2327 111 39 hatten,
1327 2336 47 21 wo
1380 2325 49 43 fie
1514 2325 201 41 unabhängig
1727 2334 69 22 vom
1812 2325 96 40 guten
1929 2325 75 29 oder
2023 2323 85 42 böfen
2132 2322 114 32 Wiüen
2270 2321 83 31 eines

1194 2379 347 32 EeuiUetonredakteurs
1559 2397 38 3 —
1604 2377 64 42 Jld:
1683 2379 102 29 hätten
1800 2377 92 40 ruhig
1905 2375 191 42 ausfprechen
2112 2375 132 31 können.
2291 2374 61 31 Die

1194 2433 95 39 erften
1300 2432 177 32 Nummern
1493 2432 53 30 des
1558 2431 179 41 genannten
1750 2429 242 32 Unternehmens
2007 2427 155 32 habenbbereitsi
2163 2437 6 8 r
2170 2428 55 29 eits
2240 2435 113 32 einiges

1193 2484 157 41 Auffehen
1377 2485 105 40 eiregt,
1511 2485 72 29 und
1609 2492 76 22 man
1714 2483 80 38 darf
1814 2482 108 42 hoffen,
1952 2482 62 40 daß
2029 2479 63 43 fich
2112 2481 66 38 für
2197 2479 78 41 diefe
2299 2479 36 30 Be-

1184 2537 188 40 ftrebmgen
1395 2536 75 32 audo
1493 2535 109 42 Erfolg
1611 2535 116 43 finden
1753 2535 87 31 wird.

1762 2660 16 22 -a-

1484 2740 259 36 THEATER
1773 2740 105 35 UND
1903 2740 168 34 MUSIK

1196 2815 25 35 (I
1249 2815 142 33 Theater.
1420 2813 25 36 ])
1469 2815 111 41 März:
1596 2815 45 31 Im
1658 2815 163 31 Londoner
1837 2813 129 32 Garrick
1974 2812 140 33 -Theater
2128 2811 57 32 The
2200 2812 156 31 notorious

1195 2869 92 30 Mrss.
1319 2867 149 42 Ebbfmith
1496 2877 60 21 von
1586 2868 57 30 Pin
1646 2876 63 30 ero,
1741 2868 70 30 dem
1842 2866 146 41 Verfaffer
2015 2867 53 30 des
2092 2864 168 42 gleichfaüs
2282 2866 70 30 dem

1195 2923 167 29 modernen
1386 2920 95 32 Leben
1504 2920 233 31 entnommenen
1756 2919 152 31 Dramas:
1931 2918 57 31 The
2011 2919 112 30 second
2145 2918 92 30 Mrss.
2253 2916 80 33 Than-

1195 2974 101 39 heray.
1386 2972 179 41 Mascagnis
1594 2972 154 32 Dramma
1780 2972 222 31 marinaresco:
2032 2970 139 40 Silvano,
2195 2970 44 31 im
2262 2970 91 41 März

1197 3027 33 30 in
1252 3028 58 29 der
1323 3026 89 31 Scala
1428 3034 40 32 ga
1484 3024 149 31 Mailand
1654 3033 73 33 yum
1743 3024 93 38 erften
1852 3024 70 31 Mal
1940 3023 136 41 gegeben,
2101 3023 119 41 erhielte
2242 3022 110 32 keinen

1196 3080 114 40 Erfolg.
1398 3078 80 40 Elfte
1494 3077 214 41 Aufführung
1728 3086 57 21 oon
1809 3076 152 32 Friedrido
1984 3076 162 31 Smetanas
2169 3074 187 42 dreiaktiger

1196 3132 159 42 komifcher
1376 3131 101 39 Oper:
1506 3131 66 30 Das
1602 3129 194 40 Geheimniß,
1827 3139 43 22 an
1898 3131 58 29 der
1979 3130 121 31 Wivner
2122 3128 84 40 Oper
2226 3137 53 22 am
2302 3136 50 33 2y.

1198 3185 75 31 Mär
1313 3203 44 3 —
1379 3193 30 33 y.
1425 3182 101 41 April,
1550 3183 64 38 auf
1631 3183 58 30 der
1710 3181 236 43 Verfuchsbühne
1970 3182 32 30 in
2018 3181 123 31 Berlin:
2163 3180 102 41 Franz
2287 3179 51 32 Ser-

1198 3247 79 31 vaes,
1301 3237 48 31 Zu
1371 3236 111 41 Haufe.
1572 3234 112 41 April:
1706 3236 148 30 Edmond
1875 3234 151 40 Hofland,
2051 3234 43 31 La
2112 3233 142 41 princeffe
2276 3232 62 31 loin-

1201 3290 90 40 taine,
1317 3290 90 30 Paris
1430 3288 203 40 Renaiffance,
1658 3287 59 32 mit
1738 3287 98 31 Sarah
1858 3287 181 31 Bernhardt.
2064 3304 44 4 •
2123 3285 60 32 Die
2199 3286 82 41 Dufe
2304 3286 53 30 hat

1195 3341 56 41 fleh
1274 3342 57 31 mit
1353 3343 56 29 der
1424 3341 253 31 Cameliendame
1692 3341 114 41 Brüffel
1821 3340 130 40 erobert;
1973 3341 56 29 das
2044 3340 106 38 dürfte
2173 3339 75 30 auch
2271 3338 83 31 ihren

1200 3393 139 40 Triumph
1361 3395 33 30 in
1417 3395 99 38 Paris,
1542 3393 98 31 wohin
1652 3392 49 42 fie
1720 3394 94 40 gehen
1838 3393 74 40 will,
1925 3391 205 43 ficherfteUen.
2221 3400 42 22 12.
2286 3391 72 31 Mai

1201 3448 62 38 auf
1287 3448 56 29 der
1364 3447 139 30 Berliner
1527 3445 105 33 Freien
1661 3447 124 30 Bühne:
1813 3447 102 40 Georg
1941 3445 179 42 Hirfchfeld,
2152 3446 50 30 die
2226 3444 128 41 Mütter,

1201 3509 21 30 4
1245 3499 89 31 Akte.
1423 3508 45 31 2g.
1486 3499 71 31 Mai
1577 3499 34 31 in
1626 3499 128 41 Florenz
1776 3499 70 38 erße
1859 3499 210 41 Aufführung
2089 3499 57 29 der
2166 3497 189 40 vieraktigen

1204 3551 83 40 Oper
1307 3551 102 32 Amor
1427 3561 60 21 von
1511 3551 123 32 Niccolo
1656 3551 106 42 Maffa,
1786 3551 59 31 mit
1866 3551 132 31 Gemma
2021 3550 189 31 Beüincioni.
2293 3550 62 31 Von

1203 3605 70 30 dem
1295 3603 174 32 berühmten
1484 3602 205 43 Schaufpieler
1709 3602 148 43 Tommafo
1877 3603 122 32 Salvini
2007 3602 81 42 find
2103 3602 134 41 Ricordi,
2261 3604 76 30 aned-

1204 3656 66 31 doti
1289 3656 34 31 Sr
1341 3655 184 41 impreffloni
1546 3656 165 40 erfchienen
1735 3656 170 40 {Mailand,
1928 3656 81 31 Erat.
2033 3654 202 42 Dumolard).
2311 3656 45 30 Im

2452 553 108 40 Herbfi
2571 553 63 40 foU
2656 551 44 32 im
2723 549 127 33 Theater
2871 550 50 32 del
2937 551 103 31 Venne
3064 551 33 30 in
3121 550 149 31 Mailand
3292 552 207 35 LeoncavaUos
3520 568 72 24 neue

2454 606 85 39 Oper
2559 604 150 41 Tommafo
2725 603 177 32 Chalterton
2918 612 73 32 zum
3014 603 92 40 erften
3122 603 69 30 Mal
3214 605 177 40 aufgeführt
3412 610 124 32 werden.

2453 659 34 30 E.
2508 668 27 21 v.
2556 657 171 40 Wol{ogens
2753 654 270 42 Lumpengefindel
3048 656 117 39 wurde,
3193 664 61 23 neu
3279 658 239 44 aufgenommen,
3544 674 48 23 am

2452 720 52 21 20.
2529 709 93 40 April
2650 709 63 39 auf
2730 709 70 30 dem
2828 708 163 41 Deutfdoen
3015 706 126 33 Theater
3163 708 32 30 in
3223 709 102 30 Beiiin
3352 713 179 39 aufgeführt.

2453 763 67 31 Der
2551 762 104 31 Freien
2690 761 121 39 Bühne,
2848 762 57 29 der
2936 760 104 31 Freien
3081 760 186 31 Volksbühne
3306 763 69 29 und
3407 765 55 30 der
3492 767 100 33 Neuen

2453 814 105 33 Freien
2584 814 186 32 Volksbühne
2803 814 33 30 in
2868 813 106 31 Beiiin
3002 812 35 41 ift
3063 814 59 29 das
3152 812 104 32 Verbot
3286 823 74 31 Zjige
3361 824 131 33 gangen,
3523 821 69 31 ohne

2453 868 182 40 Befragung
2666 868 57 29 der
2756 866 120 41 Cenfur
2903 865 107 32 Stücke
3045 864 148 42 öffentlido
3226 866 216 40 aufzuführen.
3534 873 59 31 Am

2453 928 51 34 27.
2539 918 94 40 April
2674 920 108 30 wurde
2819 920 59 29 das
2916 917 170 41 Sdoaufpiel
3124 918 53 30 des
3216 918 32 30 in
3286 918 137 32 Dresden
3459 922 133 35 lebenden

2454 971 158 42 dänifchen
2636 971 218 40 Sdoriftftellers
2876 970 79 32 Karl
2970 970 160 41 Gjellerup
3153 969 110 41 „Seine
3279 970 178 44 Exceüenz“
3475 976 60 37 auf
3545 978 51 30 der

2453 1024 224 41 Kopenhagner
2697 1023 106 32 Freien
2826 1023 108 31 Bühne
2956 1031 19 33 z
2976 1031 54 23 um
3053 1022 92 41 erften
3171 1023 71 30 Mal
3264 1024 183 40 aufgeführt.
3533 1028 62 32 Das

2454 1076 168 34 Theatre
2643 1077 105 33 Libre
2770 1077 32 29 in
2819 1076 98 39 Paris,
2941 1077 56 29 das
3019 1075 174 40 vergeblidoe
3211 1075 135 41 Verfudoe
3361 1077 100 40 madot,
3485 1088 52 22 um
3557 1090 37 32 zu

2454 1139 109 22 neuem
2593 1129 94 32 Leben
2715 1128 228 40 aufzuwadoen,
2968 1128 54 31 hat
3042 1137 30 22 es
3094 1127 117 32 endlido
3238 1129 82 40 dazu
3339 1129 139 41 gebradot,
3492 1131 102 41 feinen

2453 1183 205 31 Abonnenten
2671 1183 59 29 den
2744 1191 54 21 um
2809 1181 49 31 ein
2861 1181 80 40 Jahr
2949 1181 183 41 veifpäteten
3146 1180 148 31 siebenten
3301 1181 111 31 Abend
3419 1184 56 30 der
3481 1184 113 41 vorigen

2454 1235 106 42 Saifon
2587 1244 41 32 yu
2652 1235 101 40 geben.
2801 1235 41 31 Es
2869 1235 108 29 wurde
3004 1233 50 31 ein
3078 1242 84 32 ganz
3187 1242 34 22 w
3248 1235 60 29 den
3338 1233 184 35 Traditionen
3548 1240 47 30 des

2454 1287 122 32 Theatre
2605 1287 84 31 Libre
2790 1288 69 30 dem
2878 1287 215 40 fogenannten
3125 1295 111 31 „gerne
3267 1286 89 41 roffe“
3438 1289 158 40 gehaltenes

2453 1340 181 41 vieraktiges
2650 1339 169 41 Sdoaufpiel
2833 1348 61 22 von
2911 1339 97 31 Emile
3023 1338 102 40 Fahre,
3150 1338 99 31 einem
3263 1338 123 41 jungen
3407 1342 68 29 und
3496 1342 85 32 talent-

2455 1394 99 30 vollen
2578 1391 205 42 Sdoriftfteüer
2803 1401 59 22 aus
2884 1390 162 42 Marfeiüe,
3075 1391 54 40 „D
3134 1391 82 33 Arg
3219 1390 93 33 ent“
3334 1391 58 31 mit
3407 1394 117 39 großem
3546 1396 33 30 Er-

2448 1445 72 41 folg
2541 1446 57 38 auf
2599 1445 130 40 geführt.
2820 1444 65 31 Das
2908 1444 126 33 Intime
3056 1442 161 34 Theater
3242 1444 32 29 in
3290 1444 149 31 München
3462 1446 50 31 hat
3531 1457 64 22 nun

2455 1498 75 31 audo
2553 1498 50 30 ein
2623 1496 228 42 phantaftifches
2867 1496 91 31 Stück
2975 1496 58 31 mit
3047 1496 108 40 Erfolg
3173 1496 57 38 auf
3231 1496 137 40 geführt:
3390 1498 127 38 „Leonce
3533 1502 64 29 und

2455 1550 114 40 Lena“,
2587 1550 145 41 Luftfpiel
2746 1558 61 22 von
2824 1550 101 40 Georg
2938 1549 145 39 Büchner,
3108 1548 59 30 mit
3180 1547 250 42 Herolds-Veifen
3451 1560 57 21 von
3524 1552 72 32 Max

2455 1603 98 32 Halbe
2576 1604 70 29 und
2661 1602 102 40 Franz
2777 1602 90 31 Held.
2915 1602 40 30 Es
2979 1602 107 30 wurde
3110 1600 33 31 in
3165 1600 99 31 einem
3281 1600 179 40 Privatpark
3475 1605 119 40 gefpielt.

2457 1656 59 31 Die
2541 1654 289 41 Einleitungsworte
2844 1654 107 41 fprado
2974 1653 134 31 diesmal
3122 1652 107 40 Julius
3244 1652 233 44 Sdoaumberger.
3514 1657 84 41 Ernft

2455 1719 28 20 v.
2502 1708 155 40 Wolzogen
2671 1707 110 41 fpielte
2804 1708 59 30 den
2881 1706 105 41 König
3000 1707 87 30 Peter
3107 1715 70 21 vom
3193 1706 101 32 Reiche
3311 1707 86 39 Popo,
3418 1707 76 31 Max
3508 1709 89 31 Halbe

2446 1762 102 40 fteilte
2576 1762 93 40 deffen
2699 1760 93 40 Sohn,
2826 1761 59 29 den
2915 1760 132 39 Prinzen
3075 1760 125 38 Leonce,
3232 1759 67 30 dar.
3346 1759 101 31 Oskar
3471 1760 125 42 Panizza

2449 1816 90 37 fand
2560 1814 136 39 doppelte
2721 1814 223 39 Verwendung,
2967 1812 117 31 einmal
3108 1812 48 30 als
3178 1811 203 40 Hofprediger
3402 1814 68 28 und
3490 1812 107 33 einmal

2456 1868 48 30 als
2527 1866 190 42 Hofmeifter.
2765 1865 188 41 Desgleidoen
2977 1865 79 30 hatte
3075 1864 140 32 Wilhelm
3232 1864 158 41 Rofenthal
3411 1865 73 40 zwei
3498 1866 98 32 Rollen

2456 1929 41 31 ZU
2503 1919 135 41 fpielen:
2656 1919 67 31 Dm
2737 1916 198 43 Präfidmten
2948 1918 53 30 des
3013 1916 187 31 Staatsraths
3216 1917 70 30 und
3301 1917 59 30 dm
3376 1918 91 41 erftm
3482 1918 100 41 Polizei-

2457 1973 117 30 diener.
2607 1971 142 31 Wilhelm
2765 1970 128 41 Hegeier
2910 1970 61 41 gab
2994 1969 89 31 einen
3100 1969 166 39 Landrath,
3296 1969 90 31 Hans
3403 1969 97 32 Oldm
3515 1971 82 31 einen

2457 2025 41 31 Ce
2498 2027 64 30 fein
2565 2033 38 22 on
2608 2025 81 31 ienm
2693 2023 93 42 eifter,
2814 2023 133 40 Ludwig
2973 2022 109 39 Sdoarf
3104 2021 90 32 einm
3222 2023 110 30 Bauer.
3385 2022 113 32 Valeria
3517 2024 81 37 fand

2447 2077 87 42 feine
2564 2077 233 40 Verkörperung
2829 2076 32 30 in
2884 2075 102 41 Franz
3013 2075 94 40 Held,
3143 2076 69 30 und
3242 2076 54 29 das
3326 2075 69 31 Volk
3421 2075 177 40 verkörperte

2458 2131 72 31 Otto
2559 2130 84 32 Erido
2671 2129 174 31 Hartlebm.
2935 2129 64 30 Am
3029 2137 37 32 13.
3091 2128 72 31 Mai
3187 2129 89 37 fand
3303 2127 32 31 in
3362 2129 56 29 der
3443 2128 156 33 Grossen

2458 2183 95 33 Oper
2576 2192 17 31 z
2595 2192 21 21 u
2640 2183 92 31 Paris
2754 2182 51 31 die
2829 2182 95 31 vierte
2946 2181 211 42 Aufführung
3177 2182 53 29 des
3253 2180 269 33 Tannhaeusser
3543 2190 54 22 von

2457 2236 131 32 Ridoard
2613 2236 131 40 Wagner
2754 2235 88 40 ftatt.
2889 2235 61 30 Die
2973 2235 72 40 erfte
3061 2233 209 42 Aufführung
3290 2233 78 30 hatte
3390 2242 50 21 am
3463 2242 36 31 13.
3515 2234 83 41 März

2459 2289 69 40 1863
2542 2289 246 40 ftattgefundm.
2837 2286 222 41 Vergleichmde
3084 2286 212 31 Commentare
3317 2294 18 31 z
3336 2294 21 21 u
3380 2285 98 41 diefm
3500 2285 97 32 beiden

2459 2340 180 41 Ereigniffen
2664 2340 94 31 haben
2783 2339 42 30 im
2849 2339 107 39 letzten
2980 2338 128 31 Monate
3131 2338 52 31 die
3205 2336 195 42 Tagesblätter
3417 2337 181 32 Frankreidos

2459 2395 71 30 und
2552 2392 220 42 Deutfdolands
2791 2391 137 41 gegeben.
3018 2391 212 30 Kommendm
3256 2390 109 41 Herbft
3389 2390 78 31 wird
3492 2390 31 31 in
3548 2392 52 29 der

2459 2447 219 32 Komischen
2701 2445 94 34 Oper
2818 2454 17 30 z
2837 2453 22 22 u
2876 2444 90 31 Paris
2986 2443 244 39 Humperdink’s
3244 2442 136 42 „Häufet
3403 2444 67 30 und
3485 2442 113 32 Gretel“

2461 2500 33 30 in
2516 2499 87 30 einer
2627 2498 233 40 Uebertragung
2883 2506 61 21 von
2969 2496 123 31 Catuüe
3115 2496 130 30 Mendes
3273 2495 178 41 aufgeführt
3475 2496 122 30 werden.

2515 2552 55 30 An
2577 2551 119 41 feinem
2713 2551 160 39 vorletzten
2885 2549 113 31 Abend
3014 2548 113 31 bradote
3139 2550 55 29 das
3206 2547 158 34 Theatre
3377 2556 46 24 de
3435 2547 165 33 uOeuvre

2461 2604 50 31 ein
2535 2604 177 40 dreiactiges
2728 2603 91 31 Stück
2835 2604 57 29 der
2905 2601 424 42 zyoeiundzfwanzigjährigm
3351 2599 100 32 Todotei
3452 2609 7 9 r
3471 2602 50 29 des
3539 2609 45 21 ver-

2452 2657 160 41 ftorbmm
2643 2656 135 33 Didoters
2805 2656 79 31 Leon
2911 2654 120 39 Cladel,
3063 2654 60 39 „Le
3153 2653 138 39 Volant“,
3319 2661 59 32 zfir
3397 2653 200 40 Aufführung.

2462 2710 60 31 Ein
2539 2709 136 39 unreifes
2690 2708 109 40 Talmi,
2824 2709 55 30 das
2894 2707 106 40 Ibfen’s
3015 2731 15 16 „
3038 2706 219 32 Rosmersholm
3266 2705 14 15 “
3296 2707 69 29 und
3380 2705 219 39 Hauptmann’s

2462 2763 164 41 „Einfame
2649 2760 177 42 Mmfdom“
2849 2760 59 31 mit
2928 2758 298 42 Maeterlinckfdoem
3254 2757 180 31 Idealismus
3459 2756 143 41 vennifdot

2464 2816 70 30 und
2560 2815 33 30 in
2611 2813 107 42 feiner
2735 2811 254 44 jungfräulichm
3018 2809 158 43 Phantafie
3204 2820 62 21 neu
3294 2809 114 32 beleben
3435 2809 115 40 möchte,
3565 2810 35 39 fo

2457 2867 115 32 könnte
2599 2875 76 23 man
2709 2866 147 31 Fräulein
2880 2864 113 41 Judith
3026 2863 110 32 Cladel
3163 2863 32 31 in
3229 2863 93 31 ihrem
3355 2863 90 37 erftm
3483 2862 96 29 drama-

2459 2920 103 41 tifdoen
2592 2918 137 42 Verfudoe
2755 2917 252 42 doarakterifirm.
3057 2917 164 31 Immerhin
3247 2915 51 32 ein
3321 2914 100 33 Talent
3441 2939 29 6 ..
3487 2939 5 6 .
3541 2914 60 31 Der

2459 2972 133 41 belgifdoe
2619 2971 146 31 Advocat
2791 2971 71 30 mid
2888 2970 146 41 Agitator
3059 2969 146 32 Edmond
3236 2969 113 30 Picard
3378 2968 137 40 eivffnete
3544 2967 53 29 den

2459 3025 113 31 Abmd
2593 3024 92 32 durch
2708 3024 89 31 einm
2823 3024 138 40 Vortrag,
2990 3023 33 31 in
3046 3024 70 30 dem
3139 3032 35 21 er
3194 3032 60 21 von
3272 3021 106 42 feiner
3398 3018 204 42 Freundfchaft

2459 3077 59 32 mit
2538 3077 110 32 Cladel
2671 3078 70 30 und
2762 3086 61 21 von
2845 3077 58 30 der
2924 3076 208 40 Erneuerung
3151 3077 53 29 des
3219 3074 138 32 Theaters
3370 3071 112 43 fprado.
3525 3070 73 32 Man

2455 3130 152 41 gewährte
2630 3129 60 32 ihm
2713 3130 72 39 „die
2803 3128 284 41 Gaftfreundfdoaft
3108 3129 52 30 des
3180 3126 163 42 Erfolges“.
3416 3124 62 32 Am
3499 3123 99 40 letzten

2459 3182 114 31 Abmd
2603 3182 58 30 der
2687 3181 105 41 Saifon
2824 3180 81 31 wird
2934 3180 89 31 Ende
3042 3179 83 40 Juni
3153 3180 107 40 Ibfm’s
3289 3177 169 42 „Brand“
3482 3175 116 42 gegeben

2461 3236 132 29 werdm.
2640 3234 150 40 Rameau,
2815 3234 57 30 der
2889 3232 121 42 gmiale
3025 3232 206 42 Sdoaufpieler
3249 3233 52 29 des
3318 3230 113 40 Odeon,
3456 3229 77 31 wird
3553 3227 45 30 die

2460 3288 86 32 Rolle
2573 3288 53 30 des
2652 3288 123 38 Brand,
2805 3285 146 32 Fräulein
2981 3285 121 31 Marthe
3124 3285 109 31 Mellot
3260 3283 147 42 diejmige
3429 3284 55 30 der
3503 3281 97 39 Agnes

2461 3340 212 31 übernehmen.
2711 3339 62 31 Die
2790 3338 238 41 Genoffmfdoaft
3042 3337 95 33 PAN
3151 3337 80 31 wird
3245 3336 51 32 ein
3311 3345 59 22 von
3381 3335 103 41 Jofeph
3498 3331 103 33 Sattler

2457 3392 197 42 gezeidonetes
2663 3392 178 40 Programm
2851 3390 161 32 veiiheilen
3020 3390 99 41 laßen.
3182 3387 214 42 Rubinfteins,,
3404 3383 194 39 Christus“,

2461 3443 68 33 Text
2555 3454 61 22 von
2638 3444 40 31 H.
2702 3444 183 39 Bulthaupt,
2913 3443 106 31 erlebte
3047 3443 43 31 im
3119 3442 203 32 Stadttheater
3343 3450 17 32 z
3362 3450 21 22 u
3404 3441 126 30 Bremen
3551 3444 47 23 am

2461 3506 46 33 23.
2532 3497 71 31 Mai
2623 3498 30 29 d.
2669 3497 30 39 J.
2713 3496 88 41 feine
2828 3495 71 41 erfte
2922 3495 213 42 Aufführung.
3181 3495 59 31 Dei
3240 3503 8 7 r
3273 3494 107 40 Erfolg
3404 3493 94 40 diefer
3520 3486 65 44 geift-

2461 3549 92 32 lichm
2571 3549 84 40 Oper
2676 3558 69 22 war
2755 3550 38 40 fo
2815 3549 177 39 bedeutmd,
3017 3549 63 40 daß
3101 3548 50 30 die
3174 3547 77 31 Zahl
3272 3548 56 29 der
3348 3541 200 45 urfprünghdo
3569 3540 29 30 in

2462 3601 138 43 Ausficht
2617 3610 221 33 genommmm
2856 3601 224 40 Vorftellungm
3097 3599 65 42 (10)
3185 3599 150 31 vermehrt
3355 3597 118 32 werdm
3496 3592 101 42 mußte.

2463 3656 60 30 Die
2548 3654 161 32 Direktion
2740 3654 54 40 lag
2822 3654 32 30 in
2886 3655 60 29 dm
2974 3653 136 31 Händm
3143 3653 53 30 des
3223 3651 151 32 Directors
3400 3650 54 31 Dr.
3478 3646 124 32 Theodor
