<?xml version="1.0" encoding="UTF-8"?>
<alto xmlns:xsi="http://www.w3.org/2001/XMLSchema-instance" xmlns="http://www.loc.gov/standards/alto/ns-v2#" xsi:schemaLocation="http://www.loc.gov/standards/alto/ns-v2# http://www.loc.gov/standards/alto/v2/alto-2-0.xsd" xmlns:xlink="http://www.w3.org/1999/xlink">
	<Description>
		<MeasurementUnit>mm10</MeasurementUnit>
		<sourceImageInformation>
			<fileName>//lib-docworks1/IN/PUL-BlueMountain-RQA/periodicals/bmtnabe/issues/1895/06_01/00000100.jp2</fileName>
		</sourceImageInformation>
		<OCRProcessing ID="OCRPROCESSING_1">
			<preProcessingStep>
				<processingSoftware>
					<softwareCreator>CCS Content Conversion Specialists GmbH, Germany</softwareCreator>
					<softwareName>CCS docWorks</softwareName>
					<softwareVersion>6.8-1.24</softwareVersion>
				</processingSoftware>
			</preProcessingStep>
			<ocrProcessingStep>
				<processingSoftware>
					<softwareCreator>ABBYY (BIT Software), Russia</softwareCreator>
					<softwareName>FineReader</softwareName>
					<softwareVersion>11.0</softwareVersion>
				</processingSoftware>
			</ocrProcessingStep>
			<postProcessingStep>
				<processingSoftware>
					<softwareCreator>CCS Content Conversion Specialists GmbH, Germany</softwareCreator>
					<softwareName>CCS docWorks</softwareName>
					<softwareVersion>6.8-1.24</softwareVersion>
					<applicationDescription>docWorks: Text modified manually, or automatically replaced</applicationDescription>
				</processingSoftware>
			</postProcessingStep>
		</OCRProcessing>
	</Description>
	<Styles>
		<TextStyle ID="TXT_0" FONTSIZE="43" FONTFAMILY="Courier New"/>
		<TextStyle ID="TXT_1" FONTSIZE="12" FONTFAMILY="Times New Roman"/>
		<ParagraphStyle ID="PAR_RIGHT" ALIGN="Right"/>
		<ParagraphStyle ID="PAR_LEFT" ALIGN="Left"/>
		<ParagraphStyle ID="PAR_BLOCK" ALIGN="Block"/>
	</Styles>
	<Layout>
		<Page ID="P100" PHYSICAL_IMG_NR="100" HEIGHT="4572" WIDTH="3777" PRINTED_IMG_NR="124" PC="0.961">
			<TopMargin ID="P100_TM00001" HPOS="0" VPOS="0" WIDTH="3777" HEIGHT="625"/>
			<LeftMargin ID="P100_LM00001" HPOS="0" VPOS="625" WIDTH="1207" HEIGHT="3329"/>
			<RightMargin ID="P100_RM00001" HPOS="3617" VPOS="625" WIDTH="160" HEIGHT="3329"/>
			<BottomMargin ID="P100_BM00001" HPOS="0" VPOS="3954" WIDTH="3777" HEIGHT="618">
				<TextBlock ID="P100_TB00001" HPOS="2318" VPOS="3956" WIDTH="213" HEIGHT="43" STYLEREFS="TXT_0 PAR_RIGHT">
					<TextLine ID="P100_TL00001" HPOS="2318" VPOS="3956" WIDTH="213" HEIGHT="43">
						<String ID="P100_ST00001" HPOS="2318" VPOS="3956" WIDTH="213" HEIGHT="43" CONTENT="124" WC="1.00" CC="000"/>
					</TextLine>
				</TextBlock>
			</BottomMargin>
			<PrintSpace ID="P100_PS00001" HPOS="1207" VPOS="625" WIDTH="2410" HEIGHT="3329">
				<TextBlock ID="P100_TB00002" HPOS="1207" VPOS="638" WIDTH="1164" HEIGHT="3155" STYLEREFS="TXT_1 PAR_LEFT">
					<TextLine ID="P100_TL00002" HPOS="1209" VPOS="640" WIDTH="1151" HEIGHT="54">
						<String ID="P100_ST00002" HPOS="1209" VPOS="647" WIDTH="167" HEIGHT="41" CONTENT="einander," SUBS_TYPE="HypPart2" SUBS_CONTENT="auseinander," WC="1.00" CC="000000060"/>
						<SP ID="P100_SP00001" HPOS="1376" VPOS="688" WIDTH="20"/>
						<String ID="P100_ST00003" HPOS="1396" VPOS="646" WIDTH="71" HEIGHT="36" CONTENT="und" WC="0.97" CC="700"/>
						<SP ID="P100_SP00002" HPOS="1467" VPOS="688" WIDTH="19"/>
						<String ID="P100_ST00004" HPOS="1486" VPOS="646" WIDTH="56" HEIGHT="36" CONTENT="das" WC="0.97" CC="070"/>
						<SP ID="P100_SP00003" HPOS="1542" VPOS="688" WIDTH="19"/>
						<String ID="P100_ST00005" HPOS="1561" VPOS="646" WIDTH="164" HEIGHT="48" CONTENT="bewegte," WC="1.00" CC="00020000"/>
						<SP ID="P100_SP00004" HPOS="1725" VPOS="694" WIDTH="20"/>
						<String ID="P100_ST00006" HPOS="1745" VPOS="644" WIDTH="211" HEIGHT="49" CONTENT="sorgenvolle" WC="1.00" CC="20702000510"/>
						<SP ID="P100_SP00005" HPOS="1956" VPOS="694" WIDTH="14"/>
						<String ID="P100_ST00007" HPOS="1970" VPOS="642" WIDTH="110" HEIGHT="37" CONTENT="Leben" WC="1.00" CC="00000"/>
						<SP ID="P100_SP00006" HPOS="2080" VPOS="694" WIDTH="19"/>
						<String ID="P100_ST00008" HPOS="2099" VPOS="643" WIDTH="71" HEIGHT="34" CONTENT="tritt" WC="0.99" CC="06400"/>
						<SP ID="P100_SP00007" HPOS="2170" VPOS="694" WIDTH="14"/>
						<String ID="P100_ST00009" HPOS="2184" VPOS="640" WIDTH="127" HEIGHT="38" CONTENT="wieder" WC="0.99" CC="000016"/>
						<SP ID="P100_SP00008" HPOS="2311" VPOS="694" WIDTH="14"/>
						<String ID="P100_ST00010" HPOS="2325" VPOS="641" WIDTH="35" HEIGHT="34" CONTENT="in" WC="1.00" CC="00"/>
					</TextLine>
					<TextLine ID="P100_TL00003" HPOS="1209" VPOS="700" WIDTH="241" HEIGHT="35">
						<String ID="P100_ST00011" HPOS="1209" VPOS="702" WIDTH="87" HEIGHT="33" CONTENT="seine" WC="0.99" CC="03300"/>
						<SP ID="P100_SP00009" HPOS="1296" VPOS="735" WIDTH="18"/>
						<String ID="P100_ST00012" HPOS="1314" VPOS="700" WIDTH="136" HEIGHT="35" CONTENT="Rechte." WC="0.99" CC="6007000"/>
					</TextLine>
					<TextLine ID="P100_TL00004" HPOS="1286" VPOS="746" WIDTH="1075" HEIGHT="54">
						<String ID="P100_ST00013" HPOS="1286" VPOS="755" WIDTH="118" HEIGHT="33" CONTENT="Wenn" WC="1.00" CC="0200"/>
						<SP ID="P100_SP00010" HPOS="1404" VPOS="788" WIDTH="25"/>
						<String ID="P100_ST00014" HPOS="1429" VPOS="755" WIDTH="133" HEIGHT="45" CONTENT="Eugene" WC="0.99" CC="060000"/>
						<SP ID="P100_SP00011" HPOS="1562" VPOS="800" WIDTH="25"/>
						<String ID="P100_ST00015" HPOS="1587" VPOS="752" WIDTH="146" HEIGHT="34" CONTENT="Carriere" WC="0.68" CC="36050341"/>
						<SP ID="P100_SP00012" HPOS="1733" VPOS="800" WIDTH="24"/>
						<String ID="P100_ST00016" HPOS="1757" VPOS="752" WIDTH="62" HEIGHT="33" CONTENT="mit" WC="0.99" CC="030"/>
						<SP ID="P100_SP00013" HPOS="1819" VPOS="800" WIDTH="26"/>
						<String ID="P100_ST00017" HPOS="1845" VPOS="750" WIDTH="111" HEIGHT="35" CONTENT="seinen" WC="1.00" CC="000000"/>
						<SP ID="P100_SP00014" HPOS="1956" VPOS="800" WIDTH="23"/>
						<String ID="P100_ST00018" HPOS="1979" VPOS="746" WIDTH="290" HEIGHT="37" CONTENT="nebelumhüllten" WC="1.00" CC="00604500031010"/>
						<SP ID="P100_SP00015" HPOS="2269" VPOS="800" WIDTH="23"/>
						<String ID="P100_ST00019" HPOS="2292" VPOS="748" WIDTH="46" HEIGHT="32" CONTENT="Ge" SUBS_TYPE="HypPart1" SUBS_CONTENT="Gestalten," WC="0.98" CC="00"/>
						<HYP HPOS="2338" VPOS="748" WIDTH="23" CONTENT="-"/>
					</TextLine>
					<TextLine ID="P100_TL00005" HPOS="1209" VPOS="798" WIDTH="1152" HEIGHT="51">
						<String ID="P100_ST00020" HPOS="1209" VPOS="806" WIDTH="131" HEIGHT="40" CONTENT="stalten," SUBS_TYPE="HypPart2" SUBS_CONTENT="Gestalten," WC="0.99" CC="20630004"/>
						<SP ID="P100_SP00016" HPOS="1340" VPOS="846" WIDTH="21"/>
						<String ID="P100_ST00021" HPOS="1361" VPOS="805" WIDTH="52" HEIGHT="35" CONTENT="die" WC="0.99" CC="030"/>
						<SP ID="P100_SP00017" HPOS="1413" VPOS="846" WIDTH="20"/>
						<String ID="P100_ST00022" HPOS="1433" VPOS="805" WIDTH="69" HEIGHT="35" CONTENT="sich" WC="1.00" CC="0000"/>
						<SP ID="P100_SP00018" HPOS="1502" VPOS="846" WIDTH="19"/>
						<String ID="P100_ST00023" HPOS="1521" VPOS="805" WIDTH="68" HEIGHT="36" CONTENT="wie" WC="0.98" CC="050"/>
						<SP ID="P100_SP00019" HPOS="1589" VPOS="846" WIDTH="19"/>
						<String ID="P100_ST00024" HPOS="1608" VPOS="804" WIDTH="48" HEIGHT="35" CONTENT="im" WC="1.00" CC="00"/>
						<SP ID="P100_SP00020" HPOS="1656" VPOS="846" WIDTH="18"/>
						<String ID="P100_ST00025" HPOS="1674" VPOS="803" WIDTH="212" HEIGHT="35" CONTENT="Kellerlichte" WC="1.00" CC="303006033000"/>
						<SP ID="P100_SP00021" HPOS="1886" VPOS="846" WIDTH="18"/>
						<String ID="P100_ST00026" HPOS="1904" VPOS="802" WIDTH="173" HEIGHT="47" CONTENT="bewegen," WC="1.00" CC="40000000"/>
						<SP ID="P100_SP00022" HPOS="2077" VPOS="849" WIDTH="21"/>
						<String ID="P100_ST00027" HPOS="2098" VPOS="801" WIDTH="87" HEIGHT="34" CONTENT="einer" WC="0.99" CC="00004"/>
						<SP ID="P100_SP00023" HPOS="2185" VPOS="849" WIDTH="15"/>
						<String ID="P100_ST00028" HPOS="2200" VPOS="799" WIDTH="84" HEIGHT="34" CONTENT="Seite" WC="1.00" CC="00000"/>
						<SP ID="P100_SP00024" HPOS="2284" VPOS="849" WIDTH="20"/>
						<String ID="P100_ST00029" HPOS="2304" VPOS="798" WIDTH="57" HEIGHT="34" CONTENT="der" WC="0.97" CC="006"/>
					</TextLine>
					<TextLine ID="P100_TL00006" HPOS="1209" VPOS="851" WIDTH="1152" HEIGHT="55">
						<String ID="P100_ST00030" HPOS="1209" VPOS="859" WIDTH="183" HEIGHT="34" CONTENT="modernen" WC="1.00" CC="00025000"/>
						<SP ID="P100_SP00025" HPOS="1392" VPOS="893" WIDTH="19"/>
						<String ID="P100_ST00031" HPOS="1411" VPOS="856" WIDTH="344" HEIGHT="50" CONTENT="Empfindungsweise" WC="1.00" CC="0000000600003000"/>
						<SP ID="P100_SP00026" HPOS="1755" VPOS="906" WIDTH="20"/>
						<String ID="P100_ST00032" HPOS="1775" VPOS="855" WIDTH="180" HEIGHT="49" CONTENT="entspricht" WC="1.00" CC="0000060070"/>
						<SP ID="P100_SP00027" HPOS="1955" VPOS="906" WIDTH="89"/>
						<String ID="P100_ST00033" HPOS="2044" VPOS="854" WIDTH="89" HEIGHT="34" CONTENT="seine" WC="0.98" CC="60440"/>
						<SP ID="P100_SP00028" HPOS="2133" VPOS="906" WIDTH="20"/>
						<String ID="P100_ST00034" HPOS="2153" VPOS="851" WIDTH="208" HEIGHT="36" CONTENT="zahlreichen" WC="1.00" CC="00005000060"/>
					</TextLine>
					<TextLine ID="P100_TL00007" HPOS="1208" VPOS="904" WIDTH="1152" HEIGHT="52">
						<String ID="P100_ST00035" HPOS="1208" VPOS="912" WIDTH="217" HEIGHT="34" CONTENT="Nachahmer" WC="0.99" CC="600070005"/>
						<SP ID="P100_SP00029" HPOS="1425" VPOS="946" WIDTH="18"/>
						<String ID="P100_ST00036" HPOS="1443" VPOS="910" WIDTH="71" HEIGHT="35" CONTENT="und" WC="0.97" CC="700"/>
						<SP ID="P100_SP00030" HPOS="1514" VPOS="946" WIDTH="16"/>
						<String ID="P100_ST00037" HPOS="1530" VPOS="908" WIDTH="222" HEIGHT="37" CONTENT="Bewunderer" WC="0.99" CC="5006000505"/>
						<SP ID="P100_SP00031" HPOS="1752" VPOS="946" WIDTH="19"/>
						<String ID="P100_ST00038" HPOS="1771" VPOS="908" WIDTH="105" HEIGHT="48" CONTENT="geben" WC="0.99" CC="00600"/>
						<SP ID="P100_SP00032" HPOS="1876" VPOS="956" WIDTH="18"/>
						<String ID="P100_ST00039" HPOS="1894" VPOS="907" WIDTH="158" HEIGHT="48" CONTENT="Zeugniss" WC="0.82" CC="03700300"/>
						<SP ID="P100_SP00033" HPOS="2052" VPOS="956" WIDTH="20"/>
						<String ID="P100_ST00040" HPOS="2072" VPOS="906" WIDTH="111" HEIGHT="35" CONTENT="davon" WC="1.00" CC="00000"/>
						<SP ID="P100_SP00034" HPOS="2183" VPOS="956" WIDTH="20"/>
						<String ID="P100_ST00041" HPOS="2203" VPOS="904" WIDTH="39" HEIGHT="35" CONTENT="ab" WC="1.00" CC="00"/>
						<SP ID="P100_SP00035" HPOS="2242" VPOS="956" WIDTH="80"/>
						<String ID="P100_ST00042" HPOS="2322" VPOS="917" WIDTH="38" HEIGHT="21" CONTENT="so" WC="0.75" CC="50"/>
					</TextLine>
					<TextLine ID="P100_TL00008" HPOS="1210" VPOS="955" WIDTH="1151" HEIGHT="56">
						<String ID="P100_ST00043" HPOS="1210" VPOS="964" WIDTH="91" HEIGHT="47" CONTENT="giebt" WC="0.98" CC="00100"/>
						<SP ID="P100_SP00036" HPOS="1301" VPOS="1011" WIDTH="23"/>
						<String ID="P100_ST00044" HPOS="1324" VPOS="965" WIDTH="230" HEIGHT="43" CONTENT="Burne-Jones" WC="0.80" CC="06504400001"/>
						<SP ID="P100_SP00037" HPOS="1554" VPOS="1011" WIDTH="26"/>
						<String ID="P100_ST00045" HPOS="1580" VPOS="961" WIDTH="52" HEIGHT="35" CONTENT="die" WC="1.00" CC="000"/>
						<SP ID="P100_SP00038" HPOS="1632" VPOS="1011" WIDTH="26"/>
						<String ID="P100_ST00046" HPOS="1658" VPOS="961" WIDTH="167" HEIGHT="36" CONTENT="bewusste" WC="0.99" CC="65055200"/>
						<SP ID="P100_SP00039" HPOS="1825" VPOS="1011" WIDTH="19"/>
						<String ID="P100_ST00047" HPOS="1844" VPOS="960" WIDTH="206" HEIGHT="48" CONTENT="Gegenseite." WC="1.00" CC="20044010004"/>
						<SP ID="P100_SP00040" HPOS="2050" VPOS="1011" WIDTH="54"/>
						<String ID="P100_ST00048" HPOS="2104" VPOS="957" WIDTH="179" HEIGHT="36" CONTENT="Nachdem" WC="1.00" CC="0007000"/>
						<SP ID="P100_SP00041" HPOS="2283" VPOS="1011" WIDTH="25"/>
						<String ID="P100_ST00049" HPOS="2308" VPOS="955" WIDTH="53" HEIGHT="35" CONTENT="die" WC="1.00" CC="000"/>
					</TextLine>
					<TextLine ID="P100_TL00009" HPOS="1209" VPOS="1009" WIDTH="1152" HEIGHT="54">
						<String ID="P100_ST00050" HPOS="1209" VPOS="1017" WIDTH="175" HEIGHT="46" CONTENT="Richtung" WC="0.99" CC="50000600"/>
						<SP ID="P100_SP00042" HPOS="1384" VPOS="1063" WIDTH="15"/>
						<String ID="P100_ST00051" HPOS="1399" VPOS="1015" WIDTH="56" HEIGHT="34" CONTENT="der" WC="0.99" CC="003"/>
						<SP ID="P100_SP00043" HPOS="1455" VPOS="1063" WIDTH="15"/>
						<String ID="P100_ST00052" HPOS="1470" VPOS="1013" WIDTH="284" HEIGHT="49" CONTENT="Praeraphaeliten" WC="0.81" CC="657340000000000"/>
						<SP ID="P100_SP00044" HPOS="1754" VPOS="1063" WIDTH="14"/>
						<String ID="P100_ST00053" HPOS="1768" VPOS="1011" WIDTH="65" HEIGHT="37" CONTENT="auf" WC="0.95" CC="077"/>
						<SP ID="P100_SP00045" HPOS="1833" VPOS="1063" WIDTH="13"/>
						<String ID="P100_ST00054" HPOS="1846" VPOS="1013" WIDTH="57" HEIGHT="35" CONTENT="der" WC="0.99" CC="001"/>
						<SP ID="P100_SP00046" HPOS="1903" VPOS="1063" WIDTH="14"/>
						<String ID="P100_ST00055" HPOS="1917" VPOS="1025" WIDTH="126" HEIGHT="35" CONTENT="ganzen" WC="0.98" CC="095410"/>
						<SP ID="P100_SP00047" HPOS="2043" VPOS="1063" WIDTH="15"/>
						<String ID="P100_ST00056" HPOS="2058" VPOS="1011" WIDTH="94" HEIGHT="35" CONTENT="Linie" WC="1.00" CC="00300"/>
						<SP ID="P100_SP00048" HPOS="2152" VPOS="1063" WIDTH="16"/>
						<String ID="P100_ST00057" HPOS="2168" VPOS="1009" WIDTH="193" HEIGHT="47" CONTENT="triumphirt" WC="0.86" CC="0205000050"/>
					</TextLine>
					<TextLine ID="P100_TL00010" HPOS="1209" VPOS="1062" WIDTH="1152" HEIGHT="53">
						<String ID="P100_ST00058" HPOS="1209" VPOS="1070" WIDTH="70" HEIGHT="39" CONTENT="hat," WC="0.99" CC="0004"/>
						<SP ID="P100_SP00049" HPOS="1279" VPOS="1109" WIDTH="16"/>
						<String ID="P100_ST00059" HPOS="1295" VPOS="1068" WIDTH="136" HEIGHT="35" CONTENT="werden" WC="0.99" CC="017010"/>
						<SP ID="P100_SP00050" HPOS="1431" VPOS="1109" WIDTH="12"/>
						<String ID="P100_ST00060" HPOS="1443" VPOS="1071" WIDTH="76" HEIGHT="44" CONTENT="jetzt" WC="0.99" CC="32500"/>
						<SP ID="P100_SP00051" HPOS="1519" VPOS="1115" WIDTH="16"/>
						<String ID="P100_ST00061" HPOS="1535" VPOS="1067" WIDTH="158" HEIGHT="48" CONTENT="plötzlich" WC="1.00" CC="030001000"/>
						<SP ID="P100_SP00052" HPOS="1693" VPOS="1115" WIDTH="16"/>
						<String ID="P100_ST00062" HPOS="1709" VPOS="1074" WIDTH="96" HEIGHT="26" CONTENT="unter" WC="0.98" CC="60005"/>
						<SP ID="P100_SP00053" HPOS="1805" VPOS="1115" WIDTH="13"/>
						<String ID="P100_ST00063" HPOS="1818" VPOS="1066" WIDTH="111" HEIGHT="34" CONTENT="seinen" WC="1.00" CC="300000"/>
						<SP ID="P100_SP00054" HPOS="1929" VPOS="1115" WIDTH="13"/>
						<String ID="P100_ST00064" HPOS="1942" VPOS="1069" WIDTH="182" HEIGHT="31" CONTENT="wärmsten" WC="1.00" CC="00600010"/>
						<SP ID="P100_SP00055" HPOS="2124" VPOS="1115" WIDTH="9"/>
						<String ID="P100_ST00065" HPOS="2133" VPOS="1062" WIDTH="228" HEIGHT="47" CONTENT="Verteidigern" WC="1.00" CC="006130000005"/>
					</TextLine>
					<TextLine ID="P100_TL00011" HPOS="1210" VPOS="1114" WIDTH="1151" HEIGHT="47">
						<String ID="P100_ST00066" HPOS="1210" VPOS="1122" WIDTH="162" HEIGHT="33" CONTENT="Stimmen" WC="1.00" CC="0040030"/>
						<SP ID="P100_SP00056" HPOS="1372" VPOS="1155" WIDTH="11"/>
						<String ID="P100_ST00067" HPOS="1383" VPOS="1121" WIDTH="82" HEIGHT="40" CONTENT="laut," WC="0.98" CC="20704"/>
						<SP ID="P100_SP00057" HPOS="1465" VPOS="1161" WIDTH="14"/>
						<String ID="P100_ST00068" HPOS="1479" VPOS="1119" WIDTH="52" HEIGHT="35" CONTENT="die" WC="0.99" CC="010"/>
						<SP ID="P100_SP00058" HPOS="1531" VPOS="1161" WIDTH="14"/>
						<String ID="P100_ST00069" HPOS="1545" VPOS="1120" WIDTH="61" HEIGHT="34" CONTENT="ihn" WC="1.00" CC="000"/>
						<SP ID="P100_SP00059" HPOS="1606" VPOS="1161" WIDTH="14"/>
						<String ID="P100_ST00070" HPOS="1620" VPOS="1131" WIDTH="41" HEIGHT="23" CONTENT="zu" WC="0.67" CC="06"/>
						<SP ID="P100_SP00060" HPOS="1661" VPOS="1161" WIDTH="9"/>
						<String ID="P100_ST00071" HPOS="1670" VPOS="1118" WIDTH="214" HEIGHT="36" CONTENT="verdammen" WC="0.99" CC="005070004"/>
						<SP ID="P100_SP00061" HPOS="1884" VPOS="1161" WIDTH="14"/>
						<String ID="P100_ST00072" HPOS="1898" VPOS="1117" WIDTH="134" HEIGHT="35" CONTENT="suchen." WC="0.99" CC="0500002"/>
						<SP ID="P100_SP00062" HPOS="2032" VPOS="1161" WIDTH="37"/>
						<String ID="P100_ST00073" HPOS="2069" VPOS="1119" WIDTH="128" HEIGHT="31" CONTENT="Octave" WC="1.00" CC="000000"/>
						<SP ID="P100_SP00063" HPOS="2197" VPOS="1161" WIDTH="8"/>
						<String ID="P100_ST00074" HPOS="2205" VPOS="1114" WIDTH="156" HEIGHT="35" CONTENT="Mirbeau" WC="0.67" CC="0336106"/>
					</TextLine>
					<TextLine ID="P100_TL00012" HPOS="1211" VPOS="1167" WIDTH="1150" HEIGHT="44">
						<String ID="P100_ST00075" HPOS="1211" VPOS="1173" WIDTH="184" HEIGHT="36" CONTENT="verkündet" WC="1.00" CC="000000020"/>
						<SP ID="P100_SP00064" HPOS="1395" VPOS="1209" WIDTH="25"/>
						<String ID="P100_ST00076" HPOS="1420" VPOS="1172" WIDTH="71" HEIGHT="35" CONTENT="laut" WC="0.96" CC="1970"/>
						<SP ID="P100_SP00065" HPOS="1491" VPOS="1209" WIDTH="26"/>
						<String ID="P100_ST00077" HPOS="1517" VPOS="1172" WIDTH="63" HEIGHT="34" CONTENT="den" WC="0.99" CC="003"/>
						<SP ID="P100_SP00066" HPOS="1580" VPOS="1209" WIDTH="25"/>
						<String ID="P100_ST00078" HPOS="1605" VPOS="1171" WIDTH="136" HEIGHT="40" CONTENT="„Krach" WC="0.97" CC="535927"/>
						<SP ID="P100_SP00067" HPOS="1741" VPOS="1211" WIDTH="25"/>
						<String ID="P100_ST00079" HPOS="1766" VPOS="1171" WIDTH="57" HEIGHT="35" CONTENT="der" WC="0.97" CC="024"/>
						<SP ID="P100_SP00068" HPOS="1823" VPOS="1211" WIDTH="22"/>
						<String ID="P100_ST00080" HPOS="1845" VPOS="1170" WIDTH="144" HEIGHT="39" CONTENT="Lilien“," WC="0.99" CC="05225014"/>
						<SP ID="P100_SP00069" HPOS="1989" VPOS="1211" WIDTH="20"/>
						<String ID="P100_ST00081" HPOS="2009" VPOS="1168" WIDTH="47" HEIGHT="36" CONTENT="als" WC="0.97" CC="620"/>
						<SP ID="P100_SP00070" HPOS="2056" VPOS="1211" WIDTH="18"/>
						<String ID="P100_ST00082" HPOS="2074" VPOS="1168" WIDTH="86" HEIGHT="35" CONTENT="habe" WC="0.98" CC="0052"/>
						<SP ID="P100_SP00071" HPOS="2160" VPOS="1211" WIDTH="18"/>
						<String ID="P100_ST00083" HPOS="2178" VPOS="1167" WIDTH="53" HEIGHT="34" CONTENT="die" WC="0.98" CC="040"/>
						<SP ID="P100_SP00072" HPOS="2231" VPOS="1211" WIDTH="19"/>
						<String ID="P100_ST00084" HPOS="2250" VPOS="1169" WIDTH="111" HEIGHT="32" CONTENT="Kunst" WC="0.99" CC="07000"/>
					</TextLine>
					<TextLine ID="P100_TL00013" HPOS="1211" VPOS="1219" WIDTH="1150" HEIGHT="51">
						<String ID="P100_ST00085" HPOS="1211" VPOS="1227" WIDTH="57" HEIGHT="34" CONTENT="der" WC="0.98" CC="006"/>
						<SP ID="P100_SP00073" HPOS="1268" VPOS="1261" WIDTH="20"/>
						<String ID="P100_ST00086" HPOS="1288" VPOS="1224" WIDTH="168" HEIGHT="36" CONTENT="Oxforder" WC="0.93" CC="00000005"/>
						<SP ID="P100_SP00074" HPOS="1456" VPOS="1261" WIDTH="25"/>
						<String ID="P100_ST00087" HPOS="1481" VPOS="1223" WIDTH="235" HEIGHT="36" CONTENT="Brotherhood" WC="0.81" CC="02007047000"/>
						<SP ID="P100_SP00075" HPOS="1716" VPOS="1261" WIDTH="24"/>
						<String ID="P100_ST00088" HPOS="1740" VPOS="1223" WIDTH="56" HEIGHT="35" CONTENT="das" WC="1.00" CC="000"/>
						<SP ID="P100_SP00076" HPOS="1796" VPOS="1261" WIDTH="26"/>
						<String ID="P100_ST00089" HPOS="1822" VPOS="1223" WIDTH="94" HEIGHT="35" CONTENT="nicht" WC="0.98" CC="00470"/>
						<SP ID="P100_SP00077" HPOS="1916" VPOS="1261" WIDTH="24"/>
						<String ID="P100_ST00090" HPOS="1940" VPOS="1221" WIDTH="169" HEIGHT="49" CONTENT="gehalten," WC="1.00" CC="000050000"/>
						<SP ID="P100_SP00078" HPOS="2109" VPOS="1270" WIDTH="19"/>
						<String ID="P100_ST00091" HPOS="2128" VPOS="1233" WIDTH="71" HEIGHT="22" CONTENT="was" WC="0.97" CC="072"/>
						<SP ID="P100_SP00079" HPOS="2199" VPOS="1270" WIDTH="26"/>
						<String ID="P100_ST00092" HPOS="2225" VPOS="1219" WIDTH="46" HEIGHT="34" CONTENT="sie" WC="0.99" CC="020"/>
						<SP ID="P100_SP00080" HPOS="2271" VPOS="1270" WIDTH="19"/>
						<String ID="P100_ST00093" HPOS="2290" VPOS="1231" WIDTH="54" HEIGHT="22" CONTENT="ver" SUBS_TYPE="HypPart1" SUBS_CONTENT="versprochen," WC="0.98" CC="025"/>
						<HYP HPOS="2344" VPOS="1231" WIDTH="17" CONTENT="-"/>
					</TextLine>
					<TextLine ID="P100_TL00014" HPOS="1210" VPOS="1270" WIDTH="1152" HEIGHT="57">
						<String ID="P100_ST00094" HPOS="1210" VPOS="1279" WIDTH="178" HEIGHT="48" CONTENT="sprochen," SUBS_TYPE="HypPart2" SUBS_CONTENT="versprochen," WC="0.99" CC="006200004"/>
						<SP ID="P100_SP00081" HPOS="1388" VPOS="1327" WIDTH="32"/>
						<String ID="P100_ST00095" HPOS="1420" VPOS="1277" WIDTH="71" HEIGHT="35" CONTENT="und" WC="0.97" CC="600"/>
						<SP ID="P100_SP00082" HPOS="1491" VPOS="1327" WIDTH="26"/>
						<String ID="P100_ST00096" HPOS="1517" VPOS="1276" WIDTH="82" HEIGHT="35" CONTENT="Paul" WC="0.97" CC="7063"/>
						<SP ID="P100_SP00083" HPOS="1599" VPOS="1327" WIDTH="27"/>
						<String ID="P100_ST00097" HPOS="1626" VPOS="1279" WIDTH="157" HEIGHT="45" CONTENT="Bourget," WC="0.86" CC="02000304"/>
						<SP ID="P100_SP00084" HPOS="1783" VPOS="1327" WIDTH="28"/>
						<String ID="P100_ST00098" HPOS="1811" VPOS="1276" WIDTH="56" HEIGHT="34" CONTENT="der" WC="0.98" CC="004"/>
						<SP ID="P100_SP00085" HPOS="1867" VPOS="1327" WIDTH="29"/>
						<String ID="P100_ST00099" HPOS="1896" VPOS="1274" WIDTH="89" HEIGHT="36" CONTENT="doch" WC="1.00" CC="0000"/>
						<SP ID="P100_SP00086" HPOS="1985" VPOS="1327" WIDTH="27"/>
						<String ID="P100_ST00100" HPOS="2012" VPOS="1272" WIDTH="257" HEIGHT="48" CONTENT="beanspruchte," WC="1.00" CC="6000105010000"/>
						<SP ID="P100_SP00087" HPOS="2269" VPOS="1327" WIDTH="28"/>
						<String ID="P100_ST00101" HPOS="2297" VPOS="1270" WIDTH="65" HEIGHT="35" CONTENT="den" WC="1.00" CC="000"/>
					</TextLine>
					<TextLine ID="P100_TL00015" HPOS="1210" VPOS="1324" WIDTH="1151" HEIGHT="44">
						<String ID="P100_ST00102" HPOS="1210" VPOS="1329" WIDTH="311" HEIGHT="37" CONTENT="Botticelli-Kultus" WC="1.00" CC="14000301213053060"/>
						<SP ID="P100_SP00088" HPOS="1521" VPOS="1366" WIDTH="10"/>
						<String ID="P100_ST00103" HPOS="1531" VPOS="1327" WIDTH="165" HEIGHT="36" CONTENT="erfunden" WC="0.99" CC="25004000"/>
						<SP ID="P100_SP00089" HPOS="1696" VPOS="1366" WIDTH="9"/>
						<String ID="P100_ST00104" HPOS="1705" VPOS="1341" WIDTH="40" HEIGHT="22" CONTENT="zu" WC="0.69" CC="06"/>
						<SP ID="P100_SP00090" HPOS="1745" VPOS="1366" WIDTH="11"/>
						<String ID="P100_ST00105" HPOS="1756" VPOS="1328" WIDTH="119" HEIGHT="40" CONTENT="haben," WC="0.99" CC="007070"/>
						<SP ID="P100_SP00091" HPOS="1875" VPOS="1368" WIDTH="9"/>
						<String ID="P100_ST00106" HPOS="1884" VPOS="1328" WIDTH="115" HEIGHT="40" CONTENT="meint," WC="1.00" CC="003000"/>
						<SP ID="P100_SP00092" HPOS="1999" VPOS="1368" WIDTH="8"/>
						<String ID="P100_ST00107" HPOS="2007" VPOS="1324" WIDTH="354" HEIGHT="42" CONTENT="der„Aesthetismus“" WC="0.81" CC="03560000730000500"/>
					</TextLine>
					<TextLine ID="P100_TL00016" HPOS="1211" VPOS="1376" WIDTH="1150" HEIGHT="42">
						<String ID="P100_ST00108" HPOS="1211" VPOS="1383" WIDTH="85" HEIGHT="35" CONTENT="habe" WC="0.98" CC="7004"/>
						<SP ID="P100_SP00093" HPOS="1296" VPOS="1418" WIDTH="25"/>
						<String ID="P100_ST00109" HPOS="1321" VPOS="1383" WIDTH="62" HEIGHT="35" CONTENT="mit" WC="1.00" CC="000"/>
						<SP ID="P100_SP00094" HPOS="1383" VPOS="1418" WIDTH="25"/>
						<String ID="P100_ST00110" HPOS="1408" VPOS="1382" WIDTH="78" HEIGHT="34" CONTENT="dem" WC="0.99" CC="030"/>
						<SP ID="P100_SP00095" HPOS="1486" VPOS="1418" WIDTH="25"/>
						<String ID="P100_ST00111" HPOS="1511" VPOS="1384" WIDTH="131" HEIGHT="32" CONTENT="Process" WC="0.81" CC="6200020"/>
						<SP ID="P100_SP00096" HPOS="1642" VPOS="1418" WIDTH="25"/>
						<String ID="P100_ST00112" HPOS="1667" VPOS="1381" WIDTH="54" HEIGHT="34" CONTENT="des" WC="1.00" CC="000"/>
						<SP ID="P100_SP00097" HPOS="1721" VPOS="1418" WIDTH="25"/>
						<String ID="P100_ST00113" HPOS="1746" VPOS="1393" WIDTH="114" HEIGHT="22" CONTENT="armen" WC="0.99" CC="06010"/>
						<SP ID="P100_SP00098" HPOS="1860" VPOS="1418" WIDTH="25"/>
						<String ID="P100_ST00114" HPOS="1885" VPOS="1382" WIDTH="104" HEIGHT="32" CONTENT="Oscar" WC="0.99" CC="02005"/>
						<SP ID="P100_SP00099" HPOS="1989" VPOS="1418" WIDTH="17"/>
						<String ID="P100_ST00115" HPOS="2006" VPOS="1378" WIDTH="118" HEIGHT="35" CONTENT="Wilde" WC="1.00" CC="00300"/>
						<SP ID="P100_SP00100" HPOS="2124" VPOS="1418" WIDTH="29"/>
						<String ID="P100_ST00116" HPOS="2153" VPOS="1377" WIDTH="70" HEIGHT="34" CONTENT="sein" WC="0.98" CC="0340"/>
						<SP ID="P100_SP00101" HPOS="2223" VPOS="1418" WIDTH="27"/>
						<String ID="P100_ST00117" HPOS="2250" VPOS="1376" WIDTH="111" HEIGHT="34" CONTENT="letztes" WC="0.99" CC="3005000"/>
					</TextLine>
					<TextLine ID="P100_TL00017" HPOS="1210" VPOS="1429" WIDTH="1151" HEIGHT="54">
						<String ID="P100_ST00118" HPOS="1210" VPOS="1439" WIDTH="107" HEIGHT="32" CONTENT="Wort" WC="0.99" CC="0060"/>
						<SP ID="P100_SP00102" HPOS="1317" VPOS="1471" WIDTH="23"/>
						<String ID="P100_ST00119" HPOS="1340" VPOS="1443" WIDTH="123" HEIGHT="40" CONTENT="gesagt." WC="0.99" CC="0430003"/>
						<SP ID="P100_SP00103" HPOS="1463" VPOS="1483" WIDTH="41"/>
						<String ID="P100_ST00120" HPOS="1504" VPOS="1436" WIDTH="118" HEIGHT="33" CONTENT="Wenn" WC="0.99" CC="0040"/>
						<SP ID="P100_SP00104" HPOS="1622" VPOS="1483" WIDTH="26"/>
						<String ID="P100_ST00121" HPOS="1648" VPOS="1434" WIDTH="71" HEIGHT="33" CONTENT="eine" WC="0.99" CC="0300"/>
						<SP ID="P100_SP00105" HPOS="1719" VPOS="1483" WIDTH="26"/>
						<String ID="P100_ST00122" HPOS="1745" VPOS="1430" WIDTH="338" HEIGHT="49" CONTENT="Lebensauffassung," WC="1.00" CC="00000476229007004"/>
						<SP ID="P100_SP00106" HPOS="2083" VPOS="1483" WIDTH="29"/>
						<String ID="P100_ST00123" HPOS="2112" VPOS="1429" WIDTH="53" HEIGHT="34" CONTENT="die" WC="0.98" CC="040"/>
						<SP ID="P100_SP00107" HPOS="2165" VPOS="1483" WIDTH="27"/>
						<String ID="P100_ST00124" HPOS="2192" VPOS="1429" WIDTH="72" HEIGHT="34" CONTENT="sich" WC="0.99" CC="5000"/>
						<SP ID="P100_SP00108" HPOS="2264" VPOS="1483" WIDTH="26"/>
						<String ID="P100_ST00125" HPOS="2290" VPOS="1429" WIDTH="71" HEIGHT="34" CONTENT="hier" WC="0.98" CC="0235"/>
					</TextLine>
					<TextLine ID="P100_TL00018" HPOS="1210" VPOS="1481" WIDTH="1151" HEIGHT="55">
						<String ID="P100_ST00126" HPOS="1210" VPOS="1488" WIDTH="132" HEIGHT="48" CONTENT="speciell" WC="0.79" CC="00200534"/>
						<SP ID="P100_SP00109" HPOS="1342" VPOS="1536" WIDTH="32"/>
						<String ID="P100_ST00127" HPOS="1374" VPOS="1488" WIDTH="35" HEIGHT="33" CONTENT="in" WC="0.69" CC="60"/>
						<SP ID="P100_SP00110" HPOS="1409" VPOS="1536" WIDTH="28"/>
						<String ID="P100_ST00128" HPOS="1437" VPOS="1487" WIDTH="57" HEIGHT="34" CONTENT="der" WC="0.97" CC="007"/>
						<SP ID="P100_SP00111" HPOS="1494" VPOS="1536" WIDTH="26"/>
						<String ID="P100_ST00129" HPOS="1520" VPOS="1486" WIDTH="178" HEIGHT="35" CONTENT="bildenden" WC="0.99" CC="503630050"/>
						<SP ID="P100_SP00112" HPOS="1698" VPOS="1536" WIDTH="31"/>
						<String ID="P100_ST00130" HPOS="1729" VPOS="1488" WIDTH="109" HEIGHT="33" CONTENT="Kunst" WC="0.99" CC="27000"/>
						<SP ID="P100_SP00113" HPOS="1838" VPOS="1536" WIDTH="27"/>
						<String ID="P100_ST00131" HPOS="1865" VPOS="1483" WIDTH="186" HEIGHT="41" CONTENT="offenbart," WC="0.99" CC="0222000604"/>
						<SP ID="P100_SP00114" HPOS="2051" VPOS="1536" WIDTH="34"/>
						<String ID="P100_ST00132" HPOS="2085" VPOS="1482" WIDTH="107" HEIGHT="35" CONTENT="durch" WC="0.98" CC="06307"/>
						<SP ID="P100_SP00115" HPOS="2192" VPOS="1536" WIDTH="27"/>
						<String ID="P100_ST00133" HPOS="2219" VPOS="1481" WIDTH="53" HEIGHT="35" CONTENT="die" WC="0.97" CC="052"/>
						<SP ID="P100_SP00116" HPOS="2272" VPOS="1536" WIDTH="28"/>
						<String ID="P100_ST00134" HPOS="2300" VPOS="1483" WIDTH="41" HEIGHT="32" CONTENT="Be" SUBS_TYPE="HypPart1" SUBS_CONTENT="Bewunderung" WC="0.98" CC="00"/>
						<HYP HPOS="2341" VPOS="1483" WIDTH="20" CONTENT="-"/>
					</TextLine>
					<TextLine ID="P100_TL00019" HPOS="1210" VPOS="1533" WIDTH="1150" HEIGHT="54">
						<String ID="P100_ST00135" HPOS="1210" VPOS="1540" WIDTH="216" HEIGHT="47" CONTENT="wunderung" SUBS_TYPE="HypPart2" SUBS_CONTENT="Bewunderung" WC="0.99" CC="006021370"/>
						<SP ID="P100_SP00117" HPOS="1426" VPOS="1587" WIDTH="18"/>
						<String ID="P100_ST00136" HPOS="1444" VPOS="1539" WIDTH="57" HEIGHT="34" CONTENT="der" WC="0.97" CC="016"/>
						<SP ID="P100_SP00118" HPOS="1501" VPOS="1587" WIDTH="18"/>
						<String ID="P100_ST00137" HPOS="1519" VPOS="1541" WIDTH="125" HEIGHT="44" CONTENT="Menge" WC="1.00" CC="03000"/>
						<SP ID="P100_SP00119" HPOS="1644" VPOS="1587" WIDTH="18"/>
						<String ID="P100_ST00138" HPOS="1662" VPOS="1538" WIDTH="177" HEIGHT="47" CONTENT="erniedrigt" WC="1.00" CC="0500000000"/>
						<SP ID="P100_SP00120" HPOS="1839" VPOS="1587" WIDTH="14"/>
						<String ID="P100_ST00139" HPOS="1853" VPOS="1536" WIDTH="98" HEIGHT="41" CONTENT="wird," WC="0.99" CC="04600"/>
						<SP ID="P100_SP00121" HPOS="1951" VPOS="1587" WIDTH="15"/>
						<String ID="P100_ST00140" HPOS="1966" VPOS="1549" WIDTH="104" HEIGHT="22" CONTENT="wenn" WC="0.99" CC="0500"/>
						<SP ID="P100_SP00122" HPOS="2070" VPOS="1587" WIDTH="19"/>
						<String ID="P100_ST00141" HPOS="2089" VPOS="1535" WIDTH="53" HEIGHT="34" CONTENT="die" WC="1.00" CC="000"/>
						<SP ID="P100_SP00123" HPOS="2142" VPOS="1587" WIDTH="19"/>
						<String ID="P100_ST00142" HPOS="2161" VPOS="1533" WIDTH="108" HEIGHT="36" CONTENT="Mode" WC="1.00" CC="0200"/>
						<SP ID="P100_SP00124" HPOS="2269" VPOS="1587" WIDTH="19"/>
						<String ID="P100_ST00143" HPOS="2288" VPOS="1533" WIDTH="72" HEIGHT="34" CONTENT="eine" WC="1.00" CC="0000"/>
					</TextLine>
					<TextLine ID="P100_TL00020" HPOS="1211" VPOS="1586" WIDTH="1148" HEIGHT="44">
						<String ID="P100_ST00144" HPOS="1211" VPOS="1593" WIDTH="71" HEIGHT="34" CONTENT="edle" WC="0.99" CC="2040"/>
						<SP ID="P100_SP00125" HPOS="1282" VPOS="1627" WIDTH="19"/>
						<String ID="P100_ST00145" HPOS="1301" VPOS="1593" WIDTH="103" HEIGHT="34" CONTENT="Sache" WC="1.00" CC="00002"/>
						<SP ID="P100_SP00126" HPOS="1404" VPOS="1627" WIDTH="18"/>
						<String ID="P100_ST00146" HPOS="1422" VPOS="1592" WIDTH="47" HEIGHT="33" CONTENT="im" WC="0.76" CC="40"/>
						<SP ID="P100_SP00127" HPOS="1469" VPOS="1627" WIDTH="13"/>
						<String ID="P100_ST00147" HPOS="1482" VPOS="1590" WIDTH="114" HEIGHT="35" CONTENT="Kothe" WC="0.92" CC="00003"/>
						<SP ID="P100_SP00128" HPOS="1596" VPOS="1627" WIDTH="14"/>
						<String ID="P100_ST00148" HPOS="1610" VPOS="1590" WIDTH="219" HEIGHT="40" CONTENT="herumzieht," WC="1.00" CC="00550001000"/>
						<SP ID="P100_SP00129" HPOS="1829" VPOS="1630" WIDTH="16"/>
						<String ID="P100_ST00149" HPOS="1845" VPOS="1603" WIDTH="38" HEIGHT="20" CONTENT="so" WC="0.87" CC="20"/>
						<SP ID="P100_SP00130" HPOS="1883" VPOS="1630" WIDTH="15"/>
						<String ID="P100_ST00150" HPOS="1898" VPOS="1589" WIDTH="41" HEIGHT="34" CONTENT="ist" WC="0.96" CC="630"/>
						<SP ID="P100_SP00131" HPOS="1939" VPOS="1630" WIDTH="15"/>
						<String ID="P100_ST00151" HPOS="1954" VPOS="1589" WIDTH="66" HEIGHT="34" CONTENT="dies" WC="0.99" CC="0030"/>
						<SP ID="P100_SP00132" HPOS="2020" VPOS="1630" WIDTH="16"/>
						<String ID="P100_ST00152" HPOS="2036" VPOS="1587" WIDTH="90" HEIGHT="35" CONTENT="noch" WC="0.98" CC="6400"/>
						<SP ID="P100_SP00133" HPOS="2126" VPOS="1630" WIDTH="12"/>
						<String ID="P100_ST00153" HPOS="2138" VPOS="1586" WIDTH="80" HEIGHT="36" CONTENT="kein" WC="0.99" CC="0005"/>
						<SP ID="P100_SP00134" HPOS="2218" VPOS="1630" WIDTH="14"/>
						<String ID="P100_ST00154" HPOS="2232" VPOS="1586" WIDTH="127" HEIGHT="36" CONTENT="Beweis" WC="0.99" CC="620050"/>
					</TextLine>
					<TextLine ID="P100_TL00021" HPOS="1210" VPOS="1639" WIDTH="1151" HEIGHT="52">
						<String ID="P100_ST00155" HPOS="1210" VPOS="1646" WIDTH="88" HEIGHT="34" CONTENT="ihrer" WC="0.97" CC="36625"/>
						<SP ID="P100_SP00135" HPOS="1298" VPOS="1680" WIDTH="17"/>
						<String ID="P100_ST00156" HPOS="1315" VPOS="1643" WIDTH="225" HEIGHT="48" CONTENT="Nichtigkeit." WC="1.00" CC="000004004500"/>
						<SP ID="P100_SP00136" HPOS="1540" VPOS="1691" WIDTH="40"/>
						<String ID="P100_ST00157" HPOS="1580" VPOS="1646" WIDTH="40" HEIGHT="31" CONTENT="Es" WC="0.78" CC="21"/>
						<SP ID="P100_SP00137" HPOS="1620" VPOS="1691" WIDTH="19"/>
						<String ID="P100_ST00158" HPOS="1639" VPOS="1648" WIDTH="127" HEIGHT="42" CONTENT="mögen" WC="1.00" CC="00020"/>
						<SP ID="P100_SP00138" HPOS="1766" VPOS="1691" WIDTH="14"/>
						<String ID="P100_ST00159" HPOS="1780" VPOS="1641" WIDTH="97" HEIGHT="36" CONTENT="wohl" WC="0.98" CC="0073"/>
						<SP ID="P100_SP00139" HPOS="1877" VPOS="1691" WIDTH="14"/>
						<String ID="P100_ST00160" HPOS="1891" VPOS="1654" WIDTH="69" HEIGHT="23" CONTENT="von" WC="0.98" CC="005"/>
						<SP ID="P100_SP00140" HPOS="1960" VPOS="1691" WIDTH="20"/>
						<String ID="P100_ST00161" HPOS="1980" VPOS="1641" WIDTH="110" HEIGHT="34" CONTENT="Seiten" WC="1.00" CC="002030"/>
						<SP ID="P100_SP00141" HPOS="2090" VPOS="1691" WIDTH="19"/>
						<String ID="P100_ST00162" HPOS="2109" VPOS="1639" WIDTH="56" HEIGHT="35" CONTENT="der" WC="0.98" CC="004"/>
						<SP ID="P100_SP00142" HPOS="2165" VPOS="1691" WIDTH="18"/>
						<String ID="P100_ST00163" HPOS="2183" VPOS="1639" WIDTH="178" HEIGHT="49" CONTENT="Epigonen" WC="0.99" CC="50100500"/>
					</TextLine>
					<TextLine ID="P100_TL00022" HPOS="1211" VPOS="1691" WIDTH="1152" HEIGHT="54">
						<String ID="P100_ST00164" HPOS="1211" VPOS="1698" WIDTH="107" HEIGHT="47" CONTENT="einige" WC="1.00" CC="000003"/>
						<SP ID="P100_SP00143" HPOS="1318" VPOS="1745" WIDTH="27"/>
						<String ID="P100_ST00165" HPOS="1345" VPOS="1696" WIDTH="308" HEIGHT="47" CONTENT="Uebertreibungen" WC="0.70" CC="402360504570040"/>
						<SP ID="P100_SP00144" HPOS="1653" VPOS="1745" WIDTH="27"/>
						<String ID="P100_ST00166" HPOS="1680" VPOS="1694" WIDTH="204" HEIGHT="36" CONTENT="verbrochen" WC="0.99" CC="0250500700"/>
						<SP ID="P100_SP00145" HPOS="1884" VPOS="1745" WIDTH="27"/>
						<String ID="P100_ST00167" HPOS="1911" VPOS="1693" WIDTH="145" HEIGHT="37" CONTENT="worden" WC="1.00" CC="002020"/>
						<SP ID="P100_SP00146" HPOS="2056" VPOS="1745" WIDTH="27"/>
						<String ID="P100_ST00168" HPOS="2083" VPOS="1693" WIDTH="80" HEIGHT="34" CONTENT="sein." WC="1.00" CC="01000"/>
						<SP ID="P100_SP00147" HPOS="2163" VPOS="1745" WIDTH="55"/>
						<String ID="P100_ST00169" HPOS="2218" VPOS="1691" WIDTH="145" HEIGHT="35" CONTENT="Aendert" WC="1.00" CC="0000000"/>
					</TextLine>
					<TextLine ID="P100_TL00023" HPOS="1211" VPOS="1744" WIDTH="1152" HEIGHT="52">
						<String ID="P100_ST00170" HPOS="1211" VPOS="1750" WIDTH="67" HEIGHT="35" CONTENT="dies" WC="0.99" CC="0023"/>
						<SP ID="P100_SP00148" HPOS="1278" VPOS="1785" WIDTH="37"/>
						<String ID="P100_ST00171" HPOS="1315" VPOS="1749" WIDTH="65" HEIGHT="35" CONTENT="den" WC="1.00" CC="000"/>
						<SP ID="P100_SP00149" HPOS="1380" VPOS="1785" WIDTH="31"/>
						<String ID="P100_ST00172" HPOS="1411" VPOS="1747" WIDTH="182" HEIGHT="49" CONTENT="integralen" WC="0.99" CC="0053040440"/>
						<SP ID="P100_SP00150" HPOS="1593" VPOS="1796" WIDTH="18"/>
						<String ID="P100_ST00173" HPOS="1611" VPOS="1747" WIDTH="126" HEIGHT="35" CONTENT="Werth" WC="1.00" CC="00000"/>
						<SP ID="P100_SP00151" HPOS="1737" VPOS="1796" WIDTH="33"/>
						<String ID="P100_ST00174" HPOS="1770" VPOS="1747" WIDTH="88" HEIGHT="34" CONTENT="einer" WC="0.98" CC="15005"/>
						<SP ID="P100_SP00152" HPOS="1858" VPOS="1796" WIDTH="33"/>
						<String ID="P100_ST00175" HPOS="1891" VPOS="1746" WIDTH="247" HEIGHT="46" CONTENT="Anschauung?" WC="1.00" CC="00000056004"/>
						<SP ID="P100_SP00153" HPOS="2138" VPOS="1796" WIDTH="55"/>
						<String ID="P100_ST00176" HPOS="2193" VPOS="1747" WIDTH="82" HEIGHT="32" CONTENT="Dass" WC="1.00" CC="0010"/>
						<SP ID="P100_SP00154" HPOS="2275" VPOS="1796" WIDTH="36"/>
						<String ID="P100_ST00177" HPOS="2311" VPOS="1744" WIDTH="52" HEIGHT="34" CONTENT="die" WC="0.99" CC="010"/>
					</TextLine>
					<TextLine ID="P100_TL00024" HPOS="1211" VPOS="1797" WIDTH="1153" HEIGHT="51">
						<String ID="P100_ST00178" HPOS="1211" VPOS="1799" WIDTH="489" HEIGHT="49" CONTENT="Schwanenjungfrauen" WC="0.88" CC="000000001700060500"/>
						<SP ID="P100_SP00155" HPOS="1700" VPOS="1848" WIDTH="19"/>
						<String ID="P100_ST00179" HPOS="1719" VPOS="1812" WIDTH="69" HEIGHT="22" CONTENT="von" WC="1.00" CC="000"/>
						<SP ID="P100_SP00156" HPOS="1788" VPOS="1848" WIDTH="13"/>
						<String ID="P100_ST00180" HPOS="1801" VPOS="1798" WIDTH="135" HEIGHT="36" CONTENT="Walter" WC="0.99" CC="003056"/>
						<SP ID="P100_SP00157" HPOS="1936" VPOS="1848" WIDTH="19"/>
						<String ID="P100_ST00181" HPOS="1955" VPOS="1801" WIDTH="107" HEIGHT="31" CONTENT="Grane" WC="0.99" CC="06010"/>
						<SP ID="P100_SP00158" HPOS="2062" VPOS="1848" WIDTH="19"/>
						<String ID="P100_ST00182" HPOS="2081" VPOS="1797" WIDTH="101" HEIGHT="35" CONTENT="dieses" WC="0.99" CC="030302"/>
						<SP ID="P100_SP00159" HPOS="2182" VPOS="1848" WIDTH="15"/>
						<String ID="P100_ST00183" HPOS="2197" VPOS="1797" WIDTH="76" HEIGHT="46" CONTENT="Jahr" WC="0.99" CC="0006"/>
						<SP ID="P100_SP00160" HPOS="2273" VPOS="1848" WIDTH="18"/>
						<String ID="P100_ST00184" HPOS="2291" VPOS="1809" WIDTH="55" HEIGHT="22" CONTENT="ver" SUBS_TYPE="HypPart1" SUBS_CONTENT="verfehlt" WC="0.98" CC="006"/>
						<HYP HPOS="2346" VPOS="1809" WIDTH="18" CONTENT="-"/>
					</TextLine>
					<TextLine ID="P100_TL00025" HPOS="1211" VPOS="1850" WIDTH="1153" HEIGHT="48">
						<String ID="P100_ST00185" HPOS="1211" VPOS="1853" WIDTH="85" HEIGHT="36" CONTENT="fehlt" SUBS_TYPE="HypPart2" SUBS_CONTENT="verfehlt" WC="0.99" CC="03030"/>
						<SP ID="P100_SP00161" HPOS="1296" VPOS="1889" WIDTH="13"/>
						<String ID="P100_ST00186" HPOS="1309" VPOS="1855" WIDTH="166" HEIGHT="38" CONTENT="scheinen," WC="1.00" CC="300230300"/>
						<SP ID="P100_SP00162" HPOS="1475" VPOS="1893" WIDTH="20"/>
						<String ID="P100_ST00187" HPOS="1495" VPOS="1853" WIDTH="91" HEIGHT="34" CONTENT="kann" WC="1.00" CC="0000"/>
						<SP ID="P100_SP00163" HPOS="1586" VPOS="1893" WIDTH="14"/>
						<String ID="P100_ST00188" HPOS="1600" VPOS="1852" WIDTH="90" HEIGHT="34" CONTENT="doch" WC="1.00" CC="0000"/>
						<SP ID="P100_SP00164" HPOS="1690" VPOS="1893" WIDTH="13"/>
						<String ID="P100_ST00189" HPOS="1703" VPOS="1851" WIDTH="98" HEIGHT="35" CONTENT="wohl" WC="0.99" CC="0004"/>
						<SP ID="P100_SP00165" HPOS="1801" VPOS="1893" WIDTH="18"/>
						<String ID="P100_ST00190" HPOS="1819" VPOS="1852" WIDTH="93" HEIGHT="34" CONTENT="nicht" WC="0.99" CC="04200"/>
						<SP ID="P100_SP00166" HPOS="1912" VPOS="1893" WIDTH="16"/>
						<String ID="P100_ST00191" HPOS="1928" VPOS="1850" WIDTH="63" HEIGHT="35" CONTENT="auf" WC="0.98" CC="060"/>
						<SP ID="P100_SP00167" HPOS="1991" VPOS="1893" WIDTH="14"/>
						<String ID="P100_ST00192" HPOS="2005" VPOS="1850" WIDTH="53" HEIGHT="35" CONTENT="die" WC="1.00" CC="000"/>
						<SP ID="P100_SP00168" HPOS="2058" VPOS="1893" WIDTH="16"/>
						<String ID="P100_ST00193" HPOS="2074" VPOS="1863" WIDTH="101" HEIGHT="35" CONTENT="ganze" WC="0.98" CC="07502"/>
						<SP ID="P100_SP00169" HPOS="2175" VPOS="1898" WIDTH="15"/>
						<String ID="P100_ST00194" HPOS="2190" VPOS="1850" WIDTH="174" HEIGHT="47" CONTENT="Richtung" WC="0.99" CC="50300500"/>
					</TextLine>
					<TextLine ID="P100_TL00026" HPOS="1211" VPOS="1902" WIDTH="1152" HEIGHT="49">
						<String ID="P100_ST00195" HPOS="1211" VPOS="1905" WIDTH="239" HEIGHT="36" CONTENT="zurückfallen." WC="1.00" CC="0560000651100"/>
						<SP ID="P100_SP00170" HPOS="1450" VPOS="1941" WIDTH="43"/>
						<String ID="P100_ST00196" HPOS="1493" VPOS="1908" WIDTH="108" HEIGHT="32" CONTENT="Grane" WC="0.99" CC="05040"/>
						<SP ID="P100_SP00171" HPOS="1601" VPOS="1941" WIDTH="18"/>
						<String ID="P100_ST00197" HPOS="1619" VPOS="1904" WIDTH="58" HEIGHT="35" CONTENT="hat" WC="0.97" CC="700"/>
						<SP ID="P100_SP00172" HPOS="1677" VPOS="1941" WIDTH="19"/>
						<String ID="P100_ST00198" HPOS="1696" VPOS="1904" WIDTH="138" HEIGHT="34" CONTENT="besseres" WC="0.99" CC="62001650"/>
						<SP ID="P100_SP00173" HPOS="1834" VPOS="1941" WIDTH="20"/>
						<String ID="P100_ST00199" HPOS="1854" VPOS="1904" WIDTH="159" HEIGHT="47" CONTENT="geleistet," WC="1.00" CC="0010120004"/>
						<SP ID="P100_SP00174" HPOS="2013" VPOS="1951" WIDTH="19"/>
						<String ID="P100_ST00200" HPOS="2032" VPOS="1902" WIDTH="86" HEIGHT="35" CONTENT="und:" WC="0.97" CC="5700"/>
						<SP ID="P100_SP00175" HPOS="2118" VPOS="1951" WIDTH="29"/>
						<String ID="P100_ST00201" HPOS="2147" VPOS="1902" WIDTH="103" HEIGHT="35" CONTENT="bleibt" WC="1.00" CC="030000"/>
						<SP ID="P100_SP00176" HPOS="2250" VPOS="1951" WIDTH="19"/>
						<String ID="P100_ST00202" HPOS="2269" VPOS="1902" WIDTH="94" HEIGHT="35" CONTENT="nicht" WC="0.98" CC="04070"/>
					</TextLine>
					<TextLine ID="P100_TL00027" HPOS="1211" VPOS="1956" WIDTH="1153" HEIGHT="50">
						<String ID="P100_ST00203" HPOS="1211" VPOS="1959" WIDTH="56" HEIGHT="35" CONTENT="das" WC="1.00" CC="000"/>
						<SP ID="P100_SP00177" HPOS="1267" VPOS="1994" WIDTH="26"/>
						<String ID="P100_ST00204" HPOS="1293" VPOS="1971" WIDTH="102" HEIGHT="35" CONTENT="ganze" WC="1.00" CC="00000"/>
						<SP ID="P100_SP00178" HPOS="1395" VPOS="2006" WIDTH="18"/>
						<String ID="P100_ST00205" HPOS="1413" VPOS="1957" WIDTH="110" HEIGHT="35" CONTENT="Werk" WC="0.98" CC="0160"/>
						<SP ID="P100_SP00179" HPOS="1523" VPOS="2006" WIDTH="22"/>
						<String ID="P100_ST00206" HPOS="1545" VPOS="1970" WIDTH="69" HEIGHT="22" CONTENT="von" WC="1.00" CC="000"/>
						<SP ID="P100_SP00180" HPOS="1614" VPOS="2006" WIDTH="22"/>
						<String ID="P100_ST00207" HPOS="1636" VPOS="1958" WIDTH="160" HEIGHT="40" CONTENT="Rossetti," WC="0.83" CC="023130004"/>
						<SP ID="P100_SP00181" HPOS="1796" VPOS="2006" WIDTH="25"/>
						<String ID="P100_ST00208" HPOS="1821" VPOS="1956" WIDTH="103" HEIGHT="35" CONTENT="bleibt" WC="0.98" CC="633060"/>
						<SP ID="P100_SP00182" HPOS="1924" VPOS="2006" WIDTH="25"/>
						<String ID="P100_ST00209" HPOS="1949" VPOS="1956" WIDTH="95" HEIGHT="35" CONTENT="nicht" WC="0.99" CC="03060"/>
						<SP ID="P100_SP00183" HPOS="2044" VPOS="2006" WIDTH="25"/>
						<String ID="P100_ST00210" HPOS="2069" VPOS="1956" WIDTH="57" HEIGHT="34" CONTENT="der" WC="1.00" CC="000"/>
						<SP ID="P100_SP00184" HPOS="2126" VPOS="2006" WIDTH="19"/>
						<String ID="P100_ST00211" HPOS="2145" VPOS="1968" WIDTH="63" HEIGHT="22" CONTENT="nur" WC="0.98" CC="040"/>
						<SP ID="P100_SP00185" HPOS="2208" VPOS="2006" WIDTH="24"/>
						<String ID="P100_ST00212" HPOS="2232" VPOS="1968" WIDTH="40" HEIGHT="22" CONTENT="zu" WC="1.00" CC="00"/>
						<SP ID="P100_SP00186" HPOS="2272" VPOS="2006" WIDTH="27"/>
						<String ID="P100_ST00213" HPOS="2299" VPOS="1968" WIDTH="44" HEIGHT="21" CONTENT="un" SUBS_TYPE="HypPart1" SUBS_CONTENT="unbekannte" WC="0.98" CC="02"/>
						<HYP HPOS="2343" VPOS="1968" WIDTH="21" CONTENT="-"/>
					</TextLine>
					<TextLine ID="P100_TL00028" HPOS="1211" VPOS="2009" WIDTH="1153" HEIGHT="48">
						<String ID="P100_ST00214" HPOS="1211" VPOS="2011" WIDTH="165" HEIGHT="35" CONTENT="bekannte" SUBS_TYPE="HypPart2" SUBS_CONTENT="unbekannte" WC="0.99" CC="00093500"/>
						<SP ID="P100_SP00187" HPOS="1376" VPOS="2046" WIDTH="19"/>
						<String ID="P100_ST00215" HPOS="1395" VPOS="2013" WIDTH="133" HEIGHT="32" CONTENT="Watts?" WC="1.00" CC="000005"/>
						<SP ID="P100_SP00188" HPOS="1528" VPOS="2046" WIDTH="27"/>
						<String ID="P100_ST00216" HPOS="1555" VPOS="2013" WIDTH="67" HEIGHT="31" CONTENT="Das" WC="0.98" CC="400"/>
						<SP ID="P100_SP00189" HPOS="1622" VPOS="2046" WIDTH="19"/>
						<String ID="P100_ST00217" HPOS="1641" VPOS="2009" WIDTH="162" HEIGHT="35" CONTENT="herrliche" WC="0.98" CC="726544071"/>
						<SP ID="P100_SP00190" HPOS="1803" VPOS="2046" WIDTH="19"/>
						<String ID="P100_ST00218" HPOS="1822" VPOS="2011" WIDTH="327" HEIGHT="46" CONTENT="Frauenporträt" WC="0.99" CC="5367000400200"/>
						<SP ID="P100_SP00191" HPOS="2149" VPOS="2057" WIDTH="19"/>
						<String ID="P100_ST00219" HPOS="2168" VPOS="2021" WIDTH="69" HEIGHT="22" CONTENT="von" WC="1.00" CC="000"/>
						<SP ID="P100_SP00192" HPOS="2237" VPOS="2057" WIDTH="19"/>
						<String ID="P100_ST00220" HPOS="2256" VPOS="2010" WIDTH="108" HEIGHT="32" CONTENT="Burne" WC="0.64" CC="16405"/>
					</TextLine>
					<TextLine ID="P100_TL00029" HPOS="1209" VPOS="2060" WIDTH="1154" HEIGHT="49">
						<String ID="P100_ST00221" HPOS="1209" VPOS="2067" WIDTH="96" HEIGHT="42" CONTENT="Jones" WC="0.99" CC="00400"/>
						<SP ID="P100_SP00193" HPOS="1305" VPOS="2109" WIDTH="33"/>
						<String ID="P100_ST00222" HPOS="1338" VPOS="2064" WIDTH="42" HEIGHT="34" CONTENT="ist" WC="1.00" CC="010"/>
						<SP ID="P100_SP00194" HPOS="1380" VPOS="2109" WIDTH="28"/>
						<String ID="P100_ST00223" HPOS="1408" VPOS="2063" WIDTH="112" HEIGHT="34" CONTENT="seinen" WC="1.00" CC="000000"/>
						<SP ID="P100_SP00195" HPOS="1520" VPOS="2109" WIDTH="31"/>
						<String ID="P100_ST00224" HPOS="1551" VPOS="2060" WIDTH="157" HEIGHT="37" CONTENT="früheren" WC="0.99" CC="66000350"/>
						<SP ID="P100_SP00196" HPOS="1708" VPOS="2109" WIDTH="27"/>
						<String ID="P100_ST00225" HPOS="1735" VPOS="2060" WIDTH="277" HEIGHT="37" CONTENT="Meisterwerken" WC="1.00" CC="0001005006200"/>
						<SP ID="P100_SP00197" HPOS="2012" VPOS="2109" WIDTH="32"/>
						<String ID="P100_ST00226" HPOS="2044" VPOS="2074" WIDTH="83" HEIGHT="35" CONTENT="ganz" WC="1.00" CC="0000"/>
						<SP ID="P100_SP00198" HPOS="2127" VPOS="2109" WIDTH="27"/>
						<String ID="P100_ST00227" HPOS="2154" VPOS="2060" WIDTH="209" HEIGHT="48" CONTENT="ebenbürtig." WC="1.00" CC="06204050000"/>
					</TextLine>
					<TextLine ID="P100_TL00030" HPOS="1211" VPOS="2112" WIDTH="1153" HEIGHT="49">
						<String ID="P100_ST00228" HPOS="1211" VPOS="2117" WIDTH="96" HEIGHT="34" CONTENT="Diese" WC="1.00" CC="00000"/>
						<SP ID="P100_SP00199" HPOS="1307" VPOS="2151" WIDTH="28"/>
						<String ID="P100_ST00229" HPOS="1335" VPOS="2123" WIDTH="96" HEIGHT="32" CONTENT="zarte," WC="0.98" CC="090024"/>
						<SP ID="P100_SP00200" HPOS="1431" VPOS="2155" WIDTH="28"/>
						<String ID="P100_ST00230" HPOS="1459" VPOS="2114" WIDTH="232" HEIGHT="35" CONTENT="harmonische" WC="1.00" CC="70500000070"/>
						<SP ID="P100_SP00201" HPOS="1691" VPOS="2155" WIDTH="24"/>
						<String ID="P100_ST00231" HPOS="1715" VPOS="2114" WIDTH="177" HEIGHT="40" CONTENT="Zauberin," WC="0.99" CC="007603064"/>
						<SP ID="P100_SP00202" HPOS="1892" VPOS="2155" WIDTH="29"/>
						<String ID="P100_ST00232" HPOS="1921" VPOS="2114" WIDTH="54" HEIGHT="35" CONTENT="die" WC="1.00" CC="000"/>
						<SP ID="P100_SP00203" HPOS="1975" VPOS="2155" WIDTH="28"/>
						<String ID="P100_ST00233" HPOS="2003" VPOS="2114" WIDTH="56" HEIGHT="34" CONTENT="das" WC="1.00" CC="000"/>
						<SP ID="P100_SP00204" HPOS="2059" VPOS="2155" WIDTH="22"/>
						<String ID="P100_ST00234" HPOS="2081" VPOS="2116" WIDTH="97" HEIGHT="45" CONTENT="Auge" WC="0.98" CC="0703"/>
						<SP ID="P100_SP00205" HPOS="2178" VPOS="2161" WIDTH="28"/>
						<String ID="P100_ST00235" HPOS="2206" VPOS="2112" WIDTH="158" HEIGHT="35" CONTENT="bestrickt" WC="1.00" CC="001065000"/>
					</TextLine>
					<TextLine ID="P100_TL00031" HPOS="1211" VPOS="2166" WIDTH="1153" HEIGHT="48">
						<String ID="P100_ST00236" HPOS="1211" VPOS="2170" WIDTH="63" HEIGHT="33" CONTENT="mit" WC="1.00" CC="000"/>
						<SP ID="P100_SP00206" HPOS="1274" VPOS="2203" WIDTH="19"/>
						<String ID="P100_ST00237" HPOS="1293" VPOS="2168" WIDTH="57" HEIGHT="35" CONTENT="der" WC="0.97" CC="026"/>
						<SP ID="P100_SP00207" HPOS="1350" VPOS="2203" WIDTH="18"/>
						<String ID="P100_ST00238" HPOS="1368" VPOS="2180" WIDTH="212" HEIGHT="22" CONTENT="marmornen" WC="0.99" CC="096000250"/>
						<SP ID="P100_SP00208" HPOS="1580" VPOS="2203" WIDTH="19"/>
						<String ID="P100_ST00239" HPOS="1599" VPOS="2167" WIDTH="184" HEIGHT="34" CONTENT="Bleichheit" WC="0.99" CC="0300477140"/>
						<SP ID="P100_SP00209" HPOS="1783" VPOS="2203" WIDTH="23"/>
						<String ID="P100_ST00240" HPOS="1806" VPOS="2167" WIDTH="85" HEIGHT="34" CONTENT="ihres" WC="0.99" CC="00600"/>
						<SP ID="P100_SP00210" HPOS="1891" VPOS="2203" WIDTH="19"/>
						<String ID="P100_ST00241" HPOS="1910" VPOS="2166" WIDTH="183" HEIGHT="35" CONTENT="sinnenden" WC="0.99" CC="055000030"/>
						<SP ID="P100_SP00211" HPOS="2093" VPOS="2203" WIDTH="20"/>
						<String ID="P100_ST00242" HPOS="2113" VPOS="2168" WIDTH="170" HEIGHT="46" CONTENT="Flauptes," WC="0.73" CC="760700100"/>
						<SP ID="P100_SP00212" HPOS="2283" VPOS="2214" WIDTH="26"/>
						<String ID="P100_ST00243" HPOS="2309" VPOS="2166" WIDTH="55" HEIGHT="34" CONTENT="der" WC="0.98" CC="005"/>
					</TextLine>
					<TextLine ID="P100_TL00032" HPOS="1210" VPOS="2217" WIDTH="1159" HEIGHT="43">
						<String ID="P100_ST00244" HPOS="1210" VPOS="2220" WIDTH="93" HEIGHT="35" CONTENT="Tiefe" WC="0.99" CC="00370"/>
						<SP ID="P100_SP00213" HPOS="1303" VPOS="2255" WIDTH="20"/>
						<String ID="P100_ST00245" HPOS="1323" VPOS="2220" WIDTH="54" HEIGHT="35" CONTENT="des" WC="0.98" CC="040"/>
						<SP ID="P100_SP00214" HPOS="1377" VPOS="2255" WIDTH="18"/>
						<String ID="P100_ST00246" HPOS="1395" VPOS="2220" WIDTH="138" HEIGHT="40" CONTENT="Blickes," WC="0.99" CC="32210014"/>
						<SP ID="P100_SP00215" HPOS="1533" VPOS="2260" WIDTH="21"/>
						<String ID="P100_ST00247" HPOS="1554" VPOS="2220" WIDTH="64" HEIGHT="34" CONTENT="den" WC="0.97" CC="035"/>
						<SP ID="P100_SP00216" HPOS="1618" VPOS="2260" WIDTH="18"/>
						<String ID="P100_ST00248" HPOS="1636" VPOS="2220" WIDTH="130" HEIGHT="35" CONTENT="weiche" WC="1.00" CC="000001"/>
						<SP ID="P100_SP00217" HPOS="1766" VPOS="2260" WIDTH="14"/>
						<String ID="P100_ST00249" HPOS="1780" VPOS="2219" WIDTH="234" HEIGHT="35" CONTENT="Unsicherheit" WC="0.99" CC="070400267000"/>
						<SP ID="P100_SP00218" HPOS="2014" VPOS="2260" WIDTH="18"/>
						<String ID="P100_ST00250" HPOS="2032" VPOS="2218" WIDTH="224" HEIGHT="36" CONTENT="verschleiert!" WC="0.99" CC="0442002045404"/>
						<SP ID="P100_SP00219" HPOS="2256" VPOS="2260" WIDTH="38"/>
						<String ID="P100_ST00251" HPOS="2294" VPOS="2217" WIDTH="75" HEIGHT="36" CONTENT="Auf" WC="0.98" CC="050"/>
					</TextLine>
					<TextLine ID="P100_TL00033" HPOS="1211" VPOS="2271" WIDTH="1154" HEIGHT="37">
						<String ID="P100_ST00252" HPOS="1211" VPOS="2274" WIDTH="77" HEIGHT="34" CONTENT="dem" WC="1.00" CC="000"/>
						<SP ID="P100_SP00220" HPOS="1288" VPOS="2308" WIDTH="19"/>
						<String ID="P100_ST00253" HPOS="1307" VPOS="2273" WIDTH="141" HEIGHT="34" CONTENT="anderen" WC="1.00" CC="0402010"/>
						<SP ID="P100_SP00221" HPOS="1448" VPOS="2308" WIDTH="15"/>
						<String ID="P100_ST00254" HPOS="1463" VPOS="2272" WIDTH="93" HEIGHT="35" CONTENT="Bilde" WC="0.98" CC="50600"/>
						<SP ID="P100_SP00222" HPOS="1556" VPOS="2308" WIDTH="14"/>
						<String ID="P100_ST00255" HPOS="1570" VPOS="2273" WIDTH="78" HEIGHT="33" CONTENT="Die" WC="0.97" CC="420"/>
						<SP ID="P100_SP00223" HPOS="1648" VPOS="2308" WIDTH="18"/>
						<String ID="P100_ST00256" HPOS="1666" VPOS="2272" WIDTH="126" HEIGHT="34" CONTENT="Liebe" WC="0.99" CC="00070"/>
						<SP ID="P100_SP00224" HPOS="1792" VPOS="2308" WIDTH="20"/>
						<String ID="P100_ST00257" HPOS="1812" VPOS="2273" WIDTH="43" HEIGHT="33" CONTENT="in" WC="0.89" CC="20"/>
						<SP ID="P100_SP00225" HPOS="1855" VPOS="2308" WIDTH="19"/>
						<String ID="P100_ST00258" HPOS="1874" VPOS="2272" WIDTH="76" HEIGHT="34" CONTENT="den" WC="1.00" CC="000"/>
						<SP ID="P100_SP00226" HPOS="1950" VPOS="2308" WIDTH="20"/>
						<String ID="P100_ST00259" HPOS="1970" VPOS="2272" WIDTH="175" HEIGHT="35" CONTENT="Ruinen:" WC="0.99" CC="0600003"/>
						<SP ID="P100_SP00227" HPOS="2145" VPOS="2308" WIDTH="21"/>
						<String ID="P100_ST00260" HPOS="2166" VPOS="2272" WIDTH="53" HEIGHT="33" CONTENT="ein" WC="0.97" CC="330"/>
						<SP ID="P100_SP00228" HPOS="2219" VPOS="2308" WIDTH="15"/>
						<String ID="P100_ST00261" HPOS="2234" VPOS="2271" WIDTH="113" HEIGHT="34" CONTENT="Liebes" SUBS_TYPE="HypPart1" SUBS_CONTENT="Liebespaar" WC="1.00" CC="000020"/>
						<HYP HPOS="2347" VPOS="2271" WIDTH="18" CONTENT="-"/>
					</TextLine>
					<TextLine ID="P100_TL00034" HPOS="1212" VPOS="2323" WIDTH="1153" HEIGHT="52">
						<String ID="P100_ST00262" HPOS="1212" VPOS="2340" WIDTH="76" HEIGHT="35" CONTENT="paar" SUBS_TYPE="HypPart2" SUBS_CONTENT="Liebespaar" WC="0.95" CC="0777"/>
						<SP ID="P100_SP00229" HPOS="1288" VPOS="2375" WIDTH="18"/>
						<String ID="P100_ST00263" HPOS="1306" VPOS="2326" WIDTH="62" HEIGHT="34" CONTENT="mit" WC="1.00" CC="000"/>
						<SP ID="P100_SP00230" HPOS="1368" VPOS="2375" WIDTH="24"/>
						<String ID="P100_ST00264" HPOS="1392" VPOS="2325" WIDTH="127" HEIGHT="34" CONTENT="keusch" WC="0.98" CC="036007"/>
						<SP ID="P100_SP00231" HPOS="1519" VPOS="2375" WIDTH="21"/>
						<String ID="P100_ST00265" HPOS="1540" VPOS="2325" WIDTH="288" HEIGHT="47" CONTENT="umschlungenen" WC="1.00" CC="0000050105000"/>
						<SP ID="P100_SP00232" HPOS="1828" VPOS="2375" WIDTH="19"/>
						<String ID="P100_ST00266" HPOS="1847" VPOS="2323" WIDTH="145" HEIGHT="36" CONTENT="Händen" WC="1.00" CC="500000"/>
						<SP ID="P100_SP00233" HPOS="1992" VPOS="2375" WIDTH="23"/>
						<String ID="P100_ST00267" HPOS="2015" VPOS="2325" WIDTH="156" HEIGHT="33" CONTENT="inmitten" WC="0.99" CC="40065010"/>
						<SP ID="P100_SP00234" HPOS="2171" VPOS="2375" WIDTH="23"/>
						<String ID="P100_ST00268" HPOS="2194" VPOS="2324" WIDTH="81" HEIGHT="35" CONTENT="alter" WC="1.00" CC="02010"/>
						<SP ID="P100_SP00235" HPOS="2275" VPOS="2375" WIDTH="18"/>
						<String ID="P100_ST00269" HPOS="2293" VPOS="2336" WIDTH="54" HEIGHT="23" CONTENT="ver" SUBS_TYPE="HypPart1" SUBS_CONTENT="vermoderter" WC="0.98" CC="022"/>
						<HYP HPOS="2347" VPOS="2336" WIDTH="18" CONTENT="-"/>
					</TextLine>
					<TextLine ID="P100_TL00035" HPOS="1211" VPOS="2376" WIDTH="1153" HEIGHT="41">
						<String ID="P100_ST00270" HPOS="1211" VPOS="2378" WIDTH="167" HEIGHT="35" CONTENT="moderter" SUBS_TYPE="HypPart2" SUBS_CONTENT="vermoderter" WC="0.99" CC="00026003"/>
						<SP ID="P100_SP00236" HPOS="1378" VPOS="2413" WIDTH="19"/>
						<String ID="P100_ST00271" HPOS="1397" VPOS="2379" WIDTH="227" HEIGHT="34" CONTENT="Steinmassen." WC="0.99" CC="024500900160"/>
						<SP ID="P100_SP00237" HPOS="1624" VPOS="2413" WIDTH="46"/>
						<String ID="P100_ST00272" HPOS="1670" VPOS="2378" WIDTH="63" HEIGHT="34" CONTENT="Die" WC="0.98" CC="032"/>
						<SP ID="P100_SP00238" HPOS="1733" VPOS="2413" WIDTH="19"/>
						<String ID="P100_ST00273" HPOS="1752" VPOS="2378" WIDTH="187" HEIGHT="34" CONTENT="Harmonie" WC="0.99" CC="57200040"/>
						<SP ID="P100_SP00239" HPOS="1939" VPOS="2413" WIDTH="25"/>
						<String ID="P100_ST00274" HPOS="1964" VPOS="2377" WIDTH="56" HEIGHT="34" CONTENT="der" WC="0.99" CC="010"/>
						<SP ID="P100_SP00240" HPOS="2020" VPOS="2413" WIDTH="18"/>
						<String ID="P100_ST00275" HPOS="2038" VPOS="2376" WIDTH="134" HEIGHT="41" CONTENT="Farben," WC="0.99" CC="6036000"/>
						<SP ID="P100_SP00241" HPOS="2172" VPOS="2417" WIDTH="28"/>
						<String ID="P100_ST00276" HPOS="2200" VPOS="2377" WIDTH="57" HEIGHT="34" CONTENT="das" WC="0.99" CC="002"/>
						<SP ID="P100_SP00242" HPOS="2257" VPOS="2417" WIDTH="24"/>
						<String ID="P100_ST00277" HPOS="2281" VPOS="2384" WIDTH="83" HEIGHT="27" CONTENT="satte" WC="0.99" CC="07000"/>
					</TextLine>
					<TextLine ID="P100_TL00036" HPOS="1212" VPOS="2428" WIDTH="1153" HEIGHT="38">
						<String ID="P100_ST00278" HPOS="1212" VPOS="2435" WIDTH="96" HEIGHT="31" CONTENT="Grün" WC="0.99" CC="0200"/>
						<SP ID="P100_SP00243" HPOS="1308" VPOS="2466" WIDTH="20"/>
						<String ID="P100_ST00279" HPOS="1328" VPOS="2431" WIDTH="54" HEIGHT="34" CONTENT="des" WC="0.99" CC="011"/>
						<SP ID="P100_SP00244" HPOS="1382" VPOS="2466" WIDTH="26"/>
						<String ID="P100_ST00280" HPOS="1408" VPOS="2430" WIDTH="214" HEIGHT="35" CONTENT="männlichen" WC="1.00" CC="0000230730"/>
						<SP ID="P100_SP00245" HPOS="1622" VPOS="2466" WIDTH="19"/>
						<String ID="P100_ST00281" HPOS="1641" VPOS="2430" WIDTH="189" HEIGHT="35" CONTENT="Gewandes" WC="1.00" CC="00004000"/>
						<SP ID="P100_SP00246" HPOS="1830" VPOS="2466" WIDTH="24"/>
						<String ID="P100_ST00282" HPOS="1854" VPOS="2429" WIDTH="106" HEIGHT="35" CONTENT="neben" WC="0.99" CC="00710"/>
						<SP ID="P100_SP00247" HPOS="1960" VPOS="2466" WIDTH="23"/>
						<String ID="P100_ST00283" HPOS="1983" VPOS="2430" WIDTH="77" HEIGHT="34" CONTENT="dem" WC="1.00" CC="000"/>
						<SP ID="P100_SP00248" HPOS="2060" VPOS="2466" WIDTH="23"/>
						<String ID="P100_ST00284" HPOS="2083" VPOS="2428" WIDTH="104" HEIGHT="36" CONTENT="tiefen" WC="0.98" CC="004605"/>
						<SP ID="P100_SP00249" HPOS="2187" VPOS="2466" WIDTH="19"/>
						<String ID="P100_ST00285" HPOS="2206" VPOS="2429" WIDTH="82" HEIGHT="35" CONTENT="Blau" WC="0.97" CC="4306"/>
						<SP ID="P100_SP00250" HPOS="2288" VPOS="2466" WIDTH="19"/>
						<String ID="P100_ST00286" HPOS="2307" VPOS="2429" WIDTH="58" HEIGHT="34" CONTENT="der" WC="0.97" CC="026"/>
					</TextLine>
					<TextLine ID="P100_TL00037" HPOS="1211" VPOS="2481" WIDTH="1154" HEIGHT="42">
						<String ID="P100_ST00287" HPOS="1211" VPOS="2483" WIDTH="202" HEIGHT="36" CONTENT="weiblichen" WC="0.99" CC="0140440723"/>
						<SP ID="P100_SP00251" HPOS="1413" VPOS="2519" WIDTH="28"/>
						<String ID="P100_ST00288" HPOS="1441" VPOS="2482" WIDTH="121" HEIGHT="41" CONTENT="Hülle," WC="0.99" CC="403300"/>
						<SP ID="P100_SP00252" HPOS="1562" VPOS="2523" WIDTH="30"/>
						<String ID="P100_ST00289" HPOS="1592" VPOS="2483" WIDTH="87" HEIGHT="35" CONTENT="diese" WC="0.99" CC="03013"/>
						<SP ID="P100_SP00253" HPOS="1679" VPOS="2523" WIDTH="28"/>
						<String ID="P100_ST00290" HPOS="1707" VPOS="2482" WIDTH="181" HEIGHT="35" CONTENT="verlassene" WC="1.00" CC="0003900000"/>
						<SP ID="P100_SP00254" HPOS="1888" VPOS="2523" WIDTH="28"/>
						<String ID="P100_ST00291" HPOS="1916" VPOS="2483" WIDTH="111" HEIGHT="35" CONTENT="Ruine" WC="0.98" CC="07500"/>
						<SP ID="P100_SP00255" HPOS="2027" VPOS="2523" WIDTH="28"/>
						<String ID="P100_ST00292" HPOS="2055" VPOS="2483" WIDTH="62" HEIGHT="33" CONTENT="mit" WC="0.99" CC="030"/>
						<SP ID="P100_SP00256" HPOS="2117" VPOS="2523" WIDTH="28"/>
						<String ID="P100_ST00293" HPOS="2145" VPOS="2482" WIDTH="63" HEIGHT="34" CONTENT="den" WC="1.00" CC="000"/>
						<SP ID="P100_SP00257" HPOS="2208" VPOS="2523" WIDTH="28"/>
						<String ID="P100_ST00294" HPOS="2236" VPOS="2481" WIDTH="129" HEIGHT="37" CONTENT="wilden" WC="0.99" CC="003035"/>
					</TextLine>
					<TextLine ID="P100_TL00038" HPOS="1211" VPOS="2534" WIDTH="1155" HEIGHT="49">
						<String ID="P100_ST00295" HPOS="1211" VPOS="2540" WIDTH="113" HEIGHT="31" CONTENT="Rosen" WC="0.99" CC="04050"/>
						<SP ID="P100_SP00258" HPOS="1324" VPOS="2571" WIDTH="14"/>
						<String ID="P100_ST00296" HPOS="1338" VPOS="2536" WIDTH="70" HEIGHT="34" CONTENT="und" WC="0.98" CC="600"/>
						<SP ID="P100_SP00259" HPOS="1408" VPOS="2571" WIDTH="10"/>
						<String ID="P100_ST00297" HPOS="1418" VPOS="2535" WIDTH="311" HEIGHT="36" CONTENT="Glockenblumen:" WC="0.99" CC="05000357360304"/>
						<SP ID="P100_SP00260" HPOS="1729" VPOS="2571" WIDTH="16"/>
						<String ID="P100_ST00298" HPOS="1745" VPOS="2535" WIDTH="57" HEIGHT="35" CONTENT="das" WC="0.97" CC="070"/>
						<SP ID="P100_SP00261" HPOS="1802" VPOS="2571" WIDTH="16"/>
						<String ID="P100_ST00299" HPOS="1818" VPOS="2534" WIDTH="148" HEIGHT="36" CONTENT="erweckt" WC="0.99" CC="0402003"/>
						<SP ID="P100_SP00262" HPOS="1966" VPOS="2571" WIDTH="14"/>
						<String ID="P100_ST00300" HPOS="1980" VPOS="2535" WIDTH="164" HEIGHT="48" CONTENT="gewaltig" WC="0.99" CC="01071030"/>
						<SP ID="P100_SP00263" HPOS="2144" VPOS="2583" WIDTH="15"/>
						<String ID="P100_ST00301" HPOS="2159" VPOS="2535" WIDTH="52" HEIGHT="34" CONTENT="die" WC="0.98" CC="004"/>
						<SP ID="P100_SP00264" HPOS="2211" VPOS="2583" WIDTH="14"/>
						<String ID="P100_ST00302" HPOS="2225" VPOS="2534" WIDTH="121" HEIGHT="35" CONTENT="Herbst" SUBS_TYPE="HypPart1" SUBS_CONTENT="Herbststimmung" WC="0.99" CC="510020"/>
						<HYP HPOS="2346" VPOS="2534" WIDTH="20" CONTENT="-"/>
					</TextLine>
					<TextLine ID="P100_TL00039" HPOS="1212" VPOS="2587" WIDTH="1154" HEIGHT="49">
						<String ID="P100_ST00303" HPOS="1212" VPOS="2590" WIDTH="185" HEIGHT="46" CONTENT="stimmung" SUBS_TYPE="HypPart2" SUBS_CONTENT="Herbststimmung" WC="1.00" CC="00000600"/>
						<SP ID="P100_SP00265" HPOS="1397" VPOS="2636" WIDTH="15"/>
						<String ID="P100_ST00304" HPOS="1412" VPOS="2588" WIDTH="104" HEIGHT="35" CONTENT="dieser" WC="0.99" CC="032014"/>
						<SP ID="P100_SP00266" HPOS="1516" VPOS="2636" WIDTH="14"/>
						<String ID="P100_ST00305" HPOS="1530" VPOS="2587" WIDTH="196" HEIGHT="35" CONTENT="sterbenden" WC="1.00" CC="0054020000"/>
						<SP ID="P100_SP00267" HPOS="1726" VPOS="2636" WIDTH="12"/>
						<String ID="P100_ST00306" HPOS="1738" VPOS="2587" WIDTH="110" HEIGHT="35" CONTENT="Liebe." WC="1.00" CC="010003"/>
						<SP ID="P100_SP00268" HPOS="1848" VPOS="2636" WIDTH="35"/>
						<String ID="P100_ST00307" HPOS="1883" VPOS="2591" WIDTH="86" HEIGHT="31" CONTENT="Man" WC="0.94" CC="095"/>
						<SP ID="P100_SP00269" HPOS="1969" VPOS="2636" WIDTH="14"/>
						<String ID="P100_ST00308" HPOS="1983" VPOS="2587" WIDTH="104" HEIGHT="35" CONTENT="denkt" WC="1.00" CC="00000"/>
						<SP ID="P100_SP00270" HPOS="2087" VPOS="2636" WIDTH="15"/>
						<String ID="P100_ST00309" HPOS="2102" VPOS="2601" WIDTH="43" HEIGHT="21" CONTENT="an" WC="1.00" CC="00"/>
						<SP ID="P100_SP00271" HPOS="2145" VPOS="2636" WIDTH="14"/>
						<String ID="P100_ST00310" HPOS="2159" VPOS="2588" WIDTH="72" HEIGHT="34" CONTENT="eine" WC="0.99" CC="0600"/>
						<SP ID="P100_SP00272" HPOS="2231" VPOS="2636" WIDTH="17"/>
						<String ID="P100_ST00311" HPOS="2248" VPOS="2587" WIDTH="118" HEIGHT="35" CONTENT="andere" WC="0.99" CC="900030"/>
					</TextLine>
					<TextLine ID="P100_TL00040" HPOS="1212" VPOS="2640" WIDTH="1153" HEIGHT="41">
						<String ID="P100_ST00312" HPOS="1212" VPOS="2642" WIDTH="116" HEIGHT="34" CONTENT="Liebe" WC="0.99" CC="04000"/>
						<SP ID="P100_SP00273" HPOS="1328" VPOS="2676" WIDTH="28"/>
						<String ID="P100_ST00313" HPOS="1356" VPOS="2643" WIDTH="39" HEIGHT="32" CONTENT="in" WC="0.82" CC="30"/>
						<SP ID="P100_SP00274" HPOS="1395" VPOS="2676" WIDTH="29"/>
						<String ID="P100_ST00314" HPOS="1424" VPOS="2641" WIDTH="76" HEIGHT="34" CONTENT="den" WC="1.00" CC="000"/>
						<SP ID="P100_SP00275" HPOS="1500" VPOS="2676" WIDTH="27"/>
						<String ID="P100_ST00315" HPOS="1527" VPOS="2642" WIDTH="187" HEIGHT="39" CONTENT="Ruinen," WC="0.99" CC="0700004"/>
						<SP ID="P100_SP00276" HPOS="1714" VPOS="2681" WIDTH="30"/>
						<String ID="P100_ST00316" HPOS="1744" VPOS="2654" WIDTH="43" HEIGHT="21" CONTENT="an" WC="0.51" CC="90"/>
						<SP ID="P100_SP00277" HPOS="1787" VPOS="2681" WIDTH="26"/>
						<String ID="P100_ST00317" HPOS="1813" VPOS="2641" WIDTH="56" HEIGHT="34" CONTENT="das" WC="1.00" CC="000"/>
						<SP ID="P100_SP00278" HPOS="1869" VPOS="2681" WIDTH="26"/>
						<String ID="P100_ST00318" HPOS="1895" VPOS="2640" WIDTH="233" HEIGHT="35" CONTENT="Rossetti’sche" WC="0.82" CC="0300000080073"/>
						<SP ID="P100_SP00279" HPOS="2128" VPOS="2681" WIDTH="24"/>
						<String ID="P100_ST00319" HPOS="2152" VPOS="2643" WIDTH="127" HEIGHT="31" CONTENT="Sonnet" WC="1.00" CC="000400"/>
						<SP ID="P100_SP00280" HPOS="2279" VPOS="2681" WIDTH="28"/>
						<String ID="P100_ST00320" HPOS="2307" VPOS="2652" WIDTH="58" HEIGHT="22" CONTENT="aus" WC="0.97" CC="070"/>
					</TextLine>
					<TextLine ID="P100_TL00041" HPOS="1212" VPOS="2692" WIDTH="1154" HEIGHT="45">
						<String ID="P100_ST00321" HPOS="1212" VPOS="2694" WIDTH="77" HEIGHT="34" CONTENT="dem" WC="1.00" CC="000"/>
						<SP ID="P100_SP00281" HPOS="1289" VPOS="2728" WIDTH="27"/>
						<String ID="P100_ST00322" HPOS="1316" VPOS="2696" WIDTH="141" HEIGHT="32" CONTENT="House" WC="0.88" CC="50000"/>
						<SP ID="P100_SP00282" HPOS="1457" VPOS="2728" WIDTH="29"/>
						<String ID="P100_ST00323" HPOS="1486" VPOS="2692" WIDTH="48" HEIGHT="36" CONTENT="of" WC="0.98" CC="00"/>
						<SP ID="P100_SP00283" HPOS="1534" VPOS="2728" WIDTH="22"/>
						<String ID="P100_ST00324" HPOS="1556" VPOS="2692" WIDTH="108" HEIGHT="42" CONTENT="Life," WC="1.00" CC="00000"/>
						<SP ID="P100_SP00284" HPOS="1664" VPOS="2734" WIDTH="34"/>
						<String ID="P100_ST00325" HPOS="1698" VPOS="2707" WIDTH="60" HEIGHT="21" CONTENT="wo" WC="0.99" CC="00"/>
						<SP ID="P100_SP00285" HPOS="1758" VPOS="2734" WIDTH="29"/>
						<String ID="P100_ST00326" HPOS="1787" VPOS="2706" WIDTH="34" HEIGHT="21" CONTENT="er" WC="0.56" CC="16"/>
						<SP ID="P100_SP00286" HPOS="1821" VPOS="2734" WIDTH="27"/>
						<String ID="P100_ST00327" HPOS="1848" VPOS="2693" WIDTH="112" HEIGHT="40" CONTENT="„diese" WC="0.99" CC="700320"/>
						<SP ID="P100_SP00287" HPOS="1960" VPOS="2734" WIDTH="28"/>
						<String ID="P100_ST00328" HPOS="1988" VPOS="2693" WIDTH="117" HEIGHT="35" CONTENT="intime" WC="1.00" CC="100000"/>
						<SP ID="P100_SP00288" HPOS="2105" VPOS="2734" WIDTH="28"/>
						<String ID="P100_ST00329" HPOS="2133" VPOS="2694" WIDTH="144" HEIGHT="43" CONTENT="Stunde," WC="1.00" CC="0010004"/>
						<SP ID="P100_SP00289" HPOS="2277" VPOS="2737" WIDTH="36"/>
						<String ID="P100_ST00330" HPOS="2313" VPOS="2692" WIDTH="53" HEIGHT="34" CONTENT="die" WC="1.00" CC="000"/>
					</TextLine>
					<TextLine ID="P100_TL00042" HPOS="1212" VPOS="2745" WIDTH="1154" HEIGHT="49">
						<String ID="P100_ST00331" HPOS="1212" VPOS="2760" WIDTH="37" HEIGHT="21" CONTENT="so" WC="0.88" CC="20"/>
						<SP ID="P100_SP00290" HPOS="1249" VPOS="2781" WIDTH="28"/>
						<String ID="P100_ST00332" HPOS="1277" VPOS="2754" WIDTH="146" HEIGHT="28" CONTENT="vertraut" WC="0.99" CC="00506060"/>
						<SP ID="P100_SP00291" HPOS="1423" VPOS="2782" WIDTH="26"/>
						<String ID="P100_ST00333" HPOS="1449" VPOS="2746" WIDTH="72" HEIGHT="34" CONTENT="und" WC="0.99" CC="030"/>
						<SP ID="P100_SP00292" HPOS="1521" VPOS="2782" WIDTH="27"/>
						<String ID="P100_ST00334" HPOS="1548" VPOS="2746" WIDTH="199" HEIGHT="41" CONTENT="heimlich,“" WC="0.99" CC="7100030700"/>
						<SP ID="P100_SP00293" HPOS="1747" VPOS="2787" WIDTH="28"/>
						<String ID="P100_ST00335" HPOS="1775" VPOS="2745" WIDTH="172" HEIGHT="49" CONTENT="besungen" WC="0.99" CC="71170000"/>
						<SP ID="P100_SP00294" HPOS="1947" VPOS="2794" WIDTH="26"/>
						<String ID="P100_ST00336" HPOS="1973" VPOS="2746" WIDTH="70" HEIGHT="40" CONTENT="hat," WC="0.95" CC="7904"/>
						<SP ID="P100_SP00295" HPOS="2043" VPOS="2794" WIDTH="28"/>
						<String ID="P100_ST00337" HPOS="2071" VPOS="2746" WIDTH="113" HEIGHT="41" CONTENT="„diese" WC="0.99" CC="104240"/>
						<SP ID="P100_SP00296" HPOS="2184" VPOS="2794" WIDTH="26"/>
						<String ID="P100_ST00338" HPOS="2210" VPOS="2745" WIDTH="156" HEIGHT="49" CONTENT="doppelte" WC="0.99" CC="60004000"/>
					</TextLine>
					<TextLine ID="P100_TL00043" HPOS="1212" VPOS="2798" WIDTH="704" HEIGHT="49">
						<String ID="P100_ST00339" HPOS="1212" VPOS="2800" WIDTH="149" HEIGHT="39" CONTENT="Stimme," WC="0.99" CC="0060034"/>
						<SP ID="P100_SP00297" HPOS="1361" VPOS="2839" WIDTH="21"/>
						<String ID="P100_ST00340" HPOS="1382" VPOS="2799" WIDTH="52" HEIGHT="34" CONTENT="die" WC="0.99" CC="030"/>
						<SP ID="P100_SP00298" HPOS="1434" VPOS="2839" WIDTH="19"/>
						<String ID="P100_ST00341" HPOS="1453" VPOS="2800" WIDTH="52" HEIGHT="33" CONTENT="ein" WC="1.00" CC="000"/>
						<SP ID="P100_SP00299" HPOS="1505" VPOS="2839" WIDTH="20"/>
						<String ID="P100_ST00342" HPOS="1525" VPOS="2798" WIDTH="239" HEIGHT="49" CONTENT="Liebesgesang" WC="0.88" CC="030700011000"/>
						<SP ID="P100_SP00300" HPOS="1764" VPOS="2847" WIDTH="19"/>
						<String ID="P100_ST00343" HPOS="1783" VPOS="2798" WIDTH="133" HEIGHT="36" CONTENT="ward.“" WC="1.00" CC="006000"/>
					</TextLine>
					<TextLine ID="P100_TL00044" HPOS="1291" VPOS="2850" WIDTH="1076" HEIGHT="49">
						<String ID="P100_ST00344" HPOS="1291" VPOS="2854" WIDTH="231" HEIGHT="42" CONTENT="Aman-Jean’s" WC="0.66" CC="00964008080"/>
						<SP ID="P100_SP00301" HPOS="1522" VPOS="2896" WIDTH="19"/>
						<String ID="P100_ST00345" HPOS="1541" VPOS="2851" WIDTH="108" HEIGHT="35" CONTENT="Bilder" WC="0.99" CC="042033"/>
						<SP ID="P100_SP00302" HPOS="1649" VPOS="2896" WIDTH="19"/>
						<String ID="P100_ST00346" HPOS="1668" VPOS="2850" WIDTH="148" HEIGHT="49" CONTENT="gefallen" WC="1.00" CC="01000130"/>
						<SP ID="P100_SP00303" HPOS="1816" VPOS="2899" WIDTH="18"/>
						<String ID="P100_ST00347" HPOS="1834" VPOS="2850" WIDTH="176" HEIGHT="35" CONTENT="besonders" WC="0.99" CC="600530000"/>
						<SP ID="P100_SP00304" HPOS="2010" VPOS="2899" WIDTH="19"/>
						<String ID="P100_ST00348" HPOS="2029" VPOS="2850" WIDTH="210" HEIGHT="49" CONTENT="denjenigen," WC="1.00" CC="00520050004"/>
						<SP ID="P100_SP00305" HPOS="2239" VPOS="2899" WIDTH="19"/>
						<String ID="P100_ST00349" HPOS="2258" VPOS="2850" WIDTH="54" HEIGHT="35" CONTENT="die" WC="1.00" CC="000"/>
						<SP ID="P100_SP00306" HPOS="2312" VPOS="2899" WIDTH="19"/>
						<String ID="P100_ST00350" HPOS="2331" VPOS="2850" WIDTH="36" HEIGHT="35" CONTENT="in" WC="0.78" CC="40"/>
					</TextLine>
					<TextLine ID="P100_TL00045" HPOS="1213" VPOS="2902" WIDTH="1154" HEIGHT="49">
						<String ID="P100_ST00351" HPOS="1213" VPOS="2904" WIDTH="102" HEIGHT="35" CONTENT="stiller" WC="0.99" CC="0024400"/>
						<SP ID="P100_SP00307" HPOS="1315" VPOS="2939" WIDTH="11"/>
						<String ID="P100_ST00352" HPOS="1326" VPOS="2904" WIDTH="198" HEIGHT="35" CONTENT="Seelenruhe" WC="0.99" CC="0002140670"/>
						<SP ID="P100_SP00308" HPOS="1524" VPOS="2939" WIDTH="14"/>
						<String ID="P100_ST00353" HPOS="1538" VPOS="2904" WIDTH="95" HEIGHT="35" CONTENT="ihren" WC="0.98" CC="50602"/>
						<SP ID="P100_SP00309" HPOS="1633" VPOS="2939" WIDTH="12"/>
						<String ID="P100_ST00354" HPOS="1645" VPOS="2902" WIDTH="187" HEIGHT="37" CONTENT="Gedanken" WC="0.99" CC="00006006"/>
						<SP ID="P100_SP00310" HPOS="1832" VPOS="2939" WIDTH="14"/>
						<String ID="P100_ST00355" HPOS="1846" VPOS="2903" WIDTH="204" HEIGHT="48" CONTENT="nachgehen." WC="1.00" CC="0010007002"/>
						<SP ID="P100_SP00311" HPOS="2050" VPOS="2951" WIDTH="34"/>
						<String ID="P100_ST00356" HPOS="2084" VPOS="2906" WIDTH="40" HEIGHT="32" CONTENT="Es" WC="0.78" CC="40"/>
						<SP ID="P100_SP00312" HPOS="2124" VPOS="2951" WIDTH="16"/>
						<String ID="P100_ST00357" HPOS="2140" VPOS="2904" WIDTH="41" HEIGHT="34" CONTENT="ist" WC="0.99" CC="300"/>
						<SP ID="P100_SP00313" HPOS="2181" VPOS="2951" WIDTH="14"/>
						<String ID="P100_ST00358" HPOS="2195" VPOS="2904" WIDTH="153" HEIGHT="47" CONTENT="gewisser" SUBS_TYPE="HypPart1" SUBS_CONTENT="gewissermassen" WC="0.89" CC="00003020"/>
						<HYP HPOS="2348" VPOS="2904" WIDTH="19" CONTENT="-"/>
					</TextLine>
					<TextLine ID="P100_TL00046" HPOS="1213" VPOS="2955" WIDTH="1155" HEIGHT="36">
						<String ID="P100_ST00359" HPOS="1213" VPOS="2970" WIDTH="129" HEIGHT="21" CONTENT="massen" SUBS_TYPE="HypPart2" SUBS_CONTENT="gewissermassen" WC="1.00" CC="000000"/>
						<SP ID="P100_SP00314" HPOS="1342" VPOS="2991" WIDTH="19"/>
						<String ID="P100_ST00360" HPOS="1361" VPOS="2956" WIDTH="56" HEIGHT="35" CONTENT="der" WC="0.97" CC="024"/>
						<SP ID="P100_SP00315" HPOS="1417" VPOS="2991" WIDTH="18"/>
						<String ID="P100_ST00361" HPOS="1435" VPOS="2955" WIDTH="223" HEIGHT="36" CONTENT="französische" WC="1.00" CC="020000000370"/>
						<SP ID="P100_SP00316" HPOS="1658" VPOS="2991" WIDTH="19"/>
						<String ID="P100_ST00362" HPOS="1677" VPOS="2960" WIDTH="166" HEIGHT="31" CONTENT="Vertreter" WC="0.99" CC="026013006"/>
						<SP ID="P100_SP00317" HPOS="1843" VPOS="2991" WIDTH="14"/>
						<String ID="P100_ST00363" HPOS="1857" VPOS="2956" WIDTH="57" HEIGHT="35" CONTENT="der" WC="0.97" CC="016"/>
						<SP ID="P100_SP00318" HPOS="1914" VPOS="2991" WIDTH="18"/>
						<String ID="P100_ST00364" HPOS="1932" VPOS="2956" WIDTH="298" HEIGHT="35" CONTENT="Brotherhood." WC="0.94" CC="030000000003"/>
						<SP ID="P100_SP00319" HPOS="2230" VPOS="2991" WIDTH="42"/>
						<String ID="P100_ST00365" HPOS="2272" VPOS="2956" WIDTH="96" HEIGHT="34" CONTENT="Seine" WC="1.00" CC="01002"/>
					</TextLine>
					<TextLine ID="P100_TL00047" HPOS="1215" VPOS="3008" WIDTH="1153" HEIGHT="41">
						<String ID="P100_ST00366" HPOS="1215" VPOS="3012" WIDTH="168" HEIGHT="31" CONTENT="Nuancen" WC="0.99" CC="0773000"/>
						<SP ID="P100_SP00320" HPOS="1383" VPOS="3043" WIDTH="36"/>
						<String ID="P100_ST00367" HPOS="1419" VPOS="3009" WIDTH="74" HEIGHT="35" CONTENT="sind" WC="1.00" CC="0000"/>
						<SP ID="P100_SP00321" HPOS="1493" VPOS="3044" WIDTH="41"/>
						<String ID="P100_ST00368" HPOS="1534" VPOS="3014" WIDTH="104" HEIGHT="29" CONTENT="süsser" WC="0.99" CC="003004"/>
						<SP ID="P100_SP00322" HPOS="1638" VPOS="3044" WIDTH="36"/>
						<String ID="P100_ST00369" HPOS="1674" VPOS="3008" WIDTH="122" HEIGHT="41" CONTENT="Friede," WC="0.99" CC="5501000"/>
						<SP ID="P100_SP00323" HPOS="1796" VPOS="3049" WIDTH="30"/>
						<String ID="P100_ST00370" HPOS="1826" VPOS="3008" WIDTH="268" HEIGHT="36" CONTENT="schmeichelnde" WC="1.00" CC="6100300026090"/>
						<SP ID="P100_SP00324" HPOS="2094" VPOS="3049" WIDTH="37"/>
						<String ID="P100_ST00371" HPOS="2131" VPOS="3008" WIDTH="237" HEIGHT="35" CONTENT="Frauenhände" WC="1.00" CC="06060000200"/>
					</TextLine>
					<TextLine ID="P100_TL00048" HPOS="1215" VPOS="3060" WIDTH="1152" HEIGHT="41">
						<String ID="P100_ST00372" HPOS="1215" VPOS="3060" WIDTH="64" HEIGHT="36" CONTENT="auf" WC="0.95" CC="077"/>
						<SP ID="P100_SP00325" HPOS="1279" VPOS="3096" WIDTH="9"/>
						<String ID="P100_ST00373" HPOS="1288" VPOS="3061" WIDTH="211" HEIGHT="35" CONTENT="träumender" WC="1.00" CC="0000032004"/>
						<SP ID="P100_SP00326" HPOS="1499" VPOS="3096" WIDTH="8"/>
						<String ID="P100_ST00374" HPOS="1507" VPOS="3063" WIDTH="115" HEIGHT="33" CONTENT="Stirne." WC="0.99" CC="0051003"/>
						<SP ID="P100_SP00327" HPOS="1622" VPOS="3096" WIDTH="32"/>
						<String ID="P100_ST00375" HPOS="1654" VPOS="3064" WIDTH="39" HEIGHT="31" CONTENT="In" WC="0.94" CC="10"/>
						<SP ID="P100_SP00328" HPOS="1693" VPOS="3096" WIDTH="12"/>
						<String ID="P100_ST00376" HPOS="1705" VPOS="3062" WIDTH="113" HEIGHT="34" CONTENT="seinen" WC="0.99" CC="340004"/>
						<SP ID="P100_SP00329" HPOS="1818" VPOS="3096" WIDTH="12"/>
						<String ID="P100_ST00377" HPOS="1830" VPOS="3062" WIDTH="157" HEIGHT="34" CONTENT="Portraits" WC="0.75" CC="655040000"/>
						<SP ID="P100_SP00330" HPOS="1987" VPOS="3096" WIDTH="12"/>
						<String ID="P100_ST00378" HPOS="1999" VPOS="3061" WIDTH="59" HEIGHT="35" CONTENT="hat" WC="1.00" CC="000"/>
						<SP ID="P100_SP00331" HPOS="2058" VPOS="3096" WIDTH="15"/>
						<String ID="P100_ST00379" HPOS="2073" VPOS="3074" WIDTH="33" HEIGHT="22" CONTENT="er" WC="0.71" CC="05"/>
						<SP ID="P100_SP00332" HPOS="2106" VPOS="3096" WIDTH="11"/>
						<String ID="P100_ST00380" HPOS="2117" VPOS="3075" WIDTH="30" HEIGHT="20" CONTENT="es" WC="0.94" CC="10"/>
						<SP ID="P100_SP00333" HPOS="2147" VPOS="3096" WIDTH="12"/>
						<String ID="P100_ST00381" HPOS="2159" VPOS="3060" WIDTH="208" HEIGHT="41" CONTENT="verstanden," WC="0.99" CC="03500900400"/>
					</TextLine>
					<TextLine ID="P100_TL00049" HPOS="1215" VPOS="3112" WIDTH="1153" HEIGHT="49">
						<String ID="P100_ST00382" HPOS="1215" VPOS="3114" WIDTH="200" HEIGHT="47" CONTENT="verborgene" WC="0.99" CC="0037050201"/>
						<SP ID="P100_SP00334" HPOS="1415" VPOS="3161" WIDTH="29"/>
						<String ID="P100_ST00383" HPOS="1444" VPOS="3114" WIDTH="114" HEIGHT="35" CONTENT="Seelen" WC="0.99" CC="032004"/>
						<SP ID="P100_SP00335" HPOS="1558" VPOS="3161" WIDTH="27"/>
						<String ID="P100_ST00384" HPOS="1585" VPOS="3128" WIDTH="41" HEIGHT="21" CONTENT="zu" WC="0.66" CC="06"/>
						<SP ID="P100_SP00336" HPOS="1626" VPOS="3161" WIDTH="28"/>
						<String ID="P100_ST00385" HPOS="1654" VPOS="3112" WIDTH="182" HEIGHT="37" CONTENT="entziffern." WC="0.99" CC="00005331531"/>
						<SP ID="P100_SP00337" HPOS="1836" VPOS="3161" WIDTH="50"/>
						<String ID="P100_ST00386" HPOS="1886" VPOS="3114" WIDTH="316" HEIGHT="35" CONTENT="Bewundernswert" WC="1.00" CC="50070000300440"/>
						<SP ID="P100_SP00338" HPOS="2202" VPOS="3161" WIDTH="27"/>
						<String ID="P100_ST00387" HPOS="2229" VPOS="3115" WIDTH="42" HEIGHT="34" CONTENT="ist" WC="0.97" CC="060"/>
						<SP ID="P100_SP00339" HPOS="2271" VPOS="3161" WIDTH="27"/>
						<String ID="P100_ST00388" HPOS="2298" VPOS="3114" WIDTH="70" HEIGHT="33" CONTENT="das" WC="1.00" CC="000"/>
					</TextLine>
					<TextLine ID="P100_TL00050" HPOS="1215" VPOS="3165" WIDTH="1154" HEIGHT="42">
						<String ID="P100_ST00389" HPOS="1215" VPOS="3167" WIDTH="206" HEIGHT="34" CONTENT="Mädchen" WC="1.00" CC="0000700"/>
						<SP ID="P100_SP00340" HPOS="1421" VPOS="3201" WIDTH="23"/>
						<String ID="P100_ST00390" HPOS="1444" VPOS="3168" WIDTH="75" HEIGHT="33" CONTENT="mit" WC="1.00" CC="000"/>
						<SP ID="P100_SP00341" HPOS="1519" VPOS="3201" WIDTH="26"/>
						<String ID="P100_ST00391" HPOS="1545" VPOS="3167" WIDTH="88" HEIGHT="34" CONTENT="dem" WC="1.00" CC="000"/>
						<SP ID="P100_SP00342" HPOS="1633" VPOS="3201" WIDTH="23"/>
						<String ID="P100_ST00392" HPOS="1656" VPOS="3165" WIDTH="116" HEIGHT="36" CONTENT="Pfau:" WC="0.98" CC="40065"/>
						<SP ID="P100_SP00343" HPOS="1772" VPOS="3201" WIDTH="29"/>
						<String ID="P100_ST00393" HPOS="1801" VPOS="3168" WIDTH="36" HEIGHT="33" CONTENT="in" WC="0.40" CC="65"/>
						<SP ID="P100_SP00344" HPOS="1837" VPOS="3201" WIDTH="23"/>
						<String ID="P100_ST00394" HPOS="1860" VPOS="3168" WIDTH="110" HEIGHT="33" CONTENT="einem" WC="1.00" CC="02010"/>
						<SP ID="P100_SP00345" HPOS="1970" VPOS="3201" WIDTH="17"/>
						<String ID="P100_ST00395" HPOS="1987" VPOS="3166" WIDTH="69" HEIGHT="35" CONTENT="Bad" WC="0.98" CC="600"/>
						<SP ID="P100_SP00346" HPOS="2056" VPOS="3201" WIDTH="20"/>
						<String ID="P100_ST00396" HPOS="2076" VPOS="3181" WIDTH="70" HEIGHT="21" CONTENT="von" WC="1.00" CC="000"/>
						<SP ID="P100_SP00347" HPOS="2146" VPOS="3202" WIDTH="18"/>
						<String ID="P100_ST00397" HPOS="2164" VPOS="3170" WIDTH="124" HEIGHT="37" CONTENT="Sonne," WC="0.99" CC="010344"/>
						<SP ID="P100_SP00348" HPOS="2288" VPOS="3207" WIDTH="24"/>
						<String ID="P100_ST00398" HPOS="2312" VPOS="3166" WIDTH="57" HEIGHT="34" CONTENT="der" WC="1.00" CC="000"/>
					</TextLine>
					<TextLine ID="P100_TL00051" HPOS="1215" VPOS="3218" WIDTH="1154" HEIGHT="50">
						<String ID="P100_ST00399" HPOS="1215" VPOS="3218" WIDTH="224" HEIGHT="50" CONTENT="Wettkampf" WC="1.00" CC="000007000"/>
						<SP ID="P100_SP00349" HPOS="1439" VPOS="3268" WIDTH="17"/>
						<String ID="P100_ST00400" HPOS="1456" VPOS="3233" WIDTH="61" HEIGHT="21" CONTENT="um" WC="0.63" CC="70"/>
						<SP ID="P100_SP00350" HPOS="1517" VPOS="3268" WIDTH="20"/>
						<String ID="P100_ST00401" HPOS="1537" VPOS="3219" WIDTH="52" HEIGHT="35" CONTENT="die" WC="1.00" CC="000"/>
						<SP ID="P100_SP00351" HPOS="1589" VPOS="3268" WIDTH="19"/>
						<String ID="P100_ST00402" HPOS="1608" VPOS="3220" WIDTH="184" HEIGHT="34" CONTENT="Schönheit" WC="1.00" CC="000020020"/>
						<SP ID="P100_SP00352" HPOS="1792" VPOS="3268" WIDTH="19"/>
						<String ID="P100_ST00403" HPOS="1811" VPOS="3220" WIDTH="168" HEIGHT="34" CONTENT="zwischen" WC="1.00" CC="00100001"/>
						<SP ID="P100_SP00353" HPOS="1979" VPOS="3268" WIDTH="18"/>
						<String ID="P100_ST00404" HPOS="1997" VPOS="3219" WIDTH="58" HEIGHT="35" CONTENT="der" WC="0.97" CC="035"/>
						<SP ID="P100_SP00354" HPOS="2055" VPOS="3268" WIDTH="22"/>
						<String ID="P100_ST00405" HPOS="2077" VPOS="3219" WIDTH="169" HEIGHT="49" CONTENT="goldenen" WC="1.00" CC="00400010"/>
						<SP ID="P100_SP00355" HPOS="2246" VPOS="3268" WIDTH="17"/>
						<String ID="P100_ST00406" HPOS="2263" VPOS="3222" WIDTH="85" HEIGHT="45" CONTENT="Jung" SUBS_TYPE="HypPart1" SUBS_CONTENT="Jungfrau" WC="0.98" CC="0700"/>
						<HYP HPOS="2348" VPOS="3222" WIDTH="21" CONTENT="-"/>
					</TextLine>
					<TextLine ID="P100_TL00052" HPOS="1217" VPOS="3270" WIDTH="648" HEIGHT="50">
						<String ID="P100_ST00407" HPOS="1217" VPOS="3270" WIDTH="74" HEIGHT="36" CONTENT="frau" SUBS_TYPE="HypPart2" SUBS_CONTENT="Jungfrau" WC="0.98" CC="0307"/>
						<SP ID="P100_SP00356" HPOS="1291" VPOS="3306" WIDTH="19"/>
						<String ID="P100_ST00408" HPOS="1310" VPOS="3272" WIDTH="71" HEIGHT="33" CONTENT="und" WC="1.00" CC="000"/>
						<SP ID="P100_SP00357" HPOS="1381" VPOS="3306" WIDTH="21"/>
						<String ID="P100_ST00409" HPOS="1402" VPOS="3271" WIDTH="76" HEIGHT="36" CONTENT="dem" WC="1.00" CC="000"/>
						<SP ID="P100_SP00358" HPOS="1478" VPOS="3307" WIDTH="17"/>
						<String ID="P100_ST00410" HPOS="1495" VPOS="3271" WIDTH="236" HEIGHT="36" CONTENT="himmlischen" WC="1.00" CC="03005640000"/>
						<SP ID="P100_SP00359" HPOS="1731" VPOS="3307" WIDTH="14"/>
						<String ID="P100_ST00411" HPOS="1745" VPOS="3272" WIDTH="120" HEIGHT="48" CONTENT="Vogel." WC="0.99" CC="000340"/>
					</TextLine>
					<TextLine ID="P100_TL00053" HPOS="1295" VPOS="3323" WIDTH="1073" HEIGHT="49">
						<String ID="P100_ST00412" HPOS="1295" VPOS="3323" WIDTH="109" HEIGHT="35" CONTENT="Ueber" WC="0.66" CC="60550"/>
						<SP ID="P100_SP00360" HPOS="1404" VPOS="3358" WIDTH="7"/>
						<String ID="P100_ST00413" HPOS="1411" VPOS="3337" WIDTH="115" HEIGHT="21" CONTENT="unsere" WC="0.98" CC="730075"/>
						<SP ID="P100_SP00361" HPOS="1526" VPOS="3358" WIDTH="9"/>
						<String ID="P100_ST00414" HPOS="1535" VPOS="3337" WIDTH="109" HEIGHT="35" CONTENT="grosse" WC="0.99" CC="060003"/>
						<SP ID="P100_SP00362" HPOS="1644" VPOS="3372" WIDTH="7"/>
						<String ID="P100_ST00415" HPOS="1651" VPOS="3323" WIDTH="366" HEIGHT="49" CONTENT="Landschaftergruppe" WC="1.00" CC="000010700204070000"/>
						<SP ID="P100_SP00363" HPOS="2017" VPOS="3372" WIDTH="10"/>
						<String ID="P100_ST00416" HPOS="2027" VPOS="3337" WIDTH="63" HEIGHT="21" CONTENT="nur" WC="0.98" CC="400"/>
						<SP ID="P100_SP00364" HPOS="2090" VPOS="3372" WIDTH="8"/>
						<String ID="P100_ST00417" HPOS="2098" VPOS="3325" WIDTH="135" HEIGHT="47" CONTENT="wenige" WC="0.88" CC="004100"/>
						<SP ID="P100_SP00365" HPOS="2233" VPOS="3372" WIDTH="0"/>
						<String ID="P100_ST00418" HPOS="2233" VPOS="3325" WIDTH="135" HEIGHT="47" CONTENT="Worte." WC="0.88" CC="520000"/>
					</TextLine>
					<TextLine ID="P100_TL00054" HPOS="1220" VPOS="3375" WIDTH="1148" HEIGHT="50">
						<String ID="P100_ST00419" HPOS="1220" VPOS="3375" WIDTH="159" HEIGHT="35" CONTENT="Chudant" WC="0.94" CC="0000030"/>
						<SP ID="P100_SP00366" HPOS="1379" VPOS="3410" WIDTH="13"/>
						<String ID="P100_ST00420" HPOS="1392" VPOS="3377" WIDTH="149" HEIGHT="34" CONTENT="zeichnet" WC="1.00" CC="00200220"/>
						<SP ID="P100_SP00367" HPOS="1541" VPOS="3411" WIDTH="15"/>
						<String ID="P100_ST00421" HPOS="1556" VPOS="3376" WIDTH="206" HEIGHT="49" CONTENT="punktiertes" WC="1.00" CC="00000303002"/>
						<SP ID="P100_SP00368" HPOS="1762" VPOS="3425" WIDTH="16"/>
						<String ID="P100_ST00422" HPOS="1778" VPOS="3377" WIDTH="96" HEIGHT="35" CONTENT="Licht" WC="1.00" CC="03000"/>
						<SP ID="P100_SP00369" HPOS="1874" VPOS="3425" WIDTH="14"/>
						<String ID="P100_ST00423" HPOS="1888" VPOS="3378" WIDTH="36" HEIGHT="33" CONTENT="in" WC="1.00" CC="00"/>
						<SP ID="P100_SP00370" HPOS="1924" VPOS="3425" WIDTH="15"/>
						<String ID="P100_ST00424" HPOS="1939" VPOS="3382" WIDTH="121" HEIGHT="43" CONTENT="grüner" WC="0.99" CC="050026"/>
						<SP ID="P100_SP00371" HPOS="2060" VPOS="3425" WIDTH="9"/>
						<String ID="P100_ST00425" HPOS="2069" VPOS="3377" WIDTH="127" HEIGHT="34" CONTENT="Nacht." WC="1.00" CC="000000"/>
						<SP ID="P100_SP00372" HPOS="2196" VPOS="3425" WIDTH="26"/>
						<String ID="P100_ST00426" HPOS="2222" VPOS="3380" WIDTH="146" HEIGHT="45" CONTENT="Georges" WC="0.99" CC="0004050"/>
					</TextLine>
					<TextLine ID="P100_TL00055" HPOS="1220" VPOS="3429" WIDTH="1150" HEIGHT="48">
						<String ID="P100_ST00427" HPOS="1220" VPOS="3429" WIDTH="155" HEIGHT="39" CONTENT="Griveau," WC="0.77" CC="00000764"/>
						<SP ID="P100_SP00373" HPOS="1375" VPOS="3468" WIDTH="17"/>
						<String ID="P100_ST00428" HPOS="1392" VPOS="3429" WIDTH="55" HEIGHT="33" CONTENT="der" WC="1.00" CC="000"/>
						<SP ID="P100_SP00374" HPOS="1447" VPOS="3468" WIDTH="15"/>
						<String ID="P100_ST00429" HPOS="1462" VPOS="3429" WIDTH="69" HEIGHT="34" CONTENT="sich" WC="0.99" CC="0300"/>
						<SP ID="P100_SP00375" HPOS="1531" VPOS="3468" WIDTH="15"/>
						<String ID="P100_ST00430" HPOS="1546" VPOS="3443" WIDTH="83" HEIGHT="34" CONTENT="ganz" WC="0.98" CC="0710"/>
						<SP ID="P100_SP00376" HPOS="1629" VPOS="3477" WIDTH="14"/>
						<String ID="P100_ST00431" HPOS="1643" VPOS="3431" WIDTH="36" HEIGHT="33" CONTENT="in" WC="0.60" CC="34"/>
						<SP ID="P100_SP00377" HPOS="1679" VPOS="3477" WIDTH="14"/>
						<String ID="P100_ST00432" HPOS="1693" VPOS="3430" WIDTH="56" HEIGHT="34" CONTENT="der" WC="0.97" CC="035"/>
						<SP ID="P100_SP00378" HPOS="1749" VPOS="3477" WIDTH="14"/>
						<String ID="P100_ST00433" HPOS="1763" VPOS="3431" WIDTH="132" HEIGHT="34" CONTENT="Manier" WC="0.98" CC="090246"/>
						<SP ID="P100_SP00379" HPOS="1895" VPOS="3477" WIDTH="15"/>
						<String ID="P100_ST00434" HPOS="1910" VPOS="3430" WIDTH="56" HEIGHT="34" CONTENT="der" WC="0.98" CC="005"/>
						<SP ID="P100_SP00380" HPOS="1966" VPOS="3477" WIDTH="14"/>
						<String ID="P100_ST00435" HPOS="1980" VPOS="3429" WIDTH="120" HEIGHT="35" CONTENT="Schule" WC="0.99" CC="020700"/>
						<SP ID="P100_SP00381" HPOS="2100" VPOS="3477" WIDTH="15"/>
						<String ID="P100_ST00436" HPOS="2115" VPOS="3442" WIDTH="69" HEIGHT="22" CONTENT="von" WC="1.00" CC="000"/>
						<SP ID="P100_SP00382" HPOS="2184" VPOS="3477" WIDTH="8"/>
						<String ID="P100_ST00437" HPOS="2192" VPOS="3430" WIDTH="159" HEIGHT="34" CONTENT="Fontaine" SUBS_TYPE="HypPart1" SUBS_CONTENT="Fontainebleau" WC="0.99" CC="30007540"/>
						<HYP HPOS="2351" VPOS="3430" WIDTH="19" CONTENT="-"/>
					</TextLine>
					<TextLine ID="P100_TL00056" HPOS="1219" VPOS="3480" WIDTH="1151" HEIGHT="50">
						<String ID="P100_ST00438" HPOS="1219" VPOS="3480" WIDTH="97" HEIGHT="35" CONTENT="bleau" SUBS_TYPE="HypPart2" SUBS_CONTENT="Fontainebleau" WC="0.96" CC="63096"/>
						<SP ID="P100_SP00383" HPOS="1316" VPOS="3515" WIDTH="19"/>
						<String ID="P100_ST00439" HPOS="1335" VPOS="3481" WIDTH="82" HEIGHT="41" CONTENT="hält," WC="0.98" CC="70400"/>
						<SP ID="P100_SP00384" HPOS="1417" VPOS="3522" WIDTH="25"/>
						<String ID="P100_ST00440" HPOS="1442" VPOS="3482" WIDTH="138" HEIGHT="34" CONTENT="erreicht" WC="0.99" CC="34532500"/>
						<SP ID="P100_SP00385" HPOS="1580" VPOS="3522" WIDTH="21"/>
						<String ID="P100_ST00441" HPOS="1601" VPOS="3483" WIDTH="62" HEIGHT="33" CONTENT="mit" WC="0.99" CC="021"/>
						<SP ID="P100_SP00386" HPOS="1663" VPOS="3522" WIDTH="25"/>
						<String ID="P100_ST00442" HPOS="1688" VPOS="3482" WIDTH="124" HEIGHT="41" CONTENT="feinen," WC="0.99" CC="6035200"/>
						<SP ID="P100_SP00387" HPOS="1812" VPOS="3523" WIDTH="27"/>
						<String ID="P100_ST00443" HPOS="1839" VPOS="3482" WIDTH="164" HEIGHT="48" CONTENT="molligen" WC="0.99" CC="01233030"/>
						<SP ID="P100_SP00388" HPOS="2003" VPOS="3530" WIDTH="19"/>
						<String ID="P100_ST00444" HPOS="2022" VPOS="3485" WIDTH="120" HEIGHT="31" CONTENT="Tönen" WC="1.00" CC="00000"/>
						<SP ID="P100_SP00389" HPOS="2142" VPOS="3530" WIDTH="24"/>
						<String ID="P100_ST00445" HPOS="2166" VPOS="3482" WIDTH="204" HEIGHT="48" CONTENT="ergreifende" WC="1.00" CC="20060100000"/>
					</TextLine>
					<TextLine ID="P100_TL00057" HPOS="1220" VPOS="3532" WIDTH="1149" HEIGHT="50">
						<String ID="P100_ST00446" HPOS="1220" VPOS="3532" WIDTH="351" HEIGHT="38" CONTENT="Dunkelheitseffecte." WC="1.00" CC="0600420000042200314"/>
						<SP ID="P100_SP00390" HPOS="1571" VPOS="3570" WIDTH="37"/>
						<String ID="P100_ST00447" HPOS="1608" VPOS="3535" WIDTH="64" HEIGHT="34" CONTENT="Die" WC="0.99" CC="020"/>
						<SP ID="P100_SP00391" HPOS="1672" VPOS="3570" WIDTH="18"/>
						<String ID="P100_ST00448" HPOS="1690" VPOS="3536" WIDTH="125" HEIGHT="34" CONTENT="weiten" WC="1.00" CC="000000"/>
						<SP ID="P100_SP00392" HPOS="1815" VPOS="3570" WIDTH="19"/>
						<String ID="P100_ST00449" HPOS="1834" VPOS="3537" WIDTH="122" HEIGHT="33" CONTENT="Fernen" WC="0.98" CC="535010"/>
						<SP ID="P100_SP00393" HPOS="1956" VPOS="3570" WIDTH="19"/>
						<String ID="P100_ST00450" HPOS="1975" VPOS="3548" WIDTH="69" HEIGHT="22" CONTENT="von" WC="0.96" CC="054"/>
						<SP ID="P100_SP00394" HPOS="2044" VPOS="3570" WIDTH="18"/>
						<String ID="P100_ST00451" HPOS="2062" VPOS="3537" WIDTH="84" HEIGHT="45" CONTENT="Eug." WC="0.67" CC="3701"/>
						<SP ID="P100_SP00395" HPOS="2146" VPOS="3582" WIDTH="18"/>
						<String ID="P100_ST00452" HPOS="2164" VPOS="3534" WIDTH="101" HEIGHT="47" CONTENT="Clary" WC="0.61" CC="21960"/>
						<SP ID="P100_SP00396" HPOS="2265" VPOS="3582" WIDTH="21"/>
						<String ID="P100_ST00453" HPOS="2286" VPOS="3537" WIDTH="83" HEIGHT="42" CONTENT="(Les" WC="1.00" CC="0000"/>
					</TextLine>
					<TextLine ID="P100_TL00058" HPOS="1220" VPOS="3586" WIDTH="1150" HEIGHT="49">
						<String ID="P100_ST00454" HPOS="1220" VPOS="3587" WIDTH="167" HEIGHT="44" CONTENT="Nasses)" WC="1.00" CC="0030000"/>
						<SP ID="P100_SP00397" HPOS="1387" VPOS="3631" WIDTH="19"/>
						<String ID="P100_ST00455" HPOS="1406" VPOS="3587" WIDTH="62" HEIGHT="32" CONTENT="mit" WC="0.97" CC="042"/>
						<SP ID="P100_SP00398" HPOS="1468" VPOS="3631" WIDTH="18"/>
						<String ID="P100_ST00456" HPOS="1486" VPOS="3587" WIDTH="106" HEIGHT="34" CONTENT="ihrem" WC="0.98" CC="16510"/>
						<SP ID="P100_SP00399" HPOS="1592" VPOS="3631" WIDTH="19"/>
						<String ID="P100_ST00457" HPOS="1611" VPOS="3586" WIDTH="228" HEIGHT="49" CONTENT="perlenfeinen" WC="0.99" CC="006535600000"/>
						<SP ID="P100_SP00400" HPOS="1839" VPOS="3635" WIDTH="17"/>
						<String ID="P100_ST00458" HPOS="1856" VPOS="3587" WIDTH="164" HEIGHT="41" CONTENT="Himmel," WC="0.99" CC="4200240"/>
						<SP ID="P100_SP00401" HPOS="2020" VPOS="3635" WIDTH="25"/>
						<String ID="P100_ST00459" HPOS="2045" VPOS="3601" WIDTH="85" HEIGHT="34" CONTENT="ganz" WC="1.00" CC="0000"/>
						<SP ID="P100_SP00402" HPOS="2130" VPOS="3635" WIDTH="19"/>
						<String ID="P100_ST00460" HPOS="2149" VPOS="3600" WIDTH="65" HEIGHT="27" CONTENT="„en" WC="0.78" CC="600"/>
						<SP ID="P100_SP00403" HPOS="2214" VPOS="3635" WIDTH="19"/>
						<String ID="P100_ST00461" HPOS="2233" VPOS="3586" WIDTH="137" HEIGHT="36" CONTENT="frottis“" WC="0.85" CC="05200300"/>
					</TextLine>
					<TextLine ID="P100_TL00059" HPOS="1221" VPOS="3637" WIDTH="991" HEIGHT="47">
						<String ID="P100_ST00462" HPOS="1221" VPOS="3637" WIDTH="135" HEIGHT="47" CONTENT="gemalt," WC="0.99" CC="0007004"/>
						<SP ID="P100_SP00404" HPOS="1356" VPOS="3684" WIDTH="20"/>
						<String ID="P100_ST00463" HPOS="1376" VPOS="3639" WIDTH="152" HEIGHT="34" CONTENT="erinnern" WC="0.99" CC="05200074"/>
						<SP ID="P100_SP00405" HPOS="1528" VPOS="3684" WIDTH="19"/>
						<String ID="P100_ST00464" HPOS="1547" VPOS="3652" WIDTH="43" HEIGHT="21" CONTENT="an" WC="1.00" CC="00"/>
						<SP ID="P100_SP00406" HPOS="1590" VPOS="3684" WIDTH="18"/>
						<String ID="P100_ST00465" HPOS="1608" VPOS="3639" WIDTH="53" HEIGHT="35" CONTENT="die" WC="1.00" CC="000"/>
						<SP ID="P100_SP00407" HPOS="1661" VPOS="3684" WIDTH="11"/>
						<String ID="P100_ST00466" HPOS="1672" VPOS="3640" WIDTH="197" HEIGHT="35" CONTENT="Weichheit" WC="1.00" CC="003000000"/>
						<SP ID="P100_SP00408" HPOS="1869" VPOS="3684" WIDTH="19"/>
						<String ID="P100_ST00467" HPOS="1888" VPOS="3640" WIDTH="54" HEIGHT="35" CONTENT="des" WC="0.99" CC="003"/>
						<SP ID="P100_SP00409" HPOS="1942" VPOS="3684" WIDTH="20"/>
						<String ID="P100_ST00468" HPOS="1962" VPOS="3640" WIDTH="123" HEIGHT="35" CONTENT="älteren" WC="0.99" CC="0300505"/>
						<SP ID="P100_SP00410" HPOS="2085" VPOS="3684" WIDTH="19"/>
						<String ID="P100_ST00469" HPOS="2104" VPOS="3641" WIDTH="108" HEIGHT="34" CONTENT="Puvis." WC="0.57" CC="760614"/>
					</TextLine>
					<TextLine ID="P100_TL00060" HPOS="1300" VPOS="3689" WIDTH="1070" HEIGHT="51">
						<String ID="P100_ST00470" HPOS="1300" VPOS="3690" WIDTH="203" HEIGHT="35" CONTENT="Montenard" WC="0.95" CC="000000040"/>
						<SP ID="P100_SP00411" HPOS="1503" VPOS="3725" WIDTH="19"/>
						<String ID="P100_ST00471" HPOS="1522" VPOS="3689" WIDTH="133" HEIGHT="51" CONTENT="kämpft" WC="1.00" CC="000000"/>
						<SP ID="P100_SP00412" HPOS="1655" VPOS="3740" WIDTH="17"/>
						<String ID="P100_ST00472" HPOS="1672" VPOS="3693" WIDTH="63" HEIGHT="33" CONTENT="mit" WC="0.98" CC="050"/>
						<SP ID="P100_SP00413" HPOS="1735" VPOS="3740" WIDTH="19"/>
						<String ID="P100_ST00473" HPOS="1754" VPOS="3692" WIDTH="76" HEIGHT="35" CONTENT="dem" WC="1.00" CC="000"/>
						<SP ID="P100_SP00414" HPOS="1830" VPOS="3740" WIDTH="20"/>
						<String ID="P100_ST00474" HPOS="1850" VPOS="3693" WIDTH="128" HEIGHT="39" CONTENT="Lichte," WC="0.99" CC="0006020"/>
						<SP ID="P100_SP00415" HPOS="1978" VPOS="3740" WIDTH="25"/>
						<String ID="P100_ST00475" HPOS="2003" VPOS="3694" WIDTH="61" HEIGHT="33" CONTENT="mit" WC="1.00" CC="000"/>
						<SP ID="P100_SP00416" HPOS="2064" VPOS="3740" WIDTH="19"/>
						<String ID="P100_ST00476" HPOS="2083" VPOS="3692" WIDTH="56" HEIGHT="35" CONTENT="der" WC="0.97" CC="006"/>
						<SP ID="P100_SP00417" HPOS="2139" VPOS="3740" WIDTH="18"/>
						<String ID="P100_ST00477" HPOS="2157" VPOS="3692" WIDTH="213" HEIGHT="35" CONTENT="brennenden" WC="0.99" CC="7500020020"/>
					</TextLine>
					<TextLine ID="P100_TL00061" HPOS="1222" VPOS="3742" WIDTH="1149" HEIGHT="51">
						<String ID="P100_ST00478" HPOS="1222" VPOS="3744" WIDTH="111" HEIGHT="32" CONTENT="Sonne" WC="1.00" CC="00300"/>
						<SP ID="P100_SP00418" HPOS="1333" VPOS="3776" WIDTH="19"/>
						<String ID="P100_ST00479" HPOS="1352" VPOS="3742" WIDTH="54" HEIGHT="35" CONTENT="des" WC="1.00" CC="000"/>
						<SP ID="P100_SP00419" HPOS="1406" VPOS="3777" WIDTH="20"/>
						<String ID="P100_ST00480" HPOS="1426" VPOS="3742" WIDTH="136" HEIGHT="37" CONTENT="Südens." WC="1.00" CC="0000004"/>
						<SP ID="P100_SP00420" HPOS="1562" VPOS="3779" WIDTH="46"/>
						<String ID="P100_ST00481" HPOS="1608" VPOS="3747" WIDTH="41" HEIGHT="32" CONTENT="Er" WC="0.52" CC="53"/>
						<SP ID="P100_SP00421" HPOS="1649" VPOS="3779" WIDTH="18"/>
						<String ID="P100_ST00482" HPOS="1667" VPOS="3744" WIDTH="58" HEIGHT="35" CONTENT="hat" WC="0.95" CC="660"/>
						<SP ID="P100_SP00422" HPOS="1725" VPOS="3779" WIDTH="18"/>
						<String ID="P100_ST00483" HPOS="1743" VPOS="3746" WIDTH="287" HEIGHT="47" CONTENT="gewissermassen" WC="0.90" CC="02000203002020"/>
						<SP ID="P100_SP00423" HPOS="2030" VPOS="3793" WIDTH="25"/>
						<String ID="P100_ST00484" HPOS="2055" VPOS="3745" WIDTH="57" HEIGHT="36" CONTENT="das" WC="0.99" CC="002"/>
						<SP ID="P100_SP00424" HPOS="2112" VPOS="3793" WIDTH="19"/>
						<String ID="P100_ST00485" HPOS="2131" VPOS="3746" WIDTH="240" HEIGHT="47" CONTENT="„europäische" WC="1.00" CC="226200021000"/>
					</TextLine>
				</TextBlock>
				<TextBlock ID="P100_TB00003" HPOS="2464" VPOS="633" WIDTH="1153" HEIGHT="3160" STYLEREFS="TXT_1 PAR_BLOCK">
					<TextLine ID="P100_TL00062" HPOS="2466" VPOS="633" WIDTH="1137" HEIGHT="52">
						<String ID="P100_ST00486" HPOS="2466" VPOS="639" WIDTH="123" HEIGHT="46" CONTENT="Auge“" WC="0.96" CC="47708"/>
						<SP ID="P100_SP00425" HPOS="2589" VPOS="685" WIDTH="14"/>
						<String ID="P100_ST00487" HPOS="2603" VPOS="636" WIDTH="35" HEIGHT="34" CONTENT="in" WC="0.67" CC="32"/>
						<SP ID="P100_SP00426" HPOS="2638" VPOS="685" WIDTH="19"/>
						<String ID="P100_ST00488" HPOS="2657" VPOS="635" WIDTH="73" HEIGHT="35" CONTENT="sich" WC="0.97" CC="3207"/>
						<SP ID="P100_SP00427" HPOS="2730" VPOS="685" WIDTH="19"/>
						<String ID="P100_ST00489" HPOS="2749" VPOS="639" WIDTH="146" HEIGHT="35" CONTENT="zerstört," WC="0.98" CC="006427574"/>
						<SP ID="P100_SP00428" HPOS="2895" VPOS="685" WIDTH="20"/>
						<String ID="P100_ST00490" HPOS="2915" VPOS="646" WIDTH="60" HEIGHT="22" CONTENT="um" WC="0.65" CC="60"/>
						<SP ID="P100_SP00429" HPOS="2975" VPOS="685" WIDTH="16"/>
						<String ID="P100_ST00491" HPOS="2991" VPOS="633" WIDTH="205" HEIGHT="35" CONTENT="afrikanisch" WC="0.99" CC="67621713207"/>
						<SP ID="P100_SP00430" HPOS="3196" VPOS="685" WIDTH="18"/>
						<String ID="P100_ST00492" HPOS="3214" VPOS="647" WIDTH="41" HEIGHT="22" CONTENT="zu" WC="0.73" CC="05"/>
						<SP ID="P100_SP00431" HPOS="3255" VPOS="685" WIDTH="18"/>
						<String ID="P100_ST00493" HPOS="3273" VPOS="635" WIDTH="96" HEIGHT="46" CONTENT="sehn;" WC="0.99" CC="00008"/>
						<SP ID="P100_SP00432" HPOS="3369" VPOS="685" WIDTH="20"/>
						<String ID="P100_ST00494" HPOS="3389" VPOS="651" WIDTH="32" HEIGHT="21" CONTENT="er" WC="0.84" CC="03"/>
						<SP ID="P100_SP00433" HPOS="3421" VPOS="685" WIDTH="13"/>
						<String ID="P100_ST00495" HPOS="3434" VPOS="640" WIDTH="107" HEIGHT="39" CONTENT="erfasst" WC="0.98" CC="0667224"/>
						<SP ID="P100_SP00434" HPOS="3541" VPOS="685" WIDTH="15"/>
						<String ID="P100_ST00496" HPOS="3556" VPOS="647" WIDTH="47" HEIGHT="37" CONTENT="die" WC="0.96" CC="341"/>
					</TextLine>
					<TextLine ID="P100_TL00063" HPOS="2465" VPOS="686" WIDTH="1139" HEIGHT="48">
						<String ID="P100_ST00497" HPOS="2465" VPOS="690" WIDTH="223" HEIGHT="36" CONTENT="Vibrationen" WC="0.99" CC="60406730010"/>
						<SP ID="P100_SP00435" HPOS="2688" VPOS="726" WIDTH="31"/>
						<String ID="P100_ST00498" HPOS="2719" VPOS="687" WIDTH="54" HEIGHT="35" CONTENT="des" WC="0.97" CC="700"/>
						<SP ID="P100_SP00436" HPOS="2773" VPOS="726" WIDTH="29"/>
						<String ID="P100_ST00499" HPOS="2802" VPOS="687" WIDTH="148" HEIGHT="40" CONTENT="Lichtes," WC="0.99" CC="03000144"/>
						<SP ID="P100_SP00437" HPOS="2950" VPOS="727" WIDTH="37"/>
						<String ID="P100_ST00500" HPOS="2987" VPOS="686" WIDTH="192" HEIGHT="36" CONTENT="überrascht" WC="1.00" CC="0702003200"/>
						<SP ID="P100_SP00438" HPOS="3179" VPOS="727" WIDTH="32"/>
						<String ID="P100_ST00501" HPOS="3211" VPOS="687" WIDTH="64" HEIGHT="35" CONTENT="den" WC="0.97" CC="024"/>
						<SP ID="P100_SP00439" HPOS="3275" VPOS="727" WIDTH="27"/>
						<String ID="P100_ST00502" HPOS="3302" VPOS="689" WIDTH="141" HEIGHT="37" CONTENT="Schauer" WC="0.99" CC="0105714"/>
						<SP ID="P100_SP00440" HPOS="3443" VPOS="727" WIDTH="26"/>
						<String ID="P100_ST00503" HPOS="3469" VPOS="694" WIDTH="53" HEIGHT="36" CONTENT="der" WC="0.97" CC="006"/>
						<SP ID="P100_SP00441" HPOS="3522" VPOS="730" WIDTH="26"/>
						<String ID="P100_ST00504" HPOS="3548" VPOS="701" WIDTH="38" HEIGHT="33" CONTENT="At" SUBS_TYPE="HypPart1" SUBS_CONTENT="Atmosphäre." WC="0.97" CC="50"/>
						<HYP HPOS="3586" VPOS="701" WIDTH="18" CONTENT="-"/>
					</TextLine>
					<TextLine ID="P100_TL00064" HPOS="2467" VPOS="739" WIDTH="1136" HEIGHT="52">
						<String ID="P100_ST00505" HPOS="2467" VPOS="743" WIDTH="187" HEIGHT="48" CONTENT="mosphäre." SUBS_TYPE="HypPart2" SUBS_CONTENT="Atmosphäre." WC="0.99" CC="100306603"/>
						<SP ID="P100_SP00442" HPOS="2654" VPOS="791" WIDTH="46"/>
						<String ID="P100_ST00506" HPOS="2700" VPOS="741" WIDTH="96" HEIGHT="34" CONTENT="Seine" WC="0.99" CC="01060"/>
						<SP ID="P100_SP00443" HPOS="2796" VPOS="791" WIDTH="28"/>
						<String ID="P100_ST00507" HPOS="2824" VPOS="740" WIDTH="140" HEIGHT="34" CONTENT="meisten" WC="1.00" CC="0020000"/>
						<SP ID="P100_SP00444" HPOS="2964" VPOS="791" WIDTH="29"/>
						<String ID="P100_ST00508" HPOS="2993" VPOS="740" WIDTH="269" HEIGHT="34" CONTENT="chromatischen" WC="1.00" CC="0021060400000"/>
						<SP ID="P100_SP00445" HPOS="3262" VPOS="791" WIDTH="19"/>
						<String ID="P100_ST00509" HPOS="3281" VPOS="739" WIDTH="122" HEIGHT="38" CONTENT="Effecte" WC="1.00" CC="1600000"/>
						<SP ID="P100_SP00446" HPOS="3403" VPOS="791" WIDTH="24"/>
						<String ID="P100_ST00510" HPOS="3427" VPOS="748" WIDTH="129" HEIGHT="37" CONTENT="erreicht" WC="0.99" CC="06610070"/>
						<SP ID="P100_SP00447" HPOS="3556" VPOS="791" WIDTH="18"/>
						<String ID="P100_ST00511" HPOS="3574" VPOS="767" WIDTH="29" HEIGHT="21" CONTENT="er" WC="0.68" CC="06"/>
					</TextLine>
					<TextLine ID="P100_TL00065" HPOS="2467" VPOS="791" WIDTH="1137" HEIGHT="50">
						<String ID="P100_ST00512" HPOS="2467" VPOS="808" WIDTH="64" HEIGHT="22" CONTENT="nur" WC="0.96" CC="064"/>
						<SP ID="P100_SP00448" HPOS="2531" VPOS="830" WIDTH="18"/>
						<String ID="P100_ST00513" HPOS="2549" VPOS="794" WIDTH="108" HEIGHT="36" CONTENT="durch" WC="0.98" CC="05600"/>
						<SP ID="P100_SP00449" HPOS="2657" VPOS="830" WIDTH="18"/>
						<String ID="P100_ST00514" HPOS="2675" VPOS="792" WIDTH="53" HEIGHT="35" CONTENT="die" WC="0.97" CC="700"/>
						<SP ID="P100_SP00450" HPOS="2728" VPOS="830" WIDTH="15"/>
						<String ID="P100_ST00515" HPOS="2743" VPOS="792" WIDTH="94" HEIGHT="36" CONTENT="Scala" WC="0.99" CC="00610"/>
						<SP ID="P100_SP00451" HPOS="2837" VPOS="830" WIDTH="16"/>
						<String ID="P100_ST00516" HPOS="2853" VPOS="792" WIDTH="57" HEIGHT="35" CONTENT="der" WC="0.94" CC="905"/>
						<SP ID="P100_SP00452" HPOS="2910" VPOS="830" WIDTH="13"/>
						<String ID="P100_ST00517" HPOS="2923" VPOS="791" WIDTH="112" HEIGHT="36" CONTENT="hellen" WC="1.00" CC="002000"/>
						<SP ID="P100_SP00453" HPOS="3035" VPOS="830" WIDTH="14"/>
						<String ID="P100_ST00518" HPOS="3049" VPOS="792" WIDTH="141" HEIGHT="45" CONTENT="Farben;" WC="0.99" CC="5046001"/>
						<SP ID="P100_SP00454" HPOS="3190" VPOS="837" WIDTH="21"/>
						<String ID="P100_ST00519" HPOS="3211" VPOS="792" WIDTH="53" HEIGHT="35" CONTENT="die" WC="0.95" CC="940"/>
						<SP ID="P100_SP00455" HPOS="3264" VPOS="837" WIDTH="15"/>
						<String ID="P100_ST00520" HPOS="3279" VPOS="793" WIDTH="138" HEIGHT="37" CONTENT="silberne" WC="1.00" CC="04000001"/>
						<SP ID="P100_SP00456" HPOS="3417" VPOS="837" WIDTH="14"/>
						<String ID="P100_ST00521" HPOS="3431" VPOS="799" WIDTH="173" HEIGHT="42" CONTENT="Harmonie" WC="0.98" CC="15551530"/>
					</TextLine>
					<TextLine ID="P100_TL00066" HPOS="2467" VPOS="846" WIDTH="1138" HEIGHT="47">
						<String ID="P100_ST00522" HPOS="2467" VPOS="848" WIDTH="56" HEIGHT="35" CONTENT="des" WC="0.98" CC="310"/>
						<SP ID="P100_SP00457" HPOS="2523" VPOS="883" WIDTH="19"/>
						<String ID="P100_ST00523" HPOS="2542" VPOS="848" WIDTH="113" HEIGHT="34" CONTENT="reinen" WC="0.99" CC="506000"/>
						<SP ID="P100_SP00458" HPOS="2655" VPOS="883" WIDTH="15"/>
						<String ID="P100_ST00524" HPOS="2670" VPOS="846" WIDTH="125" HEIGHT="35" CONTENT="Weiss." WC="0.87" CC="030004"/>
						<SP ID="P100_SP00459" HPOS="2795" VPOS="883" WIDTH="33"/>
						<String ID="P100_ST00525" HPOS="2828" VPOS="846" WIDTH="112" HEIGHT="33" CONTENT="Dieses" WC="0.99" CC="400500"/>
						<SP ID="P100_SP00460" HPOS="2940" VPOS="883" WIDTH="14"/>
						<String ID="P100_ST00526" HPOS="2954" VPOS="846" WIDTH="77" HEIGHT="44" CONTENT="Jahr" WC="0.96" CC="5076"/>
						<SP ID="P100_SP00461" HPOS="3031" VPOS="890" WIDTH="18"/>
						<String ID="P100_ST00527" HPOS="3049" VPOS="846" WIDTH="43" HEIGHT="33" CONTENT="ist" WC="1.00" CC="010"/>
						<SP ID="P100_SP00462" HPOS="3092" VPOS="890" WIDTH="14"/>
						<String ID="P100_ST00528" HPOS="3106" VPOS="858" WIDTH="33" HEIGHT="21" CONTENT="er" WC="0.68" CC="15"/>
						<SP ID="P100_SP00463" HPOS="3139" VPOS="890" WIDTH="19"/>
						<String ID="P100_ST00529" HPOS="3158" VPOS="846" WIDTH="36" HEIGHT="33" CONTENT="in" WC="0.80" CC="40"/>
						<SP ID="P100_SP00464" HPOS="3194" VPOS="890" WIDTH="14"/>
						<String ID="P100_ST00530" HPOS="3208" VPOS="846" WIDTH="113" HEIGHT="34" CONTENT="seinen" WC="1.00" CC="000050"/>
						<SP ID="P100_SP00465" HPOS="3321" VPOS="890" WIDTH="18"/>
						<String ID="P100_ST00531" HPOS="3339" VPOS="846" WIDTH="131" HEIGHT="39" CONTENT="kleinen" WC="0.99" CC="2220003"/>
						<SP ID="P100_SP00466" HPOS="3470" VPOS="890" WIDTH="13"/>
						<String ID="P100_ST00532" HPOS="3483" VPOS="853" WIDTH="122" HEIGHT="40" CONTENT="Bildern" WC="1.00" CC="0030000"/>
					</TextLine>
					<TextLine ID="P100_TL00067" HPOS="2467" VPOS="898" WIDTH="1138" HEIGHT="50">
						<String ID="P100_ST00533" HPOS="2467" VPOS="900" WIDTH="58" HEIGHT="35" CONTENT="der" WC="0.95" CC="705"/>
						<SP ID="P100_SP00467" HPOS="2525" VPOS="935" WIDTH="14"/>
						<String ID="P100_ST00534" HPOS="2539" VPOS="903" WIDTH="178" HEIGHT="35" CONTENT="Provence," WC="1.00" CC="620000021"/>
						<SP ID="P100_SP00468" HPOS="2717" VPOS="938" WIDTH="20"/>
						<String ID="P100_ST00535" HPOS="2737" VPOS="898" WIDTH="95" HEIGHT="35" CONTENT="mehr" WC="0.98" CC="0072"/>
						<SP ID="P100_SP00469" HPOS="2832" VPOS="938" WIDTH="17"/>
						<String ID="P100_ST00536" HPOS="2849" VPOS="898" WIDTH="92" HEIGHT="34" CONTENT="noch" WC="0.99" CC="0030"/>
						<SP ID="P100_SP00470" HPOS="2941" VPOS="938" WIDTH="19"/>
						<String ID="P100_ST00537" HPOS="2960" VPOS="898" WIDTH="46" HEIGHT="34" CONTENT="als" WC="0.98" CC="032"/>
						<SP ID="P100_SP00471" HPOS="3006" VPOS="938" WIDTH="20"/>
						<String ID="P100_ST00538" HPOS="3026" VPOS="898" WIDTH="36" HEIGHT="34" CONTENT="in" WC="0.93" CC="10"/>
						<SP ID="P100_SP00472" HPOS="3062" VPOS="938" WIDTH="13"/>
						<String ID="P100_ST00539" HPOS="3075" VPOS="898" WIDTH="126" HEIGHT="34" CONTENT="seinem" WC="1.00" CC="302000"/>
						<SP ID="P100_SP00473" HPOS="3201" VPOS="938" WIDTH="14"/>
						<String ID="P100_ST00540" HPOS="3215" VPOS="900" WIDTH="208" HEIGHT="48" CONTENT="vorjährigen" WC="0.99" CC="00559064300"/>
						<SP ID="P100_SP00474" HPOS="3423" VPOS="948" WIDTH="14"/>
						<String ID="P100_ST00541" HPOS="3437" VPOS="901" WIDTH="168" HEIGHT="44" CONTENT="officiellen" WC="0.82" CC="36000203200"/>
					</TextLine>
					<TextLine ID="P100_TL00068" HPOS="2467" VPOS="949" WIDTH="932" HEIGHT="43">
						<String ID="P100_ST00542" HPOS="2467" VPOS="950" WIDTH="352" HEIGHT="42" CONTENT="Decorationswerke," WC="0.81" CC="42005004003430030"/>
						<SP ID="P100_SP00475" HPOS="2819" VPOS="992" WIDTH="19"/>
						<String ID="P100_ST00543" HPOS="2838" VPOS="951" WIDTH="106" HEIGHT="34" CONTENT="seiner" WC="0.99" CC="003006"/>
						<SP ID="P100_SP00476" HPOS="2944" VPOS="992" WIDTH="18"/>
						<String ID="P100_ST00544" HPOS="2962" VPOS="949" WIDTH="153" HEIGHT="36" CONTENT="Technik" WC="1.00" CC="0220030"/>
						<SP ID="P100_SP00477" HPOS="3115" VPOS="992" WIDTH="20"/>
						<String ID="P100_ST00545" HPOS="3135" VPOS="950" WIDTH="132" HEIGHT="35" CONTENT="absolut" WC="0.98" CC="0720338"/>
						<SP ID="P100_SP00478" HPOS="3267" VPOS="992" WIDTH="18"/>
						<String ID="P100_ST00546" HPOS="3285" VPOS="952" WIDTH="114" HEIGHT="36" CONTENT="sicher." WC="0.99" CC="0047050"/>
					</TextLine>
					<TextLine ID="P100_TL00069" HPOS="2547" VPOS="1002" WIDTH="1058" HEIGHT="54">
						<String ID="P100_ST00547" HPOS="2547" VPOS="1006" WIDTH="129" HEIGHT="34" CONTENT="Cazins" WC="0.79" CC="000551"/>
						<SP ID="P100_SP00479" HPOS="2676" VPOS="1040" WIDTH="19"/>
						<String ID="P100_ST00548" HPOS="2695" VPOS="1004" WIDTH="146" HEIGHT="47" CONTENT="traurige" WC="0.99" CC="00063300"/>
						<SP ID="P100_SP00480" HPOS="2841" VPOS="1051" WIDTH="18"/>
						<String ID="P100_ST00549" HPOS="2859" VPOS="1002" WIDTH="267" HEIGHT="36" CONTENT="Dämmerbilder" WC="0.99" CC="500005702706"/>
						<SP ID="P100_SP00481" HPOS="3126" VPOS="1051" WIDTH="25"/>
						<String ID="P100_ST00550" HPOS="3151" VPOS="1002" WIDTH="120" HEIGHT="36" CONTENT="fesseln" WC="0.98" CC="6220334"/>
						<SP ID="P100_SP00482" HPOS="3271" VPOS="1051" WIDTH="25"/>
						<String ID="P100_ST00551" HPOS="3296" VPOS="1004" WIDTH="105" HEIGHT="36" CONTENT="durch" WC="0.97" CC="06607"/>
						<SP ID="P100_SP00483" HPOS="3401" VPOS="1051" WIDTH="18"/>
						<String ID="P100_ST00552" HPOS="3419" VPOS="1007" WIDTH="66" HEIGHT="35" CONTENT="ihre" WC="0.99" CC="0050"/>
						<SP ID="P100_SP00484" HPOS="3485" VPOS="1051" WIDTH="20"/>
						<String ID="P100_ST00553" HPOS="3505" VPOS="1023" WIDTH="84" HEIGHT="33" CONTENT="gross" SUBS_TYPE="HypPart1" SUBS_CONTENT="grossartige" WC="0.98" CC="86400"/>
						<HYP HPOS="3589" VPOS="1023" WIDTH="16" CONTENT="-"/>
					</TextLine>
					<TextLine ID="P100_TL00070" HPOS="2467" VPOS="1055" WIDTH="1139" HEIGHT="51">
						<String ID="P100_ST00554" HPOS="2467" VPOS="1058" WIDTH="103" HEIGHT="48" CONTENT="artige" SUBS_TYPE="HypPart2" SUBS_CONTENT="grossartige" WC="0.99" CC="700500"/>
						<SP ID="P100_SP00485" HPOS="2570" VPOS="1106" WIDTH="19"/>
						<String ID="P100_ST00555" HPOS="2589" VPOS="1056" WIDTH="241" HEIGHT="40" CONTENT="Melancholie," WC="1.00" CC="000702000304"/>
						<SP ID="P100_SP00486" HPOS="2830" VPOS="1106" WIDTH="20"/>
						<String ID="P100_ST00556" HPOS="2850" VPOS="1055" WIDTH="107" HEIGHT="36" CONTENT="durch" WC="0.98" CC="06500"/>
						<SP ID="P100_SP00487" HPOS="2957" VPOS="1106" WIDTH="18"/>
						<String ID="P100_ST00557" HPOS="2975" VPOS="1056" WIDTH="54" HEIGHT="35" CONTENT="die" WC="0.98" CC="030"/>
						<SP ID="P100_SP00488" HPOS="3029" VPOS="1106" WIDTH="19"/>
						<String ID="P100_ST00558" HPOS="3048" VPOS="1056" WIDTH="202" HEIGHT="48" CONTENT="verborgene" WC="1.00" CC="0036000000"/>
						<SP ID="P100_SP00489" HPOS="3250" VPOS="1106" WIDTH="19"/>
						<String ID="P100_ST00559" HPOS="3269" VPOS="1057" WIDTH="181" HEIGHT="36" CONTENT="Schönheit" WC="0.99" CC="027617030"/>
						<SP ID="P100_SP00490" HPOS="3450" VPOS="1106" WIDTH="22"/>
						<String ID="P100_ST00560" HPOS="3472" VPOS="1063" WIDTH="66" HEIGHT="33" CONTENT="und" WC="0.97" CC="700"/>
						<SP ID="P100_SP00491" HPOS="3538" VPOS="1106" WIDTH="18"/>
						<String ID="P100_ST00561" HPOS="3556" VPOS="1067" WIDTH="34" HEIGHT="33" CONTENT="In" SUBS_TYPE="HypPart1" SUBS_CONTENT="Intimität" WC="0.98" CC="00"/>
						<HYP HPOS="3590" VPOS="1067" WIDTH="16" CONTENT="-"/>
					</TextLine>
					<TextLine ID="P100_TL00071" HPOS="2467" VPOS="1108" WIDTH="1140" HEIGHT="51">
						<String ID="P100_ST00562" HPOS="2467" VPOS="1112" WIDTH="125" HEIGHT="33" CONTENT="timität" SUBS_TYPE="HypPart2" SUBS_CONTENT="Intimität" WC="1.00" CC="0303000"/>
						<SP ID="P100_SP00492" HPOS="2592" VPOS="1145" WIDTH="18"/>
						<String ID="P100_ST00563" HPOS="2610" VPOS="1109" WIDTH="183" HEIGHT="35" CONTENT="schlichten" WC="0.99" CC="0372100005"/>
						<SP ID="P100_SP00493" HPOS="2793" VPOS="1145" WIDTH="20"/>
						<String ID="P100_ST00564" HPOS="2813" VPOS="1109" WIDTH="138" HEIGHT="34" CONTENT="Lebens." WC="0.99" CC="0060043"/>
						<SP ID="P100_SP00494" HPOS="2951" VPOS="1145" WIDTH="37"/>
						<String ID="P100_ST00565" HPOS="2988" VPOS="1112" WIDTH="68" HEIGHT="31" CONTENT="Der" WC="0.98" CC="005"/>
						<SP ID="P100_SP00495" HPOS="3056" VPOS="1145" WIDTH="20"/>
						<String ID="P100_ST00566" HPOS="3076" VPOS="1108" WIDTH="105" HEIGHT="35" CONTENT="Glanz" WC="0.99" CC="02700"/>
						<SP ID="P100_SP00496" HPOS="3181" VPOS="1145" WIDTH="20"/>
						<String ID="P100_ST00567" HPOS="3201" VPOS="1109" WIDTH="56" HEIGHT="34" CONTENT="der" WC="0.96" CC="036"/>
						<SP ID="P100_SP00497" HPOS="3257" VPOS="1145" WIDTH="19"/>
						<String ID="P100_ST00568" HPOS="3276" VPOS="1110" WIDTH="235" HEIGHT="49" CONTENT="Stoppelfelder" WC="1.00" CC="0006602002004"/>
						<SP ID="P100_SP00498" HPOS="3511" VPOS="1159" WIDTH="16"/>
						<String ID="P100_ST00569" HPOS="3527" VPOS="1119" WIDTH="80" HEIGHT="35" CONTENT="nach" WC="0.96" CC="0747"/>
					</TextLine>
					<TextLine ID="P100_TL00072" HPOS="2467" VPOS="1161" WIDTH="1138" HEIGHT="50">
						<String ID="P100_ST00570" HPOS="2467" VPOS="1163" WIDTH="77" HEIGHT="35" CONTENT="dem" WC="0.98" CC="040"/>
						<SP ID="P100_SP00499" HPOS="2544" VPOS="1198" WIDTH="34"/>
						<String ID="P100_ST00571" HPOS="2578" VPOS="1166" WIDTH="132" HEIGHT="45" CONTENT="Regen," WC="0.99" CC="630000"/>
						<SP ID="P100_SP00500" HPOS="2710" VPOS="1211" WIDTH="35"/>
						<String ID="P100_ST00572" HPOS="2745" VPOS="1162" WIDTH="53" HEIGHT="35" CONTENT="die" WC="0.99" CC="010"/>
						<SP ID="P100_SP00501" HPOS="2798" VPOS="1211" WIDTH="33"/>
						<String ID="P100_ST00573" HPOS="2831" VPOS="1161" WIDTH="294" HEIGHT="35" CONTENT="nebelumhüllten" WC="1.00" CC="00602707043000"/>
						<SP ID="P100_SP00502" HPOS="3125" VPOS="1211" WIDTH="33"/>
						<String ID="P100_ST00574" HPOS="3158" VPOS="1162" WIDTH="243" HEIGHT="37" CONTENT="Landschaften" WC="1.00" CC="000000070050"/>
						<SP ID="P100_SP00503" HPOS="3401" VPOS="1211" WIDTH="33"/>
						<String ID="P100_ST00575" HPOS="3434" VPOS="1178" WIDTH="41" HEIGHT="21" CONTENT="an" WC="1.00" CC="00"/>
						<SP ID="P100_SP00504" HPOS="3475" VPOS="1211" WIDTH="30"/>
						<String ID="P100_ST00576" HPOS="3505" VPOS="1168" WIDTH="100" HEIGHT="38" CONTENT="stillen" WC="0.98" CC="3023244"/>
					</TextLine>
					<TextLine ID="P100_TL00073" HPOS="2465" VPOS="1213" WIDTH="1142" HEIGHT="51">
						<String ID="P100_ST00577" HPOS="2465" VPOS="1214" WIDTH="202" HEIGHT="41" CONTENT="Flussufern," WC="0.99" CC="60500765404"/>
						<SP ID="P100_SP00505" HPOS="2667" VPOS="1255" WIDTH="30"/>
						<String ID="P100_ST00578" HPOS="2697" VPOS="1213" WIDTH="177" HEIGHT="37" CONTENT="erwecken" WC="0.99" CC="05731200"/>
						<SP ID="P100_SP00506" HPOS="2874" VPOS="1255" WIDTH="24"/>
						<String ID="P100_ST00579" HPOS="2898" VPOS="1213" WIDTH="63" HEIGHT="36" CONTENT="alle" WC="0.99" CC="0240"/>
						<SP ID="P100_SP00507" HPOS="2961" VPOS="1255" WIDTH="25"/>
						<String ID="P100_ST00580" HPOS="2986" VPOS="1214" WIDTH="52" HEIGHT="35" CONTENT="die" WC="0.98" CC="040"/>
						<SP ID="P100_SP00508" HPOS="3038" VPOS="1255" WIDTH="26"/>
						<String ID="P100_ST00581" HPOS="3064" VPOS="1214" WIDTH="87" HEIGHT="35" CONTENT="selbe" WC="0.99" CC="02300"/>
						<SP ID="P100_SP00509" HPOS="3151" VPOS="1255" WIDTH="19"/>
						<String ID="P100_ST00582" HPOS="3170" VPOS="1215" WIDTH="202" HEIGHT="49" CONTENT="Stimmung." WC="0.99" CC="064006000"/>
						<SP ID="P100_SP00510" HPOS="3372" VPOS="1264" WIDTH="45"/>
						<String ID="P100_ST00583" HPOS="3417" VPOS="1218" WIDTH="61" HEIGHT="34" CONTENT="Ein" WC="0.99" CC="102"/>
						<SP ID="P100_SP00511" HPOS="3478" VPOS="1264" WIDTH="17"/>
						<String ID="P100_ST00584" HPOS="3495" VPOS="1222" WIDTH="112" HEIGHT="36" CONTENT="Bettler" WC="0.99" CC="0000406"/>
					</TextLine>
					<TextLine ID="P100_TL00074" HPOS="2467" VPOS="1265" WIDTH="1140" HEIGHT="44">
						<String ID="P100_ST00585" HPOS="2467" VPOS="1269" WIDTH="87" HEIGHT="35" CONTENT="zieht" WC="0.98" CC="04070"/>
						<SP ID="P100_SP00512" HPOS="2554" VPOS="1304" WIDTH="19"/>
						<String ID="P100_ST00586" HPOS="2573" VPOS="1267" WIDTH="127" HEIGHT="36" CONTENT="müden" WC="1.00" CC="00000"/>
						<SP ID="P100_SP00513" HPOS="2700" VPOS="1304" WIDTH="18"/>
						<String ID="P100_ST00587" HPOS="2718" VPOS="1268" WIDTH="157" HEIGHT="34" CONTENT="Schrittes" WC="1.00" CC="000100010"/>
						<SP ID="P100_SP00514" HPOS="2875" VPOS="1304" WIDTH="20"/>
						<String ID="P100_ST00588" HPOS="2895" VPOS="1265" WIDTH="66" HEIGHT="37" CONTENT="auf" WC="0.97" CC="070"/>
						<SP ID="P100_SP00515" HPOS="2961" VPOS="1304" WIDTH="13"/>
						<String ID="P100_ST00589" HPOS="2974" VPOS="1266" WIDTH="110" HEIGHT="36" CONTENT="ferner" WC="0.98" CC="723116"/>
						<SP ID="P100_SP00516" HPOS="3084" VPOS="1304" WIDTH="18"/>
						<String ID="P100_ST00590" HPOS="3102" VPOS="1270" WIDTH="122" HEIGHT="32" CONTENT="Strasse" WC="0.99" CC="0060012"/>
						<SP ID="P100_SP00517" HPOS="3224" VPOS="1304" WIDTH="20"/>
						<String ID="P100_ST00591" HPOS="3244" VPOS="1268" WIDTH="114" HEIGHT="41" CONTENT="dahin," WC="1.00" CC="000004"/>
						<SP ID="P100_SP00518" HPOS="3358" VPOS="1309" WIDTH="20"/>
						<String ID="P100_ST00592" HPOS="3378" VPOS="1270" WIDTH="68" HEIGHT="34" CONTENT="und" WC="0.98" CC="600"/>
						<SP ID="P100_SP00519" HPOS="3446" VPOS="1309" WIDTH="19"/>
						<String ID="P100_ST00593" HPOS="3465" VPOS="1270" WIDTH="51" HEIGHT="35" CONTENT="die" WC="0.99" CC="021"/>
						<SP ID="P100_SP00520" HPOS="3516" VPOS="1309" WIDTH="18"/>
						<String ID="P100_ST00594" HPOS="3534" VPOS="1275" WIDTH="55" HEIGHT="34" CONTENT="Ein" SUBS_TYPE="HypPart1" SUBS_CONTENT="Einsamkeit" WC="0.96" CC="436"/>
						<HYP HPOS="3589" VPOS="1275" WIDTH="18" CONTENT="-"/>
					</TextLine>
					<TextLine ID="P100_TL00075" HPOS="2467" VPOS="1319" WIDTH="1139" HEIGHT="50">
						<String ID="P100_ST00595" HPOS="2467" VPOS="1319" WIDTH="143" HEIGHT="37" CONTENT="samkeit" SUBS_TYPE="HypPart2" SUBS_CONTENT="Einsamkeit" WC="0.99" CC="0000550"/>
						<SP ID="P100_SP00521" HPOS="2610" VPOS="1356" WIDTH="32"/>
						<String ID="P100_ST00596" HPOS="2642" VPOS="1320" WIDTH="102" HEIGHT="35" CONTENT="dieses" WC="1.00" CC="024000"/>
						<SP ID="P100_SP00522" HPOS="2744" VPOS="1356" WIDTH="35"/>
						<String ID="P100_ST00597" HPOS="2779" VPOS="1319" WIDTH="186" HEIGHT="36" CONTENT="schlichten" WC="1.00" CC="5071000000"/>
						<SP ID="P100_SP00523" HPOS="2965" VPOS="1356" WIDTH="28"/>
						<String ID="P100_ST00598" HPOS="2993" VPOS="1322" WIDTH="142" HEIGHT="33" CONTENT="Mannes" WC="0.99" CC="170000"/>
						<SP ID="P100_SP00524" HPOS="3135" VPOS="1356" WIDTH="31"/>
						<String ID="P100_ST00599" HPOS="3166" VPOS="1319" WIDTH="134" HEIGHT="49" CONTENT="ergreift" WC="0.99" CC="15040000"/>
						<SP ID="P100_SP00525" HPOS="3300" VPOS="1368" WIDTH="30"/>
						<String ID="P100_ST00600" HPOS="3330" VPOS="1322" WIDTH="37" HEIGHT="34" CONTENT="in" WC="0.94" CC="10"/>
						<SP ID="P100_SP00526" HPOS="3367" VPOS="1368" WIDTH="30"/>
						<String ID="P100_ST00601" HPOS="3397" VPOS="1321" WIDTH="91" HEIGHT="36" CONTENT="tiefer" WC="1.00" CC="041000"/>
						<SP ID="P100_SP00527" HPOS="3488" VPOS="1368" WIDTH="26"/>
						<String ID="P100_ST00602" HPOS="3514" VPOS="1327" WIDTH="92" HEIGHT="42" CONTENT="Seele," WC="0.99" CC="002044"/>
					</TextLine>
					<TextLine ID="P100_TL00076" HPOS="2467" VPOS="1373" WIDTH="1140" HEIGHT="49">
						<String ID="P100_ST00603" HPOS="2467" VPOS="1374" WIDTH="111" HEIGHT="48" CONTENT="gleich" WC="1.00" CC="010200"/>
						<SP ID="P100_SP00528" HPOS="2578" VPOS="1422" WIDTH="19"/>
						<String ID="P100_ST00604" HPOS="2597" VPOS="1373" WIDTH="77" HEIGHT="35" CONTENT="dem" WC="0.99" CC="020"/>
						<SP ID="P100_SP00529" HPOS="2674" VPOS="1422" WIDTH="19"/>
						<String ID="P100_ST00605" HPOS="2693" VPOS="1380" WIDTH="128" HEIGHT="28" CONTENT="matten" WC="1.00" CC="000000"/>
						<SP ID="P100_SP00530" HPOS="2821" VPOS="1422" WIDTH="18"/>
						<String ID="P100_ST00606" HPOS="2839" VPOS="1375" WIDTH="324" HEIGHT="46" CONTENT="Sonnenuntergang" WC="1.00" CC="000620500030000"/>
						<SP ID="P100_SP00531" HPOS="3163" VPOS="1422" WIDTH="24"/>
						<String ID="P100_ST00607" HPOS="3187" VPOS="1373" WIDTH="111" HEIGHT="35" CONTENT="hinter" WC="0.99" CC="003015"/>
						<SP ID="P100_SP00532" HPOS="3298" VPOS="1422" WIDTH="18"/>
						<String ID="P100_ST00608" HPOS="3316" VPOS="1374" WIDTH="291" HEIGHT="42" CONTENT="herbstentlaubten" WC="1.00" CC="0207003100707013"/>
					</TextLine>
					<TextLine ID="P100_TL00077" HPOS="2466" VPOS="1430" WIDTH="160" HEIGHT="32">
						<String ID="P100_ST00609" HPOS="2466" VPOS="1430" WIDTH="160" HEIGHT="32" CONTENT="Bäumen." WC="0.99" CC="0040310"/>
					</TextLine>
					<TextLine ID="P100_TL00078" HPOS="2545" VPOS="1477" WIDTH="1065" HEIGHT="50">
						<String ID="P100_ST00610" HPOS="2545" VPOS="1479" WIDTH="63" HEIGHT="34" CONTENT="Die" WC="0.96" CC="340"/>
						<SP ID="P100_SP00533" HPOS="2608" VPOS="1513" WIDTH="15"/>
						<String ID="P100_ST00611" HPOS="2623" VPOS="1477" WIDTH="162" HEIGHT="50" CONTENT="Skulptur" WC="0.99" CC="00740046"/>
						<SP ID="P100_SP00534" HPOS="2785" VPOS="1527" WIDTH="18"/>
						<String ID="P100_ST00612" HPOS="2803" VPOS="1477" WIDTH="111" HEIGHT="49" CONTENT="bringt" WC="0.98" CC="740500"/>
						<SP ID="P100_SP00535" HPOS="2914" VPOS="1527" WIDTH="19"/>
						<String ID="P100_ST00613" HPOS="2933" VPOS="1479" WIDTH="35" HEIGHT="33" CONTENT="in" WC="0.84" CC="30"/>
						<SP ID="P100_SP00536" HPOS="2968" VPOS="1527" WIDTH="19"/>
						<String ID="P100_ST00614" HPOS="2987" VPOS="1477" WIDTH="120" HEIGHT="36" CONTENT="beiden" WC="1.00" CC="001000"/>
						<SP ID="P100_SP00537" HPOS="3107" VPOS="1527" WIDTH="15"/>
						<String ID="P100_ST00615" HPOS="3122" VPOS="1477" WIDTH="116" HEIGHT="37" CONTENT="Salons" WC="1.00" CC="003001"/>
						<SP ID="P100_SP00538" HPOS="3238" VPOS="1527" WIDTH="15"/>
						<String ID="P100_ST00616" HPOS="3253" VPOS="1479" WIDTH="115" HEIGHT="48" CONTENT="wenig" WC="0.99" CC="00050"/>
						<SP ID="P100_SP00539" HPOS="3368" VPOS="1527" WIDTH="13"/>
						<String ID="P100_ST00617" HPOS="3381" VPOS="1493" WIDTH="108" HEIGHT="23" CONTENT="neues." WC="0.99" CC="506020"/>
						<SP ID="P100_SP00540" HPOS="3489" VPOS="1527" WIDTH="27"/>
						<String ID="P100_ST00618" HPOS="3516" VPOS="1485" WIDTH="94" HEIGHT="34" CONTENT="Nach" WC="0.95" CC="5737"/>
					</TextLine>
					<TextLine ID="P100_TL00079" HPOS="2467" VPOS="1531" WIDTH="1143" HEIGHT="49">
						<String ID="P100_ST00619" HPOS="2467" VPOS="1531" WIDTH="78" HEIGHT="35" CONTENT="dem" WC="1.00" CC="000"/>
						<SP ID="P100_SP00541" HPOS="2545" VPOS="1566" WIDTH="28"/>
						<String ID="P100_ST00620" HPOS="2573" VPOS="1531" WIDTH="219" HEIGHT="48" CONTENT="ungeheuren" WC="0.99" CC="0700700211"/>
						<SP ID="P100_SP00542" HPOS="2792" VPOS="1579" WIDTH="28"/>
						<String ID="P100_ST00621" HPOS="2820" VPOS="1533" WIDTH="197" HEIGHT="47" CONTENT="Vorsprung" WC="0.99" CC="506102400"/>
						<SP ID="P100_SP00543" HPOS="3017" VPOS="1580" WIDTH="27"/>
						<String ID="P100_ST00622" HPOS="3044" VPOS="1531" WIDTH="56" HEIGHT="34" CONTENT="des" WC="0.99" CC="020"/>
						<SP ID="P100_SP00544" HPOS="3100" VPOS="1580" WIDTH="28"/>
						<String ID="P100_ST00623" HPOS="3128" VPOS="1531" WIDTH="120" HEIGHT="35" CONTENT="letzten" WC="1.00" CC="3400000"/>
						<SP ID="P100_SP00545" HPOS="3248" VPOS="1580" WIDTH="27"/>
						<String ID="P100_ST00624" HPOS="3275" VPOS="1532" WIDTH="109" HEIGHT="45" CONTENT="Jahres" WC="0.99" CC="470030"/>
						<SP ID="P100_SP00546" HPOS="3384" VPOS="1580" WIDTH="29"/>
						<String ID="P100_ST00625" HPOS="3413" VPOS="1534" WIDTH="122" HEIGHT="36" CONTENT="scheint" WC="0.99" CC="3301430"/>
						<SP ID="P100_SP00547" HPOS="3535" VPOS="1580" WIDTH="25"/>
						<String ID="P100_ST00626" HPOS="3560" VPOS="1538" WIDTH="50" HEIGHT="34" CONTENT="ein" WC="0.98" CC="130"/>
					</TextLine>
					<TextLine ID="P100_TL00080" HPOS="2467" VPOS="1583" WIDTH="1143" HEIGHT="50">
						<String ID="P100_ST00627" HPOS="2467" VPOS="1583" WIDTH="211" HEIGHT="50" CONTENT="Ruhepunkt" WC="0.99" CC="570006000"/>
						<SP ID="P100_SP00548" HPOS="2678" VPOS="1633" WIDTH="21"/>
						<String ID="P100_ST00628" HPOS="2699" VPOS="1585" WIDTH="202" HEIGHT="47" CONTENT="eingetreten" WC="1.00" CC="02002000020"/>
						<SP ID="P100_SP00549" HPOS="2901" VPOS="1633" WIDTH="18"/>
						<String ID="P100_ST00629" HPOS="2919" VPOS="1597" WIDTH="40" HEIGHT="21" CONTENT="zu" WC="0.67" CC="06"/>
						<SP ID="P100_SP00550" HPOS="2959" VPOS="1633" WIDTH="16"/>
						<String ID="P100_ST00630" HPOS="2975" VPOS="1585" WIDTH="80" HEIGHT="35" CONTENT="sein." WC="0.97" CC="22534"/>
						<SP ID="P100_SP00551" HPOS="3055" VPOS="1633" WIDTH="28"/>
						<String ID="P100_ST00631" HPOS="3083" VPOS="1583" WIDTH="115" HEIGHT="35" CONTENT="Rodin" WC="1.00" CC="00000"/>
						<SP ID="P100_SP00552" HPOS="3198" VPOS="1633" WIDTH="13"/>
						<String ID="P100_ST00632" HPOS="3211" VPOS="1585" WIDTH="59" HEIGHT="34" CONTENT="hat" WC="1.00" CC="000"/>
						<SP ID="P100_SP00553" HPOS="3270" VPOS="1633" WIDTH="10"/>
						<String ID="P100_ST00633" HPOS="3280" VPOS="1583" WIDTH="112" HEIGHT="50" CONTENT="Köpfe" WC="0.99" CC="30002"/>
						<SP ID="P100_SP00554" HPOS="3392" VPOS="1633" WIDTH="16"/>
						<String ID="P100_ST00634" HPOS="3408" VPOS="1586" WIDTH="34" HEIGHT="34" CONTENT="in" WC="1.00" CC="00"/>
						<SP ID="P100_SP00555" HPOS="3442" VPOS="1633" WIDTH="10"/>
						<String ID="P100_ST00635" HPOS="3452" VPOS="1589" WIDTH="136" HEIGHT="35" CONTENT="Marmor" SUBS_TYPE="HypPart1" SUBS_CONTENT="Marmorblöcken" WC="0.98" CC="876300"/>
						<HYP HPOS="3588" VPOS="1589" WIDTH="22" CONTENT="-"/>
					</TextLine>
					<TextLine ID="P100_TL00081" HPOS="2467" VPOS="1635" WIDTH="1143" HEIGHT="53">
						<String ID="P100_ST00636" HPOS="2467" VPOS="1636" WIDTH="145" HEIGHT="36" CONTENT="blöcken" SUBS_TYPE="HypPart2" SUBS_CONTENT="Marmorblöcken" WC="0.99" CC="6300000"/>
						<SP ID="P100_SP00556" HPOS="2612" VPOS="1672" WIDTH="28"/>
						<String ID="P100_ST00637" HPOS="2640" VPOS="1650" WIDTH="69" HEIGHT="21" CONTENT="von" WC="0.99" CC="010"/>
						<SP ID="P100_SP00557" HPOS="2709" VPOS="1672" WIDTH="28"/>
						<String ID="P100_ST00638" HPOS="2737" VPOS="1637" WIDTH="82" HEIGHT="34" CONTENT="alter" WC="0.99" CC="04003"/>
						<SP ID="P100_SP00558" HPOS="2819" VPOS="1672" WIDTH="26"/>
						<String ID="P100_ST00639" HPOS="2845" VPOS="1635" WIDTH="110" HEIGHT="37" CONTENT="Kraft." WC="0.98" CC="557003"/>
						<SP ID="P100_SP00559" HPOS="2955" VPOS="1672" WIDTH="54"/>
						<String ID="P100_ST00640" HPOS="3009" VPOS="1637" WIDTH="203" HEIGHT="34" CONTENT="Constantin" WC="0.87" CC="0000100640"/>
						<SP ID="P100_SP00560" HPOS="3212" VPOS="1672" WIDTH="29"/>
						<String ID="P100_ST00641" HPOS="3241" VPOS="1638" WIDTH="155" HEIGHT="34" CONTENT="Meunier" WC="0.63" CC="0165505"/>
						<SP ID="P100_SP00561" HPOS="3396" VPOS="1672" WIDTH="26"/>
						<String ID="P100_ST00642" HPOS="3422" VPOS="1638" WIDTH="105" HEIGHT="50" CONTENT="bringt" WC="0.99" CC="063000"/>
						<SP ID="P100_SP00562" HPOS="3527" VPOS="1688" WIDTH="26"/>
						<String ID="P100_ST00643" HPOS="3553" VPOS="1655" WIDTH="57" HEIGHT="22" CONTENT="nur" WC="0.96" CC="074"/>
					</TextLine>
					<TextLine ID="P100_TL00082" HPOS="2469" VPOS="1687" WIDTH="1141" HEIGHT="43">
						<String ID="P100_ST00644" HPOS="2469" VPOS="1690" WIDTH="111" HEIGHT="34" CONTENT="kleine" WC="1.00" CC="000000"/>
						<SP ID="P100_SP00563" HPOS="2580" VPOS="1724" WIDTH="19"/>
						<String ID="P100_ST00645" HPOS="2599" VPOS="1689" WIDTH="139" HEIGHT="41" CONTENT="Sachen," WC="0.99" CC="0027400"/>
						<SP ID="P100_SP00564" HPOS="2738" VPOS="1730" WIDTH="20"/>
						<String ID="P100_ST00646" HPOS="2758" VPOS="1687" WIDTH="190" HEIGHT="43" CONTENT="Entwürfe," WC="0.99" CC="400005004"/>
						<SP ID="P100_SP00565" HPOS="2948" VPOS="1730" WIDTH="20"/>
						<String ID="P100_ST00647" HPOS="2968" VPOS="1689" WIDTH="45" HEIGHT="34" CONTENT="als" WC="0.98" CC="013"/>
						<SP ID="P100_SP00566" HPOS="3013" VPOS="1730" WIDTH="21"/>
						<String ID="P100_ST00648" HPOS="3034" VPOS="1689" WIDTH="106" HEIGHT="35" CONTENT="wolle" WC="0.99" CC="00222"/>
						<SP ID="P100_SP00567" HPOS="3140" VPOS="1730" WIDTH="20"/>
						<String ID="P100_ST00649" HPOS="3160" VPOS="1703" WIDTH="33" HEIGHT="21" CONTENT="er" WC="0.71" CC="22"/>
						<SP ID="P100_SP00568" HPOS="3193" VPOS="1730" WIDTH="18"/>
						<String ID="P100_ST00650" HPOS="3211" VPOS="1689" WIDTH="73" HEIGHT="35" CONTENT="blos" WC="0.70" CC="7400"/>
						<SP ID="P100_SP00569" HPOS="3284" VPOS="1730" WIDTH="20"/>
						<String ID="P100_ST00651" HPOS="3304" VPOS="1691" WIDTH="87" HEIGHT="33" CONTENT="seine" WC="0.99" CC="40101"/>
						<SP ID="P100_SP00570" HPOS="3391" VPOS="1730" WIDTH="10"/>
						<String ID="P100_ST00652" HPOS="3401" VPOS="1692" WIDTH="209" HEIGHT="38" CONTENT="Visitenkarte" WC="1.00" CC="000000200400"/>
					</TextLine>
					<TextLine ID="P100_TL00083" HPOS="2470" VPOS="1740" WIDTH="1140" HEIGHT="50">
						<String ID="P100_ST00653" HPOS="2470" VPOS="1742" WIDTH="159" HEIGHT="48" CONTENT="abgeben." WC="0.99" CC="06006540"/>
						<SP ID="P100_SP00571" HPOS="2629" VPOS="1790" WIDTH="57"/>
						<String ID="P100_ST00654" HPOS="2686" VPOS="1745" WIDTH="136" HEIGHT="32" CONTENT="Grosses" WC="1.00" CC="0000000"/>
						<SP ID="P100_SP00572" HPOS="2822" VPOS="1790" WIDTH="24"/>
						<String ID="P100_ST00655" HPOS="2846" VPOS="1740" WIDTH="175" HEIGHT="37" CONTENT="Aufsehen" WC="0.99" CC="07030700"/>
						<SP ID="P100_SP00573" HPOS="3021" VPOS="1790" WIDTH="28"/>
						<String ID="P100_ST00656" HPOS="3049" VPOS="1750" WIDTH="105" HEIGHT="40" CONTENT="erregt" WC="0.99" CC="025000"/>
						<SP ID="P100_SP00574" HPOS="3154" VPOS="1790" WIDTH="28"/>
						<String ID="P100_ST00657" HPOS="3182" VPOS="1742" WIDTH="56" HEIGHT="35" CONTENT="das" WC="1.00" CC="000"/>
						<SP ID="P100_SP00575" HPOS="3238" VPOS="1790" WIDTH="26"/>
						<String ID="P100_ST00658" HPOS="3264" VPOS="1742" WIDTH="160" HEIGHT="35" CONTENT="Grabmal" WC="0.99" CC="0762004"/>
						<SP ID="P100_SP00576" HPOS="3424" VPOS="1790" WIDTH="26"/>
						<String ID="P100_ST00659" HPOS="3450" VPOS="1758" WIDTH="66" HEIGHT="22" CONTENT="von" WC="0.98" CC="040"/>
						<SP ID="P100_SP00577" HPOS="3516" VPOS="1790" WIDTH="23"/>
						<String ID="P100_ST00660" HPOS="3539" VPOS="1749" WIDTH="54" HEIGHT="32" CONTENT="Bar" SUBS_TYPE="HypPart1" SUBS_CONTENT="Bartholme" WC="0.98" CC="005"/>
						<HYP HPOS="3593" VPOS="1749" WIDTH="17" CONTENT="-"/>
					</TextLine>
					<TextLine ID="P100_TL00084" HPOS="2469" VPOS="1794" WIDTH="1143" HEIGHT="48">
						<String ID="P100_ST00661" HPOS="2469" VPOS="1795" WIDTH="129" HEIGHT="35" CONTENT="tholme" SUBS_TYPE="HypPart2" SUBS_CONTENT="Bartholme" WC="0.99" CC="070101"/>
						<SP ID="P100_SP00578" HPOS="2598" VPOS="1830" WIDTH="41"/>
						<String ID="P100_ST00662" HPOS="2639" VPOS="1797" WIDTH="139" HEIGHT="45" CONTENT="Projet" WC="0.99" CC="600400"/>
						<SP ID="P100_SP00579" HPOS="2778" VPOS="1842" WIDTH="42"/>
						<String ID="P100_ST00663" HPOS="2820" VPOS="1794" WIDTH="96" HEIGHT="35" CONTENT="d’un" WC="0.63" CC="0860"/>
						<SP ID="P100_SP00580" HPOS="2916" VPOS="1842" WIDTH="41"/>
						<String ID="P100_ST00664" HPOS="2957" VPOS="1803" WIDTH="242" HEIGHT="26" CONTENT="monument" WC="0.82" CC="05050300"/>
						<SP ID="P100_SP00581" HPOS="3199" VPOS="1842" WIDTH="42"/>
						<String ID="P100_ST00665" HPOS="3241" VPOS="1808" WIDTH="79" HEIGHT="21" CONTENT="aux" WC="0.47" CC="771"/>
						<SP ID="P100_SP00582" HPOS="3320" VPOS="1842" WIDTH="40"/>
						<String ID="P100_ST00666" HPOS="3360" VPOS="1804" WIDTH="142" HEIGHT="33" CONTENT="morts," WC="0.87" CC="024000"/>
						<SP ID="P100_SP00583" HPOS="3502" VPOS="1842" WIDTH="44"/>
						<String ID="P100_ST00667" HPOS="3546" VPOS="1800" WIDTH="66" HEIGHT="35" CONTENT="eine" WC="0.98" CC="0422"/>
					</TextLine>
					<TextLine ID="P100_TL00085" HPOS="2470" VPOS="1846" WIDTH="1140" HEIGHT="51">
						<String ID="P100_ST00668" HPOS="2470" VPOS="1847" WIDTH="225" HEIGHT="47" CONTENT="symbolische" WC="1.00" CC="06000120301"/>
						<SP ID="P100_SP00584" HPOS="2695" VPOS="1894" WIDTH="26"/>
						<String ID="P100_ST00669" HPOS="2721" VPOS="1847" WIDTH="215" HEIGHT="48" CONTENT="Darstellung" WC="0.99" CC="06400034670"/>
						<SP ID="P100_SP00585" HPOS="2936" VPOS="1895" WIDTH="26"/>
						<String ID="P100_ST00670" HPOS="2962" VPOS="1848" WIDTH="55" HEIGHT="34" CONTENT="des" WC="0.98" CC="050"/>
						<SP ID="P100_SP00586" HPOS="3017" VPOS="1895" WIDTH="24"/>
						<String ID="P100_ST00671" HPOS="3041" VPOS="1846" WIDTH="160" HEIGHT="51" CONTENT="Kampfes" WC="0.99" CC="0700600"/>
						<SP ID="P100_SP00587" HPOS="3201" VPOS="1897" WIDTH="26"/>
						<String ID="P100_ST00672" HPOS="3227" VPOS="1848" WIDTH="167" HEIGHT="35" CONTENT="zwischen" WC="0.99" CC="00753000"/>
						<SP ID="P100_SP00588" HPOS="3394" VPOS="1897" WIDTH="23"/>
						<String ID="P100_ST00673" HPOS="3417" VPOS="1849" WIDTH="106" HEIGHT="35" CONTENT="Leben" WC="0.98" CC="01715"/>
						<SP ID="P100_SP00589" HPOS="3523" VPOS="1897" WIDTH="25"/>
						<String ID="P100_ST00674" HPOS="3548" VPOS="1853" WIDTH="62" HEIGHT="34" CONTENT="und" WC="0.95" CC="660"/>
					</TextLine>
					<TextLine ID="P100_TL00086" HPOS="2470" VPOS="1900" WIDTH="147" HEIGHT="35">
						<String ID="P100_ST00675" HPOS="2470" VPOS="1900" WIDTH="147" HEIGHT="35" CONTENT="Sterben." WC="0.99" CC="00360423"/>
					</TextLine>
					<TextLine ID="P100_TL00087" HPOS="2547" VPOS="1952" WIDTH="1064" HEIGHT="50">
						<String ID="P100_ST00676" HPOS="2547" VPOS="1954" WIDTH="57" HEIGHT="33" CONTENT="Fix" WC="0.98" CC="500"/>
						<SP ID="P100_SP00590" HPOS="2604" VPOS="1987" WIDTH="14"/>
						<String ID="P100_ST00677" HPOS="2618" VPOS="1955" WIDTH="156" HEIGHT="32" CONTENT="Masseau" WC="0.79" CC="0050305"/>
						<SP ID="P100_SP00591" HPOS="2774" VPOS="1987" WIDTH="19"/>
						<String ID="P100_ST00678" HPOS="2793" VPOS="1953" WIDTH="41" HEIGHT="34" CONTENT="ist" WC="0.96" CC="036"/>
						<SP ID="P100_SP00592" HPOS="2834" VPOS="1987" WIDTH="21"/>
						<String ID="P100_ST00679" HPOS="2855" VPOS="1954" WIDTH="53" HEIGHT="33" CONTENT="ein" WC="0.99" CC="030"/>
						<SP ID="P100_SP00593" HPOS="2908" VPOS="1987" WIDTH="17"/>
						<String ID="P100_ST00680" HPOS="2925" VPOS="1956" WIDTH="120" HEIGHT="45" CONTENT="junger" WC="0.98" CC="050036"/>
						<SP ID="P100_SP00594" HPOS="3045" VPOS="2001" WIDTH="14"/>
						<String ID="P100_ST00681" HPOS="3059" VPOS="1953" WIDTH="169" HEIGHT="41" CONTENT="Künstler," WC="1.00" CC="000100330"/>
						<SP ID="P100_SP00595" HPOS="3228" VPOS="2001" WIDTH="21"/>
						<String ID="P100_ST00682" HPOS="3249" VPOS="1952" WIDTH="55" HEIGHT="35" CONTENT="der" WC="0.98" CC="006"/>
						<SP ID="P100_SP00596" HPOS="3304" VPOS="2001" WIDTH="19"/>
						<String ID="P100_ST00683" HPOS="3323" VPOS="1954" WIDTH="70" HEIGHT="34" CONTENT="sich" WC="0.98" CC="0307"/>
						<SP ID="P100_SP00597" HPOS="3393" VPOS="2001" WIDTH="19"/>
						<String ID="P100_ST00684" HPOS="3412" VPOS="1954" WIDTH="35" HEIGHT="34" CONTENT="in" WC="0.77" CC="30"/>
						<SP ID="P100_SP00598" HPOS="3447" VPOS="2001" WIDTH="17"/>
						<String ID="P100_ST00685" HPOS="3464" VPOS="1955" WIDTH="147" HEIGHT="47" CONTENT="wenigen" WC="0.99" CC="0443400"/>
					</TextLine>
					<TextLine ID="P100_TL00088" HPOS="2468" VPOS="2004" WIDTH="1139" HEIGHT="51">
						<String ID="P100_ST00686" HPOS="2468" VPOS="2006" WIDTH="120" HEIGHT="44" CONTENT="Jahren" WC="0.99" CC="007610"/>
						<SP ID="P100_SP00599" HPOS="2588" VPOS="2050" WIDTH="24"/>
						<String ID="P100_ST00687" HPOS="2612" VPOS="2006" WIDTH="106" HEIGHT="34" CONTENT="schon" WC="0.99" CC="40000"/>
						<SP ID="P100_SP00600" HPOS="2718" VPOS="2050" WIDTH="25"/>
						<String ID="P100_ST00688" HPOS="2743" VPOS="2018" WIDTH="57" HEIGHT="22" CONTENT="zur" WC="0.95" CC="065"/>
						<SP ID="P100_SP00601" HPOS="2800" VPOS="2050" WIDTH="21"/>
						<String ID="P100_ST00689" HPOS="2821" VPOS="2004" WIDTH="114" HEIGHT="36" CONTENT="vollen" WC="0.99" CC="004334"/>
						<SP ID="P100_SP00602" HPOS="2935" VPOS="2050" WIDTH="18"/>
						<String ID="P100_ST00690" HPOS="2953" VPOS="2004" WIDTH="255" HEIGHT="49" CONTENT="Anerkennung" WC="1.00" CC="00050000700"/>
						<SP ID="P100_SP00603" HPOS="3208" VPOS="2053" WIDTH="25"/>
						<String ID="P100_ST00691" HPOS="3233" VPOS="2006" WIDTH="291" HEIGHT="49" CONTENT="emporgearbeitet" WC="1.00" CC="000034103705600"/>
						<SP ID="P100_SP00604" HPOS="3524" VPOS="2055" WIDTH="24"/>
						<String ID="P100_ST00692" HPOS="3548" VPOS="2008" WIDTH="59" HEIGHT="34" CONTENT="hat." WC="0.98" CC="7000"/>
					</TextLine>
					<TextLine ID="P100_TL00089" HPOS="2470" VPOS="2058" WIDTH="1141" HEIGHT="49">
						<String ID="P100_ST00693" HPOS="2470" VPOS="2059" WIDTH="96" HEIGHT="34" CONTENT="Seine" WC="0.99" CC="02003"/>
						<SP ID="P100_SP00605" HPOS="2566" VPOS="2093" WIDTH="18"/>
						<String ID="P100_ST00694" HPOS="2584" VPOS="2059" WIDTH="194" HEIGHT="47" CONTENT="Emprise," WC="0.78" CC="40053004"/>
						<SP ID="P100_SP00606" HPOS="2778" VPOS="2106" WIDTH="20"/>
						<String ID="P100_ST00695" HPOS="2798" VPOS="2058" WIDTH="53" HEIGHT="34" CONTENT="die" WC="1.00" CC="000"/>
						<SP ID="P100_SP00607" HPOS="2851" VPOS="2106" WIDTH="20"/>
						<String ID="P100_ST00696" HPOS="2871" VPOS="2071" WIDTH="33" HEIGHT="22" CONTENT="er" WC="0.78" CC="22"/>
						<SP ID="P100_SP00608" HPOS="2904" VPOS="2106" WIDTH="19"/>
						<String ID="P100_ST00697" HPOS="2923" VPOS="2059" WIDTH="129" HEIGHT="47" CONTENT="voriges" WC="0.99" CC="0460030"/>
						<SP ID="P100_SP00609" HPOS="3052" VPOS="2106" WIDTH="13"/>
						<String ID="P100_ST00698" HPOS="3065" VPOS="2058" WIDTH="77" HEIGHT="45" CONTENT="Jahr" WC="0.97" CC="0671"/>
						<SP ID="P100_SP00610" HPOS="3142" VPOS="2106" WIDTH="18"/>
						<String ID="P100_ST00699" HPOS="3160" VPOS="2060" WIDTH="36" HEIGHT="33" CONTENT="in" WC="0.82" CC="12"/>
						<SP ID="P100_SP00611" HPOS="3196" VPOS="2106" WIDTH="15"/>
						<String ID="P100_ST00700" HPOS="3211" VPOS="2060" WIDTH="81" HEIGHT="47" CONTENT="Gips" WC="0.99" CC="0201"/>
						<SP ID="P100_SP00612" HPOS="3292" VPOS="2107" WIDTH="21"/>
						<String ID="P100_ST00701" HPOS="3313" VPOS="2059" WIDTH="188" HEIGHT="48" CONTENT="ausgestellt" WC="0.99" CC="97200000340"/>
						<SP ID="P100_SP00613" HPOS="3501" VPOS="2107" WIDTH="17"/>
						<String ID="P100_ST00702" HPOS="3518" VPOS="2060" WIDTH="93" HEIGHT="40" CONTENT="hatte," WC="0.99" CC="060014"/>
					</TextLine>
					<TextLine ID="P100_TL00090" HPOS="2469" VPOS="2109" WIDTH="1143" HEIGHT="50">
						<String ID="P100_ST00703" HPOS="2469" VPOS="2112" WIDTH="85" HEIGHT="47" CONTENT="zeigt" WC="0.99" CC="00400"/>
						<SP ID="P100_SP00614" HPOS="2554" VPOS="2159" WIDTH="19"/>
						<String ID="P100_ST00704" HPOS="2573" VPOS="2123" WIDTH="35" HEIGHT="22" CONTENT="er" WC="0.70" CC="05"/>
						<SP ID="P100_SP00615" HPOS="2608" VPOS="2159" WIDTH="18"/>
						<String ID="P100_ST00705" HPOS="2626" VPOS="2110" WIDTH="139" HEIGHT="35" CONTENT="diesmal" WC="1.00" CC="0400004"/>
						<SP ID="P100_SP00616" HPOS="2765" VPOS="2159" WIDTH="19"/>
						<String ID="P100_ST00706" HPOS="2784" VPOS="2112" WIDTH="36" HEIGHT="33" CONTENT="in" WC="0.71" CC="50"/>
						<SP ID="P100_SP00617" HPOS="2820" VPOS="2159" WIDTH="18"/>
						<String ID="P100_ST00707" HPOS="2838" VPOS="2109" WIDTH="107" HEIGHT="36" CONTENT="feiner" WC="0.98" CC="603006"/>
						<SP ID="P100_SP00618" HPOS="2945" VPOS="2159" WIDTH="18"/>
						<String ID="P100_ST00708" HPOS="2963" VPOS="2111" WIDTH="169" HEIGHT="35" CONTENT="Keramik." WC="1.00" CC="01400030"/>
						<SP ID="P100_SP00619" HPOS="3132" VPOS="2159" WIDTH="36"/>
						<String ID="P100_ST00709" HPOS="3168" VPOS="2112" WIDTH="62" HEIGHT="33" CONTENT="Ein" WC="0.97" CC="340"/>
						<SP ID="P100_SP00620" HPOS="3230" VPOS="2159" WIDTH="20"/>
						<String ID="P100_ST00710" HPOS="3250" VPOS="2111" WIDTH="145" HEIGHT="42" CONTENT="nacktes," WC="1.00" CC="00004004"/>
						<SP ID="P100_SP00621" HPOS="3395" VPOS="2159" WIDTH="20"/>
						<String ID="P100_ST00711" HPOS="3415" VPOS="2125" WIDTH="176" HEIGHT="22" CONTENT="zusammen" SUBS_TYPE="HypPart1" SUBS_CONTENT="zusammengekauertes" WC="0.99" CC="27300010"/>
						<HYP HPOS="3591" VPOS="2125" WIDTH="21" CONTENT="-"/>
					</TextLine>
					<TextLine ID="P100_TL00091" HPOS="2470" VPOS="2163" WIDTH="1141" HEIGHT="49">
						<String ID="P100_ST00712" HPOS="2470" VPOS="2163" WIDTH="194" HEIGHT="49" CONTENT="gekauertes" SUBS_TYPE="HypPart2" SUBS_CONTENT="zusammengekauertes" WC="1.00" CC="0000637000"/>
						<SP ID="P100_SP00622" HPOS="2664" VPOS="2212" WIDTH="14"/>
						<String ID="P100_ST00713" HPOS="2678" VPOS="2163" WIDTH="106" HEIGHT="35" CONTENT="Weib" WC="0.96" CC="7407"/>
						<SP ID="P100_SP00623" HPOS="2784" VPOS="2212" WIDTH="19"/>
						<String ID="P100_ST00714" HPOS="2803" VPOS="2165" WIDTH="175" HEIGHT="47" CONTENT="verteidigt" WC="0.99" CC="0330220395"/>
						<SP ID="P100_SP00624" HPOS="2978" VPOS="2212" WIDTH="18"/>
						<String ID="P100_ST00715" HPOS="2996" VPOS="2164" WIDTH="71" HEIGHT="34" CONTENT="sich" WC="0.98" CC="0017"/>
						<SP ID="P100_SP00625" HPOS="3067" VPOS="2212" WIDTH="18"/>
						<String ID="P100_ST00716" HPOS="3085" VPOS="2177" WIDTH="103" HEIGHT="35" CONTENT="gegen" WC="0.99" CC="00006"/>
						<SP ID="P100_SP00626" HPOS="3188" VPOS="2212" WIDTH="17"/>
						<String ID="P100_ST00717" HPOS="3205" VPOS="2164" WIDTH="52" HEIGHT="34" CONTENT="die" WC="0.98" CC="040"/>
						<SP ID="P100_SP00627" HPOS="3257" VPOS="2212" WIDTH="16"/>
						<String ID="P100_ST00718" HPOS="3273" VPOS="2165" WIDTH="194" HEIGHT="47" CONTENT="grinsenden" WC="0.99" CC="0500502043"/>
						<SP ID="P100_SP00628" HPOS="3467" VPOS="2212" WIDTH="13"/>
						<String ID="P100_ST00719" HPOS="3480" VPOS="2163" WIDTH="131" HEIGHT="36" CONTENT="Masken" WC="0.98" CC="603106"/>
					</TextLine>
					<TextLine ID="P100_TL00092" HPOS="2469" VPOS="2215" WIDTH="1144" HEIGHT="49">
						<String ID="P100_ST00720" HPOS="2469" VPOS="2217" WIDTH="97" HEIGHT="34" CONTENT="böser" WC="0.99" CC="50010"/>
						<SP ID="P100_SP00629" HPOS="2566" VPOS="2251" WIDTH="33"/>
						<String ID="P100_ST00721" HPOS="2599" VPOS="2215" WIDTH="200" HEIGHT="42" CONTENT="Gedanken," WC="0.99" CC="010900300"/>
						<SP ID="P100_SP00630" HPOS="2799" VPOS="2257" WIDTH="30"/>
						<String ID="P100_ST00722" HPOS="2829" VPOS="2229" WIDTH="106" HEIGHT="35" CONTENT="gegen" WC="0.99" CC="07002"/>
						<SP ID="P100_SP00631" HPOS="2935" VPOS="2264" WIDTH="28"/>
						<String ID="P100_ST00723" HPOS="2963" VPOS="2217" WIDTH="53" HEIGHT="34" CONTENT="die" WC="0.97" CC="043"/>
						<SP ID="P100_SP00632" HPOS="3016" VPOS="2264" WIDTH="27"/>
						<String ID="P100_ST00724" HPOS="3043" VPOS="2217" WIDTH="164" HEIGHT="34" CONTENT="hässliche" WC="0.99" CC="702020070"/>
						<SP ID="P100_SP00633" HPOS="3207" VPOS="2264" WIDTH="27"/>
						<String ID="P100_ST00725" HPOS="3234" VPOS="2217" WIDTH="176" HEIGHT="35" CONTENT="Brutalität" WC="0.99" CC="1663941000"/>
						<SP ID="P100_SP00634" HPOS="3410" VPOS="2264" WIDTH="28"/>
						<String ID="P100_ST00726" HPOS="3438" VPOS="2218" WIDTH="52" HEIGHT="34" CONTENT="des" WC="0.98" CC="040"/>
						<SP ID="P100_SP00635" HPOS="3490" VPOS="2264" WIDTH="26"/>
						<String ID="P100_ST00727" HPOS="3516" VPOS="2216" WIDTH="78" HEIGHT="36" CONTENT="wirk" SUBS_TYPE="HypPart1" SUBS_CONTENT="wirklichen" WC="0.99" CC="0142"/>
						<HYP HPOS="3594" VPOS="2216" WIDTH="19" CONTENT="-"/>
					</TextLine>
					<TextLine ID="P100_TL00093" HPOS="2469" VPOS="2268" WIDTH="1144" HEIGHT="50">
						<String ID="P100_ST00728" HPOS="2469" VPOS="2269" WIDTH="113" HEIGHT="35" CONTENT="lichen" SUBS_TYPE="HypPart2" SUBS_CONTENT="wirklichen" WC="0.99" CC="010712"/>
						<SP ID="P100_SP00636" HPOS="2582" VPOS="2304" WIDTH="27"/>
						<String ID="P100_ST00729" HPOS="2609" VPOS="2269" WIDTH="142" HEIGHT="40" CONTENT="Lebens," WC="0.99" CC="3141300"/>
						<SP ID="P100_SP00637" HPOS="2751" VPOS="2309" WIDTH="35"/>
						<String ID="P100_ST00730" HPOS="2786" VPOS="2269" WIDTH="45" HEIGHT="34" CONTENT="sie" WC="0.98" CC="004"/>
						<SP ID="P100_SP00638" HPOS="2831" VPOS="2309" WIDTH="33"/>
						<String ID="P100_ST00731" HPOS="2864" VPOS="2270" WIDTH="43" HEIGHT="33" CONTENT="ist" WC="0.97" CC="510"/>
						<SP ID="P100_SP00639" HPOS="2907" VPOS="2309" WIDTH="32"/>
						<String ID="P100_ST00732" HPOS="2939" VPOS="2269" WIDTH="94" HEIGHT="35" CONTENT="darin" WC="0.99" CC="00610"/>
						<SP ID="P100_SP00640" HPOS="3033" VPOS="2309" WIDTH="111"/>
						<String ID="P100_ST00733" HPOS="3144" VPOS="2268" WIDTH="178" HEIGHT="50" CONTENT="befangen." WC="0.99" CC="040019132"/>
						<SP ID="P100_SP00641" HPOS="3322" VPOS="2318" WIDTH="56"/>
						<String ID="P100_ST00734" HPOS="3378" VPOS="2271" WIDTH="77" HEIGHT="33" CONTENT="Drei" WC="0.98" CC="0404"/>
						<SP ID="P100_SP00642" HPOS="3455" VPOS="2318" WIDTH="26"/>
						<String ID="P100_ST00735" HPOS="3481" VPOS="2272" WIDTH="114" HEIGHT="32" CONTENT="Frauen" SUBS_TYPE="HypPart1" SUBS_CONTENT="Frauenköpfe" WC="0.98" CC="660520"/>
						<HYP HPOS="3595" VPOS="2272" WIDTH="18" CONTENT="-"/>
					</TextLine>
					<TextLine ID="P100_TL00094" HPOS="2471" VPOS="2320" WIDTH="1142" HEIGHT="50">
						<String ID="P100_ST00736" HPOS="2471" VPOS="2320" WIDTH="104" HEIGHT="50" CONTENT="köpfe" SUBS_TYPE="HypPart2" SUBS_CONTENT="Frauenköpfe" WC="1.00" CC="00000"/>
						<SP ID="P100_SP00643" HPOS="2575" VPOS="2370" WIDTH="145"/>
						<String ID="P100_ST00737" HPOS="2720" VPOS="2324" WIDTH="55" HEIGHT="32" CONTENT="La" WC="1.00" CC="00"/>
						<SP ID="P100_SP00644" HPOS="2775" VPOS="2370" WIDTH="41"/>
						<String ID="P100_ST00738" HPOS="2816" VPOS="2321" WIDTH="190" HEIGHT="49" CONTENT="Sphinge" WC="0.85" CC="0072000"/>
						<SP ID="P100_SP00645" HPOS="3006" VPOS="2370" WIDTH="42"/>
						<String ID="P100_ST00739" HPOS="3048" VPOS="2335" WIDTH="57" HEIGHT="21" CONTENT="aus" WC="0.97" CC="052"/>
						<SP ID="P100_SP00646" HPOS="3105" VPOS="2370" WIDTH="42"/>
						<String ID="P100_ST00740" HPOS="3147" VPOS="2323" WIDTH="105" HEIGHT="40" CONTENT="Zinn," WC="0.99" CC="00044"/>
						<SP ID="P100_SP00647" HPOS="3252" VPOS="2370" WIDTH="48"/>
						<String ID="P100_ST00741" HPOS="3300" VPOS="2325" WIDTH="222" HEIGHT="45" CONTENT="Fragment" WC="0.99" CC="56000300"/>
						<SP ID="P100_SP00648" HPOS="3522" VPOS="2370" WIDTH="39"/>
						<String ID="P100_ST00742" HPOS="3561" VPOS="2335" WIDTH="52" HEIGHT="22" CONTENT="aus" WC="0.98" CC="040"/>
					</TextLine>
					<TextLine ID="P100_TL00095" HPOS="2470" VPOS="2373" WIDTH="1147" HEIGHT="50">
						<String ID="P100_ST00743" HPOS="2470" VPOS="2377" WIDTH="166" HEIGHT="37" CONTENT="Marmor," WC="0.99" CC="0060304"/>
						<SP ID="P100_SP00649" HPOS="2636" VPOS="2414" WIDTH="26"/>
						<String ID="P100_ST00744" HPOS="2662" VPOS="2375" WIDTH="245" HEIGHT="44" CONTENT="Jouissance" WC="0.78" CC="0074009000"/>
						<SP ID="P100_SP00650" HPOS="2907" VPOS="2419" WIDTH="28"/>
						<String ID="P100_ST00745" HPOS="2935" VPOS="2375" WIDTH="151" HEIGHT="34" CONTENT="intime" WC="0.99" CC="400300"/>
						<SP ID="P100_SP00651" HPOS="3086" VPOS="2419" WIDTH="29"/>
						<String ID="P100_ST00746" HPOS="3115" VPOS="2387" WIDTH="58" HEIGHT="22" CONTENT="aus" WC="0.97" CC="070"/>
						<SP ID="P100_SP00652" HPOS="3173" VPOS="2419" WIDTH="27"/>
						<String ID="P100_ST00747" HPOS="3200" VPOS="2378" WIDTH="125" HEIGHT="32" CONTENT="Bronze" WC="0.99" CC="050300"/>
						<SP ID="P100_SP00653" HPOS="3325" VPOS="2419" WIDTH="101"/>
						<String ID="P100_ST00748" HPOS="3426" VPOS="2384" WIDTH="109" HEIGHT="39" CONTENT="tragen" WC="0.98" CC="247003"/>
						<SP ID="P100_SP00654" HPOS="3535" VPOS="2423" WIDTH="26"/>
						<String ID="P100_ST00749" HPOS="3561" VPOS="2373" WIDTH="56" HEIGHT="36" CONTENT="auf" WC="0.98" CC="060"/>
					</TextLine>
					<TextLine ID="P100_TL00096" HPOS="2471" VPOS="2426" WIDTH="1143" HEIGHT="50">
						<String ID="P100_ST00750" HPOS="2471" VPOS="2428" WIDTH="95" HEIGHT="34" CONTENT="ihren" WC="0.98" CC="07141"/>
						<SP ID="P100_SP00655" HPOS="2566" VPOS="2462" WIDTH="28"/>
						<String ID="P100_ST00751" HPOS="2594" VPOS="2426" WIDTH="204" HEIGHT="35" CONTENT="idealisirten" WC="0.66" CC="303931012624"/>
						<SP ID="P100_SP00656" HPOS="2798" VPOS="2462" WIDTH="29"/>
						<String ID="P100_ST00752" HPOS="2827" VPOS="2429" WIDTH="118" HEIGHT="46" CONTENT="Zügen" WC="1.00" CC="00000"/>
						<SP ID="P100_SP00657" HPOS="2945" VPOS="2475" WIDTH="28"/>
						<String ID="P100_ST00753" HPOS="2973" VPOS="2429" WIDTH="74" HEIGHT="33" CONTENT="eine" WC="1.00" CC="0000"/>
						<SP ID="P100_SP00658" HPOS="3047" VPOS="2475" WIDTH="27"/>
						<String ID="P100_ST00754" HPOS="3074" VPOS="2428" WIDTH="185" HEIGHT="48" CONTENT="Mischung" WC="0.99" CC="03340600"/>
						<SP ID="P100_SP00659" HPOS="3259" VPOS="2476" WIDTH="27"/>
						<String ID="P100_ST00755" HPOS="3286" VPOS="2441" WIDTH="68" HEIGHT="22" CONTENT="von" WC="0.99" CC="002"/>
						<SP ID="P100_SP00660" HPOS="3354" VPOS="2476" WIDTH="20"/>
						<String ID="P100_ST00756" HPOS="3374" VPOS="2428" WIDTH="151" HEIGHT="34" CONTENT="Wollust" WC="0.98" CC="7044600"/>
						<SP ID="P100_SP00661" HPOS="3525" VPOS="2476" WIDTH="26"/>
						<String ID="P100_ST00757" HPOS="3551" VPOS="2427" WIDTH="63" HEIGHT="35" CONTENT="und" WC="0.98" CC="040"/>
					</TextLine>
					<TextLine ID="P100_TL00097" HPOS="2471" VPOS="2478" WIDTH="1141" HEIGHT="50">
						<String ID="P100_ST00758" HPOS="2471" VPOS="2478" WIDTH="236" HEIGHT="37" CONTENT="Grausamkeit" WC="0.99" CC="06070000440"/>
						<SP ID="P100_SP00662" HPOS="2707" VPOS="2515" WIDTH="28"/>
						<String ID="P100_ST00759" HPOS="2735" VPOS="2479" WIDTH="71" HEIGHT="35" CONTENT="und" WC="0.98" CC="050"/>
						<SP ID="P100_SP00663" HPOS="2806" VPOS="2515" WIDTH="28"/>
						<String ID="P100_ST00760" HPOS="2834" VPOS="2481" WIDTH="74" HEIGHT="33" CONTENT="sind" WC="0.98" CC="2230"/>
						<SP ID="P100_SP00664" HPOS="2908" VPOS="2515" WIDTH="24"/>
						<String ID="P100_ST00761" HPOS="2932" VPOS="2488" WIDTH="80" HEIGHT="40" CONTENT="gute" WC="0.99" CC="0600"/>
						<SP ID="P100_SP00665" HPOS="3012" VPOS="2528" WIDTH="20"/>
						<String ID="P100_ST00762" HPOS="3032" VPOS="2480" WIDTH="129" HEIGHT="34" CONTENT="Proben" WC="0.98" CC="500730"/>
						<SP ID="P100_SP00666" HPOS="3161" VPOS="2528" WIDTH="26"/>
						<String ID="P100_ST00763" HPOS="3187" VPOS="2481" WIDTH="56" HEIGHT="34" CONTENT="der" WC="1.00" CC="000"/>
						<SP ID="P100_SP00667" HPOS="3243" VPOS="2528" WIDTH="19"/>
						<String ID="P100_ST00764" HPOS="3262" VPOS="2481" WIDTH="124" HEIGHT="34" CONTENT="herben" WC="0.98" CC="705005"/>
						<SP ID="P100_SP00668" HPOS="3386" VPOS="2528" WIDTH="18"/>
						<String ID="P100_ST00765" HPOS="3404" VPOS="2479" WIDTH="208" HEIGHT="36" CONTENT="Sinnlichkeit" WC="1.00" CC="000420070210"/>
					</TextLine>
					<TextLine ID="P100_TL00098" HPOS="2472" VPOS="2531" WIDTH="1141" HEIGHT="38">
						<String ID="P100_ST00766" HPOS="2472" VPOS="2533" WIDTH="55" HEIGHT="34" CONTENT="des" WC="0.98" CC="031"/>
						<SP ID="P100_SP00669" HPOS="2527" VPOS="2567" WIDTH="26"/>
						<String ID="P100_ST00767" HPOS="2553" VPOS="2531" WIDTH="267" HEIGHT="35" CONTENT="Masseau’schen" WC="0.78" CC="0052005812010"/>
						<SP ID="P100_SP00670" HPOS="2820" VPOS="2567" WIDTH="18"/>
						<String ID="P100_ST00768" HPOS="2838" VPOS="2532" WIDTH="165" HEIGHT="37" CONTENT="Talentes." WC="0.99" CC="102030254"/>
						<SP ID="P100_SP00671" HPOS="3003" VPOS="2569" WIDTH="54"/>
						<String ID="P100_ST00769" HPOS="3057" VPOS="2536" WIDTH="42" HEIGHT="31" CONTENT="Es" WC="0.65" CC="33"/>
						<SP ID="P100_SP00672" HPOS="3099" VPOS="2569" WIDTH="23"/>
						<String ID="P100_ST00770" HPOS="3122" VPOS="2534" WIDTH="41" HEIGHT="33" CONTENT="ist" WC="0.98" CC="500"/>
						<SP ID="P100_SP00673" HPOS="3163" VPOS="2569" WIDTH="26"/>
						<String ID="P100_ST00771" HPOS="3189" VPOS="2533" WIDTH="70" HEIGHT="35" CONTENT="drei" WC="0.98" CC="0613"/>
						<SP ID="P100_SP00674" HPOS="3259" VPOS="2569" WIDTH="22"/>
						<String ID="P100_ST00772" HPOS="3281" VPOS="2533" WIDTH="68" HEIGHT="35" CONTENT="mal" WC="0.99" CC="002"/>
						<SP ID="P100_SP00675" HPOS="3349" VPOS="2569" WIDTH="26"/>
						<String ID="P100_ST00773" HPOS="3375" VPOS="2533" WIDTH="141" HEIGHT="35" CONTENT="dasselbe" WC="0.99" CC="09040102"/>
						<SP ID="P100_SP00676" HPOS="3516" VPOS="2569" WIDTH="23"/>
						<String ID="P100_ST00774" HPOS="3539" VPOS="2535" WIDTH="50" HEIGHT="31" CONTENT="Mo" SUBS_TYPE="HypPart1" SUBS_CONTENT="Modell" WC="0.97" CC="50"/>
						<HYP HPOS="3589" VPOS="2535" WIDTH="24" CONTENT="-"/>
					</TextLine>
					<TextLine ID="P100_TL00099" HPOS="2472" VPOS="2583" WIDTH="1140" HEIGHT="51">
						<String ID="P100_ST00775" HPOS="2472" VPOS="2585" WIDTH="67" HEIGHT="34" CONTENT="dell" SUBS_TYPE="HypPart2" SUBS_CONTENT="Modell" WC="0.98" CC="0034"/>
						<SP ID="P100_SP00677" HPOS="2539" VPOS="2619" WIDTH="72"/>
						<String ID="P100_ST00776" HPOS="2611" VPOS="2598" WIDTH="81" HEIGHT="21" CONTENT="man" WC="1.00" CC="000"/>
						<SP ID="P100_SP00678" HPOS="2692" VPOS="2619" WIDTH="15"/>
						<String ID="P100_ST00777" HPOS="2707" VPOS="2583" WIDTH="79" HEIGHT="36" CONTENT="darf" WC="0.98" CC="0700"/>
						<SP ID="P100_SP00679" HPOS="2786" VPOS="2619" WIDTH="9"/>
						<String ID="P100_ST00778" HPOS="2795" VPOS="2599" WIDTH="31" HEIGHT="20" CONTENT="es" WC="0.89" CC="20"/>
						<SP ID="P100_SP00680" HPOS="2826" VPOS="2619" WIDTH="14"/>
						<String ID="P100_ST00779" HPOS="2840" VPOS="2585" WIDTH="99" HEIGHT="35" CONTENT="wohl" WC="0.97" CC="0274"/>
						<SP ID="P100_SP00681" HPOS="2939" VPOS="2620" WIDTH="14"/>
						<String ID="P100_ST00780" HPOS="2953" VPOS="2599" WIDTH="112" HEIGHT="35" CONTENT="sagen," WC="0.98" CC="400470"/>
						<SP ID="P100_SP00682" HPOS="3065" VPOS="2634" WIDTH="20"/>
						<String ID="P100_ST00781" HPOS="3085" VPOS="2586" WIDTH="56" HEIGHT="34" CONTENT="das" WC="0.96" CC="902"/>
						<SP ID="P100_SP00683" HPOS="3141" VPOS="2634" WIDTH="15"/>
						<String ID="P100_ST00782" HPOS="3156" VPOS="2586" WIDTH="198" HEIGHT="35" CONTENT="sonderbare" WC="0.99" CC="1020266000"/>
						<SP ID="P100_SP00684" HPOS="3354" VPOS="2634" WIDTH="13"/>
						<String ID="P100_ST00783" HPOS="3367" VPOS="2586" WIDTH="176" HEIGHT="40" CONTENT="Mädchen," WC="1.00" CC="00007000"/>
						<SP ID="P100_SP00685" HPOS="3543" VPOS="2634" WIDTH="20"/>
						<String ID="P100_ST00784" HPOS="3563" VPOS="2585" WIDTH="49" HEIGHT="34" CONTENT="das" WC="0.99" CC="001"/>
					</TextLine>
					<TextLine ID="P100_TL00100" HPOS="2471" VPOS="2638" WIDTH="1141" HEIGHT="36">
						<String ID="P100_ST00785" HPOS="2471" VPOS="2646" WIDTH="98" HEIGHT="27" CONTENT="unter" WC="0.98" CC="77030"/>
						<SP ID="P100_SP00686" HPOS="2569" VPOS="2673" WIDTH="23"/>
						<String ID="P100_ST00786" HPOS="2592" VPOS="2638" WIDTH="77" HEIGHT="34" CONTENT="dem" WC="1.00" CC="000"/>
						<SP ID="P100_SP00687" HPOS="2669" VPOS="2673" WIDTH="19"/>
						<String ID="P100_ST00787" HPOS="2688" VPOS="2639" WIDTH="136" HEIGHT="33" CONTENT="Namen" WC="0.98" CC="69000"/>
						<SP ID="P100_SP00688" HPOS="2824" VPOS="2673" WIDTH="24"/>
						<String ID="P100_ST00788" HPOS="2848" VPOS="2640" WIDTH="127" HEIGHT="33" CONTENT="Mona" WC="0.98" CC="0027"/>
						<SP ID="P100_SP00689" HPOS="2975" VPOS="2673" WIDTH="25"/>
						<String ID="P100_ST00789" HPOS="3000" VPOS="2638" WIDTH="53" HEIGHT="35" CONTENT="die" WC="0.98" CC="031"/>
						<SP ID="P100_SP00690" HPOS="3053" VPOS="2673" WIDTH="19"/>
						<String ID="P100_ST00790" HPOS="3072" VPOS="2638" WIDTH="127" HEIGHT="35" CONTENT="Heldin" WC="0.99" CC="342020"/>
						<SP ID="P100_SP00691" HPOS="3199" VPOS="2673" WIDTH="24"/>
						<String ID="P100_ST00791" HPOS="3223" VPOS="2652" WIDTH="69" HEIGHT="22" CONTENT="von" WC="0.99" CC="020"/>
						<SP ID="P100_SP00692" HPOS="3292" VPOS="2674" WIDTH="19"/>
						<String ID="P100_ST00792" HPOS="3311" VPOS="2638" WIDTH="301" HEIGHT="36" CONTENT="Gauthier-Villar’s" WC="0.99" CC="36600403100429681"/>
					</TextLine>
					<TextLine ID="P100_TL00101" HPOS="2472" VPOS="2690" WIDTH="1142" HEIGHT="48">
						<String ID="P100_ST00793" HPOS="2472" VPOS="2690" WIDTH="320" HEIGHT="48" CONTENT="unvergleichlicher" WC="1.00" CC="03000010007200015"/>
						<SP ID="P100_SP00693" HPOS="2792" VPOS="2738" WIDTH="19"/>
						<String ID="P100_ST00794" HPOS="2811" VPOS="2691" WIDTH="176" HEIGHT="34" CONTENT="Passade" WC="0.99" CC="6005003"/>
						<SP ID="P100_SP00694" HPOS="2987" VPOS="2738" WIDTH="19"/>
						<String ID="P100_ST00795" HPOS="3006" VPOS="2692" WIDTH="52" HEIGHT="34" CONTENT="ist." WC="0.98" CC="1260"/>
						<SP ID="P100_SP00695" HPOS="3058" VPOS="2738" WIDTH="38"/>
						<String ID="P100_ST00796" HPOS="3096" VPOS="2694" WIDTH="86" HEIGHT="32" CONTENT="Wer" WC="0.99" CC="003"/>
						<SP ID="P100_SP00696" HPOS="3182" VPOS="2738" WIDTH="19"/>
						<String ID="P100_ST00797" HPOS="3201" VPOS="2691" WIDTH="113" HEIGHT="35" CONTENT="diesen" WC="0.99" CC="010505"/>
						<SP ID="P100_SP00697" HPOS="3314" VPOS="2738" WIDTH="24"/>
						<String ID="P100_ST00798" HPOS="3338" VPOS="2691" WIDTH="133" HEIGHT="35" CONTENT="kleinen" WC="0.99" CC="0303632"/>
						<SP ID="P100_SP00698" HPOS="3471" VPOS="2738" WIDTH="17"/>
						<String ID="P100_ST00799" HPOS="3488" VPOS="2693" WIDTH="126" HEIGHT="32" CONTENT="Roman" WC="0.98" CC="60302"/>
					</TextLine>
					<TextLine ID="P100_TL00102" HPOS="2472" VPOS="2743" WIDTH="1141" HEIGHT="48">
						<String ID="P100_ST00800" HPOS="2472" VPOS="2743" WIDTH="145" HEIGHT="48" CONTENT="gelesen," WC="1.00" CC="00111104"/>
						<SP ID="P100_SP00699" HPOS="2617" VPOS="2791" WIDTH="30"/>
						<String ID="P100_ST00801" HPOS="2647" VPOS="2743" WIDTH="89" HEIGHT="36" CONTENT="wird" WC="0.98" CC="0260"/>
						<SP ID="P100_SP00700" HPOS="2736" VPOS="2791" WIDTH="30"/>
						<String ID="P100_ST00802" HPOS="2766" VPOS="2744" WIDTH="86" HEIGHT="34" CONTENT="auch" WC="0.98" CC="0700"/>
						<SP ID="P100_SP00701" HPOS="2852" VPOS="2791" WIDTH="27"/>
						<String ID="P100_ST00803" HPOS="2879" VPOS="2743" WIDTH="55" HEIGHT="34" CONTENT="die" WC="1.00" CC="000"/>
						<SP ID="P100_SP00702" HPOS="2934" VPOS="2791" WIDTH="28"/>
						<String ID="P100_ST00804" HPOS="2962" VPOS="2743" WIDTH="81" HEIGHT="35" CONTENT="böse" WC="0.97" CC="7701"/>
						<SP ID="P100_SP00703" HPOS="3043" VPOS="2791" WIDTH="26"/>
						<String ID="P100_ST00805" HPOS="3069" VPOS="2744" WIDTH="178" HEIGHT="35" CONTENT="Unschuld" WC="0.99" CC="40007010"/>
						<SP ID="P100_SP00704" HPOS="3247" VPOS="2791" WIDTH="29"/>
						<String ID="P100_ST00806" HPOS="3276" VPOS="2744" WIDTH="57" HEIGHT="35" CONTENT="der" WC="0.98" CC="005"/>
						<SP ID="P100_SP00705" HPOS="3333" VPOS="2791" WIDTH="27"/>
						<String ID="P100_ST00807" HPOS="3360" VPOS="2743" WIDTH="253" HEIGHT="36" CONTENT="Masseau’schen" WC="0.63" CC="0723370821603"/>
					</TextLine>
					<TextLine ID="P100_TL00103" HPOS="2472" VPOS="2794" WIDTH="296" HEIGHT="50">
						<String ID="P100_ST00808" HPOS="2472" VPOS="2794" WIDTH="115" HEIGHT="50" CONTENT="Köpfe" WC="0.99" CC="40003"/>
						<SP ID="P100_SP00706" HPOS="2587" VPOS="2844" WIDTH="19"/>
						<String ID="P100_ST00809" HPOS="2606" VPOS="2796" WIDTH="162" HEIGHT="35" CONTENT="verstehn." WC="1.00" CC="015101040"/>
					</TextLine>
					<TextLine ID="P100_TL00104" HPOS="2551" VPOS="2848" WIDTH="1063" HEIGHT="48">
						<String ID="P100_ST00810" HPOS="2551" VPOS="2850" WIDTH="40" HEIGHT="32" CONTENT="In" WC="0.96" CC="00"/>
						<SP ID="P100_SP00707" HPOS="2591" VPOS="2882" WIDTH="31"/>
						<String ID="P100_ST00811" HPOS="2622" VPOS="2848" WIDTH="66" HEIGHT="35" CONTENT="den" WC="0.99" CC="020"/>
						<SP ID="P100_SP00708" HPOS="2688" VPOS="2883" WIDTH="33"/>
						<String ID="P100_ST00812" HPOS="2721" VPOS="2849" WIDTH="147" HEIGHT="47" CONTENT="Champs" WC="0.95" CC="200000"/>
						<SP ID="P100_SP00709" HPOS="2868" VPOS="2896" WIDTH="29"/>
						<String ID="P100_ST00813" HPOS="2897" VPOS="2848" WIDTH="148" HEIGHT="47" CONTENT="Elysees:" WC="0.83" CC="46000020"/>
						<SP ID="P100_SP00710" HPOS="3045" VPOS="2896" WIDTH="37"/>
						<String ID="P100_ST00814" HPOS="3082" VPOS="2848" WIDTH="84" HEIGHT="36" CONTENT="Axel" WC="0.99" CC="0004"/>
						<SP ID="P100_SP00711" HPOS="3166" VPOS="2896" WIDTH="28"/>
						<String ID="P100_ST00815" HPOS="3194" VPOS="2849" WIDTH="87" HEIGHT="35" CONTENT="Emil" WC="0.98" CC="2060"/>
						<SP ID="P100_SP00712" HPOS="3281" VPOS="2896" WIDTH="28"/>
						<String ID="P100_ST00816" HPOS="3309" VPOS="2849" WIDTH="89" HEIGHT="34" CONTENT="Ebbe" WC="0.97" CC="0760"/>
						<SP ID="P100_SP00713" HPOS="3398" VPOS="2896" WIDTH="30"/>
						<String ID="P100_ST00817" HPOS="3428" VPOS="2849" WIDTH="61" HEIGHT="34" CONTENT="mit" WC="0.98" CC="050"/>
						<SP ID="P100_SP00714" HPOS="3489" VPOS="2896" WIDTH="30"/>
						<String ID="P100_ST00818" HPOS="3519" VPOS="2848" WIDTH="95" HEIGHT="34" CONTENT="seiner" WC="0.98" CC="230246"/>
					</TextLine>
					<TextLine ID="P100_TL00105" HPOS="2473" VPOS="2900" WIDTH="1141" HEIGHT="49">
						<String ID="P100_ST00819" HPOS="2473" VPOS="2902" WIDTH="137" HEIGHT="34" CONTENT="Venus" WC="0.99" CC="01060"/>
						<SP ID="P100_SP00715" HPOS="2610" VPOS="2936" WIDTH="27"/>
						<String ID="P100_ST00820" HPOS="2637" VPOS="2900" WIDTH="288" HEIGHT="42" CONTENT="Consolatrix," WC="0.86" CC="104005003000"/>
						<SP ID="P100_SP00716" HPOS="2925" VPOS="2942" WIDTH="28"/>
						<String ID="P100_ST00821" HPOS="2953" VPOS="2902" WIDTH="139" HEIGHT="35" CONTENT="diesmal" WC="0.99" CC="0011091"/>
						<SP ID="P100_SP00717" HPOS="3092" VPOS="2942" WIDTH="23"/>
						<String ID="P100_ST00822" HPOS="3115" VPOS="2902" WIDTH="48" HEIGHT="35" CONTENT="im" WC="0.94" CC="10"/>
						<SP ID="P100_SP00718" HPOS="3163" VPOS="2942" WIDTH="22"/>
						<String ID="P100_ST00823" HPOS="3185" VPOS="2904" WIDTH="154" HEIGHT="33" CONTENT="Marmor" WC="0.98" CC="074006"/>
						<SP ID="P100_SP00719" HPOS="3339" VPOS="2942" WIDTH="24"/>
						<String ID="P100_ST00824" HPOS="3363" VPOS="2902" WIDTH="158" HEIGHT="47" CONTENT="gehauen." WC="0.99" CC="02606110"/>
						<SP ID="P100_SP00720" HPOS="3521" VPOS="2949" WIDTH="36"/>
						<String ID="P100_ST00825" HPOS="3557" VPOS="2900" WIDTH="57" HEIGHT="33" CONTENT="Die" WC="0.96" CC="540"/>
					</TextLine>
					<TextLine ID="P100_TL00106" HPOS="2473" VPOS="2953" WIDTH="1141" HEIGHT="50">
						<String ID="P100_ST00826" HPOS="2473" VPOS="2967" WIDTH="111" HEIGHT="35" CONTENT="grosse" WC="0.99" CC="040200"/>
						<SP ID="P100_SP00721" HPOS="2584" VPOS="3002" WIDTH="36"/>
						<String ID="P100_ST00827" HPOS="2620" VPOS="2953" WIDTH="121" HEIGHT="35" CONTENT="nackte" WC="0.99" CC="090300"/>
						<SP ID="P100_SP00722" HPOS="2741" VPOS="3002" WIDTH="36"/>
						<String ID="P100_ST00828" HPOS="2777" VPOS="2954" WIDTH="188" HEIGHT="40" CONTENT="Trösterin," WC="1.00" CC="0405000400"/>
						<SP ID="P100_SP00723" HPOS="2965" VPOS="3002" WIDTH="46"/>
						<String ID="P100_ST00829" HPOS="3011" VPOS="2954" WIDTH="53" HEIGHT="35" CONTENT="die" WC="0.99" CC="020"/>
						<SP ID="P100_SP00724" HPOS="3064" VPOS="3002" WIDTH="36"/>
						<String ID="P100_ST00830" HPOS="3100" VPOS="2956" WIDTH="63" HEIGHT="33" CONTENT="mit" WC="0.99" CC="001"/>
						<SP ID="P100_SP00725" HPOS="3163" VPOS="3002" WIDTH="38"/>
						<String ID="P100_ST00831" HPOS="3201" VPOS="2954" WIDTH="263" HEIGHT="49" CONTENT="ausgestreckten" WC="1.00" CC="06300107100000"/>
						<SP ID="P100_SP00726" HPOS="3464" VPOS="3003" WIDTH="34"/>
						<String ID="P100_ST00832" HPOS="3498" VPOS="2955" WIDTH="116" HEIGHT="33" CONTENT="Armen" WC="0.99" CC="06000"/>
					</TextLine>
					<TextLine ID="P100_TL00107" HPOS="2473" VPOS="3005" WIDTH="1141" HEIGHT="43">
						<String ID="P100_ST00833" HPOS="2473" VPOS="3007" WIDTH="54" HEIGHT="34" CONTENT="die" WC="0.98" CC="041"/>
						<SP ID="P100_SP00727" HPOS="2527" VPOS="3041" WIDTH="25"/>
						<String ID="P100_ST00834" HPOS="2552" VPOS="3005" WIDTH="228" HEIGHT="36" CONTENT="liebeskranke" WC="0.87" CC="100440040000"/>
						<SP ID="P100_SP00728" HPOS="2780" VPOS="3041" WIDTH="18"/>
						<String ID="P100_ST00835" HPOS="2798" VPOS="3007" WIDTH="215" HEIGHT="34" CONTENT="Menschheit" WC="0.99" CC="0000477300"/>
						<SP ID="P100_SP00729" HPOS="3013" VPOS="3041" WIDTH="24"/>
						<String ID="P100_ST00836" HPOS="3037" VPOS="3020" WIDTH="41" HEIGHT="21" CONTENT="zu" WC="0.74" CC="05"/>
						<SP ID="P100_SP00730" HPOS="3078" VPOS="3041" WIDTH="26"/>
						<String ID="P100_ST00837" HPOS="3104" VPOS="3008" WIDTH="71" HEIGHT="34" CONTENT="sich" WC="0.99" CC="1300"/>
						<SP ID="P100_SP00731" HPOS="3175" VPOS="3042" WIDTH="24"/>
						<String ID="P100_ST00838" HPOS="3199" VPOS="3007" WIDTH="87" HEIGHT="41" CONTENT="ruft," WC="0.98" CC="60004"/>
						<SP ID="P100_SP00732" HPOS="3286" VPOS="3048" WIDTH="29"/>
						<String ID="P100_ST00839" HPOS="3315" VPOS="3008" WIDTH="58" HEIGHT="34" CONTENT="hat" WC="1.00" CC="000"/>
						<SP ID="P100_SP00733" HPOS="3373" VPOS="3048" WIDTH="18"/>
						<String ID="P100_ST00840" HPOS="3391" VPOS="3006" WIDTH="162" HEIGHT="35" CONTENT="vielleicht" WC="0.99" CC="0132723070"/>
						<SP ID="P100_SP00734" HPOS="3553" VPOS="3048" WIDTH="18"/>
						<String ID="P100_ST00841" HPOS="3571" VPOS="3005" WIDTH="43" HEIGHT="33" CONTENT="im" WC="0.81" CC="30"/>
					</TextLine>
					<TextLine ID="P100_TL00108" HPOS="2474" VPOS="3057" WIDTH="1140" HEIGHT="38">
						<String ID="P100_ST00842" HPOS="2474" VPOS="3059" WIDTH="114" HEIGHT="35" CONTENT="kalten" WC="0.99" CC="202200"/>
						<SP ID="P100_SP00735" HPOS="2588" VPOS="3094" WIDTH="18"/>
						<String ID="P100_ST00843" HPOS="2606" VPOS="3062" WIDTH="153" HEIGHT="32" CONTENT="Marmor" WC="0.98" CC="096006"/>
						<SP ID="P100_SP00736" HPOS="2759" VPOS="3094" WIDTH="27"/>
						<String ID="P100_ST00844" HPOS="2786" VPOS="3068" WIDTH="102" HEIGHT="26" CONTENT="etwas" WC="0.99" CC="00072"/>
						<SP ID="P100_SP00737" HPOS="2888" VPOS="3094" WIDTH="20"/>
						<String ID="P100_ST00845" HPOS="2908" VPOS="3073" WIDTH="70" HEIGHT="21" CONTENT="von" WC="1.00" CC="000"/>
						<SP ID="P100_SP00738" HPOS="2978" VPOS="3094" WIDTH="21"/>
						<String ID="P100_ST00846" HPOS="2999" VPOS="3060" WIDTH="89" HEIGHT="34" CONTENT="ihrer" WC="0.98" CC="50510"/>
						<SP ID="P100_SP00739" HPOS="3088" VPOS="3094" WIDTH="25"/>
						<String ID="P100_ST00847" HPOS="3113" VPOS="3065" WIDTH="135" HEIGHT="30" CONTENT="wüsten" WC="1.00" CC="002030"/>
						<SP ID="P100_SP00740" HPOS="3248" VPOS="3095" WIDTH="19"/>
						<String ID="P100_ST00848" HPOS="3267" VPOS="3061" WIDTH="79" HEIGHT="34" CONTENT="Gier" WC="0.96" CC="2526"/>
						<SP ID="P100_SP00741" HPOS="3346" VPOS="3095" WIDTH="23"/>
						<String ID="P100_ST00849" HPOS="3369" VPOS="3059" WIDTH="156" HEIGHT="36" CONTENT="verloren." WC="0.99" CC="035304102"/>
						<SP ID="P100_SP00742" HPOS="3525" VPOS="3095" WIDTH="43"/>
						<String ID="P100_ST00850" HPOS="3568" VPOS="3057" WIDTH="46" HEIGHT="33" CONTENT="Sie" WC="0.97" CC="052"/>
					</TextLine>
					<TextLine ID="P100_TL00109" HPOS="2472" VPOS="3109" WIDTH="1142" HEIGHT="51">
						<String ID="P100_ST00851" HPOS="2472" VPOS="3113" WIDTH="43" HEIGHT="33" CONTENT="ist" WC="0.98" CC="300"/>
						<SP ID="P100_SP00743" HPOS="2515" VPOS="3146" WIDTH="17"/>
						<String ID="P100_ST00852" HPOS="2532" VPOS="3114" WIDTH="77" HEIGHT="44" CONTENT="jetzt" WC="0.99" CC="04000"/>
						<SP ID="P100_SP00744" HPOS="2609" VPOS="3158" WIDTH="18"/>
						<String ID="P100_ST00853" HPOS="2627" VPOS="3125" WIDTH="65" HEIGHT="21" CONTENT="nur" WC="0.94" CC="176"/>
						<SP ID="P100_SP00745" HPOS="2692" VPOS="3158" WIDTH="19"/>
						<String ID="P100_ST00854" HPOS="2711" VPOS="3112" WIDTH="53" HEIGHT="34" CONTENT="die" WC="1.00" CC="001"/>
						<SP ID="P100_SP00746" HPOS="2764" VPOS="3158" WIDTH="18"/>
						<String ID="P100_ST00855" HPOS="2782" VPOS="3113" WIDTH="90" HEIGHT="33" CONTENT="reine" WC="0.99" CC="30050"/>
						<SP ID="P100_SP00747" HPOS="2872" VPOS="3158" WIDTH="15"/>
						<String ID="P100_ST00856" HPOS="2887" VPOS="3111" WIDTH="273" HEIGHT="49" CONTENT="Verkündigerin" WC="1.00" CC="0440000200700"/>
						<SP ID="P100_SP00748" HPOS="3160" VPOS="3160" WIDTH="20"/>
						<String ID="P100_ST00857" HPOS="3180" VPOS="3113" WIDTH="54" HEIGHT="34" CONTENT="des" WC="0.99" CC="020"/>
						<SP ID="P100_SP00749" HPOS="3234" VPOS="3160" WIDTH="19"/>
						<String ID="P100_ST00858" HPOS="3253" VPOS="3114" WIDTH="131" HEIGHT="33" CONTENT="«vcnite" WC="0.67" CC="4065600"/>
						<SP ID="P100_SP00750" HPOS="3384" VPOS="3160" WIDTH="20"/>
						<String ID="P100_ST00859" HPOS="3404" VPOS="3112" WIDTH="40" HEIGHT="34" CONTENT="ad" WC="0.50" CC="90"/>
						<SP ID="P100_SP00751" HPOS="3444" VPOS="3160" WIDTH="19"/>
						<String ID="P100_ST00860" HPOS="3463" VPOS="3124" WIDTH="86" HEIGHT="26" CONTENT="me))," WC="0.98" CC="00790"/>
						<SP ID="P100_SP00752" HPOS="3549" VPOS="3160" WIDTH="18"/>
						<String ID="P100_ST00861" HPOS="3567" VPOS="3109" WIDTH="47" HEIGHT="34" CONTENT="die" WC="0.97" CC="043"/>
					</TextLine>
					<TextLine ID="P100_TL00110" HPOS="2474" VPOS="3161" WIDTH="1140" HEIGHT="51">
						<String ID="P100_ST00862" HPOS="2474" VPOS="3164" WIDTH="223" HEIGHT="48" CONTENT="unschuldige" WC="0.99" CC="72000730400"/>
						<SP ID="P100_SP00753" HPOS="2697" VPOS="3212" WIDTH="28"/>
						<String ID="P100_ST00863" HPOS="2725" VPOS="3165" WIDTH="168" HEIGHT="40" CONTENT="Büsserin," WC="0.83" CC="001110324"/>
						<SP ID="P100_SP00754" HPOS="2893" VPOS="3212" WIDTH="35"/>
						<String ID="P100_ST00864" HPOS="2928" VPOS="3165" WIDTH="53" HEIGHT="34" CONTENT="die" WC="1.00" CC="001"/>
						<SP ID="P100_SP00755" HPOS="2981" VPOS="3212" WIDTH="29"/>
						<String ID="P100_ST00865" HPOS="3010" VPOS="3165" WIDTH="106" HEIGHT="35" CONTENT="durch" WC="0.98" CC="00327"/>
						<SP ID="P100_SP00756" HPOS="3116" VPOS="3212" WIDTH="29"/>
						<String ID="P100_ST00866" HPOS="3145" VPOS="3165" WIDTH="53" HEIGHT="35" CONTENT="die" WC="0.98" CC="031"/>
						<SP ID="P100_SP00757" HPOS="3198" VPOS="3212" WIDTH="28"/>
						<String ID="P100_ST00867" HPOS="3226" VPOS="3165" WIDTH="111" HEIGHT="35" CONTENT="Sünde" WC="0.99" CC="00201"/>
						<SP ID="P100_SP00758" HPOS="3337" VPOS="3212" WIDTH="28"/>
						<String ID="P100_ST00868" HPOS="3365" VPOS="3166" WIDTH="55" HEIGHT="34" CONTENT="der" WC="0.97" CC="007"/>
						<SP ID="P100_SP00759" HPOS="3420" VPOS="3212" WIDTH="27"/>
						<String ID="P100_ST00869" HPOS="3447" VPOS="3163" WIDTH="94" HEIGHT="35" CONTENT="Liebe" WC="0.97" CC="23466"/>
						<SP ID="P100_SP00760" HPOS="3541" VPOS="3212" WIDTH="26"/>
						<String ID="P100_ST00870" HPOS="3567" VPOS="3161" WIDTH="47" HEIGHT="35" CONTENT="die" WC="0.99" CC="001"/>
					</TextLine>
					<TextLine ID="P100_TL00111" HPOS="2474" VPOS="3216" WIDTH="1140" HEIGHT="43">
						<String ID="P100_ST00871" HPOS="2474" VPOS="3217" WIDTH="216" HEIGHT="35" CONTENT="Menschheit" WC="1.00" CC="0100077000"/>
						<SP ID="P100_SP00761" HPOS="2690" VPOS="3252" WIDTH="28"/>
						<String ID="P100_ST00872" HPOS="2718" VPOS="3217" WIDTH="108" HEIGHT="35" CONTENT="erlöst." WC="0.98" CC="6637003"/>
						<SP ID="P100_SP00762" HPOS="2826" VPOS="3252" WIDTH="50"/>
						<String ID="P100_ST00873" HPOS="2876" VPOS="3218" WIDTH="64" HEIGHT="34" CONTENT="Ein" WC="0.97" CC="430"/>
						<SP ID="P100_SP00763" HPOS="2940" VPOS="3252" WIDTH="28"/>
						<String ID="P100_ST00874" HPOS="2968" VPOS="3217" WIDTH="243" HEIGHT="36" CONTENT="Dehmel’sches" WC="0.77" CC="037005800002"/>
						<SP ID="P100_SP00764" HPOS="3211" VPOS="3253" WIDTH="25"/>
						<String ID="P100_ST00875" HPOS="3236" VPOS="3218" WIDTH="156" HEIGHT="41" CONTENT="Gedicht," WC="0.99" CC="04030704"/>
						<SP ID="P100_SP00765" HPOS="3392" VPOS="3259" WIDTH="29"/>
						<String ID="P100_ST00876" HPOS="3421" VPOS="3230" WIDTH="67" HEIGHT="22" CONTENT="von" WC="1.00" CC="000"/>
						<SP ID="P100_SP00766" HPOS="3488" VPOS="3259" WIDTH="27"/>
						<String ID="P100_ST00877" HPOS="3515" VPOS="3216" WIDTH="99" HEIGHT="33" CONTENT="einem" WC="0.99" CC="04401"/>
					</TextLine>
					<TextLine ID="P100_TL00112" HPOS="2474" VPOS="3269" WIDTH="689" HEIGHT="49">
						<String ID="P100_ST00878" HPOS="2474" VPOS="3270" WIDTH="126" HEIGHT="34" CONTENT="andern" WC="1.00" CC="010030"/>
						<SP ID="P100_SP00767" HPOS="2600" VPOS="3304" WIDTH="19"/>
						<String ID="P100_ST00879" HPOS="2619" VPOS="3270" WIDTH="148" HEIGHT="34" CONTENT="Gehirne" WC="0.99" CC="2004600"/>
						<SP ID="P100_SP00768" HPOS="2767" VPOS="3304" WIDTH="19"/>
						<String ID="P100_ST00880" HPOS="2786" VPOS="3269" WIDTH="157" HEIGHT="49" CONTENT="plastisch" WC="1.00" CC="040000030"/>
						<SP ID="P100_SP00769" HPOS="2943" VPOS="3318" WIDTH="19"/>
						<String ID="P100_ST00881" HPOS="2962" VPOS="3269" WIDTH="201" HEIGHT="49" CONTENT="geschaffen." WC="0.99" CC="05200660061"/>
					</TextLine>
					<TextLine ID="P100_TL00113" HPOS="2552" VPOS="3321" WIDTH="1063" HEIGHT="38">
						<String ID="P100_ST00882" HPOS="2552" VPOS="3321" WIDTH="110" HEIGHT="35" CONTENT="Ueber" WC="0.75" CC="00515"/>
						<SP ID="P100_SP00770" HPOS="2662" VPOS="3356" WIDTH="19"/>
						<String ID="P100_ST00883" HPOS="2681" VPOS="3322" WIDTH="56" HEIGHT="34" CONTENT="das" WC="0.97" CC="070"/>
						<SP ID="P100_SP00771" HPOS="2737" VPOS="3356" WIDTH="21"/>
						<String ID="P100_ST00884" HPOS="2758" VPOS="3322" WIDTH="163" HEIGHT="36" CONTENT="herrliche" WC="0.99" CC="712643070"/>
						<SP ID="P100_SP00772" HPOS="2921" VPOS="3358" WIDTH="18"/>
						<String ID="P100_ST00885" HPOS="2939" VPOS="3321" WIDTH="206" HEIGHT="37" CONTENT="Aufblühen" WC="0.99" CC="060620000"/>
						<SP ID="P100_SP00773" HPOS="3145" VPOS="3358" WIDTH="19"/>
						<String ID="P100_ST00886" HPOS="3164" VPOS="3323" WIDTH="55" HEIGHT="36" CONTENT="des" WC="1.00" CC="000"/>
						<SP ID="P100_SP00774" HPOS="3219" VPOS="3359" WIDTH="18"/>
						<String ID="P100_ST00887" HPOS="3237" VPOS="3321" WIDTH="244" HEIGHT="37" CONTENT="französischen" WC="1.00" CC="0000404643005"/>
						<SP ID="P100_SP00775" HPOS="3481" VPOS="3359" WIDTH="18"/>
						<String ID="P100_ST00888" HPOS="3499" VPOS="3323" WIDTH="97" HEIGHT="32" CONTENT="Kunst" SUBS_TYPE="HypPart1" SUBS_CONTENT="Kunstgewerbes" WC="0.98" CC="07410"/>
						<HYP HPOS="3596" VPOS="3323" WIDTH="19" CONTENT="-"/>
					</TextLine>
					<TextLine ID="P100_TL00114" HPOS="2475" VPOS="3372" WIDTH="1139" HEIGHT="52">
						<String ID="P100_ST00889" HPOS="2475" VPOS="3375" WIDTH="170" HEIGHT="48" CONTENT="gewerbes" SUBS_TYPE="HypPart2" SUBS_CONTENT="Kunstgewerbes" WC="0.99" CC="00005613"/>
						<SP ID="P100_SP00776" HPOS="2645" VPOS="3423" WIDTH="20"/>
						<String ID="P100_ST00890" HPOS="2665" VPOS="3375" WIDTH="87" HEIGHT="35" CONTENT="wird" WC="0.97" CC="0670"/>
						<SP ID="P100_SP00777" HPOS="2752" VPOS="3423" WIDTH="20"/>
						<String ID="P100_ST00891" HPOS="2772" VPOS="3375" WIDTH="174" HEIGHT="35" CONTENT="nächstens" WC="1.00" CC="100720000"/>
						<SP ID="P100_SP00778" HPOS="2946" VPOS="3423" WIDTH="19"/>
						<String ID="P100_ST00892" HPOS="2965" VPOS="3375" WIDTH="73" HEIGHT="35" CONTENT="hier" WC="0.99" CC="0005"/>
						<SP ID="P100_SP00779" HPOS="3038" VPOS="3423" WIDTH="19"/>
						<String ID="P100_ST00893" HPOS="3057" VPOS="3377" WIDTH="72" HEIGHT="33" CONTENT="eine" WC="0.98" CC="1305"/>
						<SP ID="P100_SP00780" HPOS="3129" VPOS="3423" WIDTH="19"/>
						<String ID="P100_ST00894" HPOS="3148" VPOS="3375" WIDTH="171" HEIGHT="49" CONTENT="befugtere" WC="0.83" CC="600100140"/>
						<SP ID="P100_SP00781" HPOS="3319" VPOS="3424" WIDTH="14"/>
						<String ID="P100_ST00895" HPOS="3333" VPOS="3375" WIDTH="97" HEIGHT="35" CONTENT="Feder" WC="0.98" CC="53005"/>
						<SP ID="P100_SP00782" HPOS="3430" VPOS="3424" WIDTH="18"/>
						<String ID="P100_ST00896" HPOS="3448" VPOS="3372" WIDTH="166" HEIGHT="36" CONTENT="berichten." WC="0.99" CC="0162070204"/>
					</TextLine>
					<TextLine ID="P100_TL00115" HPOS="2475" VPOS="3422" WIDTH="1140" HEIGHT="54">
						<String ID="P100_ST00897" HPOS="2475" VPOS="3429" WIDTH="63" HEIGHT="33" CONTENT="Die" WC="0.98" CC="050"/>
						<SP ID="P100_SP00783" HPOS="2538" VPOS="3462" WIDTH="20"/>
						<String ID="P100_ST00898" HPOS="2558" VPOS="3428" WIDTH="160" HEIGHT="34" CONTENT="Arbeiten" WC="0.99" CC="00643030"/>
						<SP ID="P100_SP00784" HPOS="2718" VPOS="3462" WIDTH="27"/>
						<String ID="P100_ST00899" HPOS="2745" VPOS="3428" WIDTH="56" HEIGHT="34" CONTENT="des" WC="0.99" CC="030"/>
						<SP ID="P100_SP00785" HPOS="2801" VPOS="3462" WIDTH="20"/>
						<String ID="P100_ST00900" HPOS="2821" VPOS="3429" WIDTH="126" HEIGHT="33" CONTENT="Finnen" WC="1.00" CC="000200"/>
						<SP ID="P100_SP00786" HPOS="2947" VPOS="3462" WIDTH="19"/>
						<String ID="P100_ST00901" HPOS="2966" VPOS="3428" WIDTH="160" HEIGHT="48" CONTENT="Vallgren" WC="0.88" CC="00300600"/>
						<SP ID="P100_SP00787" HPOS="3126" VPOS="3476" WIDTH="27"/>
						<String ID="P100_ST00902" HPOS="3153" VPOS="3428" WIDTH="134" HEIGHT="36" CONTENT="wirken" WC="1.00" CC="006000"/>
						<SP ID="P100_SP00788" HPOS="3287" VPOS="3476" WIDTH="27"/>
						<String ID="P100_ST00903" HPOS="3314" VPOS="3426" WIDTH="211" HEIGHT="37" CONTENT="befremdend" WC="0.99" CC="0564009000"/>
						<SP ID="P100_SP00789" HPOS="3525" VPOS="3476" WIDTH="26"/>
						<String ID="P100_ST00904" HPOS="3551" VPOS="3422" WIDTH="64" HEIGHT="36" CONTENT="und" WC="0.97" CC="700"/>
					</TextLine>
					<TextLine ID="P100_TL00116" HPOS="2474" VPOS="3476" WIDTH="1142" HEIGHT="54">
						<String ID="P100_ST00905" HPOS="2474" VPOS="3480" WIDTH="143" HEIGHT="35" CONTENT="fesselnd" WC="0.99" CC="03010630"/>
						<SP ID="P100_SP00790" HPOS="2617" VPOS="3515" WIDTH="15"/>
						<String ID="P100_ST00906" HPOS="2632" VPOS="3480" WIDTH="152" HEIGHT="48" CONTENT="zugleich" WC="0.99" CC="06030100"/>
						<SP ID="P100_SP00791" HPOS="2784" VPOS="3528" WIDTH="19"/>
						<String ID="P100_ST00907" HPOS="2803" VPOS="3480" WIDTH="107" HEIGHT="35" CONTENT="durch" WC="0.99" CC="00400"/>
						<SP ID="P100_SP00792" HPOS="2910" VPOS="3528" WIDTH="22"/>
						<String ID="P100_ST00908" HPOS="2932" VPOS="3481" WIDTH="71" HEIGHT="34" CONTENT="ihre" WC="0.98" CC="2060"/>
						<SP ID="P100_SP00793" HPOS="3003" VPOS="3528" WIDTH="10"/>
						<String ID="P100_ST00909" HPOS="3013" VPOS="3482" WIDTH="186" HEIGHT="48" CONTENT="Mischung" WC="1.00" CC="00340000"/>
						<SP ID="P100_SP00794" HPOS="3199" VPOS="3530" WIDTH="13"/>
						<String ID="P100_ST00910" HPOS="3212" VPOS="3495" WIDTH="69" HEIGHT="21" CONTENT="von" WC="0.98" CC="032"/>
						<SP ID="P100_SP00795" HPOS="3281" VPOS="3530" WIDTH="9"/>
						<String ID="P100_ST00911" HPOS="3290" VPOS="3480" WIDTH="98" HEIGHT="36" CONTENT="Kraft" WC="0.98" CC="06700"/>
						<SP ID="P100_SP00796" HPOS="3388" VPOS="3530" WIDTH="14"/>
						<String ID="P100_ST00912" HPOS="3402" VPOS="3479" WIDTH="69" HEIGHT="36" CONTENT="und" WC="0.95" CC="750"/>
						<SP ID="P100_SP00797" HPOS="3471" VPOS="3530" WIDTH="10"/>
						<String ID="P100_ST00913" HPOS="3481" VPOS="3476" WIDTH="135" HEIGHT="38" CONTENT="weicher" WC="0.98" CC="0425746"/>
					</TextLine>
					<TextLine ID="P100_TL00117" HPOS="2476" VPOS="3530" WIDTH="1140" HEIGHT="52">
						<String ID="P100_ST00914" HPOS="2476" VPOS="3534" WIDTH="129" HEIGHT="34" CONTENT="Grazie." WC="0.99" CC="1600202"/>
						<SP ID="P100_SP00798" HPOS="2605" VPOS="3568" WIDTH="47"/>
						<String ID="P100_ST00915" HPOS="2652" VPOS="3534" WIDTH="94" HEIGHT="34" CONTENT="Seine" WC="1.00" CC="00000"/>
						<SP ID="P100_SP00799" HPOS="2746" VPOS="3568" WIDTH="19"/>
						<String ID="P100_ST00916" HPOS="2765" VPOS="3536" WIDTH="186" HEIGHT="32" CONTENT="Statuetten" WC="1.00" CC="0000600000"/>
						<SP ID="P100_SP00800" HPOS="2951" VPOS="3568" WIDTH="28"/>
						<String ID="P100_ST00917" HPOS="2979" VPOS="3534" WIDTH="72" HEIGHT="34" CONTENT="und" WC="0.98" CC="600"/>
						<SP ID="P100_SP00801" HPOS="3051" VPOS="3568" WIDTH="17"/>
						<String ID="P100_ST00918" HPOS="3068" VPOS="3534" WIDTH="237" HEIGHT="48" CONTENT="Tischgeräthe" WC="0.80" CC="035400260000"/>
						<SP ID="P100_SP00802" HPOS="3305" VPOS="3582" WIDTH="28"/>
						<String ID="P100_ST00919" HPOS="3333" VPOS="3532" WIDTH="73" HEIGHT="36" CONTENT="sind" WC="0.99" CC="0120"/>
						<SP ID="P100_SP00803" HPOS="3406" VPOS="3582" WIDTH="19"/>
						<String ID="P100_ST00920" HPOS="3425" VPOS="3530" WIDTH="68" HEIGHT="38" CONTENT="voll" WC="0.98" CC="0044"/>
						<SP ID="P100_SP00804" HPOS="3493" VPOS="3582" WIDTH="22"/>
						<String ID="P100_ST00921" HPOS="3515" VPOS="3537" WIDTH="101" HEIGHT="27" CONTENT="zarten" WC="0.98" CC="075300"/>
					</TextLine>
					<TextLine ID="P100_TL00118" HPOS="2478" VPOS="3581" WIDTH="1137" HEIGHT="53">
						<String ID="P100_ST00922" HPOS="2478" VPOS="3586" WIDTH="170" HEIGHT="35" CONTENT="Charmes." WC="0.99" CC="30060103"/>
						<SP ID="P100_SP00805" HPOS="2648" VPOS="3621" WIDTH="56"/>
						<String ID="P100_ST00923" HPOS="2704" VPOS="3586" WIDTH="165" HEIGHT="48" CONTENT="Weniger" WC="0.99" CC="0065043"/>
						<SP ID="P100_SP00806" HPOS="2869" VPOS="3634" WIDTH="24"/>
						<String ID="P100_ST00924" HPOS="2893" VPOS="3585" WIDTH="168" HEIGHT="49" CONTENT="gelungen" WC="0.99" CC="05426000"/>
						<SP ID="P100_SP00807" HPOS="3061" VPOS="3634" WIDTH="24"/>
						<String ID="P100_ST00925" HPOS="3085" VPOS="3588" WIDTH="129" HEIGHT="34" CONTENT="scheint" WC="0.99" CC="1004300"/>
						<SP ID="P100_SP00808" HPOS="3214" VPOS="3634" WIDTH="19"/>
						<String ID="P100_ST00926" HPOS="3233" VPOS="3588" WIDTH="88" HEIGHT="33" CONTENT="seine" WC="0.98" CC="30540"/>
						<SP ID="P100_SP00809" HPOS="3321" VPOS="3634" WIDTH="18"/>
						<String ID="P100_ST00927" HPOS="3339" VPOS="3591" WIDTH="143" HEIGHT="43" CONTENT="grössere" WC="1.00" CC="04010030"/>
						<SP ID="P100_SP00810" HPOS="3482" VPOS="3634" WIDTH="19"/>
						<String ID="P100_ST00928" HPOS="3501" VPOS="3581" WIDTH="114" HEIGHT="38" CONTENT="Arbeit," WC="0.98" CC="5561534"/>
					</TextLine>
					<TextLine ID="P100_TL00119" HPOS="2477" VPOS="3633" WIDTH="1138" HEIGHT="54">
						<String ID="P100_ST00929" HPOS="2477" VPOS="3638" WIDTH="55" HEIGHT="35" CONTENT="ein" WC="1.00" CC="000"/>
						<SP ID="P100_SP00811" HPOS="2532" VPOS="3673" WIDTH="17"/>
						<String ID="P100_ST00930" HPOS="2549" VPOS="3638" WIDTH="209" HEIGHT="48" CONTENT="ungeheurer" WC="0.99" CC="7700006206"/>
						<SP ID="P100_SP00812" HPOS="2758" VPOS="3686" WIDTH="19"/>
						<String ID="P100_ST00931" HPOS="2777" VPOS="3638" WIDTH="262" HEIGHT="42" CONTENT="Kronleuchter," WC="1.00" CC="1505200002234"/>
						<SP ID="P100_SP00813" HPOS="3039" VPOS="3686" WIDTH="29"/>
						<String ID="P100_ST00932" HPOS="3068" VPOS="3640" WIDTH="56" HEIGHT="34" CONTENT="der" WC="0.97" CC="035"/>
						<SP ID="P100_SP00814" HPOS="3124" VPOS="3686" WIDTH="19"/>
						<String ID="P100_ST00933" HPOS="3143" VPOS="3653" WIDTH="58" HEIGHT="22" CONTENT="aus" WC="0.99" CC="002"/>
						<SP ID="P100_SP00815" HPOS="3201" VPOS="3686" WIDTH="19"/>
						<String ID="P100_ST00934" HPOS="3220" VPOS="3639" WIDTH="140" HEIGHT="48" CONTENT="Mangel" WC="0.99" CC="070004"/>
						<SP ID="P100_SP00816" HPOS="3360" VPOS="3687" WIDTH="20"/>
						<String ID="P100_ST00935" HPOS="3380" VPOS="3651" WIDTH="43" HEIGHT="22" CONTENT="an" WC="1.00" CC="00"/>
						<SP ID="P100_SP00817" HPOS="3423" VPOS="3687" WIDTH="18"/>
						<String ID="P100_ST00936" HPOS="3441" VPOS="3633" WIDTH="174" HEIGHT="38" CONTENT="Harmonie" WC="0.99" CC="00505340"/>
					</TextLine>
					<TextLine ID="P100_TL00120" HPOS="2476" VPOS="3690" WIDTH="1140" HEIGHT="49">
						<String ID="P100_ST00937" HPOS="2476" VPOS="3690" WIDTH="73" HEIGHT="35" CONTENT="und" WC="0.97" CC="700"/>
						<SP ID="P100_SP00818" HPOS="2549" VPOS="3725" WIDTH="31"/>
						<String ID="P100_ST00938" HPOS="2580" VPOS="3692" WIDTH="204" HEIGHT="47" CONTENT="Proportion" WC="0.99" CC="7600030300"/>
						<SP ID="P100_SP00819" HPOS="2784" VPOS="3739" WIDTH="32"/>
						<String ID="P100_ST00939" HPOS="2816" VPOS="3690" WIDTH="99" HEIGHT="35" CONTENT="keine" WC="1.00" CC="02100"/>
						<SP ID="P100_SP00820" HPOS="2915" VPOS="3739" WIDTH="34"/>
						<String ID="P100_ST00940" HPOS="2949" VPOS="3692" WIDTH="213" HEIGHT="35" CONTENT="einheitliche" WC="1.00" CC="020020010173"/>
						<SP ID="P100_SP00821" HPOS="3162" VPOS="3739" WIDTH="28"/>
						<String ID="P100_ST00941" HPOS="3190" VPOS="3692" WIDTH="177" HEIGHT="47" CONTENT="Wirkung" WC="0.98" CC="0160770"/>
						<SP ID="P100_SP00822" HPOS="3367" VPOS="3739" WIDTH="30"/>
						<String ID="P100_ST00942" HPOS="3397" VPOS="3702" WIDTH="39" HEIGHT="23" CONTENT="zu" WC="0.52" CC="53"/>
						<SP ID="P100_SP00823" HPOS="3436" VPOS="3739" WIDTH="33"/>
						<String ID="P100_ST00943" HPOS="3469" VPOS="3697" WIDTH="147" HEIGHT="37" CONTENT="erzeugen" WC="0.99" CC="05405620"/>
					</TextLine>
					<TextLine ID="P100_TL00121" HPOS="2477" VPOS="3739" WIDTH="1140" HEIGHT="54">
						<String ID="P100_ST00944" HPOS="2477" VPOS="3756" WIDTH="146" HEIGHT="35" CONTENT="vermag." WC="0.99" CC="0050004"/>
						<SP ID="P100_SP00824" HPOS="2623" VPOS="3791" WIDTH="45"/>
						<String ID="P100_ST00945" HPOS="2668" VPOS="3746" WIDTH="39" HEIGHT="32" CONTENT="In" WC="0.80" CC="12"/>
						<SP ID="P100_SP00825" HPOS="2707" VPOS="3791" WIDTH="28"/>
						<String ID="P100_ST00946" HPOS="2735" VPOS="3744" WIDTH="114" HEIGHT="34" CONTENT="seinen" WC="1.00" CC="000200"/>
						<SP ID="P100_SP00826" HPOS="2849" VPOS="3791" WIDTH="24"/>
						<String ID="P100_ST00947" HPOS="2873" VPOS="3743" WIDTH="98" HEIGHT="36" CONTENT="kühn" WC="0.99" CC="0003"/>
						<SP ID="P100_SP00827" HPOS="2971" VPOS="3791" WIDTH="18"/>
						<String ID="P100_ST00948" HPOS="2989" VPOS="3744" WIDTH="240" HEIGHT="49" CONTENT="ausgeführten" WC="1.00" CC="075030003000"/>
						<SP ID="P100_SP00828" HPOS="3229" VPOS="3793" WIDTH="15"/>
						<String ID="P100_ST00949" HPOS="3244" VPOS="3739" WIDTH="373" HEIGHT="42" CONTENT="Glasfenster-Arbeiten" WC="1.00" CC="21000000164405604035"/>
					</TextLine>
				</TextBlock>
			</PrintSpace>
		</Page>
	</Layout>
</alto>
