3437 4572
1433 3900 184 41 75

409 588 230 49 „Allerdings;
661 588 74 37 aber
752 589 55 36 ich
826 590 140 36 möchte
985 604 79 34 gern
1083 589 53 35 die
1155 589 125 35 Details
1299 588 146 35 haben.“

410 642 113 39 „Ach!
553 643 52 34 Sie
625 644 144 38 meinen,
788 657 71 22 was
884 643 55 35 ich
964 644 104 34 Ihnen
1092 642 81 35 über
1199 642 56 35 das
1275 641 204 36 verdammte

330 691 113 37 Schiff
456 694 122 35 erzählt
597 695 97 41 habe,
715 695 82 35 oder
815 696 53 35 die
888 696 149 40 Galeere,
1056 696 68 35 wie
1143 695 77 34 Sie’s
1238 698 149 31 nennen?
1411 697 68 31 Das

329 746 43 34 ist
393 750 33 43 ja
451 746 90 36 doch
567 761 83 34 ganz
676 746 145 43 einfach,
851 750 55 34 das
932 748 139 35 können
1094 749 52 33 Sie
1173 748 72 34 sich
1268 747 89 34 doch
1382 746 99 35 selbst

329 800 136 33 zurecht
479 800 153 35 machen.
705 800 88 35 Aber
811 802 94 40 bitte,
920 802 141 35 machen
1076 802 51 33 Sie
1143 800 56 35 das
1215 804 66 31 Gas
1295 799 114 41 heller,
1425 799 55 34 ich

329 852 137 35 möchte
484 866 81 34 gern
583 854 92 34 noch
695 862 103 27 etwas
818 854 125 35 lesen.“

409 905 59 34 Ich
487 906 91 34 hätte
597 906 72 35 ihm
689 919 55 22 am
762 906 139 35 liebsten
920 906 52 35 die
992 905 202 49 Glasglocke
1214 904 64 36 auf
1293 905 77 35 dem
1388 902 98 51 Kopf

329 957 203 35 zerbrochen
541 971 121 35 wegen
677 959 105 34 seiner
795 959 331 35 unbeschreiblichen
1135 958 210 35 Dummheit.
1371 957 91 35 Aller-

331 1009 99 49 dings
458 1011 92 34 hätte
578 1012 55 34 ich
661 1012 64 33 mir
753 1011 53 35 die
826 1012 197 35 Geschichte
1051 1011 100 35 selbst
1179 1011 134 35 zurecht
1340 1009 141 35 machen

331 1061 151 42 können,
506 1064 61 33 mit
591 1063 57 35 der
666 1063 116 35 Hälfte
805 1078 70 21 von
899 1065 88 40 dem,
1016 1077 70 22 was
1112 1063 132 35 Charlie
1270 1076 57 22 aus
1351 1063 131 47 eigener

331 1113 210 50 Erfahrung,
562 1117 89 33 ohne
671 1117 72 33 eine
764 1117 151 48 Ahnung
933 1117 113 35 davon
1064 1129 41 22 zu
1124 1117 122 39 haben,
1272 1124 135 27 wusste.

330 1167 90 34 Aber
434 1168 56 34 ich
508 1169 59 33 sah
585 1167 123 35 keinen
727 1169 141 35 anderen
883 1172 151 46 Ausweg
1053 1169 69 34 und
1137 1177 123 26 musste
1275 1176 140 31 warten,
1430 1167 50 35 bis

330 1220 74 34 ihm
423 1220 109 47 gefiel,
552 1221 64 33 mir
630 1222 136 34 weitere
780 1222 266 48 Mittheilungen
1065 1235 41 21 zu
1125 1222 151 34 machen.
1305 1221 52 34 Bis
1378 1220 104 34 dahin

332 1272 94 34 hatte
452 1273 54 34 ich
531 1274 109 34 nichts
660 1275 117 33 weiter
801 1287 41 21 zu
867 1275 99 39 thun,
986 1274 45 34 als
1056 1275 61 34 ihn
1142 1275 36 33 in
1197 1282 94 39 guter
1310 1276 112 31 Laune
1440 1286 42 21 zu

331 1324 159 36 erhalten.
536 1328 118 32 Wenn
682 1327 56 33 ich
763 1326 91 35 mich
879 1340 65 21 nur
972 1327 98 34 einen
1098 1325 212 49 Augenblick
1339 1338 142 35 vergass,

330 1378 134 33 machte
479 1378 55 34 ich
549 1378 169 35 vielleicht
729 1380 71 33 eine
811 1379 233 35 unschätzbare
1056 1376 235 51 Offenbarung
1305 1391 40 22 zu
1358 1378 122 35 nichte.

329 1430 81 33 Von
428 1430 75 34 Zeit
527 1444 40 21 zu
586 1432 73 33 Zeit
677 1431 104 34 schob
808 1444 32 22 er
865 1432 87 33 seine
971 1432 127 34 Bücher
1117 1431 54 34 bei
1188 1432 85 33 Seite
1373 1444 33 21 er
1423 1430 40 35 be-

329 1482 132 34 wahrte
480 1483 47 34 sie
545 1486 76 44 jetzt
640 1484 34 33 in
694 1484 125 34 meiner
839 1483 111 41 Stube,
964 1484 82 35 weil
1064 1496 32 22 er
1116 1482 178 42 fürchtete,
1309 1483 71 34 dass
1394 1484 88 33 seine

329 1536 132 32 Mutter
489 1536 71 34 sich
587 1535 81 34 über
697 1535 53 35 die
770 1536 186 35 schamlose
986 1536 301 47 Verschwendung
1317 1534 165 49 beklagen

329 1587 120 34 würde
564 1588 72 34 und
667 1587 70 48 fing
755 1588 127 35 wieder
901 1602 53 26 an,
973 1589 71 34 sich
1063 1590 35 33 in
1116 1589 112 33 seinen
1246 1588 236 34 Träumereien

329 1651 42 22 zu
390 1640 153 46 ergehen.
581 1641 204 34 Wiederum
803 1641 92 34 hatte
913 1641 57 34 ich
988 1641 254 47 Veranlassung,
1262 1640 62 35 alle
1344 1641 138 34 Dichter

329 1691 169 48 Englands
518 1705 40 21 zu
576 1693 254 35 verwünschen.
859 1694 62 33 Die
941 1693 237 49 empfindsame
1193 1693 89 34 Seele
1301 1692 54 36 des
1371 1691 89 36 Bank-

329 1743 149 35 kommis
506 1758 73 21 war
605 1745 107 35 durch
739 1746 88 33 seine
849 1745 142 35 Lektüre
1010 1745 88 35 stark
1121 1745 191 35 beeinflusst
1330 1745 70 35 und
1422 1757 58 22 aus

328 1797 108 33 ihrem
451 1796 263 48 gewöhnlichen
724 1796 101 36 Pfade
837 1798 287 47 herausgetrieben
1133 1797 151 36 worden.
1305 1799 62 33 Die
1381 1797 99 47 Folge

329 1849 113 34 davon
456 1862 84 27 war,
559 1849 73 34 dass
656 1850 71 34 sich
755 1849 53 35 die
832 1849 184 35 Gedanken
1040 1851 71 33 und
1129 1849 188 35 Eindrücke
1335 1850 147 34 Anderer

327 1902 66 33 mit
418 1903 112 33 seinen
558 1903 138 46 eigenen
718 1902 248 35 unentwirrbar
988 1902 253 40 verwickelten,
1268 1915 30 21 es
1317 1915 89 28 war,
1433 1902 47 34 als

327 1966 104 22 wenn
451 1968 80 21 man
545 1954 77 34 dem
636 1954 277 35 Durcheinander
932 1955 87 34 eines
1034 1954 244 36 vielbenutzten
1291 1954 189 49 Telephons

327 2006 164 35 während
511 2006 56 34 der
585 2005 273 50 beschäftigtsten
879 2007 150 34 Stunden
1047 2007 55 34 des
1121 2009 104 46 Tages
1245 2008 129 34 zuhört.

407 2061 43 32 Er
469 2059 118 48 sprach
600 2072 70 21 von
684 2059 57 34 der
755 2058 137 36 Galeere
911 2060 35 33 in
960 2059 152 40 Phrasen,
1131 2060 54 34 die
1204 2059 56 34 der
1273 2062 125 37 „Braut
1412 2072 68 23 von

327 2110 166 47 Abydos“
511 2111 151 34 entlehnt
680 2124 126 22 waren.
844 2114 42 32 Er
905 2111 173 35 erläuterte
1098 2112 53 34 die
1170 2112 188 34 Abenteuer
1376 2113 103 33 seines

326 2163 136 34 Helden
489 2164 62 33 mit
573 2164 133 34 Citaten
732 2176 69 22 von
827 2163 77 35 dem
931 2166 181 38 „Corsar“,
1141 2164 61 34 mit
1232 2164 145 40 düstren,
1404 2177 56 22 ver-

325 2215 192 35 zweifelten
531 2215 225 35 moralischen
771 2217 267 46 Betrachtungen
1051 2229 57 21 aus
1124 2217 135 39 „Cain“
1272 2216 72 35 und
1353 2218 127 38 „Man-

464 2268 72 34 und
567 2268 124 34 bildete
722 2269 71 33 sich
821 2269 71 40 ein,
919 2268 71 35 dass
1018 2269 55 33 ich
1105 2269 45 34 sie
1179 2268 63 35 alle
1269 2269 210 47 gebrauchen

325 2321 132 34 würde.
486 2322 35 33 N
527 2333 38 22 ur
579 2333 105 23 wenn
698 2321 66 35 wir
783 2319 64 36 auf
856 2320 219 48 Longfellow
1089 2319 135 42 kamen,
1240 2329 239 27 verstummten

326 2373 90 35 diese
430 2373 170 48 widrigen
619 2373 272 35 bombastischen
904 2374 159 42 Phrasen;
1084 2373 89 35 dann
1187 2381 125 27 wusste
1324 2373 66 40 ich,
1406 2374 72 34 dass

326 2425 136 35 Charlie
480 2425 213 35 Thatsachen
712 2425 151 35 erzählte.

404 2479 106 39 „Wie
521 2476 118 49 gefällt
648 2478 106 34 Ihnen
764 2477 98 35 das?“
877 2486 90 39 sagte
981 2478 56 34 ich
1052 2478 86 34 eines
1154 2477 144 40 Abends,
1313 2477 166 35 nachdem

328 2531 56 35 ich
408 2531 64 33 mir
498 2530 73 35 klar
593 2531 157 47 gemacht
774 2530 104 40 hatte,
903 2531 123 33 womit
1049 2530 56 34 ich
1131 2543 55 21 am
1212 2532 118 32 Besten
1355 2531 124 33 seinem

327 2583 223 35 Gedächtniss
575 2596 41 21 zu
642 2582 96 35 Hilfe
762 2582 164 35 kommen
951 2581 139 35 konnte.
1129 2581 80 35 Und
1236 2582 59 34 ehe
1324 2595 33 22 er
1381 2583 98 34 einen

327 2634 165 37 Einwurf
519 2635 142 35 machen
689 2634 145 41 konnte,
867 2635 46 34 las
942 2635 56 34 ich
1025 2634 72 35 ihm
1123 2634 140 35 beinahe
1291 2634 53 35 die
1376 2647 101 35 ganze

325 2689 143 34 Version
487 2686 249 49 Longfellow’s
755 2700 68 23 von
844 2687 55 34 der
919 2690 83 44 Saga
1023 2686 54 34 des
1092 2688 130 46 Königs
1242 2686 88 35 Olaf
1343 2700 69 22 vor.

325 2744 42 31 Er
386 2741 97 34 hörte
509 2741 63 34 mit
593 2738 150 37 offenem
760 2739 132 34 Munde
917 2739 70 34 und
1007 2747 196 40 gespannter
1221 2737 233 36 Aufmerksam-

324 2792 72 35 keit
414 2806 52 27 zu,
485 2792 48 35 bis
554 2792 55 35 ich
630 2806 42 21 an
691 2791 55 35 das
762 2791 74 35 Bild
856 2804 68 22 von
943 2792 121 40 „Einer
1073 2790 293 36 Tamberskelver“
1385 2791 90 35 kam.

403 2849 54 31 Da
475 2844 129 35 konnte
624 2858 33 21 er
675 2845 71 34 sich
765 2843 105 36 kaum
888 2844 105 34 lassen
1012 2857 61 21 vor
1091 2843 201 36 Entzücken.

403 2901 92 37 „Das
523 2898 42 33 ist
593 2898 92 33 noch
713 2897 142 34 schöner
883 2896 46 35 als
959 2898 128 44 Byron,
1120 2895 94 35 nicht
1240 2896 146 35 wahr?“
1419 2895 38 35 be-

324 2949 130 36 merkte
473 2950 67 34 ich.

404 3001 190 42 „Schöner?
623 3004 70 32 Vor
712 3000 112 36 Allem
920 3013 30 21 es
975 3001 43 33 ist
1035 3000 111 36 wahr!
1177 3000 89 35 Aber
1366 2999 89 36 merk-

324 3055 139 47 würdig
552 3055 67 33 wie
638 3053 129 35 konnte
786 3066 34 22 er
840 3053 55 35 das
915 3052 91 35 Alles
1025 3053 163 35 wissen?“

404 3107 57 35 Ich
480 3106 47 34 las
546 3107 137 34 weiter:

581 3175 88 37 „Was
692 3185 64 18 war
780 3173 67 30 das?
870 3173 49 31 ich
941 3173 88 30 hörte
1053 3173 126 40 Klänge,

583 3218 80 30 Olaf
681 3218 69 37 rief,
774 3218 42 29 als
839 3218 40 29 ob
903 3217 50 29 ein
976 3217 98 31 Schilf

581 3261 182 38 Strandend,
786 3260 203 31 tausendfach
1011 3266 190 35 zerspränge,

579 3305 150 30 Berstend
752 3316 38 18 an
814 3305 71 29 dem
908 3305 188 30 Felsenriff.“

404 3368 108 40 „Wie
539 3366 130 35 konnte
698 3380 33 21 er
759 3366 56 35 das
844 3368 133 38 wissen,
1005 3368 68 34 wie
1099 3366 53 35 die
1176 3365 122 36 Schiffe
1329 3366 146 35 krachen

324 3420 72 35 und
423 3419 128 34 bersten
579 3419 71 34 und
678 3420 68 34 wie
774 3419 53 34 die
855 3419 114 35 Ruder
997 3417 64 36 auf
1088 3419 57 34 der
1173 3420 96 33 einen
1297 3420 84 33 Seite
1408 3432 51 21 zer-

324 3478 179 29 trümmert
521 3471 158 35 werden?
772 3472 150 35 Neulich
940 3472 210 35 Nachts....
1178 3471 76 35 aber
1273 3471 93 41 bitte,
1385 3471 90 35 lesen

324 3526 53 34 Sie
397 3525 91 34 doch
505 3524 161 35 nochmal
685 3537 68 21 von
772 3524 119 48 Sigurd
910 3525 36 33 in
964 3523 261 48 Salten-Fjord!“

403 3578 153 40 „Nein,“
571 3584 200 28 antwortete
785 3577 66 40 ich,
867 3577 81 40 „ich
959 3576 58 35 bin
1032 3577 112 40 müde,
1155 3577 66 35 wir
1234 3577 130 35 wollen
1373 3577 102 35 lieber

325 3631 56 34 ein
400 3630 139 35 Bischen
558 3629 207 42 schwatzen;
785 3643 71 21 was
877 3630 153 48 passierte
1048 3629 89 35 denn
1155 3629 136 35 neulich
1301 3631 173 34 Nachts?“

402 3683 82 40 „Ich
498 3683 92 34 hatte
606 3682 96 34 einen
720 3680 216 37 furchtbaren
950 3684 126 32 Traum
1094 3695 68 22 von
1175 3695 132 23 unserer
1322 3682 149 36 Galeere:

1585 588 71 34 Mir
1669 591 156 37 träumte,
1834 587 55 34 ich
1901 588 46 33 sei
1961 586 53 36 bei
2029 588 107 33 einem
2149 585 142 37 Gefecht
2305 587 190 36 ertrunken.
2519 590 106 33 Unser
2634 587 112 37 Schiff

1585 639 66 36 lief
1674 653 43 21 an
1736 640 57 34 der
1811 640 85 34 Seite
1922 640 86 34 eines
2033 640 143 35 anderen
2204 638 138 37 Schiffes
2369 640 48 34 im
2436 639 113 36 Hafen
2571 654 52 22 an.
2671 644 67 33 Das

1585 695 139 32 Wasser
1746 705 74 22 war
1847 692 206 48 vollständig
2077 692 112 47 ruhig,
2214 692 49 35 bis
2289 691 64 36 auf
2376 693 53 34 die
2457 692 136 42 Stellen,
2620 707 59 22 wo
2707 708 32 20 es

1585 759 71 21 von
1682 757 141 22 unseren
1849 744 139 36 Rudern
2016 745 133 48 bewegt
2175 745 127 34 wurde.
2354 746 52 33 Sie
2432 746 135 40 wissen,
2595 760 60 21 wo
2684 747 56 35 ich

1585 799 119 33 immer
1727 797 88 35 beim
1832 797 140 35 Rudern
1996 799 95 33 sitze?
2114 818 44 6 —
2164 804 23 14 cc
2205 800 43 32 Er
2271 799 118 47 sprach
2406 797 153 49 Anfangs
2582 799 156 48 zögernd,

1587 850 45 36 als
1653 850 45 35 ob
1718 863 32 21 er
1769 849 141 41 fürchte,
1931 849 73 35 dass
2023 850 57 34 ich
2098 849 61 35 ihn
2177 850 180 35 auslachen
2376 851 130 35 würde.

1668 903 160 43 „Nein,“
1863 910 201 28 antwortete
2100 903 57 33 ich
2194 902 182 41 kleinlaut,
2417 904 64 34 mit
2521 902 217 51 klopfendem

1585 959 142 37 Herzen,
1748 955 80 40 „das
1848 956 100 34 weiss
1967 956 57 34 ich
2042 955 91 35 noch
2151 955 130 35 nicht.“

1665 1007 103 42 „Auf
1787 1007 57 35 der
1863 1008 125 34 vierten
2008 1007 94 35 Bank
2128 1021 81 22 vom
2228 1010 84 46 Bug,
2335 1006 63 36 auf
2420 1007 57 35 der
2500 1009 134 35 rechten
2653 1009 84 35 Seite

1587 1061 55 35 des
1663 1061 122 34 oberen
1796 1060 139 35 Deckes.
1963 1061 81 33 Wir
2056 1073 115 22 waren
2185 1073 41 21 zu
2239 1061 112 34 vieren
2365 1073 42 22 an
2422 1060 76 35 dem
2514 1062 97 34 einen
2625 1061 115 35 Ruder

1586 1113 300 49 festgeschmiedet.
1922 1113 57 34 Ich
1998 1113 151 34 entsinne
2166 1113 92 35 mich
2272 1126 84 34 ganz
2369 1126 121 34 genau,
2511 1113 71 35 dass
2596 1113 67 42 ich,
2679 1115 61 33 ehe

1587 1167 58 35 der
1675 1164 131 50 Kampf
1827 1165 149 48 begann,
2004 1166 194 40 versuchte,
2220 1167 109 33 meine
2351 1166 250 34 Handschellen
2627 1167 94 34 loszu-

1587 1220 153 34 machen.
1769 1221 98 32 Dann
1886 1217 141 36 rückten
2042 1218 66 35 wir
2128 1218 92 35 dicht
2239 1231 42 22 an
2300 1218 57 35 das
2373 1218 118 35 andere
2505 1216 112 37 Schiff
2623 1219 115 41 heran,

1587 1272 115 35 dessen
1721 1284 102 35 ganze
1840 1268 218 37 Mannschaft
2077 1269 65 36 auf
2155 1283 100 22 unser
2268 1269 172 36 Bollwerk
2460 1284 129 35 sprang.
2623 1272 116 34 Meine

1586 1324 95 35 Bank
1708 1324 171 41 zerbrach,
1899 1324 70 34 und
1997 1324 56 34 ich
2080 1322 56 49 lag
2154 1331 106 26 unten
2287 1324 262 48 eingequetscht,
2577 1325 64 33 mit
2670 1324 70 35 drei

1587 1376 122 35 Kerlen
1734 1376 82 35 über
1835 1378 73 38 mir,
1933 1375 69 35 und
2022 1376 56 35 das
2098 1389 111 35 grosse
2228 1375 115 35 Ruder
2361 1389 73 22 war
2456 1376 111 35 hinter
2584 1389 154 22 unserem

1587 1429 141 36 Rücken
1748 1427 263 50 eingepfercht.“

1665 1482 168 40 „Weiter,
1855 1481 135 34 Charlie
2002 1482 6 33 l
2012 1485 21 16 cC

1665 1535 69 34 Mit
1747 1532 276 49 weitgeöffneten
2042 1531 209 37 funkelnden
2265 1534 122 46 Augen
2401 1531 64 36 fest
2483 1531 66 36 auf
2557 1533 53 35 die
2620 1533 119 35 Wand

1587 1588 110 35 hinter
1725 1588 63 33 mir
1817 1585 169 42 blickend,
2014 1584 81 36 fuhr
2123 1585 135 35 Charlie
2285 1584 88 36 fort:
2408 1585 83 41 „Ich
2517 1586 99 34 weiss
2644 1587 95 33 nicht

1586 1640 107 39 mehr,
1712 1640 69 34 wie
1800 1639 58 34 der
1872 1637 131 51 Kampf
2016 1651 61 21 vor
2096 1639 70 34 sich
2185 1639 94 47 ging.
2320 1639 63 33 Die
2403 1651 101 35 ganze
2518 1637 220 37 Mannschaft

1587 1691 172 49 trampelte
1780 1690 62 36 auf
1856 1692 145 33 meinem
2020 1690 141 36 Rücken
2178 1685 132 46 herum,
2329 1690 72 35 und
2420 1690 56 35 ich
2495 1690 128 35 konnte
2645 1692 93 34 mich

1586 1745 95 34 nicht
1710 1745 134 33 rühren.
1886 1747 100 31 Dann
2016 1743 114 49 fingen
2161 1756 116 22 unsere
2308 1744 70 34 vier
2409 1743 150 35 Ruderer
2590 1743 65 35 auf
2681 1743 57 35 der

1585 1796 116 35 linken
1723 1797 97 40 Seite,
1841 1797 53 33 die
1914 1795 158 35 ebenfalls
2100 1795 267 49 angeschmiedet
2388 1809 135 26 waren,
2547 1808 40 22 zu
2615 1795 123 35 heulen

1587 1862 44 22 an
1657 1849 71 35 und
1755 1849 154 34 ruderten
1938 1848 199 38 rückwärts.
2185 1849 59 34 Ich
2270 1847 128 35 konnte
2425 1848 123 41 hören,
2582 1849 68 34 wie
2679 1848 59 34 das

1586 1905 138 31 Wasser
1742 1902 130 34 brauste
1891 1902 71 33 und
1982 1902 66 34 wir
2065 1914 63 21 uns
2148 1902 48 33 im
2223 1901 114 34 Kreise
2355 1901 120 34 herum
2493 1900 150 42 drehten,
2667 1902 69 34 wie

1587 1955 53 34 ein
1664 1953 219 36 erschreckter
1908 1952 180 36 Maikäfer.
2128 1954 59 34 Ich
2206 1953 132 48 glaube,
2367 1954 72 34 eine
2459 1953 119 35 andere
2599 1953 138 36 Galeere

1585 2006 81 35 kam
1686 2004 64 37 auf
1759 2018 97 23 unser
1871 2005 176 36 Backbord
2066 2018 53 28 zu,
2138 2019 61 21 um
2213 2019 62 21 uns
2290 2018 40 21 zu
2349 2018 161 23 rammen.
2533 2006 59 34 Ich
2605 2005 130 35 konnte

1586 2058 98 49 grade
1708 2060 133 33 meinen
1859 2057 98 49 Kopf
1976 2058 91 35 noch
2091 2071 113 35 genug
2227 2058 118 40 heben,
2365 2071 61 21 um
2451 2058 72 35 ihre
2541 2058 94 49 Segel
2654 2058 81 35 über

1584 2124 134 21 unserer
1741 2110 202 48 Bedeckung
1970 2124 41 21 zu
2036 2111 110 34 sehen.
2187 2112 80 33 Wir
2291 2110 144 35 wollten
2462 2111 51 34 ihr
2537 2113 73 45 Bug
2629 2124 107 35 gegen

1585 2166 73 45 Bug
1677 2164 281 47 entgegengehen,
1978 2163 77 34 aber
2073 2176 31 21 es
2119 2176 73 22 war
2210 2164 106 33 schon
2335 2175 40 21 zu
2394 2166 84 45 spät,
2498 2164 66 34 wir
2581 2163 155 34 konnten

1584 2229 62 21 uns
1679 2229 63 20 nur
1776 2228 82 35 ganz
1884 2216 116 47 wenig
2034 2216 106 33 rechts
2175 2215 137 45 drehen;
2342 2214 54 35 die
2427 2215 136 35 Galeere
2589 2215 65 35 auf
2676 2215 58 35 der

1585 2267 280 35 Steuerbordseite
1883 2269 92 33 hatte
1989 2281 97 21 unser
2100 2267 166 48 Fahrzeug
2279 2275 148 40 geentert
2441 2267 71 35 und
2525 2268 209 35 verhinderte

1584 2333 62 21 uns
1667 2333 42 22 an
1726 2320 89 47 jeder
1837 2323 205 45 Bewegung.
2084 2323 101 31 Dann
2271 2321 86 33 Herr
2376 2321 103 33 Gott!
2580 2319 80 37 kam
2680 2322 55 33 ein

1583 2373 126 34 Krach!
1750 2375 124 31 Unsere
1897 2372 114 34 Ruder
2100 2371 64 36 auf
2183 2372 58 34 der
2258 2371 256 35 Backbordseite
2540 2373 110 34 meine
2677 2374 58 34 ich

1642 2425 143 34 brachen
1803 2424 90 34 beim
1907 2427 180 32 Anrennen
2106 2425 35 34 in
2159 2424 139 34 tausend
2318 2423 132 37 Stücke.
2490 2428 100 31 Dann
2610 2425 125 35 kamen

1585 2477 52 35 die
1656 2477 114 34 Ruder
1790 2477 54 34 des
1864 2477 144 34 anderen
2027 2476 107 36 Decks
2153 2476 201 48 umgekehrt
2373 2476 108 36 durch
2500 2477 52 34 die
2566 2477 165 43 Planken;

1584 2530 68 34 eins
1672 2529 70 48 flog
1760 2530 91 34 hoch
1868 2530 39 33 in
1925 2529 53 35 die
1992 2528 82 36 Luft
2093 2529 69 35 und
2180 2529 56 34 fiel
2249 2529 94 35 dicht
2357 2529 107 35 neben
2478 2530 146 35 meinem
2639 2530 99 49 Kopf

1583 2581 128 36 wieder
1729 2582 192 34 herunter.“

1661 2635 107 39 „Wie
1786 2633 81 35 kam
1886 2633 89 35 denn
1994 2633 55 35 das
2061 2637 36 31 ?“

1661 2689 91 37 „Der
1767 2689 74 45 Bug
1856 2686 55 35 der
1926 2686 141 34 anderen
2081 2685 138 36 Galeere
2234 2685 104 36 schob
2354 2687 45 34 sie
2413 2686 107 35 durch
2535 2687 53 34 die
2601 2686 112 36 Ruder-

1582 2738 116 36 löcher
1716 2733 137 40 zurück.
1950 2738 79 35 Und
2050 2737 64 36 auf
2128 2738 64 34 den
2210 2747 140 26 unteren
2368 2738 138 35 Decken
2526 2739 55 34 der
2601 2738 114 36 furcht-

1582 2791 78 34 bare
1687 2790 160 35 Skandal!
1888 2793 100 32 Dann
2007 2789 70 36 traf
2091 2804 61 21 uns
2172 2791 53 34 die
2244 2791 120 34 andere
2383 2792 64 33 mit
2465 2792 108 34 ihrem
2585 2792 127 35 Vorder-

1581 2843 84 35 theil
1679 2844 36 34 in
1729 2843 58 35 der
1801 2844 112 39 Mitte,
1927 2843 112 35 sodass
2055 2843 66 35 wir
2134 2843 142 35 beinahe
2289 2842 211 50 umkippten,
2516 2844 53 35 die
2583 2844 150 35 Ruderer

1582 2895 64 35 auf
1668 2895 58 35 der
1754 2896 135 34 rechten
1912 2897 85 33 Seite
2024 2896 154 34 machten
2206 2896 71 34 ihre
2303 2895 124 35 Haken
2458 2897 72 34 und
2556 2898 94 33 Taue
2681 2897 51 34 los

1580 2947 72 35 und
1672 2946 130 37 warfen
1822 2947 170 36 allerhand
2011 2950 94 46 Zeug
2125 2947 65 36 auf
2204 2948 57 34 das
2281 2948 99 35 obere
2398 2947 112 37 Deck:
2530 2948 114 42 Pfeile,
2660 2951 71 33 und

1580 3001 128 35 heissen
1726 3000 106 34 Theer
1849 3000 72 35 und
1940 3001 119 34 andere
2074 3001 241 44 Geschichten;
2335 3000 57 35 das
2411 3001 155 35 brannte!
2585 3002 149 35 —Und

1580 3054 66 34 wir
1667 3054 125 46 gingen
1809 3053 103 40 hoch,
1931 3053 92 34 hoch
2041 3052 126 36 hinauf
2180 3052 65 35 auf
2258 3053 58 35 der
2329 3053 258 36 Backbordseite
2661 3055 74 34 und

1581 3104 65 36 auf
1666 3105 56 35 der
1745 3105 280 35 Steuerbordseite
2049 3104 97 36 tiefer
2168 3105 69 35 und
2262 3104 95 36 tiefer
2381 3107 112 35 herab.
2535 3107 59 35 Ich
2618 3107 115 35 drehte

1581 3158 93 34 mich
1705 3171 59 21 um
1796 3158 70 34 und
1897 3158 70 40 sah,
1992 3158 67 35 wie
2088 3158 56 35 das
2171 3161 140 32 Wasser
2337 3159 80 34 über
2448 3172 117 22 unsere
2597 3160 136 35 rechten

1580 3209 149 36 Planken
1763 3211 219 48 emporstieg;
2019 3211 98 34 einen
2143 3210 214 49 Augenblick
2389 3212 115 34 schien
2538 3226 31 21 es
2597 3212 69 35 still
2691 3225 42 22 zu

1581 3263 126 40 stehen,
1736 3262 91 35 dann
1854 3261 80 36 kam
1962 3276 31 21 es
2022 3264 62 34 mit
2112 3264 109 34 einem
2248 3264 193 48 mächtigen
2460 3267 96 33 Sturz
2583 3264 65 36 auf
2669 3279 63 21 uns

1580 3315 113 40 herab,
1712 3316 92 34 mich
1823 3314 120 49 schlug
1961 3328 31 21 es
2013 3316 36 34 in
2068 3315 64 35 den
2150 3315 144 36 Rücken
2312 3317 71 34 und
2404 3325 78 19 —“

1659 3368 129 40 „Einen
1812 3367 225 49 Augenblick,
2058 3368 148 36 Charlie!
2296 3370 84 35 Wie
2404 3370 60 35 sah
2488 3370 89 36 denn
2602 3371 53 35 die
2673 3373 58 32 See

1581 3433 70 28 aus,
1672 3420 45 35 als
1737 3421 46 34 sie
1801 3420 80 35 über
1900 3424 86 31 Euer
2004 3422 125 33 rechtes
2149 3421 172 36 Bollwerk
2340 3423 125 48 stieg?“

1658 3473 59 34 Ich
1740 3473 92 34 hatte
1856 3474 98 34 einen
1980 3473 215 36 bestimmten
2213 3475 130 40 Grund,
2370 3476 88 33 diese
2480 3478 100 45 Frage
2606 3488 43 22 an
2670 3476 60 33 ihn

1580 3539 41 21 zu
1650 3526 144 34 richten:
1824 3526 64 34 Ein
1914 3525 187 36 Bekannter
2129 3540 70 22 von
2223 3528 65 34 mir
2310 3541 73 22 war
2410 3527 64 36 auf
2493 3529 108 34 einem
2627 3526 111 37 Schiff

1580 3591 165 35 gewesen,
1762 3578 56 35 das
1832 3579 36 34 in
1881 3579 101 48 Folge
2002 3580 87 34 eines
2104 3579 121 36 Leckes
2244 3580 54 35 bei
2317 3581 135 48 ruhiger
2467 3584 57 31 See
2540 3582 191 47 unterging,

1579 3631 70 35 und
1668 3631 91 35 hatte
1778 3631 210 41 beobachtet,
2008 3632 71 35 dass
2099 3633 53 34 die
2169 3635 256 39 Wassermasse,
2444 3634 60 34 ehe
2523 3634 45 34 sie
2596 3632 65 37 auf
2674 3633 57 34 das

1579 3683 95 36 Deck
1694 3684 54 34 des
1769 3682 138 37 Schiffes
1928 3690 132 36 stürzte,
2081 3686 97 34 einen
2196 3685 215 48 Augenblick
2429 3686 67 35 still
2514 3686 107 35 stand.
