3807 4572
2323 3937 212 43 132

1183 635 199 42 Ehrenlegion
1412 635 143 32 erhalten.
1658 632 62 32 Am
1742 640 33 32 3.
1795 630 84 41 Juni
1898 629 86 41 ftarb
2015 630 57 30 der
2100 626 237 41 verdienftvolle,

1176 687 191 44 feinfinnige
1400 688 55 31 Dr.
1486 686 156 34 Conrad
1674 684 149 33 Fiedler
1855 683 33 30 in
1920 680 168 40 München,
2122 680 56 30 der
2208 678 130 37 Maries,

1183 741 135 40 Böcklin,
1343 739 122 41 Thoma,
1483 739 104 39 Adolf
1598 737 196 33 Hildebrand
1818 736 70 31 und
1909 734 78 32 viele
2009 734 117 30 andere
2142 731 146 40 Künftler
2306 730 33 30 in

1185 795 94 31 ihrem
1305 793 124 32 Wirken
1457 794 74 38 aufs
1561 788 265 40 nachdrücklidofte
1851 787 156 41 gefördert
2035 787 70 30 und
2116 783 64 43 fido
2202 782 138 32 dadurch

1185 848 56 30 das
1258 845 157 39 Verdienft
1435 844 154 32 erworben
1612 844 59 38 hat,
1697 840 203 34 unmittelbar
1920 839 74 32 nado
2010 840 69 30 dem
2097 838 120 38 Grafen
2234 835 106 32 Schack

1185 899 48 30 als
1255 898 87 31 einer
1367 898 126 40 unflerer
1519 894 284 42 hervorragendften
1828 893 127 32 Mäcene
1979 891 145 42 genannt
2144 898 41 33 zji
2208 890 132 30 werden.

1252 951 67 30 Der
1340 950 103 31 Maler
1469 950 97 31 Paul
1599 947 247 38 Chonavard,
1877 947 57 29 der
1960 945 32 30 in
2021 944 90 31 Paris
2133 941 151 42 geftorben
2307 940 37 40 ifl

1187 1004 49 40 (er
1256 1012 70 22 war
1346 1010 72 24 isos
1443 1002 33 31 in
1499 1002 83 39 Lyon
1601 998 157 43 geboren),
1788 999 54 31 hat
1867 999 57 30 der
1953 997 91 31 Stadt
2065 997 82 38 Lyon
2176 995 48 30 als
2238 994 106 41 feiner

1188 1054 248 42 Univerflalerbin
1458 1054 51 31 die
1528 1051 221 43 Verpflidotung
1770 1052 60 37 auf
1831 1051 99 40 erlegt,
1946 1047 130 44 jährlich
2099 1056 85 30 ;000
2199 1048 62 38 frs.
2285 1054 60 33 zur

1189 1108 244 42 Unterftützung
1453 1117 61 21 von
1529 1107 107 39 lyoner
1649 1104 168 39 Künftlern
1840 1112 43 22 tm
1899 1102 91 31 Alter
2003 1110 60 22 von
2087 1100 76 31 über
2171 1108 39 33 55
2218 1099 123 39 Jahren,,

1187 1170 90 22 2000
1286 1162 61 37 frs.
1365 1161 64 38 für
1449 1161 58 29 das
1523 1157 128 42 Bildniß
1672 1156 87 31 einer
1772 1155 107 40 lyoner
1892 1152 212 40 Berühmtheit,
2122 1152 51 31 die,
2188 1150 156 42 jedesmal

1188 1216 57 29 der
1267 1213 169 31 Gewinner
1464 1213 52 29 des
1545 1211 107 37 lyoner
1673 1208 112 41 Preifles
1813 1216 60 22 von
1897 1207 90 31 Paris
2010 1204 214 42 anzufertigen
2248 1203 94 31 haben

1188 1266 89 40 wird,
1303 1274 82 22 1000
1401 1265 61 38 frs.
1486 1272 60 33 zur
1568 1261 309 40 Vervollftändtgung
1898 1260 52 30 des
1973 1258 160 40 Mufleums
2158 1255 187 31 Chonavard

1188 1328 41 23 ZU
1251 1319 184 29 verwenden
1459 1317 70 31 und
1551 1314 115 33 endlido
1681 1312 130 39 jährlich
1826 1321 90 22 2000
1932 1312 62 38 frs.
2018 1308 250 43 zurückzulegen,
2293 1307 51 31 die

1187 1371 67 36 ftets
1276 1370 74 31 nado
1373 1369 125 39 Ablauf
1516 1378 59 21 von
1687 1366 113 39 Jahren
1823 1373 18 32 z
1842 1373 54 22 um
1919 1362 141 39 Ankauf

1190 1425 52 29 des
1270 1420 282 42 hervorragendften
1579 1418 162 33 innerhalb
1772 1417 98 41 diefler
1897 1415 67 32 Zeit
1992 1415 48 31 ent-

1187 1475 169 37 flandenen
1371 1474 117 31 Werkes
1502 1472 82 32 eines
1596 1472 106 40 lyoner
1710 1469 160 40 Künfllers
1884 1468 174 30 verwendet

1190 1528 123 30 werden
1338 1526 100 39 flotten
1442 1550 6 7 0
1543 1525 96 31 Einer
1669 1525 57 29 der
1754 1521 161 41 thätigften
1944 1519 95 39 Kunft-

1180 1581 153 38 forderen,
1347 1579 149 32 Ludivig
1509 1577 156 33 Eduard
1677 1576 173 37 Behrens,
1864 1573 57 29 der
1930 1570 130 43 Befitzer

1188 1632 86 31 einer
1296 1630 121 42 äußerft
1434 1629 170 42 gewählten
1621 1627 136 33 GaUerie
1777 1626 163 31 moderner
1953 1623 107 30 Bilder

1180 1685 98 41 flowie
1298 1684 87 31 einer
1399 1682 113 32 reidoen
1528 1681 188 40 Sammlung
1736 1677 184 42 altmeißner
1942 1674 100 42 Porzel-

1188 1736 86 39 lane,
1300 1735 35 39 ifl
1362 1735 34 31 in
1423 1733 164 41 Hamburg
1609 1732 160 42 geftorben.
1822 1730 45 31 Er
1893 1727 166 32 vermadote

1189 1790 57 29 der
1266 1787 197 41 Hamburger
1483 1785 179 40 Kunfthaüe
1685 1792 129 34 130000
1836 1782 65 31 Mk.
1924 1780 60 32 mit
2005 1781 57 30 der

1180 1841 73 42 flehr
1265 1838 211 41 verfländigen
1491 1837 187 40 Beftimmun
1678 1845 29 31 g,
1725 1836 64 40 daß
1802 1843 58 22 aus
1876 1836 60 29 den
1949 1832 110 42 Zinflen

1189 1894 95 40 diefles
1306 1891 143 40 Kapitals
1477 1898 66 23 nur
1564 1888 150 33 Gemälde
1742 1886 94 40 erften
1859 1887 121 39 Ranges
2003 1895 38 21 an-

1186 1945 132 41 gekauft
1344 1945 123 30 werden
1486 1942 119 41 flollen;
1625 1941 82 39 falls
1720 1939 97 42 floldoe
1842 1940 113 40 gerade
1984 1937 80 31 nicht

1189 1996 139 42 käuflich,
1351 1994 80 43 find
1464 1995 52 31 die
1554 1994 109 40 Zinflen
1698 2001 18 33 z
1718 2001 53 22 um
1808 1990 121 33 Zwecke
1954 1990 110 40 flpäter

1185 2048 171 42 geeigneter
1394 2047 84 32 Wahl
1520 2045 244 41 anzufammeln.
1893 2043 168 33 Fernand

1190 2101 199 34 Khnoppf’s
1405 2099 184 41 „Memories
1596 2098 14 16 u
1627 2098 107 31 wurde
1757 2097 33 31 in
1810 2095 89 33 Wien
1923 2105 60 21 von
2007 2096 58 29 der

1183 2155 81 39 Jury
1279 2155 57 29 der
1345 2152 106 32 XXIII.
1462 2150 304 41 Jahresausftellung,
1784 2149 170 40 allerdings
1970 2148 95 30 unter

1191 2206 129 41 heftigen
1339 2203 248 43 Widerflprüdoen
1610 2203 167 41 außerhalb
1800 2202 70 30 und
1893 2199 168 40 innerhalb,

1188 2258 187 41 praemiiert.
1465 2257 65 31 Das
1557 2265 60 21 von
1641 2255 150 38 derfelben
1818 2254 80 40 Jury
1930 2253 58 31 mit
2009 2253 57 30 der

1193 2310 238 41 Karl-Ludwigs
1441 2328 12 4 -
1463 2309 148 31 Medaille
1656 2307 144 42 gekrönte
1844 2306 73 31 Bild
1961 2305 104 33 Hans

1194 2363 165 33 Temple’s
1392 2362 130 41 „Victor
1551 2361 125 41 Tilgner
1709 2361 32 30 in
1771 2359 120 42 feinem
1924 2357 140 32 Atelier“

1194 2416 81 31 wird
1305 2415 170 40 demnächft
1500 2414 43 31 im
1572 2412 189 33 Münchener
1789 2410 177 41 Glaspalaft
1993 2419 54 22 aus-

1191 2467 115 42 gefteüt
1347 2469 132 29 werden.
1604 2466 67 31 Der
1706 2465 171 32 Bildhauer
1912 2462 152 35 Tomaso

1197 2522 155 32 Gentile
1383 2530 59 21 aus
1475 2519 126 41 Florenz
1639 2518 66 31 will
1734 2516 111 42 feinen
1881 2517 183 30 dauernden

1197 2573 186 39 Aufenthalt
1406 2573 32 31 in
1465 2573 89 32 Wien
1579 2571 136 32 nehmen.

1197 2624 26 36 ([
1251 2624 253 41 Ausstellungen.
1537 2623 25 35 D
1593 2624 72 31 Vom
1695 2632 21 21 1.
1749 2621 170 41 September
1947 2621 47 31 bis
2017 2629 47 33 31.

1199 2678 132 33 Oktober
1352 2678 80 31 wird
1455 2677 66 31 eine
1548 2675 203 41 akademifldoe
1778 2674 291 40 Kunftausflellung

1199 2732 32 31 in
1244 2732 139 30 Dresden
1392 2729 191 43 ftattfinden.
1652 2728 44 31 Im
1712 2728 171 38 laufenden
1891 2727 92 39 Jahre
1990 2726 78 39 fällt

1199 2785 57 30 der
1293 2782 160 42 Sdoweizer
1491 2781 117 41 „Salon
1615 2780 15 16 11
1629 2805 9 16 ,
1684 2780 51 32 die
1764 2780 103 40 große,
1907 2787 61 22 von
2006 2779 60 29 den

1200 2835 240 36 eidgenöflfiflehen
1448 2830 620 41 BundesbehördenflubventionierteAus-

1247 2869 17 7 o
1318 2869 24 8 JJ
1352 2869 14 7 j
1723 2869 12 3 s

1200 2888 138 41 ftellung,
1356 2888 50 31 die
1418 2888 60 30 alle
1489 2886 77 40 zwei
1573 2886 92 40 Jahre
1681 2884 264 41 wiederzukehren
1957 2883 102 41 pflegt,
2076 2891 66 21 aus.
2168 2881 110 38 Dafür
2286 2881 57 30 kon-

1202 2942 145 40 zentriert
1349 2935 63 47 fido
1429 2941 54 30 das
1499 2939 231 40 Kmiftintereffe
1745 2937 79 31 aller
1838 2935 102 42 Kreiße
1956 2935 62 39 auf
2030 2935 50 31 die
2088 2935 106 40 flogen,
2207 2932 153 41 „Lurnus-
2465 2932 1 50 <

1204 2993 190 40 ausfteüung
1398 2992 15 15 u
1413 3017 8 16 ,
1451 2991 65 32 eine
1545 3000 69 22 vom
1646 2989 256 42 Sdwoeigeriflchen
1937 2986 205 41 Kunftverein
2170 2987 191 40 arrangierte

1206 3046 193 40 Sammlung,
1423 3045 51 31 die
1497 3053 59 21 aus
1578 3043 87 31 einer
1678 3042 90 32 Stadt
1790 3042 33 31 in
1846 3042 51 31 die
1921 3042 115 30 andere
2058 3040 79 38 zieht
2158 3040 71 31 und
2243 3038 120 32 überall

1200 3100 37 40 flo
1264 3099 90 40 lange
1380 3097 148 40 verweilt,
1557 3097 48 31 als
1633 3096 168 41 Hoffnung
1825 3095 118 39 befleht,
1974 3095 95 30 etwas
2091 3102 60 21 von
2175 3093 61 30 den
2258 3091 88 40 mitge-

1207 3151 135 31 brachten
1371 3149 139 42 Sdoätzen
1542 3158 43 22 an
1617 3150 60 30 den
1707 3148 105 31 Mann
1839 3156 41 33 zu
1910 3146 134 41 bringen.
2091 3145 133 41 Indefflen
2256 3144 108 31 würde

1209 3213 75 23 man
1300 3204 68 38 fehl
1387 3203 108 41 gehen,
1521 3203 99 30 wollte
1642 3210 76 23 man
1743 3201 33 31 in
1799 3201 99 40 diefler
1924 3199 217 32 wandernden
2163 3196 205 41 Ausftellung

1210 3257 50 31 ein
1283 3265 19 32 z
1303 3266 20 21 u
1326 3256 160 41 treffendes
1509 3255 73 30 Bild
1604 3253 162 42 Schweizer
1766 3252 91 42 flehen
1880 3251 215 42 Kunfilebens,
2120 3250 107 31 Schwei
2229 3248 139 42 zerfldoer

1212 3309 211 40 Kimftübung
1435 3307 157 32 erblicken.
1616 3307 94 31 Denn
1726 3307 51 30 die
1792 3306 182 38 namhaften
1987 3303 148 41 Künftler
2147 3304 57 30 der
2211 3301 155 42 deutflehen

1212 3361 142 32 Kantone
1368 3360 88 41 flucht
1478 3368 76 22 man
1576 3359 68 31 hier
1655 3358 168 42 vergebens.
1863 3357 58 32 Die
1941 3357 92 41 gehen
2050 3355 58 32 mit
2128 3355 83 31 ihren
2229 3354 139 41 neueften

1216 3414 122 31 Werken
1368 3413 33 30 in
1429 3414 59 29 den
1514 3411 144 41 „Salon“,
1691 3412 86 39 oder,
1811 3420 91 21 wenn
1936 3410 99 40 diefler
2056 3408 89 41 fleine
2173 3408 124 39 Pforten
2318 3416 34 31 ge-

1206 3466 146 41 flchloflflen,
1369 3465 33 30 in
1418 3465 50 30 die
1484 3464 202 40 Ausftellung
1699 3465 53 30 des
1760 3464 134 40 jmigen,
1914 3471 61 22 von
1996 3461 185 40 lebendigem
2201 3461 167 30 modernen

1217 3517 96 41 Geißle
1336 3518 145 38 erfüllten
1500 3516 122 33 Vereins
1637 3516 244 40 „Künfilerhaus
1897 3513 136 33 Zürido“.
2067 3514 61 30 Die
2147 3512 225 41 Weftfdoweizer

1217 3570 79 39 aber,
1313 3579 97 22 voran
1426 3570 51 31 die
1495 3570 125 39 Genfer,
1637 3568 95 32 haben
1748 3568 51 32 ein
1815 3568 182 41 beflonderes,
2015 3566 32 31 in
2059 3565 64 42 fich
2138 3565 234 42 abgefchloffenes

1218 3622 199 40 Kunftleben,
1442 3622 34 31 in
1497 3623 71 30 dem
1580 3621 48 43 fee
1651 3622 49 31 ihr
1721 3622 127 40 Genüge
1860 3620 132 42 finden,
2017 3620 71 30 und
2110 3628 91 22 wenn
2213 3617 48 43 fie
2285 3618 70 31 über-

1218 3675 97 38 haupt
1342 3674 236 40 hinausftreben,
1599 3675 38 40 flo
1660 3674 81 39 weift
1768 3674 49 31 ihr
1838 3674 84 38 Pfad
1949 3673 205 40 naturgemäß
2175 3671 74 31 nach
2272 3672 99 30 Paris.

1220 3726 98 31 Bleibt
1338 3726 62 41 aflo
1415 3727 64 38 für
1498 3727 51 30 die
1573 3725 308 42 Turnusausfteüung
1901 3734 66 22 nur
1977 3724 218 42 flchwädoliches
2218 3723 157 42 Mittelgut

2445 621 104 40 übrig,
2574 618 98 41 einige
2695 616 207 39 Dilettanten,
2926 614 58 32 wie
3005 612 48 43 fie
3065 612 63 42 fido
3151 613 33 30 in
3212 613 81 31 allen
3316 614 272 40 „KunftvereineiH

2445 673 78 32 breit
2543 682 17 32 z
2561 682 22 21 u
2606 670 120 33 machen
2751 668 156 41 verftehen,
2933 667 97 40 einige
3046 666 110 39 Maler,
3181 666 51 30 die
3248 666 70 30 nodo
3333 666 108 32 immer
3457 672 132 38 grollend

2446 725 108 42 abfleits
2577 726 56 29 der
2654 732 62 22 neu
2729 722 201 41 gefundenen
2949 719 83 41 Wege
3047 718 111 41 flehen,
3184 717 113 32 endlido
3313 718 94 42 einige
3419 722 70 39 gute
3504 724 85 33 älteix

2446 778 117 40 Stücke,
2587 778 51 30 die
2662 784 70 23 vom
2755 773 210 41 letztjährigen
2982 771 118 42 „Salon
3107 770 15 15 u
3145 770 53 31 her
3219 769 134 33 bekannt
3363 770 84 43 find.
3484 774 61 33 Das
3559 778 32 37 ifl

2447 832 95 31 Alles.
2582 829 58 32 Die
2655 826 207 42 künftleriflche
2878 824 156 32 Ausbeute
3058 823 35 40 ißt
3107 822 146 32 demnach
3266 823 74 40 flehr
3356 825 111 42 gering.
3500 828 91 33 Unter

2447 886 60 29 den
2532 880 166 43 ungemein
2721 878 144 43 zahlreich
2888 878 188 31 vertretenen
3093 874 218 42 Landflchaften
3384 886 58 22 von
3464 887 55 33 iyo
3535 882 36 31 Ge-

2448 936 125 32 mälden
2594 934 129 41 gehören
2745 931 67 41 faßt
2833 940 59 22 100
2916 930 112 41 dieflem
3053 929 101 32 Genre
3182 936 44 23 an
3314 929 160 32 verdienen
3502 934 87 32 allein

2448 988 176 40 Beachtung
2653 985 51 31 ein
2736 994 99 22 warm
2869 983 176 41 abgetönter
3074 981 239 33 Sandreuter
3341 1006 14 15 „
3363 982 161 41 Rheinufer
3549 986 42 32 bei

2448 1042 85 32 Stein
2556 1050 28 22 a.
2601 1040 55 32 Rh.
2664 1038 15 16 “
2697 1039 70 31 und
2789 1037 66 31 eine
2874 1035 167 41 pradotvoll
3064 1032 228 42 durchgeführte
3307 1034 208 41 Baumgruppe
3536 1048 55 22 von

2448 1096 57 30 der
2526 1093 136 31 nimmer
2676 1092 118 30 müden
2810 1089 99 32 Hand
2925 1089 153 32 Rudolf
3097 1086 169 33 Kollers.
3304 1086 64 31 Am
3384 1087 115 39 meiflen
3515 1091 57 39 Auf-

2443 1148 89 40 flehen
2556 1154 122 32 erregen
2707 1143 77 42 zfuei
2805 1141 146 33 Arbeiten
2980 1141 54 30 des
3058 1140 132 38 Genfers
3214 1138 206 34 Ferdinand
3443 1140 148 44 Hodler,

2449 1201 57 30 der
2526 1199 48 31 als
2599 1198 63 38 auf
2672 1195 225 42 flelbftändigen
2923 1194 126 31 Bahnen
3070 1191 206 32 zvandelnder
3290 1190 126 42 Kolorift
3437 1194 75 30 nidot
3524 1195 68 32 ohne

2449 1252 187 39 Bedeutung
2657 1249 42 40 ifl.
2745 1248 72 32 Sein
2841 1247 127 41 „Mann
2991 1246 75 31 ohne
3089 1242 128 33 Arbeit“
3240 1242 36 41 ißt
3296 1242 65 32 eine
3385 1244 119 42 tüchtige
3525 1248 51 31 Ate-

2450 1304 166 41 lierftudie,
2641 1302 148 32 während
2811 1302 51 30 die
2878 1296 213 44 „Anbetung“
3165 1295 51 32 ein
3239 1295 95 41 Kind,
3359 1296 32 30 in
3413 1299 180 40 verzücktem

2740 1354 108 32 Gebete
2866 1353 95 31 unter
2973 1350 133 32 Blumen
3121 1349 137 31 knieend
3329 1349 59 30 den
3403 1349 121 43 Einfluß
3544 1354 52 30 der

2745 1407 122 41 Parfler
2880 1401 268 45 „Roflerihreuzem“
3163 1401 110 32 verrät.
3307 1401 145 31 Erwähnt
3464 1402 47 41 fei
3532 1406 64 31 noch

2744 1469 61 22 von
2829 1460 60 30 den
2913 1456 136 42 wenigen
3074 1455 188 39 Skulpturen
3285 1452 66 32 eine
3372 1453 69 39 fein
3463 1458 114 37 empfun-

2746 1514 76 29 dene
2853 1512 117 39 Bronze
3003 1517 61 23 von
3100 1507 35 32 R.
3168 1506 192 39 Reymond,
3398 1507 58 31 den
3487 1509 112 33 Dichter

2746 1564 149 38 Duchofal
2929 1561 192 41 darfteilend.
3227 1557 206 33 Unmittelbar
3463 1561 70 31 nado
3534 1562 63 32 dem

2745 1618 50 31 die
2834 1611 351 46 „Turnusausfteüung“
3226 1620 61 22 uns
3330 1611 138 42 verlaßen
3511 1613 87 32 haben

2746 1670 88 40 wird,
2862 1669 130 41 eröffnet
3080 1665 137 39 Anfang
3234 1663 84 39 Juni
3419 1665 55 31 der
3501 1666 97 32 Verein

2747 1721 244 42 ..Künftlerhaus
3013 1716 130 35 Zürido“
3166 1717 50 30 die
3241 1716 127 38 Pforten
3386 1716 99 41 feines
3507 1727 91 23 neuen

2742 1773 226 43 provflorfldoen
3002 1768 378 43 Ausfteüungsgebäudes,
3422 1770 53 30 das
3509 1773 72 38 genü-

2742 1829 85 40 gend
2853 1828 105 32 Raum
2983 1824 147 42 gewährt,
3161 1830 54 23 um
3243 1820 79 32 nidot
3347 1830 64 22 nur
3437 1822 48 31 die
3515 1822 84 40 heften

2747 1880 162 41 Schweizer
2934 1876 146 34 Arbeiten
3112 1874 236 42 aufzunehmen,
3371 1874 136 40 flondern
3532 1875 69 32 auch

2747 1934 55 30 das
2825 1931 150 32 Ausland
3001 1939 19 32 z
3022 1938 21 23 u
3069 1929 95 32 Worte
3187 1927 140 31 kommen
3350 1935 39 32 zu
3412 1926 94 42 laßen.
3546 1928 55 31 Die

2750 1982 245 41 Vereinsleitung
3024 1982 36 41 ißt
3091 1980 132 41 beftrebt,
3248 1980 40 40 flo
3319 1978 61 32 viel
3409 1980 46 30 als
3486 1980 113 40 möglido

2749 2037 101 33 Neues
2874 2033 43 44 flu
2946 2036 112 39 bieten,
3092 2034 70 31 und
3190 2032 54 32 hat
3271 2031 89 31 dabei
3386 2041 58 21 von
3471 2031 112 39 Deutfdo-

2748 2090 80 31 land
2859 2097 60 22 aus
2943 2087 93 43 fldoon
3071 2085 194 41 thatkräftige
3301 2084 235 40 Unterftützung
3559 2093 28 22 er-

2741 2142 125 39 fahren.
2913 2140 103 33 Neben
3050 2140 60 30 den
3143 2138 67 32 rein
3250 2137 118 31 idealen
3396 2137 99 31 Zielen
3528 2136 73 31 wird

2749 2193 90 32 dabei
2861 2193 74 31 audo
2958 2192 50 32 ein
3027 2192 94 40 prakt
3122 2191 88 41 fldoer
3231 2190 103 32 Zweck
3358 2189 139 41 veifolgt:
3519 2188 81 32 einen

2750 2246 123 42 eigenen
2897 2244 162 42 Sdoweizer
3079 2243 211 40 Kunftmarkt,
3319 2244 56 30 der
3400 2241 94 32 bisher
3506 2241 94 40 fehlte,

2750 2309 41 32 Zu
2814 2299 186 41 begründen.
3099 2297 64 31 Mit
3192 2298 58 30 der
3276 2296 33 30 in
3340 2295 109 41 dieflem
3476 2294 128 32 Sommer

2751 2352 33 32 in
2829 2352 143 32 Lübeck
3017 2349 244 42 abzuhaltenden
3309 2346 175 42 Noniflchen
3527 2345 57 32 Aus-

2749 2405 134 40 flellung
2914 2403 82 31 wird
3026 2401 66 32 eine
3130 2401 190 40 Abtheilung
3343 2401 64 38 für
3434 2399 48 32 die
3513 2398 92 40 Ktmft

2752 2459 57 30 der
2835 2456 212 41 Oftfleeländer
3077 2454 181 32 veihunden
3285 2453 79 41 fein.
3469 2452 134 33 Berlin:

2752 2509 204 40 Ausflelhmg
2982 2509 58 30 der
3062 2507 164 40 Verfahren
3255 2507 52 30 des
3334 2504 205 40 Kunftdrucks
3565 2503 38 31 im

2753 2561 401 42 Kunftgewerbe-Mufleum
3183 2568 69 22 vom
3287 2567 38 33 iß
3356 2558 91 39 April
3474 2557 44 32 bis
3539 2565 66 32 zum

2754 2625 28 24 c).
2820 2614 101 41 Juni;
2970 2613 158 41 beflonders
3172 2610 169 42 reichhaltig
3386 2611 49 31 die
3471 2608 134 42 farbigen

2753 2667 123 33 Drucke
2915 2665 147 32 vertreten
3069 2674 14 30 ;
3125 2664 117 40 widotig
3271 2664 65 38 für
3373 2664 55 30 das
3466 2660 124 44 Affidoen-

2754 2723 103 40 weflen.
2982 2718 45 32 Im
3068 2717 92 41 März
3207 2716 47 31 bei
3300 2717 168 32 Georges
3511 2714 97 32 Petit

2754 2773 68 32 eine
2841 2772 146 42 getvählte
3010 2770 208 40 Ausftellung,
3243 2770 51 30 die
3306 2770 73 40 gute
3394 2766 136 42 Büdniffe
3551 2774 54 22 von

2753 2826 195 38 Alexander,
2984 2823 128 41 Skigyen
3147 2832 61 21 von
3245 2821 110 40 Göltet,
3401 2818 204 39 Landfdoaften

2467 2890 61 21 von
2551 2881 108 30 Aman
2674 2879 81 39 Jean
2780 2878 70 31 und
2872 2876 161 40 Thaulow,
3066 2885 56 21 vor
3141 2875 93 31 allem
3264 2874 73 31 aber
3361 2872 76 42 izvei
3466 2869 141 42 Whiftlers

2466 2932 132 40 enthielt,
2622 2931 67 32 eine
2702 2930 162 43 fldoeinbar
2884 2939 66 22 nur
2961 2928 152 43 fkjjrte
3135 2927 71 31 dodo
3220 2927 154 31 vollendet
3394 2923 213 42 durdogeführte

2468 2985 201 41 Darßeüung
2680 2984 104 41 feines
2799 2983 134 32 Ateliers
2956 2983 71 30 tmd
3049 2980 51 32 ein
3123 2980 136 41 duftiges
3273 2979 73 32 Bild
3368 2980 56 30 der
3441 2976 114 41 Themfe
3567 2973 42 32 bei

2468 3038 119 32 Abend.
2666 3038 72 31 Vom
2754 3045 51 22 20.
2824 3036 92 41 März
2937 3035 46 31 bis
3005 3043 52 22 20.
3074 3033 94 40 April
3181 3033 201 40 Ausftellung
3402 3032 55 30 der
3476 3029 92 33 Rose
3588 3026 20 40 f

2471 3090 127 40 Croix,
2623 3089 59 32 mit
2692 3089 161 41 poetfldoen
2869 3086 168 34 weiblichen
3054 3086 120 39 Köpfen
3190 3095 60 21 von
3266 3083 139 40 Maurin,
3420 3082 171 41 flimnumgs-

2469 3144 100 31 voüen
2593 3141 245 43 Kompofitionen
2862 3150 59 22 von
2947 3140 103 39 Gillet,
3069 3139 117 40 Osbert,
3204 3138 93 31 Point
3310 3137 86 39 Sion,
3413 3133 199 39 Zeichnungen

2465 3197 63 39 für
2558 3194 215 42 Glasgemälde
2807 3203 61 21 von
2902 3192 129 34 Duthoit
3062 3200 31 22 u.
3121 3200 30 22 a.
3263 3189 58 33 Die
3352 3187 163 38 Entwürfe
3546 3191 67 34 pum

2472 3247 382 34 Bismarck-Denkmal
2870 3247 65 38 für
2955 3245 142 38 Berlin,
3115 3243 78 32 über
3207 3251 67 31 100,
3299 3241 122 32 werden
3434 3240 42 31 im
3483 3236 78 41 Juni
3573 3235 39 31 im

2472 3300 32 33 A
2507 3298 280 43 usfleüungspalafl
2796 3297 170 42 ausgefeilt
2975 3298 132 30 werden.
3173 3305 38 32 13.
3220 3293 122 42 Augufl
3348 3293 46 32 bis
3399 3300 49 33 30.
3459 3287 156 36 November

2474 3354 33 30 in
2531 3354 108 32 Paris
2661 3352 43 31 im
2721 3351 118 39 Champ
2862 3352 38 29 de
2916 3350 97 39 Mars,
3033 3349 137 31 Gallerte
3186 3349 101 38 Rapp,
3310 3346 65 31 eine
3392 3339 222 37 internationale

2474 3405 204 41 Aufteilung
2697 3413 61 33 für
2770 3403 87 32 Feier
2870 3404 56 30 der
2941 3401 182 43 Erfindung
3135 3402 58 30 der
3206 3398 203 42 Lithographie
3425 3405 54 22 vor
3491 3392 125 34 hundert

2467 3459 124 40 Jahren.
2682 3456 180 41 Demnächft
2874 3456 63 39 foll
2960 3455 47 32 bei
3029 3455 44 31 M.
3098 3455 89 32 Bing
3210 3453 35 32 in
3268 3453 115 38 Paris,
3407 3450 65 32 Rue
3494 3448 35 30 de
3551 3446 48 30 Pro-

2475 3521 99 30 vence,
2591 3510 67 32 eine
2673 3509 202 41 Ausßelhmg
2895 3509 58 30 der
2969 3507 102 32 Werke
3093 3508 53 30 des
3168 3504 153 43 belgifchen
3345 3502 176 33 Bildhauers
3543 3497 54 32 Con-

2467 3565 122 41 flantin
2613 3563 148 32 Meunier
2782 3561 188 42 Battfinden.
3017 3561 61 31 Die
3093 3558 137 43 Anzeige
3253 3560 53 29 des
3330 3565 98 23 neuen
3450 3549 166 44 Bing’fdm

2478 3617 111 32 Salons
2590 3616 116 43 finden
2720 3617 108 39 unfere
2840 3615 85 40 Lefer
2938 3614 48 31 als
2998 3612 129 42 Beilage.
3169 3612 69 32 Wir
3240 3610 78 43 find
3328 3608 58 33 mit
3395 3607 106 42 großer
3510 3601 106 35 Freude

2478 3669 98 40 bereit,
2589 3668 80 38 feine
2680 3666 287 42 Beftrebungen,die
2981 3667 59 29 den
3054 3666 128 40 unferen
3194 3663 161 32 verwandt
3356 3660 83 43 find,
3451 3656 70 34 nach
3532 3654 83 41 heften

2479 3723 131 38 Kräften
2626 3730 41 33 pu
2684 3720 215 41 unterftüfien.
2942 3718 65 33 Was
3029 3727 35 22 er
3085 3717 73 41 will,
3177 3716 70 42 geht
3267 3725 52 22 am
3339 3713 92 41 heften
3450 3719 56 23 aus
3528 3714 88 26 einem
