3619 4572
1431 3904 212 42 137

337 588 89 32 Löwe
449 598 59 22 aus
524 590 137 41 Breslau,
686 592 57 30 der
757 591 128 41 Didoter,
910 592 81 38 Prof.
1008 592 178 40 Bulthaupt,
1203 591 109 39 führte
1327 592 52 30 die
1395 592 100 40 Regie,

338 641 33 31 in
395 643 57 30 der
473 642 225 44 mufikalifchen
715 644 134 42 Leitung
870 644 165 42 wedofelten
1058 644 38 31 ab
1120 645 56 30 Dr.
1193 644 95 31 Muck
1312 653 58 22 aus
1392 644 104 31 Beiiin

338 696 71 29 und
428 696 65 38 Jul.
523 696 159 33 Ruthardt
706 707 60 21 aus
794 698 137 31 Bremen.
978 698 61 31 Die
1063 698 75 31 Zahl
1164 698 58 30 der
1247 696 122 41 Soliften
1393 697 107 41 betrug

337 747 79 31 nahe
439 757 43 22 an
503 757 51 31 40,
581 752 70 29 und
674 752 60 29 den
759 750 205 42 Gefangsdoor
988 750 131 31 bildeten
1139 758 65 34 750
1227 750 125 31 Bremer
1373 750 123 31 Damen

338 802 71 29 und
432 801 126 32 Herren.
606 802 228 32 Dekorationen
858 805 71 30 und
951 803 143 41 Koftüme
1117 811 104 23 waren
1245 803 174 41 aüefammt
1429 802 55 41 fiil-

332 854 120 41 gemäß,
477 855 51 31 die
548 854 92 42 Stoffe
663 865 40 31 zu
727 857 59 31 den
811 856 140 42 letzteren
974 855 212 42 größtenteils
1209 864 59 22 aus
1291 856 70 30 dem
1386 854 114 33 Orient

336 904 136 43 bezogen.
511 907 66 32 Das
589 907 138 33 Textbudo
743 918 73 32 zum
828 934 14 15 „
851 907 364 43 Chriftus“gliedertfido
1232 908 31 30 in
1279 907 89 32 einen
1380 908 115 41 Prolog,

334 966 23 33 7
383 959 155 42 Vorgänge
562 962 71 30 und
660 961 89 31 einen
774 962 115 41 Epilog.
934 962 173 39 Bulthaupt
1133 962 54 31 hat
1200 960 64 42 fido
1291 970 60 32 eng
1374 970 44 22 an
1441 962 56 30 das

334 1011 166 31 Bibelwort
519 1013 154 40 gehalten,
692 1015 40 40 fo
761 1015 64 40 daß
842 1016 65 40 flog.
938 1013 220 43 „freifinnige“
1186 1015 142 40 Paftoren
1361 1014 51 30 die
1442 1014 36 30 Be-

333 1063 170 42 handlung
523 1065 48 31 als
593 1074 41 32 zu
658 1067 146 31 orthodox
826 1067 165 41 bezeichnet
1011 1067 104 31 haben.
1159 1065 133 33 Erreicht
1312 1067 50 30 die
1379 1067 98 31 Rubin-

323 1115 156 43 ßeinfche
501 1117 106 42 Mufik
634 1119 75 31 audo
736 1119 82 32 nicht
844 1121 50 30 die
918 1119 81 40 Tiefe
1028 1120 58 31 wie
1110 1120 50 30 die
1184 1121 52 29 des
1258 1118 184 43 „Parfifal“,
1457 1121 39 40 fo

323 1167 81 42 find
426 1169 72 32 dodo
513 1171 52 30 die
581 1170 123 42 meiften
720 1172 154 41 Vorgänge
890 1172 188 42 mufikalifdo
1089 1173 62 40 gut
1164 1172 149 41 iüußrirt.
1346 1172 129 32 Nament-

331 1221 55 31 lich
413 1222 39 41 iß
477 1223 51 30 die
559 1222 252 43 Chriftuspartie,
838 1226 52 30 die
919 1225 201 42 abwedofelnd
1147 1234 61 22 von
1236 1234 27 21 v.
1288 1224 208 31 Zur-Mühlen

333 1276 72 28 und
428 1275 57 30 Dr.
502 1276 222 41 Briefemeifter
745 1277 127 42 würdig
891 1279 151 30 vertreten
1059 1279 116 38 wurde,
1190 1277 117 41 feitens
1329 1277 53 30 des
1406 1276 67 32 Com-

328 1326 141 41 poniften
493 1327 58 31 mit
565 1328 179 40 befonderer
757 1329 87 32 Liebe
859 1329 167 32 behandelt.
1103 1331 56 30 Dr.
1178 1330 162 33 Dvorak
1357 1329 32 31 in
1406 1329 90 32 New-

332 1378 79 31 York
440 1380 56 29 hat
520 1380 67 31 eine
616 1381 136 32 Kantate
781 1381 80 41 „The
888 1383 62 31 Am
954 1383 61 31 elfc
1016 1392 43 22 an
1087 1383 98 41 Flag“
1207 1383 129 40 verfaßt,
1360 1382 51 31 die
1435 1392 59 21 von

334 1432 58 30 der
412 1432 177 31 New-York
612 1432 134 43 Mufical
768 1434 117 40 Society
908 1445 61 31 zur
988 1436 210 41 Aufführung
1215 1434 137 43 gebradot
1373 1436 123 30 worden

329 1483 40 41 iß
390 1486 71 29 und
475 1485 49 31 als
546 1485 51 31 ein
613 1486 179 31 Dokument
821 1488 253 38 ameiikanifdoer
1084 1486 221 44 Staats-Mufik
1327 1486 173 42 intereffant

330 1535 46 41 iß.
417 1536 50 32 Sie
492 1537 108 41 befteht
621 1537 154 42 eigentlich
805 1549 58 21 aus
885 1541 70 30 vier
975 1540 130 32 Theilen.
1144 1541 76 39 Auf
1243 1540 50 31 die
1397 1562 17 19 t

332 1593 161 37 kunftvoll
515 1593 235 37 ausgearbeitete
781 1593 177 31 Ouvertüre
974 1594 107 40 folgen
1110 1594 85 40 „Die
1218 1593 54 31 Far-

329 1641 55 31 ben
417 1643 56 29 der
503 1642 132 41 Flagge“
659 1644 66 37 für
751 1644 164 32 Kontralto
939 1647 70 30 und
1033 1646 89 31 Chor.
1176 1646 111 31 Daran

326 1694 120 41 fdoließt
454 1693 64 43 fido
546 1695 51 30 die
621 1695 205 41 „Apoflrophe
859 1706 44 22 an
932 1699 60 30 den
1016 1697 122 32 Adler“
1171 1699 66 38 für

327 1747 191 41 Bäritonfolo
541 1749 72 29 und
637 1747 86 32 Chor.
761 1749 83 33 Nach
872 1749 99 33 einem
993 1750 210 42 kriegerifchen

327 1800 127 41 Allegro
468 1801 66 38 für
549 1797 150 44 Orchefter
711 1801 143 32 kommen
878 1803 51 31 die
953 1803 68 31 drei
1032 1804 112 39 großen

327 1853 206 41 Apoßrophen
557 1862 43 22 an
624 1854 51 30 die
697 1854 115 41 Flagge.
852 1855 62 31 Die
942 1855 67 32 eine
1032 1865 59 22 von

326 1906 225 39 derIInfanteriei
552 1916 6 8 r
559 1906 27 31 ie
618 1904 201 45 (Tenorpartie
857 1910 72 30 und
961 1909 102 41 Chor),

328 1959 51 31 die
411 1968 18 31 z
430 1968 49 22 we/
480 1958 37 32 ite
549 1969 60 22 von
637 1961 57 30 der
725 1961 179 31 Kavallerie
943 1963 71 29 und

327 2011 161 32 Artillerie
498 2010 116 43 (großes
626 2012 220 43 mufikalifches
857 2013 140 32 Sdolacht-

324 2070 158 35 gemälde)
521 2070 72 25 und
626 2070 51 26 die
711 2070 93 27 dritte
832 2076 61 22 von

328 2118 58 29 der
409 2117 133 31 Marine.
590 2118 66 30 Das
673 2118 106 31 Finale
804 2118 78 42 (faß

329 2178 66 23 nur
428 2169 93 41 Chor)
550 2170 127 41 fchließt
712 2171 59 30 mit
810 2172 58 30 der

329 2222 236 42 Prophezeiung,
584 2224 89 40 „daß
688 2224 51 30 die
757 2222 108 33 Sterne

329 2276 71 31 und
418 2274 131 40 Streifen
565 2276 52 30 die
644 2275 104 31 Mad:t
770 2277 71 30 und

329 2329 57 30 der
412 2328 103 32 Ruhm
553 2329 58 30 der
645 2327 98 32 Welt“
767 2328 75 40 fein

327 2382 103 35 [ollen.
559 2389 50 31 29.
639 2380 114 40 Septbr.
793 2380 47 32 bis

330 2443 20 22 1.
369 2433 133 32 Oktober
546 2434 33 30 in
625 2432 215 35 Meiningen

325 2487 106 41 großes
461 2485 170 43 Mufikfeft,
670 2486 61 31 mit
767 2486 70 31 dem

321 2538 226 42 Joachimfchen
573 2539 166 40 Quartett;
755 2539 63 30 Mat-

329 2591 222 41 thäuspafßon,
618 2591 102 33 Werke
776 2599 61 23 von

329 2644 84 40 Bado,
437 2646 165 30 Beethoven
625 2645 139 31 Brahms.

682 2770 453 38 VERSCHIEDENES

416 2858 81 31 Zum
526 2857 295 40 Cantate-Feftmahl
851 2857 57 29 der
938 2853 156 42 deutfdoen
1126 2852 212 31 Budohändler
1362 2852 35 39 iß
1425 2852 66 32 eine

327 2911 217 40 humoriflisdoe
558 2910 145 41 Ausgabe
725 2911 58 29 der
803 2907 215 42 „Nachrichten
1042 2915 58 22 aus
1122 2906 70 30 dem
1207 2904 216 31 Budohandel“
1445 2914 30 22 er-

317 2963 152 42 fchienen,
499 2973 18 32 z
518 2973 23 21 u
568 2965 58 29 der
642 2963 106 41 Jofeph
772 2961 114 33 Sattler
913 2960 67 32 eine
1002 2958 127 42 Anzahl
1150 2957 224 41 parodiflifdoer
1394 2957 80 32 Zeich-

327 3026 129 31 nungen
484 3017 142 40 geliefert
655 3016 60 31 hat.
762 3015 62 31 Die
850 3011 364 43 Verlagsbudohandlung
1233 3019 61 22 von
1317 3010 170 41 Stargardt,

326 3069 114 39 Berlin,
464 3069 56 31 hat
540 3068 67 32 eine
631 3068 126 41 Anzahl
779 3068 105 30 davon
907 3066 64 38 auf
981 3063 225 40 Büttenpapier
1224 3062 142 42 abziehen
1389 3063 98 41 laßen.

414 3121 106 39 Adolf
537 3121 212 32 Hildebrandt
774 3120 54 31 hat
858 3118 67 31 eine
956 3114 185 43 vorzüglidoe
1157 3113 136 43 filberne
1315 3115 173 32 Bismarck-

325 3174 150 32 Medaille
498 3175 33 30 in
555 3176 57 29 der
635 3175 100 39 Größe
758 3172 82 31 eines
855 3168 312 34 Zweimark-Stückes
1186 3168 150 40 gefertigt,
1360 3168 51 30 die
1427 3168 65 38 für

325 3236 22 31 4
371 3228 45 31 M.
440 3237 61 22 von
525 3227 30 32 F.
579 3227 40 32 A.
644 3227 111 31 Prantl
785 3226 33 30 in
842 3222 162 40 München,
1039 3220 205 42 Odeonsplatz
1248 3245 7 8 ,
1289 3229 40 33 zß
1352 3220 135 41 beziehen

325 3280 42 40 iß.
417 3280 81 32 Wohl
524 3281 52 31 die
604 3280 71 40 erfle
710 3278 152 38 wahrhaft
892 3273 207 41 künftlerifdoe
1132 3273 148 32 Medaille
1308 3272 178 41 überhaupt,

324 3334 52 30 die
401 3333 33 31 in
457 3332 208 41 Deutfdoland
687 3330 179 41 entßanden
891 3328 42 40 iß.

413 3386 45 31 Im
482 3386 92 41 März
602 3386 107 29 wurde
732 3385 58 29 der
811 3381 113 41 Prozeß
947 3378 157 41 Whißlers
1129 3387 94 32 gegen
1247 3379 60 30 den
1330 3379 161 30 Baronnet

325 3438 52 31 Sir
399 3438 146 31 William
574 3438 97 38 Eden,
703 3438 57 29 der
786 3436 60 30 den
876 3432 86 32 Preis
984 3431 82 31 eines
1089 3430 158 42 Bildniffes
1265 3430 108 42 feiner
1393 3430 91 41 Frau,

324 3492 55 30 das
410 3490 141 40 Whifller
571 3490 132 41 gemalt,
736 3487 139 41 einfeitig
892 3484 168 41 feflgefetzt
1079 3483 94 40 hatte,
1198 3493 57 22 vor
1274 3485 70 30 dem
1367 3483 122 40 Parifer

324 3543 122 32 Gericht
466 3542 197 32 entschieden.
698 3540 141 40 Whifller
860 3538 108 30 wurde
990 3535 185 41 verurtheilt,
1200 3535 51 32 Sir
1266 3535 142 33 William
1431 3537 55 30 das

323 3598 202 39 empfangene
554 3596 82 31 Geld
654 3595 123 40 fammt
802 3592 108 40 Zinfen
940 3588 248 43 zurückzugeben
1223 3590 72 30 wnd
1320 3589 166 40 außerdem

324 3657 83 23 1000
423 3650 46 37 fr.
494 3647 231 40 Schadenetfatz
748 3655 17 32 l
767 3655 21 21 u
811 3654 18 31 Z
829 3643 88 32 a^m
921 3652 14 30 l
957 3641 137 31 darüber
1112 3641 112 31 hinaus
1239 3642 73 31 aber
1326 3642 74 31 audo
1416 3642 70 31 nodo

323 3703 56 30 das
402 3701 73 31 Bild
492 3699 92 42 felbft
611 3699 221 41 auszuliefern.
880 3697 102 40 Gegen
1011 3694 95 41 diefes
1131 3694 118 31 Urtheit
1270 3695 54 30 hat
1346 3694 142 41 Whifller

1603 592 192 31 erklärlicher
1819 591 93 42 Weife
1935 592 168 42 Berufung
2122 592 154 42 eingelegt.
2308 594 67 31 Der
2395 603 61 22 von
2483 593 142 41 Whifller
2641 595 125 40 geltend

1599 644 151 43 gemachte
1779 645 160 41 Umfland,
1975 646 63 41 daß
2069 647 56 30 das
2152 646 74 31 Bild
2260 646 80 31 nicht
2366 647 85 32 mehr
2481 647 52 31 die
2566 647 86 39 Lady
2679 648 87 31 Eden

1603 698 147 41 darflelle,
1780 700 42 29 da
1846 708 33 22 er
1901 699 51 30 die
1975 698 207 42 urfpüngliche
2206 699 132 31 Malerei
2359 700 186 40 vollftändig
2566 700 202 41 weggekratzt

1604 752 71 30 und
1697 751 51 31 die
1766 750 96 42 Figur
1874 750 87 31 einer
1976 760 84 32 ganz
2083 752 123 31 andern
2222 752 84 31 Frau
2329 752 221 42 hineingemalt
2562 752 81 41 habe,
2668 752 100 32 macht

1603 805 60 30 den
1686 804 69 31 Fall
1769 803 120 39 freilido
1912 813 18 33 z
1932 813 21 21 u
1977 803 99 32 einem
2099 805 93 30 etwas
2213 804 217 32 verwickelten.

1691 857 48 32 Zu
1755 857 98 34 Ehren
1878 858 53 30 des
1953 866 53 22 am
2030 863 38 25 18.
2085 856 95 40 April
2195 857 32 31 in
2243 858 165 40 Hamburg
2427 858 206 41 verftorbenen
2650 858 96 41 Kunft-

1595 910 156 38 freundes
1785 911 71 30 und
1883 909 168 32 Sammlers
2079 910 134 31 Eduard
2240 910 131 31 Behrens
2399 912 108 29 wurde
2535 919 52 22 am
2616 919 50 33 27.
2696 911 72 31 Mai

1602 962 45 32 im
1681 962 138 41 dortigen
1843 962 199 39 Johanneum
2075 962 68 31 eine
2176 962 86 31 Feier
2290 962 204 42 veranftaltet,
2530 964 58 30 wie
2611 962 48 42 fie
2688 963 80 32 nicht

1603 1015 159 41 würdiger
1784 1015 128 41 gedadot
1938 1016 123 30 werden
2093 1015 96 31 kann.
2236 1015 154 32 Nadodem
2418 1017 58 29 der
2503 1015 187 42 Vörfitzende
2712 1018 53 30 des

1602 1067 232 41 Kunftvereins,
1853 1067 56 31 Dr.
1925 1077 27 21 v.
1973 1068 101 40 Welle,
2090 1068 64 39 auf
2164 1069 60 29 den
2248 1068 78 31 wohl
2340 1069 66 38 für
2425 1068 91 40 lange
2531 1068 68 32 Zeit
2613 1070 135 40 uneifetz-

1602 1121 92 31 baren
1708 1121 117 40 Verluft
1838 1121 197 40 hingewiefen
2052 1121 87 40 hatte,
2159 1122 60 29 den
2236 1121 51 31 die
2304 1121 92 31 Stadt
2406 1121 92 31 durdo
2514 1122 60 31 den
2589 1122 179 42 Heimgang

1602 1174 94 40 diefes
1712 1174 178 30 verdienten
1908 1173 136 31 Mannes
2060 1173 118 31 erlitten
2194 1173 61 38 hat,
2272 1175 57 29 der
2343 1175 60 30 den
2418 1167 275 49 Überlieferungen
2710 1177 53 30 des

1602 1225 138 41 dortigen
1756 1225 188 39 Kaufmann
1947 1225 136 41 sftandes
2102 1227 105 40 getreu
2221 1227 78 40 Bets
2321 1226 50 30 ein
2396 1235 130 23 warmes
2542 1227 82 42 Herz
2631 1229 66 39 für
2712 1229 52 31 die

1602 1278 105 41 Kunft
1718 1279 70 30 und
1801 1279 55 30 das
1868 1277 110 32 Sdoöne
1988 1279 143 40 bewiefen
2143 1279 133 39 undfeß
2284 1280 72 30 und
2364 1279 56 41 zäh
2430 1279 33 31 in
2473 1281 70 29 dem
2558 1280 205 32 heimatlidoen

1602 1330 164 41 deutfdoen,
1792 1331 207 41 insbefondere
2027 1333 69 29 dem
2120 1331 241 42 hamburgifdoen
2385 1332 104 30 Boden
2514 1333 170 40 wurzelnd,
2709 1335 56 29 das

1602 1383 119 42 Seinige
1734 1383 43 32 bei
1778 1385 141 39 getragen
1935 1384 59 39 hat,
2009 1383 165 42 Hamburg
2183 1384 43 31 im
2239 1383 153 42 deutfdoen
2406 1384 184 41 Kunftleben
2604 1387 59 29 den
2677 1385 88 42 Platz

1603 1436 124 31 erobern
1750 1446 41 31 zu
1814 1437 107 39 helfen,
1947 1438 57 29 der
2025 1437 62 31 ihm
2103 1437 47 31 als
2173 1438 57 30 der
2244 1436 126 41 zweiten
2387 1436 92 32 Stadt
2492 1438 53 30 des
2561 1437 117 33 Reidoes
2695 1440 71 29 und

1603 1490 70 30 dem
1689 1490 94 40 elften
1801 1489 240 41 Handelsplätze
2055 1489 222 41 Deutfdolands
2297 1490 57 31 wie
2367 1491 52 30 des
2431 1489 186 32 Kontinents
2624 1491 139 40 gebühre,

1606 1541 188 32 verkündete
1808 1550 41 31 er,
1874 1543 64 38 daß
1952 1542 66 31 eine
2034 1542 90 32 Reihe
2138 1552 61 21 von
2216 1542 242 39 Sadoktmdigen,
2483 1543 50 30 die
2550 1543 68 31 dem
2639 1543 125 32 Wirken

1606 1596 71 29 und
1712 1593 75 32 auch
1824 1596 57 29 der
1916 1593 229 43 Perfönlidohät
2176 1596 53 31 des
2259 1595 312 41 Dahingefdoiedenen
2604 1597 79 30 nahe
2712 1606 34 31 ge-

1677 1648 150 40 ftanden,
1858 1648 95 40 deffen
1978 1647 186 42 Bedeutung
2198 1648 97 31 näher
2315 1648 154 42 fchüdem
2507 1650 71 29 und
2604 1650 160 41 würdigen

1793 1701 140 29 wiirden.
1979 1701 132 38 Darauf
2128 1701 74 40 legte
2223 1701 146 41 Profeffor
2381 1701 129 31 Heilbut
2530 1701 53 39 (H.
2601 1702 165 42 Helferich)

1922 1753 51 31 die
2002 1752 352 43 Entflelmgsgefchidote
2385 1755 58 29 der
2477 1753 126 32 Galeiie
2626 1754 138 41 Behrens,

1999 1807 51 30 die
2078 1806 102 40 nächfl
2199 1807 57 29 der
2287 1806 124 31 Galerie
2441 1806 106 31 Sdoack
2578 1808 59 29 den
2667 1808 96 40 elften

2068 1859 94 29 Rang
2183 1859 96 29 witer
2300 1860 59 28 den
2387 1859 168 29 modernen
2577 1859 187 29 Privatmle-

2143 1912 69 32 rien
2235 1911 221 41 Deutfdolands
2488 1911 179 41 einnimmt,
2696 1914 68 40 dar,

2218 1963 104 31 indem
2340 1972 35 21 er
2387 1963 169 41 hervorhob,
2573 1966 64 39 daß
2658 1975 30 21 es
2702 1966 61 31 den

2238 2015 314 42 Dahmgefchiedenm
2586 2018 77 40 Bets
2705 2018 60 32 mit

2237 2067 80 42 Stol%
2341 2067 117 43 [erfüllt
2477 2069 86 40 habe,
2593 2070 94 41 diefes
2710 2080 36 32 ge-

2237 2121 144 42 fdoloffene
2565 2122 74 31 ohne
2676 2123 87 39 EHlfe

2237 2174 70 31 wnd
2356 2173 74 32 ohne
2472 2174 122 32 Beirath
2631 2175 134 41 gebildet

2233 2235 42 30 Zu
2317 2226 105 31 haben.
2475 2251 14 15 „
2498 2227 263 40 Gemäldefamm-

2232 2278 149 41 Iwngen“,
2401 2279 90 40 Jagte
2517 2288 42 31 er,
2589 2281 171 41 „entftehen

2232 2331 80 31 nicht
2343 2330 58 33 mit
2428 2331 99 32 einem
2559 2332 78 31 Mal.
2684 2333 77 32 Eine

2232 2383 148 32 wirkliche
2414 2383 189 42 Sammlung
2637 2386 124 41 entßeht

2230 2435 167 43 organifch,
2421 2435 49 43 fie
2507 2437 171 32 entwickelt
2695 2438 64 41 Bch

2229 2488 151 43 langfam.
2413 2488 61 31 Die
2492 2488 159 42 Gefchichte
2674 2490 89 32 einer

2230 2541 190 41 Sammlung
2435 2540 127 42 beginnt
2568 2543 69 40 faß
2647 2543 114 32 immer

2229 2594 58 31 mit
2323 2593 99 32 einem
2460 2593 158 37 einzelnen
2657 2596 98 34 Bilde,

1600 2645 56 30 das
1677 2646 70 40 faß
1778 2645 92 31 durdo
1901 2646 89 31 einen
2013 2646 109 39 Zufall
2151 2646 49 31 ins
2232 2646 90 32 Haus
2344 2646 139 42 gebracht
2507 2647 44 41 iß.
2597 2648 160 44 Langfam,

1598 2696 144 42 langfam
1764 2697 118 31 kommt
1916 2699 116 38 Neues,
2066 2699 156 39 tröpfelnd
2251 2699 109 31 möchte
2394 2708 77 22 man
2494 2700 107 40 Jagen.
2658 2701 101 31 Dann

1596 2749 132 31 kommts
1750 2750 139 40 plötzlich
1918 2752 58 30 wie
2004 2751 44 31 im
2077 2751 115 40 Strom;
2223 2752 51 30 die
2304 2751 159 42 Neigung,
2494 2753 49 29 die
2572 2752 44 31 im
2639 2753 102 31 Bilder-

1597 2801 86 42 befitz
1694 2803 180 40 entßanden
1888 2813 74 30 war,
1974 2803 91 32 bricht
2072 2804 143 39 Dämme,
2228 2805 70 29 und
2309 2804 112 32 immer
2424 2804 180 41 gewaltiger
2612 2805 82 32 wird
2706 2807 54 30 die

1596 2854 154 41 Neigung,
1774 2855 121 31 kühner
1908 2856 111 31 immer
2034 2857 81 31 wird
2129 2866 207 31 vorgegangen
2345 2881 6 11 ,
2359 2855 92 40 fdoon
2467 2857 91 30 blickt
2571 2866 85 32 man,
2682 2858 77 31 über

1595 2908 60 30 den
1679 2907 89 32 Kreis
1790 2909 53 30 des
1858 2907 310 43 Zunächftliegenden
2189 2909 120 40 hinaus,
2333 2909 75 31 nado
2431 2911 71 29 dem
2525 2918 65 22 was
2613 2911 141 40 draußen

1597 2959 33 31 in
1653 2961 57 29 der
1733 2960 75 31 Welt
1823 2961 118 40 gemalt
1962 2960 98 33 wird!
2105 2962 61 31 Die
2189 2962 74 41 Luft
2284 2970 52 23 am
2359 2961 158 32 Sammeln
2545 2961 38 42 iß
2604 2962 33 31 in
2660 2962 96 32 ihrem

1595 3012 114 40 Zenith,
1734 3022 76 22 man
1833 3015 119 30 rundet
1971 3015 51 30 die
2039 3013 189 42 Sammlung
2247 3013 47 41 ab,
2319 3023 75 22 man
2416 3014 154 31 vollendet
2571 3013 57 42 fie.
2675 3015 80 33 Nun

1595 3064 73 31 aber
1687 3065 54 30 hat
1762 3066 51 31 die
1837 3066 162 41 Kenntniß
2020 3067 53 30 des
2095 3066 157 41 Schönften
2269 3067 88 40 Platz
2375 3076 24 31 S
2400 3076 11 22 e
2412 3076 24 32 S
2437 3076 14 22 r
2452 3067 35 41 W
2488 3076 36 22 on
2530 3091 8 16 9
2564 3067 188 42 Erfahrung,

1593 3117 108 42 höchfle
1724 3118 86 39 Reife
1827 3117 80 43 find
1937 3120 43 29 da
2009 3120 72 31 und
2107 3119 90 41 taffen
2227 3119 80 32 nicht
2327 3120 85 31 mehr
2431 3120 97 31 ruhen
2552 3120 71 30 und
2645 3120 109 41 raften,

1594 3179 92 22 wenn
1712 3170 75 32 audo
1816 3170 58 31 mit
1901 3172 70 31 dem
1997 3172 219 31 Vorhandenen
2245 3174 56 29 das
2324 3173 200 41 Gefammelte
2552 3172 205 42 abgefchloffen

1583 3222 111 42 fchien.
1740 3224 67 30 Der
1827 3223 154 32 Sammler
1990 3222 80 43 fleht
2093 3224 118 31 einmal
2232 3224 71 31 noch
2326 3224 51 31 ein
2401 3224 250 42 wundeifchönes
2669 3225 86 32 Werk

1594 3276 71 30 und
1686 3276 76 39 muß
1783 3285 30 21 es
1835 3276 198 40 aufnehmen,
2058 3278 71 29 und
2151 3276 119 32 danach
2292 3277 117 31 wieder
2431 3276 50 32 ein
2505 3277 250 42 wunderfchönes

1594 3329 71 30 und
1679 3328 118 32 wieder
1809 3328 89 32 eines.
1938 3328 89 33 Nicht
2031 3328 99 42 feiten
2143 3330 127 40 gehören
2278 3332 39 40 fo
2331 3330 52 32 die
2399 3330 108 41 letzten
2524 3330 38 32 Ei
2567 3330 187 42 Werbungen

1593 3380 87 32 einer
1700 3381 189 41 Sammlung
1912 3391 42 32 z}i
1981 3381 84 32 ihren
2084 3380 80 42 fchw
2166 3383 91 31 ende
2258 3392 56 32 gen
2318 3384 69 30 den.
2396 3383 15 15 “
2456 3383 39 32 So
2519 3384 78 40 ging
2622 3393 30 22 es
2680 3384 74 30 audo

1592 3433 59 31 mit
1677 3435 57 29 der
1761 3433 189 42 Sammlung
1969 3435 145 38 Behrens,
2143 3435 93 31 deren
2262 3435 120 32 Grund
2404 3443 66 35 1855
2499 3436 93 32 durdo
2619 3437 51 31 die
2699 3436 37 32 Er-

1593 3486 150 41 werbung
1769 3486 81 32 eines
1873 3487 133 41 Ludwig
2030 3486 119 32 Ridoter
2176 3488 71 30 und
2274 3487 82 32 eines
2383 3488 134 32 Eduard
2545 3488 211 32 Hildebrandt

1588 3539 99 40 gelegt
1707 3540 116 39 wurde,
1839 3540 66 37 für
1925 3540 51 31 die
1999 3539 114 31 Knaus
2137 3540 67 31 1861
2227 3540 51 31 die
2301 3540 282 42 kartenfpielenden
2609 3541 129 42 Sdoufler-

1592 3591 96 31 buben
1716 3592 108 40 malte,
1854 3593 51 31 die
1936 3594 90 29 dann
2055 3592 92 32 durdo
2176 3593 51 31 die
2249 3593 183 39 Aufnahme
2463 3593 84 33 eines
2569 3595 83 41 Diaz
2684 3595 72 31 und

1592 3642 82 33 eines
1690 3642 109 41 Troyon
1814 3643 154 32 erweitert
1980 3646 115 38 wurde,
2118 3646 98 30 denen
2234 3645 66 31 eine
2312 3655 99 32 ganze
2428 3646 90 33 Reihe
2534 3646 222 41 ausgewählter

1594 3695 101 32 Werke
1718 3697 58 30 der
1789 3695 102 33 Sdoule
1914 3706 59 22 von
1994 3697 238 32 Fontainebleau
2246 3699 97 40 fowie
2367 3708 73 31 zum
2456 3699 108 41 Sdoluß
2580 3701 51 30 die
2649 3699 105 31 Corots

1096 2565 227 33 TUAILLON:
1346 2564 278 33 PFERDEKOPF
