3646 4572
1427 3896 209 42 139

378 580 68 32 Zur
466 581 162 41 würdigen
647 580 86 32 Feier
746 582 52 30 des
814 579 195 42 hundertften
1028 579 216 40 Geburtstages
1265 579 53 30 des
1334 577 118 32 Malers

292 633 94 32 Corot
406 642 53 23 am
475 632 50 33 28.
542 633 71 40 Juli
634 633 135 42 nächften
784 634 108 39 Jahres
914 633 54 31 hat
977 632 63 43 fich
1056 632 106 31 bereits
1176 632 81 41 jetgt
1271 632 94 30 unter
1382 632 70 29 dem

294 684 125 43 Vorfitg
442 694 61 23 von
519 686 105 39 Henry
640 686 133 41 Roujon,
798 686 155 32 directeur
973 687 53 30 des
1041 685 208 39 Beaux-Arts,
1267 683 51 32 ein
1335 682 118 33 Comite

289 738 139 41 gebildet,
461 740 57 31 das
550 739 93 32 neben
677 739 161 42 officieüen
871 738 267 42 PeifÖnlichkeiten
1178 737 74 32 and)
1286 737 99 30 Puvis
1416 736 37 31 de

294 790 195 42 Chavannes,
515 792 78 38 RoU,
610 792 95 40 Ziern,
727 792 212 41 Roger-MUes,
964 791 53 32 Ch.
1033 790 204 43 Meiffonnier,
1263 790 38 31 G.
1320 790 132 41 Geffroy,

294 843 186 41 Formentin,
507 844 38 31 G.
571 845 134 30 Lecomte
721 854 30 21 u.
774 854 28 21 a.
824 854 41 21 m.
889 853 40 33 gu
954 844 200 41 Mitgliedern
1176 844 60 31 hat.
1286 843 67 31 Der
1379 842 57 31 Ent-

295 897 89 38 wurf
403 896 83 31 eines
510 897 180 40 Denkmals,
707 906 70 22 vom
789 897 143 41 genialen
957 896 277 40 Glas-Keramiften
1258 896 106 39 Henry
1379 894 76 32 Gros

294 959 60 20 aus
371 949 165 42 Glasmaffe
553 949 91 41 (Pate
660 952 37 29 de
713 950 99 41 verre)
829 950 187 40 ausgeführt,
1034 949 36 39 ift
1083 958 222 32 angenommen
1322 948 132 30 worden.

296 1002 66 31 Das
377 1002 159 31 Denkmal
548 1004 64 40 foU
626 1002 44 32 im
689 1004 79 30 Parc
784 1002 178 32 Monceaux
976 1002 134 31 errichtet
1122 1003 133 29 werden.
1302 999 137 43 Gewiffer-

296 1055 111 40 maßen
437 1054 48 32 als
511 1055 132 41 Vorfpiel
671 1064 62 32 gur
755 1054 169 42 gleichfalls
943 1056 66 37 für
1042 1054 129 40 nächftes
1193 1054 80 40 Jahr
1293 1053 164 41 geplanten

298 1107 351 41 GefammtausßeUung
670 1109 57 30 der
744 1106 102 33 Werke
863 1107 115 32 Corot’s
990 1106 80 42 find
1084 1116 70 22 vom
1176 1115 46 33 23.
1240 1106 71 31 Mai
1324 1106 47 31 bis
1385 1113 73 33 gum

296 1167 48 23 28.
360 1159 84 40 Juni
468 1160 44 30 im
536 1159 108 31 Palais
661 1160 151 39 Galliera,
837 1169 55 21 rue
915 1160 103 30 Pierre
1035 1159 138 31 Charrou
1191 1158 113 41 (einem
1319 1167 60 22 von
1403 1159 57 29 der

298 1212 93 32 Stadt
412 1221 61 22 neu
496 1211 193 33 erworbenen
701 1212 310 42 Ausfteüungslocal)
1028 1213 78 30 etwa
1121 1212 137 31 hundert
1270 1211 106 31 Bilder
1390 1211 71 30 und

298 1263 316 42 Denkwürdigkeiten
643 1265 54 30 des
726 1264 137 40 Meifters
891 1265 177 40 ausgeßellt.
1121 1265 84 31 Viele
1232 1265 104 29 davon
1365 1262 94 32 haben

298 1326 67 22 nur
383 1315 180 42 hiftorifchen
583 1317 97 31 Werth
696 1318 71 30 und
790 1318 106 40 tragen
920 1318 32 30 in
975 1316 108 32 keiner
1106 1317 87 40 Weife
1216 1325 60 32 gur
1296 1315 167 40 Erhöhung

298 1370 55 30 des
376 1369 134 32 Ruhmes
534 1367 106 32 Corots
663 1368 53 31 bei.
808 1369 65 31 Am
893 1378 33 33 3.
942 1369 84 40 Juni
1048 1371 90 37 fand
1166 1369 33 31 in
1229 1367 109 33 Calais
1369 1367 92 32 durch

299 1422 51 31 die
367 1421 102 32 Heren
485 1421 140 40 Leygues,
643 1421 149 32 Poincare
808 1423 70 30 und
901 1422 123 41 Roujon
1040 1422 48 31 als
1105 1422 167 31 Vertretern
1296 1422 58 30 der
1367 1421 76 38 fran-

299 1472 140 43 göfifchen
455 1474 180 40 Regierung
654 1474 52 30 die
723 1474 208 41 Einweihung
951 1476 58 29 der
1032 1474 160 32 herrlichen
1209 1474 254 40 Marmorgruppe

299 1536 62 21 von
385 1526 123 41 Auguft
529 1526 119 32 Rodin:
671 1526 76 40 „Les
763 1527 166 40 Bourgeois
951 1528 38 30 de
1006 1527 109 32 Calais
1126 1527 134 39 partant
1277 1527 38 30 de
1331 1526 32 30 la
1375 1526 88 38 place

300 1580 46 29 du
378 1578 143 31 Marche“
534 1579 88 39 ftatt.
670 1578 60 31 Ein
757 1578 167 42 Fragment
944 1580 54 30 des
1028 1579 117 32 Werkes
1172 1578 130 43 befindet
1317 1576 63 44 fid)
1405 1578 63 38 auf

300 1632 70 30 dem
395 1630 110 42 parifei
506 1639 8 14 r
539 1630 103 31 Salon.
690 1631 70 31 Den
784 1632 232 31 Bewunderern
1040 1632 127 32 Rodin’s
1190 1632 36 40 ift
1247 1630 143 42 übrigens
1412 1630 51 31 die

302 1684 127 40 Gruppe
454 1684 33 30 in
515 1683 81 31 ihrer
618 1683 220 41 Gefammtheit
863 1684 106 31 bereits
997 1693 61 22 von
1090 1686 57 29 der
1168 1684 299 41 PrivatausfteUung

301 1738 54 30 des
375 1736 164 41 Künftlers
562 1745 58 22 aus
643 1738 70 30 dem
728 1736 93 40 Jahre
852 1743 71 33 1889
951 1736 143 32 bekannt.
1141 1737 84 31 Herr
1249 1737 99 39 Roger
1369 1736 96 30 Marx

300 1789 76 32 hielt
401 1789 32 31 in
452 1788 109 42 feiner
587 1788 189 42 Eigenfdjaft
801 1789 48 31 als
877 1790 215 40 confervateur
1111 1791 54 29 des
1187 1788 204 32 Beaux-Arts
1414 1788 50 32 die

301 1842 140 40 Feftrede.
532 1842 99 31 Einen
656 1842 156 31 bemerken
816 1851 44 22 sw
862 1842 101 31 erthen
988 1843 71 30 und
1073 1842 66 39 für
1158 1842 51 31 die
1233 1841 230 40 Entwickelung

302 1896 58 30 der
380 1894 164 32 bildenden
568 1895 117 41 Künfte
710 1895 32 31 in
766 1896 58 30 der
845 1894 129 41 Sdowei.{
988 1895 73 41 fehr
1080 1894 153 41 wichtigen
1255 1893 139 42 Befchluß
1414 1893 54 31 hat

302 1948 52 31 die
382 1947 359 41 Erfparnißkommiffion
770 1949 53 30 des
851 1947 264 40 Nationalrathes,
1146 1948 53 30 des
1226 1945 240 43 eidgenöffifchen

303 2000 220 39 Parlamentes,
544 2001 112 40 gefaßt,
682 2000 106 31 indem
800 1999 49 42 fie
864 2001 51 30 die
932 2000 269 41 Aufwendungen
1216 2000 66 38 für
1298 2000 51 30 die
1365 1998 105 41 Kunft

303 2053 58 31 mit
384 2052 46 32 Fr.
456 2061 134 23 100000
615 2053 32 30 in
664 2054 56 30 das
735 2053 122 40 Budget
878 2052 146 42 einfetgte,
1049 2053 142 40 entgegen
1207 2051 99 32 einem
1314 2051 152 39 früheren

303 2105 163 42 Befchluffe,
491 2114 66 22 nur
576 2105 47 32 Fr.
643 2114 120 33 30000
791 2105 169 42 bewilligen
984 2114 40 33 gu
1054 2106 118 30 wollen.
1219 2104 112 41 Ebenfo
1359 2104 108 31 wurde

304 2158 75 31 aud)
402 2159 57 30 der
480 2157 125 42 Beitrag
625 2168 44 21 an
692 2159 56 30 das
768 2157 164 42 Schweigr
952 2159 271 40 Landesmufeum,
1247 2158 56 29 das
1325 2156 143 41 übrigens

294 2210 109 41 feiner
426 2211 197 40 Vollendung
648 2211 217 41 entgegengeht,
896 2211 32 30 in
957 2212 58 29 der
1039 2208 210 43 urfprünglich
1263 2209 204 41 feftgefetgten

304 2263 85 32 Höhe
421 2263 287 42 wiederhergeftellt.
815 2264 60 31 Die
911 2263 160 39 Gottfried
1103 2262 280 40 Keller-Stiftung,
1413 2262 57 30 der

300 2317 125 40 größere
449 2316 102 31 Mittel
572 2324 74 33 gum
663 2316 141 40 Ankauf
821 2317 252 40 hervorragendei
1073 2325 9 8 r
1094 2315 202 41 KtmJlwerke
1318 2323 61 32 gur
1400 2314 51 31 Ver-

297 2369 136 40 fügung
443 2368 115 41 ftehen,
582 2368 54 31 hat
657 2368 188 41 neuerdings
868 2368 50 31 ein
937 2367 135 31 Portrait
1085 2376 61 21 von
1169 2368 58 29 der
1247 2366 100 31 Hand
1369 2366 99 34 Karl

306 2420 204 33 Stauffers
532 2420 163 31 erworben.
743 2422 64 30 Das
838 2420 136 40 Bildniß,
999 2420 64 38 auf
1088 2419 119 32 Karton
1235 2418 125 42 gemalt,
1383 2420 89 40 ftellt

306 2475 61 29 den
391 2473 212 41 verftorbenen
626 2473 392 41 Reid)stagsabgeordneten
1047 2472 132 40 Ludwig
1200 2472 87 31 Löwe
1315 2473 67 30 dar.
1428 2472 42 31 Es

306 2525 130 42 gedornt
438 2524 64 42 fich
517 2525 93 32 durch
628 2526 67 31 eine
711 2535 85 33 gan%
815 2524 260 43 außerordentlido
1085 2524 152 42 plaftifdoe
1258 2524 215 40 Modellirimg

306 2587 59 21 aus
389 2579 72 30 und
487 2579 80 38 darf
589 2578 48 32 als
664 2578 51 32 ein
744 2578 207 42 Meifterwerk
979 2579 164 30 moderner
1169 2576 231 41 Portraitkunft
1424 2577 31 30 be-

306 2630 132 42 gichnet
462 2632 132 30 werden.
685 2630 54 32 Bei
761 2632 58 30 der
851 2630 282 40 Preisbeweihung,
1167 2630 51 30 die
1250 2630 57 30 der
1330 2630 120 30 Bundes-

307 2683 69 31 rath
403 2683 105 40 behufs
536 2684 189 41 Erlangung
752 2684 83 31 eines
863 2693 101 21 neuen
992 2681 154 42 Schweige
1146 2691 9 7 r
1180 2681 198 42 Münftjildes
1400 2691 54 21 aus-

304 2736 183 41 gefdorieben
510 2737 88 38 hatte,
623 2737 107 31 erhielt
751 2738 61 30 den
833 2737 95 40 erften
945 2735 85 32 Preis
1046 2735 147 41 Profeffor
1205 2734 106 34 Fritz
1324 2735 77 33 Lan
1402 2742 75 26 dry

310 2789 33 29 in
367 2788 195 41 Neuenburg,
592 2790 60 30 den
679 2789 127 42 gweiten
835 2789 36 32 K
897 2789 232 37 Schivenzer,
1162 2787 252 38 Hofmedailleur
1438 2787 34 31 in

309 2839 159 42 Stuttgart.
569 2841 77 32 Eine
666 2841 82 40 freie
775 2841 206 41 Konkurrent
1009 2841 95 30 unter
1130 2841 60 30 den
1218 2839 170 41 Künftlern
1416 2841 58 29 der

310 2893 206 32 Glasmalerei
543 2895 81 30 aller
650 2895 126 31 Länder
800 2895 56 30 hat
880 2895 58 29 der
970 2892 159 32 Stadtrath
1162 2900 61 23 von
1254 2891 147 41 Freibueg
1429 2891 44 31 im

312 2940 154 38 Üchtland
489 2947 247 41 ausgefchrieben.
775 2947 42 32 Es
839 2947 130 31 handelt
978 2945 63 42 fich
1064 2954 55 23 um
1135 2945 51 32 die
1202 2944 274 42 Ausfchmückung

309 3000 58 29 de,r
392 2999 123 41 Fenfter
540 3001 58 30 der
619 3000 183 38 Stiftskirche
828 3010 61 21 von
918 2999 41 32 St.
986 2998 123 33 Nicolas
1137 2997 133 41 dafelbft,
1295 2998 38 30 16
1352 3006 43 22 an
1419 2998 58 29 der

309 3051 84 40 Zahl,
419 3052 51 31 die
493 3054 64 37 auf
576 3060 17 24 8
616 3053 149 40 Kapellen
788 3052 139 32 vertheilt
936 3051 82 42 find
1040 3052 71 31 und
1133 3050 67 31 eine
1225 3049 168 42 Oberfläche
1412 3059 61 22 von

309 3112 58 23 120
384 3104 266 40 Quadratmetern
667 3107 158 40 umfaßen.
863 3106 62 31 Die
942 3113 100 32 gang
1058 3102 110 33 Arbeit
1179 3103 63 41 foU
1257 3102 33 31 in
1302 3101 173 42 gothifchem

310 3156 59 31 Stil
394 3156 195 42 reflektirend
616 3157 153 41 (gothique
786 3156 212 43 flamboyant)
1030 3155 184 41 ausgeführt
1234 3156 131 30 werden.
1411 3153 67 32 Für

310 3210 149 31 Prämien
482 3210 39 40 ift
550 3210 67 31 eine
647 3210 127 31 Summe
796 3219 61 22 von
887 3210 47 31 Fr.
965 3217 83 22 1000
1079 3208 170 40 ausgefetgt.
1347 3206 68 31 Der
1441 3206 34 30 in

309 3262 116 42 Brüffel
446 3272 58 22 vor
527 3270 17 24 8
572 3263 47 31 bis
643 3272 36 22 10
706 3263 151 31 Monaten
882 3262 147 42 geftiftete
1054 3260 106 32 Verein
1184 3259 125 41 „Cercle
1332 3260 37 30 de
1392 3258 86 32 l’Art

309 3315 145 40 applique
476 3325 21 21 a
520 3316 31 31 la
576 3325 55 22 rue
639 3315 15 16 u
676 3316 76 31 hielt
764 3315 139 41 Anfang
920 3314 73 31 Mai
1003 3312 89 43 feine
1114 3314 73 40 erfte
1204 3312 251 41 Jahresverfamm-

309 3368 88 41 lung.
442 3368 71 31 Aus
533 3368 100 31 einem
657 3369 33 30 in
711 3369 100 40 diefer
824 3367 134 41 Sitgung
971 3366 214 41 vorgelefenem
1204 3390 15 15 „
1226 3365 126 39 rapport
1367 3363 86 43 Bnan-

310 3421 66 31 cier
380 3420 15 16 u
409 3420 120 42 erweift
542 3431 31 22 es
576 3420 73 43 fich,
666 3422 64 40 daß
745 3420 44 32 im
801 3420 93 40 Jahre
910 3427 71 34 1893
1002 3420 57 30 der
1073 3417 104 33 Cercle
1193 3417 77 31 über
1282 3417 50 31 ein
1348 3417 128 39 Kapital

310 3483 62 22 von
393 3483 113 33 33000
522 3475 46 38 fr.
594 3476 149 39 verfügen
771 3473 98 31 kann.
916 3471 195 40 Preisfragen
1127 3469 81 43 find
1235 3469 107 32 bereits
1369 3479 88 32 ausge-

301 3526 172 42 fchrieben:
495 3537 13 21 1
510 3531 13 13 0
538 3528 87 30 Pour
644 3527 43 31 les
710 3526 152 41 enfeignes
885 3526 53 30 des
954 3522 168 43 Magafins,
1146 3532 19 22 2
1169 3527 11 13 0
1202 3523 85 31 Pour
1306 3522 169 41 Veclairage

311 3580 54 30 des
387 3589 80 31 rues,
483 3588 25 32 3
510 3583 12 13 0
544 3580 87 31 Pour
650 3580 42 31 les
717 3577 212 41 timbres-pofte
953 3586 30 21 u.
996 3577 30 40 f.
1042 3585 37 21 w.

1935 586 429 36 MITTEILUNGEN

1560 680 26 35 C
1603 679 224 42 Mitteilungen
1846 689 40 23 zu
1905 678 127 42 einigen
2046 678 173 41 Beiträgen
2238 677 57 33 des
2313 677 227 41 vorliegenden
2553 676 121 41 Heftes.
2691 677 26 35 D

1560 736 61 31 Die
1646 734 127 39 Gruppe
1799 743 61 21 von
1880 734 98 39 Jean
1999 733 141 39 Dampt,
2171 732 51 31 die
2252 731 60 31 wir
2338 731 34 31 in
2401 731 112 41 diefem
2536 731 89 38 Hefte
2654 730 48 32 ein-

1560 788 67 31 mal
1650 788 32 31 in
1707 786 233 42 Originalgröße
1968 786 71 31 tmd
2067 785 32 31 in
2127 784 226 41 verfchiedmen
2380 783 155 31 kleineren
2558 782 161 42 Anfichten

1562 840 226 40 reproduciren,
1813 840 107 30 wurde
1943 838 44 32 im
2009 837 192 42 vorjährigen
2225 836 94 32 Salon
2343 837 53 31 des
2420 836 185 39 Marsfeldes
2629 837 94 30 unter

1562 895 57 30 der
1640 894 198 39 Benennung
1861 905 14 15 «
1880 892 46 32 Le
1953 898 194 26 Chevalier
2171 889 225 34 Raymondin
2418 896 46 26 et
2485 897 45 25 la
2553 888 67 33 Fee
2648 889 49 33 Me-

1563 954 149 25 lusine»
1737 944 176 42 ausgefteUt.
1960 945 61 31 Die
2045 941 156 34 ritterliche
2224 941 145 42 Rüftung
2388 941 37 41 ift
2442 950 85 33 gan%
2549 950 59 22 aus
2624 941 93 40 Stahl,

1563 999 50 31 die
1641 997 146 33 weibliche
1816 997 117 42 Geftalt
1958 1006 59 22 aus
2044 995 174 40 Elfenbein,
2248 996 56 30 das
2332 994 143 32 Gewcmd
2502 995 58 30 der
2584 993 54 32 Fee
2666 994 59 31 mit

1565 1051 201 41 Goldflernm
1798 1050 108 41 hefäet.
1955 1050 61 31 Um
2044 1049 102 40 diefen
2175 1047 128 32 Sternen
2338 1047 181 31 discreteren
2550 1047 105 41 Glan{
2682 1056 40 32 gu

1560 1104 104 41 geben,
1688 1103 36 40 ift
1736 1103 108 41 jedem
1867 1101 50 32 ein
1941 1101 159 32 Diamant
2121 1100 164 41 eingefügt.

1654 1157 61 31 Die
1732 1156 67 31 Idee
1821 1157 58 29 der
1893 1155 127 38 Gruppe
2035 1153 37 41 ift
2085 1155 58 30 der
2155 1153 173 32 bekannten
2343 1152 156 41 Vblksfage
2515 1153 206 38 entnommen,

1566 1208 74 32 nach
1663 1208 99 32 einem
1779 1207 213 39 Manuscripte
2015 1216 61 21 von
2090 1206 100 40 Jehan
2213 1206 134 31 d’Arras
2369 1213 59 22 aus
2451 1206 70 29 dem
2536 1204 93 39 Jahre
2653 1211 71 34 ijsy

1632 1270 73 32 gum
1720 1260 91 41 elften
1829 1260 85 31 Male
1937 1260 35 31 in
1989 1260 90 38 Genf
2093 1258 151 42 gedruckt
2258 1265 75 34 14p8
2357 1256 157 42 (imprime
2525 1259 63 37 par
2601 1256 124 31 maistre

1567 1313 205 33 Steinsdoaber
1792 1306 88 46 naiif
1898 1314 38 29 de
1952 1312 172 40 Suinefurt,
2148 1321 38 22 en
2209 1312 31 30 la
2265 1310 86 31 noble
2375 1310 58 30 eite
2455 1310 38 31 de
2517 1309 122 32 Geneve
2660 1309 65 31 Van

1567 1369 38 30 de
1624 1366 91 42 gräce
1731 1373 84 34 1478,
1840 1374 43 22 au
1906 1366 79 30 mois
2008 1364 146 40 d’aoust).
2197 1364 44 31 Im
2265 1363 92 41 elften
2374 1362 189 42 Augenblick
2587 1362 140 41 erfdoeint

1568 1420 51 31 die
1636 1420 191 41 Auffaffimg
1847 1420 58 29 der
1924 1418 136 40 Legende
2082 1415 211 43 abfonderlich.
2339 1416 100 32 Ritter
2453 1415 200 39 Raymondin
2675 1416 53 30 hat

1566 1472 102 39 foeben
1693 1470 149 43 Melufine
1865 1480 52 21 am
1940 1471 151 30 Brunnen
2116 1471 53 30 des
2185 1469 125 41 Durfte»
2329 1470 171 40 gefunden.
2540 1468 63 32 Hon
2620 1468 90 32 Schön-

1568 1525 62 32 heit
1651 1526 71 29 und
1743 1524 144 31 Anmuth
1906 1523 170 40 ftrahlend,
2107 1522 118 32 kommt
2234 1521 49 43 fie
2310 1521 63 33 ihm
2395 1530 57 22 vor
2472 1521 58 31 wie
2554 1519 66 31 eine
2644 1519 83 31 reine

1570 1578 117 40 Geftalt
1713 1578 53 30 des
1788 1576 160 40 Himmels,
1973 1585 34 22 er
2028 1576 78 30 ahnt
2131 1576 59 30 den
2214 1575 154 32 Kummer
2395 1574 71 30 und
2488 1574 55 30 das
2565 1571 164 42 Herzeleid

1570 1629 71 32 noch
1657 1629 86 39 nicht,
1767 1630 52 30 die
1824 1627 49 43 fie
1889 1628 61 32 ihm
1967 1628 33 31 in
2013 1628 145 41 fpäteren
2175 1627 92 41 Tagen
2284 1627 128 31 bereiten
2429 1625 88 33 wird.
2554 1625 68 31 Der
2636 1625 92 31 naive

1569 1682 108 40 Ritter,
1709 1683 58 29 der
1792 1681 134 40 einfache
1948 1680 222 41 Kraftmenfch,
2195 1681 56 30 der
2278 1679 133 42 nirgend
2433 1677 93 33 Tücke
2549 1678 178 39 vermuthet,

1570 1734 159 44 verspricht
1743 1733 49 42 fie
1815 1743 40 32 gu
1879 1733 165 40 heirathen,
2067 1734 58 30 wie
2148 1734 58 30 der
2227 1733 59 30 alte
2310 1731 67 32 Text
2398 1731 32 31 in
2449 1731 111 42 feiner
2570 1730 158 41 fchlichten

1571 1787 123 40 Sprache
1708 1788 39 40 fo
1762 1786 124 42 reifend
1900 1785 149 32 bemerkt:
2065 1786 173 40 „Madame
2252 1785 36 41 je
2303 1786 93 38 feray
2411 1793 19 22 a
2447 1793 72 22 mon
2539 1783 110 40 povoir
2662 1783 69 31 iout

1571 1841 82 30 votre
1663 1839 120 40 plaisir.
1819 1839 72 31 Lors
1906 1848 30 22 se
1952 1837 236 32 entrebaiserent
2201 1837 100 31 moult
2314 1837 195 31 doulcement
2522 1837 30 31 et
2561 1836 170 39 prindrent

1571 1893 107 40 congie
1705 1893 66 31 Vun
1795 1893 38 29 de
1861 1891 130 31 Taultre.
2038 1891 41 31 Et
2103 1900 20 21 a
2152 1890 71 31 tant
2243 1899 31 22 se
2298 1889 73 31 taist
2392 1889 123 32 Tistoire
2538 1890 38 29 de
2595 1889 74 39 plus
2692 1898 37 21 en

1568 1945 107 40 parier
1696 1969 7 7 .
1729 1969 6 7 .
1760 1944 30 31 .“

1663 1997 76 32 Und
1753 1995 70 32 doch
1839 1996 52 31 hat
1906 2005 30 22 es
1952 1996 146 39 Dampfs
2114 1995 209 41 Meifterhand
2336 1994 192 41 verftanden,
2544 1994 60 31 mit
2617 1994 112 41 diefem

1569 2059 85 32 gang
1670 2048 64 43 fich
1761 2048 220 41 hingehenden,
2013 2058 57 21 vor
2089 2048 86 31 Liebe
2204 2048 206 40 vergehenden
2430 2047 125 41 jungen
2580 2046 149 32 Mädchen

1573 2104 61 29 den
1658 2101 172 32 Gedanken
1858 2102 54 29 des
1938 2100 242 41 umftrickenden
2204 2098 272 42 Schlangenweibes
2503 2108 40 32 gu
2568 2098 161 40 erwecken,

1574 2156 58 29 der
1659 2154 84 40 böfen
1767 2152 150 42 Melufine
1940 2152 57 31 mit
2020 2154 69 29 dem
2112 2152 195 42 Fifchkörper,
2336 2152 51 31 die
2410 2153 70 30 dem
2503 2161 106 22 armen
2633 2152 100 31 Ritter

1574 2206 199 40 Raymondin
1802 2206 71 30 und
1900 2206 71 30 dem
1995 2214 122 32 gangen
2149 2204 163 42 Gefdolecht
2340 2206 57 29 der
2421 2202 157 44 Lufignan
2595 2206 39 39 fo
2665 2213 50 22 ver-

1573 2258 199 42 hängnißvoü
1800 2256 81 32 wird
1968 2256 51 32 ein
2047 2256 107 42 ewiges
2176 2256 122 40 Symbol
2324 2258 57 30 der
2410 2256 247 32 Wandelbarkeit
2677 2258 57 30 der

1574 2312 94 31 Liebe.

1665 2363 156 32 Während
1847 2363 51 31 die
1926 2361 148 33 Statuette
2101 2361 44 32 im
2173 2361 94 32 Salon
2296 2361 170 42 ausgefteUt
2493 2371 74 30 war,
2592 2362 141 31 verliebte

1563 2416 64 41 Jldo
1654 2416 51 31 ein
1725 2416 122 41 junger
1872 2415 148 40 Künftler
2047 2415 33 30 in
2108 2415 101 40 diefen
2239 2413 276 33 Schönheitstraum
2542 2415 53 30 des
2619 2415 112 40 großen

1575 2470 191 31 Bildhauers.
1834 2469 46 31 Er
1920 2467 111 32 machte
2076 2466 89 32 einen
2209 2466 369 41 Entwendungsverfuch,
2625 2467 109 31 wurde

1576 2521 47 32 bei
1644 2523 57 30 der
1722 2520 78 32 That
1825 2521 120 39 ertappt
1973 2521 71 30 und
2074 2520 77 40 trott
2173 2519 177 41 Einfprache
2373 2519 148 40 Dampfs
2547 2519 186 31 verurtheilt.

1578 2575 59 31 Vor
1658 2573 135 41 wenigen
1818 2573 149 31 Monaten
1995 2572 54 31 hat
2075 2581 34 22 er
2123 2570 64 43 fido
2214 2571 44 32 im
2282 2571 181 41 Gefängniß
2489 2572 59 30 das
2571 2571 92 31 Leben
2684 2581 34 31 ge-

1576 2636 153 22 nommen.
1820 2625 80 42 Jetgt
1921 2624 36 41 ift
1979 2625 51 31 die
2054 2625 126 39 Gruppe
2204 2625 32 30 in
2260 2625 60 30 den
2343 2623 94 42 Befiit\
2460 2625 57 30 der
2538 2623 113 42 Gräfin
2674 2633 61 22 von

1576 2681 103 30 Bearn
1699 2679 134 41 gelangt.

1668 2730 94 33 Wenn
1785 2740 76 22 man
1884 2731 56 30 das
1964 2730 240 41 Gefammtwerk
2218 2730 82 39 Jean
2318 2730 148 39 Dampfs
2489 2729 59 30 in’s
2563 2728 90 41 Auge
2662 2728 77 40 faßt

1579 2786 70 31 und
1672 2785 50 30 die
1745 2782 172 42 „Melufine
1925 2782 15 15 u
1969 2782 60 31 mit
2053 2783 138 30 anderen
2220 2782 155 31 ähnlichen
2398 2780 145 33 Arbeiten
2572 2780 162 42 vergleicht,

1578 2837 58 32 mit
1663 2837 70 40 „La
1757 2836 63 33 Fin
1837 2843 54 24 du
1911 2834 117 33 Reue“
2061 2834 101 41 (1889)
2196 2834 44 31 im
2269 2834 145 42 Mufeum
2446 2843 61 22 von
2535 2833 112 41 Dijon,
2680 2832 60 32 mit

1579 2898 65 33 „le
1664 2891 129 32 Baiser
1813 2896 67 25 des
1897 2887 147 34 Anges“
2067 2888 70 30 und
2152 2911 14 16 „
2176 2886 202 35 Virginite“
2393 2886 44 32 im
2453 2886 94 32 Salon
2564 2887 58 29 der
2635 2885 103 41 Rofef

1580 2942 107 40 Croix,
1720 2943 95 40 deffen
1846 2940 148 41 eifrigjter
2020 2940 174 40 Anhänger
2218 2949 35 22 er
2280 2949 78 30 war,
2392 2939 59 31 mit
2470 2939 84 40 „Au
2579 2938 83 32 Smil
2686 2945 54 25 du

1580 2996 168 32 Mystere
1753 2994 16 15 u
1797 2992 110 42 (Salon
1934 2992 89 41 1892)
2057 2991 60 33 mit
2144 2992 68 40 „Le
2234 2992 130 33 Baiser
2389 3000 49 24 de
2461 2992 165 32 uAieule
2632 2991 14 15 “
2680 2991 58 41 (im

1580 3048 106 40 Muße
1714 3048 45 29 du
1786 3045 216 41 Luxembourg
2028 3045 192 41 ausgefteUt),
2244 3046 39 40 fo
2300 3043 111 43 findet
2435 3053 77 22 man
2543 3045 33 30 in
2608 3044 50 31 ihr
2686 3044 52 31 die

1580 3100 71 40 hefte
1676 3098 233 40 Verkörperung
1934 3099 58 29 der
2013 3097 222 41 Eigenfchaften
2265 3098 53 30 des
2341 3096 171 41 Künftlers.
2559 3097 45 31 Er
2626 3096 36 37 iß
2684 3097 58 30 der

1580 3153 60 31 alte
1656 3151 231 40 Kleinkünftler
1907 3151 57 30 der
1978 3149 204 42 Renaiffance,
2207 3151 58 29 der
2277 3149 108 42 jedem
2400 3148 98 32 Theile
2511 3148 108 42 feiner
2633 3148 109 32 Arbeit

1580 3206 52 30 die
1657 3204 108 42 gleiche
1792 3203 142 41 Sorgfalt
1960 3203 140 39 widmet,
2131 3204 57 29 der
2214 3202 51 31 die
2294 3201 186 32 Materialen
2510 3202 106 39 wählt,
2646 3201 76 31 unbe-

1580 3258 156 31 kümmert
1758 3265 56 23 um
1837 3257 50 30 die
1911 3255 255 41 Schwierigkeiten
2190 3256 58 30 der
2268 3254 217 41 Bearbeitung,
2510 3263 67 22 nur
2597 3255 60 30 den.
2682 3255 40 31 Ge-

1571 3309 104 41 feiten
1692 3310 145 41 folgend,
1862 3309 51 31 die
1936 3308 63 32 ihm
2022 3309 57 30 der
2100 3308 80 42 Stoff
2190 3307 104 42 feines
2321 3306 116 33 Werkes
2460 3306 186 42 vorfchreibt,
2671 3308 72 30 und

1581 3363 90 31 einen
1681 3361 139 41 Triumph
1828 3361 104 40 feiert,
1946 3371 91 21 wenn
2054 3360 75 32 nach
2134 3360 151 42 fchwerer
2294 3359 112 32 Arbeit
2418 3361 56 30 das
2489 3359 86 32 Werk
2590 3359 153 31 voüendet

1581 3415 42 38 iß.
1672 3415 63 31 Von
1753 3414 110 41 feiner
1882 3413 156 41 früheften
2063 3413 148 32 Kindheit
2238 3422 44 22 an
2300 3412 104 42 fuchte
2427 3412 121 40 Dampt
2569 3412 80 41 diefe
2674 3412 52 31 Ver-

1581 3468 152 41 einigung
1749 3467 210 42 geduldigfter
1980 3464 314 34 Handwerkerarbeit
2314 3465 59 32 mit
2394 3466 69 30 dem
2480 3465 262 41 Künftlertraum.

1581 3519 81 42 Trott
1675 3519 108 43 feiner
1803 3519 192 42 beftändigen
2012 3518 169 42 Thätigkeit
2202 3518 78 32 blieb
2303 3527 35 22 er
2359 3518 50 31 ein
2430 3516 151 42 Träumer,
2606 3517 51 31 ein
2679 3518 49 31 ent-

1582 3573 147 40 täufchter
1756 3573 71 31 und
1843 3571 235 42 fchweigfamer
2104 3570 152 33 Träumer.
2303 3571 82 31 Man
2414 3570 54 31 hat
2493 3570 54 31 ihn
2575 3572 60 29 den
2658 3570 69 31 Bild-

1581 3627 99 32 hauer
1700 3627 53 30 des
1776 3625 104 42 Kuffes
1898 3626 161 40 genannt;
2089 3624 120 32 überaU
2232 3622 116 44 befingt
2368 3633 34 21 er
2423 3622 102 42 keufch
2552 3623 51 31 die
2626 3622 119 42 keufche

1582 3679 86 32 Liebe
1757 3679 51 31 die
1832 3677 156 32 Allmacht
2009 3679 52 30 des
2087 3677 111 32 Weibes
2221 3678 72 31 und
2319 3676 75 31 auch
2416 3676 52 31 die
2493 3675 255 40 Ueberwindmg
