3693 4572
2264 3885 187 42 64

1371 1523 104 62 IN
1518 1513 516 71 POGGFRED

1559 1652 292 56 (SCHLUSS)

1348 1787 71 33 Hör
1442 1785 58 32 auf
1519 1784 60 31 mit
1602 1782 123 32 deinem
1747 1782 97 30 Gram
1867 1790 41 20 zu
1931 1779 126 43 spielen,

1339 1848 66 31 Der
1426 1846 60 31 wie
1509 1846 51 30 ein
1583 1844 93 32 Geier
1698 1843 48 31 dir
1768 1853 52 19 am
1842 1842 105 30 Leben
1968 1841 99 36 frisst;

1287 1909 61 31 Die
1370 1907 197 33 schlechteste
1591 1904 203 33 Gesellschaft
1816 1904 70 31 lässt
1910 1901 70 32 dich
2002 1901 117 39 fühlen,

1338 1970 78 31 Dass
1439 1970 42 30 du
1505 1969 50 30 ein
1577 1966 131 33 Mensch
1729 1967 59 31 mit
1811 1964 172 34 Menschen
2005 1964 69 31 bist.

2060 2034 136 32 Goethe

1131 2174 91 38 Nur
1251 2171 63 41 ein
1341 2184 90 41 paar
1458 2170 146 40 Blätter
1630 2181 66 27 aus
1726 2168 90 38 dem
1844 2167 283 46 Lebenstanze,

1131 2235 84 38 Aus
1242 2233 170 39 meinem
1439 2231 306 40 Wirbelsturme
1773 2229 83 53 fing
1882 2229 65 40 ich
1974 2228 75 48 ein,

1131 2297 92 38 Nur
1251 2295 64 38 ein
1341 2306 91 41 paar
1458 2292 168 40 Blüthen
1654 2304 64 26 aus
1748 2290 92 40 dem
1868 2290 366 45 Schicksalskranze,

1132 2357 84 39 Aus
1244 2355 170 39 meinem
1442 2354 163 46 Kranze,
1632 2352 92 51 legt’
1751 2351 65 40 ich
1842 2351 100 40 Reih
1968 2363 51 26 zu
2045 2350 140 48 Reihn,

1133 2417 129 40 Schob
1289 2430 50 26 zu
1365 2415 175 40 Terzine
1569 2413 53 39 sie
1649 2412 165 40 zurecht
1842 2412 84 40 und
1953 2412 149 47 Stanze,

1133 2478 211 40 Vielleicht
1371 2490 74 26 nur
1473 2476 104 39 eines
1600 2474 133 49 Jahres
1761 2474 99 39 Lust
1886 2473 83 39 und
1996 2473 107 38 Pein.

1185 2539 236 50 Erinnrung,
1449 2537 151 38 Traum
1626 2536 84 39 und
1733 2535 210 47 Phantasie,
1971 2534 83 39 drei
2082 2534 205 46 Schemen,

1185 2599 240 53 Beglänzten
1452 2598 53 38 sie
1533 2597 72 39 mit
1630 2596 113 41 ihren
1769 2596 232 40 Diademen.

1135 2706 130 40 Zwar:
1292 2717 79 27 was
1397 2703 51 39 ist
1475 2702 213 40 Schicksal?
1738 2702 116 48 Jedes
1882 2701 265 39 Erdenleben!

1135 2766 98 39 Und
1260 2778 137 27 wenns
1426 2778 45 25 so
1499 2765 148 52 nichtig
1673 2763 50 40 ist
1748 2763 85 39 und
1859 2763 193 47 inhaltlos,

1136 2827 98 39 Wie
1261 2826 148 39 meines
1437 2839 90 34 war,
1554 2838 119 27 wozu
1701 2836 81 28 erst
1807 2825 128 39 Verse
1963 2825 164 39 weben?

1136 2888 70 40 Ich
1232 2887 107 40 finde
1367 2888 65 39 das
1459 2887 229 52 wahrhaftig
1715 2887 121 38 selbst
1861 2886 143 39 kurios.

1139 2951 82 38 Der
1247 2949 274 52 Eintagsfliege
1548 2949 101 38 Auf-
1676 2948 84 39 und
1786 2947 377 48 Niederschweben,

1139 3012 78 38 Das
1232 3021 125 29 nennt
1373 3010 71 39 der
1454 3010 168 40 Mensch
1637 3008 234 40 «Schicksal»
1884 3008 84 40 und
1978 3009 89 39 thut
2077 3008 83 41 sich
2171 3022 122 38 gross.

1192 3073 120 39 Doch
1338 3072 69 39 alle
1426 3071 241 47 Deutschen,
1695 3069 76 40 wie
1799 3069 182 49 bekannt,
2010 3070 88 39 sind
2117 3071 177 47 Dichter,

1194 3134 147 39 Darum
1368 3134 149 39 erlaubt
1545 3135 97 39 auch
1668 3134 73 38 mir
1769 3132 80 40 den
1876 3132 105 40 alten
2007 3132 200 40 Trichter.

1144 3239 52 39 So
1225 3238 151 40 schrieb
1402 3238 65 40 ich
1494 3238 108 40 denn
1630 3250 152 41 getrost
1809 3238 117 40 drauf
1947 3238 73 47 los,
2047 3238 143 48 Hurra,

1144 3301 100 37 Was
1277 3300 73 39 mir
1383 3299 70 39 der
1485 3300 101 52 Tag,
1619 3314 77 27 was
1724 3301 75 38 mir
1826 3301 63 38 die
1921 3299 147 39 Stunde
2098 3300 198 46 schenkte,

1145 3361 93 39 Bald
1265 3374 93 39 sang
1385 3361 106 40 mein
1517 3363 108 38 Herz
1651 3361 122 40 fallen
1800 3361 327 46 fallerallerallera,

1146 3422 105 47 Bald,
1278 3435 122 27 wenn
1426 3422 63 39 die
1517 3422 108 40 Seele
1653 3422 82 41 sich
1762 3423 68 39 auf
1853 3423 203 39 Halbmast
2084 3422 148 49 senkte,

1147 3484 116 51 Trug
1288 3483 64 39 ich
1378 3483 69 40 der
1474 3484 153 39 Trauer
1655 3485 195 40 schwarze
1877 3485 171 48 Tunica,

1148 3544 63 40 Bis
1237 3544 149 40 wieder
1412 3545 107 39 mein
1544 3546 157 39 Humor
1728 3546 63 39 die
1818 3547 139 39 Mütze
1985 3546 236 40 schwenkte.

1202 3604 90 41 Auf
1312 3619 19 26 a
1344 3629 17 6 -
1376 3620 21 25 a
1409 3629 16 6 -
1439 3620 20 25 a
1484 3607 114 40 reimt
1625 3607 82 41 sich
1733 3608 99 40 auch
1858 3608 162 48 Altona,

1202 3669 83 39 Der
1311 3668 96 40 Sinn
1432 3667 65 41 für
1522 3669 129 40 Kunst
1677 3669 51 40 ist
1754 3670 109 39 nicht
1889 3670 166 39 weither
2087 3669 150 40 «allda.»

2371 562 101 39 Was
2491 560 52 39 ist
2560 556 100 41 auch
2679 554 148 40 Kunst?
2854 551 124 39 Wem
2997 549 106 53 giebt
3123 548 62 39 die
3205 548 127 40 Kunst
3350 550 169 45 Genuss?

2371 623 106 38 Wer
2505 620 67 40 hat
2598 618 65 39 für
2693 628 134 40 grosse
2853 614 129 38 Kunst
3010 611 80 38 den
3119 623 163 39 grossen
3309 610 115 41 Sinn?

2372 686 80 37 Das
2484 680 183 40 «Volk»?
2695 677 111 39 Vom
2834 674 129 52 König
2991 673 57 39 bis
3076 686 92 26 zum
3195 671 180 41 Rustikus

2374 743 167 40 Taxiert
2569 741 54 39 sie
2651 740 77 39 fast
2755 738 63 38 ein
2844 736 110 52 jeder
2983 734 71 39 auf
3076 734 192 47 Gewinn,

2376 804 178 41 Gewinn
2582 814 48 27 an
2657 798 241 41 nützlichem
2926 795 334 40 Gedankenfluss!

2375 867 93 38 Nur
2495 862 185 52 wenigen
2707 860 52 40 ist
2786 859 55 39 sie
2870 858 63 39 die
2961 856 221 40 Priesterin.

2428 926 77 40 Die
2524 926 130 38 Kunst
2674 922 92 40 dem
2783 921 150 38 Volke!
2954 919 90 39 sollt
3064 917 62 39 die
3145 917 108 40 Bahn
3272 917 58 39 ihr
3344 917 180 45 brechen!

2429 987 75 40 Die
2518 987 129 38 Kunst
2660 985 80 38 den
2754 982 231 40 Künstlern!
3004 981 85 39 hör’
3103 979 65 40 ich
3182 978 320 54 widersprechen.

2379 1095 79 38 Das
2488 1092 73 39 alte
2590 1089 188 40 Streiten!
2806 1088 97 39 Und
2931 1099 40 27 es
3000 1085 101 41 wird
3130 1096 81 27 erst
3239 1082 141 51 enden,

2379 1155 143 39 Wenn
2550 1153 102 39 einst
2681 1152 71 38 der
2778 1150 121 40 letzte
2928 1148 169 40 Mensch
3125 1147 68 38 auf
3215 1145 133 40 Erden
3375 1147 118 40 stirbt.

2381 1216 127 39 Drum
2536 1213 80 40 will
2633 1213 65 39 ich
2725 1211 240 51 schleunigst
2983 1209 107 39 mich
3107 1222 51 26 zu
3176 1207 162 39 anderm
3356 1209 172 48 wenden,

2380 1277 80 39 Das
2487 1274 154 41 minder
2668 1274 74 39 mir
2770 1273 81 39 den
2877 1271 170 54 Appetit
3074 1269 186 41 verdirbt.

2381 1338 206 40 Professor
2615 1334 142 41 Wolff
2775 1348 87 39 mag
2890 1333 101 40 euch
3018 1330 209 41 Aesthetik
3253 1329 189 54 spenden,

2382 1401 85 38 Der
2493 1400 78 39 löst
2597 1397 65 40 die
2689 1397 133 51 Frage,
2850 1408 123 26 wenn
2999 1408 44 25 er
3071 1394 53 38 sie
3152 1390 196 41 umwirbt.

2437 1461 52 38 Er
2517 1459 133 54 spinnt
2678 1458 102 40 euch
2806 1457 74 39 mit
2907 1456 71 39 der
2996 1452 293 43 Meisterschaft
3316 1453 69 38 der
3403 1454 130 41 Schule

2437 1523 77 39 Die
2541 1522 217 39 schönsten
2784 1518 267 54 Paragraphen
3077 1530 84 26 von
3188 1515 70 39 der
3286 1514 125 54 Spule.

2384 1627 172 40 Freiheit
2583 1627 72 38 der
2681 1625 146 40 Kunst!
2854 1623 169 40 Freiheit
3051 1622 70 39 der
3149 1622 128 38 Kunst
3303 1633 74 27 vor
3404 1620 107 41 allen!

2386 1689 88 39 Frei
2501 1688 55 39 sei
2583 1688 56 38 sie
2666 1687 77 40 wie
2772 1686 71 40 der
2871 1685 192 52 Cowboy
3090 1684 55 38 im
3171 1683 229 39 Far-West!

2387 1750 111 39 Lasst
2526 1750 102 39 euch
2656 1749 82 40 den
2766 1748 236 53 grässlichen
3029 1745 215 52 Vergleich
3272 1744 161 52 gefallen
3443 1763 9 30 j

2387 1813 145 38 Wenn
2559 1811 122 47 nicht,
2710 1811 106 39 dann
2841 1809 69 40 hol
2939 1808 102 40 euch
3068 1807 213 39 allesammt
3308 1806 63 38 die
3398 1807 99 39 Pest!

2388 1874 70 38 An
2484 1872 402 52 Bucking-Bronchos
2915 1870 84 39 und
3026 1867 358 41 Revolverknallen

2388 1935 129 39 Denk’
2544 1934 76 48 ich,
2649 1948 49 25 an
2724 1933 198 53 Lynchen
2949 1931 85 40 und
3062 1928 282 48 Banditenfest,

2444 1998 69 38 An
2540 1997 132 44 Lasso,
2701 1992 335 42 Pferdediebstahl
3063 1992 84 39 und
3173 1991 158 39 Prairie!

2441 2058 186 40 Freiheit!
2654 2058 61 39 Da
2740 2057 104 45 lebst
2871 2055 64 48 du,
2964 2055 115 38 echte
3107 2053 149 39 Poesie.

2396 2166 105 38 «Der
2529 2165 127 38 Kunst
2684 2163 63 38 die
2766 2161 190 40 Freiheit»
2987 2159 86 40 und
3096 2159 86 39 «die
3201 2157 341 55 Cowboysippe»?

2390 2228 85 46 No,
2504 2226 71 38 Sir:
2604 2225 65 39 das
2700 2225 93 51 geht
2820 2223 120 39 selbst
2968 2222 73 38 mir
3069 2234 50 26 zu
3147 2220 94 40 weit
3267 2218 186 41 fürwahr!

2393 2289 40 38 0
2461 2286 163 40 tertium
2652 2283 479 55 comparationis-Klippe,

2392 2349 71 40 Ich
2491 2349 208 38 scheiterte
2728 2361 50 25 an
2808 2346 70 48 dir,
2909 2345 62 40 ein
2997 2345 232 47 Vershusar,

2393 2412 85 38 Der
2506 2410 83 40 sich
2616 2410 126 39 schon
2769 2407 249 41 hundertmal
3048 2407 118 39 brach
3192 2406 89 51 jede
3309 2405 126 54 Rippe

2393 2474 59 38 Im
2480 2474 169 37 Rennen
2677 2471 72 40 mit
2776 2470 71 39 der
2876 2469 118 40 edeln
3020 2469 180 40 Richters
3205 2469 124 39 chaar.

2446 2534 120 39 Doch
2599 2534 140 38 immer
2772 2532 97 39 steh’
2902 2532 66 38 ich
2994 2531 108 39 noch
3130 2530 70 39 auf
3223 2529 142 39 beiden
3392 2528 153 47 Beinen,

2446 2595 99 39 Und
2571 2594 121 47 lache,
2720 2593 83 40 und
2832 2593 63 39 die
2922 2591 260 40 Professoren
3208 2591 172 40 weinen.

2394 2702 94 38 Satis
2517 2700 214 54 superque!
2766 2697 200 40 «Lieblich
2992 2697 105 39 lacht
3124 2696 71 39 der
3223 2695 145 47 Lenz,»

2395 2764 84 37 Der
2507 2762 74 39 alte
2608 2762 305 38 Wintersmann
2940 2772 78 38 zog
3046 2759 46 38 ab
3119 2758 101 39 nach
3247 2757 175 39 Norden

2395 2824 97 39 Und
2519 2825 66 39 hat
2613 2822 103 40 beim
2744 2820 327 52 Kimmernkönig
3098 2819 72 39 Pol
3196 2819 198 47 Audienz,

2395 2887 85 37 Der
2514 2885 165 38 schenkt
2710 2883 80 40 ihm
2820 2883 136 39 seinen
2985 2883 115 38 Stern
3128 2894 92 26 zum
3247 2879 302 41 Robbenorden.

2396 2947 120 39 Dann
2543 2946 122 39 trinkt
2693 2958 42 26 er
2762 2945 140 39 Thran
2929 2943 84 39 und
3041 2956 106 26 zwar
3173 2942 43 39 in
3243 2943 248 44 Permanenz,

2398 3008 63 39 Bis
2491 3007 157 40 endlich
2674 3006 153 40 Thules
2855 3005 132 39 Kaiser
3016 3017 42 26 er
3086 3003 228 53 geworden.

2451 3071 84 37 Der
2561 3068 198 52 Frühling,
2789 3067 126 39 dieser
2941 3066 329 52 liebenswürdige
3293 3066 137 51 Junge,

2453 3131 115 52 Zeigt
2594 3130 201 40 hinterher
2823 3129 82 39 ihm
2933 3129 106 38 seine
3068 3127 360 52 Zwitscherzunge.

2401 3238 84 38 Der
2512 3235 192 40 Buchfink
2730 3234 142 40 trillert
2898 3233 176 40 herrisch
3101 3233 108 39 seine
3237 3232 134 48 Liebe,

2402 3298 76 39 Die
2496 3298 216 39 Nachbarn
2740 3297 188 38 tauschen
2947 3295 341 40 Gartenwunsch--
3317 3294 84 40 und
3423 3304 130 42 -gruss,

2402 3361 193 51 Bettzeug
2623 3358 82 40 und
2732 3358 188 54 Teppich
2947 3358 161 51 kriegen
3135 3356 188 40 draussen
3350 3356 139 46 Hiebe,

2404 3422 56 39 01
2488 3421 164 40 Vadder
2679 3420 165 42 Hansen
2871 3422 123 35 sünnt
3021 3419 79 38 sick
3127 3418 48 39 all
3202 3420 103 38 vör’t
3331 3419 99 45 Hus,

2404 3483 77 40 Die
2507 3483 117 39 rothe
2651 3481 136 54 Tulpe
2815 3480 146 54 prunkt
2987 3480 55 39 im
3069 3480 285 52 Beetgetriebe,

2404 3546 85 38 Der
2515 3543 165 55 Lyrifex
2707 3543 168 51 besteigt
2901 3542 79 39 den
3007 3543 176 51 Pegasus.

2457 3607 78 38 Die
2563 3605 200 40 Schwalbe
2789 3605 79 51 jagt
2895 3603 63 40 die
2987 3604 154 39 Gassen
3168 3603 73 39 auf
3260 3603 85 39 und
3373 3602 59 47 ab,

2458 3668 83 38 Der
2568 3666 88 40 Tod
2683 3667 199 39 versteckt
2909 3666 83 40 sich
3018 3666 42 38 in
3088 3666 63 38 ein
3180 3665 123 39 leeres
3332 3663 120 41 Grab.
