3017 4186
371 3787 67 35 LA
465 3775 121 47 CITÉ

1391 3777 85 44 129

2121 3788 159 36 AVRIL
2312 3790 81 34 1921

1005 310 787 48 CONCOURS

242 540 228 39 muniquant
496 546 106 26 entire
627 552 84 24 eux,
743 538 43 34 75
816 553 98 24 m.c.,
951 539 7 33 1
992 553 99 28 pour
1124 541 7 33 1
1162 555 204 28 personne,

241 598 20 33 2
299 612 99 28 pour
435 598 18 33 2
492 611 221 28 personnes,
760 600 6 31 1
811 600 148 33 cabinet
998 602 159 33 médical
1194 605 20 29 à
1251 605 116 31 situer

240 661 88 40 près
348 658 49 35 de
421 658 36 35 la
478 668 112 33 porte
612 659 169 38 d'entrée
806 668 234 34 permettant
1063 663 95 33 ainsi
1182 677 52 19 un
1258 666 109 31 accès

241 718 112 35 facile
377 733 49 20 au
445 720 143 41 public,
617 720 49 33 30
693 735 98 23 m.c.,
826 722 7 31 1
867 721 91 34 saillie
983 722 193 38 d'attente,
1212 724 6 31 î
1232 723 19 34 5
1281 738 83 18 m.c.

296 779 67 34 43°
391 780 228 34 Fédération
649 781 190 33 socialiste
858 795 9 19 :
901 782 18 32 3
953 782 173 34 bureaux
1156 787 185 31 communi-

240 848 121 34 quant
391 849 107 26 entre
530 854 85 26 eux,
651 842 47 33 60
732 856 99 24 m.c.,
874 842 7 33 1
921 856 100 28 pour
1059 844 6 31 1
1106 857 202 28 personne,
1343 844 21 34 2

238 915 101 28 pour
362 901 20 34 2
409 913 221 30 personnes.

294 962 68 33 44°
386 962 226 33 Fédération
637 962 51 34 du
711 963 186 34 bâtiment
917 977 7 19 :
952 964 20 33 2
999 964 172 34 bureaux
1196 979 140 20 commu-

238 1024 162 40 niquant
427 1032 107 26 entre
563 1037 72 19 eux
658 1037 7 19 :
695 1022 48 34 40
771 1037 85 20 m.c.

296 1082 68 34 45®
392 1082 184 42 Syndicat
602 1084 68 33 des
698 1084 198 40 employés
914 1099 9 19 :
957 1084 20 34 2
1011 1085 172 34 bureaux
1213 1089 153 37 séparés

240 1157 71 28 par
347 1157 75 20 une
458 1152 111 33 porte
604 1147 21 30 à
663 1153 136 33 quatre
835 1145 179 38 battants,
1053 1160 98 26 pour
1188 1161 46 18 ne
1272 1146 94 33 faire

238 1203 145 43 qu'une
411 1204 90 34 salle
526 1218 49 19 au
602 1204 143 38 besoin,
777 1204 47 33 50
854 1219 84 20 m.c.

296 1264 68 34 46°
388 1265 230 33 Accidentés
642 1265 52 33 du
719 1266 135 33 travail
875 1279 8 19 :
920 1266 7 32 1
962 1266 156 37 bureau,
1148 1266 47 33 20
1225 1281 83 18 m.c.

295 1324 67 33 47°
390 1324 193 35 Plusieurs
608 1325 173 34 bureaux
809 1326 45 33 de
884 1329 160 31 réserve.

294 1385 68 33 48°
387 1384 300 36 Water-closets.

292 1446 154 33 Section
484 1447 40 32 E.
545 1459 8 20 :
591 1446 231 41 Logements
859 1460 98 27 pour
979 1461 7 19 :
1023 1450 133 37 gérant
1194 1449 170 39 magasin

237 1507 129 36 tissus;
392 1508 134 40 gérant
553 1508 172 39 magasin
752 1506 254 39 confections;
1033 1511 133 37 gérant
1194 1510 170 38 magasin

239 1567 200 39 épiceries;
475 1571 132 36 gérant
644 1569 170 38 magasin
851 1567 92 32 café.

293 1626 71 34 Les
391 1626 216 42 logements
638 1627 154 33 doivent
823 1629 80 32 être
934 1631 138 37 prévus
1105 1641 97 27 pour
1237 1627 17 33 5
1289 1630 20 29 à
1345 1627 19 33 6

238 1700 210 27 personnes
477 1700 69 27 par
574 1691 164 37 gérance
764 1701 94 19 avec
885 1688 199 33 minimum
1113 1687 45 33 de
1186 1687 20 33 4
1238 1687 101 33 cham-

237 1746 88 35 bres
347 1749 23 32 à
393 1747 179 35 coucher.

291 1806 334 35 DISPOSITIONS
647 1807 295 35 GENERALES.
1053 1808 33 32 1°
1112 1809 250 32 Ascenseurs:

238 1868 67 33 Les
333 1877 250 24 concurrents
611 1870 220 40 prévoiront
859 1868 307 40 l'emplacement
1194 1868 44 32 de
1266 1867 98 33 deux

238 1942 224 20 ascenseurs
492 1928 227 41 électriques
748 1929 92 33 dont
870 1943 51 19 un
952 1943 98 26 pour
1078 1928 34 34 le
1141 1929 144 32 service
1315 1927 50 34 du

1442 548 172 39 magasin
1646 546 45 33 de
1722 561 88 26 gros
1841 556 34 24 et
1907 547 172 35 bureaux
2110 548 45 33 de
2189 548 152 35 l'Union
2373 549 65 32 des
2472 549 72 33 Coo-

1440 607 200 40 pérateurs
1670 615 36 25 et
1736 607 134 34 l'autre
1902 623 99 26 pour
2028 608 54 34 les
2114 609 170 34 bureaux
2315 609 66 33 des
2411 609 136 34 Fédéra-

1440 667 111 34 tion».
2438 676 5 26 ?
2494 667 23 47 •*;

2493 710 12 16 '■4
2514 710 2 17 ■
2567 710 4 17 ,

1498 748 42 35 2°
1564 749 216 42 Chauffage
1797 762 11 23 :
1828 749 37 36 le
1883 750 206 44 chauffage
2109 765 42 21 se
2173 750 81 36 fera
2276 765 71 29 par
2369 751 35 35 la
2425 765 146 28 vapeur

1440 807 47 36 de
1508 809 114 42 façon
1641 812 22 32 à
1682 811 152 34 obtenir
1852 810 95 36 dans
1965 819 126 27 toutes
2110 811 54 35 les
2185 815 127 39 pièces
2333 827 73 20 une
2426 816 120 37 tempé-

1444 877 127 28 rature
1593 870 47 35 de
1672 871 7 32 1
1691 870 50 39 B°,
1768 871 85 34 sauf
1873 885 101 30 pour
1995 872 53 35 les
2070 876 161 35 entrées,
2258 873 176 38 couloirs,
2458 873 112 33 salles

1441 929 46 35 de
1516 930 95 34 fêtes
1639 939 37 25 et
1703 931 47 34 de
1780 934 191 37 réunions,
2003 935 173 39 magasin
2205 933 46 34 de
2282 947 88 28 gros
2399 946 169 29 aunages

1441 993 48 30 où
1524 990 36 35 la
1594 994 261 38 température
1888 1006 85 20 sera
2005 993 45 34 de
2093 993 59 33 16°
2185 1002 35 26 et
2256 993 80 33 ceia
2371 1007 99 28 pour
2502 993 66 34 de»

1442 1051 117 34 froids
1586 1053 211 33 extérieurs
1821 1052 47 36 de
1894 1056 122 31 moins
2043 1054 45 33 de
2123 1054 71 33 10°.

1499 1122 40 33 3°
1569 1123 198 41 Eclairage
1787 1137 8 20 :
1827 1124 233 42 L'éclairage
2092 1139 38 20 se
2162 1124 80 34 fera
2275 1139 48 19 au
2354 1139 137 27 moyen
2523 1125 47 33 de

1442 1181 247 40 l'électricité,
1733 1185 105 35 mais,
1881 1197 73 29 par
1996 1197 149 21 mesure
2187 1185 45 33 de
2275 1188 175 34 sécurité,
2496 1198 74 20 une

1441 1241 126 43 lampe
1601 1246 22 30 à
1656 1256 67 28 gaz
1755 1257 84 20 sera
1872 1243 132 43 placée
2037 1244 92 34 dans
2164 1245 148 41 chaque
2345 1245 91 33 saille
2469 1246 80 32 ordi-

1440 1304 124 38 naire;
1592 1303 99 33 deux
1720 1306 20 30 à
1769 1306 94 32 trois
1888 1303 146 42 lampes
2063 1305 93 33 dans
2187 1306 50 32 les
2267 1306 162 40 grandes
2458 1305 110 33 salles

1442 1371 36 24 et
1505 1362 52 34 les
1585 1366 202 38 magasins.
1816 1363 50 34 Le
1895 1372 224 30 restaurant,
2149 1364 33 37 le
2212 1365 82 33 café
2322 1373 35 25 et
2383 1365 56 34 les
2465 1365 81 42 loge-

1443 1432 124 24 ments
1597 1432 129 24 seront
1757 1426 21 30 à
1807 1425 185 40 pourvoir
2018 1423 114 36 d'une
2162 1425 234 35 installation
2425 1425 47 34 de
2502 1439 68 28 gaz

1442 1495 101 29 pour
1566 1481 38 36 la
1632 1484 156 34 cuisine.

1499 1554 41 33 4°
1564 1554 262 34 Canalisation
1848 1554 113 34 d'eau
1980 1568 8 20 :
2015 1555 74 34 Des
2115 1557 119 39 prises
2258 1555 111 35 d'eau
2395 1564 129 24 seront
2549 1559 21 29 à

1443 1613 130 41 placer
1594 1627 75 22 aux
1693 1614 124 34 divers
1840 1618 129 38 étages
1992 1623 133 25 autant
2149 1630 96 26 pour
2269 1615 53 34 les
2346 1625 224 32 nettoyages

1441 1687 74 28 que
1548 1687 99 28 pour
1678 1673 214 36 l'incendie.
1927 1674 70 34 Les
2030 1677 191 40 magasins
2255 1684 34 25 et
2323 1676 82 33 café
2439 1685 129 24 seront

1440 1747 170 27 pourvus
1636 1734 111 34 d'eau
1774 1743 36 25 et
1835 1734 47 34 de
1908 1735 250 34 canalisation
2184 1736 276 34 d'évacuation.

1500 1804 41 35 5°
1566 1804 77 35 Des
1666 1805 157 34 balcons
1849 1815 129 25 seront
2004 1809 22 30 à
2051 1809 153 38 prévoir
2234 1806 73 43 (les
2334 1806 156 34 balcons
2517 1821 36 18 se-

1446 1874 85 26 ront
1553 1865 145 36 utilisés
1718 1866 76 34 lors
1816 1866 46 35 de
1884 1867 165 41 grandes
2070 1867 305 34 manifestations
2396 1867 88 34 d'où
2506 1868 65 33 des

1444 1934 175 25 orateurs
1642 1934 190 34 pourront
1856 1927 126 41 parler
2009 1930 19 31 à
2053 1927 36 34 la
2115 1926 140 42 foule).

448 2263 705 67 CONFERENCES

306 2427 394 42 CONFERENCE
744 2428 352 41 NATIONALE
1140 2428 109 41 DES
1275 2428 61 41 SO-

240 2488 200 41 CIETES
474 2487 472 42 D'HABITATIONS
980 2488 43 41 A
1056 2488 121 41 BON
1211 2487 116 41 MAR-

241 2549 131 40 CHE.
489 2548 59 40 Le
572 2552 185 45 congrès
783 2551 71 46 qui
879 2566 19 23 s
914 2560 65 29 est
1004 2559 101 30 tenu
1132 2548 61 40 les
1220 2547 20 41 5
1270 2559 44 29 et
1338 2548 26 39 6

238 2608 162 42 février
430 2609 195 42 derniers
654 2611 26 39 à
709 2608 237 47 Bruxelles,
979 2611 26 39 à
1033 2608 244 40 l'initiative
1308 2608 56 40 de

239 2669 41 41 W
313 2669 172 41 Société
517 2669 236 41 Nationale
785 2669 77 40 des
894 2668 287 41 Habitations
1212 2672 25 36 à
1268 2668 97 41 Bon

241 2730 194 43 Marché,
464 2733 217 37 constitue
707 2747 54 23 en
789 2729 187 49 quelque
1002 2739 118 30 sorte
1145 2745 85 24 une
1258 2728 80 40 deu-

238 2791 145 39 xième
412 2791 165 39 session
608 2790 57 40 de
690 2790 41 40 la
760 2789 265 41 conférence
1054 2788 225 41 nationale
1309 2788 55 39 de

240 2850 295 41 l'Habitation
584 2853 228 46 organisée
861 2850 173 40 l'année
1082 2851 156 47 passée
1286 2865 80 32 par

242 2910 179 42 l'Union
451 2910 78 40 des
556 2910 151 40 Villes.
741 2909 180 41 Celle-ci
950 2912 118 38 avait
1096 2912 68 37 été
1194 2907 24 42 F
1226 2910 119 39 initia-

241 2973 105 38 trice
371 2970 106 42 d'un
502 2980 290 31 mouvement
817 2970 89 41 fort
929 2968 412 52 prometteur.Celui-

242 3030 41 41 là
308 3033 216 38 constitue
550 3047 57 24 un
633 3033 191 46 premier
851 3046 185 26 examen
1065 3030 77 41 des
1167 3030 200 40 résultats

242 3094 177 37 atteints
447 3107 51 24 en
526 3090 191 50 l'espace
746 3090 132 41 d'une
904 3093 153 38 année.

309 3173 60 42 M.
414 3173 41 41 le
492 3177 205 38 sénateur
737 3173 147 42 Vinck
926 3173 39 41 le
1004 3176 235 37 constatait
1280 3173 87 40 fort

241 3243 281 33 exactement
548 3250 55 24 en
630 3245 189 30 ouvrant
844 3232 41 43 le
910 3237 199 47 congrès,
1140 3250 71 24 ces
1237 3232 109 42 résul-

244 3304 83 31 tats
352 3303 101 32 sont
478 3304 95 31 tout
597 3297 26 38 à
647 3294 79 41 fait
752 3294 342 50 remarquables.
1123 3294 83 41 Les
1227 3297 120 38 statis-

244 3357 139 48 tiques
416 3371 82 33 que
529 3371 110 24 nous
670 3354 207 51 publions
907 3354 175 42 ailleurs
1110 3371 55 24 en
1196 3365 101 30 sont
1328 3353 39 41 la

244 3431 177 33 preuve.
452 3413 69 42 De
547 3425 98 30 tous
670 3418 121 37 côtés
816 3415 91 41 l'on
933 3432 45 24 se
1003 3418 189 47 prépare
1214 3417 26 38 à
1266 3431 76 24 con-

242 3479 170 42 struire;
449 3476 109 40 dans
590 3475 212 49 plusieurs
833 3492 271 29 communes,
1141 3475 105 50 déjà
1277 3474 90 42 l'on

244 3547 63 29 est
330 3538 25 38 à
381 3535 24 41 T
412 3552 164 24 œuvre-

1510 2249 125 45 Mais,
1675 2253 195 42 aussitôt,
1912 2249 315 46 évidemment,
2267 2254 304 46 apparaissent

1445 2309 60 40 les
1539 2309 235 41 difficultés
1808 2326 84 32 que
1925 2309 90 41 l'on
2049 2310 167 40 n'avait
2249 2328 80 31 pas
2361 2327 210 32 aperçues

1443 2371 24 38 à
1491 2369 188 41 l'abord.

1510 2441 118 40 C'est
1652 2444 25 37 à
1703 2441 91 40 leur
1820 2457 186 24 examen
2032 2458 83 31 que
2141 2442 145 40 furent
2311 2444 257 38 consacrées

1444 2500 117 42 deux
1581 2503 207 47 journées
1811 2500 56 41 de
1889 2503 206 38 réunions
2117 2503 158 39 suivies
2297 2502 274 40 assidûment

1441 2577 80 32 par
1550 2561 212 48 plusieurs
1790 2564 223 37 centaines
2042 2561 56 40 de
2127 2577 253 33 personnes.

1509 2631 60 40 La
1595 2634 218 47 première
1837 2633 185 48 journée
2051 2631 65 40 fut
2141 2634 115 46 prise
2282 2641 96 31 tout
2405 2634 165 38 entière

1443 2708 79 32 par
1562 2690 219 41 l'examen
1823 2691 78 40 des
1939 2691 256 49 problèmes
2234 2691 336 42 administratifs

1444 2768 57 23 ou
1533 2754 34 37 si
1601 2750 88 41 l'on
1722 2751 176 49 préfère
1931 2752 56 40 de
2021 2752 39 39 la
2095 2752 233 49 technique
2359 2752 183 40 adminis-

1443 2814 158 37 trative
1627 2811 76 40 des
1730 2814 184 37 sociétés
1942 2811 318 42 d'habitations
2285 2815 25 36 à
2334 2812 92 41 bon
2455 2829 85 23 mar-

1440 2870 94 41 ché.
1568 2870 63 42 Ce
1660 2871 66 41 fut
1755 2871 60 40 M.
1848 2870 187 50 Velghe,
2065 2872 348 49 vice-président
2444 2872 56 40 de
2526 2871 42 41 la

1440 2929 305 48 5.N.H.8.M.,
1773 2933 72 48 qui
1868 2947 47 26 se
1938 2930 189 51 chargea
2154 2931 57 41 de
2232 2931 43 41 la
2298 2934 192 47 préciser
2513 2949 55 24 en

1441 2990 177 51 parlant
1651 2994 367 38 successivement
2052 2992 55 40 de
2140 2991 40 40 la
2214 3003 263 30 couverture
2509 2992 59 41 du

1445 3051 166 46 déficit;
1638 3051 55 40 de
1715 3051 39 40 la
1775 3051 288 40 surveillance
2084 3053 56 39 de
2161 3053 41 40 la
2222 3052 172 41 Société
2416 3052 127 41 Natio-

1443 3111 117 46 nale;
1592 3111 77 40 des
1694 3111 194 41 Sociétés
1917 3112 54 39 de
1997 3112 139 40 crédit
2159 3121 43 31 et
2230 3112 55 40 de
2312 3112 257 42 l'accession

1444 3175 24 36 à
1507 3171 40 40 la
1587 3174 243 46 propriété;
1872 3171 57 40 du
1969 3171 235 50 Comptoir
2243 3172 207 41 National
2491 3172 79 42 des

1444 3231 257 41 Matériaux.

1508 3291 124 42 Nous
1662 3309 55 25 ne
1748 3307 112 26 nous
1891 3291 280 42 attarderons
2201 3309 80 33 pas
2312 3296 51 37 ici
2396 3296 24 37 à
2452 3296 93 38 résu-

1443 3368 92 24 mer
1566 3368 70 24 ces
1667 3355 186 45 exposés
1885 3352 252 50 cependant
2168 3352 90 41 fort
2286 3356 283 38 intéressants

1445 3423 42 29 et
1517 3414 71 48 qui
1619 3412 208 41 touchent
1856 3415 25 37 à
1912 3412 77 41 des
2019 3415 224 47 questions
2273 3414 156 40 vitales
2455 3431 115 32 pour

1444 3471 184 42 l'avenir
1651 3472 77 40 des
1748 3471 195 42 Sociétés
1966 3472 296 42 d'habitation
2282 3476 27 38 à
2332 3473 96 41 Bon
2453 3474 87 40 Mar-

1442 3531 93 41 ché.
