3017 4186
357 3798 61 37 LA
467 3790 109 44 CITÉ

1312 3782 77 48 121

2150 3792 156 38 AVRIL
2338 3793 84 36 Î92Î

808 312 259 43 ARC
1138 307 868 48 HITECTURE

228 550 212 32 extérieure
470 554 54 26 est
554 545 45 34 de
686 544 54 37 s°;
770 543 88 33 d'au
889 545 121 31 moins
1046 544 40 32 10
1118 543 25 38 m
1143 543 50 38 3,
1226 542 127 42 quand

231 610 33 32 la
298 609 257 39 température
588 606 212 31 extérieure
833 611 54 25 est
920 603 44 32 de
994 603 124 32 -—lo°
1151 611 36 24 et
1220 604 132 31 moins.

283 679 68 32 Les
374 677 232 32 dimensions
629 675 64 32 des
717 674 190 41 appareils
929 674 46 33 de
1001 674 202 40 chauffage
1225 681 129 26 seront

229 739 251 33 déterminées
505 735 45 33 de
580 735 111 39 façon
720 738 20 30 à
768 736 161 39 pouvoir
957 733 150 33 obtenir
1133 732 52 34 les
1210 736 120 37 tempé-

234 807 146 24 ratures
410 797 191 31 suivantes
632 808 70 26 par
884 807 47 20 au
961 793 137 34 dehors
1129 807 46 19 en
1204 792 86 33 ville
1320 801 36 23 et

232 855 119 34 —ls°
377 859 18 28 à
420 855 34 32 la
479 867 212 27 campagne
715 862 35 24 et
776 867 46 19 en
845 861 131 24 tenant
1003 861 151 32 compte
1177 852 66 33 des
1267 865 66 19 con-

230 917 136 32 ditions
396 915 45 32 de
470 914 220 32 ventilation
723 915 188 38 imposées
942 912 193 33 ci-dessus.

284 987 102 31 Dans
411 986 51 32 les
484 985 109 32 salles
618 983 44 34 de
687 997 111 19 cours
823 992 35 24 et
882 983 44 33 de
951 992 170 29 couture,
1147 983 52 32 les
1222 982 112 34 biblio-

232 1045 170 41 thèques,
434 1045 50 31 les
515 1044 108 33 sali-s
652 1044 44 33 de
728 1044 158 33 réunion
1076 1042 92 34 dans
1197 1042 52 33 les
1278 1050 57 25 ate-

232 1107 85 31 liers
343 1103 40 40 —j—
398 1104 74 37 16°;
501 1104 91 32 dans
622 1102 50 33 les
701 1102 108 33 salles
837 1102 44 33 de
908 1104 126 31 visites
1061 1101 213 37 médicales,
1302 1102 54 32 les

232 1165 108 33 salies
375 1164 44 32 de
454 1162 295 33 bains-douches
784 1171 34 23 et
855 1162 51 32 les
938 1164 195 32 vestiaires
1168 1161 49 33 du
1251 1175 78 27 gym-

234 1237 88 21 nase
345 1223 42 42 -f-
411 1223 82 39 22°;
515 1222 94 34 dans
633 1222 52 33 les
711 1222 201 38 corridors,
938 1222 52 32 les
1015 1225 155 37 préaux,
1195 1221 53 34 les
1272 1235 60 18 ves-

232 1287 125 30 tiaires
388 1294 33 22 et
453 1283 51 32 les
535 1296 201 27 gymnases
767 1279 41 42 -}-
822 1283 6 30 1
842 1282 49 32 2°.

283 1355 60 33 Un
376 1354 149 40 réglage
556 1354 156 32 efficace
745 1360 207 33 permettra
984 1352 44 32 de
1061 1352 203 33 maintenir
1295 1364 59 19 ces

230 1417 278 38 températures
540 1412 142 41 malgré
714 1412 50 32 les
794 1414 205 30 variations
1029 1411 44 33 de
1104 1411 32 33 la
1167 1414 164 37 tempéra-

231 1484 81 23 ture
340 1476 223 29 extérieure.

286 1545 168 39 Lorsque
481 1543 132 33 l'école
641 1550 151 33 compte
819 1544 85 38 cinq
932 1542 137 33 classes
1096 1554 47 19 au
1171 1542 133 35 moins,
1333 1538 22 33 il

232 1615 52 22 est
310 1603 177 33 conseillé
513 1602 62 41 d'y
597 1602 134 32 établir
755 1602 32 32 le
813 1601 202 40 chauffage
1041 1599 155 34 central.

286 1664 48 33 Le
359 1662 202 40 chauffage
587 1676 48 18 au
661 1674 67 28 gaz
752 1669 54 24 est
831 1660 153 33 interdit
1009 1660 93 32 dans
1128 1658 51 34 les
1205 1658 148 33 classes.

287 1723 68 33 Les
388 1721 128 41 poêles
549 1721 160 32 devront
743 1724 79 28 être
855 1723 19 29 à
909 1722 234 30 revêtement
1175 1719 182 32 intérieur

234 1782 219 33 réfractaire
482 1789 35 24 et
548 1780 30 33 le
608 1782 113 40 trajet
749 1778 64 33 des
842 1779 173 41 produits
1043 1778 44 32 de
1116 1777 240 33 combustion

232 1857 45 17 ne
301 1855 143 27 pourra
470 1842 136 39 jamais
633 1842 79 30 être
740 1838 243 34 descendant.

287 1911 84 34 Art.
406 1910 52 34 13.
484 1909 196 41 Eclairage
704 1908 187 35 artificiel.
990 1907 230 41 L'éclairage
1246 1909 88 38 géné-

235 1973 52 32 ral
324 1971 171 33 artificiel
533 1970 115 33 devra
685 1971 105 31 avoir
827 1968 51 33 les
913 1970 196 31 intensités
1146 1968 163 38 ci-après
1353 1980 5 18 :

234 2032 19 32 8
279 2032 158 39 bougies
461 2045 47 18 au
535 2032 118 30 mètre
681 2032 106 29 carré
813 2028 93 33 dans
931 2027 53 34 les
1009 2026 155 39 classes;
1196 2025 41 33 10
1265 2024 69 34 bou-

235 2093 76 39 gies
348 2105 48 18 au
434 2093 119 29 mètre
592 2092 106 30 carré
736 2086 93 35 dans
866 2086 52 34 les
956 2086 109 34 salles
1101 2085 44 34 de
1183 2093 176 27 couture;

234 2151 20 32 6
284 2151 155 39 bougies
467 2163 47 19 au
541 2151 119 31 mètre
688 2151 107 30 carré
823 2147 94 33 dans
942 2146 52 34 les
1022 2145 336 36 classes-cuisines;

235 2211 19 30 4
290 2210 158 40 bougies
481 2223 48 19 au
564 2211 119 30 mètre
719 2211 106 30 carré
874 2206 93 33 dans
1016 2205 51 33 les
1113 2203 246 36 buanderies;

240 2269 41 32 10
304 2269 157 40 bougies
487 2282 46 18 au
559 2271 118 29 mètre
703 2269 106 30 carré
834 2266 93 34 dans
952 2266 51 31 les
1027 2264 167 38 ateliers;
1221 2264 16 32 3
1267 2263 68 32 bou-

235 2331 77 38 gies
341 2342 47 18 au
420 2330 118 31 mètre
568 2330 106 29 carré
704 2325 93 34 dans
829 2326 50 32 les
909 2325 164 32 couloirs
1102 2333 36 25 et
1168 2323 52 33 les
1247 2321 111 35 salles

232 2387 212 37 d'escalier;
469 2401 97 26 pour
591 2386 52 33 les
668 2385 110 34 salles
802 2385 44 34 de
872 2392 158 25 couture
1055 2393 38 24 et
1116 2382 53 33 les
1193 2382 161 35 ateliers,

233 2446 213 40 l'éclairage
474 2445 205 34 individuel
708 2452 54 26 est
790 2448 19 29 à
841 2442 300 34 recommander.

287 2517 231 43 L'éclairage
555 2516 64 33 des
655 2515 177 34 tableaux
869 2517 102 31 noirs
1009 2526 83 21 sera
1145 2512 130 34 réalisé
1312 2511 44 33 de

234 2577 84 33 telle
352 2579 168 30 manière
551 2590 72 26 que
657 2575 51 33 les
743 2587 138 27 rayons
916 2573 172 33 réfléchis
1119 2587 69 26 par
1221 2572 51 32 les
1303 2579 35 24 ta-

233 2636 134 32 bleaux
401 2650 36 18 se
468 2636 162 39 dirigent
662 2648 83 19 vers
778 2633 32 33 le
841 2633 103 33 haut.

286 2707 83 32 Art.
416 2707 54 32 14.
512 2707 122 31 Cours
669 2705 243 32 d'exercices.
1041 2702 24 33 11
1104 2716 22 26 y
1164 2716 92 18 aura
1292 2700 64 33 des

232 2780 110 18 cours
368 2767 193 31 distinctes
587 2779 90 18 avec
703 2767 147 30 entrées
875 2765 174 38 séparées
1074 2775 97 28 pour
1194 2760 54 34 les
1273 2774 60 26 gar-

233 2840 89 25 çons
347 2836 34 23 et
406 2839 97 26 pour
526 2825 51 32 les
603 2824 102 33 filles.

287 2885 50 32 La
360 2885 200 40 superficie
585 2883 44 34 de
655 2883 147 40 chaque
827 2895 93 20 cour
943 2894 84 20 sera
1050 2880 166 33 calculée
1241 2882 20 29 à
1287 2880 51 31 rai-

231 2958 67 17 son
322 2944 43 33 de
390 2944 19 32 4
435 2947 138 30 mètres
597 2946 126 29 carrés
745 2956 69 27 par
837 2942 102 32 élève
962 2955 86 19 sans
1071 2954 49 27 qu
1139 2940 67 33 elle
1229 2941 125 38 puisse

234 3006 78 30 être
336 3003 205 33 inférieure
566 3006 19 29 à
615 3002 17 33 3
662 3016 93 19 ares.

286 3074 68 32 Les
378 3088 111 19 cours
514 3074 230 32 d'exercices
770 3082 126 23 seront
922 3071 171 33 encloses
1117 3070 44 32 de
1185 3083 102 19 murs
1311 3069 45 32 de

233 3132 19 32 2
281 3137 137 28 mètres
442 3133 45 34 de
512 3134 163 32 hauteur
698 3141 36 25 et
759 3134 150 38 garnies
933 3131 45 32 de
1004 3130 183 41 quelques
1213 3128 140 34 arbres.

285 3191 34 33 A
345 3193 33 32 la
401 3206 225 27 compagne,
654 3191 236 40 lorsqu'elles
916 3198 83 24 sont
1025 3192 196 37 contiguës
1246 3191 19 29 à
1292 3188 64 31 des

233 3250 167 42 champs,
431 3252 88 33 elles
548 3260 164 32 peuvent
740 3254 80 30 être
847 3250 187 33 clôturées
1063 3262 70 28 par
1160 3248 64 34 des
1252 3247 105 33 haies

234 3312 109 34 vives,
375 3311 83 33 sauf
486 3311 48 33 du
562 3314 84 29 côté
674 3311 65 32 des
765 3318 107 25 vents
902 3309 127 37 froids,
1058 3312 49 29 où
1133 3308 117 33 devra
1277 3309 79 30 être

234 3374 183 29 construit
455 3385 48 18 un
541 3384 95 19 mur.
675 3370 48 33 Le
757 3370 126 40 jardin
919 3368 77 35 doit
1032 3371 80 31 être
1146 3368 211 40 largement

234 3433 155 36 protégé
422 3430 43 32 de
499 3445 41 17 ce
572 3432 83 29 côté
687 3443 68 26 par
785 3443 47 18 un
866 3442 94 23 mur,
994 3427 123 41 lequel
1148 3433 208 35 permettra

234 3487 29 32 îe
293 3489 214 40 placement
535 3489 231 41 d'espaliers,

287 3547 50 34 La
370 3548 156 33 division
561 3562 45 19 en
639 3548 99 33 deux
769 3549 141 39 parties
942 3546 114 35 d'une
1088 3560 95 19 cour
1212 3544 145 35 d'école

1430 542 113 31 mixte
1568 540 76 32 doit
1669 542 78 29 être
1773 538 87 34 faite
1885 552 67 26 par
1977 552 71 20 une
2074 536 145 33 clôture
2241 538 64 40 qui
2330 550 23 18 n
2371 534 185 42 empêche

1428 613 67 27 pas
1522 599 32 32 la
1582 597 249 35 surveillance
1858 597 224 35 simultanée
2109 596 64 33 des
2198 596 100 34 deux
2323 597 153 40 parties.

1483 656 49 35 Le
1556 658 54 33 sol
1634 658 64 33 des
1722 671 123 24 cours,
1869 657 118 36 battu,
2014 660 98 31 tassé
2135 665 35 24 et
2194 655 131 34 drainé
2349 653 56 35 s'il
2429 668 47 20 en
2500 660 55 26 est

1430 719 141 36 besoin,
1601 732 82 18 sera
1713 722 210 32 recouvert,
1954 730 62 19 sur
2043 715 35 34 la
2107 717 127 31 moitié
2264 715 44 32 de
2337 728 40 20 sa
2405 712 151 35 surface

1429 792 47 18 au
1506 780 133 34 moins,
1670 777 89 32 d'un
1789 785 203 33 pavement
2021 790 46 20 en
2096 776 154 40 briques
2279 775 114 33 dures
2422 776 134 39 posée»

1430 851 63 19 sur
1531 837 157 40 champs
1731 836 109 41 (type
1879 835 213 41 klinkaart)
2107 849 6 23 ;
2149 848 42 20 ce
2230 842 204 33 pavement
2472 846 85 19 sera

1428 896 112 33 établi
1568 910 64 18 sur
1659 909 47 19 un
1738 895 129 33 massif
1893 897 156 31 continu
2076 909 47 18 en
2149 895 116 32 béton
2291 893 23 33 d
2333 907 73 19 une
2433 894 101 40 épais-

1428 969 86 19 seur
1537 956 44 33 de
1613 956 5 31 1
1632 955 19 32 2
1676 957 254 33 centimètres,
1956 957 28 30 si
2006 954 35 33 la
2065 962 134 25 nature
2224 967 73 27 peu
2321 954 233 31 consistante

1429 1016 48 32 du
1505 1015 53 33 sol
1586 1015 145 40 l'exige.

1482 1074 283 33 L'écoulement
1796 1072 64 33 des
1893 1086 96 19 eaux
2021 1073 114 32 devra
2166 1075 79 30 être
2278 1074 129 31 assuré
2438 1070 115 33 d'une

1429 1134 111 40 façon
1570 1133 173 41 parfaite.

1483 1193 68 32 Les
1580 1206 103 19 murs
1711 1192 45 32 de
1785 1192 34 32 la
1848 1204 93 21 cour
1970 1199 127 25 seront
2126 1198 131 25 autant
2288 1204 72 28 que
2389 1189 164 41 possible

1428 1252 171 33 blanchis
1625 1261 84 23 tous
1736 1252 50 31 les
1813 1265 67 18 ans
1905 1264 47 19 au
1978 1251 63 33 lait
2068 1250 44 34 de
2140 1251 134 32 chaux.
2302 1250 48 33 Le
2377 1249 90 41 long
2489 1248 66 34 des

1429 1311 153 41 façades
1613 1319 33 24 et
1678 1310 63 33 des
1772 1310 165 33 clôtures
1966 1317 129 26 seront
2125 1312 228 38 aménagées
2382 1308 66 34 des
2476 1308 58 41 pla-

1429 1370 217 33 tes-bandes
1683 1370 112 32 d'une
1844 1370 152 41 largeur
2045 1369 90 32 d'un
2172 1371 130 35 mètre,
2340 1377 84 24 tant'
2456 1381 100 27 pour

1430 1429 334 33 l'ornementation
1793 1428 48 33 du
1869 1429 127 32 milieu
2024 1428 158 34 scolaire
2212 1441 74 27 que
2314 1441 99 27 pour
2437 1427 36 33 îa
2501 1430 36 29 sé-

1429 1491 119 30 curité
1577 1488 64 33 des
1671 1488 160 33 enfants.

1485 1559 103 33 Dans
1618 1559 33 32 la
1681 1572 93 18 cour
1803 1571 83 20 sera
1914 1560 185 30 construit
2129 1571 50 19 un
2208 1560 103 37 large
2340 1564 139 26 auvent
2507 1570 49 19 ou

1431 1619 146 39 hangar
1611 1618 140 41 (préau
1781 1617 177 41 couvert)
1994 1619 151 38 exposé,
2175 1624 134 26 autant
2338 1630 73 28 que
2440 1618 97 39 possi-

1429 1678 69 36 ble,
1524 1691 47 18 au
1595 1677 102 37 Midi,
1724 1690 100 27 pour
1847 1678 118 31 servir
1989 1676 45 33 de
2057 1674 75 35 lieu
2156 1675 45 34 de
2227 1678 212 32 récréation
2465 1688 67 28 pen-

1430 1737 90 33 dant
1545 1737 51 33 le»
1618 1739 106 38 jours
1749 1735 174 34 humides
1947 1745 35 23 et
2008 1735 127 33 froids.

1495 1796 10 32 I
1517 1804 89 24 oute
1630 1795 104 34 école
1758 1809 84 19 sera
1864 1808 172 28 pourvue
2060 1794 113 33 d'une
2197 1794 131 33 cloche
2352 1807 99 28 pour
2473 1807 63 20 son-

1431 1869 69 19 ner
1522 1855 32 32 le
1578 1864 331 23 commencement
1933 1864 35 23 et
1992 1854 33 32 la
2048 1854 50 33 fin
2123 1854 64 32 des
2212 1855 191 32 exercices
2426 1853 113 33 scolai-

1432 1926 69 22 re».

1486 1985 82 33 Art.
1606 1984 52 33 15.
1688 1986 79 31 Eau
1793 1985 165 39 potable.
2064 1983 362 41 Indépendamment
2452 1982 45 33 de
2526 1984 32 32 la

1433 2059 140 26 pompe
1610 2058 48 18 ou
1695 2046 99 39 prise
1829 2044 110 33 d'eau
1977 2046 171 30 réservée
2184 2046 21 30 à
2239 2042 239 34 l'habitation
2511 2040 47 34 de

1432 2104 256 36 l'instituteur,
1723 2103 148 41 chaque
1903 2103 103 34 école
2036 2103 78 32 doit
2147 2102 179 41 posséder
2357 2116 48 19 au
2438 2104 120 31 moins

1433 2178 73 18 une
1541 2166 98 38 prise
1674 2163 111 33 d'eau
1818 2162 152 41 potable
2005 2165 181 38 protégée
2221 2170 132 24 contre
2387 2161 34 33 la
2455 2159 103 42 gelée

1433 2232 34 22 et
1497 2223 33 32 la
1559 2222 198 42 pollution,
1789 2231 36 24 et
1852 2222 92 33 dont
1972 2222 52 33 les
2052 2221 123 33 élèves
2203 2236 47 18 ne
2279 2230 164 32 peuvent
2472 2233 86 20 user

1431 2282 87 41 qu'à
1543 2281 282 34 l'intervention
1848 2281 49 33 du
1922 2284 145 30 maître.

1486 2351 84 35 Art.
1608 2352 52 33 16.
1688 2352 154 33 Lavoirs
1868 2359 37 26 et
1930 2351 307 34 bains-douches.
2342 2350 25 34 11
2393 2352 164 38 importe

1430 2426 72 27 que
1530 2412 51 32 les
1605 2412 122 32 élèves
1752 2413 169 39 puissent
1946 2411 171 41 disposer
2142 2410 89 33 d'un
2257 2410 119 33 lavoir
2400 2424 48 18 ou
2474 2417 82 24 tout

1430 2485 46 19 au
1502 2473 122 30 moins
1646 2471 160 32 d'éviers
1830 2470 233 32 lave-mains.
2089 2480 19 22 «
2132 2468 156 34 Partout
2312 2472 48 29 où
2385 2468 32 33 la
2442 2468 114 32 chose

1430 2540 54 23 est
1512 2530 162 41 possible
1700 2540 32 26 >,
1761 2530 8 32 l
1787 2529 104 33 école
1919 2529 113 32 devra
2059 2532 80 29 être
2165 2542 172 28 pourvue
2363 2528 112 32 d'une
2502 2529 36 31 in-

1430 2589 188 33 stallation
1646 2589 45 32 de
1717 2589 305 33 bains-douches.
2051 2588 49 34 Le
2127 2588 159 32 nombre
2313 2587 63 33 des
2403 2586 153 34 cabine»

1429 2658 35 23 et
1486 2649 63 32 des
1573 2662 172 26 pommes
1769 2648 218 40 d'arrosage
2011 2661 82 19 sera
2116 2649 277 39 proportionné
2417 2649 19 29 à
2458 2646 96 33 celui

1428 2707 64 33 des
1517 2708 122 32 élèves
1670 2709 13 39 (
1699 2709 6 30 1
1720 2707 15 40 )
1746 2733 5 6 .

1490 2873 36 41 (1
1541 2872 14 40 )
1591 2872 311 34 Bains-douches.
2001 2871 84 33 Une
2107 2871 232 34 installation
2363 2871 48 37 de
2432 2871 102 33 bains-

1429 2920 167 34 douches
1617 2934 39 19 se
1678 2918 191 35 calculera
1886 2933 68 20 sur
1974 2933 74 20 une
2069 2918 89 35 base
2179 2918 47 35 de
2248 2918 49 34 40
2319 2918 103 34 litres
2442 2918 113 35 d'eau

1427 2971 22 30 à
1476 2968 66 33 40°
1569 2967 32 34 C
1630 2981 69 28 par
1726 2965 284 36 douche-élève.
2041 2967 49 33 Le
2119 2966 160 37 nombre
2306 2965 66 35 des
2401 2966 153 34 cabine»

1430 3029 39 24 s©
1500 3015 254 34 déterminera
1788 3014 151 42 d'après
1969 3014 34 34 le
2037 3014 159 34 nombre
2228 3014 163 34 d'élèves
2424 3027 45 20 en
2502 3021 35 26 te-

1430 3074 90 23 nant
1558 3072 152 32 compte
1745 3062 91 34 d'un
1874 3061 213 35 roulement
2125 3061 229 42 compatible
2393 3075 93 21 avec
2520 3061 35 34 le

1432 3113 141 41 régime
1604 3110 46 35 de
1683 3108 143 36 l'école,
1860 3110 161 42 Chaque
2054 3108 133 35 cabine
2220 3123 85 20 sera
2336 3109 139 34 divisée
2507 3123 49 19 en

1429 3159 99 34 deux
1561 3160 325 40 compartiments.
1921 3157 97 35 Lans
2064 3158 34 33 le
2141 3160 177 39 premier,
2352 3156 131 36 l'élève
2516 3171 40 19 se

1429 3207 216 36 déshabille,
1679 3207 93 33 dans
1802 3206 33 34 le
1864 3205 141 34 second
2037 3220 38 19 se
2106 3205 108 41 place
2244 3205 35 33 la
2309 3204 160 36 douche.
2502 3204 52 34 La

1430 3257 75 32 tête
1533 3254 66 35 des
1625 3254 124 34 élèves
1779 3262 143 26 restera
1949 3253 142 34 visible.
2121 3253 51 34 Le
2201 3253 55 34 sol
2285 3266 84 21 sera
2398 3261 158 25 couvert

1429 3303 44 34 de
1498 3303 99 34 lattis
1621 3302 218 34 amovibles.
1865 3301 54 34 En
1944 3301 156 34 dessous
2120 3301 47 34 de
2190 3301 36 33 la
2249 3300 149 35 douche
2422 3300 23 34 il
2471 3313 85 21 sera

1430 3353 118 40 prévu
1579 3365 74 19 une
1686 3358 150 28 cuvette
1867 3363 172 28 pourvue
2071 3349 113 35 d'une
2216 3362 169 29 soupape
2418 3348 45 34 de
2493 3348 42 33 dé-

1429 3398 151 42 charge,
1605 3405 37 28 et
1665 3397 169 35 destinée
1858 3411 48 20 au
1929 3396 133 42 lavage
2087 3396 65 33 des
2176 3396 116 43 pieds.

1483 3445 69 35 Les
1582 3445 168 36 douches
1780 3459 39 20 se
1848 3445 217 35 donneront
2095 3459 64 20 sur
2186 3444 238 34 commande.
2457 3443 74 35 Cha-

1434 3508 74 28 que
1548 3507 155 29 pomme
1743 3492 219 43 d'arrosage
2003 3507 142 28 pourra
2186 3496 78 30 être
2306 3492 250 33 commandée

1429 3557 251 38 séparément,
1707 3556 95 32 mais
1822 3555 24 33 iî
1871 3553 66 42 n'y
1958 3566 94 21 aura
2075 3553 118 42 qu'un
2217 3552 196 42 mélanger
2435 3560 47 29 et,
2509 3566 47 20 en
