3446 4394
1690 166 101 53 404

111 303 168 52 Flöten
309 303 123 54 nicht
463 322 67 44 so,
560 306 87 52 wie
679 324 180 44 unsere,
891 306 71 52 die
994 324 102 35 man
1131 325 81 33 zur
1231 306 323 68 Verstärkung
1587 306 92 52 und

111 387 372 69 Hervorhebung
513 388 80 51 der
611 390 198 50 Melodie
840 388 209 63 braucht,
1081 390 200 52 sondern
1302 391 226 58 Discant-,
1561 391 118 60 Alt-,

110 470 179 53 Tenor-
312 472 91 51 und
428 474 317 52 Bass-Flöten.
771 475 106 51 Nun
906 475 155 52 wollte
1094 493 103 33 man
1228 474 111 50 aber
1368 475 116 51 auch
1502 475 150 49 Instru-

112 562 155 44 mente
298 554 163 60 haben,
507 556 71 51 die
621 575 83 33 zur
733 559 277 68 Begleitung
1049 576 87 35 von
1169 559 310 50 Solo-Stellen
1510 559 70 48 für
1611 559 70 49 die

111 639 180 67 Sänger
333 637 194 55 benutzt
573 642 187 51 werden
807 644 220 57 könnten,
1072 642 92 51 und
1211 642 71 50 die
1324 660 52 33 so
1409 642 272 66 angenehm,

110 724 118 58 süss,
258 720 277 70 verborgen,
566 725 342 61 schmachtend,
939 725 282 69 einwiegend
1255 725 92 51 und
1380 725 298 51 wohlthuend

107 804 199 70 klängen
338 806 94 51 und
464 809 98 51 aufs
587 810 103 51 Ohr
720 811 82 50 der
831 813 211 48 Zuhörer
1072 829 52 32 so
1157 810 209 60 wirkten,
1395 810 86 50 wie
1510 811 83 49 auf
1609 810 72 51 die

110 889 231 52 Geruchs-
351 891 301 70 Werkzeuge
682 894 82 49 der
797 895 111 50 Duft
938 896 122 49 eines
1085 894 262 60 Veilchens,
1377 893 126 50 einer
1536 894 143 51 Viole.

110 973 88 50 Ein
220 974 221 52 Veilchen
472 978 152 49 macht
648 978 92 50 sich
773 978 142 50 durch
948 979 152 49 seinen
1133 984 160 43 süssen
1324 978 111 49 Duft
1466 976 182 51 bemerk-

108 1055 102 61 bar,
239 1075 106 35 man
378 1059 111 51 wird
525 1062 141 49 durch
690 1062 246 50 denselben
969 1062 230 57 entzückt,
1232 1062 135 49 weiss
1399 1059 110 52 aber
1540 1062 141 58 nicht,

111 1158 87 34 von
232 1159 74 35 wo
337 1159 51 33 er
421 1144 189 58 kommt,
643 1145 53 51 da
731 1163 102 33 man
864 1147 86 49 den
985 1147 105 57 Ort,
1133 1163 55 32 an
1221 1144 103 51 dem
1357 1145 78 50 das
1462 1145 217 50 Veilchen

117 1225 193 51 wächst,
342 1227 135 49 kaum
510 1228 251 51 entdecken
794 1229 132 51 kann.
983 1229 130 51 Eben
1145 1247 50 33 so
1227 1228 134 51 sollte
1392 1229 78 50 das
1500 1229 154 50 Instru-

112 1317 125 42 ment
267 1310 99 51 aufs
398 1310 101 51 Ohr
533 1312 185 51 wirken.
770 1313 107 50 Man
910 1313 132 51 sollte
1072 1314 131 49 Töne
1235 1313 160 57 hören,
1425 1331 87 32 von
1545 1314 134 50 ihnen

110 1393 215 50 entzückt
355 1394 90 50 und
478 1394 283 68 hingerissen
787 1397 203 56 werden,
1021 1396 110 50 aber
1157 1397 121 48 nicht
1305 1397 181 58 wissen,
1519 1397 160 49 woher

110 1476 63 49 sie
205 1476 228 52 kommen.
479 1478 107 50 Man
618 1497 165 32 ersann
816 1479 143 52 daher
992 1481 512 67 Bogen-Inslrumente,
1537 1481 140 49 deren

108 1559 102 51 Ton
265 1561 102 49 dem
414 1562 102 49 Ohr
563 1580 51 34 so
660 1564 256 66 angenehm
963 1566 85 49 wie
1094 1566 81 49 der
1220 1563 323 52 Veilchenduft
1588 1564 88 50 den

103 1642 507 71 Riech-Werkzeugen
640 1665 112 42 war,
784 1648 93 51 und
910 1656 167 43 nannte
1110 1650 63 49 sie
1207 1648 175 50 Violen.
1428 1648 124 50 Zwei
1587 1650 58 48 Ar-

107 1735 79 43 ten
215 1745 89 35 von
334 1728 167 52 Violen
544 1730 127 52 hatte
714 1750 103 32 man
853 1732 275 67 vorzüglich,
1173 1731 194 52 nämlich
1413 1731 99 51 eine
1546 1732 128 51 Viola

108 1810 42 50 di
185 1811 191 62 Gamba,
422 1812 43 52 d.
505 1813 28 51 i.
576 1815 141 50 Fuss-
760 1815 113 50 oder
914 1816 288 60 Knie-Viola,
1260 1815 93 50 und
1400 1813 99 52 eine
1545 1816 128 51 Viola

107 1893 222 54 d'Amore
361 1896 113 51 oder
505 1896 127 51 Viola
666 1897 40 51 di
740 1898 201 60 Braccio,
973 1900 41 52 d.
1043 1900 25 49 i.
1101 1898 274 53 Arm-Viole
1405 1897 113 54 oder
1543 1898 105 51 Brat-

107 1977 123 51 sche.
263 1980 187 49 Erstere
480 1978 220 54 benutzte
732 1999 103 33 man
863 2000 82 33 zur
962 1982 274 69 Begleitung
1268 1982 79 51 des
1372 1982 178 51 Tenors
1582 1982 91 51 und

105 2062 182 60 Basses,
328 2062 189 52 letztere
549 2064 69 50 für
648 2065 88 52 den
766 2066 187 51 Discant
997 2067 92 50 und
1123 2067 91 52 Alt.
1275 2067 157 50 Heute
1462 2065 78 51 hat
1571 2084 103 33 man

103 2146 74 50 für
193 2146 131 51 Viola
350 2147 40 50 di
418 2147 287 54 Gambadas
729 2150 284 52 Violoncello
1044 2151 93 51 und
1169 2151 72 50 für
1263 2150 127 51 Viola
1422 2150 41 51 di
1489 2151 185 50 Braccio

110 2229 72 50 die
211 2230 235 52 Bratsche.
493 2232 51 50 In
578 2234 207 49 früherer
814 2235 100 48 Zeit
947 2234 167 52 kannte
1146 2253 103 32 man
1282 2232 212 53 mehrere
1523 2235 149 50 Arten

105 2330 87 33 von
225 2314 177 57 Violen,
431 2334 35 31 z.
501 2316 48 51 B.
585 2316 128 51 Viola
745 2318 40 49 di
817 2318 169 67 Spalla,
1016 2320 70 50 ein
1112 2319 113 67 jetzt
1258 2335 113 50 ganz
1401 2318 248 50 verscholle-

105 2414 82 33 nes
218 2399 298 58 Instrument,
550 2399 151 52 ferner
720 2401 129 50 Viola
870 2404 244 66 Pomposa,
1147 2401 139 51 deren
1321 2401 214 50 Erfinder
1565 2403 41 48 J.
1626 2403 47 52 S.

105 2480 156 51 Bach
296 2499 108 33 war.
447 2483 86 50 Die
564 2484 127 49 Viola
726 2485 41 50 di
799 2484 177 52 Gamba
1010 2488 161 48 wurde
1202 2485 109 51 aller
1347 2485 297 50 Wahrschein-

105 2565 182 50 lichkeit
333 2566 113 50 nach
489 2566 42 51 in
564 2568 207 67 England
804 2569 301 66 aufgebracht
1152 2569 90 51 und
1277 2586 94 33 war
1402 2587 82 33 vor
1514 2569 159 51 Zeilen

105 2649 44 50 in
193 2649 117 51 allen
342 2650 213 52 Ländern
601 2653 122 51 eines
769 2653 81 51 der
896 2653 299 52 beliebtesten
1226 2654 325 51 Instrumente.
1608 2654 65 52 Es

106 2733 128 49 hatte
266 2733 192 51 beinahe
489 2735 70 50 die
592 2737 137 49 Form
771 2737 122 50 eines
925 2738 127 51 Cello
1099 2738 91 51 und
1239 2737 161 50 wurde
1446 2737 226 50 zwischen

106 2817 86 50 den
225 2817 179 50 Knieen
437 2818 228 67 gehalten.
699 2820 104 50 Sein
836 2822 100 49 Ton
971 2838 95 33 war
1096 2822 125 51 nicht
1253 2822 106 49 sehr
1390 2822 142 57 stark,
1562 2820 110 51 aber

105 2900 207 60 näselnd,
357 2902 120 51 ohne
510 2904 318 66 unangenehm
872 2922 53 33 zu
968 2906 111 49 sein.
1136 2906 96 49 Auf
1272 2906 101 48 dem
1406 2903 268 51 Griffbrette

106 3001 153 33 waren
309 2986 160 49 Bunde
515 2986 297 67 angebracht,
859 2987 189 60 welche,
1094 2988 85 50 wie
1223 2987 70 49 bei
1335 2988 81 48 der
1448 2987 228 58 Guitarre,

105 3069 90 51 den
226 3068 200 66 Fingern
459 3069 95 50 ihre
586 3071 173 49 Stellen
793 3072 248 51 anwiesen.
1096 3072 83 49 Die
1212 3069 176 52 Gambe
1422 3071 125 49 halte
1579 3072 63 48 An-

105 3152 127 69 fangs
263 3153 43 50 in
583 3156 43 57 d,
728 3172 47 49 g,
880 3174 36 36 c,
1013 3175 35 38 e,
1143 3175 44 39 a,
1291 3158 33 47 d
751 3157 262 65 gestimmte
1044 3157 179 57 Saiten;
1258 3174 75 31 um
1376 3154 151 51 1600
1562 3154 114 51 aber

101 3234 129 69 fügte
257 3237 165 50 Marais
454 3237 40 51 in
522 3238 124 50 Paris
672 3238 99 50 eine
797 3238 204 51 siebente
1025 3240 123 49 Saite
1181 3240 131 48 hinzu
1348 3238 90 50 und
1471 3238 102 49 liess
1604 3238 72 50 die

103 3321 95 51 drei
234 3330 239 42 untersten
507 3322 324 69 überspinnen.
878 3325 157 48 Hans
1068 3323 261 58 Havden,
1362 3322 220 66 Organist
1613 3340 55 32 zu

101 3403 263 69 Nürnberg,
395 3406 155 49 erfand
586 3424 75 31 um
695 3406 152 51 1609
878 3407 70 50 ein
968 3408 479 49 Tasten-Instrument
1472 3406 41 49 in
1535 3407 137 48 Form

105 3487 121 51 eines
272 3490 200 65 Flügels,
520 3488 197 53 welches
764 3490 86 49 den
897 3490 100 49 Ton
1044 3491 83 48 der
1171 3488 176 51 Gamba
1394 3488 280 50 nachahmen

106 3571 129 50 sollte
280 3575 91 47 und
416 3582 137 45 unter
595 3575 103 49 dem
729 3575 176 51 Namen
940 3572 338 52 Gambenwerk
1326 3572 112 50 oder
1477 3572 199 66 Geigen-

107 3652 300 70 Clavicyrobal
440 3656 202 51 bekannt
673 3657 70 50 ist.
807 3657 86 51 Die
931 3656 203 66 jetzigen
1168 3656 162 50 Violen
1377 3656 95 48 sind
1521 3659 156 63 später

103 3737 222 52 erfunden
359 3741 185 52 worden
578 3742 90 51 und
701 3742 102 49 eine
835 3740 147 51 Abart
1014 3740 258 51 derselben.
1305 3740 105 48 Man
1443 3748 140 40 nennt
1615 3740 62 48 sie

105 3821 149 51 kleine
287 3821 174 59 Violen,
496 3824 208 51 Violinen
738 3825 113 50 oder
883 3824 191 67 Geigen,
1107 3824 91 49 und
1231 3822 97 50 ihre
1358 3821 319 68 Bestimmung

101 3924 99 34 war
232 3906 71 49 für
336 3905 70 50 die
437 3906 144 68 Oper,
614 3925 72 35 wo
718 3909 63 49 sie
812 3909 41 51 in
887 3909 156 53 Italien
1076 3916 159 45 zuerst
1267 3905 254 67 gebraucht
1550 3923 92 32 wur-

99 3990 105 52 den.
253 3990 140 57 Dort,
417 3988 126 50 hatte
583 4008 102 32 man
718 4009 136 50 sogar
894 3993 70 49 ein
995 3991 183 51 Violino
1216 3990 194 57 Piccolo,
1457 3989 43 49 d.
1532 3988 25 49 i.
1588 3990 60 48 Ta-

98 4073 295 70 schengeige,
441 4073 71 50 die
558 4073 126 50 ihren
724 4075 174 51 Namen
934 4075 206 52 erhalten
1175 4075 94 60 hat,
1314 4073 101 52 weil
1462 4089 106 33 man
1612 4071 66 52 sie

98 4158 122 52 ihrer
248 4158 231 51 Kleinheit
513 4173 162 50 wegen
709 4158 286 65 gewöhnlich
1033 4158 42 52 in
1105 4158 82 52 der
1216 4157 178 53 Tasche
1425 4173 54 34 zu
1510 4162 164 61 tragen

1780 306 184 70 pflegte.
1997 310 77 49 Sie
2107 311 133 52 stand
2272 311 42 52 in
2344 310 81 53 der
2455 311 265 67 Stimmung
2754 329 78 33 um
2866 310 101 52 eine
2998 311 181 61 Quarte
3210 312 147 56 höher

1779 391 66 50 als
1876 392 72 50 die
1978 394 319 66 gewöhnliche
2328 395 157 68 Geige.

1906 476 131 52 Viola
2069 477 42 51 di
2144 479 175 52 Gamba
2351 481 64 50 als
2441 479 344 68 Orgelregister
2815 482 174 49 müsste
3017 480 224 52 demnach
3273 482 80 52 das

1780 559 287 52 schwächste
2102 562 91 51 und
2225 573 198 42 zarteste
2441 565 214 67 Register
2686 564 123 51 einer
2841 565 145 67 Orgel
3017 565 123 60 sein;
3171 583 51 33 es
3254 566 97 68 gibt

1780 641 73 51 hin
1887 645 91 50 und
2000 645 169 50 wieder
2197 649 114 48 auch
2339 649 116 49 noch
2489 650 89 50 alte
2608 649 193 67 Orgeln,
2831 649 43 49 in
2906 649 148 51 denen
3086 650 147 51 dieses
3256 651 60 51 Re-

1779 725 142 67 gister
1953 728 202 50 wirklich
2188 730 107 50 sehr
2323 739 110 48 zart,
2465 733 85 50 fein
2584 734 93 49 und
2710 733 121 50 dünn
2864 733 69 50 ist.
2967 733 182 49 Neuere
3182 734 140 68 Orgel-

1778 808 145 52 bauer
1954 810 111 51 aber
2097 811 147 51 bauen
2278 814 146 51 dieses
2445 815 212 67 Register
2688 835 113 49 ganz
2826 816 179 59 anders,
3036 818 64 49 sie
3124 816 226 54 intoniren

1778 910 47 32 es
1858 894 164 60 scharf,
2052 896 113 66 spitz
2199 898 93 49 und
2316 899 141 52 stark,
2489 918 75 32 um
2588 918 48 32 es
2662 902 64 49 als
2752 900 331 60 Kraftstimme,
3115 902 80 49 mit
3226 902 125 52 einer

1778 978 255 64 gedeckten
2064 980 194 50 Stimme
2302 999 137 50 sogar
2484 983 63 49 als
2589 984 329 60 Rohrstimmc,
2965 1004 41 49 gi
3024 984 233 52 brauchen
3290 1004 55 33 zu

1779 1062 197 52 können.
2024 1063 201 51 Unrecht
2259 1065 55 50 ist
2345 1083 49 32 es
2427 1067 183 58 freilich,
2639 1068 104 51 dass
2775 1086 52 31 so
2862 1069 110 50 viele
3007 1069 177 66 Orgeln
3218 1070 132 51 keine

1774 1144 345 53 Rohrstimmen
2152 1147 162 52 haben.
2373 1150 51 49 In
2461 1149 146 66 jeder,
2639 1169 137 51 sogar
2806 1152 82 51 der
2920 1153 237 60 kleinsten,
3200 1154 146 69 Orgel

1778 1234 173 46 müsste
1978 1232 69 48 ein
2083 1230 259 53 Rohrwerk
2371 1234 108 51 sein.
2512 1236 70 48 Da
2615 1236 146 50 dieses
2793 1237 82 48 der
2908 1238 92 48 Fall
3034 1238 124 50 nicht
3189 1238 71 58 ist,
3292 1256 53 33 so

1777 1313 133 50 sucht
1942 1332 102 33 man
2079 1314 143 51 durch
2255 1317 174 49 Gamba
2464 1318 91 50 und
2588 1318 128 51 einen
2738 1319 204 51 Gedackt
2974 1321 123 50 diese
3121 1322 225 51 Stimmen

1777 1413 54 33 zu
1876 1406 224 42 ersetzen.
2161 1399 237 51 Salicional
2443 1401 144 50 heisst
2617 1403 332 57 Weidenrohr,
2994 1404 352 68 Weidenpfeife,

1774 1479 93 50 und
1901 1479 142 69 klingt
2075 1482 80 48 viel
2188 1483 180 51 stärker
2398 1484 64 50 als
2489 1484 189 51 Gamba.
2711 1487 52 48 In
2795 1486 86 51 den
2908 1488 177 65 Orgeln
3119 1487 199 53 beobach-

1775 1571 66 42 tet
1876 1581 101 33 man
2003 1564 109 50 aber
2140 1566 78 49 das
2248 1566 341 68 Umgekehrte:
2622 1571 238 49 Salicional
2886 1571 58 49 ist
2974 1572 133 50 meist
3135 1572 86 51 fein
3254 1573 92 51 und

1777 1647 139 58 dünn,
1945 1647 176 52 Gamba
2152 1648 112 51 aber
2296 1651 127 51 krass
2456 1653 90 50 und
2579 1653 163 52 scharf.

1904 1732 60 50 Es
2010 1732 148 51 lassen
2206 1733 92 51 sich
2345 1736 133 49 keine
2513 1736 349 67 Normalregeln
2909 1736 115 52 über
3057 1738 70 50 die
3157 1738 155 53 Combi-

1774 1813 215 52 nationen
2023 1816 80 49 der
2136 1817 215 68 Register
2382 1820 266 58 feststellen,
2681 1821 100 51 weil
2812 1821 123 51 nicht
2965 1822 87 50 alle
3083 1822 148 66 gleich
3264 1822 52 51 be-

1773 1907 202 42 nannten
2011 1901 213 66 Register
2254 1902 41 51 in
2320 1904 116 49 allen
2465 1905 176 66 Orgeln
2671 1905 144 67 gleich
2843 1906 117 56 sind,
2997 1906 91 51 und
3118 1907 103 51 weil
3257 1909 66 49 fer-

1773 1999 82 33 ner
1882 1982 122 51 nicht
2032 1985 84 49 alle
2142 1985 220 51 Kirchen-
2396 1986 92 51 und
2521 1987 325 68 Orgel-Chöre
2878 1989 147 67 gleich
3071 2006 134 50 gross
3252 1992 96 49 und

1772 2065 232 52 akustisch
2031 2075 82 60 gut
2141 2067 171 68 gebaut
2339 2070 112 49 sind.
2481 2071 64 48 So
2573 2071 80 50 viel
2686 2072 57 50 ist
2771 2071 110 51 aber
2908 2072 122 51 wohl
3057 2074 176 66 richtig,
3252 2074 94 51 und

1773 2149 71 50 die
1874 2149 333 70 Beobachtung
2236 2151 70 52 bei
2330 2154 85 49 fast
2443 2154 116 51 allen
2587 2173 150 33 neuen
2761 2156 176 66 Orgeln
2969 2156 113 50 wird
3115 2174 48 33 es
3191 2158 128 50 bestä-

1774 2232 138 69 tigen,
1940 2234 104 51 dass
2084 2235 190 57 Gamba,
2319 2238 132 49 allein
2486 2239 209 67 gespielt,
2742 2240 110 50 zähe
2889 2240 93 50 und
3017 2240 205 51 schlecht
3266 2258 52 33 an-

1773 2318 188 67 spricht,
1991 2318 92 50 und
2107 2319 91 49 sich
2231 2320 144 51 daher
2406 2321 124 50 nicht
2554 2332 84 57 gut
2664 2323 165 59 macht,
2861 2324 80 49 mit
2965 2324 240 51 Hohlflaut
3232 2324 114 51 oder

1773 2400 207 51 Gedackt
2015 2404 223 66 vereinigt
2263 2404 113 51 aber
2406 2404 106 51 sehr
2541 2406 299 51 wohlthuend
2873 2406 148 51 wirkt.

1897 2484 168 54 Berlin.

2894 2490 95 52 Th.
3035 2491 183 50 Mann.

2215 2758 682 71 Beurtheilungen.

2243 2899 167 60 Für
2483 2899 399 78 Gesang.

1900 3043 136 51 Carl
2075 3044 257 52 Debrois
2378 3064 103 33 van
2513 3048 250 70 Bruyck,
2806 3049 168 53 Lieder
3007 3050 90 50 und
3130 3052 213 67 Gesänge

2023 3129 71 48 für
2123 3130 99 49 eine
2248 3130 296 68 Singslimme
2575 3134 80 51 mit
2682 3133 271 67 Begleitung
2978 3133 79 51 des
3083 3134 260 54 Pianoforte

2023 3213 258 66 componirt
2312 3214 91 50 und
2432 3215 101 49 dem
2561 3217 242 66 Königlich
2824 3218 325 51 Preussischen
3168 3221 173 49 Musik-

2023 3295 213 50 Director
2279 3297 153 51 Herrn
2481 3299 79 54 Dr,
2592 3299 108 49 Karl
2733 3301 143 49 Löwe
2917 3301 253 52 verehrend
3203 3321 111 48 zuge-

2022 3379 166 66 eignet.
2208 3378 51 52 3.
2282 3382 81 49 W.
2398 3381 49 50 2.
2469 3383 151 50 Hefte.
2644 3384 154 58 Wien,
2819 3384 234 52 Mechetti.
3080 3388 24 47 ä
3133 3386 74 50 20
3231 3387 104 67 Sgr.

1897 3490 98 49 Der
2027 3490 160 68 junge,
2232 3500 127 42 ernst
2390 3492 246 51 strebende
2667 3494 270 69 Componist
2970 3496 80 50 der
3083 3496 254 52 Tonbilder

1771 3574 70 48 für
1873 3572 277 60 Pianoforte,
2193 3576 72 51 die
2307 3576 44 51 in
2382 3577 154 51 diesen
2570 3579 207 50 Blättern
2810 3580 169 51 bereits
3011 3581 325 52 anerkennend

1770 3656 243 67 angezeigt
2041 3657 117 59 sind,
2201 3659 127 50 hätte
2357 3660 94 51 sieh
2481 3660 131 51 recht
2644 3661 96 51 klar
2772 3663 189 50 machen
2989 3664 160 58 sollen,
3191 3665 148 50 worin

1773 3739 71 51 die
1877 3740 217 67 Vorzüge
2123 3743 294 50 Löwe'scher
2434 3744 216 51 Balladen
2682 3744 240 59 bestehen,
2953 3746 119 51 dann
3100 3746 160 51 würde
3292 3764 49 32 er

1773 3823 172 50 seinem
1966 3824 218 52 Vorbilde
2216 3826 117 51 noch
2365 3828 278 66 glücklicher
2667 3829 326 66 nachgestrebt
3024 3829 163 51 haben.
3223 3830 87 50 Vor-

1777 3910 132 64 züge,
1954 3908 71 52 die
2067 3908 85 52 den
2187 3910 213 51 Balladen
2432 3928 85 33 aus
2547 3913 183 49 Löwe's
2762 3913 232 50 Glanzzeit
3026 3913 313 67 zugestanden

1774 3990 188 51 werden
2004 3995 203 56 müssen,
2249 3993 124 51 sind:
2422 3993 251 68 glückliche
2719 3997 152 49 Text
2884 3995 135 57 wähl,
3063 3995 276 52 namentlich

1773 4073 538 71 historisch-plastischer
2340 4077 112 58 Art;
2484 4077 84 50 der
2597 4079 248 67 Sänger,
2875 4078 122 51 nicht
3027 4078 84 49 der
3143 4078 173 52 Clavier-

1775 4157 178 68 spieler,
2000 4159 122 52 steht
2159 4160 44 50 in
2243 4168 147 43 erster
2420 4160 153 63 Linie;
2616 4162 72 50 bei
2730 4162 177 50 reicher
2939 4162 401 68 Erfindungsgabe
