3064 4357
198 86 55 43 82

194 857 298 75 BOOK
550 854 508 76 REVIEWS.

191 991 235 46 BYRON,
454 990 118 42 THE
589 988 160 43 LAST
757 988 300 49 JOURNEY,

191 1051 51 49 by
262 1049 159 42 Harold
438 1049 209 42 Nicolson.
691 1047 207 42 Constable
920 1047 42 41 &
986 1047 71 41 Co.

191 1109 118 41 Price
340 1108 100 56 7/6,
477 1108 21 56 (
498 1120 82 28 new
611 1104 185 56 edition).

191 1166 174 41 MEET
388 1166 110 41 MR.
539 1164 334 46 MULLINER,
913 1164 51 49 by
1002 1164 55 42 P.

193 1224 52 42 G.
288 1223 260 42 Wodehouse.
619 1223 218 41 Tauchnitz
877 1222 180 42 Edition.

191 1283 183 51 Leipzig.
437 1282 117 41 Price
593 1282 18 40 /
648 1280 123 50 Mark
805 1280 81 42 80.

191 1397 211 95 BOOKS
434 1423 63 23 are
528 1406 204 50 expensive
763 1404 135 52 things.

326 1463 31 41 It
376 1466 29 39 is
427 1474 65 31 not
513 1463 40 41 of
574 1463 63 41 the
659 1461 211 54 publishers
892 1462 14 42 I
927 1461 132 42 would

190 1522 190 51 complain
498 1521 95 41 their
622 1522 91 41 item
743 1521 41 40 of
823 1520 64 41 the
932 1520 129 42 whole

189 1579 65 41 bill
285 1582 28 38 is
344 1580 90 52 only
470 1580 134 50 trifling
621 1597 10 24 :
664 1611 40 10 ...
722 1578 59 42 it's
812 1578 64 42 the
907 1578 154 42 authors

187 1637 91 42 who
310 1655 62 24 are
404 1655 41 24 so
475 1637 131 52 costly.

246 1695 127 42 Books
404 1714 63 24 are
498 1697 205 51 expensive
740 1694 122 53 things
892 1705 39 32 to
972 1695 87 42 take

186 1765 67 30 out
283 1765 39 30 to
351 1771 152 36 supper.

245 1812 14 41 I
290 1812 78 41 had
404 1812 93 43 with
544 1829 60 25 me
649 1811 70 42 last
764 1812 106 52 night
910 1811 148 42 Milord

187 1870 141 52 Byron,
362 1871 78 41 Mr.
474 1870 185 42 Nicolson
691 1870 75 42 and
799 1870 78 42 Mr.
911 1869 47 43 P.
1002 1870 55 42 G.

186 1928 253 45 Wodehouse
531 1928 76 41 and
627 1945 78 35 you
727 1928 103 42 can't
851 1927 86 42 take
955 1928 103 41 them

186 1999 38 29 to
256 2004 74 35 any
362 1988 68 41 but
461 1987 63 41 the
557 1987 82 41 best
670 1997 210 32 restaurant
906 1989 42 39 in
994 1986 64 42 the

186 2057 103 30 town
406 2048 28 38 it
464 2044 103 42 can't
597 2045 50 41 be
669 2045 115 43 done.
841 2044 98 42 And
962 2062 96 24 once

185 2105 107 40 there
323 2106 28 38 it
381 2103 68 42 has
480 2114 38 30 to
550 2103 50 42 be
637 2121 21 24 a
703 2121 170 34 swagger
903 2121 153 34 supper.

244 2162 129 41 There
405 2162 91 51 they
528 2179 63 23 are
623 2161 49 42 all
700 2161 172 52 together
982 2161 76 41 and

186 2220 167 53 possibly
383 2220 58 41 for
464 2220 63 41 the
549 2237 73 24 one
645 2219 76 43 and
743 2220 92 52 only
856 2222 89 38 time
965 2220 94 41 with

185 2297 73 29 me,
293 2277 76 43 and
402 2278 48 41 all
482 2277 92 42 such
611 2277 100 52 good
743 2295 204 35 company,
990 2278 46 41 be-

184 2337 99 41 sides
313 2338 114 51 being
459 2336 152 42 authors
650 2336 91 42 who
783 2354 111 34 agree
925 2338 39 40 in
1010 2336 49 42 all

186 2396 202 41 essentials.

244 2453 137 42 That's
410 2452 90 41 how
531 2455 27 38 it
579 2453 177 41 becomes
777 2470 41 24 so
839 2454 219 51 expensive.

243 2511 183 41 Nicolson
459 2511 12 41 I
505 2510 77 42 had
628 2528 116 24 never
789 2522 78 30 met
912 2512 146 46 before,

185 2570 255 43 Wodehouse
487 2570 117 46 often,
653 2569 146 42 Milord
852 2587 92 24 over
983 2570 75 41 and

185 2646 92 23 over
308 2630 122 49 again.
494 2628 12 40 1
539 2644 116 25 never
694 2627 68 42 felt
807 2627 82 42 that
934 2629 14 40 I
996 2639 64 41 got

186 2686 146 42 Milord
363 2703 143 34 wrong,
548 2686 59 43 ...I
649 2685 143 53 always
831 2686 155 42 seemed
1019 2697 38 30 to

184 2763 63 22 see
278 2745 77 40 him
388 2744 75 41 and
495 2744 161 52 through
696 2744 92 47 him,
832 2744 75 42 and
948 2763 42 22 so
1030 2747 29 38 it

183 2820 81 24 was
315 2814 38 29 to
411 2819 60 24 me
530 2820 21 23 a
612 2803 186 52 perfectly
856 2803 201 52 delightful

184 2863 162 49 evening
383 2871 38 30 to
467 2860 78 42 find
592 2860 185 42 Nicolson
822 2862 113 40 knew
979 2862 79 40 him

184 2937 98 24 even
317 2937 39 23 as
390 2918 88 42 well
521 2937 39 23 as
602 2919 13 42 I
658 2919 83 42 did.
802 2919 256 42 Wodehouse

184 2978 144 52 merely
388 2977 236 41 entertained
677 2996 42 22 us
775 2977 50 41 all
868 2978 191 42 ...Milord

183 3054 80 24 was
285 3038 37 39 in
345 3035 57 42 fits
423 3053 92 23 over
536 3036 57 41 his
625 3045 24 13 44
661 3037 123 40 Came
807 3036 63 40 the

263 3104 24 14 44
306 3096 122 39 Came
452 3094 63 41 the
539 3094 130 41 Dawn
733 3111 80 24 was
835 3093 63 42 the
929 3093 109 42 catch-

183 3152 109 42 word
323 3152 41 42 of
386 3152 63 40 the
471 3154 170 49 evening.
691 3161 22 14 44
737 3152 81 42 Yes
936 3154 124 39 Came

185 3211 64 41 the
282 3211 115 41 dawn
472 3210 81 42 said
587 3210 130 52 Byron
748 3210 130 52 coldly
907 3210 94 41 with
1039 3228 21 22 a

185 3280 97 31 most
312 3269 128 40 divine
472 3269 90 40 look
593 3286 50 23 on
664 3268 57 41 his
741 3268 98 46 face,
864 3267 76 42 and
971 3267 90 42 then

185 3328 49 41 he
264 3326 143 43 looked
439 3326 100 52 bang
572 3337 37 30 at
643 3326 270 42 Wodehouse.

275 3394 24 14 44
317 3384 125 43 What
474 3402 22 24 a
521 3383 81 42 lark
667 3401 104 24 some
793 3401 143 25 unseen
958 3386 104 50 spirit

184 3443 155 42 seemed
372 3453 39 30 to
442 3443 49 41 be
522 3442 196 52 humming
748 3445 39 38 in
808 3442 64 41 the
894 3459 107 25 room
1024 3460 39 23 as

186 3502 64 41 the
281 3500 136 43 violins
449 3500 141 53 played
711 3500 76 41 and
818 3500 106 41 what
955 3518 22 23 a
998 3501 65 52 joy

184 3563 29 38 it
243 3559 121 53 really
394 3577 91 24 was.

275 3619 13 41 I
322 3619 48 40 all
403 3617 124 48 alone,
567 3617 76 41 and
675 3617 106 40 Lord
823 3615 61 48 8.,
928 3616 113 41 Nicol-

185 3695 69 24 son
287 3676 76 42 and
396 3676 47 42 P.
478 3676 54 42 G.
564 3676 69 41 W.
666 3674 94 42 with
792 3692 74 24 me.

275 3735 14 41 I
322 3735 52 41 let
405 3734 65 41 the
502 3733 67 42 bill
616 3751 69 24 run
731 3750 52 35 up
802 3751 9 23 :
858 3732 132 41 would
1036 3734 28 39 it

185 3794 116 42 could
332 3794 100 40 have
465 3793 99 41 been
600 3790 260 53 quadrupled,
924 3791 14 40 I
971 3791 91 40 read

186 3849 126 51 some.
325 3852 42 42 of
397 3851 96 42 each
524 3851 41 41 of
586 3850 104 42 them
708 3868 8 29 ;
741 3850 64 41 the
835 3849 229 41 marvellous

188 3921 23 14 44
231 3911 90 42 then
353 3911 122 42 throw
509 3909 79 43 Mr.
628 3908 186 43 Mulliner

187 3970 63 41 the
288 3970 185 41 delicious
519 3979 23 13 44
563 3968 31 42 It
638 3984 80 26 was
765 3965 159 54 already
970 3965 94 43 dark

186 4028 115 43 when
333 4027 106 42 Lord
473 4026 76 43 and
583 4026 114 51 Lady
730 4024 237 52 Blessington
1005 4041 39 26 ar-

1113 172 108 45 rived
1239 185 39 31 at
1299 173 143 43 Genoa
1503 193 9 29 ;
1537 174 63 42 the
1622 172 253 54 illuminating
1908 182 24 15 44
1950 172 41 43 of

1114 233 49 42 all
1195 233 67 42 the
1294 233 256 53 peculiarities
1581 233 40 41 of
1653 231 48 44 B.
1736 232 58 42 his
1824 231 116 53 laugh
1961 233 30 40 is

1114 292 81 41 that
1226 292 41 41 of
1296 292 130 41 which
1458 292 14 41 I
1505 292 98 41 have
1635 291 65 41 the
1722 303 96 29 most
1841 291 151 41 distinct

1113 351 244 42 recollection
1420 369 8 24 :
1551 351 69 40 but
1656 350 112 41 that's
1800 351 52 51 by
1874 349 87 42 Hob-

1113 410 181 41 house
1305 426 69 25 our
1399 409 105 47 dear,
1529 426 94 35 very
1643 409 93 41 dear
1755 408 233 46 Hobhouse,

1112 470 69 40 but
1212 468 63 41 the
1306 468 77 41 fact
1414 466 186 42 recorded
1633 469 28 39 is
1683 468 41 40 of
1744 485 69 23 our
1835 478 116 41 great,
1977 466 12 40 I

1112 527 104 40 think
1249 527 13 40 I
1294 527 78 40 will
1403 543 79 35 say,
1520 543 70 24 our
1630 543 92 35 very
1764 536 104 42 great
1910 525 53 41 Mi-

1111 585 211 41 lordthe
1355 596 91 41 poet
1478 585 143 52 Byron.

1199 644 13 40 I
1244 643 116 41 could
1393 661 49 23 no
1489 661 104 23 more
1642 652 23 14 44
1685 644 142 40 review
1846 642 8 12 '
1861 642 9 12 '
1909 642 79 42 Mr.

1110 701 154 42 Harold
1297 701 216 42 Nicolson's
1543 701 108 42 work
1684 701 94 41 after
1800 719 69 24 our
1898 700 92 52 jolly

1110 762 162 50 evening
1303 760 173 52 together
1508 760 91 40 than
1633 760 13 40 I
1688 759 116 41 could
1847 760 143 40 review

1112 818 55 41 his
1199 819 98 46 face,
1332 819 56 40 his
1427 835 101 35 way,
1578 818 56 41 his
1665 818 115 41 walk.
1860 818 129 40 These

1110 877 122 52 things
1254 894 63 24 are
1341 877 211 52 altogether
1576 876 155 52 beyond
1750 875 217 42 cold-brain-

1110 935 49 41 ed
1191 937 219 50 reviewing.

1197 993 67 42 He
1296 993 132 42 knows
1463 993 57 41 his
1562 993 131 52 Byron
1733 993 124 41 better
1898 992 92 41 than

1110 1068 151 36 anyone
1293 1051 76 42 else
1402 1052 134 41 knows
1567 1051 78 41 him
1777 1050 76 42 and
1896 1050 94 41 does

1108 1110 78 41 him
1218 1110 50 41 all
1303 1110 164 42 honour.

1196 1168 67 41 He
1299 1168 68 41 has
1387 1171 151 38 written
1560 1167 187 53 perfectly
1770 1167 119 42 about
1911 1167 77 40 him

1108 1228 37 39 in
1178 1226 70 41 this
1282 1235 23 14 44
1325 1227 89 41 The
1447 1227 68 40 last
1531 1227 185 51 Journey,

1108 1285 109 41 How
1247 1285 106 41 often
1385 1284 48 41 he
1466 1285 67 41 has
1564 1295 56 30 sat
1655 1284 93 42 with
1791 1284 77 41 him
1912 1283 76 41 and

1106 1341 178 43 watched
1308 1343 77 40 him
1406 1360 41 23 so
1470 1360 40 23 as
1532 1353 37 30 to
1592 1353 62 41 get
1675 1342 123 41 under
1820 1343 55 40 his
1891 1342 95 47 skin,

1107 1411 38 30 to
1177 1401 114 41 know
1323 1401 63 41 the
1418 1401 78 41 real
1528 1418 88 23 man
1652 1418 42 24 so
1724 1401 90 41 well
1837 1400 81 42 that
1938 1401 50 40 he

1105 1459 116 41 could
1254 1459 121 41 afford
1409 1470 38 30 to
1479 1470 129 41 report
1637 1459 72 41 lots
1740 1460 40 40 of
1802 1460 64 40 the
1896 1460 69 40 rub-

1106 1518 83 41 bish
1226 1518 119 41 about
1385 1518 78 41 him
1504 1518 59 41 for
1603 1517 65 42 the
1710 1519 89 40 sake
1841 1518 41 41 of
1922 1518 65 41 the

1105 1576 142 47 effects,
1280 1576 100 41 need
1413 1576 69 42 but
1512 1576 50 41 be
1593 1576 208 52 supposed,
1841 1594 39 23 as
1907 1592 80 36 you

1105 1634 93 41 read
1230 1634 105 41 these
1367 1634 186 41 delicious
1583 1651 130 35 pages.

1193 1691 90 43 The
1314 1693 92 52 only
1437 1693 105 51 thing
1582 1693 130 40 which
1754 1693 230 47 astounded,

1104 1750 183 48 shocked,
1320 1750 246 42 scandalized
1599 1750 76 42 and
1706 1752 164 51 puzzled
1894 1768 69 24 eve-

1105 1825 118 36 ryone
1348 1809 135 42 almost
1524 1810 54 40 all
1719 1810 120 41 about
1879 1810 106 41 Lord

1105 1867 130 52 Byron
1265 1885 80 23 was
1377 1868 81 41 that
1489 1868 47 41 he
1567 1886 80 24 was
1679 1868 93 42 such
1804 1886 49 23 an
1881 1868 84 42 ordi-

1104 1942 95 36 nary
1232 1926 142 41 human
1416 1926 127 52 being.
1609 1936 23 14 44
1653 1926 88 42 The
1780 1938 137 41 poetry
1957 1929 31 39 is

1105 1984 49 41 all
1185 1983 150 42 thrown
1444 1985 50 40 he
1516 2002 104 35 says:
1646 1994 23 15 44
1682 1985 76 52 My
1774 1996 138 41 poetry

1105 2042 109 42 don't
1244 2043 118 52 speak
1394 2043 40 41 of
1466 2042 81 42 that
1666 2043 113 42 that's
1811 2044 103 40 done
1943 2062 44 23 or

1105 2112 38 30 to
1174 2102 50 40 be
1256 2101 102 41 done
1390 2101 76 41 and
1499 2102 107 41 there
1637 2104 28 39 it
1694 2105 30 38 is
1861 2112 24 13 44
1902 2103 84 52 skip

1104 2175 96 37 your
1232 2159 93 42 dear
1357 2160 113 41 uncle
1547 2161 13 40 I
1593 2161 96 52 beg;
1794 2161 69 41 but
1888 2161 12 41 I
1924 2179 63 23 am

1104 2218 124 41 worth
1261 2236 21 23 a
1314 2218 104 47 look,
1453 2236 22 23 a
1507 2218 146 52 glance,
1677 2219 120 52 solely
1819 2220 168 41 because

1106 2276 13 41 I
1168 2293 61 24 am
1275 2278 73 50 just
1395 2295 21 22 a
1463 2277 106 52 plain
1614 2277 182 52 ordinary
1842 2278 145 41 human

1105 2335 114 52 being
1251 2335 75 40 and
1357 2350 92 36 you,
1483 2336 97 40 after
1610 2336 50 41 all
1692 2336 77 41 due
1792 2336 196 52 apologies

1106 2393 76 41 and
1234 2394 241 40 affectionate
1527 2394 231 47 hesitations,
1817 2394 168 48 damme,

1105 2469 119 34 queer
1256 2451 77 41 and
1365 2462 97 31 most
1493 2455 188 40 eccentric
1713 2453 141 52 people

1193 2510 98 41 This
1326 2511 29 39 is
1395 2510 107 40 what
1543 2510 104 42 Lord
1693 2510 130 53 Byron
1864 2529 123 23 seems

1106 2579 38 30 to
1175 2585 67 35 say
1275 2568 122 42 under
1428 2568 57 42 his
1516 2570 147 46 breath,
1689 2570 103 40 annd
1813 2587 61 24 we
1897 2586 90 36 may

1104 2627 121 51 safely
1257 2626 78 42 add
1373 2627 118 42 aloud
1534 2637 23 14 44
1576 2628 92 41 You
1709 2628 92 41 who
1842 2628 144 41 looked

1105 2697 38 29 at
1164 2685 90 47 him,
1277 2684 158 53 judged,
1460 2686 201 52 approved
1684 2686 77 41 and
1784 2686 179 53 disappro-

1105 2744 75 40 ved
1211 2760 104 25 were
1327 2775 6 5 -
1346 2744 184 52 certainly
1562 2756 67 29 not
1660 2745 114 40 much
1807 2756 38 30 to
1876 2747 110 39 write

1104 2801 114 42 home
1266 2803 119 40 about
1508 2803 92 41 You
1646 2820 104 24 were
1797 2806 191 38 eccentric

1106 2860 75 42 and
1214 2878 22 22 a
1258 2860 56 41 bit
1335 2860 90 42 mad
1537 2862 49 40 all
1618 2862 40 40 of
1683 2879 78 35 you
1780 2879 8 29 ;
1823 2862 50 41 he
1895 2880 91 24 sane

1108 2919 272 51 ....essentially
1431 2919 204 42 balanced.
1713 2921 67 40 He
1828 2921 157 47 human,

1105 2993 78 35 you
1227 2977 48 41 all
1318 2977 40 41 of
1398 2993 77 36 you
1515 2994 75 36 any
1635 2978 91 42 how
1772 2978 212 49 inhuman;

1106 3035 48 40 he
1185 3034 150 42 himself
1367 3036 92 42 ...he
1491 3054 21 23 a
1536 3045 23 14 44
1580 3036 132 47 blood,
1747 3038 115 47 bone,
1886 3056 75 23 mar-

1106 3110 93 29 row,
1232 3093 140 52 feeling
1457 3093 131 42 fellow
1606 3112 8 30 ;
1647 3112 79 35 you
1749 3096 238 53 appallingly

1107 3151 108 47 hard,
1258 3151 215 52 frightened
1507 3152 76 42 and
1615 3165 67 29 not
1716 3154 249 52 yourselves..

1195 3209 96 41 Like
1323 3209 114 53 Lady
1469 3210 250 53 Blessington,
1758 3229 77 35 you
1874 3214 84 41 mud-

1108 3266 91 42 dled
1230 3268 219 51 yourselves
1480 3269 120 42 about
1636 3270 78 41 him
1756 3272 53 51 by
1850 3272 114 41 confu-

1107 3327 79 50 sing
1218 3325 77 41 him
1341 3328 38 38 in
1424 3343 96 36 your
1567 3328 179 52 thoughts
1791 3330 93 40 with
1932 3330 56 42 his

1108 3383 134 41 heroes
1273 3384 77 40 and
1381 3385 159 42 villains.
1604 3386 96 41 Like
1723 3387 97 43 Mrs.
1859 3389 127 47 Hunt,

1108 3457 78 36 you
1218 3457 97 26 even
1353 3442 96 41 tried
1492 3455 38 29 to
1572 3444 49 41 be
1665 3455 9 12 4
1693 3445 129 42 clever
1842 3446 7 11 '
1893 3448 94 40 with

1108 3499 78 41 him
1308 3511 38 29 to
1377 3500 57 40 his
1465 3502 314 43 embarassment.

1196 3558 93 46 Yes,
1322 3574 77 35 you
1432 3559 116 41 could
1580 3562 193 41 embarass
1803 3563 91 47 him,
1919 3565 70 41 but

1108 3631 78 36 you
1218 3615 116 42 could
1367 3634 117 24 never
1516 3628 62 41 get
1608 3618 79 41 him
1720 3631 39 30 to
1780 3621 50 41 be
1860 3622 128 43 clever

1109 3674 93 40 with
1233 3690 92 35 you.
1447 3676 132 41 There
1612 3694 63 23 are
1697 3678 112 42 limits
1911 3682 76 42 and

1111 3750 21 23 a
1164 3731 88 52 joke
1285 3732 141 54 always
1458 3736 28 39 is
1519 3753 21 22 a
1571 3735 100 52 joke.

1199 3790 78 43 Mr.
1320 3791 257 43 Wodehouse
1623 3795 30 39 is
1700 3793 62 43 the
1809 3795 92 44 kind
1948 3800 42 40 of

1110 3866 101 29 man,
1235 3850 102 40 artist
1358 3850 76 41 and
1454 3853 128 39 writer
1602 3852 91 41 who
1715 3852 152 44 doesn't
1882 3858 105 41 mind

1110 3907 115 51 being
1256 3907 136 52 passed
1424 3927 92 24 over
1551 3909 116 43 when
1709 3911 105 43 Lord
1858 3914 130 53 Byron

1110 3967 29 40 is
1170 3977 152 40 present
1440 3971 93 50 (one
1566 3969 151 43 doesn't
1746 3971 124 53 forget
1910 3973 79 44 him

1111 4023 138 54 either)
1369 4026 69 41 but
1466 4026 91 43 who
1588 4029 132 42 would
1754 4029 99 43 have
1875 4049 114 25 cause

2037 184 38 30 to
2107 171 131 53 object
2267 170 29 42 if
2327 185 77 36 any
2424 167 114 43 lesser
2560 181 90 26 man
2671 157 175 57 queered
2868 157 58 43 his

2037 231 118 53 pitch.

2128 290 31 41 It
2188 287 134 43 would
2354 287 50 40 be
2432 284 99 43 hard
2563 283 59 41 for
2654 289 98 32 most
2779 278 146 40 writers

2037 360 38 30 to
2108 348 53 42 do
2193 348 94 40 that.
2352 345 80 41 Mr.
2465 341 262 45 Wodehouse
2761 336 68 41 has
2850 336 74 50 just

2038 408 64 40 the
2135 424 103 24 same
2272 404 169 52 Byronic
2471 403 133 48 swing.

2127 466 112 45 Ease,
2280 462 76 43 and
2406 460 134 51 ability
2587 470 39 29 to
2674 468 66 40 top
2772 451 152 45 himself

2036 525 116 40 when
2185 522 82 42 he's
2298 532 38 30 at
2367 520 58 40 his
2456 519 96 45 best,
2597 515 78 43 and
2706 531 62 24 we
2816 511 108 42 think

2038 583 48 41 he
2117 580 105 43 can't
2253 580 51 41 do
2336 579 124 40 better
2507 576 92 41 than
2630 576 39 40 in
2700 574 58 41 his
2792 574 132 40 stories

2038 642 119 41 about
2190 649 23 14 44
2234 638 67 42 Mr
2334 636 188 43 Mulliner
2596 633 130 42 which
2759 649 65 24 are
2857 631 66 41 the

2036 701 131 40 stories
2201 698 12 41 I
2248 714 61 24 am
2341 713 51 23 on
2424 705 39 29 to
2502 710 104 25 now.

2126 758 14 41 I
2171 757 77 40 like
2280 766 39 29 to
2351 769 67 36 say
2456 753 13 40 I
2507 750 148 53 bought
2701 750 56 41 his
2803 748 122 43 book.

2038 826 23 13 44
2082 816 89 41 The
2194 812 178 53 Bishop's
2390 811 126 42 Move
2597 826 75 24 one
2694 808 41 41 of
2752 808 65 41 the
2833 809 89 40 nine

2037 875 94 41 tales
2150 875 40 39 in
2222 873 56 40 his
2309 881 24 13 44
2352 870 115 42 Meet
2484 869 66 42 Mr
2568 868 188 42 Mulliner
2833 866 90 41 how

2037 932 160 51 awfully
2228 929 103 54 good
2349 947 9 30 ;
2481 926 221 53 impossible
2740 936 38 31 to
2811 924 52 42 do
2895 926 32 40 it

2036 993 139 40 better.

2126 1049 75 42 His
2233 1065 108 24 sense
2373 1046 41 41 of
2444 1046 106 40 farce
2592 1046 30 40 is
2654 1043 148 53 perfect
2844 1041 77 43 and

2035 1107 49 42 he
2117 1109 139 39 carries
2287 1106 104 41 farce
2424 1115 39 30 to
2496 1103 65 42 the
2603 1119 94 35 very
2740 1102 111 41 brink
2883 1101 41 40 of

2035 1169 46 38 its
2112 1165 240 54 possibilities
2385 1162 76 43 and
2484 1179 119 25 never
2622 1178 151 25 wavers
2793 1160 59 41 for
2874 1177 50 23 an

2035 1227 152 39 instant.

2123 1284 45 41 A
2201 1282 217 51 dangerous
2450 1279 205 53 delightful
2691 1279 234 52 experience

2034 1344 29 39 it
2093 1343 29 40 is
2155 1353 39 30 to
2226 1342 117 50 enjoy
2375 1340 72 41 this
2479 1339 138 42 author
2648 1337 117 42 when
2803 1336 48 41 he
2893 1337 31 39 is

2034 1418 51 24 on
2117 1400 65 41 the
2213 1398 210 53 war-path.

2126 1468 23 14 44
2169 1458 91 41 Tell
2302 1458 78 40 him
2422 1474 62 24 we
2528 1474 64 24 are
2636 1473 22 23 a
2699 1454 143 52 couple
2883 1453 41 40 of

2034 1529 81 30 cats
2146 1517 207 52 belonging
2385 1527 39 30 to
2457 1515 64 42 the
2553 1513 113 43 cook*
2690 1513 64 41 the
2778 1512 148 51 Bishop

2033 1574 219 54 whispered
2315 1593 9 30 ;
2360 1608 54 9 ....
2465 1574 12 41 I
2525 1591 64 23 see
2636 1571 107 43 Lord
2792 1570 133 53 Byron

2033 1634 226 42 convulsed.

2034 1757 450 44 SHAKESPEARE
2512 1757 70 42 IN
2619 1754 220 44 SERBIA
2874 1754 51 49 by

2040 1818 173 42 Vladeta
2234 1817 198 50 Popovic.
2486 1814 238 51 Humphrey
2743 1812 185 51 Milford

2037 1877 160 49 Oxford
2260 1875 228 49 University
2554 1874 134 41 Press.
2805 1872 122 42 Price

2042 1935 111 53 10/6
2188 1942 78 34 net.

2034 2035 168 98 THIS
2233 2044 118 47 book,
2375 2042 207 54 published
2605 2042 53 52 by
2681 2041 64 41 the
2768 2040 158 42 Oxford

2152 2103 223 51 University
2406 2102 113 41 Press
2554 2102 60 40 for
2661 2100 64 42 the
2773 2099 127 42 Shake-

2034 2180 136 35 speare
2202 2162 263 46 Association,
2500 2160 142 41 throws
2686 2158 116 42 much
2833 2158 95 52 light

2035 2239 52 23 on
2105 2221 63 41 the
2187 2220 148 52 growth
2357 2220 40 40 of
2418 2221 156 39 interest
2596 2220 38 39 in
2655 2217 271 53 Shakespeare

2034 2281 40 40 in
2106 2280 153 46 Serbia,
2293 2296 51 23 on
2376 2278 66 41 the
2479 2277 144 52 history
2645 2277 41 40 of
2708 2277 65 40 the
2805 2287 104 30 trans-

2034 2338 139 41 lations
2218 2338 42 41 of
2306 2336 270 53 Shakespeare
2623 2338 81 38 into
2746 2335 185 47 Serbian,,

2033 2397 96 40 with
2161 2396 143 41 critical
2336 2397 261 39 examination
2633 2395 41 41 of
2705 2394 120 48 these,
2850 2397 76 39 and

2035 2472 52 24 on
2150 2455 63 40 the
2285 2454 166 41 Serbian
2524 2452 166 43 attitude
2759 2452 169 43 towards

2035 2512 286 53 Shakespeare,
2371 2512 65 41 the
2481 2512 130 41 whole
2658 2512 117 52 being
2821 2530 80 23 com-

2035 2571 133 52 pleted
2216 2573 54 51 by
2317 2589 21 23 a
2386 2570 281 53 Bibliography
2704 2573 128 50 giving
2863 2571 65 40 the

2035 2629 111 42 dates
2193 2629 77 42 and
2317 2629 218 41 translators
2587 2629 40 41 of
2674 2629 64 41 the
2775 2631 155 40 various

2035 2688 122 52 plays,
2213 2707 21 22 a
2286 2688 59 41 list
2396 2688 41 41 of
2498 2688 167 41 Serbian
2707 2705 128 36 essays
2877 2707 52 23 on

2035 2747 286 52 Shakespeare,
2375 2746 78 41 and
2506 2765 22 23 a
2578 2747 148 41 further
2777 2747 61 42 list
2889 2748 42 41 of

2035 2806 188 51 principal
2254 2805 128 41 works
2413 2806 158 52 bearing
2601 2824 50 23 on
2684 2806 65 42 the
2780 2807 150 52 subject

2036 2864 42 41 of
2110 2864 66 41 the
2209 2864 126 42 thesis.

2126 2923 80 42 Mr.
2260 2923 190 52 Popovic,
2504 2925 39 39 in
2594 2923 58 41 his
2700 2923 227 49 Foreword,

2035 2982 117 40 refers
2192 2992 39 30 to
2278 2992 77 31 two
2403 2984 180 50 previous
2618 2982 127 42 works
2781 3001 51 23 on
2865 2983 66 42 the

2034 3041 151 51 subject
2216 3039 41 42 of
2303 3039 272 54 Shakespeare
2622 3044 38 39 in
2702 3042 142 41 Serbia
2876 3043 53 52 by

2035 3110 79 30 two
2136 3100 170 40 eminent
2329 3099 166 41 Serbian
2517 3102 124 40 critics
2664 3100 77 42 and
2774 3100 155 54 literary

2034 3157 221 42 historians:
2305 3157 63 42 the
2416 3158 77 41 late
2524 3159 35 53 J.
2594 3159 163 48 Skerlic,
2795 3160 133 42 whose

2035 3215 118 48 book,
2178 3216 206 52 published
2407 3218 38 40 in
2474 3217 123 48 1906,
2622 3218 136 42 dwells
2787 3219 142 54 chiefly

2035 3292 51 23 on
2133 3274 64 41 the
2248 3291 111 35 years
2417 3276 110 42 1856
2580 3288 38 30 to
2678 3278 123 48 1868,
2851 3279 77 42 and

2035 3332 197 42 Professor
2279 3333 123 42 Pavle
2450 3334 189 53 Popovic,
2663 3336 105 49 who,
2801 3339 40 40 in
2872 3338 58 42 his

2035 3391 131 41 article
2213 3394 38 39 in
2305 3392 171 53 English,
2528 3404 23 13 44
2571 3394 272 54 Shakespeare
2891 3399 39 40 in

2035 3450 140 42 Serbia
2250 3453 39 40 in
2322 3460 24 15 44
2366 3453 44 40 A
2449 3452 112 42 Book
2599 3454 40 41 of
2671 3455 186 53 Homage
2890 3467 39 31 to

2034 3508 270 54 Shakespeare
2396 3513 104 50 gives
2530 3530 22 23 a
2574 3513 124 41 wider
2728 3531 140 36 survey
2890 3516 40 41 of

2035 3566 64 43 the
2131 3569 161 51 subject,
2327 3573 265 51 enumerating
2622 3572 65 41 the
2720 3573 208 43 translated

2035 3626 109 53 plays
2205 3628 41 41 of
2306 3628 272 53 Shakespeare
2644 3633 39 40 in
2745 3632 181 49 Serbian,

2035 3686 200 47 Croatian,
2270 3687 78 41 and
2380 3688 215 43 Slovenian
2616 3690 210 49 literature,
2851 3692 77 42 and

2034 3761 106 24 some
2173 3763 126 35 essays
2331 3746 78 42 and
2443 3748 149 41 articles
2622 3752 154 40 written
2809 3751 120 42 about

2036 3802 64 41 the
2147 3815 94 41 poet
2287 3805 77 42 and
2412 3805 58 42 his
2520 3808 140 42 works.
2756 3819 8 14 4
2771 3819 9 14 4
2805 3809 123 43 Their

2034 3864 168 50 v/ritings
2293 3863 50 42 he
2391 3864 111 49 adds,
2542 3875 24 15 44
2585 3866 101 43 have
2718 3869 137 41 served
2890 3888 39 23 as

2037 3937 22 24 a
2089 3921 287 53 starting-point
2406 3925 38 40 in
2477 3940 65 37 my
2574 3927 176 41 research
2782 3946 51 23 on
2864 3928 67 42 the

2035 3979 149 51 growth
2223 3980 41 41 of
2304 3983 156 41 interest
2500 3984 39 41 in
2576 3984 272 54 Shakespeare
2890 3989 49 43 im

2035 4037 140 43 Serbia
