3031 4326
183 88 59 50 74

181 186 116 56 well
336 185 124 55 with
498 182 81 57 the
618 183 184 62 drama,
843 181 62 56 he
946 195 223 57 suggests
1210 178 177 67 (when:
1425 182 75 52 cri-

180 261 200 67 ticising
418 256 81 56 the
551 256 85 54 old
682 256 223 54 Chinese
957 254 131 70 play,
1190 252 115 54 The
1346 252 180 54 Circle

183 333 51 55 of
272 331 163 55 Chalk
615 329 96 54 But
757 328 105 56 Mr.
903 328 183 55 Brown
1136 327 155 70 really
1342 325 186 55 knows

181 430 53 29 as
273 403 117 56 well
442 426 52 30 as
533 425 195 47 anyone
778 397 103 59 that
918 400 135 56 what
1091 402 42 52 is
1173 422 118 32 seen
1343 400 53 52 in
1435 397 94 55 the*

181 478 186 56 theatre
405 475 88 55 has
531 475 185 70 always
757 474 131 56 been
927 477 281 68 important.
1285 470 131 57 And
1444 486 56 39 to-

183 552 96 69 day
317 550 82 55 the
438 549 174 70 public
663 549 202 53 realises
905 545 99 57 this
1041 569 136 32 more
1228 545 119 56 than
1385 568 135 39 ever,

181 623 187 68 though
394 624 50 52 in
471 623 118 53 nine
627 635 87 41 out
752 621 50 54 of
834 635 84 40 ten
959 619 217 56 London
1215 619 219 54 theatres

183 698 101 54 that
325 698 38 52 is
392 719 28 31 a
460 717 241 48 generous
742 694 271 70 reckoning
1126 695 46 52 if
1191 695 43 53 is
1261 695 140 67 quite
1429 695 61 51 im-

184 769 221 71 possible
443 769 74 53 for
555 767 138 55 one's
734 790 117 47 eyes
890 781 51 41 to
979 780 99 41 rest
1116 766 131 55 with
1291 766 232 69 pleasure

183 865 64 32 on
292 841 82 55 the
427 855 151 55 stage,
631 864 55 30 so
736 840 211 54 hideous
989 841 41 52 is
1068 839 84 54 the
1203 837 318 71 production.

293 915 253 54 Somerset
562 912 320 71 Maugham's
956 912 116 56 The
1089 910 194 57 Sacred
1299 910 31 56 f
1335 911 137 56 lame

184 990 41 52 is
251 1011 28 31 a
307 986 131 71 good
466 987 37 53 if
528 1001 87 39 not
640 1010 28 30 a
696 1001 133 55 great
869 986 130 70 play,
1030 1009 54 30 so
1112 985 149 54 much
1299 1007 29 31 a
1354 1004 142 49 young-

183 1061 332 68 theatre-goer
565 1060 218 54 allowed
834 1074 51 39 to
943 1082 79 31 me
1073 1058 84 55 the
1208 1057 139 56 other
1404 1056 121 70 day.

235 1133 109 61 But,
368 1132 80 62 oh,
470 1131 82 56 the
574 1132 298 70 production
893 1137 10 48 !
987 1131 62 54 he
1078 1131 125 54 said.
1319 1129 200 69 Really,

187 1206 17 54 I
245 1206 132 55 can't
416 1203 209 72 pretend
665 1220 51 39 to
757 1218 81 56 get
876 1204 125 54 from
1041 1203 122 55 such
1189 1227 30 31 a
1246 1202 141 56 show
1420 1202 103 54 half

184 1279 84 55 the
293 1279 230 70 pleasure
550 1277 103 56 that
678 1302 29 31 a
735 1278 155 55 Pabst
917 1278 100 55 film
1045 1279 137 68 gives
1205 1300 79 31 me
1385 1275 139 55 That

184 1376 104 32 was
327 1375 65 31 no
432 1353 236 53 criticism
720 1350 51 56 of
809 1350 82 55 the
931 1364 137 56 stage
1119 1373 53 31 as
1211 1373 31 31 a
1280 1348 240 63 medium,

185 1425 73 55 for
286 1424 170 64 Pabst,
482 1424 124 55 after
631 1424 83 62 all,
736 1423 87 56 has
846 1423 130 56 been
1003 1421 165 56 called
1195 1423 84 54 the
1307 1421 216 56 Gordon

187 1495 152 73 Craig
377 1498 51 53 of
465 1496 83 55 the
585 1498 212 61 cinema,
825 1495 101 56 and
960 1495 215 55 Gordon
1215 1495 155 70 Craig
1408 1518 85 46 pro-

185 1570 248 62 ductions,
461 1569 120 63 alas,
609 1593 83 30 are
731 1583 85 40 not
843 1583 51 40 to
921 1568 64 55 be
1026 1592 119 31 seen
1173 1570 51 53 in
1250 1568 83 54 the
1368 1568 156 55 West

188 1640 117 58 End
333 1642 49 55 of
410 1642 215 55 London
649 1667 11 38 ;
702 1642 88 55 but
818 1645 37 52 it
888 1665 104 32 was
1021 1667 28 30 a
1076 1641 209 70 pointed
1324 1640 202 72 enough

185 1730 248 41 comment
453 1736 64 33 on
540 1715 182 56 British
742 1715 287 70 producers.
1091 1715 39 54 It
1150 1716 41 53 is
1213 1729 86 40 not
1326 1714 200 71 enough

187 1804 49 39 to
275 1789 116 54 look
429 1789 122 54 after
589 1789 83 54 the
710 1787 166 56 words
899 1813 11 39 ;
951 1787 117 71 they
1106 1787 147 56 alone
1291 1789 107 54 will
1439 1801 86 41 not

188 1861 127 70 keep
353 1861 82 55 the
470 1861 132 70 Jews
642 1861 51 53 of
720 1860 328 71 Shaftesbury
1087 1860 223 56 Avenue
1350 1874 86 40 out
1476 1860 52 54 of

188 1935 164 69 Carey
378 1933 196 64 Street;
603 1933 81 55 the
711 1937 197 52 cinema
933 1935 93 53 has
1051 1933 195 56 trained
1272 1933 253 56 erstwhile

189 2006 351 56 lackadaisical
579 2007 356 70 theatre-goers
962 2021 51 41 to
1040 2030 89 32 use
1167 2006 127 56 their
1328 2030 117 46 eyes
1473 2008 52 54 in

187 2105 29 29 a
254 2082 185 52 certain
479 2103 127 47 way,
635 2079 100 56 and
762 2081 122 54 after
924 2082 173 68 seeing
1125 2079 198 56 Pabst's
1359 2081 166 69 lovely

187 2153 138 55 work
363 2176 65 30 on
466 2153 82 55 the
589 2176 172 32 screen
800 2153 115 70 they
942 2177 83 31 are
1051 2168 87 40 not
1163 2168 51 40 to
1241 2153 66 55 be
1333 2152 192 57 fobbed

189 2225 69 55 off
296 2225 123 55 with
457 2248 95 47 any
592 2225 85 55 old
716 2225 189 70 jumble
946 2250 65 30 on
1050 2225 83 55 the
1173 2241 154 54 stage.

296 2298 115 56 The
452 2299 222 55 German
701 2299 99 55 and
842 2299 220 55 Russian
1102 2302 196 52 cinema
1336 2299 87 55 has
1453 2302 48 67 gi-

187 2394 96 32 ven
335 2394 55 32 us
443 2394 145 47 many
640 2371 164 70 lovely
855 2371 180 70 things.
1114 2371 115 55 The
1283 2374 245 67 grouping

188 2445 99 55 and
326 2444 211 71 lighting
575 2445 50 53 of
664 2445 122 55 such
835 2469 107 31 rare
993 2445 124 55 films
1158 2469 52 31 as
1314 2445 151 55 Faust

189 2518 99 54 and
390 2518 305 55 Waxworks
796 2542 83 30 are
918 2542 28 30 a
985 2518 193 69 delight
1229 2531 51 40 to
1319 2518 66 54 all
1439 2518 89 54 but

189 2615 29 31 a
258 2591 139 55 small
449 2591 209 55 fraction
708 2591 51 54 of
811 2591 280 70 intelligent
1143 2592 382 68 cinema-goers.

298 2664 116 54 The
453 2665 183 70 people
674 2664 117 54 who
830 2665 125 54 have
997 2664 213 71 grasped
1250 2664 82 55 the
1373 2665 123 54 beau-

190 2740 93 52 ties
311 2737 51 55 of
396 2737 121 55 such
555 2736 162 56 works
757 2737 124 55 from
919 2737 126 55 their
1084 2737 273 55 halfcrown
1399 2751 129 41 seats

192 2813 50 52 in
282 2810 82 55 the
404 2812 195 53 cinema
637 2832 83 32 are
758 2810 152 69 ready
950 2811 73 54 for
1062 2835 29 29 a
1119 2811 214 54 Gordon
1374 2811 156 70 Craig

192 2882 147 57 when
378 2883 115 71 they
521 2905 62 48 go
609 2897 51 41 to
686 2883 83 55 the
797 2887 181 67 guinea
1018 2885 135 54 stalls
1182 2885 51 54 of
1258 2909 28 30 a
1321 2885 205 55 theatre.

192 2957 148 71 They
378 2957 88 55 ask
504 2957 75 55 for
617 2956 156 56 bread
811 2957 101 56 and
951 2957 83 55 the
1074 2958 257 55 theatrical
1377 2958 152 55 hacks

193 3031 51 53 of
283 3024 216 60 London
538 3031 112 68 give
688 3029 134 55 them
862 3045 180 40 stones.
1123 3031 207 54 Certain
1356 3031 51 54 of
1435 3031 64 54 Ba-

194 3103 144 55 lieff's
378 3106 170 67 pieces
576 3103 99 55 and
702 3106 188 53 certain
917 3104 49 54 of
994 3103 316 72 Diaghilev's
1351 3104 179 56 ballets

194 3199 83 31 are
302 3175 178 55 almost
505 3174 83 56 the
615 3175 116 70 only
753 3175 241 56 beautiful
1016 3177 164 71 things
1208 3177 83 56 the
1313 3177 218 56 London

195 3248 306 70 theatregoer
541 3271 103 31 sees
682 3250 51 54 in
772 3249 83 55 the
893 3272 130 47 year.

307 3320 74 71 By
406 3321 66 55 all
499 3344 169 32 means
707 3323 217 54 workers
965 3325 50 54 in
1054 3323 82 56 the
1176 3323 189 56 theatre
1404 3338 130 41 must

199 3408 80 56 get
317 3393 130 55 back
491 3408 51 39 to
593 3394 98 54 first
748 3395 288 70 principles.
1115 3395 96 55 But
1267 3395 143 56 don't
1467 3398 68 53 let

198 3467 135 55 them
369 3469 249 52 minimise
656 3467 83 55 the
777 3469 180 70 appeal
998 3469 51 54 of
1086 3467 83 56 the
1210 3483 137 57 stage
1374 3484 51 41 to
1451 3470 84 55 the

200 3563 110 47 eye.
382 3539 108 69 Just
528 3539 219 55 because
785 3536 82 58 the
908 3555 137 56 stage
1084 3541 248 70 producer
1370 3542 88 55 has
1486 3558 51 39 to

200 3634 263 33 overcome
490 3615 188 52 certain
717 3615 171 53 scenic
913 3614 286 55 difficulties
1227 3615 105 54 that
1356 3615 69 56 do
1451 3630 86 41 not

199 3686 127 53 exist
364 3683 74 55 for
474 3683 83 55 the
595 3683 98 56 film
734 3685 245 69 producer
1015 3686 63 55 he
1117 3701 130 41 must
1284 3702 87 41 not
1408 3688 74 55 for
1509 3713 28 31 a

200 3770 220 43 moment
458 3754 169 56 dream
665 3757 51 53 of
754 3758 258 70 foregoing
1050 3781 95 33 one
1172 3760 52 54 of
1261 3760 76 55 his
1379 3776 130 41 stron-

203 3843 107 58 gest
361 3828 143 56 cards
639 3828 63 56 he
753 3845 129 39 must
932 3845 86 40 not
1069 3834 203 53 commit
1323 3834 212 65 suicide,

202 3901 169 57 which
407 3903 42 52 is
499 3901 135 54 what
682 3901 119 55 he'd
851 3902 67 56 do
959 3903 37 55 if
1032 3903 63 56 he
1147 3904 171 56 listens
1357 3921 51 40 to
1453 3908 84 56 the

264 3974 197 69 literary
578 3974 184 70 people
813 3977 52 53 in
914 3974 83 57 the
1048 3975 188 58 theatre
1286 3978 117 56 who
1453 4005 82 33 are

204 4047 172 71 taking
413 4045 275 73 advantage
716 4048 51 54 of
791 4047 83 57 the
899 4050 197 55 cinema
1131 4072 163 49 vogue
1321 4067 50 42 to
1398 4077 139 34 scare

1579 176 277 71 producers
1901 176 108 54 into
2048 176 246 71 adopting
2335 176 122 55 their
2495 191 86 56 pet
2632 176 219 56 theories
2891 176 53 55 of

1577 250 86 54 the
1703 249 194 54 drama.
1977 247 41 55 If
2056 249 117 71 they
2212 250 174 54 follow
2415 249 89 57 Mr
2531 250 228 56 Brown's
2800 249 144 71 hasty

1573 322 188 56 advice
1800 320 177 71 they'll
2019 322 101 55 end
2161 337 88 41 not
2289 325 51 53 in
2378 348 31 30 a
2447 337 264 42 renascent
2750 322 192 56 theatre

1576 396 95 55 hut
1709 397 53 54 in
1802 417 101 32 one
1943 395 52 54 of
2033 395 143 56 those
2217 396 193 56 studios
2449 397 126 55 from
2614 396 172 56 which
2824 396 118 71 they

1576 470 271 54 broadcast
1887 467 87 56 the
2015 468 91 71 dry
2146 470 159 55 bones
2345 471 52 54 of
2435 470 187 57 drama.

1687 541 61 56 A
1775 542 102 55 few
1902 564 149 48 years
2077 565 97 48 ago
2202 542 221 57 London
2451 543 274 70 producers
2754 543 158 56 blithe-

1579 616 49 68 ly
1654 614 212 71 ignored
1973 613 93 56 On
2118 616 84 54 the
2254 616 104 54 Art
2409 617 51 53 of
2510 616 84 55 the
2635 616 223 55 Theatre

1638 688 253 56 Towards
1919 712 27 31 a
1979 688 140 56 New
2157 689 224 56 Theatre
2564 689 117 56 The
2715 691 225 55 Theatre

1573 762 323 70 Advancing
1924 760 34 17 '*
2001 762 102 54 and
2153 762 144 56 those
2350 763 141 55 other
2518 763 422 72 epoch-marking

1572 835 185 63 works,
1799 834 104 56 and
1957 858 137 33 were
2147 837 343 71 incalculably
2541 861 180 47 poorer
2773 840 165 54 artists

1573 909 75 55 for
1689 908 158 70 doing
1889 931 73 31 so.
2043 908 117 56 The
2188 912 122 53 time
2339 913 41 52 is
2415 913 219 68 coming,
2667 936 138 30 some
2834 934 103 49 say,

1572 981 152 56 when
1765 980 119 70 they
1925 997 132 39 must
2108 998 75 56 try
2222 986 52 54 in
2313 984 129 56 their
2480 984 208 56 humble
2733 1009 115 47 way
2886 1000 52 41 to

1573 1055 177 55 follow
1790 1055 51 53 in
1883 1052 85 56 the
2007 1055 246 71 footsteps
2293 1058 52 53 of
2382 1056 85 56 the
2519 1073 181 40 master
2752 1059 52 56 of
2853 1058 85 55 the

1573 1127 210 55 modern
1836 1125 193 56 theatre
2075 1152 54 31 or
2169 1129 66 54 be
2267 1130 312 67 financially
2617 1131 84 56 the
2740 1155 196 47 poorer.

1574 1200 179 56 When
1793 1200 85 54 the
1917 1223 178 47 purses
2148 1202 214 56 become
2402 1204 179 69 lighter
2632 1206 84 55 the
2768 1206 169 56 brains

1571 1295 115 47 may
1725 1272 218 55 become
1983 1276 183 61 active,
2208 1275 102 56 and
2350 1276 217 71 perhaps
2608 1293 52 39 to
2701 1294 113 56 stop
2853 1280 85 54 the

1569 1360 80 40 rot
1700 1346 158 70 Craig
1910 1345 204 57 himself
2170 1348 108 55 will
2333 1348 66 56 be
2457 1348 216 73 brought
2730 1375 66 32 on
2853 1352 85 56 the

1572 1441 170 33 scene.
1825 1418 40 55 If
1903 1441 83 33 we
2025 1421 155 54 could
2221 1421 66 56 be
2326 1445 120 47 very
2496 1422 207 72 hopeful
2745 1426 51 54 of
2834 1426 106 56 that

1571 1492 141 56 we'd
1750 1493 67 54 all
1858 1516 124 47 pray
2021 1517 152 47 every
2212 1496 143 71 night
2406 1497 127 55 from
2585 1521 120 33 now
2758 1522 66 32 on
2865 1501 75 54 for

1572 1566 101 55 still
1714 1588 138 32 more
1892 1566 363 72 theatre-goers
2369 1569 102 56 and
2510 1571 140 56 there
2675 1596 86 31 are
2799 1597 30 31 a
2868 1573 72 55 lot

1572 1639 52 55 of
1662 1638 137 55 them
1882 1675 10 7 -
1920 1639 118 56 who
2077 1643 168 67 prefer
2298 1643 158 56 Pabst
2494 1658 52 41 to
2584 1644 77 56 his
2716 1646 221 55 London

1574 1726 138 55 stage
1752 1714 343 67 competitors.
2178 1715 97 56 For
2315 1738 81 49 my
2437 1732 124 55 part,
2593 1717 18 56 I
2646 1717 160 71 firmly
2846 1719 60 55 be-

1574 1785 132 55 lieve
1759 1784 106 55 that
1967 1784 118 57 The
2138 1788 226 57 Theatre
2416 1790 319 73 Advancing
2848 1792 88 56 has

1574 1882 64 32 an
1677 1858 102 70 ally
1818 1859 52 53 in
1911 1860 202 55 cinema
2152 1861 195 56 studios
2388 1864 51 55 of
2480 1863 223 72 Europe.

1573 2375 297 76 THE
1997 2375 937 84 CAMBRIDGE

1710 2476 1095 84 SHAKESPEARE

1578 2588 564 58 FOREIGN
2231 2591 373 61 LANDS
2695 2596 239 58 AND

1575 2664 198 56 THE
1834 2664 308 59 RIGHT
2200 2667 328 58 THING
2584 2669 132 59 TO
2777 2672 157 58 DO.

1579 2827 35 122 I
1656 2811 128 56 have
1822 2811 133 56 been
1995 2815 264 71 travelling
2297 2817 194 57 around
2533 2818 210 72 Europe
2783 2822 153 72 lately

1656 2885 100 56 and
1797 2885 127 56 have
1963 2886 137 58 often
2140 2889 201 57 needed
2382 2916 29 30 a
2446 2916 130 47 copy
2606 2894 50 55 of
2683 2918 29 31 a
2740 2895 163 56 Shake-

1578 2982 175 47 speare
1794 2960 150 70 play;
2067 2977 86 40 not
2193 2964 66 54 all
2301 2965 51 53 of
2390 2964 136 57 them
2653 2992 97 32 one
2791 2970 142 70 only;

1577 3031 101 56 and
1718 3031 128 56 have
1903 3057 154 33 never
2117 3035 132 56 been
2307 3036 117 56 able
2482 3053 51 40 to
2590 3040 104 56 find
2740 3045 193 67 copies.

1581 3104 147 55 Even
1786 3107 53 54 in
1897 3106 141 56 Paris
2099 3110 51 53 in
2208 3133 29 30 a
2294 3110 232 57 firstclass
2593 3112 273 74 Bookshop
2917 3118 16 54 I

1579 3178 153 55 could
1789 3178 104 58 find
1950 3181 210 71 nothing
2221 3182 18 55 I
2292 3185 154 54 could
2493 3185 102 71 buy
2721 3187 75 58 for
2837 3213 98 33 one

1579 3275 94 32 can
1694 3267 19 40 t
1751 3252 104 71 buy
1894 3253 83 56 the
2024 3257 141 54 usual
2208 3256 349 72 Shakespeare
2595 3260 172 57 which
2805 3286 131 33 even

1579 3326 84 53 the
1701 3325 310 58 booksellers
2070 3330 264 71 apologize
2378 3331 75 56 for
2512 3333 229 73 stocking
2791 3337 142 64 with,

1582 3399 190 69 saying,
1866 3424 83 31 we
1988 3402 370 74 unfortunately
2396 3405 127 57 have
2562 3430 66 33 no
2669 3410 141 55 other

1695 3471 18 53 I
1753 3471 127 57 have
1919 3473 100 56 had
2058 3474 84 58 the
2181 3479 174 54 notion
2395 3478 96 56 this
2531 3482 122 53 time
2692 3497 52 41 to
2771 3483 89 56 ask
2886 3500 50 40 at

1582 3567 150 47 every
1771 3544 126 73 shop
1939 3548 16 55 I
1996 3565 137 40 went
2174 3553 51 53 in
2264 3563 52 43 to
2373 3552 75 56 for
2493 3553 83 56 the
2617 3556 316 75 Cambridge

1585 3612 349 76 Shakespeare
1976 3666 48 12 ...
2067 3623 103 63 No,
2213 3624 117 71 they
2368 3624 102 59 had
2509 3642 88 41 not
2636 3628 121 57 that.

1695 3690 131 57 And
1864 3694 136 56 what
2042 3695 16 55 1
2100 3713 136 41 want
2275 3713 51 41 to
2367 3699 151 56 know
2546 3703 60 62 is,
2646 3726 50 32 w
2698 3702 14 38 l
2729 3719 54 56 Q

1583 3761 162 73 Why,
1790 3765 151 59 when
1987 3792 81 33 we
2126 3770 128 56 have
2311 3797 29 30 a
2399 3773 87 71 big
2543 3775 97 55 am'

1583 3835 295 75 University
1935 3841 102 56 like
2096 3844 314 72 Cambridge
2466 3848 107 56 Uni

1582 3907 150 58 when
1789 3910 295 76 Bookshops
2148 3942 84 31 are
2291 3920 261 69 presumab

1582 3982 124 56 with
1762 3984 103 57 that
1927 3987 312 75 University,
2289 3993 102 55 and
2453 3994 69 56 bo

1581 4056 199 57 readers
1819 4060 53 54 of
1911 4061 348 75 Shakespeare
2315 4067 155 71 ready
