<?xml version="1.0" encoding="UTF-8"?>
<alto xmlns:xsi="http://www.w3.org/2001/XMLSchema-instance" xmlns="http://www.loc.gov/standards/alto/ns-v2#" xsi:schemaLocation="http://www.loc.gov/standards/alto/ns-v2# http://www.loc.gov/standards/alto/alto-v2.0.xsd" xmlns:xlink="http://www.w3.org/1999/xlink">
	<Description>
		<MeasurementUnit>mm10</MeasurementUnit>
		<sourceImageInformation>
			<fileName>//fileserver7/IN2/Princeton/Batch3/bmtnabh/1910/08/15_01/00000536.tif</fileName>
		</sourceImageInformation>
		<OCRProcessing ID="OCRPROCESSING_1">
			<preProcessingStep>
				<processingSoftware>
					<softwareCreator>CCS Content Conversion Specialists GmbH, Germany</softwareCreator>
					<softwareName>CCS docWORKS</softwareName>
					<softwareVersion>6.6-1.18</softwareVersion>
				</processingSoftware>
			</preProcessingStep>
			<ocrProcessingStep>
				<processingSoftware>
					<softwareCreator>ABBYY (BIT Software), Russia</softwareCreator>
					<softwareName>FineReader</softwareName>
					<softwareVersion>10.0</softwareVersion>
				</processingSoftware>
			</ocrProcessingStep>
		</OCRProcessing>
	</Description>
	<Styles>
		<TextStyle ID="TXT_0" FONTSIZE="22" FONTFAMILY="Times New Roman"/>
		<TextStyle ID="TXT_1" FONTSIZE="15" FONTFAMILY="Times New Roman"/>
		<TextStyle ID="TXT_2" FONTSIZE="15" FONTFAMILY="Times New Roman" FONTSTYLE="italics"/>
		<TextStyle ID="TXT_3" FONTSIZE="18" FONTFAMILY="Times New Roman"/>
		<TextStyle ID="TXT_4" FONTSIZE="82" FONTFAMILY="Courier New"/>
		<TextStyle ID="TXT_5" FONTSIZE="7" FONTFAMILY="Fraktur"/>
		<ParagraphStyle ID="PAR_CENTER" ALIGN="Center"/>
		<ParagraphStyle ID="PAR_LEFT" ALIGN="Left"/>
		<ParagraphStyle ID="PAR_BLOCK" ALIGN="Block"/>
		<ParagraphStyle ID="PAR_RIGHT" ALIGN="Right"/>
	</Styles>
	<Layout>
		<Page ID="P146" PHYSICAL_IMG_NR="146" HEIGHT="4033" WIDTH="2880" PC="0.918">
			<TopMargin ID="P146_TM00001" HPOS="0" VPOS="0" WIDTH="2880" HEIGHT="311"/>
			<LeftMargin ID="P146_LM00001" HPOS="0" VPOS="311" WIDTH="263" HEIGHT="3404"/>
			<RightMargin ID="P146_RM00001" HPOS="2748" VPOS="311" WIDTH="132" HEIGHT="3404"/>
			<BottomMargin ID="P146_BM00001" HPOS="0" VPOS="3715" WIDTH="2880" HEIGHT="318"/>
			<PrintSpace ID="P146_PS00001" HPOS="263" VPOS="311" WIDTH="2485" HEIGHT="3404">
				<TextBlock ID="P146_TB00001" HPOS="714" VPOS="311" WIDTH="1588" HEIGHT="57" STYLEREFS="TXT_0 PAR_CENTER">
					<TextLine ID="P146_TL00001" HPOS="714" VPOS="311" WIDTH="1588" HEIGHT="57">
						<String ID="P146_ST00001" HPOS="714" VPOS="311" WIDTH="852" HEIGHT="56" CONTENT="L'ACTUALITE" WC="1.00" CC="23000004014"/>
						<SP ID="P146_SP00001" HPOS="1566" VPOS="367" WIDTH="83"/>
						<String ID="P146_ST00002" HPOS="1649" VPOS="311" WIDTH="653" HEIGHT="57" CONTENT="MUSICALE" WC="0.99" CC="00000886"/>
					</TextLine>
				</TextBlock>
				<TextBlock ID="P146_TB00002" HPOS="272" VPOS="433" WIDTH="2476" HEIGHT="1898" STYLEREFS="TXT_1 PAR_LEFT">
					<TextLine ID="P146_TL00002" HPOS="415" VPOS="434" WIDTH="2330" HEIGHT="64">
						<String ID="P146_ST00003" HPOS="415" VPOS="434" WIDTH="82" HEIGHT="45" CONTENT="Par" WC="0.98" CC="500"/>
						<SP ID="P146_SP00002" HPOS="497" VPOS="479" WIDTH="37"/>
						<String ID="P146_ST00004" HPOS="534" VPOS="435" WIDTH="207" HEIGHT="58" CONTENT="exemple" WC="1.00" CC="0000000"/>
						<SP ID="P146_SP00003" HPOS="741" VPOS="493" WIDTH="27"/>
						<String ID="P146_ST00005" HPOS="768" VPOS="453" WIDTH="57" HEIGHT="25" CONTENT="au" WC="1.00" CC="00"/>
						<SP ID="P146_SP00004" HPOS="825" VPOS="493" WIDTH="35"/>
						<String ID="P146_ST00006" HPOS="860" VPOS="447" WIDTH="211" HEIGHT="32" CONTENT="moment" WC="0.99" CC="000080"/>
						<SP ID="P146_SP00005" HPOS="1071" VPOS="493" WIDTH="27"/>
						<String ID="P146_ST00007" HPOS="1098" VPOS="435" WIDTH="60" HEIGHT="43" CONTENT="du" WC="0.69" CC="06"/>
						<SP ID="P146_SP00006" HPOS="1158" VPOS="493" WIDTH="37"/>
						<String ID="P146_ST00008" HPOS="1195" VPOS="452" WIDTH="127" HEIGHT="41" CONTENT="repos" WC="1.00" CC="30000"/>
						<SP ID="P146_SP00007" HPOS="1322" VPOS="493" WIDTH="33"/>
						<String ID="P146_ST00009" HPOS="1355" VPOS="435" WIDTH="196" HEIGHT="44" CONTENT="solitaire" WC="1.00" CC="054100000"/>
						<SP ID="P146_SP00008" HPOS="1551" VPOS="493" WIDTH="27"/>
						<String ID="P146_ST00010" HPOS="1578" VPOS="446" WIDTH="43" HEIGHT="32" CONTENT="et" WC="0.82" CC="30"/>
						<SP ID="P146_SP00009" HPOS="1621" VPOS="493" WIDTH="39"/>
						<String ID="P146_ST00011" HPOS="1660" VPOS="435" WIDTH="253" HEIGHT="58" CONTENT="quotidien," WC="0.99" CC="0003700284"/>
						<SP ID="P146_SP00010" HPOS="1913" VPOS="493" WIDTH="46"/>
						<String ID="P146_ST00012" HPOS="1959" VPOS="436" WIDTH="153" HEIGHT="59" CONTENT="quand" WC="0.99" CC="00060"/>
						<SP ID="P146_SP00011" HPOS="2112" VPOS="495" WIDTH="29"/>
						<String ID="P146_ST00013" HPOS="2141" VPOS="435" WIDTH="27" HEIGHT="44" CONTENT="il" WC="0.69" CC="60"/>
						<SP ID="P146_SP00012" HPOS="2168" VPOS="495" WIDTH="27"/>
						<String ID="P146_ST00014" HPOS="2195" VPOS="453" WIDTH="25" HEIGHT="27" CONTENT="a" WC="1.00" CC="0"/>
						<SP ID="P146_SP00013" HPOS="2220" VPOS="495" WIDTH="26"/>
						<String ID="P146_ST00015" HPOS="2246" VPOS="437" WIDTH="132" HEIGHT="44" CONTENT="retiré" WC="0.98" CC="039007"/>
						<SP ID="P146_SP00014" HPOS="2378" VPOS="495" WIDTH="26"/>
						<String ID="P146_ST00016" HPOS="2404" VPOS="454" WIDTH="79" HEIGHT="28" CONTENT="son" WC="0.97" CC="007"/>
						<SP ID="P146_SP00015" HPOS="2483" VPOS="495" WIDTH="41"/>
						<String ID="P146_ST00017" HPOS="2524" VPOS="440" WIDTH="221" HEIGHT="58" CONTENT="toupillon" WC="0.75" CC="000006609"/>
					</TextLine>
					<TextLine ID="P146_TL00003" HPOS="277" VPOS="503" WIDTH="2471" HEIGHT="65">
						<String ID="P146_ST00018" HPOS="277" VPOS="504" WIDTH="218" HEIGHT="58" CONTENT="postiche," WC="0.99" CC="050013004"/>
						<SP ID="P146_SP00016" HPOS="495" VPOS="562" WIDTH="41"/>
						<String ID="P146_ST00019" HPOS="536" VPOS="520" WIDTH="81" HEIGHT="27" CONTENT="son" WC="0.97" CC="007"/>
						<SP ID="P146_SP00017" HPOS="617" VPOS="562" WIDTH="28"/>
						<String ID="P146_ST00020" HPOS="645" VPOS="516" WIDTH="167" HEIGHT="46" CONTENT="coquet" WC="0.98" CC="620700"/>
						<SP ID="P146_SP00018" HPOS="812" VPOS="562" WIDTH="41"/>
						<String ID="P146_ST00021" HPOS="853" VPOS="505" WIDTH="125" HEIGHT="42" CONTENT="habit" WC="0.98" CC="00049"/>
						<SP ID="P146_SP00019" HPOS="978" VPOS="562" WIDTH="41"/>
						<String ID="P146_ST00022" HPOS="1019" VPOS="504" WIDTH="98" HEIGHT="43" CONTENT="noir" WC="0.98" CC="7000"/>
						<SP ID="P146_SP00020" HPOS="1117" VPOS="562" WIDTH="27"/>
						<String ID="P146_ST00023" HPOS="1144" VPOS="503" WIDTH="24" HEIGHT="44" CONTENT="à" WC="0.26" CC="7"/>
						<SP ID="P146_SP00021" HPOS="1168" VPOS="562" WIDTH="26"/>
						<String ID="P146_ST00024" HPOS="1194" VPOS="503" WIDTH="41" HEIGHT="44" CONTENT="la" WC="0.78" CC="40"/>
						<SP ID="P146_SP00022" HPOS="1235" VPOS="562" WIDTH="42"/>
						<String ID="P146_ST00025" HPOS="1277" VPOS="503" WIDTH="301" HEIGHT="44" CONTENT="boutonnière" WC="1.00" CC="00000700704"/>
						<SP ID="P146_SP00023" HPOS="1578" VPOS="562" WIDTH="42"/>
						<String ID="P146_ST00026" HPOS="1620" VPOS="503" WIDTH="203" HEIGHT="54" CONTENT="toujours" WC="0.99" CC="00670700"/>
						<SP ID="P146_SP00024" HPOS="1823" VPOS="562" WIDTH="44"/>
						<String ID="P146_ST00027" HPOS="1867" VPOS="504" WIDTH="168" HEIGHT="58" CONTENT="fleurie," WC="1.00" CC="00000004"/>
						<SP ID="P146_SP00025" HPOS="2035" VPOS="562" WIDTH="42"/>
						<String ID="P146_ST00028" HPOS="2077" VPOS="521" WIDTH="66" HEIGHT="27" CONTENT="ses" WC="0.99" CC="001"/>
						<SP ID="P146_SP00026" HPOS="2143" VPOS="562" WIDTH="40"/>
						<String ID="P146_ST00029" HPOS="2183" VPOS="505" WIDTH="273" HEIGHT="45" CONTENT="chaussettes" WC="1.00" CC="41000010000"/>
						<SP ID="P146_SP00027" HPOS="2456" VPOS="562" WIDTH="39"/>
						<String ID="P146_ST00030" HPOS="2495" VPOS="507" WIDTH="253" HEIGHT="61" CONTENT="largement" WC="1.00" CC="200000000"/>
					</TextLine>
					<TextLine ID="P146_TL00004" HPOS="274" VPOS="570" WIDTH="1113" HEIGHT="63">
						<String ID="P146_ST00031" HPOS="274" VPOS="571" WIDTH="199" HEIGHT="62" CONTENT="ajourées" WC="0.99" CC="76004820"/>
						<SP ID="P146_SP00028" HPOS="473" VPOS="633" WIDTH="26"/>
						<String ID="P146_ST00032" HPOS="499" VPOS="584" WIDTH="45" HEIGHT="31" CONTENT="et" WC="1.00" CC="00"/>
						<SP ID="P146_SP00029" HPOS="544" VPOS="633" WIDTH="25"/>
						<String ID="P146_ST00033" HPOS="569" VPOS="588" WIDTH="66" HEIGHT="28" CONTENT="ses" WC="1.00" CC="000"/>
						<SP ID="P146_SP00030" HPOS="635" VPOS="633" WIDTH="28"/>
						<String ID="P146_ST00034" HPOS="663" VPOS="573" WIDTH="144" HEIGHT="42" CONTENT="beaux" WC="0.98" CC="05080"/>
						<SP ID="P146_SP00031" HPOS="807" VPOS="633" WIDTH="28"/>
						<String ID="P146_ST00035" HPOS="835" VPOS="573" WIDTH="133" HEIGHT="57" CONTENT="petits" WC="1.00" CC="000500"/>
						<SP ID="P146_SP00032" HPOS="968" VPOS="633" WIDTH="25"/>
						<String ID="P146_ST00036" HPOS="993" VPOS="571" WIDTH="185" HEIGHT="45" CONTENT="souliers" WC="1.00" CC="00025000"/>
						<SP ID="P146_SP00033" HPOS="1178" VPOS="633" WIDTH="27"/>
						<String ID="P146_ST00037" HPOS="1205" VPOS="573" WIDTH="147" HEIGHT="43" CONTENT="vernis" WC="1.00" CC="000020"/>
						<SP ID="P146_SP00034" HPOS="1352" VPOS="633" WIDTH="22"/>
						<String ID="P146_ST00038" HPOS="1374" VPOS="570" WIDTH="13" HEIGHT="45" CONTENT="?" WC="0.98" CC="0"/>
					</TextLine>
					<TextLine ID="P146_TL00005" HPOS="414" VPOS="639" WIDTH="2333" HEIGHT="66">
						<String ID="P146_ST00039" HPOS="414" VPOS="639" WIDTH="70" HEIGHT="45" CONTENT="La" WC="0.75" CC="40"/>
						<SP ID="P146_SP00035" HPOS="484" VPOS="684" WIDTH="25"/>
						<String ID="P146_ST00040" HPOS="509" VPOS="642" WIDTH="134" HEIGHT="42" CONTENT="chose" WC="1.00" CC="00200"/>
						<SP ID="P146_SP00036" HPOS="643" VPOS="684" WIDTH="26"/>
						<String ID="P146_ST00041" HPOS="669" VPOS="639" WIDTH="254" HEIGHT="45" CONTENT="aurait-elle" WC="0.99" CC="06005040640"/>
						<SP ID="P146_SP00037" HPOS="923" VPOS="684" WIDTH="29"/>
						<String ID="P146_ST00042" HPOS="952" VPOS="639" WIDTH="76" HEIGHT="59" CONTENT="plu" WC="0.98" CC="050"/>
						<SP ID="P146_SP00038" HPOS="1028" VPOS="698" WIDTH="30"/>
						<String ID="P146_ST00043" HPOS="1058" VPOS="657" WIDTH="58" HEIGHT="27" CONTENT="au" WC="0.69" CC="06"/>
						<SP ID="P146_SP00039" HPOS="1116" VPOS="698" WIDTH="20"/>
						<String ID="P146_ST00044" HPOS="1136" VPOS="640" WIDTH="202" HEIGHT="58" CONTENT="spirituel" WC="1.00" CC="000050005"/>
						<SP ID="P146_SP00040" HPOS="1338" VPOS="698" WIDTH="28"/>
						<String ID="P146_ST00045" HPOS="1366" VPOS="641" WIDTH="222" HEIGHT="43" CONTENT="chanteur" WC="0.99" CC="26080050"/>
						<SP ID="P146_SP00041" HPOS="1588" VPOS="698" WIDTH="28"/>
						<String ID="P146_ST00046" HPOS="1616" VPOS="640" WIDTH="178" HEIGHT="43" CONTENT="devenu" WC="0.99" CC="000073"/>
						<SP ID="P146_SP00042" HPOS="1794" VPOS="698" WIDTH="28"/>
						<String ID="P146_ST00047" HPOS="1822" VPOS="640" WIDTH="88" HEIGHT="43" CONTENT="fort" WC="0.98" CC="0007"/>
						<SP ID="P146_SP00043" HPOS="1910" VPOS="698" WIDTH="26"/>
						<String ID="P146_ST00048" HPOS="1936" VPOS="641" WIDTH="270" HEIGHT="58" CONTENT="susceptible" WC="1.00" CC="00000000041"/>
						<SP ID="P146_SP00044" HPOS="2206" VPOS="699" WIDTH="42"/>
						<String ID="P146_ST00049" HPOS="2248" VPOS="654" WIDTH="43" HEIGHT="31" CONTENT="et" WC="0.91" CC="10"/>
						<SP ID="P146_SP00045" HPOS="2291" VPOS="699" WIDTH="28"/>
						<String ID="P146_ST00050" HPOS="2319" VPOS="643" WIDTH="263" HEIGHT="45" CONTENT="redoutable" WC="1.00" CC="0000070040"/>
						<SP ID="P146_SP00046" HPOS="2582" VPOS="699" WIDTH="34"/>
						<String ID="P146_ST00051" HPOS="2616" VPOS="645" WIDTH="131" HEIGHT="60" CONTENT="grâce" WC="1.00" CC="00300"/>
					</TextLine>
					<TextLine ID="P146_TL00006" HPOS="275" VPOS="707" WIDTH="2209" HEIGHT="61">
						<String ID="P146_ST00052" HPOS="275" VPOS="707" WIDTH="24" HEIGHT="45" CONTENT="à" WC="0.28" CC="7"/>
						<SP ID="P146_SP00047" HPOS="299" VPOS="752" WIDTH="27"/>
						<String ID="P146_ST00053" HPOS="326" VPOS="708" WIDTH="53" HEIGHT="43" CONTENT="de" WC="1.00" CC="00"/>
						<SP ID="P146_SP00048" HPOS="379" VPOS="752" WIDTH="28"/>
						<String ID="P146_ST00054" HPOS="407" VPOS="708" WIDTH="176" HEIGHT="44" CONTENT="récents" WC="0.99" CC="0700700"/>
						<SP ID="P146_SP00049" HPOS="583" VPOS="752" WIDTH="26"/>
						<String ID="P146_ST00055" HPOS="609" VPOS="708" WIDTH="155" HEIGHT="59" CONTENT="procès" WC="0.99" CC="001080"/>
						<SP ID="P146_SP00050" HPOS="764" VPOS="767" WIDTH="27"/>
						<String ID="P146_ST00056" HPOS="791" VPOS="708" WIDTH="249" HEIGHT="58" CONTENT="remportés" WC="0.99" CC="010000870"/>
						<SP ID="P146_SP00051" HPOS="1040" VPOS="767" WIDTH="26"/>
						<String ID="P146_ST00057" HPOS="1066" VPOS="721" WIDTH="159" HEIGHT="31" CONTENT="contre" WC="0.99" CC="108010"/>
						<SP ID="P146_SP00052" HPOS="1225" VPOS="767" WIDTH="27"/>
						<String ID="P146_ST00058" HPOS="1252" VPOS="708" WIDTH="41" HEIGHT="44" CONTENT="la" WC="1.00" CC="00"/>
						<SP ID="P146_SP00053" HPOS="1293" VPOS="767" WIDTH="27"/>
						<String ID="P146_ST00059" HPOS="1320" VPOS="708" WIDTH="240" HEIGHT="60" CONTENT="malignité" WC="0.99" CC="003100507"/>
						<SP ID="P146_SP00054" HPOS="1560" VPOS="768" WIDTH="28"/>
						<String ID="P146_ST00060" HPOS="1588" VPOS="708" WIDTH="75" HEIGHT="44" CONTENT="des" WC="1.00" CC="000"/>
						<SP ID="P146_SP00055" HPOS="1663" VPOS="768" WIDTH="26"/>
						<String ID="P146_ST00061" HPOS="1689" VPOS="709" WIDTH="329" HEIGHT="45" CONTENT="caricaturistes" WC="1.00" CC="10075004040000"/>
						<SP ID="P146_SP00056" HPOS="2018" VPOS="768" WIDTH="25"/>
						<String ID="P146_ST00062" HPOS="2043" VPOS="726" WIDTH="60" HEIGHT="27" CONTENT="ou" WC="0.88" CC="20"/>
						<SP ID="P146_SP00057" HPOS="2103" VPOS="768" WIDTH="27"/>
						<String ID="P146_ST00063" HPOS="2130" VPOS="708" WIDTH="74" HEIGHT="46" CONTENT="des" WC="0.99" CC="030"/>
						<SP ID="P146_SP00058" HPOS="2204" VPOS="768" WIDTH="28"/>
						<String ID="P146_ST00064" HPOS="2232" VPOS="710" WIDTH="217" HEIGHT="46" CONTENT="écrivains" WC="0.99" CC="600400580"/>
						<SP ID="P146_SP00059" HPOS="2449" VPOS="768" WIDTH="22"/>
						<String ID="P146_ST00065" HPOS="2471" VPOS="711" WIDTH="13" HEIGHT="44" CONTENT="?" WC="0.27" CC="7"/>
					</TextLine>
					<TextLine ID="P146_TL00007" HPOS="414" VPOS="776" WIDTH="2333" HEIGHT="62">
						<String ID="P146_ST00066" HPOS="414" VPOS="776" WIDTH="221" HEIGHT="61" CONTENT="Gagnant" WC="1.00" CC="0000080"/>
						<SP ID="P146_SP00060" HPOS="635" VPOS="837" WIDTH="29"/>
						<String ID="P146_ST00067" HPOS="664" VPOS="778" WIDTH="232" HEIGHT="57" CONTENT="beaucoup" WC="0.99" CC="30080080"/>
						<SP ID="P146_SP00061" HPOS="896" VPOS="837" WIDTH="28"/>
						<String ID="P146_ST00068" HPOS="924" VPOS="776" WIDTH="221" HEIGHT="61" CONTENT="d'argent," WC="0.99" CC="030003704"/>
						<SP ID="P146_SP00062" HPOS="1145" VPOS="837" WIDTH="29"/>
						<String ID="P146_ST00069" HPOS="1174" VPOS="794" WIDTH="115" HEIGHT="27" CONTENT="nous" WC="0.98" CC="8000"/>
						<SP ID="P146_SP00063" HPOS="1289" VPOS="837" WIDTH="26"/>
						<String ID="P146_ST00070" HPOS="1315" VPOS="794" WIDTH="139" HEIGHT="27" CONTENT="avons" WC="0.99" CC="00060"/>
						<SP ID="P146_SP00064" HPOS="1454" VPOS="837" WIDTH="26"/>
						<String ID="P146_ST00071" HPOS="1480" VPOS="777" WIDTH="66" HEIGHT="43" CONTENT="dit" WC="0.98" CC="040"/>
						<SP ID="P146_SP00065" HPOS="1546" VPOS="837" WIDTH="26"/>
						<String ID="P146_ST00072" HPOS="1572" VPOS="777" WIDTH="230" HEIGHT="57" CONTENT="combien," WC="0.99" CC="20000074"/>
						<SP ID="P146_SP00066" HPOS="1802" VPOS="837" WIDTH="32"/>
						<String ID="P146_ST00073" HPOS="1834" VPOS="776" WIDTH="162" HEIGHT="62" CONTENT="Mayol" WC="0.92" CC="00030"/>
						<SP ID="P146_SP00067" HPOS="1996" VPOS="838" WIDTH="30"/>
						<String ID="P146_ST00074" HPOS="2026" VPOS="776" WIDTH="107" HEIGHT="45" CONTENT="n'en" WC="0.97" CC="5405"/>
						<SP ID="P146_SP00068" HPOS="2133" VPOS="838" WIDTH="29"/>
						<String ID="P146_ST00075" HPOS="2162" VPOS="795" WIDTH="213" HEIGHT="28" CONTENT="conserve" WC="0.99" CC="44701000"/>
						<SP ID="P146_SP00069" HPOS="2375" VPOS="838" WIDTH="27"/>
						<String ID="P146_ST00076" HPOS="2402" VPOS="797" WIDTH="75" HEIGHT="41" CONTENT="pas" WC="0.96" CC="090"/>
						<SP ID="P146_SP00070" HPOS="2477" VPOS="838" WIDTH="25"/>
						<String ID="P146_ST00077" HPOS="2502" VPOS="782" WIDTH="149" HEIGHT="44" CONTENT="moins" WC="0.98" CC="00580"/>
						<SP ID="P146_SP00071" HPOS="2651" VPOS="838" WIDTH="42"/>
						<String ID="P146_ST00078" HPOS="2693" VPOS="782" WIDTH="54" HEIGHT="44" CONTENT="de" WC="1.00" CC="00"/>
					</TextLine>
					<TextLine ID="P146_TL00008" HPOS="275" VPOS="844" WIDTH="1484" HEIGHT="60">
						<String ID="P146_ST00079" HPOS="275" VPOS="845" WIDTH="336" HEIGHT="59" CONTENT="remarquables" WC="1.00" CC="010000563400"/>
						<SP ID="P146_SP00072" HPOS="611" VPOS="904" WIDTH="25"/>
						<String ID="P146_ST00080" HPOS="636" VPOS="845" WIDTH="189" HEIGHT="59" CONTENT="qualités" WC="1.00" CC="00000070"/>
						<SP ID="P146_SP00073" HPOS="825" VPOS="904" WIDTH="27"/>
						<String ID="P146_ST00081" HPOS="852" VPOS="845" WIDTH="293" HEIGHT="57" CONTENT="d'altruisme," WC="1.00" CC="040200000034"/>
						<SP ID="P146_SP00074" HPOS="1145" VPOS="904" WIDTH="29"/>
						<String ID="P146_ST00082" HPOS="1174" VPOS="844" WIDTH="178" HEIGHT="45" CONTENT="d'ordre" WC="1.00" CC="0400000"/>
						<SP ID="P146_SP00075" HPOS="1352" VPOS="904" WIDTH="34"/>
						<String ID="P146_ST00083" HPOS="1386" VPOS="856" WIDTH="44" HEIGHT="33" CONTENT="et" WC="1.00" CC="00"/>
						<SP ID="P146_SP00076" HPOS="1430" VPOS="904" WIDTH="27"/>
						<String ID="P146_ST00084" HPOS="1457" VPOS="844" WIDTH="302" HEIGHT="45" CONTENT="d'économie." WC="0.99" CC="03804600103"/>
					</TextLine>
					<TextLine ID="P146_TL00009" HPOS="414" VPOS="912" WIDTH="2124" HEIGHT="61">
						<String ID="P146_ST00085" HPOS="414" VPOS="912" WIDTH="303" HEIGHT="45" CONTENT="D'altruisme" WC="0.99" CC="04044450012"/>
						<SP ID="P146_SP00077" HPOS="717" VPOS="957" WIDTH="28"/>
						<String ID="P146_ST00086" HPOS="745" VPOS="930" WIDTH="8" HEIGHT="27" CONTENT=":" WC="0.55" CC="4"/>
						<SP ID="P146_SP00078" HPOS="753" VPOS="957" WIDTH="31"/>
						<String ID="P146_ST00087" HPOS="784" VPOS="914" WIDTH="151" HEIGHT="59" CONTENT="quand" WC="0.98" CC="03070"/>
						<SP ID="P146_SP00079" HPOS="935" VPOS="973" WIDTH="29"/>
						<String ID="P146_ST00088" HPOS="964" VPOS="913" WIDTH="28" HEIGHT="43" CONTENT="il" WC="0.52" CC="53"/>
						<SP ID="P146_SP00080" HPOS="992" VPOS="973" WIDTH="27"/>
						<String ID="P146_ST00089" HPOS="1019" VPOS="915" WIDTH="166" HEIGHT="43" CONTENT="chante" WC="0.98" CC="230824"/>
						<SP ID="P146_SP00081" HPOS="1185" VPOS="973" WIDTH="27"/>
						<String ID="P146_ST00090" HPOS="1212" VPOS="915" WIDTH="194" HEIGHT="43" CONTENT="maintes" WC="0.99" CC="0067000"/>
						<SP ID="P146_SP00082" HPOS="1406" VPOS="973" WIDTH="26"/>
						<String ID="P146_ST00091" HPOS="1432" VPOS="914" WIDTH="82" HEIGHT="44" CONTENT="fois" WC="0.98" CC="0640"/>
						<SP ID="P146_SP00083" HPOS="1514" VPOS="973" WIDTH="27"/>
						<String ID="P146_ST00092" HPOS="1541" VPOS="931" WIDTH="55" HEIGHT="26" CONTENT="au" WC="0.52" CC="90"/>
						<SP ID="P146_SP00084" HPOS="1596" VPOS="973" WIDTH="29"/>
						<String ID="P146_ST00093" HPOS="1625" VPOS="912" WIDTH="202" HEIGHT="45" CONTENT="bénéfice" WC="0.99" CC="06770020"/>
						<SP ID="P146_SP00085" HPOS="1827" VPOS="973" WIDTH="29"/>
						<String ID="P146_ST00094" HPOS="1856" VPOS="914" WIDTH="54" HEIGHT="43" CONTENT="de" WC="0.97" CC="00"/>
						<SP ID="P146_SP00086" HPOS="1910" VPOS="973" WIDTH="27"/>
						<String ID="P146_ST00095" HPOS="1937" VPOS="915" WIDTH="258" HEIGHT="44" CONTENT="camarades" WC="1.00" CC="000000000"/>
						<SP ID="P146_SP00087" HPOS="2195" VPOS="973" WIDTH="20"/>
						<String ID="P146_ST00096" HPOS="2215" VPOS="933" WIDTH="59" HEIGHT="26" CONTENT="ou" WC="0.54" CC="53"/>
						<SP ID="P146_SP00088" HPOS="2274" VPOS="973" WIDTH="28"/>
						<String ID="P146_ST00097" HPOS="2302" VPOS="916" WIDTH="236" HEIGHT="47" CONTENT="d'œuvres." WC="0.94" CC="040000000"/>
					</TextLine>
					<TextLine ID="P146_TL00010" HPOS="414" VPOS="980" WIDTH="2333" HEIGHT="68">
						<String ID="P146_ST00098" HPOS="414" VPOS="980" WIDTH="199" HEIGHT="46" CONTENT="D'ordre" WC="1.00" CC="0330000"/>
						<SP ID="P146_SP00089" HPOS="613" VPOS="1026" WIDTH="19"/>
						<String ID="P146_ST00099" HPOS="632" VPOS="999" WIDTH="8" HEIGHT="28" CONTENT=":" WC="0.42" CC="5"/>
						<SP ID="P146_SP00090" HPOS="640" VPOS="1027" WIDTH="48"/>
						<String ID="P146_ST00100" HPOS="688" VPOS="983" WIDTH="150" HEIGHT="59" CONTENT="quand" WC="0.99" CC="02070"/>
						<SP ID="P146_SP00091" HPOS="838" VPOS="1042" WIDTH="29"/>
						<String ID="P146_ST00101" HPOS="867" VPOS="982" WIDTH="126" HEIGHT="58" CONTENT="après" WC="0.99" CC="00080"/>
						<SP ID="P146_SP00092" HPOS="993" VPOS="1042" WIDTH="25"/>
						<String ID="P146_ST00102" HPOS="1018" VPOS="983" WIDTH="121" HEIGHT="42" CONTENT="avoir" WC="0.99" CC="00050"/>
						<SP ID="P146_SP00093" HPOS="1139" VPOS="1042" WIDTH="26"/>
						<String ID="P146_ST00103" HPOS="1165" VPOS="982" WIDTH="168" HEIGHT="44" CONTENT="chanté" WC="0.98" CC="030667"/>
						<SP ID="P146_SP00094" HPOS="1333" VPOS="1042" WIDTH="26"/>
						<String ID="P146_ST00104" HPOS="1359" VPOS="999" WIDTH="113" HEIGHT="42" CONTENT="pour" WC="1.00" CC="0000"/>
						<SP ID="P146_SP00095" HPOS="1472" VPOS="1042" WIDTH="27"/>
						<String ID="P146_ST00105" HPOS="1499" VPOS="999" WIDTH="62" HEIGHT="27" CONTENT="un" WC="0.60" CC="07"/>
						<SP ID="P146_SP00096" HPOS="1561" VPOS="1042" WIDTH="27"/>
						<String ID="P146_ST00106" HPOS="1588" VPOS="983" WIDTH="253" HEIGHT="56" CONTENT="camarade," WC="1.00" CC="000000004"/>
						<SP ID="P146_SP00097" HPOS="1841" VPOS="1042" WIDTH="28"/>
						<String ID="P146_ST00107" HPOS="1869" VPOS="983" WIDTH="183" HEIGHT="44" CONTENT="celui-ci" WC="0.99" CC="00377401"/>
						<SP ID="P146_SP00098" HPOS="2052" VPOS="1042" WIDTH="29"/>
						<String ID="P146_ST00108" HPOS="2081" VPOS="983" WIDTH="62" HEIGHT="44" CONTENT="lui" WC="0.96" CC="523"/>
						<SP ID="P146_SP00099" HPOS="2143" VPOS="1042" WIDTH="29"/>
						<String ID="P146_ST00109" HPOS="2172" VPOS="982" WIDTH="164" HEIGHT="46" CONTENT="offrant" WC="0.99" CC="0670060"/>
						<SP ID="P146_SP00100" HPOS="2336" VPOS="1042" WIDTH="28"/>
						<String ID="P146_ST00110" HPOS="2364" VPOS="1003" WIDTH="54" HEIGHT="26" CONTENT="en" WC="0.39" CC="38"/>
						<SP ID="P146_SP00101" HPOS="2418" VPOS="1042" WIDTH="40"/>
						<String ID="P146_ST00111" HPOS="2458" VPOS="986" WIDTH="289" HEIGHT="62" CONTENT="témoignage" WC="0.99" CC="0802508680"/>
					</TextLine>
					<TextLine ID="P146_TL00011" HPOS="274" VPOS="1050" WIDTH="2472" HEIGHT="62">
						<String ID="P146_ST00112" HPOS="274" VPOS="1051" WIDTH="337" HEIGHT="44" CONTENT="reconnaissant" WC="0.99" CC="0006060500076"/>
						<SP ID="P146_SP00102" HPOS="611" VPOS="1095" WIDTH="38"/>
						<String ID="P146_ST00113" HPOS="649" VPOS="1067" WIDTH="62" HEIGHT="27" CONTENT="un" WC="0.20" CC="78"/>
						<SP ID="P146_SP00103" HPOS="711" VPOS="1095" WIDTH="27"/>
						<String ID="P146_ST00114" HPOS="738" VPOS="1051" WIDTH="388" HEIGHT="59" CONTENT="agrandissement" WC="1.00" CC="00007050000066"/>
						<SP ID="P146_SP00104" HPOS="1126" VPOS="1110" WIDTH="27"/>
						<String ID="P146_ST00115" HPOS="1153" VPOS="1051" WIDTH="410" HEIGHT="60" CONTENT="photographique," WC="1.00" CC="000500000050004"/>
						<SP ID="P146_SP00105" HPOS="1563" VPOS="1111" WIDTH="29"/>
						<String ID="P146_ST00116" HPOS="1592" VPOS="1050" WIDTH="166" HEIGHT="62" CONTENT="Mayol" WC="0.94" CC="00002"/>
						<SP ID="P146_SP00106" HPOS="1758" VPOS="1112" WIDTH="45"/>
						<String ID="P146_ST00117" HPOS="1803" VPOS="1068" WIDTH="112" HEIGHT="41" CONTENT="pour" WC="0.98" CC="0440"/>
						<SP ID="P146_SP00107" HPOS="1915" VPOS="1112" WIDTH="27"/>
						<String ID="P146_ST00118" HPOS="1942" VPOS="1069" WIDTH="57" HEIGHT="27" CONTENT="ne" WC="0.60" CC="70"/>
						<SP ID="P146_SP00108" HPOS="1999" VPOS="1112" WIDTH="28"/>
						<String ID="P146_ST00119" HPOS="2027" VPOS="1069" WIDTH="74" HEIGHT="42" CONTENT="pas" WC="1.00" CC="000"/>
						<SP ID="P146_SP00109" HPOS="2101" VPOS="1112" WIDTH="27"/>
						<String ID="P146_ST00120" HPOS="2128" VPOS="1052" WIDTH="173" HEIGHT="45" CONTENT="oublier" WC="0.99" CC="0404100"/>
						<SP ID="P146_SP00110" HPOS="2301" VPOS="1112" WIDTH="27"/>
						<String ID="P146_ST00121" HPOS="2328" VPOS="1053" WIDTH="61" HEIGHT="45" CONTENT="les" WC="1.00" CC="010"/>
						<SP ID="P146_SP00111" HPOS="2389" VPOS="1112" WIDTH="26"/>
						<String ID="P146_ST00122" HPOS="2415" VPOS="1056" WIDTH="331" HEIGHT="45" CONTENT="circonstances" WC="0.99" CC="3105070609000"/>
					</TextLine>
					<TextLine ID="P146_TL00012" HPOS="273" VPOS="1117" WIDTH="2470" HEIGHT="67">
						<String ID="P146_ST00123" HPOS="273" VPOS="1120" WIDTH="110" HEIGHT="43" CONTENT="dans" WC="0.98" CC="0080"/>
						<SP ID="P146_SP00112" HPOS="383" VPOS="1163" WIDTH="26"/>
						<String ID="P146_ST00124" HPOS="409" VPOS="1117" WIDTH="233" HEIGHT="61" CONTENT="lesquelles" WC="0.99" CC="3500700003"/>
						<SP ID="P146_SP00113" HPOS="642" VPOS="1178" WIDTH="26"/>
						<String ID="P146_ST00125" HPOS="668" VPOS="1135" WIDTH="50" HEIGHT="28" CONTENT="ce" WC="0.78" CC="40"/>
						<SP ID="P146_SP00114" HPOS="718" VPOS="1178" WIDTH="27"/>
						<String ID="P146_ST00126" HPOS="745" VPOS="1119" WIDTH="170" HEIGHT="44" CONTENT="cadeau" WC="1.00" CC="000200"/>
						<SP ID="P146_SP00115" HPOS="915" VPOS="1178" WIDTH="26"/>
						<String ID="P146_ST00127" HPOS="941" VPOS="1118" WIDTH="61" HEIGHT="44" CONTENT="lui" WC="0.96" CC="405"/>
						<SP ID="P146_SP00116" HPOS="1002" VPOS="1178" WIDTH="28"/>
						<String ID="P146_ST00128" HPOS="1030" VPOS="1119" WIDTH="69" HEIGHT="44" CONTENT="fut" WC="0.98" CC="301"/>
						<SP ID="P146_SP00117" HPOS="1099" VPOS="1178" WIDTH="26"/>
						<String ID="P146_ST00129" HPOS="1125" VPOS="1119" WIDTH="81" HEIGHT="44" CONTENT="fait" WC="0.97" CC="0660"/>
						<SP ID="P146_SP00118" HPOS="1206" VPOS="1178" WIDTH="27"/>
						<String ID="P146_ST00130" HPOS="1233" VPOS="1118" WIDTH="253" HEIGHT="46" CONTENT="l'accroche" WC="1.00" CC="0400000401"/>
						<SP ID="P146_SP00119" HPOS="1486" VPOS="1178" WIDTH="29"/>
						<String ID="P146_ST00131" HPOS="1515" VPOS="1120" WIDTH="108" HEIGHT="43" CONTENT="dans" WC="0.98" CC="0070"/>
						<SP ID="P146_SP00120" HPOS="1623" VPOS="1178" WIDTH="26"/>
						<String ID="P146_ST00132" HPOS="1649" VPOS="1136" WIDTH="80" HEIGHT="27" CONTENT="son" WC="0.99" CC="200"/>
						<SP ID="P146_SP00121" HPOS="1729" VPOS="1178" WIDTH="28"/>
						<String ID="P146_ST00133" HPOS="1757" VPOS="1119" WIDTH="124" HEIGHT="45" CONTENT="salon" WC="0.99" CC="00008"/>
						<SP ID="P146_SP00122" HPOS="1881" VPOS="1178" WIDTH="28"/>
						<String ID="P146_ST00134" HPOS="1909" VPOS="1137" WIDTH="107" HEIGHT="27" CONTENT="avec" WC="1.00" CC="0000"/>
						<SP ID="P146_SP00123" HPOS="2016" VPOS="1178" WIDTH="21"/>
						<String ID="P146_ST00135" HPOS="2037" VPOS="1138" WIDTH="73" HEIGHT="27" CONTENT="sur" WC="1.00" CC="000"/>
						<SP ID="P146_SP00124" HPOS="2110" VPOS="1178" WIDTH="28"/>
						<String ID="P146_ST00136" HPOS="2138" VPOS="1121" WIDTH="40" HEIGHT="43" CONTENT="le" WC="0.69" CC="60"/>
						<SP ID="P146_SP00125" HPOS="2178" VPOS="1178" WIDTH="21"/>
						<String ID="P146_ST00137" HPOS="2199" VPOS="1123" WIDTH="132" HEIGHT="43" CONTENT="cadre" WC="1.00" CC="30000"/>
						<SP ID="P146_SP00126" HPOS="2331" VPOS="1178" WIDTH="28"/>
						<String ID="P146_ST00138" HPOS="2359" VPOS="1135" WIDTH="118" HEIGHT="32" CONTENT="cette" WC="0.99" CC="00005"/>
						<SP ID="P146_SP00127" HPOS="2477" VPOS="1178" WIDTH="28"/>
						<String ID="P146_ST00139" HPOS="2505" VPOS="1123" WIDTH="238" HEIGHT="61" CONTENT="étiquette:" WC="0.99" CC="7040606623"/>
					</TextLine>
					<TextLine ID="P146_TL00013" HPOS="416" VPOS="1187" WIDTH="560" HEIGHT="60">
						<String ID="P146_ST00140" HPOS="416" VPOS="1188" WIDTH="111" HEIGHT="42" CONTENT="Coût" WC="0.97" CC="3614" STYLEREFS="TXT_2"/>
						<SP ID="P146_SP00128" HPOS="527" VPOS="1230" WIDTH="25"/>
						<String ID="P146_ST00141" HPOS="552" VPOS="1204" WIDTH="13" HEIGHT="26" CONTENT=":" WC="1.00" CC="0" STYLEREFS="TXT_2"/>
						<SP ID="P146_SP00129" HPOS="565" VPOS="1230" WIDTH="25"/>
						<String ID="P146_ST00142" HPOS="590" VPOS="1187" WIDTH="90" HEIGHT="60" CONTENT="cinq" WC="0.99" CC="0200" STYLEREFS="TXT_2"/>
						<SP ID="P146_SP00130" HPOS="680" VPOS="1247" WIDTH="24"/>
						<String ID="P146_ST00143" HPOS="704" VPOS="1199" WIDTH="105" HEIGHT="32" CONTENT="cents" WC="0.98" CC="06145" STYLEREFS="TXT_2"/>
						<SP ID="P146_SP00131" HPOS="809" VPOS="1247" WIDTH="22"/>
						<String ID="P146_ST00144" HPOS="831" VPOS="1190" WIDTH="145" HEIGHT="55" CONTENT="francs" WC="0.99" CC="019400" STYLEREFS="TXT_2"/>
					</TextLine>
					<TextLine ID="P146_TL00014" HPOS="414" VPOS="1256" WIDTH="2331" HEIGHT="62">
						<String ID="P146_ST00145" HPOS="414" VPOS="1256" WIDTH="83" HEIGHT="46" CONTENT="On" WC="1.00" CC="00"/>
						<SP ID="P146_SP00132" HPOS="497" VPOS="1302" WIDTH="27"/>
						<String ID="P146_ST00146" HPOS="524" VPOS="1273" WIDTH="24" HEIGHT="27" CONTENT="a" WC="1.00" CC="0"/>
						<SP ID="P146_SP00133" HPOS="548" VPOS="1302" WIDTH="27"/>
						<String ID="P146_ST00147" HPOS="575" VPOS="1257" WIDTH="102" HEIGHT="43" CONTENT="bien" WC="0.97" CC="0407"/>
						<SP ID="P146_SP00134" HPOS="677" VPOS="1302" WIDTH="37"/>
						<String ID="P146_ST00148" HPOS="714" VPOS="1257" WIDTH="195" HEIGHT="57" CONTENT="compris" WC="1.00" CC="2000020"/>
						<SP ID="P146_SP00135" HPOS="909" VPOS="1314" WIDTH="26"/>
						<String ID="P146_ST00149" HPOS="935" VPOS="1273" WIDTH="86" HEIGHT="42" CONTENT="que" WC="0.96" CC="064"/>
						<SP ID="P146_SP00136" HPOS="1021" VPOS="1315" WIDTH="35"/>
						<String ID="P146_ST00150" HPOS="1056" VPOS="1273" WIDTH="73" HEIGHT="27" CONTENT="ces" WC="1.00" CC="010"/>
						<SP ID="P146_SP00137" HPOS="1129" VPOS="1315" WIDTH="37"/>
						<String ID="P146_ST00151" HPOS="1166" VPOS="1258" WIDTH="104" HEIGHT="58" CONTENT="cinq" WC="0.97" CC="3280"/>
						<SP ID="P146_SP00138" HPOS="1270" VPOS="1316" WIDTH="41"/>
						<String ID="P146_ST00152" HPOS="1311" VPOS="1269" WIDTH="128" HEIGHT="32" CONTENT="cents" WC="0.98" CC="20900"/>
						<SP ID="P146_SP00139" HPOS="1439" VPOS="1316" WIDTH="26"/>
						<String ID="P146_ST00153" HPOS="1465" VPOS="1257" WIDTH="147" HEIGHT="44" CONTENT="francs" WC="0.99" CC="007800"/>
						<SP ID="P146_SP00140" HPOS="1612" VPOS="1316" WIDTH="37"/>
						<String ID="P146_ST00154" HPOS="1649" VPOS="1274" WIDTH="58" HEIGHT="26" CONTENT="ne" WC="0.51" CC="81"/>
						<SP ID="P146_SP00141" HPOS="1707" VPOS="1316" WIDTH="27"/>
						<String ID="P146_ST00155" HPOS="1734" VPOS="1257" WIDTH="99" HEIGHT="43" CONTENT="font" WC="0.98" CC="0280"/>
						<SP ID="P146_SP00142" HPOS="1833" VPOS="1316" WIDTH="41"/>
						<String ID="P146_ST00156" HPOS="1874" VPOS="1274" WIDTH="75" HEIGHT="42" CONTENT="pas" WC="1.00" CC="000"/>
						<SP ID="P146_SP00143" HPOS="1949" VPOS="1316" WIDTH="38"/>
						<String ID="P146_ST00157" HPOS="1987" VPOS="1257" WIDTH="39" HEIGHT="44" CONTENT="le" WC="1.00" CC="00"/>
						<SP ID="P146_SP00144" HPOS="2026" VPOS="1316" WIDTH="42"/>
						<String ID="P146_ST00158" HPOS="2068" VPOS="1260" WIDTH="97" HEIGHT="57" CONTENT="prix" WC="1.00" CC="0000"/>
						<SP ID="P146_SP00145" HPOS="2165" VPOS="1317" WIDTH="29"/>
						<String ID="P146_ST00159" HPOS="2194" VPOS="1260" WIDTH="59" HEIGHT="43" CONTENT="du" WC="1.00" CC="00"/>
						<SP ID="P146_SP00146" HPOS="2253" VPOS="1317" WIDTH="43"/>
						<String ID="P146_ST00160" HPOS="2296" VPOS="1262" WIDTH="225" HEIGHT="56" CONTENT="souvenir," WC="0.99" CC="000037504"/>
						<SP ID="P146_SP00147" HPOS="2521" VPOS="1318" WIDTH="29"/>
						<String ID="P146_ST00161" HPOS="2550" VPOS="1263" WIDTH="112" HEIGHT="42" CONTENT="mais" WC="0.99" CC="0050"/>
						<SP ID="P146_SP00148" HPOS="2662" VPOS="1318" WIDTH="25"/>
						<String ID="P146_ST00162" HPOS="2687" VPOS="1262" WIDTH="58" HEIGHT="44" CONTENT="du" WC="0.69" CC="06"/>
					</TextLine>
					<TextLine ID="P146_TL00015" HPOS="273" VPOS="1324" WIDTH="741" HEIGHT="61">
						<String ID="P146_ST00163" HPOS="273" VPOS="1326" WIDTH="159" HEIGHT="42" CONTENT="cachet" WC="0.99" CC="004004"/>
						<SP ID="P146_SP00149" HPOS="432" VPOS="1368" WIDTH="27"/>
						<String ID="P146_ST00164" HPOS="459" VPOS="1325" WIDTH="141" HEIGHT="58" CONTENT="perdu" WC="1.00" CC="00000"/>
						<SP ID="P146_SP00150" HPOS="600" VPOS="1383" WIDTH="26"/>
						<String ID="P146_ST00165" HPOS="626" VPOS="1342" WIDTH="77" HEIGHT="41" CONTENT="par" WC="1.00" CC="000"/>
						<SP ID="P146_SP00151" HPOS="703" VPOS="1383" WIDTH="29"/>
						<String ID="P146_ST00166" HPOS="732" VPOS="1324" WIDTH="56" HEIGHT="44" CONTENT="M" WC="1.00" CC="0"/>
						<String ID="P146_ST00167" HPOS="793" VPOS="1328" WIDTH="15" HEIGHT="17" CONTENT="r" STYLE="superscript" WC="0.23" CC="7"/>
						<SP ID="P146_SP00152" HPOS="808" VPOS="1383" WIDTH="26"/>
						<String ID="P146_ST00168" HPOS="834" VPOS="1324" WIDTH="180" HEIGHT="61" CONTENT="Mayol." WC="0.82" CC="100404"/>
					</TextLine>
					<TextLine ID="P146_TL00016" HPOS="413" VPOS="1392" WIDTH="2330" HEIGHT="63">
						<String ID="P146_ST00169" HPOS="413" VPOS="1392" WIDTH="309" HEIGHT="46" CONTENT="D'économie" WC="0.99" CC="0372070032"/>
						<SP ID="P146_SP00153" HPOS="722" VPOS="1438" WIDTH="29"/>
						<String ID="P146_ST00170" HPOS="751" VPOS="1410" WIDTH="7" HEIGHT="27" CONTENT=":" WC="0.56" CC="4"/>
						<SP ID="P146_SP00154" HPOS="758" VPOS="1438" WIDTH="31"/>
						<String ID="P146_ST00171" HPOS="789" VPOS="1394" WIDTH="152" HEIGHT="59" CONTENT="quand" WC="0.99" CC="08000"/>
						<SP ID="P146_SP00155" HPOS="941" VPOS="1453" WIDTH="28"/>
						<String ID="P146_ST00172" HPOS="969" VPOS="1411" WIDTH="61" HEIGHT="25" CONTENT="un" WC="0.50" CC="09"/>
						<SP ID="P146_SP00156" HPOS="1030" VPOS="1453" WIDTH="35"/>
						<String ID="P146_ST00173" HPOS="1065" VPOS="1394" WIDTH="244" HEIGHT="59" CONTENT="rigoureux" WC="0.99" CC="020300570"/>
						<SP ID="P146_SP00157" HPOS="1309" VPOS="1453" WIDTH="30"/>
						<String ID="P146_ST00174" HPOS="1339" VPOS="1395" WIDTH="124" HEIGHT="42" CONTENT="hiver" WC="0.99" CC="05000"/>
						<SP ID="P146_SP00158" HPOS="1463" VPOS="1453" WIDTH="27"/>
						<String ID="P146_ST00175" HPOS="1490" VPOS="1411" WIDTH="56" HEIGHT="27" CONTENT="en" WC="0.56" CC="07"/>
						<SP ID="P146_SP00159" HPOS="1546" VPOS="1453" WIDTH="28"/>
						<String ID="P146_ST00176" HPOS="1574" VPOS="1394" WIDTH="358" HEIGHT="59" CONTENT="réprésentation" WC="1.00" CC="07006000008400"/>
						<SP ID="P146_SP00160" HPOS="1932" VPOS="1453" WIDTH="27"/>
						<String ID="P146_ST00177" HPOS="1959" VPOS="1413" WIDTH="57" HEIGHT="26" CONTENT="au" WC="1.00" CC="00"/>
						<SP ID="P146_SP00161" HPOS="2016" VPOS="1453" WIDTH="28"/>
						<String ID="P146_ST00178" HPOS="2044" VPOS="1397" WIDTH="150" HEIGHT="43" CONTENT="casino" WC="0.99" CC="000610"/>
						<SP ID="P146_SP00162" HPOS="2194" VPOS="1453" WIDTH="40"/>
						<String ID="P146_ST00179" HPOS="2234" VPOS="1397" WIDTH="52" HEIGHT="43" CONTENT="de" WC="0.86" CC="02"/>
						<SP ID="P146_SP00163" HPOS="2286" VPOS="1453" WIDTH="29"/>
						<String ID="P146_ST00180" HPOS="2315" VPOS="1397" WIDTH="197" HEIGHT="58" CONTENT="Béziers," WC="0.71" CC="67360000"/>
						<SP ID="P146_SP00164" HPOS="2512" VPOS="1455" WIDTH="28"/>
						<String ID="P146_ST00181" HPOS="2540" VPOS="1399" WIDTH="22" HEIGHT="44" CONTENT="à" WC="0.43" CC="5"/>
						<SP ID="P146_SP00165" HPOS="2562" VPOS="1455" WIDTH="27"/>
						<String ID="P146_ST00182" HPOS="2589" VPOS="1398" WIDTH="154" HEIGHT="45" CONTENT="l'hôtel" WC="0.98" CC="3405025"/>
					</TextLine>
					<TextLine ID="P146_TL00017" HPOS="275" VPOS="1461" WIDTH="2467" HEIGHT="62">
						<String ID="P146_ST00183" HPOS="275" VPOS="1462" WIDTH="165" HEIGHT="61" CONTENT="Mayol" WC="0.88" CC="00005"/>
						<SP ID="P146_SP00166" HPOS="440" VPOS="1523" WIDTH="27"/>
						<String ID="P146_ST00184" HPOS="467" VPOS="1461" WIDTH="189" HEIGHT="62" CONTENT="n'ayant" WC="0.98" CC="0490089"/>
						<SP ID="P146_SP00167" HPOS="656" VPOS="1523" WIDTH="28"/>
						<String ID="P146_ST00185" HPOS="684" VPOS="1479" WIDTH="74" HEIGHT="41" CONTENT="pas" WC="1.00" CC="000"/>
						<SP ID="P146_SP00168" HPOS="758" VPOS="1523" WIDTH="28"/>
						<String ID="P146_ST00186" HPOS="786" VPOS="1462" WIDTH="125" HEIGHT="43" CONTENT="brûlé" WC="0.97" CC="20617"/>
						<SP ID="P146_SP00169" HPOS="911" VPOS="1523" WIDTH="28"/>
						<String ID="P146_ST00187" HPOS="939" VPOS="1472" WIDTH="100" HEIGHT="33" CONTENT="tout" WC="0.99" CC="0400"/>
						<SP ID="P146_SP00170" HPOS="1039" VPOS="1523" WIDTH="29"/>
						<String ID="P146_ST00188" HPOS="1068" VPOS="1462" WIDTH="38" HEIGHT="43" CONTENT="le" WC="0.79" CC="40"/>
						<SP ID="P146_SP00171" HPOS="1106" VPOS="1523" WIDTH="30"/>
						<String ID="P146_ST00189" HPOS="1136" VPOS="1463" WIDTH="92" HEIGHT="43" CONTENT="bois" WC="0.99" CC="0020"/>
						<SP ID="P146_SP00172" HPOS="1228" VPOS="1523" WIDTH="26"/>
						<String ID="P146_ST00190" HPOS="1254" VPOS="1462" WIDTH="292" HEIGHT="58" CONTENT="commandé," WC="0.99" CC="500000074"/>
						<SP ID="P146_SP00173" HPOS="1546" VPOS="1523" WIDTH="28"/>
						<String ID="P146_ST00191" HPOS="1574" VPOS="1462" WIDTH="52" HEIGHT="44" CONTENT="fit" WC="0.98" CC="220"/>
						<SP ID="P146_SP00174" HPOS="1626" VPOS="1523" WIDTH="35"/>
						<String ID="P146_ST00192" HPOS="1661" VPOS="1463" WIDTH="180" HEIGHT="59" CONTENT="appeler" WC="1.00" CC="0000010"/>
						<SP ID="P146_SP00175" HPOS="1841" VPOS="1523" WIDTH="27"/>
						<String ID="P146_ST00193" HPOS="1868" VPOS="1463" WIDTH="40" HEIGHT="44" CONTENT="la" WC="0.76" CC="40"/>
						<SP ID="P146_SP00176" HPOS="1908" VPOS="1523" WIDTH="29"/>
						<String ID="P146_ST00194" HPOS="1937" VPOS="1463" WIDTH="347" HEIGHT="46" CONTENT="Charbonnière" WC="1.00" CC="000300000700"/>
						<SP ID="P146_SP00177" HPOS="2284" VPOS="1523" WIDTH="28"/>
						<String ID="P146_ST00195" HPOS="2312" VPOS="1465" WIDTH="271" HEIGHT="46" CONTENT="Blanchette" WC="0.66" CC="5487330000"/>
						<SP ID="P146_SP00178" HPOS="2583" VPOS="1523" WIDTH="29"/>
						<String ID="P146_ST00196" HPOS="2612" VPOS="1479" WIDTH="43" HEIGHT="32" CONTENT="et" WC="1.00" CC="00"/>
						<SP ID="P146_SP00179" HPOS="2655" VPOS="1523" WIDTH="26"/>
						<String ID="P146_ST00197" HPOS="2681" VPOS="1467" WIDTH="61" HEIGHT="45" CONTENT="lui" WC="0.95" CC="706"/>
					</TextLine>
					<TextLine ID="P146_TL00018" HPOS="273" VPOS="1531" WIDTH="97" HEIGHT="44">
						<String ID="P146_ST00198" HPOS="273" VPOS="1531" WIDTH="63" HEIGHT="43" CONTENT="dit" WC="0.99" CC="010"/>
						<SP ID="P146_SP00180" HPOS="336" VPOS="1574" WIDTH="26"/>
						<String ID="P146_ST00199" HPOS="362" VPOS="1547" WIDTH="8" HEIGHT="28" CONTENT=":" WC="0.87" CC="1"/>
					</TextLine>
					<TextLine ID="P146_TL00019" HPOS="504" VPOS="1599" WIDTH="1492" HEIGHT="60">
						<String ID="P146_ST00200" HPOS="504" VPOS="1599" WIDTH="242" HEIGHT="59" CONTENT="Reprenez" WC="0.99" CC="70000005"/>
						<SP ID="P146_SP00181" HPOS="746" VPOS="1658" WIDTH="26"/>
						<String ID="P146_ST00201" HPOS="772" VPOS="1616" WIDTH="51" HEIGHT="27" CONTENT="ce" WC="0.66" CC="33"/>
						<SP ID="P146_SP00182" HPOS="823" VPOS="1658" WIDTH="28"/>
						<String ID="P146_ST00202" HPOS="851" VPOS="1601" WIDTH="93" HEIGHT="42" CONTENT="bois" WC="0.98" CC="4060"/>
						<SP ID="P146_SP00183" HPOS="944" VPOS="1658" WIDTH="27"/>
						<String ID="P146_ST00203" HPOS="971" VPOS="1613" WIDTH="43" HEIGHT="30" CONTENT="et" WC="0.66" CC="06"/>
						<SP ID="P146_SP00184" HPOS="1014" VPOS="1658" WIDTH="28"/>
						<String ID="P146_ST00204" HPOS="1042" VPOS="1611" WIDTH="134" HEIGHT="33" CONTENT="tenez" WC="0.98" CC="00722"/>
						<SP ID="P146_SP00185" HPOS="1176" VPOS="1658" WIDTH="35"/>
						<String ID="P146_ST00205" HPOS="1211" VPOS="1599" WIDTH="124" HEIGHT="45" CONTENT="m'en" WC="0.99" CC="0400"/>
						<SP ID="P146_SP00186" HPOS="1335" VPOS="1658" WIDTH="28"/>
						<String ID="P146_ST00206" HPOS="1363" VPOS="1612" WIDTH="183" HEIGHT="47" CONTENT="compte" WC="1.00" CC="400000"/>
						<SP ID="P146_SP00187" HPOS="1546" VPOS="1659" WIDTH="27"/>
						<String ID="P146_ST00207" HPOS="1573" VPOS="1617" WIDTH="73" HEIGHT="27" CONTENT="sur" WC="0.98" CC="006"/>
						<SP ID="P146_SP00188" HPOS="1646" VPOS="1659" WIDTH="28"/>
						<String ID="P146_ST00208" HPOS="1674" VPOS="1617" WIDTH="74" HEIGHT="27" CONTENT="ma" WC="1.00" CC="00"/>
						<SP ID="P146_SP00189" HPOS="1748" VPOS="1659" WIDTH="26"/>
						<String ID="P146_ST00209" HPOS="1774" VPOS="1601" WIDTH="222" HEIGHT="45" CONTENT="facture..." WC="1.00" CC="0004000033"/>
					</TextLine>
					<TextLine ID="P146_TL00020" HPOS="413" VPOS="1667" WIDTH="2327" HEIGHT="65">
						<String ID="P146_ST00210" HPOS="413" VPOS="1669" WIDTH="131" HEIGHT="43" CONTENT="Nous" WC="0.99" CC="0050"/>
						<SP ID="P146_SP00190" HPOS="544" VPOS="1712" WIDTH="20"/>
						<String ID="P146_ST00211" HPOS="564" VPOS="1685" WIDTH="138" HEIGHT="27" CONTENT="avons" WC="1.00" CC="00000"/>
						<SP ID="P146_SP00191" HPOS="702" VPOS="1712" WIDTH="21"/>
						<String ID="P146_ST00212" HPOS="723" VPOS="1668" WIDTH="120" HEIGHT="58" CONTENT="parlé" WC="0.98" CC="00038"/>
						<SP ID="P146_SP00192" HPOS="843" VPOS="1726" WIDTH="22"/>
						<String ID="P146_ST00213" HPOS="865" VPOS="1669" WIDTH="53" HEIGHT="43" CONTENT="de" WC="1.00" CC="00"/>
						<SP ID="P146_SP00193" HPOS="918" VPOS="1726" WIDTH="22"/>
						<String ID="P146_ST00214" HPOS="940" VPOS="1668" WIDTH="41" HEIGHT="44" CONTENT="la" WC="1.00" CC="00"/>
						<SP ID="P146_SP00194" HPOS="981" VPOS="1726" WIDTH="20"/>
						<String ID="P146_ST00215" HPOS="1001" VPOS="1667" WIDTH="253" HEIGHT="61" CONTENT="générosité" WC="0.99" CC="0786000608"/>
						<SP ID="P146_SP00195" HPOS="1254" VPOS="1728" WIDTH="22"/>
						<String ID="P146_ST00216" HPOS="1276" VPOS="1669" WIDTH="54" HEIGHT="44" CONTENT="de" WC="1.00" CC="00"/>
						<SP ID="P146_SP00196" HPOS="1330" VPOS="1728" WIDTH="22"/>
						<String ID="P146_ST00217" HPOS="1352" VPOS="1669" WIDTH="164" HEIGHT="62" CONTENT="Mayol" WC="0.91" CC="00004"/>
						<SP ID="P146_SP00197" HPOS="1516" VPOS="1731" WIDTH="26"/>
						<String ID="P146_ST00218" HPOS="1542" VPOS="1686" WIDTH="8" HEIGHT="28" CONTENT=":" WC="0.44" CC="5"/>
						<SP ID="P146_SP00198" HPOS="1550" VPOS="1731" WIDTH="31"/>
						<String ID="P146_ST00219" HPOS="1581" VPOS="1669" WIDTH="186" HEIGHT="46" CONTENT="Surtout" WC="0.99" CC="0602343"/>
						<SP ID="P146_SP00199" HPOS="1767" VPOS="1731" WIDTH="21"/>
						<String ID="P146_ST00220" HPOS="1788" VPOS="1669" WIDTH="214" HEIGHT="45" CONTENT="excercée" WC="0.92" CC="00000060"/>
						<SP ID="P146_SP00200" HPOS="2002" VPOS="1731" WIDTH="19"/>
						<String ID="P146_ST00221" HPOS="2021" VPOS="1671" WIDTH="110" HEIGHT="44" CONTENT="dans" WC="0.97" CC="0780"/>
						<SP ID="P146_SP00201" HPOS="2131" VPOS="1731" WIDTH="19"/>
						<String ID="P146_ST00222" HPOS="2150" VPOS="1689" WIDTH="63" HEIGHT="26" CONTENT="un" WC="0.64" CC="07"/>
						<SP ID="P146_SP00202" HPOS="2213" VPOS="1731" WIDTH="23"/>
						<String ID="P146_ST00223" HPOS="2236" VPOS="1672" WIDTH="145" HEIGHT="44" CONTENT="cercle" WC="0.98" CC="077045"/>
						<SP ID="P146_SP00203" HPOS="2381" VPOS="1731" WIDTH="22"/>
						<String ID="P146_ST00224" HPOS="2403" VPOS="1673" WIDTH="337" HEIGHT="59" CONTENT="professionnel," WC="1.00" CC="00080000098014"/>
					</TextLine>
					<TextLine ID="P146_TL00021" HPOS="273" VPOS="1737" WIDTH="2469" HEIGHT="64">
						<String ID="P146_ST00225" HPOS="273" VPOS="1737" WIDTH="85" HEIGHT="44" CONTENT="elle" WC="0.98" CC="0440"/>
						<SP ID="P146_SP00204" HPOS="358" VPOS="1781" WIDTH="38"/>
						<String ID="P146_ST00226" HPOS="396" VPOS="1737" WIDTH="263" HEIGHT="44" CONTENT="atteindrait" WC="0.99" CC="80027000720"/>
						<SP ID="P146_SP00205" HPOS="659" VPOS="1781" WIDTH="35"/>
						<String ID="P146_ST00227" HPOS="694" VPOS="1737" WIDTH="197" HEIGHT="59" CONTENT="paraît-il" WC="1.00" CC="000050330"/>
						<SP ID="P146_SP00206" HPOS="891" VPOS="1796" WIDTH="40"/>
						<String ID="P146_ST00228" HPOS="931" VPOS="1737" WIDTH="75" HEIGHT="44" CONTENT="des" WC="1.00" CC="000"/>
						<SP ID="P146_SP00207" HPOS="1006" VPOS="1796" WIDTH="37"/>
						<String ID="P146_ST00229" HPOS="1043" VPOS="1739" WIDTH="287" HEIGHT="57" CONTENT="proportions" WC="1.00" CC="00580050000"/>
						<SP ID="P146_SP00208" HPOS="1330" VPOS="1796" WIDTH="41"/>
						<String ID="P146_ST00230" HPOS="1371" VPOS="1738" WIDTH="424" HEIGHT="45" CONTENT="invraisemblables." WC="1.00" CC="35000402003834003"/>
						<SP ID="P146_SP00209" HPOS="1795" VPOS="1796" WIDTH="31"/>
						<String ID="P146_ST00231" HPOS="1826" VPOS="1739" WIDTH="159" HEIGHT="61" CONTENT="Ayant" WC="1.00" CC="00000"/>
						<SP ID="P146_SP00210" HPOS="1985" VPOS="1800" WIDTH="27"/>
						<String ID="P146_ST00232" HPOS="2012" VPOS="1756" WIDTH="56" HEIGHT="27" CONTENT="eu" WC="0.93" CC="10"/>
						<SP ID="P146_SP00211" HPOS="2068" VPOS="1800" WIDTH="39"/>
						<String ID="P146_ST00233" HPOS="2107" VPOS="1739" WIDTH="41" HEIGHT="45" CONTENT="la" WC="1.00" CC="00"/>
						<SP ID="P146_SP00212" HPOS="2148" VPOS="1800" WIDTH="36"/>
						<String ID="P146_ST00234" HPOS="2184" VPOS="1740" WIDTH="199" HEIGHT="45" CONTENT="faiblesse" WC="1.00" CC="004020002"/>
						<SP ID="P146_SP00213" HPOS="2383" VPOS="1800" WIDTH="40"/>
						<String ID="P146_ST00235" HPOS="2423" VPOS="1742" WIDTH="53" HEIGHT="43" CONTENT="de" WC="1.00" CC="00"/>
						<SP ID="P146_SP00214" HPOS="2476" VPOS="1800" WIDTH="38"/>
						<String ID="P146_ST00236" HPOS="2514" VPOS="1743" WIDTH="145" HEIGHT="58" CONTENT="prêter" WC="1.00" CC="004000"/>
						<SP ID="P146_SP00215" HPOS="2659" VPOS="1801" WIDTH="39"/>
						<String ID="P146_ST00237" HPOS="2698" VPOS="1760" WIDTH="44" HEIGHT="27" CONTENT="sa" WC="0.51" CC="09"/>
					</TextLine>
					<TextLine ID="P146_TL00022" HPOS="275" VPOS="1806" WIDTH="2468" HEIGHT="61">
						<String ID="P146_ST00238" HPOS="275" VPOS="1807" WIDTH="228" HEIGHT="59" CONTENT="baignoire" WC="1.00" CC="005070000"/>
						<SP ID="P146_SP00216" HPOS="503" VPOS="1866" WIDTH="27"/>
						<String ID="P146_ST00239" HPOS="530" VPOS="1806" WIDTH="24" HEIGHT="44" CONTENT="à" WC="0.37" CC="6"/>
						<SP ID="P146_SP00217" HPOS="554" VPOS="1866" WIDTH="28"/>
						<String ID="P146_ST00240" HPOS="582" VPOS="1823" WIDTH="61" HEIGHT="27" CONTENT="un" WC="0.57" CC="08"/>
						<SP ID="P146_SP00218" HPOS="643" VPOS="1866" WIDTH="28"/>
						<String ID="P146_ST00241" HPOS="671" VPOS="1823" WIDTH="166" HEIGHT="41" CONTENT="pauvre" WC="0.99" CC="005040"/>
						<SP ID="P146_SP00219" HPOS="837" VPOS="1866" WIDTH="26"/>
						<String ID="P146_ST00242" HPOS="863" VPOS="1807" WIDTH="248" HEIGHT="43" CONTENT="marchand" WC="0.98" CC="99024070"/>
						<SP ID="P146_SP00220" HPOS="1111" VPOS="1866" WIDTH="30"/>
						<String ID="P146_ST00243" HPOS="1141" VPOS="1806" WIDTH="52" HEIGHT="44" CONTENT="de" WC="1.00" CC="00"/>
						<SP ID="P146_SP00221" HPOS="1193" VPOS="1866" WIDTH="23"/>
						<String ID="P146_ST00244" HPOS="1216" VPOS="1824" WIDTH="324" HEIGHT="43" CONTENT="programmes," WC="1.00" CC="04000000004"/>
						<SP ID="P146_SP00222" HPOS="1540" VPOS="1867" WIDTH="29"/>
						<String ID="P146_ST00245" HPOS="1569" VPOS="1806" WIDTH="182" HEIGHT="45" CONTENT="celui-ci" WC="0.99" CC="00407000"/>
						<SP ID="P146_SP00223" HPOS="1751" VPOS="1867" WIDTH="29"/>
						<String ID="P146_ST00246" HPOS="1780" VPOS="1824" WIDTH="57" HEIGHT="27" CONTENT="en" WC="0.62" CC="07"/>
						<SP ID="P146_SP00224" HPOS="1837" VPOS="1867" WIDTH="36"/>
						<String ID="P146_ST00247" HPOS="1873" VPOS="1808" WIDTH="86" HEIGHT="58" CONTENT="prit" WC="0.99" CC="0013"/>
						<SP ID="P146_SP00225" HPOS="1959" VPOS="1867" WIDTH="26"/>
						<String ID="P146_ST00248" HPOS="1985" VPOS="1825" WIDTH="90" HEIGHT="26" CONTENT="une" WC="0.97" CC="070"/>
						<SP ID="P146_SP00226" HPOS="2075" VPOS="1867" WIDTH="28"/>
						<String ID="P146_ST00249" HPOS="2103" VPOS="1810" WIDTH="222" HEIGHT="43" CONTENT="excessive" WC="0.99" CC="205100502"/>
						<SP ID="P146_SP00227" HPOS="2325" VPOS="1867" WIDTH="28"/>
						<String ID="P146_ST00250" HPOS="2353" VPOS="1811" WIDTH="227" HEIGHT="44" CONTENT="habitude." WC="0.99" CC="000706004"/>
						<SP ID="P146_SP00228" HPOS="2580" VPOS="1867" WIDTH="29"/>
						<String ID="P146_ST00251" HPOS="2609" VPOS="1811" WIDTH="134" HEIGHT="44" CONTENT="Alors" WC="0.99" CC="50000"/>
					</TextLine>
					<TextLine ID="P146_TL00023" HPOS="273" VPOS="1874" WIDTH="2465" HEIGHT="62">
						<String ID="P146_ST00252" HPOS="273" VPOS="1874" WIDTH="196" HEIGHT="62" CONTENT="tyranisé" WC="0.65" CC="60008606"/>
						<SP ID="P146_SP00229" HPOS="469" VPOS="1936" WIDTH="27"/>
						<String ID="P146_ST00253" HPOS="496" VPOS="1891" WIDTH="76" HEIGHT="42" CONTENT="par" WC="1.00" CC="000"/>
						<SP ID="P146_SP00230" HPOS="572" VPOS="1936" WIDTH="26"/>
						<String ID="P146_ST00254" HPOS="598" VPOS="1891" WIDTH="79" HEIGHT="28" CONTENT="son" WC="0.95" CC="067"/>
						<SP ID="P146_SP00231" HPOS="677" VPOS="1936" WIDTH="45"/>
						<String ID="P146_ST00255" HPOS="722" VPOS="1876" WIDTH="89" HEIGHT="42" CONTENT="bon" WC="1.00" CC="000"/>
						<SP ID="P146_SP00232" HPOS="811" VPOS="1936" WIDTH="27"/>
						<String ID="P146_ST00256" HPOS="838" VPOS="1891" WIDTH="129" HEIGHT="28" CONTENT="cœur" WC="0.98" CC="4060"/>
						<SP ID="P146_SP00233" HPOS="967" VPOS="1936" WIDTH="26"/>
						<String ID="P146_ST00257" HPOS="993" VPOS="1874" WIDTH="40" HEIGHT="44" CONTENT="le" WC="0.86" CC="20"/>
						<SP ID="P146_SP00234" HPOS="1033" VPOS="1936" WIDTH="27"/>
						<String ID="P146_ST00258" HPOS="1060" VPOS="1874" WIDTH="177" HEIGHT="45" CONTENT="célèbre" WC="0.98" CC="4708001"/>
						<SP ID="P146_SP00235" HPOS="1237" VPOS="1936" WIDTH="27"/>
						<String ID="P146_ST00259" HPOS="1264" VPOS="1877" WIDTH="222" HEIGHT="42" CONTENT="chanteur" WC="1.00" CC="06000100"/>
						<SP ID="P146_SP00236" HPOS="1486" VPOS="1936" WIDTH="27"/>
						<String ID="P146_ST00260" HPOS="1513" VPOS="1875" WIDTH="250" HEIGHT="46" CONTENT="n'aurait-il" WC="1.00" CC="04000000405"/>
						<SP ID="P146_SP00237" HPOS="1763" VPOS="1936" WIDTH="29"/>
						<String ID="P146_ST00261" HPOS="1792" VPOS="1893" WIDTH="73" HEIGHT="42" CONTENT="pas" WC="1.00" CC="000"/>
						<SP ID="P146_SP00238" HPOS="1865" VPOS="1936" WIDTH="33"/>
						<String ID="P146_ST00262" HPOS="1898" VPOS="1888" WIDTH="193" HEIGHT="32" CONTENT="souvent" WC="0.99" CC="0070006"/>
						<SP ID="P146_SP00239" HPOS="2091" VPOS="1936" WIDTH="28"/>
						<String ID="P146_ST00263" HPOS="2119" VPOS="1877" WIDTH="59" HEIGHT="44" CONTENT="du" WC="1.00" CC="00"/>
						<SP ID="P146_SP00240" HPOS="2178" VPOS="1936" WIDTH="34"/>
						<String ID="P146_ST00264" HPOS="2212" VPOS="1879" WIDTH="294" HEIGHT="44" CONTENT="abandonner" WC="1.00" CC="0000008600"/>
						<SP ID="P146_SP00241" HPOS="2506" VPOS="1936" WIDTH="25"/>
						<String ID="P146_ST00265" HPOS="2531" VPOS="1897" WIDTH="80" HEIGHT="27" CONTENT="son" WC="0.98" CC="040"/>
						<SP ID="P146_SP00242" HPOS="2611" VPOS="1936" WIDTH="28"/>
						<String ID="P146_ST00266" HPOS="2639" VPOS="1881" WIDTH="99" HEIGHT="43" CONTENT="bien" WC="0.96" CC="6308"/>
					</TextLine>
					<TextLine ID="P146_TL00024" HPOS="273" VPOS="1943" WIDTH="770" HEIGHT="60">
						<String ID="P146_ST00267" HPOS="273" VPOS="1960" WIDTH="112" HEIGHT="41" CONTENT="pour" WC="0.96" CC="0585"/>
						<SP ID="P146_SP00243" HPOS="385" VPOS="2001" WIDTH="27"/>
						<String ID="P146_ST00268" HPOS="412" VPOS="1943" WIDTH="107" HEIGHT="44" CONTENT="aller" WC="1.00" CC="01200"/>
						<SP ID="P146_SP00244" HPOS="519" VPOS="2001" WIDTH="25"/>
						<String ID="P146_ST00269" HPOS="544" VPOS="1960" WIDTH="44" HEIGHT="27" CONTENT="se" WC="1.00" CC="00"/>
						<SP ID="P146_SP00245" HPOS="588" VPOS="2001" WIDTH="29"/>
						<String ID="P146_ST00270" HPOS="617" VPOS="1944" WIDTH="185" HEIGHT="59" CONTENT="baigner" WC="0.99" CC="0050800"/>
						<SP ID="P146_SP00246" HPOS="802" VPOS="2003" WIDTH="25"/>
						<String ID="P146_ST00271" HPOS="827" VPOS="1943" WIDTH="179" HEIGHT="45" CONTENT="ailleurs" WC="1.00" CC="00000000"/>
						<SP ID="P146_SP00247" HPOS="1006" VPOS="2003" WIDTH="24"/>
						<String ID="P146_ST00272" HPOS="1030" VPOS="1957" WIDTH="13" HEIGHT="30" CONTENT="r" WC="0.18" CC="8"/>
					</TextLine>
					<TextLine ID="P146_TL00025" HPOS="411" VPOS="2011" WIDTH="2326" HEIGHT="67">
						<String ID="P146_ST00273" HPOS="411" VPOS="2011" WIDTH="175" HEIGHT="45" CONTENT="Enfant" WC="0.99" CC="070070"/>
						<SP ID="P146_SP00248" HPOS="586" VPOS="2056" WIDTH="28"/>
						<String ID="P146_ST00274" HPOS="614" VPOS="2012" WIDTH="121" HEIGHT="44" CONTENT="chéri" WC="0.98" CC="05704"/>
						<SP ID="P146_SP00249" HPOS="735" VPOS="2056" WIDTH="29"/>
						<String ID="P146_ST00275" HPOS="764" VPOS="2012" WIDTH="59" HEIGHT="43" CONTENT="du" WC="0.70" CC="05"/>
						<SP ID="P146_SP00250" HPOS="823" VPOS="2056" WIDTH="29"/>
						<String ID="P146_ST00276" HPOS="852" VPOS="2012" WIDTH="326" HEIGHT="45" CONTENT="Café-concert" WC="0.99" CC="000630570100"/>
						<SP ID="P146_SP00251" HPOS="1178" VPOS="2057" WIDTH="26"/>
						<String ID="P146_ST00277" HPOS="1204" VPOS="2024" WIDTH="45" HEIGHT="33" CONTENT="et" WC="0.80" CC="03"/>
						<SP ID="P146_SP00252" HPOS="1249" VPOS="2057" WIDTH="27"/>
						<String ID="P146_ST00278" HPOS="1276" VPOS="2013" WIDTH="53" HEIGHT="44" CONTENT="de" WC="0.99" CC="00"/>
						<SP ID="P146_SP00253" HPOS="1329" VPOS="2057" WIDTH="28"/>
						<String ID="P146_ST00279" HPOS="1357" VPOS="2031" WIDTH="72" HEIGHT="26" CONTENT="ces" WC="0.99" CC="100"/>
						<SP ID="P146_SP00254" HPOS="1429" VPOS="2057" WIDTH="25"/>
						<String ID="P146_ST00280" HPOS="1454" VPOS="2013" WIDTH="211" HEIGHT="61" CONTENT="guignols" WC="0.99" CC="05708500"/>
						<SP ID="P146_SP00255" HPOS="1665" VPOS="2074" WIDTH="25"/>
						<String ID="P146_ST00281" HPOS="1690" VPOS="2015" WIDTH="75" HEIGHT="57" CONTENT="qui" WC="0.98" CC="005"/>
						<SP ID="P146_SP00256" HPOS="1765" VPOS="2074" WIDTH="46"/>
						<String ID="P146_ST00282" HPOS="1811" VPOS="2026" WIDTH="102" HEIGHT="31" CONTENT="sont" WC="0.99" CC="0060"/>
						<SP ID="P146_SP00257" HPOS="1913" VPOS="2074" WIDTH="27"/>
						<String ID="P146_ST00283" HPOS="1940" VPOS="2013" WIDTH="61" HEIGHT="44" CONTENT="les" WC="0.97" CC="330"/>
						<SP ID="P146_SP00258" HPOS="2001" VPOS="2074" WIDTH="21"/>
						<String ID="P146_ST00284" HPOS="2022" VPOS="2015" WIDTH="262" HEIGHT="58" CONTENT="tribunaux," WC="0.99" CC="6050070604"/>
						<SP ID="P146_SP00259" HPOS="2284" VPOS="2074" WIDTH="30"/>
						<String ID="P146_ST00285" HPOS="2314" VPOS="2016" WIDTH="163" HEIGHT="62" CONTENT="Mayol" WC="0.88" CC="00005"/>
						<SP ID="P146_SP00260" HPOS="2477" VPOS="2078" WIDTH="26"/>
						<String ID="P146_ST00286" HPOS="2503" VPOS="2018" WIDTH="117" HEIGHT="43" CONTENT="aime" WC="0.99" CC="0400"/>
						<SP ID="P146_SP00261" HPOS="2620" VPOS="2078" WIDTH="25"/>
						<String ID="P146_ST00287" HPOS="2645" VPOS="2017" WIDTH="92" HEIGHT="44" CONTENT="s'en" WC="0.97" CC="0438"/>
					</TextLine>
					<TextLine ID="P146_TL00026" HPOS="272" VPOS="2080" WIDTH="2466" HEIGHT="64">
						<String ID="P146_ST00288" HPOS="272" VPOS="2097" WIDTH="177" HEIGHT="42" CONTENT="reposer" WC="1.00" CC="0100010"/>
						<SP ID="P146_SP00262" HPOS="449" VPOS="2139" WIDTH="36"/>
						<String ID="P146_ST00289" HPOS="485" VPOS="2098" WIDTH="58" HEIGHT="27" CONTENT="au" WC="1.00" CC="00"/>
						<SP ID="P146_SP00263" HPOS="543" VPOS="2139" WIDTH="26"/>
						<String ID="P146_ST00290" HPOS="569" VPOS="2082" WIDTH="149" HEIGHT="43" CONTENT="moins" WC="0.98" CC="10670"/>
						<SP ID="P146_SP00264" HPOS="718" VPOS="2139" WIDTH="26"/>
						<String ID="P146_ST00291" HPOS="744" VPOS="2098" WIDTH="91" HEIGHT="27" CONTENT="une" WC="0.94" CC="770"/>
						<SP ID="P146_SP00265" HPOS="835" VPOS="2139" WIDTH="21"/>
						<String ID="P146_ST00292" HPOS="856" VPOS="2081" WIDTH="82" HEIGHT="44" CONTENT="fois" WC="0.98" CC="0250"/>
						<SP ID="P146_SP00266" HPOS="938" VPOS="2139" WIDTH="38"/>
						<String ID="P146_ST00293" HPOS="976" VPOS="2080" WIDTH="90" HEIGHT="45" CONTENT="l'an" WC="0.97" CC="2470"/>
						<SP ID="P146_SP00267" HPOS="1066" VPOS="2139" WIDTH="29"/>
						<String ID="P146_ST00294" HPOS="1095" VPOS="2082" WIDTH="109" HEIGHT="44" CONTENT="dans" WC="0.97" CC="0660"/>
						<SP ID="P146_SP00268" HPOS="1204" VPOS="2139" WIDTH="26"/>
						<String ID="P146_ST00295" HPOS="1230" VPOS="2081" WIDTH="42" HEIGHT="45" CONTENT="la" WC="1.00" CC="00"/>
						<SP ID="P146_SP00269" HPOS="1272" VPOS="2139" WIDTH="24"/>
						<String ID="P146_ST00296" HPOS="1296" VPOS="2081" WIDTH="283" HEIGHT="61" CONTENT="villégiature" WC="1.00" CC="031070200040"/>
						<SP ID="P146_SP00270" HPOS="1579" VPOS="2142" WIDTH="41"/>
						<String ID="P146_ST00297" HPOS="1620" VPOS="2081" WIDTH="295" HEIGHT="45" CONTENT="méridionale" WC="0.99" CC="08650608051"/>
						<SP ID="P146_SP00271" HPOS="1915" VPOS="2142" WIDTH="28"/>
						<String ID="P146_ST00298" HPOS="1943" VPOS="2083" WIDTH="53" HEIGHT="43" CONTENT="de" WC="0.97" CC="00"/>
						<SP ID="P146_SP00272" HPOS="1996" VPOS="2142" WIDTH="40"/>
						<String ID="P146_ST00299" HPOS="2036" VPOS="2099" WIDTH="45" HEIGHT="28" CONTENT="sa" WC="1.00" CC="00"/>
						<SP ID="P146_SP00273" HPOS="2081" VPOS="2142" WIDTH="26"/>
						<String ID="P146_ST00300" HPOS="2107" VPOS="2083" WIDTH="104" HEIGHT="45" CONTENT="villa" WC="0.97" CC="04049"/>
						<SP ID="P146_SP00274" HPOS="2211" VPOS="2142" WIDTH="27"/>
						<String ID="P146_ST00301" HPOS="2238" VPOS="2085" WIDTH="144" HEIGHT="45" CONTENT="Félix." WC="0.99" CC="080304"/>
						<SP ID="P146_SP00275" HPOS="2382" VPOS="2142" WIDTH="42"/>
						<String ID="P146_ST00302" HPOS="2424" VPOS="2085" WIDTH="82" HEIGHT="59" CONTENT="Là," WC="0.94" CC="754"/>
						<SP ID="P146_SP00276" HPOS="2506" VPOS="2144" WIDTH="28"/>
						<String ID="P146_ST00303" HPOS="2534" VPOS="2086" WIDTH="204" HEIGHT="44" CONTENT="surveille" WC="0.99" CC="000056740"/>
					</TextLine>
					<TextLine ID="P146_TL00027" HPOS="273" VPOS="2149" WIDTH="2465" HEIGHT="62">
						<String ID="P146_ST00304" HPOS="273" VPOS="2163" WIDTH="400" HEIGHT="31" CONTENT="amoureusement" WC="1.00" CC="0026006000000"/>
						<SP ID="P146_SP00277" HPOS="673" VPOS="2194" WIDTH="25"/>
						<String ID="P146_ST00305" HPOS="698" VPOS="2166" WIDTH="46" HEIGHT="28" CONTENT="sa" WC="1.00" CC="00"/>
						<SP ID="P146_SP00278" HPOS="744" VPOS="2194" WIDTH="25"/>
						<String ID="P146_ST00306" HPOS="769" VPOS="2151" WIDTH="150" HEIGHT="59" CONTENT="vigne." WC="0.98" CC="070804"/>
						<SP ID="P146_SP00279" HPOS="919" VPOS="2210" WIDTH="39"/>
						<String ID="P146_ST00307" HPOS="958" VPOS="2149" WIDTH="119" HEIGHT="45" CONTENT="Pour" WC="0.96" CC="6570"/>
						<SP ID="P146_SP00280" HPOS="1077" VPOS="2210" WIDTH="28"/>
						<String ID="P146_ST00308" HPOS="1105" VPOS="2151" WIDTH="61" HEIGHT="44" CONTENT="les" WC="1.00" CC="000"/>
						<SP ID="P146_SP00281" HPOS="1166" VPOS="2210" WIDTH="29"/>
						<String ID="P146_ST00309" HPOS="1195" VPOS="2152" WIDTH="113" HEIGHT="43" CONTENT="amis" WC="0.99" CC="0030"/>
						<SP ID="P146_SP00282" HPOS="1308" VPOS="2210" WIDTH="117"/>
						<String ID="P146_ST00310" HPOS="1425" VPOS="2163" WIDTH="160" HEIGHT="33" CONTENT="autant" WC="0.99" CC="004004"/>
						<SP ID="P146_SP00283" HPOS="1585" VPOS="2210" WIDTH="26"/>
						<String ID="P146_ST00311" HPOS="1611" VPOS="2169" WIDTH="87" HEIGHT="42" CONTENT="que" WC="0.97" CC="060"/>
						<SP ID="P146_SP00284" HPOS="1698" VPOS="2211" WIDTH="28"/>
						<String ID="P146_ST00312" HPOS="1726" VPOS="2168" WIDTH="113" HEIGHT="43" CONTENT="pour" WC="1.00" CC="0000"/>
						<SP ID="P146_SP00285" HPOS="1839" VPOS="2211" WIDTH="26"/>
						<String ID="P146_ST00313" HPOS="1865" VPOS="2151" WIDTH="242" HEIGHT="44" CONTENT="lui-même" WC="0.99" CC="04440803"/>
						<SP ID="P146_SP00286" HPOS="2107" VPOS="2211" WIDTH="120"/>
						<String ID="P146_ST00314" HPOS="2227" VPOS="2154" WIDTH="322" HEIGHT="44" CONTENT="confectionne" WC="1.00" CC="000000004770"/>
						<SP ID="P146_SP00287" HPOS="2549" VPOS="2211" WIDTH="27"/>
						<String ID="P146_ST00315" HPOS="2576" VPOS="2172" WIDTH="162" HEIGHT="27" CONTENT="encore" WC="0.98" CC="070661"/>
					</TextLine>
					<TextLine ID="P146_TL00028" HPOS="273" VPOS="2215" WIDTH="2462" HEIGHT="65">
						<String ID="P146_ST00316" HPOS="273" VPOS="2215" WIDTH="134" HEIGHT="47" CONTENT="l'àioli" WC="0.68" CC="6473000"/>
						<SP ID="P146_SP00288" HPOS="407" VPOS="2262" WIDTH="121"/>
						<String ID="P146_ST00317" HPOS="528" VPOS="2218" WIDTH="39" HEIGHT="44" CONTENT="le" WC="0.66" CC="60"/>
						<SP ID="P146_SP00289" HPOS="567" VPOS="2262" WIDTH="29"/>
						<String ID="P146_ST00318" HPOS="596" VPOS="2219" WIDTH="232" HEIGHT="61" CONTENT="May...oli" WC="0.75" CC="000444054"/>
						<SP ID="P146_SP00290" HPOS="828" VPOS="2280" WIDTH="21"/>
						<String ID="P146_ST00319" HPOS="849" VPOS="2236" WIDTH="191" HEIGHT="27" CONTENT="—avec" WC="0.98" CC="80050"/>
						<SP ID="P146_SP00291" HPOS="1040" VPOS="2280" WIDTH="23"/>
						<String ID="P146_ST00320" HPOS="1063" VPOS="2232" WIDTH="99" HEIGHT="31" CONTENT="tout" WC="0.99" CC="0060"/>
						<SP ID="P146_SP00292" HPOS="1162" VPOS="2280" WIDTH="19"/>
						<String ID="P146_ST00321" HPOS="1181" VPOS="2219" WIDTH="38" HEIGHT="44" CONTENT="le" WC="0.90" CC="01"/>
						<SP ID="P146_SP00293" HPOS="1219" VPOS="2280" WIDTH="22"/>
						<String ID="P146_ST00322" HPOS="1241" VPOS="2220" WIDTH="143" HEIGHT="44" CONTENT="talent" WC="0.98" CC="080270"/>
						<SP ID="P146_SP00294" HPOS="1384" VPOS="2280" WIDTH="21"/>
						<String ID="P146_ST00323" HPOS="1405" VPOS="2232" WIDTH="44" HEIGHT="32" CONTENT="et" WC="1.00" CC="00"/>
						<SP ID="P146_SP00295" HPOS="1449" VPOS="2280" WIDTH="21"/>
						<String ID="P146_ST00324" HPOS="1470" VPOS="2220" WIDTH="301" HEIGHT="59" CONTENT="l'expérience" WC="1.00" CC="342008010004"/>
						<SP ID="P146_SP00296" HPOS="1771" VPOS="2280" WIDTH="21"/>
						<String ID="P146_ST00325" HPOS="1792" VPOS="2237" WIDTH="88" HEIGHT="42" CONTENT="que" WC="1.00" CC="000"/>
						<SP ID="P146_SP00297" HPOS="1880" VPOS="2280" WIDTH="21"/>
						<String ID="P146_ST00326" HPOS="1901" VPOS="2219" WIDTH="61" HEIGHT="45" CONTENT="lui" WC="0.96" CC="063"/>
						<SP ID="P146_SP00298" HPOS="1962" VPOS="2280" WIDTH="24"/>
						<String ID="P146_ST00327" HPOS="1986" VPOS="2220" WIDTH="184" HEIGHT="44" CONTENT="confère" WC="0.99" CC="1000700"/>
						<SP ID="P146_SP00299" HPOS="2170" VPOS="2280" WIDTH="20"/>
						<String ID="P146_ST00328" HPOS="2190" VPOS="2239" WIDTH="80" HEIGHT="27" CONTENT="son" WC="1.00" CC="000"/>
						<SP ID="P146_SP00300" HPOS="2270" VPOS="2280" WIDTH="20"/>
						<String ID="P146_ST00329" HPOS="2290" VPOS="2224" WIDTH="222" HEIGHT="43" CONTENT="ancienne" WC="0.98" CC="06030783"/>
						<SP ID="P146_SP00301" HPOS="2512" VPOS="2280" WIDTH="21"/>
						<String ID="P146_ST00330" HPOS="2533" VPOS="2224" WIDTH="202" HEIGHT="43" CONTENT="fonction" WC="0.99" CC="00820208"/>
					</TextLine>
					<TextLine ID="P146_TL00029" HPOS="272" VPOS="2286" WIDTH="791" HEIGHT="45">
						<String ID="P146_ST00331" HPOS="272" VPOS="2287" WIDTH="109" HEIGHT="44" CONTENT="dans" WC="0.98" CC="0071"/>
						<SP ID="P146_SP00302" HPOS="381" VPOS="2331" WIDTH="26"/>
						<String ID="P146_ST00332" HPOS="407" VPOS="2286" WIDTH="61" HEIGHT="45" CONTENT="les" WC="0.97" CC="510"/>
						<SP ID="P146_SP00303" HPOS="468" VPOS="2331" WIDTH="24"/>
						<String ID="P146_ST00333" HPOS="492" VPOS="2300" WIDTH="273" HEIGHT="31" CONTENT="restaurants" WC="0.99" CC="00060700800"/>
						<SP ID="P146_SP00304" HPOS="765" VPOS="2331" WIDTH="26"/>
						<String ID="P146_ST00334" HPOS="791" VPOS="2287" WIDTH="272" HEIGHT="44" CONTENT="toulonnais." WC="0.71" CC="20620870004"/>
					</TextLine>
				</TextBlock>
				<TextBlock ID="P146_TB00003" HPOS="819" VPOS="2560" WIDTH="402" HEIGHT="64" STYLEREFS="TXT_3 PAR_LEFT">
					<TextLine ID="P146_TL00030" HPOS="820" VPOS="2561" WIDTH="400" HEIGHT="61">
						<String ID="P146_ST00335" HPOS="820" VPOS="2561" WIDTH="172" HEIGHT="61" CONTENT="JEAN" WC="0.98" CC="2203"/>
						<SP ID="P146_SP00305" HPOS="992" VPOS="2622" WIDTH="42"/>
						<String ID="P146_ST00336" HPOS="1034" VPOS="2562" WIDTH="186" HEIGHT="47" CONTENT="FLOR" WC="0.89" CC="2200"/>
					</TextLine>
				</TextBlock>
				<TextBlock ID="P146_TB00004" HPOS="263" VPOS="2687" WIDTH="1514" HEIGHT="1028" STYLEREFS="TXT_1 PAR_BLOCK">
					<TextLine ID="P146_TL00031" HPOS="413" VPOS="2698" WIDTH="1360" HEIGHT="65">
						<String ID="P146_ST00337" HPOS="413" VPOS="2698" WIDTH="74" HEIGHT="44" CONTENT="De" WC="1.00" CC="00"/>
						<SP ID="P146_SP00306" HPOS="487" VPOS="2742" WIDTH="42"/>
						<String ID="P146_ST00338" HPOS="529" VPOS="2716" WIDTH="78" HEIGHT="27" CONTENT="son" WC="0.94" CC="808"/>
						<SP ID="P146_SP00307" HPOS="607" VPOS="2743" WIDTH="47"/>
						<String ID="P146_ST00339" HPOS="654" VPOS="2701" WIDTH="164" HEIGHT="43" CONTENT="ancien" WC="0.97" CC="761558"/>
						<SP ID="P146_SP00308" HPOS="818" VPOS="2744" WIDTH="45"/>
						<String ID="P146_ST00340" HPOS="863" VPOS="2700" WIDTH="162" HEIGHT="44" CONTENT="métier" WC="0.98" CC="076001"/>
						<SP ID="P146_SP00309" HPOS="1025" VPOS="2744" WIDTH="27"/>
						<String ID="P146_ST00341" HPOS="1052" VPOS="2701" WIDTH="54" HEIGHT="44" CONTENT="de" WC="0.79" CC="03"/>
						<SP ID="P146_SP00310" HPOS="1106" VPOS="2745" WIDTH="39"/>
						<String ID="P146_ST00342" HPOS="1145" VPOS="2702" WIDTH="308" HEIGHT="58" CONTENT="compositeur" WC="0.99" CC="36330002064"/>
						<SP ID="P146_SP00311" HPOS="1453" VPOS="2760" WIDTH="39"/>
						<String ID="P146_ST00343" HPOS="1492" VPOS="2704" WIDTH="281" HEIGHT="59" CONTENT="typographe" WC="0.99" CC="0710086010"/>
					</TextLine>
					<TextLine ID="P146_TL00032" HPOS="271" VPOS="2767" WIDTH="1500" HEIGHT="62">
						<String ID="P146_ST00344" HPOS="271" VPOS="2768" WIDTH="115" HEIGHT="59" CONTENT="Jean" WC="0.98" CC="1008"/>
						<SP ID="P146_SP00312" HPOS="386" VPOS="2827" WIDTH="42"/>
						<String ID="P146_ST00345" HPOS="428" VPOS="2767" WIDTH="105" HEIGHT="44" CONTENT="Flor" WC="0.60" CC="5504"/>
						<SP ID="P146_SP00313" HPOS="533" VPOS="2827" WIDTH="26"/>
						<String ID="P146_ST00346" HPOS="559" VPOS="2785" WIDTH="25" HEIGHT="27" CONTENT="a" WC="0.18" CC="8"/>
						<SP ID="P146_SP00314" HPOS="584" VPOS="2827" WIDTH="37"/>
						<String ID="P146_ST00347" HPOS="621" VPOS="2768" WIDTH="135" HEIGHT="59" CONTENT="gardé" WC="0.98" CC="09024"/>
						<SP ID="P146_SP00315" HPOS="756" VPOS="2827" WIDTH="41"/>
						<String ID="P146_ST00348" HPOS="797" VPOS="2780" WIDTH="120" HEIGHT="33" CONTENT="cette" WC="0.98" CC="00741"/>
						<SP ID="P146_SP00316" HPOS="917" VPOS="2827" WIDTH="38"/>
						<String ID="P146_ST00349" HPOS="955" VPOS="2768" WIDTH="146" HEIGHT="61" CONTENT="légère" WC="0.98" CC="098700"/>
						<SP ID="P146_SP00317" HPOS="1101" VPOS="2829" WIDTH="46"/>
						<String ID="P146_ST00350" HPOS="1147" VPOS="2770" WIDTH="269" HEIGHT="44" CONTENT="inclinaison" WC="0.99" CC="69414202004"/>
						<SP ID="P146_SP00318" HPOS="1416" VPOS="2829" WIDTH="44"/>
						<String ID="P146_ST00351" HPOS="1460" VPOS="2771" WIDTH="59" HEIGHT="43" CONTENT="du" WC="0.72" CC="05"/>
						<SP ID="P146_SP00319" HPOS="1519" VPOS="2829" WIDTH="43"/>
						<String ID="P146_ST00352" HPOS="1562" VPOS="2772" WIDTH="127" HEIGHT="43" CONTENT="buste" WC="0.99" CC="06001"/>
						<SP ID="P146_SP00320" HPOS="1689" VPOS="2829" WIDTH="28"/>
						<String ID="P146_ST00353" HPOS="1717" VPOS="2789" WIDTH="54" HEIGHT="26" CONTENT="en" WC="0.60" CC="07"/>
					</TextLine>
					<TextLine ID="P146_TL00033" HPOS="271" VPOS="2836" WIDTH="1503" HEIGHT="61">
						<String ID="P146_ST00354" HPOS="271" VPOS="2848" WIDTH="150" HEIGHT="45" CONTENT="avant," WC="0.98" CC="009707"/>
						<SP ID="P146_SP00321" HPOS="421" VPOS="2893" WIDTH="28"/>
						<String ID="P146_ST00355" HPOS="449" VPOS="2837" WIDTH="92" HEIGHT="58" CONTENT="qui," WC="0.96" CC="4357"/>
						<SP ID="P146_SP00322" HPOS="541" VPOS="2895" WIDTH="24"/>
						<String ID="P146_ST00356" HPOS="565" VPOS="2836" WIDTH="312" HEIGHT="61" CONTENT="aujourd'hui," WC="0.99" CC="000360040614"/>
						<SP ID="P146_SP00323" HPOS="877" VPOS="2897" WIDTH="31"/>
						<String ID="P146_ST00357" HPOS="908" VPOS="2855" WIDTH="56" HEIGHT="26" CONTENT="ne" WC="0.66" CC="60"/>
						<SP ID="P146_SP00324" HPOS="964" VPOS="2897" WIDTH="23"/>
						<String ID="P146_ST00358" HPOS="987" VPOS="2838" WIDTH="40" HEIGHT="43" CONTENT="le" WC="0.53" CC="35"/>
						<SP ID="P146_SP00325" HPOS="1027" VPOS="2897" WIDTH="28"/>
						<String ID="P146_ST00359" HPOS="1055" VPOS="2840" WIDTH="176" HEIGHT="57" CONTENT="penche" WC="0.99" CC="720301"/>
						<SP ID="P146_SP00326" HPOS="1231" VPOS="2897" WIDTH="23"/>
						<String ID="P146_ST00360" HPOS="1254" VPOS="2839" WIDTH="99" HEIGHT="58" CONTENT="plus" WC="1.00" CC="0200"/>
						<SP ID="P146_SP00327" HPOS="1353" VPOS="2897" WIDTH="22"/>
						<String ID="P146_ST00361" HPOS="1375" VPOS="2855" WIDTH="97" HEIGHT="28" CONTENT="vers" WC="0.98" CC="6100"/>
						<SP ID="P146_SP00328" HPOS="1472" VPOS="2897" WIDTH="22"/>
						<String ID="P146_ST00362" HPOS="1494" VPOS="2840" WIDTH="60" HEIGHT="44" CONTENT="les" WC="0.99" CC="120"/>
						<SP ID="P146_SP00329" HPOS="1554" VPOS="2897" WIDTH="22"/>
						<String ID="P146_ST00363" HPOS="1576" VPOS="2841" WIDTH="198" HEIGHT="44" CONTENT="marbres" WC="1.00" CC="0000000"/>
					</TextLine>
					<TextLine ID="P146_TL00034" HPOS="271" VPOS="2904" WIDTH="1500" HEIGHT="65">
						<String ID="P146_ST00364" HPOS="271" VPOS="2904" WIDTH="53" HEIGHT="43" CONTENT="de" WC="0.50" CC="90"/>
						<SP ID="P146_SP00330" HPOS="324" VPOS="2947" WIDTH="29"/>
						<String ID="P146_ST00365" HPOS="353" VPOS="2906" WIDTH="298" HEIGHT="56" CONTENT="composition" WC="1.00" CC="00025010140"/>
						<SP ID="P146_SP00331" HPOS="651" VPOS="2962" WIDTH="30"/>
						<String ID="P146_ST00366" HPOS="681" VPOS="2923" WIDTH="58" HEIGHT="26" CONTENT="ou" WC="1.00" CC="00"/>
						<SP ID="P146_SP00332" HPOS="739" VPOS="2962" WIDTH="28"/>
						<String ID="P146_ST00367" HPOS="767" VPOS="2906" WIDTH="38" HEIGHT="43" CONTENT="le" WC="0.81" CC="30"/>
						<SP ID="P146_SP00333" HPOS="805" VPOS="2962" WIDTH="44"/>
						<String ID="P146_ST00368" HPOS="849" VPOS="2906" WIDTH="164" HEIGHT="44" CONTENT="clavier" WC="0.99" CC="0008700"/>
						<SP ID="P146_SP00334" HPOS="1013" VPOS="2962" WIDTH="28"/>
						<String ID="P146_ST00369" HPOS="1041" VPOS="2907" WIDTH="75" HEIGHT="44" CONTENT="des" WC="1.00" CC="000"/>
						<SP ID="P146_SP00335" HPOS="1116" VPOS="2962" WIDTH="46"/>
						<String ID="P146_ST00370" HPOS="1162" VPOS="2907" WIDTH="240" HEIGHT="62" CONTENT="linotypes," WC="0.99" CC="3070060104"/>
						<SP ID="P146_SP00336" HPOS="1402" VPOS="2969" WIDTH="31"/>
						<String ID="P146_ST00371" HPOS="1433" VPOS="2909" WIDTH="112" HEIGHT="44" CONTENT="mais" WC="0.99" CC="0020"/>
						<SP ID="P146_SP00337" HPOS="1545" VPOS="2969" WIDTH="43"/>
						<String ID="P146_ST00372" HPOS="1588" VPOS="2926" WIDTH="97" HEIGHT="27" CONTENT="vers" WC="1.00" CC="0000"/>
						<SP ID="P146_SP00338" HPOS="1685" VPOS="2969" WIDTH="25"/>
						<String ID="P146_ST00373" HPOS="1710" VPOS="2927" WIDTH="61" HEIGHT="26" CONTENT="un" WC="0.61" CC="07"/>
					</TextLine>
					<TextLine ID="P146_TL00035" HPOS="272" VPOS="2973" WIDTH="1502" HEIGHT="60">
						<String ID="P146_ST00374" HPOS="272" VPOS="2973" WIDTH="168" HEIGHT="58" CONTENT="public," WC="0.98" CC="0066704"/>
						<SP ID="P146_SP00339" HPOS="440" VPOS="3031" WIDTH="39"/>
						<String ID="P146_ST00375" HPOS="479" VPOS="2974" WIDTH="76" HEIGHT="59" CONTENT="qui" WC="0.96" CC="305"/>
						<SP ID="P146_SP00340" HPOS="555" VPOS="3033" WIDTH="43"/>
						<String ID="P146_ST00376" HPOS="598" VPOS="2973" WIDTH="77" HEIGHT="58" CONTENT="lui," WC="0.95" CC="6754"/>
						<SP ID="P146_SP00341" HPOS="675" VPOS="3033" WIDTH="28"/>
						<String ID="P146_ST00377" HPOS="703" VPOS="2991" WIDTH="57" HEIGHT="26" CONTENT="ne" WC="0.51" CC="72"/>
						<SP ID="P146_SP00342" HPOS="760" VPOS="3033" WIDTH="44"/>
						<String ID="P146_ST00378" HPOS="804" VPOS="2987" WIDTH="113" HEIGHT="32" CONTENT="reste" WC="1.00" CC="00002"/>
						<SP ID="P146_SP00343" HPOS="917" VPOS="3033" WIDTH="40"/>
						<String ID="P146_ST00379" HPOS="957" VPOS="2993" WIDTH="74" HEIGHT="40" CONTENT="pas" WC="0.97" CC="008"/>
						<SP ID="P146_SP00344" HPOS="1031" VPOS="3033" WIDTH="27"/>
						<String ID="P146_ST00380" HPOS="1058" VPOS="2976" WIDTH="54" HEIGHT="43" CONTENT="de" WC="0.94" CC="01"/>
						<SP ID="P146_SP00345" HPOS="1112" VPOS="3033" WIDTH="41"/>
						<String ID="P146_ST00381" HPOS="1153" VPOS="2979" WIDTH="177" HEIGHT="42" CONTENT="marbre" WC="1.00" CC="000000"/>
						<SP ID="P146_SP00346" HPOS="1330" VPOS="3033" WIDTH="28"/>
						<String ID="P146_ST00382" HPOS="1358" VPOS="2976" WIDTH="24" HEIGHT="44" CONTENT="à" WC="0.17" CC="8"/>
						<SP ID="P146_SP00347" HPOS="1382" VPOS="3033" WIDTH="38"/>
						<String ID="P146_ST00383" HPOS="1420" VPOS="2975" WIDTH="240" HEIGHT="47" CONTENT="l'audition" WC="0.99" CC="0490030500"/>
						<SP ID="P146_SP00348" HPOS="1660" VPOS="3033" WIDTH="40"/>
						<String ID="P146_ST00384" HPOS="1700" VPOS="2978" WIDTH="74" HEIGHT="45" CONTENT="des" WC="1.00" CC="000"/>
					</TextLine>
					<TextLine ID="P146_TL00036" HPOS="271" VPOS="3043" WIDTH="1500" HEIGHT="63">
						<String ID="P146_ST00385" HPOS="271" VPOS="3058" WIDTH="237" HEIGHT="27" CONTENT="romances" WC="1.00" CC="01007000"/>
						<SP ID="P146_SP00349" HPOS="508" VPOS="3085" WIDTH="27"/>
						<String ID="P146_ST00386" HPOS="535" VPOS="3059" WIDTH="304" HEIGHT="43" CONTENT="amoureuses," WC="1.00" CC="00070000084"/>
						<SP ID="P146_SP00350" HPOS="839" VPOS="3102" WIDTH="22"/>
						<String ID="P146_ST00387" HPOS="861" VPOS="3045" WIDTH="141" HEIGHT="42" CONTENT="servie" WC="0.98" CC="000663"/>
						<SP ID="P146_SP00351" HPOS="1002" VPOS="3102" WIDTH="28"/>
						<String ID="P146_ST00388" HPOS="1030" VPOS="3043" WIDTH="138" HEIGHT="45" CONTENT="d'une" WC="0.97" CC="04382"/>
						<SP ID="P146_SP00352" HPOS="1168" VPOS="3102" WIDTH="29"/>
						<String ID="P146_ST00389" HPOS="1197" VPOS="3046" WIDTH="102" HEIGHT="43" CONTENT="voix" WC="0.98" CC="0470"/>
						<SP ID="P146_SP00353" HPOS="1299" VPOS="3102" WIDTH="22"/>
						<String ID="P146_ST00390" HPOS="1321" VPOS="3062" WIDTH="64" HEIGHT="27" CONTENT="un" WC="0.59" CC="08"/>
						<SP ID="P146_SP00354" HPOS="1385" VPOS="3102" WIDTH="28"/>
						<String ID="P146_ST00391" HPOS="1413" VPOS="3062" WIDTH="87" HEIGHT="42" CONTENT="peu" WC="0.97" CC="007"/>
						<SP ID="P146_SP00355" HPOS="1500" VPOS="3104" WIDTH="22"/>
						<String ID="P146_ST00392" HPOS="1522" VPOS="3047" WIDTH="249" HEIGHT="59" CONTENT="aigrelette," WC="1.00" CC="05000300004"/>
					</TextLine>
					<TextLine ID="P146_TL00037" HPOS="273" VPOS="3111" WIDTH="584" HEIGHT="45">
						<String ID="P146_ST00393" HPOS="273" VPOS="3111" WIDTH="114" HEIGHT="43" CONTENT="mais" WC="0.99" CC="6000"/>
						<SP ID="P146_SP00356" HPOS="387" VPOS="3154" WIDTH="27"/>
						<String ID="P146_ST00394" HPOS="414" VPOS="3127" WIDTH="92" HEIGHT="27" CONTENT="non" WC="0.95" CC="805"/>
						<SP ID="P146_SP00357" HPOS="506" VPOS="3154" WIDTH="26"/>
						<String ID="P146_ST00395" HPOS="532" VPOS="3127" WIDTH="99" HEIGHT="27" CONTENT="sans" WC="0.98" CC="0081"/>
						<SP ID="P146_SP00358" HPOS="631" VPOS="3154" WIDTH="27"/>
						<String ID="P146_ST00396" HPOS="658" VPOS="3112" WIDTH="199" HEIGHT="44" CONTENT="charme." WC="0.99" CC="6500004"/>
					</TextLine>
					<TextLine ID="P146_TL00038" HPOS="407" VPOS="3179" WIDTH="1357" HEIGHT="64">
						<String ID="P146_ST00397" HPOS="407" VPOS="3179" WIDTH="82" HEIGHT="43" CONTENT="Un" WC="0.59" CC="08"/>
						<SP ID="P146_SP00359" HPOS="489" VPOS="3222" WIDTH="22"/>
						<String ID="P146_ST00398" HPOS="511" VPOS="3179" WIDTH="75" HEIGHT="43" CONTENT="des" WC="1.00" CC="000"/>
						<SP ID="P146_SP00360" HPOS="586" VPOS="3222" WIDTH="21"/>
						<String ID="P146_ST00399" HPOS="607" VPOS="3195" WIDTH="113" HEIGHT="28" CONTENT="rares" WC="1.00" CC="00000"/>
						<SP ID="P146_SP00361" HPOS="720" VPOS="3223" WIDTH="21"/>
						<String ID="P146_ST00400" HPOS="741" VPOS="3181" WIDTH="242" HEIGHT="44" CONTENT="chanteurs" WC="1.00" CC="000700000"/>
						<SP ID="P146_SP00362" HPOS="983" VPOS="3225" WIDTH="21"/>
						<String ID="P146_ST00401" HPOS="1004" VPOS="3181" WIDTH="52" HEIGHT="44" CONTENT="de" WC="1.00" CC="00"/>
						<SP ID="P146_SP00363" HPOS="1056" VPOS="3225" WIDTH="23"/>
						<String ID="P146_ST00402" HPOS="1079" VPOS="3182" WIDTH="310" HEIGHT="45" CONTENT="café-concert" WC="1.00" CC="175060000000"/>
						<SP ID="P146_SP00364" HPOS="1389" VPOS="3227" WIDTH="20"/>
						<String ID="P146_ST00403" HPOS="1409" VPOS="3184" WIDTH="77" HEIGHT="58" CONTENT="qui" WC="0.97" CC="007"/>
						<SP ID="P146_SP00365" HPOS="1486" VPOS="3242" WIDTH="30"/>
						<String ID="P146_ST00404" HPOS="1516" VPOS="3184" WIDTH="248" HEIGHT="59" CONTENT="n'éprouve" WC="1.00" CC="440000100"/>
					</TextLine>
					<TextLine ID="P146_TL00039" HPOS="271" VPOS="3246" WIDTH="1500" HEIGHT="59">
						<String ID="P146_ST00405" HPOS="271" VPOS="3263" WIDTH="75" HEIGHT="42" CONTENT="pas" WC="1.00" CC="000"/>
						<SP ID="P146_SP00366" HPOS="346" VPOS="3305" WIDTH="37"/>
						<String ID="P146_ST00406" HPOS="383" VPOS="3246" WIDTH="40" HEIGHT="44" CONTENT="le" WC="0.73" CC="50"/>
						<SP ID="P146_SP00367" HPOS="423" VPOS="3305" WIDTH="29"/>
						<String ID="P146_ST00407" HPOS="452" VPOS="3248" WIDTH="152" HEIGHT="43" CONTENT="besoin" WC="0.99" CC="000058"/>
						<SP ID="P146_SP00368" HPOS="604" VPOS="3305" WIDTH="29"/>
						<String ID="P146_ST00408" HPOS="633" VPOS="3247" WIDTH="54" HEIGHT="43" CONTENT="de" WC="1.00" CC="00"/>
						<SP ID="P146_SP00369" HPOS="687" VPOS="3305" WIDTH="38"/>
						<String ID="P146_ST00409" HPOS="725" VPOS="3249" WIDTH="292" HEIGHT="44" CONTENT="transformer" WC="1.00" CC="00070040000"/>
						<SP ID="P146_SP00370" HPOS="1017" VPOS="3305" WIDTH="37"/>
						<String ID="P146_ST00410" HPOS="1054" VPOS="3267" WIDTH="66" HEIGHT="28" CONTENT="ses" WC="1.00" CC="000"/>
						<SP ID="P146_SP00371" HPOS="1120" VPOS="3305" WIDTH="28"/>
						<String ID="P146_ST00411" HPOS="1148" VPOS="3252" WIDTH="96" HEIGHT="43" CONTENT="bras" WC="1.00" CC="0000"/>
						<SP ID="P146_SP00372" HPOS="1244" VPOS="3305" WIDTH="26"/>
						<String ID="P146_ST00412" HPOS="1270" VPOS="3268" WIDTH="57" HEIGHT="26" CONTENT="en" WC="0.51" CC="27"/>
						<SP ID="P146_SP00373" HPOS="1327" VPOS="3305" WIDTH="32"/>
						<String ID="P146_ST00413" HPOS="1359" VPOS="3251" WIDTH="106" HEIGHT="44" CONTENT="ailes" WC="0.98" CC="83000"/>
						<SP ID="P146_SP00374" HPOS="1465" VPOS="3305" WIDTH="26"/>
						<String ID="P146_ST00414" HPOS="1491" VPOS="3253" WIDTH="53" HEIGHT="43" CONTENT="de" WC="1.00" CC="00"/>
						<SP ID="P146_SP00375" HPOS="1544" VPOS="3305" WIDTH="29"/>
						<String ID="P146_ST00415" HPOS="1573" VPOS="3253" WIDTH="198" HEIGHT="44" CONTENT="moulins" WC="0.99" CC="0002380"/>
					</TextLine>
					<TextLine ID="P146_TL00040" HPOS="266" VPOS="3315" WIDTH="1506" HEIGHT="51">
						<String ID="P146_ST00416" HPOS="266" VPOS="3315" WIDTH="24" HEIGHT="43" CONTENT="à" WC="0.61" CC="3"/>
						<SP ID="P146_SP00376" HPOS="290" VPOS="3358" WIDTH="42"/>
						<String ID="P146_ST00417" HPOS="332" VPOS="3327" WIDTH="108" HEIGHT="32" CONTENT="vent" WC="0.96" CC="8009"/>
						<SP ID="P146_SP00377" HPOS="440" VPOS="3359" WIDTH="27"/>
						<String ID="P146_ST00418" HPOS="467" VPOS="3315" WIDTH="74" HEIGHT="44" CONTENT="dès" WC="0.97" CC="070"/>
						<SP ID="P146_SP00378" HPOS="541" VPOS="3359" WIDTH="42"/>
						<String ID="P146_ST00419" HPOS="583" VPOS="3332" WIDTH="80" HEIGHT="28" CONTENT="son" WC="0.95" CC="068"/>
						<SP ID="P146_SP00379" HPOS="663" VPOS="3360" WIDTH="43"/>
						<String ID="P146_ST00420" HPOS="706" VPOS="3317" WIDTH="152" HEIGHT="43" CONTENT="entrée" WC="0.98" CC="280060"/>
						<SP ID="P146_SP00380" HPOS="858" VPOS="3360" WIDTH="29"/>
						<String ID="P146_ST00421" HPOS="887" VPOS="3334" WIDTH="56" HEIGHT="27" CONTENT="en" WC="1.00" CC="00"/>
						<SP ID="P146_SP00381" HPOS="943" VPOS="3361" WIDTH="34"/>
						<String ID="P146_ST00422" HPOS="977" VPOS="3319" WIDTH="148" HEIGHT="45" CONTENT="scène." WC="0.99" CC="007014"/>
						<SP ID="P146_SP00382" HPOS="1125" VPOS="3364" WIDTH="38"/>
						<String ID="P146_ST00423" HPOS="1163" VPOS="3320" WIDTH="110" HEIGHT="44" CONTENT="Sans" WC="1.00" CC="0000"/>
						<SP ID="P146_SP00383" HPOS="1273" VPOS="3364" WIDTH="37"/>
						<String ID="P146_ST00424" HPOS="1310" VPOS="3320" WIDTH="140" HEIGHT="44" CONTENT="doute" WC="0.98" CC="03604"/>
						<SP ID="P146_SP00384" HPOS="1450" VPOS="3364" WIDTH="50"/>
						<String ID="P146_ST00425" HPOS="1500" VPOS="3339" WIDTH="58" HEIGHT="26" CONTENT="ne" WC="1.00" CC="00"/>
						<SP ID="P146_SP00385" HPOS="1558" VPOS="3365" WIDTH="36"/>
						<String ID="P146_ST00426" HPOS="1594" VPOS="3322" WIDTH="178" HEIGHT="44" CONTENT="détaille" WC="0.99" CC="06005022"/>
					</TextLine>
					<TextLine ID="P146_TL00041" HPOS="266" VPOS="3384" WIDTH="1505" HEIGHT="64">
						<String ID="P146_ST00427" HPOS="266" VPOS="3400" WIDTH="76" HEIGHT="42" CONTENT="pas" WC="1.00" CC="000"/>
						<SP ID="P146_SP00386" HPOS="342" VPOS="3442" WIDTH="48"/>
						<String ID="P146_ST00428" HPOS="390" VPOS="3400" WIDTH="164" HEIGHT="28" CONTENT="encore" WC="0.99" CC="050400"/>
						<SP ID="P146_SP00387" HPOS="554" VPOS="3442" WIDTH="50"/>
						<String ID="P146_ST00429" HPOS="604" VPOS="3384" WIDTH="38" HEIGHT="44" CONTENT="le" WC="0.82" CC="30"/>
						<SP ID="P146_SP00388" HPOS="642" VPOS="3442" WIDTH="51"/>
						<String ID="P146_ST00430" HPOS="693" VPOS="3385" WIDTH="181" HEIGHT="58" CONTENT="couplet" WC="0.99" CC="2000106"/>
						<SP ID="P146_SP00389" HPOS="874" VPOS="3443" WIDTH="46"/>
						<String ID="P146_ST00431" HPOS="920" VPOS="3403" WIDTH="108" HEIGHT="28" CONTENT="avec" WC="0.99" CC="0050"/>
						<SP ID="P146_SP00390" HPOS="1028" VPOS="3443" WIDTH="48"/>
						<String ID="P146_ST00432" HPOS="1076" VPOS="3405" WIDTH="90" HEIGHT="26" CONTENT="une" WC="0.94" CC="780"/>
						<SP ID="P146_SP00391" HPOS="1166" VPOS="3443" WIDTH="43"/>
						<String ID="P146_ST00433" HPOS="1209" VPOS="3388" WIDTH="214" HEIGHT="60" CONTENT="élégance" WC="0.98" CC="65670307"/>
						<SP ID="P146_SP00392" HPOS="1423" VPOS="3448" WIDTH="56"/>
						<String ID="P146_ST00434" HPOS="1479" VPOS="3390" WIDTH="292" HEIGHT="45" CONTENT="absolument" WC="0.99" CC="9000500004"/>
					</TextLine>
					<TextLine ID="P146_TL00042" HPOS="268" VPOS="3452" WIDTH="1502" HEIGHT="66">
						<String ID="P146_ST00435" HPOS="268" VPOS="3452" WIDTH="213" HEIGHT="61" CONTENT="dégagée," WC="0.98" CC="85800514"/>
						<SP ID="P146_SP00393" HPOS="481" VPOS="3513" WIDTH="46"/>
						<String ID="P146_ST00436" HPOS="527" VPOS="3454" WIDTH="111" HEIGHT="42" CONTENT="mais" WC="0.99" CC="0050"/>
						<SP ID="P146_SP00394" HPOS="638" VPOS="3513" WIDTH="37"/>
						<String ID="P146_ST00437" HPOS="675" VPOS="3469" WIDTH="108" HEIGHT="28" CONTENT="avec" WC="0.99" CC="5000"/>
						<SP ID="P146_SP00395" HPOS="783" VPOS="3513" WIDTH="38"/>
						<String ID="P146_ST00438" HPOS="821" VPOS="3471" WIDTH="90" HEIGHT="26" CONTENT="une" WC="0.95" CC="085"/>
						<SP ID="P146_SP00396" HPOS="911" VPOS="3513" WIDTH="53"/>
						<String ID="P146_ST00439" HPOS="964" VPOS="3455" WIDTH="254" HEIGHT="59" CONTENT="gentillesse" WC="0.99" CC="70005242001"/>
						<SP ID="P146_SP00397" HPOS="1218" VPOS="3514" WIDTH="41"/>
						<String ID="P146_ST00440" HPOS="1259" VPOS="3460" WIDTH="253" HEIGHT="55" CONTENT="persuasive" WC="1.00" CC="0000600000"/>
						<SP ID="P146_SP00398" HPOS="1512" VPOS="3515" WIDTH="40"/>
						<String ID="P146_ST00441" HPOS="1552" VPOS="3460" WIDTH="77" HEIGHT="58" CONTENT="qui" WC="0.98" CC="041"/>
						<SP ID="P146_SP00399" HPOS="1629" VPOS="3518" WIDTH="41"/>
						<String ID="P146_ST00442" HPOS="1670" VPOS="3471" WIDTH="100" HEIGHT="33" CONTENT="tout" WC="0.96" CC="2680"/>
					</TextLine>
					<TextLine ID="P146_TL00043" HPOS="264" VPOS="3521" WIDTH="1505" HEIGHT="59">
						<String ID="P146_ST00443" HPOS="264" VPOS="3521" WIDTH="54" HEIGHT="44" CONTENT="de" WC="0.59" CC="16"/>
						<SP ID="P146_SP00400" HPOS="318" VPOS="3565" WIDTH="49"/>
						<String ID="P146_ST00444" HPOS="367" VPOS="3521" WIDTH="151" HEIGHT="43" CONTENT="même" WC="0.99" CC="0500"/>
						<SP ID="P146_SP00401" HPOS="518" VPOS="3565" WIDTH="44"/>
						<String ID="P146_ST00445" HPOS="562" VPOS="3537" WIDTH="200" HEIGHT="43" CONTENT="manque" WC="0.98" CC="068030"/>
						<SP ID="P146_SP00402" HPOS="762" VPOS="3580" WIDTH="43"/>
						<String ID="P146_ST00446" HPOS="805" VPOS="3535" WIDTH="228" HEIGHT="32" CONTENT="rarement" WC="0.99" CC="36710070"/>
						<SP ID="P146_SP00403" HPOS="1033" VPOS="3580" WIDTH="42"/>
						<String ID="P146_ST00447" HPOS="1075" VPOS="3541" WIDTH="81" HEIGHT="27" CONTENT="son" WC="0.97" CC="008"/>
						<SP ID="P146_SP00404" HPOS="1156" VPOS="3580" WIDTH="43"/>
						<String ID="P146_ST00448" HPOS="1199" VPOS="3527" WIDTH="79" HEIGHT="42" CONTENT="but" WC="0.96" CC="353"/>
						<SP ID="P146_SP00405" HPOS="1278" VPOS="3580" WIDTH="27"/>
						<String ID="P146_ST00449" HPOS="1305" VPOS="3542" WIDTH="8" HEIGHT="27" CONTENT=":" WC="0.51" CC="4"/>
						<SP ID="P146_SP00406" HPOS="1313" VPOS="3580" WIDTH="47"/>
						<String ID="P146_ST00450" HPOS="1360" VPOS="3527" WIDTH="40" HEIGHT="43" CONTENT="le" WC="0.65" CC="42"/>
						<SP ID="P146_SP00407" HPOS="1400" VPOS="3580" WIDTH="45"/>
						<String ID="P146_ST00451" HPOS="1445" VPOS="3544" WIDTH="127" HEIGHT="27" CONTENT="cœur" WC="0.99" CC="0060"/>
						<SP ID="P146_SP00408" HPOS="1572" VPOS="3580" WIDTH="51"/>
						<String ID="P146_ST00452" HPOS="1623" VPOS="3528" WIDTH="52" HEIGHT="43" CONTENT="de" WC="1.00" CC="00"/>
						<SP ID="P146_SP00409" HPOS="1675" VPOS="3580" WIDTH="44"/>
						<String ID="P146_ST00453" HPOS="1719" VPOS="3546" WIDTH="50" HEIGHT="26" CONTENT="ce" WC="0.56" CC="53"/>
					</TextLine>
					<TextLine ID="P146_TL00044" HPOS="263" VPOS="3589" WIDTH="1495" HEIGHT="64">
						<String ID="P146_ST00454" HPOS="263" VPOS="3589" WIDTH="153" HEIGHT="59" CONTENT="public" WC="0.99" CC="000420"/>
						<SP ID="P146_SP00410" HPOS="416" VPOS="3648" WIDTH="43"/>
						<String ID="P146_ST00455" HPOS="459" VPOS="3589" WIDTH="173" HEIGHT="44" CONTENT="aimant" WC="0.99" CC="050070"/>
						<SP ID="P146_SP00411" HPOS="632" VPOS="3648" WIDTH="25"/>
						<String ID="P146_ST00456" HPOS="657" VPOS="3589" WIDTH="93" HEIGHT="44" CONTENT="être" WC="0.97" CC="6302"/>
						<SP ID="P146_SP00412" HPOS="750" VPOS="3648" WIDTH="28"/>
						<String ID="P146_ST00457" HPOS="778" VPOS="3589" WIDTH="106" HEIGHT="46" CONTENT="ému" WC="0.97" CC="700"/>
						<SP ID="P146_SP00413" HPOS="884" VPOS="3648" WIDTH="26"/>
						<String ID="P146_ST00458" HPOS="910" VPOS="3591" WIDTH="23" HEIGHT="44" CONTENT="à" WC="0.30" CC="6"/>
						<SP ID="P146_SP00414" HPOS="933" VPOS="3648" WIDTH="40"/>
						<String ID="P146_ST00459" HPOS="973" VPOS="3591" WIDTH="41" HEIGHT="44" CONTENT="la" WC="0.26" CC="59"/>
						<SP ID="P146_SP00415" HPOS="1014" VPOS="3648" WIDTH="28"/>
						<String ID="P146_ST00460" HPOS="1042" VPOS="3593" WIDTH="149" HEIGHT="43" CONTENT="bonne" WC="0.98" CC="50612"/>
						<SP ID="P146_SP00416" HPOS="1191" VPOS="3648" WIDTH="27"/>
						<String ID="P146_ST00461" HPOS="1218" VPOS="3595" WIDTH="273" HEIGHT="58" CONTENT="franquette," WC="1.00" CC="00070000004"/>
						<SP ID="P146_SP00417" HPOS="1491" VPOS="3653" WIDTH="31"/>
						<String ID="P146_ST00462" HPOS="1522" VPOS="3612" WIDTH="99" HEIGHT="28" CONTENT="sans" WC="0.97" CC="3660"/>
						<SP ID="P146_SP00418" HPOS="1621" VPOS="3653" WIDTH="43"/>
						<String ID="P146_ST00463" HPOS="1664" VPOS="3614" WIDTH="63" HEIGHT="26" CONTENT="ma" SUBS_TYPE="HypPart1" SUBS_CONTENT="manières," WC="1.00" CC="00"/>
						<HYP HPOS="1727" VPOS="3614" WIDTH="31" CONTENT="-"/>
					</TextLine>
					<TextLine ID="P146_TL00045" HPOS="263" VPOS="3656" WIDTH="477" HEIGHT="59">
						<String ID="P146_ST00464" HPOS="263" VPOS="3657" WIDTH="160" HEIGHT="58" CONTENT="nières," SUBS_TYPE="HypPart2" SUBS_CONTENT="manières," WC="0.98" CC="8080604"/>
						<SP ID="P146_SP00419" HPOS="423" VPOS="3715" WIDTH="26"/>
						<String ID="P146_ST00465" HPOS="449" VPOS="3674" WIDTH="101" HEIGHT="27" CONTENT="sans" WC="0.97" CC="0860"/>
						<SP ID="P146_SP00420" HPOS="550" VPOS="3715" WIDTH="24"/>
						<String ID="P146_ST00466" HPOS="574" VPOS="3656" WIDTH="166" HEIGHT="46" CONTENT="chichis." WC="0.98" CC="52540554" STYLEREFS="TXT_2"/>
					</TextLine>
				</TextBlock>
				<TextBlock ID="P146_TB00005" HPOS="2142" VPOS="3665" WIDTH="254" HEIGHT="47" STYLEREFS="TXT_2 PAR_RIGHT">
					<TextLine ID="P146_TL00046" HPOS="2144" VPOS="3668" WIDTH="251" HEIGHT="44">
						<String ID="P146_ST00467" HPOS="2144" VPOS="3668" WIDTH="109" HEIGHT="43" CONTENT="Jean" WC="1.00" CC="0000"/>
						<SP ID="P146_SP00421" HPOS="2253" VPOS="3711" WIDTH="27"/>
						<String ID="P146_ST00468" HPOS="2280" VPOS="3668" WIDTH="115" HEIGHT="44" CONTENT="Flor." WC="0.51" CC="04667"/>
					</TextLine>
				</TextBlock>
				<TextBlock ID="P146_TB00006" HPOS="281" VPOS="330" WIDTH="120" HEIGHT="55" STYLEREFS="TXT_4 PAR_LEFT">
					<TextLine ID="P146_TL00047" HPOS="281" VPOS="330" WIDTH="120" HEIGHT="55">
						<String ID="P146_ST00469" HPOS="281" VPOS="330" WIDTH="120" HEIGHT="55" CONTENT="CXLIV" WC="1.00" CC="00000"/>
					</TextLine>
				</TextBlock>
				<ComposedBlock ID="P146_CB00001" HPOS="1828" VPOS="2398" WIDTH="890" HEIGHT="1240" STYLEREFS="TXT_5 PAR_LEFT" TYPE="Illustration">
					<GraphicalElement ID="P146_CB00001_SUB" HPOS="1828" VPOS="2398" WIDTH="890" HEIGHT="1240"/>
				</ComposedBlock>
			</PrintSpace>
		</Page>
	</Layout>
</alto>
