2880 4033
1309 318 74 66 S.
1450 317 64 66 I.
1584 317 116 66 M.

279 478 56 44 et
369 463 97 57 des
517 464 131 77 plus
696 462 336 79 personnels
1084 473 162 42 entre
1298 480 101 35 nos
1453 459 447 77 compositeurs,
1937 457 29 57 à
2023 458 103 78 qui
2175 457 54 54 la
2282 457 93 54 vie
2423 477 71 36 ne
2528 458 218 76 permit

279 551 169 77 point
484 551 70 54 de
588 571 56 34 se
678 547 357 78 développer
1069 547 137 55 dans
1243 560 191 42 toutes
1468 546 79 54 les
1582 544 316 56 directions
1932 565 138 35 avec
2111 556 202 43 autant
2346 542 400 58 d'abondance

281 658 115 57 que
455 637 95 56 M.
613 636 389 66 Saint-Saëns,
1059 633 146 55 mais
1269 633 191 55 moins
1524 630 349 78 éclectique,
1932 632 128 76 plus
2114 627 348 79 imaginatif
2508 644 56 41 et
2619 632 127 76 plus

281 722 264 59 sensible.
613 725 160 54 Pour
836 722 222 55 n'avoir
1114 721 167 76 point
1346 717 212 59 abordé
1614 720 77 54 les
1746 717 219 57 formes
2028 718 69 55 de
2147 718 52 54 la
2252 717 271 76 musique
2579 740 165 56 pure,

282 810 265 56 Gounod
602 810 314 55 lui-même
973 821 54 41 et
1082 807 168 55 Bizet
1308 806 288 56 n'avaient
1661 825 99 57 pas
1816 804 90 57 été
1971 805 236 56 inutiles
2263 824 71 34 au
2389 802 357 59 relèvement

283 898 70 55 de
402 912 167 41 notre
621 896 165 78 goût.
848 896 50 55 Il
961 894 156 57 suffit
1176 892 28 58 à
1261 915 65 35 ce
1382 906 269 42 moment
1702 914 113 56 que
1872 891 187 79 surgît
2108 913 67 34 en
2230 891 221 56 France
2499 892 247 56 l'œuvre

283 984 295 76 accompli
613 983 145 56 dont
794 997 163 42 toute
992 983 49 53 la
1077 980 228 67 beauté,
1341 1000 138 36 avec
1512 980 80 56 les
1627 978 316 57 caractères
1976 998 240 58 propres
2249 976 30 56 à
2313 992 166 40 notre
2523 993 223 54 nature,

279 1070 142 57 était
486 1070 69 56 de
620 1070 274 76 musique
957 1089 144 56 pure
1138 1092 11 43 ;
1217 1069 40 53 il
1321 1066 156 58 suffit
1543 1066 179 78 qu'un
1788 1066 263 56 modeste
2116 1063 324 80 professeur
2502 1065 244 80 d'orgue

387 1158 252 68 Franck,
677 1157 461 67 officiellement,
1175 1177 69 34 ne
1279 1154 90 57 fut
1421 1155 199 70 jamais
1655 1168 162 42 autre
1852 1154 175 56 chose
2165 1152 231 55 éveillât
2436 1167 54 40 et
2541 1155 203 75 guidât

279 1260 168 40 notre
481 1244 142 68 zèle,
659 1265 152 57 pour
846 1263 114 57 que
996 1263 54 36 se
1084 1240 352 79 développât
1471 1240 307 78 l'aptitude
1815 1242 177 76 qu'on
2038 1242 153 54 avait
2226 1238 262 77 toujours
2521 1240 225 58 refusée

281 1331 29 57 à
344 1346 168 42 notre
545 1328 282 70 frivolité,
863 1345 55 40 et
955 1331 343 76 qu'aussitôt
1345 1350 56 34 se
1449 1327 217 57 formât
1716 1348 67 35 en
1834 1328 222 56 France
2104 1327 201 57 l'école
2354 1326 69 54 de
2471 1332 273 75 musique

282 1441 145 57 pure
461 1421 52 53 la
546 1421 128 76 plus
710 1420 284 76 originale
1027 1431 56 42 et
1117 1418 53 55 la
1206 1418 129 76 plus
1369 1416 164 56 riche
1567 1416 75 56 du
1679 1416 218 56 monde
1932 1416 69 56 de
2036 1431 165 41 notre
2235 1412 231 79 époque
2494 1413 29 60 \

457 1507 163 56 Mais
654 1506 41 54 il
728 1503 166 57 fallut
931 1505 264 55 attendre
1244 1506 51 53 la
1330 1517 156 42 mort
1539 1503 69 56 de
1644 1503 233 56 Franck
1912 1525 152 57 pour
2113 1503 175 78 qu'on
2342 1502 118 53 s'en
2504 1506 240 76 aperçût

283 1594 232 55 ailleurs
582 1614 114 56 que
761 1591 137 57 dans
949 1592 365 75 l'entourage
1371 1588 312 58 immédiat
1740 1591 104 76 qui
1897 1591 52 55 le
2005 1590 278 56 vénérait.
2347 1587 94 56 Ses
2497 1611 246 49 œuvres,

274 1679 324 78 jusque-là,
634 1679 279 55 n'étaient
949 1699 247 57 presque
1230 1679 171 77 point
1425 1676 222 78 jouées,
1684 1691 54 42 et
1773 1679 52 53 la
1850 1679 238 76 plupart
2123 1677 96 56 des
2253 1699 140 57 gens
2528 1679 214 67 même,

284 1783 55 42 et
374 1781 232 44 surtout
658 1768 96 54 des
789 1768 314 54 musiciens
1243 1785 70 36 ne
1365 1766 83 55 lui
1505 1765 317 56 donnaient
1869 1787 113 55 que
2034 1787 103 55 par
2186 1765 254 58 dérision
2492 1787 64 35 ce
2606 1787 140 35 nom

284 1855 70 56 de
451 1854 136 79 père
623 1853 232 57 Franck
950 1854 101 76 qui
1098 1853 192 55 devait
1342 1853 84 54 lui
1476 1867 176 40 rester
1702 1873 235 35 comme
1986 1873 113 35 une
2144 1854 204 76 gloire.
2400 1856 114 54 Car
2565 1854 38 54 il
2654 1853 92 57 fut

284 1943 157 67 bien,
477 1962 140 35 avec
668 1961 113 35 une
816 1940 342 56 conviction
1208 1953 55 42 et
1298 1959 114 36 une
1464 1938 177 57 bonté
1676 1940 285 76 d'apôtre,
1995 1940 51 55 le
2097 1938 137 80 père
2285 1941 69 56 de
2387 1943 53 54 la
2471 1943 272 76 musique

279 2027 282 77 française
597 2027 297 57 moderne.

462 2114 179 56 Deux
697 2127 272 42 courants
1020 2132 54 36 se
1130 2126 307 63 partagent
1490 2112 374 76 aujourd'hui
1924 2126 152 43 cette
2128 2115 294 77 musique.
2483 2115 261 77 Lorsque

288 2216 168 63 parut
512 2199 358 57 l'étonnante
924 2198 394 79 personnalité
1383 2201 68 54 de
1510 2201 94 55 M.
1669 2199 287 70 DEBUSSY,
2012 2222 146 36 nous
2221 2203 230 56 crûmes
2504 2217 130 41 tous
2696 2203 50 55 la

286 2288 290 56 direction
632 2287 70 56 de
761 2301 165 42 notre
974 2301 85 41 art
1116 2284 31 58 à
1195 2301 131 41 tout
1374 2287 199 70 jamais
1619 2286 263 78 changée
1916 2310 13 44 ;
1984 2302 55 41 et
2086 2303 185 42 certes
2318 2291 52 54 la
2426 2305 154 40 trace
2630 2310 114 57 que

283 2376 229 56 laissera
560 2375 140 55 dans
754 2376 52 53 la
869 2375 271 76 musique
1205 2387 166 41 toute
1435 2372 218 57 entière
1711 2387 90 43 cet
1858 2376 197 54 artiste
2112 2396 123 36 sans
2299 2377 180 78 pareil
2536 2390 208 42 restera

284 2483 71 34 en
409 2476 129 41 tout
592 2481 90 36 cas
734 2460 362 77 ineffaçable.
1157 2461 230 55 Nature
1450 2458 457 79 profondément
1959 2463 300 69 musicale,
2318 2463 96 58 M.
2476 2463 267 78 Debussy

288 2550 151 53 avait
476 2546 274 57 conservé
804 2549 254 74 quelque
1107 2546 176 57 chose
1336 2546 68 56 de
1437 2547 218 78 l'esprit
1708 2547 70 56 de
1821 2549 52 54 la
1920 2550 274 77 musique
2248 2571 143 58 pure
2443 2565 55 41 et
2550 2552 194 54 même

284 2635 71 56 de
390 2655 84 36 ses
505 2632 238 70 formes,
772 2634 380 56 subtilement
1187 2632 405 79 enveloppées.
1625 2634 49 56 Il
1707 2634 193 57 l'avait
1934 2636 328 79 pratiquée.
2301 2639 95 54 Ses
2428 2636 318 79 premières

286 2721 428 78 compositions
761 2720 487 77 symphoniques,
1284 2721 52 55 le
2502 2721 242 55 Prélude
1727 2721 41 56 F
1774 2723 377 74 Apres-Midi
2578 2739 55 41 et
2667 2725 77 55 les

302 2809 329 66 Nocturnes,
650 2822 130 40 sont
828 2828 154 36 assez
1015 2806 129 78 près
1178 2806 164 56 d'elle
1374 2830 11 45 ;
1437 2822 55 40 et
1528 2828 97 36 son
1930 2825 144 40 reste
2125 2832 74 34 un
2238 2811 69 56 de
2342 2832 81 35 ses
2464 2832 282 56 ouvrages

288 2895 79 55 les
401 2894 297 55 meilleurs
750 2908 55 41 et
849 2894 78 55 les
978 2895 131 75 plus
1157 2893 521 77 caractéristiques.
1731 2895 162 55 Mais
1926 2917 75 34 on
2051 2917 67 34 en
2166 2912 82 42 est
2300 2918 174 48 venu,
2511 2918 66 34 en
2633 2895 113 59 très

284 3002 115 57 peu
435 2979 290 70 d'années,
763 2979 29 57 à
827 3001 54 35 se
917 2982 316 54 demander
1266 2982 44 54 si
1361 2994 90 42 cet
1486 2996 85 40 art
1606 2982 42 54 si
1684 2979 320 60 émouvant
2038 2998 56 41 et
2128 2985 44 55 si
2207 2984 151 57 neuf
2382 3006 71 35 ne
2487 3006 120 35 sera
2648 3004 96 58 pas

287 3088 79 35 un
415 3088 114 56 peu
579 3081 185 42 court.
802 3068 268 55 Aussitôt
1125 3088 113 56 que
1288 3068 52 53 la
1390 3065 318 58 sensibilité
1760 3071 403 55 merveilleuse
2212 3071 70 57 de
2326 3073 97 55 M.
2478 3071 266 78 Debussy

283 3153 224 57 n'entre
541 3156 128 75 plus
703 3175 69 34 en
797 3154 122 77 jeu,
956 3175 99 35 son
1103 3156 164 77 style,
1304 3170 160 40 entre
1498 3175 82 35 ses
1615 3156 187 55 mains
1846 3158 242 67 mêmes,
2123 3159 203 56 tombe
2366 3181 68 34 au
2470 3157 271 80 procédé,

398 3325 10 20 1
443 3325 33 36 II
497 3339 47 23 ne
566 3325 168 38 faudrait
763 3340 65 37 pas
860 3325 184 48 négliger,
1068 3327 94 35 dans
1195 3340 75 23 une
1292 3327 157 36 histoire
1470 3325 85 52 plus
1587 3325 190 53 complète
1807 3328 52 35 du
1882 3327 320 53 développement
2233 3332 46 36 de
2301 3330 34 38 la
2367 3332 178 48 musique
2575 3345 95 37 pure
2700 3344 45 22 en

284 3384 159 43 France,
477 3380 33 38 le
541 3380 80 38 rôle
652 3381 138 37 décisif
816 3391 36 27 et
883 3381 177 48 glorieux
1091 3383 45 36 de
1167 3382 35 37 la
1873 3383 140 38 fondée
2044 3387 160 35 aussitôt
2237 3390 106 48 après
2374 3386 35 38 la
2437 3401 136 33 guerre
2594 3385 130 37 franco-

285 3437 230 45 allemande,
555 3447 36 26 et
623 3438 170 48 quoique
825 3447 86 42 trop
934 3442 176 45 attaquée
1132 3439 263 47 aujourd'hui,
1420 3439 174 47 toujours
1616 3452 45 22 en
1695 3438 126 51 pleine
1855 3441 165 37 activité.
2055 3443 62 34 On
2149 3452 91 41 peut
2272 3444 81 35 dire
2381 3457 74 35 que
2488 3452 85 27 tout
2606 3456 40 22 ce
2681 3443 64 47 qui

280 3496 85 35 s'est
386 3494 160 51 produit
567 3493 46 36 de
635 3492 268 50 remarquable
919 3507 45 22 en
984 3493 69 37 fait
1071 3495 46 35 de
1139 3495 178 48 musique
1340 3495 46 36 de
1408 3493 184 37 chambre
1614 3503 35 28 et
1738 3509 45 21 en
1806 3497 146 45 grande
1974 3498 122 49 partie
2183 3499 45 35 de
2246 3499 178 49 musique
2446 3499 297 50 symphonique,

276 3564 21 23 a
329 3554 57 32 été
418 3549 168 37 entendu
619 3549 93 36 dans
743 3563 53 22 ses
827 3559 174 27 concerts
1026 3563 99 36 pour
1155 3549 35 37 la
1222 3551 186 50 première
1437 3549 82 46 fois,
1554 3559 35 27 et
1626 3564 73 35 que
1732 3560 86 27 tous
1849 3550 50 38 les
1932 3563 271 27 mouvements
2237 3555 209 46 originaux
2467 3555 46 36 de
2552 3563 110 27 notre
2684 3563 58 27 art

277 3615 89 28 sont
387 3606 110 36 sortis
518 3603 110 38 d'elle
650 3614 35 27 et
708 3605 69 36 dûs
799 3608 19 33 à
840 3619 53 22 ses
915 3615 356 37 encouragements.

276 345 161 68 LXXXVI
