2880 4033
1343 293 73 65 S.
1484 290 51 69 I.
1615 289 115 66 M.

335 433 227 59 fournir
613 435 29 56 à
696 435 236 57 l'artiste
987 436 53 53 la
1088 433 243 56 matière
1375 433 144 55 dont
1567 433 41 55 il
1658 433 324 55 construira
2032 452 77 36 un
2159 446 161 42 autre
2377 433 234 69 monde,
2660 435 129 76 plus

336 524 179 57 solide
550 538 53 41 et
640 524 128 76 plus
801 518 197 60 défini.
1028 521 157 57 C'est
1219 522 70 55 de
1317 521 139 78 quoi
1488 520 221 56 Claude
1738 518 287 79 Debussy,
2055 521 50 53 le
2142 521 272 75 premier,
2448 521 130 57 s'est
2612 520 172 58 avisé.

510 611 158 56 C'est
712 607 95 59 dès
852 628 157 57 1904
1058 629 114 57 que
1220 610 113 53 l'on
1388 629 29 34 a
1468 628 79 56 pu
1600 626 337 58 remarquer
1989 626 77 36 un
2112 606 393 78 changement
2547 607 136 58 dans
2732 629 54 36 sa

336 696 276 57 manière.
644 698 53 54 A
725 710 151 42 cette
904 695 130 56 date
1068 709 101 42 ont
1204 717 139 54 paru
1382 695 138 55 trois
1554 713 303 37 romances
1883 714 94 34 sur
2004 692 95 58 des
2135 691 235 79 poèmes
2398 694 67 57 de
2493 695 291 70 Verlaine,

336 786 102 77 qui
472 783 257 57 forment
762 784 52 55 le
848 783 212 56 second
1095 783 218 54 recueil
1347 781 95 55 des
1477 781 151 56 Fêtes
1652 781 254 75 galantes
1942 806 11 43 ;
1991 780 139 56 dans
2164 781 51 55 la
2249 779 310 58 deuxième
2594 783 68 54 de
2696 803 90 36 ces

335 891 320 45 romances,
689 870 52 55 le
791 870 197 76 piano,
1040 889 70 35 au
1162 869 115 55 lieu
1314 868 412 76 d'envelopper
1771 866 52 55 le
1858 866 179 56 chant
2081 866 177 56 d'une
2290 866 290 58 vibration
2631 869 125 56 d'ac-

334 958 184 67 cords,
553 978 56 35 se
658 969 274 44 contente
966 953 304 79 d'égrener
1319 976 112 34 une
1481 954 337 56 ritournelle
1869 953 451 77 mélancolique,
2370 954 29 57 à
2446 957 338 54 l'imitation

334 1046 70 55 de
437 1047 50 53 la
520 1043 158 69 flûte,
714 1063 95 36 sur
841 1043 50 55 le
926 1042 237 78 rythme
1196 1039 220 57 étouffé
1451 1040 177 56 d'une
1662 1039 170 57 danse
1865 1042 282 54 lointaine
2173 1065 12 44 ;
2224 1040 135 56 dans
2403 1043 53 55 la
2490 1040 296 59 troisième

353 1131 288 80 (Colloque
1027 1126 256 80 sentimental),
1284 1127 175 56 l'harmonie
1514 1128 101 76 qui
1667 1147 402 57 accompagne
2121 1148 63 35 ce
2238 1127 269 79 dialogue
2561 1128 224 57 d'oubli

333 1237 200 57 repose
581 1237 93 36 sur
710 1237 111 35 une
868 1217 154 55 seule
1058 1230 134 40 note
1242 1227 319 55 constante,
1597 1213 143 56 dont
1774 1214 52 56 le
1860 1213 325 56 battement
2227 1235 204 35 morne
2465 1214 85 58 dit
2584 1217 203 55 mieux

333 1326 114 56 que
481 1319 163 42 toute
672 1303 365 55 modulation
1074 1303 52 55 la
1161 1303 246 55 tristesse
1441 1302 70 55 de
1545 1322 65 36 ce
1660 1303 103 75 qui
1798 1303 141 54 n'est
1973 1303 146 75 plus.
2151 1305 172 53 Cette
2357 1302 194 57 même
2584 1301 200 70 année,

334 1392 139 55 trois
512 1391 275 55 Chansons
819 1390 62 54 de
907 1391 212 55 France
1122 1435 14 22 ,
1164 1409 94 35 sur
1284 1388 96 56 des
1416 1390 222 75 paroles
1665 1387 70 56 de
1763 1387 240 57 Charles
2029 1387 325 70 d'Orléans,
2382 1391 403 75 atteignaient,

333 1499 102 56 par
481 1477 95 56 des
626 1477 187 77 lignes
865 1477 128 77 plus
1044 1477 236 77 simples
1331 1495 231 48 encore,
1611 1474 30 57 à
1689 1474 317 78 l'élégance
2055 1472 134 60 fière
2243 1490 55 41 et
2349 1474 297 58 résistante
2710 1476 76 57 du

331 1564 191 78 poète.
561 1562 255 58 L'année
862 1565 285 67 suivante,
1182 1584 65 36 ce
1296 1561 91 57 fut
1440 1584 76 34 un
1571 1565 216 55 recueil
1837 1562 69 58 de
1958 1564 141 56 trois
2150 1561 194 80 pièces
2392 1585 150 56 pour
2591 1565 195 77 piano,

333 1653 144 55 dites
703 1654 164 74 Images,
868 1651 64 56 dont
971 1653 78 54 les
1102 1649 314 80 premières
1467 1665 298 42 montrent
1801 1672 76 34 un
1912 1651 145 78 style
2100 1651 148 56 aussi
2298 1653 201 76 souple
2533 1665 55 42 et
2621 1650 165 57 fleuri

331 1759 113 57 que
495 1740 79 55 les
899 1740 105 75 Estampes,
1005 1738 104 56 de
1110 1758 105 56 1903
1256 1762 11 44 ;
1321 1738 144 56 mais
1514 1739 50 55 la
1600 1735 260 57 dernière
2351 1758 54 36 se
2443 1736 240 59 satisfait
2718 1738 68 56 de

331 1825 309 57 combiner
673 1825 70 56 de
777 1823 329 80 perpétuels
1140 1825 224 56 triolets
1398 1846 138 35 avec
1572 1846 76 34 un
1685 1823 201 57 thème
1924 1823 134 57 bref
2098 1838 54 42 et
2187 1846 268 56 sauvage.
2493 1827 91 54 En
2629 1843 153 59 1905

330 1914 147 56 aussi
512 1928 170 64 parut
716 1914 52 55 la
796 1914 131 55 Mer
954 1936 10 33 :
1002 1933 65 36 ce
1100 1927 129 42 sont
1257 1914 140 55 trois
1431 1914 277 76 esquisses
1733 1912 488 78 symphoniques,
2250 1913 142 55 dont
2420 1914 54 55 la
2498 1912 288 78 première

330 2001 128 55 idée
493 2015 266 41 remonte
794 1999 29 56 à
867 2021 154 56 1903
1061 2026 12 43 ;
1129 2002 76 54 ici
1257 2001 51 54 la
1360 1998 253 57 mélodie
1663 2013 83 42 est
1780 2020 124 35 sans
1952 1998 336 70 réticences,
2329 2015 56 40 et
2434 1999 351 57 l'harmonie

330 2087 189 57 forme
555 2107 82 37 ses
672 2087 236 57 accords
955 2107 104 57 par
1091 2088 52 55 la
1177 2087 405 56 combinaison
1619 2086 69 56 de
1722 2083 202 59 motifs
1958 2083 225 71 définis,
2217 2087 156 56 selon
2423 2087 51 55 le
2519 2088 266 76 principe

331 2175 76 57 du
446 2177 375 75 contrepoint
857 2199 13 44 ;
921 2176 144 54 mais
1107 2176 59 54 ni
1220 2176 153 54 l'une
1426 2175 141 55 n'est
1619 2175 272 54 astreinte
1942 2172 30 57 à
2019 2175 52 54 la
2114 2195 239 56 gamme
2403 2175 273 68 majeure,
2726 2175 58 55 ni

329 2262 203 56 l'autre
567 2261 30 57 à
630 2263 52 54 la
716 2261 252 57 cadence
1003 2258 244 82 parfaite
1282 2283 9 34 :
1329 2262 124 54 leur
1486 2258 236 58 volonté
1757 2261 153 56 seule
1943 2261 79 56 les
2056 2262 264 56 conduit.

505 2351 88 53 En
644 2368 155 58 1907
834 2350 295 76 paraissait
1166 2369 76 34 un
1289 2347 211 56 second
1548 2349 217 54 recueil
2116 2369 149 56 pour
2312 2350 51 54 le
2413 2349 195 77 piano,
2643 2347 141 56 dont

329 2439 52 54 la
428 2436 247 57 seconde
726 2437 320 77 accomplit
1082 2457 63 35 ce
1181 2457 113 55 que
1345 2435 114 56 l'on
1495 2436 223 78 croyait
1768 2435 241 56 interdit
2058 2457 113 34 aux
2207 2450 189 64 temps
2431 2436 303 56 modernes
2770 2457 10 34 :

330 2545 114 35 une
495 2524 272 76 musique
819 2521 387 57 entièrement
1258 2519 357 80 mélodique.
1674 2521 49 56 Il
1779 2521 91 78 n'y
1924 2543 29 33 a
2006 2523 130 76 plus
2193 2523 75 55 ici
2328 2544 77 34 un
2456 2523 176 55 chant
2682 2523 100 77 qui

329 2611 260 78 s'appuie
623 2632 93 34 sur
750 2610 96 57 des
880 2610 255 69 accords,
1172 2631 234 34 comme
1440 2629 114 36 aux
1586 2609 132 76 âges
1752 2609 284 77 classique
2070 2623 56 42 et
2164 2611 395 77 romantique,
2589 2610 57 55 ni
2682 2610 97 78 qui

330 2719 70 35 en
434 2697 226 68 émane,
697 2698 142 54 ainsi
875 2718 114 56 que
1025 2697 137 55 dans
1195 2697 127 55 l'art
1351 2695 358 78 symboliste.
1743 2697 141 54 Sous
1919 2717 63 34 ce
2019 2697 156 68 titre,

338 2807 96 34 sur
593 2787 48 54 le
753 2785 189 77 temple
1190 2783 95 77 qui
1289 2783 128 76 fut,
1016 2785 51 54 le
1101 2784 272 56 sommeil
1407 2783 141 56 d'un
1581 2797 156 42 vaste
1773 2803 269 59 paysage,
2077 2804 114 58 que
2225 2784 95 56 des
2365 2804 207 59 rayons
2603 2785 150 55 inter-

330 2873 267 55 mittents
647 2885 284 41 caressent
984 2885 53 40 et
1073 2871 321 67 consolent,
1430 2883 81 42 est
1545 2868 229 79 évoqué
1810 2890 101 57 par
1947 2891 111 34 une
2093 2869 254 59 mélodie
2392 2872 44 56 si
2481 2885 298 53 soutenue,

330 2961 215 76 qu'elle
578 2980 56 35 se
667 2978 160 58 passe
861 2958 68 55 de
965 2972 128 42 tout
1129 2958 178 78 appui
1342 2954 310 60 extérieur.
1690 2957 155 57 C'est
1881 2978 73 35 un
1997 2957 178 57 chant
2211 2959 101 78 qui
2366 2957 202 58 s'élève
2620 2972 53 42 et
2726 2977 54 36 se

329 3047 306 78 prolonge,
673 3043 137 57 isolé
846 3043 138 57 dans
1035 3045 245 77 l'espace
1331 3057 162 42 muet
1530 3045 102 76 qui
1683 3042 252 57 l'écoute
1971 3069 13 44 ;
2036 3046 146 54 mais
2215 3066 64 36 ce
2315 3046 178 56 chant
2544 3058 81 42 est
2668 3045 85 55 lui-

329 3135 195 54 même
560 3132 154 56 tracé
750 3152 101 58 par
895 3132 95 56 des
1016 3131 237 57 accords
1284 3156 11 45 ;
1333 3152 64 35 ce
1423 3132 143 55 n'est
1590 3151 96 57 pas
1713 3151 112 36 une
1851 3132 181 76 ligne,
2061 3132 135 57 c'est
2231 3155 113 34 une
2371 3131 184 80 figure
2589 3132 192 78 pleine

329 3219 75 57 où
453 3221 51 53 le
553 3220 307 67 musicien,
896 3220 298 76 sculpteur
1214 3217 95 56 des
1336 3238 148 48 sons,
1509 3239 29 34 a
1572 3216 286 58 condensé
1882 3231 165 43 toute
2069 3220 53 54 la
2147 3221 92 55 vie
2267 3219 197 80 éparse
2498 3221 279 55 alentour.

504 3305 196 70 Enfin,
725 3326 69 36 en
829 3306 179 76 1908,
1031 3307 50 54 le
1116 3307 147 77 petit
1291 3306 216 55 recueil
1535 3326 149 58 pour
1705 3304 247 69 enfants,
2556 3306 223 76 traçait,

329 3415 138 36 avec
503 3394 68 54 de
623 3394 160 54 telles
818 3391 299 69 mélodies,
1153 3393 70 55 de
1257 3390 272 57 délicates
1563 3393 361 67 miniatures,
1959 3406 55 42 et
2050 3393 69 55 de
2169 3396 298 55 nouvelles
2507 3394 274 58 Chansons

325 3484 63 55 de
443 3481 231 58 Charles
726 3480 315 57 d'Orléans
1096 3502 70 34 en
1223 3480 402 78 composaient
1683 3479 96 57 des
1841 3479 254 70 chœurs,
2161 3481 176 58 d'une
2401 3484 169 75 grâce
2634 3480 142 56 aussi

329 3589 277 37 nerveuse
641 3589 114 57 que
788 3568 79 56 les
900 3566 258 58 modèles
1192 3566 69 56 de
1294 3568 51 54 la
1384 3568 406 65 Renaissance,
1826 3568 145 54 mais
2004 3569 127 76 plus
2166 3569 220 57 tendre.

339 291 154 91 CXII
