2880 4033
408 442 403 69 CLAUDE
874 445 427 66 DEBUSSY
1362 445 129 66 ET
1552 445 120 66 LE
1738 442 622 69 DEBUSSYSME

324 896 159 56 C'est
541 917 68 36 en
671 897 222 56 France
949 917 114 57 que
1119 897 52 56 la
1227 896 273 77 musique
1555 896 161 54 vient
1775 893 389 78 d'accomplir
2227 913 101 36 son
2387 893 230 57 dernier

149 982 259 80 progrès,
461 1005 116 35 non
635 1005 103 57 par
788 983 180 57 l'effet
1020 983 174 56 d'une
1245 981 255 58 réforme
1554 1002 237 36 comme
1848 982 169 55 celles
2067 980 70 57 de
2190 981 202 56 Gluck
2441 996 56 42 et
2547 981 70 56 de

154 1071 283 76 Wagner,
474 1072 145 55 mais
668 1091 103 59 par
818 1072 52 55 la
919 1071 153 56 seule
1117 1085 56 42 et
1207 1084 165 42 toute
1406 1070 295 77 puissante
1735 1070 338 76 persuasion
2109 1067 96 56 des
2239 1087 229 37 œuvres
2502 1090 115 56 que

150 1179 145 35 nous
347 1180 29 34 a
428 1157 254 59 données
732 1159 226 55 Claude
1010 1159 287 77 Debussy.
1366 1159 276 76 Quelque
1691 1157 247 78 opinion
1997 1176 115 58 que
2181 1156 114 56 l'on
2361 1155 256 80 professe

148 1267 72 35 au
271 1245 147 77 sujet
470 1246 70 56 de
592 1267 92 35 ces
736 1267 246 48 œuvres,
1033 1246 41 55 il
1126 1259 81 42 est
1258 1246 221 55 certain
1521 1244 238 78 qu'elles
1809 1256 312 64 marquent
2158 1242 139 56 dans
2330 1242 287 58 l'histoire

148 1354 114 36 une
319 1334 131 56 date
511 1355 74 36 au
648 1335 192 56 moins
903 1335 148 56 aussi
1115 1335 361 76 importante
1535 1353 115 57 que
1706 1333 142 55 celle
1907 1331 96 56 des
2065 1333 284 76 premiers
2413 1330 204 80 opéras

148 1420 321 70 florentins,
505 1423 102 77 qui
658 1435 103 44 ont
811 1423 218 77 permis
1074 1443 69 34 au
1192 1420 177 57 chant
1416 1420 364 78 d'exprimer
1811 1420 54 55 la
1898 1420 231 78 passion
2164 1433 55 42 et
2255 1434 101 42 ont
2392 1418 223 81 dégagé

146 1509 77 56 du
276 1510 376 78 contrepoint
700 1509 349 56 l'harmonie
1074 1533 12 43 ;
1138 1529 97 36 car
1282 1509 132 56 elles
1463 1522 102 42 ont
1616 1505 333 70 renouvelé,
1985 1508 134 56 elles
2153 1508 169 68 aussi,
2359 1507 29 57 à
2421 1509 52 55 la
2506 1507 111 58 fois

146 1598 53 56 le
232 1598 320 56 sentiment
585 1612 55 41 et
675 1598 52 56 le
760 1595 253 82 système
1047 1595 71 58 de
1150 1598 52 55 la
1236 1598 311 76 musique;
1584 1597 135 54 elles
1763 1617 70 34 en
1870 1609 101 42 ont
2006 1593 217 58 étendu
2257 1595 51 56 le
2345 1597 270 77 pouvoir,

148 1698 56 42 et
237 1684 143 58 l'ont
422 1683 213 57 établie
667 1705 97 37 sur
797 1684 70 56 de
916 1684 296 56 nouvelles
1259 1684 108 55 lois
1416 1682 134 80 qu'à
1599 1683 121 56 vrai
1769 1682 124 57 dire
1933 1703 74 35 on
2058 1682 305 57 cherchait
2412 1683 206 79 depuis

145 1773 358 78 longtemps,
557 1772 143 57 dont
750 1794 75 35 on
875 1773 153 55 avait
1077 1772 198 56 même
1310 1791 214 58 aperçu
1561 1772 478 77 quelques-unes,
2074 1791 126 36 sans
2233 1772 216 56 arriver
2483 1771 29 57 à
2547 1792 68 36 en

146 1861 162 56 saisir
339 1860 341 57 l'ensemble
714 1875 56 42 et
803 1860 227 58 l'unité.

238 1950 100 56 Un
392 1949 147 57 aussi
590 1949 183 77 grand
826 1947 399 80 changement
1274 1969 71 35 ne
1390 1947 245 79 pouvait
1670 1947 193 56 laisser
1896 1947 290 78 l'opinion
2222 1945 392 61 indifférente.

149 2037 112 56 Les
309 2056 127 50 uns,
472 2034 359 81 prédestinés
879 2056 123 37 sans
1051 2035 200 70 doute,
1286 2035 144 57 l'ont
1480 2035 272 56 accueilli
1801 2055 238 36 comme
2087 2035 53 56 la
2180 2032 331 60 réalisation
2548 2035 70 57 de

148 2126 127 55 leur
326 2125 128 78 plus
505 2123 215 58 secrète
774 2139 54 42 et
872 2125 132 78 plus
1054 2123 176 57 chère
1279 2121 311 82 espérance
1617 2148 13 44 ;
1682 2124 67 56 ils
1799 2136 103 42 ont
1951 2143 262 37 reconnu
2252 2124 52 56 la
2342 2125 276 76 musique

149 2214 279 77 promise,
465 2213 142 56 dont
642 2214 52 55 la
728 2211 316 80 prophétie
1080 2213 245 56 obscure
1359 2210 144 59 était
1536 2233 72 36 au
1642 2210 143 59 fond
1823 2210 68 57 de
1931 2213 151 56 leurs
2116 2233 189 36 cœurs
2341 2236 13 45 ;
2404 2213 68 56 ils
2516 2225 102 42 ont

150 2300 258 57 entendu
450 2314 152 43 cette
629 2302 142 55 voix
793 2326 13 44 ;
842 2302 69 55 ils
947 2314 101 42 ont
1082 2300 261 79 compris
1378 2321 65 35 ce
1477 2300 252 78 langage
1763 2300 177 78 qu'ils
1973 2300 332 77 ignoraient
2341 2300 52 55 la
2427 2300 191 69 veille,

150 2403 57 43 et
242 2389 68 56 ils
343 2402 104 43 ont
480 2385 93 60 été
602 2387 261 58 comblés
897 2388 70 57 de
991 2389 142 76 joie.

329 2477 162 56 Mais
543 2476 266 69 d'autres,
855 2474 206 80 auprès
1113 2474 193 71 d'eux,
1361 2473 336 60 écoutaient
1747 2496 124 37 sans
1921 2476 124 55 rien
2095 2474 292 59 discerner
2435 2476 183 78 qu'un

153 2564 160 58 bruit
362 2562 226 71 confus,
640 2562 260 80 étrange,
949 2562 238 80 pénible
1239 2564 216 58 même.
1494 2564 142 56 Bien
1688 2585 116 57 peu
1853 2563 226 57 d'entre
2119 2562 237 57 ceux-là
2389 2564 230 55 avaient

154 2674 155 37 assez
357 2652 69 57 de
472 2651 194 58 bonne
713 2651 84 58 foi
847 2674 153 57 pour
1047 2674 216 35 avouer
1307 2674 115 57 que
1466 2666 126 42 tant
1644 2652 70 56 de
1762 2651 333 58 nouveauté
2143 2653 79 56 les
2270 2652 227 79 prenait
2548 2674 72 34 au

154 2740 328 80 dépourvu,
531 2761 155 36 assez
733 2741 70 56 de
854 2741 192 56 bonne
1094 2738 241 59 volonté
1385 2761 151 57 pour
1584 2754 191 43 tenter
1822 2740 69 56 de
1943 2741 82 77 s'y
2067 2755 402 42 accoutumer.
2519 2741 99 55 Un

158 2827 587 59 Rimski-Korsakov
778 2849 71 36 ne
884 2830 287 76 craignait
1207 2849 99 57 pas
1340 2827 69 56 de
1443 2825 259 60 déclarer
1735 2829 149 77 qu'il
1983 2849 72 34 ne
2104 2829 369 78 comprenait
2521 2848 101 58 pas

155 2938 231 48 encore,
417 2916 145 56 mais
595 2916 157 56 allait
780 2914 229 58 étudier
1043 2930 56 42 et
1523 2916 41 55 il
1597 2929 81 43 est
1714 2929 156 43 mort
1904 2930 172 42 avant
2111 2916 225 56 d'avoir
2369 2914 250 58 terminé

155 3027 102 37 son
320 3003 196 69 étude,
573 3004 145 56 mais
773 3024 57 36 sa
893 3001 262 59 dernière
1212 3004 305 77 partition,
1574 3004 52 55 le
2092 3005 51 55 le
2208 3018 232 42 montre
2496 3001 126 80 déjà

155 3089 341 61 familiarisé
531 3112 141 35 avec
705 3092 79 55 les
816 3092 296 55 locutions
1145 3092 317 55 nouvelles.
1495 3092 84 54 La
1612 3092 258 77 plupart,
1898 3093 255 54 envieux
2187 3092 136 55 d'un
2366 3090 220 57 enthou-

157 3182 208 57 siasme
417 3179 171 78 qu'ils
639 3199 73 35 ne
764 3179 321 78 pouvaient
1136 3192 273 65 partager
1457 3178 452 79 sur-le-champ,
1951 3199 57 36 se
2059 3180 359 56 consolaient
2459 3199 67 36 en
2568 3179 52 56 le

158 3269 241 56 traitant
444 3266 397 57 d'affectation
897 3287 75 34 ou
1007 3266 70 55 de
1109 3263 142 58 folie
1282 3291 13 44 ;
1342 3266 68 55 ils
1443 3267 368 77 reprenaient
1847 3268 80 55 les
1960 3268 180 55 vieux
2172 3287 311 37 sarcasmes
2516 3268 103 76 qui

158 3356 165 77 d'âge
359 3375 69 35 en
464 3354 107 78 âge
620 3368 102 41 ont
771 3352 239 79 désigné
1061 3375 114 34 aux
1223 3352 179 58 huées
1455 3353 68 57 de
1570 3354 52 55 la
1670 3352 159 58 foule
1877 3356 51 54 le
1979 3356 183 56 crime
2211 3354 70 58 de
2331 3356 178 56 sentir
2557 3376 63 36 ce

159 3443 211 79 qu'elle
412 3462 71 35 ne
535 3455 123 42 sent
709 3461 116 57 pas.
864 3437 177 60 Enfin
1091 3442 284 76 quelques
1418 3442 245 67 artistes,
1698 3461 125 37 sans
1856 3440 406 59 méconnaître
2295 3443 51 55 le
2382 3442 238 57 charme

160 3532 102 78 qui
313 3531 80 55 les
441 3528 302 79 captivait,
779 3526 316 58 refusaient
1145 3528 68 56 de
1264 3530 84 77 s'y
1392 3528 397 70 abandonner,
1824 3550 102 57 par
1974 3531 222 56 crainte
2246 3530 128 57 d'en
2415 3528 205 80 perdre

157 3621 54 55 la
267 3619 208 55 raison.
533 3617 196 55 Parmi
779 3615 237 57 ceux-là
1066 3636 72 36 on
1192 3630 138 64 peut
1376 3617 145 55 citer
1571 3617 96 56 M.
1719 3617 255 57 Vincent
2020 3617 235 82 d'lndy,
2293 3619 101 78 qui
2432 3639 31 34 a
2506 3617 117 80 pris
