2880 4033
984 293 793 68 FESTSCHRIFT

444 438 48 49 A
521 437 47 50 la
597 437 184 51 beauté
809 437 230 61 vivante.

441 511 300 51 Choisissez
770 511 123 65 moi,
924 530 69 41 y°
999 530 61 30 us
1090 522 121 38 tous
1239 510 26 50 à
1293 510 89 71 qui
1406 508 54 71 je
1490 508 127 50 serai
1650 508 136 65 cher,

445 586 121 49 Une
596 586 178 49 tombe
803 605 65 32 au
898 584 148 51 soleil
1077 605 88 32 sur
1195 584 46 51 le
1272 584 128 51 bord
1434 583 65 52 de
1527 582 48 51 la
1606 602 109 32 mer

441 659 133 51 Infin
583 661 45 49 ie
658 672 48 38 et
738 672 301 39 mouvante.

440 736 103 50 Les
572 736 145 63 jours
746 736 87 64 où,
864 736 320 69 prodiguant
1212 734 46 51 le
1287 734 98 50 rire
1415 746 48 38 et
1494 732 74 51 les
1598 732 248 71 sanglots,

440 811 75 49 Le
544 822 127 38 vent
699 809 275 51 labourera
1001 808 163 51 l'azur
1194 808 210 51 sombre
1434 808 90 51 des
1556 807 118 49 flots

436 884 314 66 J'écouterai
780 884 229 70 gronder
1037 883 113 51 leur
1180 902 165 32 masse
1376 882 293 68 exaspérée,

437 959 71 51 Et
529 958 54 71 je
614 978 84 32 me
726 958 336 52 souviendrai
1093 958 91 51 des
1214 955 207 54 fureurs
1452 953 324 70 d'autrefois,

437 1034 239 70 Lorsque
706 1033 127 52 dans
865 1044 117 40 tout
1011 1053 123 31 mon
1167 1052 145 32 cœur
1344 1030 312 52 retentissait
1684 1030 47 51 la
1761 1032 138 64 voix,

439 1110 109 50 Des
579 1106 152 53 folles
760 1109 235 69 passions
1024 1109 89 70 qui
1145 1108 290 51 montaient
1465 1106 114 51 leur
1609 1106 186 51 marée.

437 1183 73 52 Et
539 1183 212 71 lorsque
781 1183 310 52 chanteront
1119 1183 74 50 les
1221 1183 192 70 grands
1443 1181 119 50 flots
1592 1181 212 69 apaisés,

436 1258 323 67 J'entendrai
788 1258 249 50 résonner
1067 1258 90 50 des
1187 1258 207 50 anciens
1424 1256 191 51 baisers

437 1334 75 49 La
540 1334 244 70 musique
813 1333 267 52 lointaine.

439 1407 144 51 Pour
611 1407 235 51 charmer
875 1406 47 51 le
953 1426 154 50 repos
1136 1406 213 65 éternel,
1380 1406 124 51 c'est
1532 1423 145 33 assez

437 1482 111 50 Des
578 1481 192 51 trésors
825 1481 64 51 de
921 1481 226 52 douleur
1178 1493 49 39 et
1258 1481 64 51 de
1344 1481 109 70 joie
1482 1480 242 65 amassés,

436 1557 149 50 Dans
619 1576 99 32 une
747 1557 84 51 vie
863 1557 263 51 humaine.

992 1821 163 55 AUS
1208 1820 521 56 NORWEGEN

1132 2008 96 75 (A.
1286 2008 321 75 COQUARD)

282 2219 103 50 Die
432 2216 187 51 beiden
670 2218 195 51 Stucke
910 2218 119 51 sind
1067 2218 141 51 einer
1240 2216 423 51 Orchestersuite
1693 2228 365 53 entnommen,
2090 2215 191 51 welche
2309 2215 111 51 vier
2449 2213 146 53 Teile

131 2290 222 53 umfasst
381 2314 9 31 :
423 2294 92 48 Am
966 2291 162 70 Fjord,
1898 2294 94 49 Am
2145 2293 256 66 Nordkap,

459 2366 291 69 AmNordkapA
800 2368 160 50 Fahle
1010 2366 188 66 Nebel,
1244 2387 91 30 aus
1383 2366 233 51 welchen
1660 2366 181 51 diistre
1885 2364 187 52 Felsen
2115 2365 105 51 sich
2262 2364 252 66 abheben,
2543 2364 48 51 in

135 2904 315 52 unendliche
479 2903 330 52 Einsamkeit
850 2903 264 70 getaucht.
1156 2900 260 53 Plôtzlich
1461 2904 242 50 zerreisst
1747 2902 83 52 die
1877 2903 176 51 Sonne
2096 2903 84 51 die
2218 2903 255 52 Wolken.
2511 2904 87 51 Ihr

131 2979 173 52 Glanz
345 2980 190 69 spriiht
576 2978 209 52 seltsam
822 2977 111 50 und
960 2977 408 69 geheimnisvoll
1400 2974 305 72 kampfend,
1735 2977 163 50 durch
1945 2977 84 52 die
2076 2978 187 51 Nebel.
2312 2979 156 51 Doch
2498 2998 98 32 nur

131 3050 85 54 fur
271 3054 152 51 einen
466 3052 340 71 Augenblick
853 3052 200 50 scheint
1103 3052 87 49 sie.
1242 3050 127 51 Bald
1413 3048 341 73 aufgesogen,
1802 3050 289 52 wiederum
2140 3052 306 52 verdichten
2490 3053 105 51 sich

131 3128 84 52 die
263 3129 231 64 Dùnste,
545 3128 93 51 der
684 3125 276 52 Horizont
1014 3125 225 51 bedeckt
1296 3126 104 50 sich
1457 3126 97 50 mit
1603 3126 169 50 einem
1815 3125 360 71 dâmmerigen
2218 3128 376 51 Leichentuch.

132 3204 113 49 Der
276 3204 174 51 Autor
479 3204 85 49 hat
596 3201 108 51 hier
733 3201 169 51 nichts
931 3200 92 52 der
1052 3200 326 52 Volksweise
1409 3200 255 53 entlehnt.
1697 3201 104 51 Die
1836 3201 191 51 Musik
2056 3201 64 52 ist
2159 3199 98 54 auf
2294 3200 298 74 folgendem

136 3279 184 51 Motiv
348 3275 285 72 aufgebaut
667 3298 9 29 :

2466 290 134 70 LXIX
