2880 4033
869 344 790 71 FESTSCHRIFT

774 492 84 51 En
890 502 149 39 notre
1060 489 173 71 jardin
1263 499 196 59 entray.

774 565 155 51 Trois
959 565 157 50 fleurs
1145 563 242 52 d'amour
1415 581 33 49 y
1477 572 239 58 trouvay.

776 643 99 49 Las
898 642 53 69 je
983 642 164 69 n'iray
1177 639 132 70 plus,
1333 638 54 71 je
1417 636 161 70 n'iray
1610 654 85 50 pas

998 715 165 66 Jouer
1192 733 65 30 au
1288 713 144 68 boys.

776 902 63 51 Ti
840 903 92 50 *ois
962 902 158 49 fleurs
1150 901 242 50 d'amour
1421 916 33 51 y
1483 908 224 56 trouvay
1733 916 12 42 ;

778 977 126 49 Une
933 996 62 29 en
1027 976 159 68 prins,
1216 974 139 50 deux
1384 991 62 30 en
1478 970 197 69 laissay.

777 1053 100 48 Las
900 1051 54 71 je
985 1051 160 68 n'iray
1176 1049 137 70 plus,
1336 1048 53 71 je
1420 1045 163 70 n'iray
1613 1063 86 50 pas

1006 1125 158 66 jouer
1194 1143 61 31 au
1289 1123 146 68 boys.

781 1312 124 50 Une
936 1331 63 31 en
1031 1311 157 68 prins,
1220 1310 139 49 deux
1388 1327 60 31 en
1481 1306 184 68 laissay
1688 1326 11 42 ;

778 1388 49 49 A
858 1405 125 32 mon
1012 1405 119 49 amy
1161 1383 330 69 l'envoirray.

782 1463 99 49 Las
913 1462 44 65 je
988 1461 162 70 n'iray
1182 1459 117 69 plus
1322 1476 53 52 je
1407 1457 159 66 n'iray
1599 1475 87 49 pas

781 1650 49 48 A
861 1666 122 31 mon
1014 1665 122 51 amy
1164 1645 191 49 l'envoi
1368 1663 114 49 rray

783 1722 112 57 Qui
926 1740 111 32 sera
1056 1720 202 71 joyeux
1288 1730 50 38 et
1365 1736 114 52 gay.

782 1799 102 49 Las
905 1796 55 71 je
990 1796 160 69 n'iray
1180 1793 135 70 plus,
1340 1792 53 71 je
1426 1791 163 70 n'iray
1618 1809 86 49 pas

1008 1871 166 66 Jouer
1202 1887 66 32 au
1298 1868 144 70 boys.

879 2134 72 49 IL
994 2130 139 52 EST
1176 2130 145 51 BEL
1365 2127 99 51 ET
1507 2126 156 51 BON

193 2304 280 50 Passereau.

566 2512 42 50 11
639 2524 77 38 est
745 2508 83 53 bel
858 2521 50 38 et
936 2508 124 65 bon,
1091 2507 122 64 bon,
1243 2506 123 63 bon,
1397 2505 124 64 bon,
1553 2503 122 64 bon,
1707 2500 282 63 commère,

567 2587 44 51 Il
640 2597 77 40 est
747 2585 81 50 bel
860 2596 50 38 et
938 2585 123 63 bon,
1092 2582 123 64 bon,
1247 2581 122 63 bon,
1401 2580 121 63 bon,
1555 2578 122 64 bon,
1708 2575 281 63 commère,

567 2660 300 64 Commère,
898 2656 283 65 commère,
1214 2675 123 30 mon
1374 2655 175 68 Mary.

569 2737 42 50 Il
642 2736 225 51 estoient
898 2733 139 51 deux
1065 2729 242 65 femmes,
1337 2740 175 39 toutes
1542 2726 130 52 d'un
1703 2743 124 51 pays

570 2812 189 51 Disant
788 2809 145 51 l'une
961 2808 27 51 à
1017 2807 207 51 l'aultre
1256 2827 9 29 :
1295 2823 130 32 avez
1454 2804 104 50 bon
1592 2803 176 67 Mary.

574 2886 39 50 11
644 2897 78 39 est
749 2884 83 51 bel
862 2896 50 38 et
941 2883 123 65 bon,
1094 2882 124 63 bon,
1248 2881 125 63 bon,
1403 2878 123 65 bon,
1559 2877 120 63 bon,
1709 2873 282 65 commère,

573 2962 41 49 Il
645 2973 76 38 est
750 2959 83 51 bel
865 2971 49 39 et
942 2959 123 64 bon,
1096 2958 122 64 bon,
1251 2956 122 63 bon,
1404 2954 122 64 bon,
1558 2952 122 64 bon,
1710 2967 281 46 commere,

573 3036 298 63 Commère,
903 3032 279 64 commère,
1215 3049 121 31 mon
1374 3030 175 68 Mary.

574 3109 43 51 Il
649 3129 62 31 ne
744 3128 83 32 me
854 3126 304 45 courousse,
1190 3124 63 31 ne
1284 3123 84 31 me
1398 3103 85 49 bat
1511 3119 155 51 aussy

576 3185 41 50 11
647 3183 92 53 fait
768 3185 45 50 le
843 3183 281 70 mesnaige.
1158 3180 42 50 11
1229 3180 178 50 donne
1435 3197 100 30 aux
1566 3174 271 71 poulailles

575 3260 71 51 Et
668 3259 53 71 je
753 3258 192 71 prends
976 3277 110 30 mes
1116 3255 215 70 plaisirs.

576 3334 300 63 Commère,
907 3333 124 50 c'est
1060 3349 136 51 pour
1223 3330 115 48 rire.

578 3409 200 58 Quand
807 3408 73 50 les
909 3405 274 71 poulailles
1213 3404 161 51 crient

578 3485 171 50 Petite
780 3494 261 60 coquette,
1072 3480 162 71 petite
1262 3489 244 61 coquette

579 3559 171 51 Petite
780 3569 262 60 coquette,
1072 3555 171 71 qu'est
1272 3573 120 51 cecy
1422 3550 17 52 ?

583 3634 43 50 Il
654 3646 77 38 est
760 3631 83 52 bel
875 3644 48 39 et
954 3632 101 50 bon

2402 330 89 71 LXI
