2880 4033
848 314 277 69 AMIS
1200 317 142 63 DE
1418 317 140 63 LA
1626 314 522 78 MUSIQUE

273 454 279 52 Kunstlers
597 455 106 52 und
746 455 111 52 hier
898 474 102 33 war
1028 474 70 46 es,
1130 475 79 32 wo
1252 474 53 32 er
1347 455 84 51 die
1472 454 226 52 Meister
1740 454 91 50 der
1867 454 194 50 Musik
2093 452 189 72 richtig
2310 454 211 50 kennen
2550 451 183 52 lernte.

424 529 128 52 Nun
598 530 203 71 begann
832 549 53 33 er
913 530 159 51 selbst
1112 550 70 31 zu
1211 529 385 69 komponieren
1625 529 112 50 und
1766 529 170 69 einige
1964 527 252 71 Verleger
2244 539 202 59 wagten
2483 545 69 47 es,
2596 525 139 51 seine

274 605 441 71 Erstlingswerke
763 605 447 71 herauszugeben.
1254 605 105 51 Ein
1409 604 176 50 halbes
1633 604 259 50 Dutzend
1940 604 208 64 Lieder,
2195 602 171 70 einige
2411 602 192 51 Stucke
2650 597 87 54 fur

274 680 211 52 Klavier
525 680 112 52 und
679 680 166 66 Cello,
875 680 191 52 andere
1107 680 348 51 zahlreichere
1501 676 84 52 fur
1627 677 212 52 Klavier
1882 677 109 52 und
2020 677 210 51 Violine
2259 677 112 51 und
2399 677 82 51 ein
2513 676 196 52 Streich-

274 766 229 59 quartett
547 775 84 50 op.
673 772 58 51 19
778 755 398 50 kennzeichnen
1218 753 109 51 sein
1371 751 236 53 Schaffen
1656 752 77 50 bis
1776 771 167 52 gegen
1987 751 90 51 das
2121 751 127 67 Jahr
2300 752 152 51 1860.
2486 752 60 50 In
2592 750 143 50 Paris

275 830 149 50 hôrte
468 850 120 30 man
636 831 129 49 nach
811 830 112 52 und
972 830 127 50 nach
1149 828 77 51 bei
1280 828 258 64 Colonne,
1588 827 303 69 Pasdeloup
1939 827 112 51 und
2098 827 128 51 auch
2283 826 52 51 in
2390 826 91 52 der
2537 825 198 52 Société

275 905 281 52 Nationale
608 910 132 63 1873
790 906 82 49 ein
917 906 403 51 Divertissement
1345 905 99 67 fur
1487 903 251 51 Orchester
1738 945 13 22 ,
1790 907 138 62 1874
1957 903 85 50 ein
2077 902 356 52 Violinkonzert
2433 945 14 23 ,
2485 906 133 63 1875
2651 901 84 51 die

273 981 242 66 spanische
544 981 280 66 Symphonie
852 979 94 51 mit
975 979 210 51 Violine
1214 999 84 49 op.
1336 995 86 48 21,
1474 978 135 66 1876
1653 978 83 50 ein
1776 977 369 67 symphonisch.es
2185 977 192 68 Allegro
2422 977 151 68 (nach
2615 976 120 50 dem

273 1054 219 70 Allegro
523 1052 84 53 fur
652 1054 213 51 Klavier
908 1054 110 51 und
1060 1053 150 51 Cello
1252 1072 84 50 op.
1370 1053 104 69 16),
1513 1056 135 62 1877
1694 1052 89 51 das
1812 1052 217 49 Konzert
2049 1052 99 66 fur
2180 1051 140 52 Cello.
2352 1051 385 52 Verschiedene

275 1129 201 51 Werke
495 1129 176 51 Lalo's
691 1129 217 52 wurden
927 1148 124 32 zum
1074 1141 170 38 ersten
1268 1127 116 51 Mal
1408 1128 50 50 in
1486 1127 172 51 Berlin
1684 1124 325 73 aufgefiihrt,
2030 1127 84 51 die
2138 1126 599 52 Serenaden-Romanze

274 1200 86 55 fur
404 1203 209 52 Violine
655 1204 112 51 und
795 1204 283 50 Orchester
1119 1203 110 51 und
1259 1203 83 50 die
1373 1202 375 70 Norwegische
1780 1202 257 63 Fantasie,
2070 1200 106 69 (die
2208 1213 135 38 erste
2375 1200 238 72 Fassung
2648 1200 90 50 der

275 1279 413 71 Norwegischen
721 1278 344 70 Rhapsodie),
1098 1298 50 31 u.
1181 1297 37 32 s.
1249 1297 61 32 w.

425 1354 179 51 Wenn
650 1373 115 31 man
815 1353 267 52 einerseits
1126 1353 84 51 die
1254 1352 134 50 Zahl
1432 1352 169 50 seiner
1646 1352 373 71 Lebensjahre,
2057 1352 344 50 andererseits
2446 1350 83 51 die
2573 1352 165 49 seiner

275 1429 201 52 Werke
503 1426 3 67 1
524 1429 304 64 betrachtet,
872 1429 130 50 wird
1051 1447 118 30 man
1219 1426 264 51 vielleicht
1538 1426 195 65 finden,
1784 1426 114 51 dass
1954 1426 141 51 seine
2151 1426 399 51 Produktivitât
2599 1426 140 50 nicht

275 1504 300 51 bedeutend
622 1504 80 63 ist,
750 1504 283 49 besonders
1075 1522 150 31 wenn
1273 1520 121 32 man
1441 1501 250 65 bedenkt,
1724 1501 116 51 dass
1889 1501 83 50 ein
2019 1501 112 51 und
2175 1501 235 51 dasselbe
2448 1501 173 51 Werk
2662 1498 77 53 oft

275 1575 267 53 mehrfach
598 1578 284 50 bearbeitet
936 1578 109 49 und
1102 1576 469 51 inverscheidenen
1613 1576 307 70 Fassungen
1976 1576 307 51 verwendet
2330 1575 197 52 wurde.
2584 1575 153 51 Doch

275 1653 235 50 erklâren
541 1651 193 52 allerlei
765 1653 223 50 Grûnde
1018 1651 141 52 ciiese
1188 1650 515 72 verhâltnismâssige
1733 1649 498 53 Unfruchtbarkeit.
2263 1651 112 50 Vor
2415 1650 153 51 allem
2599 1651 139 50 hatte

277 1727 105 50 sich
412 1726 130 51 Lalo
572 1727 239 50 ziemlich
842 1738 111 58 spât
981 1726 93 51 der
1102 1727 373 69 Komposition
1506 1725 366 72 zugewendet.
1901 1726 159 51 Dann
2090 1727 141 50 hatte
2263 1744 53 32 er
2336 1726 133 50 auch
2494 1726 140 50 nicht
2656 1725 83 51 die

277 1801 146 52 Gabe
453 1802 91 51 der
574 1801 223 52 leichten
828 1801 317 71 Erfindung.
1179 1802 79 50 Sei
1291 1820 52 32 es
1375 1820 127 46 nun,
1534 1801 115 51 dass
1680 1801 93 51 der
1797 1801 236 51 musiker
2056 1800 579 71 Unzulânglichkeiten
2659 1799 78 52 bei

275 1877 93 51 der
395 1875 360 72 Ausfuhrung
785 1874 266 72 enjpfand,
1082 1877 127 51 oder
1238 1876 91 51 der
1359 1876 322 70 Komponist
1709 1877 105 50 sich
1845 1876 160 51 selbst
2027 1876 307 71 gegenûber
2362 1875 138 51 allzu
2533 1888 206 58 strenge

277 1950 234 66 verfuhr,
644 1952 88 50 das
764 1951 241 51 Résultat
1035 1971 117 45 war,
1183 1951 116 51 dass
1331 1971 52 30 er
1413 1948 97 54 fast
1541 1951 82 51 nie
1666 1952 95 49 mit
1804 1952 198 50 seinem
2046 1964 171 38 ersten
2262 1947 174 55 Wurf
2466 1947 273 55 zufrieden

275 2045 117 33 war.
426 2026 74 51 Er
546 2027 84 50 hat
675 2027 220 64 Werke,
927 2026 82 51 die
1054 2026 237 71 zwanzig
1332 2027 157 65 Jahre
1534 2026 68 51 ait
1647 2045 188 46 waren,
1865 2027 193 51 wieder
2090 2027 437 70 hergenommen,
2557 2045 153 51 ausge-

275 2101 196 51 bessert
517 2102 110 51 und
674 2101 329 65 retuschiert,
1036 2101 108 51 und
1187 2102 72 50 sie
1287 2121 108 31 von
1440 2100 192 52 Grund
1679 2121 91 31 aus
1813 2102 398 70 umgearbeitet.
2256 2102 131 50 Was
2416 2100 83 71 lag
2541 2100 155 52 daran
2728 2102 7 48 !

275 2177 127 48 Was
448 2176 89 51 das
581 2176 172 51 Werk
795 2195 61 32 an
905 2176 506 71 Ursprûnglichkeit
1441 2176 285 66 einbusste,
1760 2177 85 50 hat
1891 2196 52 31 es
1991 2176 347 53 andererseits
2368 2196 61 31 an
2461 2175 245 53 Vollkom-

275 2251 234 52 menheit
536 2270 309 52 gewonnen.

1117 2426 340 52 RAMEAU
1503 2426 387 70 (1683-1764).

420 2577 131 66 Jean
580 2576 245 70 Philippe
857 2577 235 50 Rameau
1122 2577 64 50 ist
1217 2577 51 50 in
1299 2577 92 51 der
1421 2577 313 51 Geschichte
1765 2577 91 51 der
1888 2579 195 49 Musik
2110 2598 69 30 zu
2209 2577 140 52 wohl
2391 2577 230 51 bekannt
2650 2595 88 32 um

271 2652 103 52 den
418 2652 199 51 Lesern
661 2652 170 52 dieser
874 2648 314 55 Festschrift
1230 2652 178 70 eigens
1452 2652 310 71 vorgestellt
1807 2652 210 52 werden
2047 2674 69 29 zu
2148 2664 231 40 mûssen.
2414 2652 75 51 Er
2517 2671 100 32 war
2645 2671 95 31 zur

272 2727 177 51 selben
497 2727 137 65 Zeit,
666 2727 94 51 wie
811 2728 155 64 Bach,
1014 2727 220 51 Hândel
1287 2728 108 50 und
1441 2727 236 52 Scarlatti
1718 2728 250 70 geboren,
1998 2728 73 51 als
2110 2728 66 51 ob
2221 2728 137 50 Frau
2403 2728 223 50 Musika
2655 2727 86 51 das

274 2801 217 70 Europa
533 2802 91 51 der
665 2802 154 51 Tône
863 2814 155 39 unter
1061 2803 140 50 diese
1233 2803 110 50 vier
1368 2822 218 51 grossen
1620 2803 227 51 Meister
1879 2805 138 49 hatte
2048 2803 254 51 verteilen
2344 2802 204 52 wollen.
2594 2801 145 51 Nach

275 2876 161 71 Lully
483 2896 102 31 war
634 2896 52 31 er
732 2877 92 51 der
867 2874 357 73 Vorkâmpfer
1272 2877 91 51 der
1412 2876 390 53 franzôsischen
1849 2878 194 50 Musik
2087 2878 111 51 und
2238 2878 136 50 ihres
2405 2876 336 71 spezifischen

278 2951 185 50 Stilles.
498 2952 152 51 Seine
678 2952 335 51 akustischen
1045 2952 111 51 und
1187 2953 401 51 harmonischen
1610 2953 285 65 Theorien,
1920 2953 163 50 haben
2109 2953 151 70 lange
2285 2953 134 50 noch
2443 2952 84 51 die
2556 2951 185 50 Schule

272 3027 322 65 beherrscht,
624 3027 71 51 als
727 3028 156 51 schon
918 3028 108 50 sein
1059 3028 412 51 kt'instlerischer
1502 3029 183 50 Ruhm
1715 3029 302 50 verblichen
2050 3048 119 31 war.

1163 3228 367 50 MAURICE
1575 3229 271 51 RAVEL.

427 3376 103 51 Die
559 3374 351 54 franzôsische
957 3377 192 51 Musik
1187 3377 189 51 besitzt
1419 3379 50 49 in
1511 3379 166 50 Ravel
1720 3379 115 50 eine
1865 3379 91 50 der
1993 3380 270 70 typischen
2307 3377 433 69 Erscheinungen

275 3452 94 50 der
398 3451 330 70 Gegenwart.
764 3452 246 51 Geboren
1040 3471 80 31 am
1156 3469 46 49 7.
1238 3452 149 51 Mars
1427 3457 133 64 1875
1592 3473 70 30 zu
1694 3454 259 50 Cibourre
1993 3456 206 67 (Basses
2245 3452 284 73 Pyrénées)
2575 3450 140 52 absol-

275 3526 165 51 vierte
469 3526 200 69 Joseph
704 3527 240 50 Maurice
975 3527 166 51 Ravel
1172 3527 88 51 das
1292 3529 476 50 Konservatorium
1812 3549 67 30 zu
1925 3529 160 52 Paris.
2133 3529 217 52 Schùler
2395 3526 249 52 Pessart's
2693 3526 47 48 in

276 3601 466 66 Harmonielehre,
789 3601 219 51 Beriot's
1053 3602 70 50 im
1172 3601 363 71 Klavierspiel,
1582 3603 181 51 André
1807 3603 280 72 Gedalge's
2130 3605 51 51 in
2227 3603 376 70 Kontrapunkt
2633 3600 108 52 und

269 310 154 71 XXIV
