2880 4033
875 364 276 67 AMIS
1223 364 143 65 DE
1442 361 139 64 LA
1654 354 519 77 MUSIQUE

1269 587 176 51 HAU
1488 584 98 51 LE
1629 583 189 50 BOYS

472 746 73 52 Cl.
681 746 55 49 de
841 743 215 66 Sermisy.
1531 733 120 69 (tiré
1681 733 90 51 des
2345 728 64 51 de
2447 728 178 69 1529).

988 913 150 64 Hau,
1169 913 120 63 hau,
1322 912 100 48 hau
1451 908 49 51 le
1529 910 129 68 boys

989 987 84 50 Pri
1082 1005 95 32 ons
1205 987 27 50 à
1262 986 142 49 Dieu
1436 983 46 51 le
1512 1002 94 51 roy
1636 983 91 50 des
1757 1000 120 51 roys

989 1062 203 51 Garder
1222 1080 53 30 ce
1304 1057 165 74 gentil
1501 1058 86 50 vin
1620 1056 220 63 françois

993 1138 47 50 Si
1073 1156 62 32 en
1166 1137 266 49 beuvrons
1463 1133 75 50 six
1568 1145 116 57 pots
1716 1150 133 50 pour
1878 1129 126 51 trois
2025 1161 73 5 —

990 1213 146 50 Pour
1168 1211 177 49 mieux
1375 1227 134 32 nous
1538 1205 235 53 esclairer
1802 1205 72 50 les
1904 1204 123 51 voix

993 1289 277 49 Beuvrons
1300 1284 253 64 d'autant,
1576 1282 54 71 je
1662 1282 106 70 m'y
1796 1279 181 52 envois
2005 1311 73 5 —

994 1363 149 62 Hau,
1177 1362 119 62 hau,
1329 1360 101 49 hau
1460 1358 47 49 le
1540 1358 145 68 boys.

1351 1607 420 52 MADRIGAL

627 1767 206 52 Gabriel
868 1764 176 51 Fauré.

1002 1923 343 52 Inhumaines
1374 1922 109 71 qui,
1514 1940 115 31 sans
1660 1918 156 52 merci

998 2000 150 50 Vous
1177 1997 177 52 raillez
1383 1997 65 52 de
1481 2008 147 38 notre
1658 1994 144 51 souci

999 2075 191 50 Aimez
1219 2072 178 72 quand
1426 2092 66 29 on
1525 2089 136 33 vous
1690 2070 150 50 aime.

1002 2152 204 68 Ingrats
1234 2148 89 71 qui
1359 2166 62 31 ne
1463 2164 138 33 vous
1632 2145 198 50 doutez
1860 2162 88 51 pas

1001 2227 111 49 Des
1143 2225 148 50 rêves
1322 2221 138 51 éclos
1491 2241 87 31 sur
1611 2239 92 31 vos
1733 2238 88 51 pas

1002 2301 189 50 Aimez
1220 2298 179 71 quand
1430 2317 66 29 on
1529 2314 137 33 vous
1695 2295 150 50 aime.

1003 2375 211 65 Sachez,
1246 2394 30 31 o
1307 2371 219 52 cruelles
1557 2371 212 50 beautés

1003 2451 127 59 Que
1159 2449 73 51 les
1253 2448 154 71 jours
1437 2446 218 51 d'aimer
1684 2455 119 40 sont
1832 2441 237 70 comptés

1004 2526 209 62 Sachez,
1243 2540 292 35 amoureux
1566 2521 338 61 inconstants,

1004 2602 126 58 Que
1159 2600 46 51 le
1234 2599 121 50 bien
1387 2597 218 51 d'aimer
1637 2596 81 50 n'a
1746 2592 168 73 qu'un
1944 2604 187 57 temps.

1006 2679 92 49 Un
1133 2676 171 50 même
1335 2674 168 50 destin
1537 2690 133 32 nous
1699 2669 262 71 poursuit.

1006 2752 71 51 Et
1110 2762 150 39 notre
1291 2746 124 52 folie
1445 2759 79 39 est
1556 2746 47 51 la
1633 2747 170 49 même

1007 2827 143 51 C'est
1180 2823 125 53 celle
1336 2823 65 51 de
1432 2820 105 52 fuir
1564 2822 88 70 qui
1686 2839 134 30 nous
1849 2817 133 51 aime

1008 2902 142 51 C'est
1181 2900 127 52 celle
1338 2898 218 51 d'aimer
1586 2897 89 70 qui
1708 2914 135 31 nous
1873 2891 116 53 fuit.

310 368 110 70 LXII
