<?xml version="1.0" encoding="UTF-8"?>
<alto xmlns:xsi="http://www.w3.org/2001/XMLSchema-instance" xmlns="http://www.loc.gov/standards/alto/ns-v2#" xsi:schemaLocation="http://www.loc.gov/standards/alto/ns-v2# http://www.loc.gov/standards/alto/alto-v2.0.xsd" xmlns:xlink="http://www.w3.org/1999/xlink">
	<Description>
		<MeasurementUnit>mm10</MeasurementUnit>
		<sourceImageInformation>
			<fileName>//fileserver7/IN2/Princeton/Batch3/bmtnabh/1910/08/15_01/00000494.tif</fileName>
		</sourceImageInformation>
		<OCRProcessing ID="OCRPROCESSING_1">
			<preProcessingStep>
				<processingSoftware>
					<softwareCreator>CCS Content Conversion Specialists GmbH, Germany</softwareCreator>
					<softwareName>CCS docWORKS</softwareName>
					<softwareVersion>6.6-1.18</softwareVersion>
				</processingSoftware>
			</preProcessingStep>
			<ocrProcessingStep>
				<processingSoftware>
					<softwareCreator>ABBYY (BIT Software), Russia</softwareCreator>
					<softwareName>FineReader</softwareName>
					<softwareVersion>10.0</softwareVersion>
				</processingSoftware>
			</ocrProcessingStep>
		</OCRProcessing>
	</Description>
	<Styles>
		<TextStyle ID="TXT_0" FONTSIZE="25" FONTFAMILY="Times New Roman"/>
		<TextStyle ID="TXT_1" FONTSIZE="21" FONTFAMILY="Times New Roman"/>
		<TextStyle ID="TXT_2" FONTSIZE="21" FONTFAMILY="Times New Roman" FONTSTYLE="italics"/>
		<TextStyle ID="TXT_3" FONTSIZE="82" FONTFAMILY="Courier New"/>
		<ParagraphStyle ID="PAR_CENTER" ALIGN="Center"/>
		<ParagraphStyle ID="PAR_BLOCK" ALIGN="Block"/>
		<ParagraphStyle ID="PAR_LEFT" ALIGN="Left"/>
	</Styles>
	<Layout>
		<Page ID="P106" PHYSICAL_IMG_NR="106" HEIGHT="4033" WIDTH="2880" PC="0.930">
			<TopMargin ID="P106_TM00001" HPOS="0" VPOS="0" WIDTH="2880" HEIGHT="318"/>
			<LeftMargin ID="P106_LM00001" HPOS="0" VPOS="318" WIDTH="302" HEIGHT="3392"/>
			<RightMargin ID="P106_RM00001" HPOS="2788" VPOS="318" WIDTH="92" HEIGHT="3392"/>
			<BottomMargin ID="P106_BM00001" HPOS="0" VPOS="3710" WIDTH="2880" HEIGHT="323"/>
			<PrintSpace ID="P106_PS00001" HPOS="302" VPOS="318" WIDTH="2486" HEIGHT="3392">
				<TextBlock ID="P106_TB00001" HPOS="1359" VPOS="323" WIDTH="411" HEIGHT="93" STYLEREFS="TXT_0 PAR_CENTER">
					<TextLine ID="P106_TL00001" HPOS="1359" VPOS="324" WIDTH="393" HEIGHT="66">
						<String ID="P106_ST00001" HPOS="1359" VPOS="324" WIDTH="71" HEIGHT="64" CONTENT="S." WC="0.58" CC="34"/>
						<SP ID="P106_SP00001" HPOS="1430" VPOS="388" WIDTH="75"/>
						<String ID="P106_ST00002" HPOS="1505" VPOS="324" WIDTH="63" HEIGHT="66" CONTENT="I." WC="0.68" CC="50"/>
						<SP ID="P106_SP00002" HPOS="1568" VPOS="390" WIDTH="69"/>
						<String ID="P106_ST00003" HPOS="1637" VPOS="324" WIDTH="115" HEIGHT="66" CONTENT="M." WC="0.79" CC="04"/>
					</TextLine>
				</TextBlock>
				<TextBlock ID="P106_TB00002" HPOS="302" VPOS="460" WIDTH="2486" HEIGHT="3250" STYLEREFS="TXT_1 PAR_BLOCK">
					<TextLine ID="P106_TL00002" HPOS="320" VPOS="460" WIDTH="2468" HEIGHT="79">
						<String ID="P106_ST00004" HPOS="320" VPOS="460" WIDTH="458" HEIGHT="79" CONTENT="publiquement" WC="0.99" CC="350053060442"/>
						<SP ID="P106_SP00003" HPOS="778" VPOS="539" WIDTH="51"/>
						<String ID="P106_ST00005" HPOS="829" VPOS="465" WIDTH="52" HEIGHT="54" CONTENT="la" WC="0.68" CC="05"/>
						<SP ID="P106_SP00004" HPOS="881" VPOS="539" WIDTH="51"/>
						<String ID="P106_ST00006" HPOS="932" VPOS="461" WIDTH="235" HEIGHT="59" CONTENT="défense" WC="0.99" CC="0760500"/>
						<SP ID="P106_SP00005" HPOS="1167" VPOS="539" WIDTH="49"/>
						<String ID="P106_ST00007" HPOS="1216" VPOS="465" WIDTH="69" HEIGHT="55" CONTENT="de" WC="0.71" CC="40"/>
						<SP ID="P106_SP00006" HPOS="1285" VPOS="539" WIDTH="51"/>
						<String ID="P106_ST00008" HPOS="1336" VPOS="465" WIDTH="221" HEIGHT="56" CONTENT="Pelléas" WC="0.66" CC="3205605" STYLEREFS="TXT_2"/>
						<SP ID="P106_SP00007" HPOS="1557" VPOS="539" WIDTH="48"/>
						<String ID="P106_ST00009" HPOS="1605" VPOS="479" WIDTH="51" HEIGHT="42" CONTENT="et" WC="0.69" CC="60" STYLEREFS="TXT_2"/>
						<SP ID="P106_SP00008" HPOS="1656" VPOS="539" WIDTH="42"/>
						<String ID="P106_ST00010" HPOS="1698" VPOS="465" WIDTH="315" HEIGHT="59" CONTENT="Mélisande" WC="0.79" CC="060022401" STYLEREFS="TXT_2"/>
						<String ID="P106_ST00011" HPOS="2018" VPOS="515" WIDTH="14" HEIGHT="21" CONTENT="," WC="1.00" CC="0"/>
						<SP ID="P106_SP00009" HPOS="2032" VPOS="539" WIDTH="45"/>
						<String ID="P106_ST00012" HPOS="2077" VPOS="483" WIDTH="55" HEIGHT="41" CONTENT="et" WC="0.80" CC="04"/>
						<SP ID="P106_SP00010" HPOS="2132" VPOS="539" WIDTH="51"/>
						<String ID="P106_ST00013" HPOS="2183" VPOS="472" WIDTH="418" HEIGHT="57" CONTENT="recommande" WC="0.99" CC="5073004003"/>
						<SP ID="P106_SP00011" HPOS="2601" VPOS="539" WIDTH="43"/>
						<String ID="P106_ST00014" HPOS="2644" VPOS="472" WIDTH="29" HEIGHT="57" CONTENT="à" WC="0.35" CC="6"/>
						<SP ID="P106_SP00012" HPOS="2673" VPOS="539" WIDTH="34"/>
						<String ID="P106_ST00015" HPOS="2707" VPOS="494" WIDTH="81" HEIGHT="36" CONTENT="ses" WC="0.94" CC="455"/>
					</TextLine>
					<TextLine ID="P106_TL00003" HPOS="323" VPOS="549" WIDTH="2465" HEIGHT="90">
						<String ID="P106_ST00016" HPOS="323" VPOS="549" WIDTH="272" HEIGHT="78" CONTENT="disciples" WC="0.99" CC="060036004"/>
						<SP ID="P106_SP00013" HPOS="595" VPOS="627" WIDTH="52"/>
						<String ID="P106_ST00017" HPOS="647" VPOS="550" WIDTH="318" HEIGHT="57" CONTENT="d'admirer" WC="0.99" CC="000002606"/>
						<SP ID="P106_SP00014" HPOS="965" VPOS="627" WIDTH="54"/>
						<String ID="P106_ST00018" HPOS="1019" VPOS="552" WIDTH="270" HEIGHT="80" CONTENT="Debussy" WC="1.00" CC="0005003"/>
						<SP ID="P106_SP00015" HPOS="1289" VPOS="632" WIDTH="50"/>
						<String ID="P106_ST00019" HPOS="1339" VPOS="573" WIDTH="126" HEIGHT="36" CONTENT="sans" WC="1.00" CC="0000"/>
						<SP ID="P106_SP00016" HPOS="1465" VPOS="632" WIDTH="51"/>
						<String ID="P106_ST00020" HPOS="1516" VPOS="554" WIDTH="259" HEIGHT="69" CONTENT="l'imiter," WC="0.99" CC="010035070"/>
						<SP ID="P106_SP00017" HPOS="1775" VPOS="632" WIDTH="43"/>
						<String ID="P106_ST00021" HPOS="1818" VPOS="555" WIDTH="79" HEIGHT="56" CONTENT="les" WC="1.00" CC="000"/>
						<SP ID="P106_SP00018" HPOS="1897" VPOS="632" WIDTH="48"/>
						<String ID="P106_ST00022" HPOS="1945" VPOS="571" WIDTH="250" HEIGHT="42" CONTENT="mettant" WC="0.99" CC="6000270"/>
						<SP ID="P106_SP00019" HPOS="2195" VPOS="632" WIDTH="51"/>
						<String ID="P106_ST00023" HPOS="2246" VPOS="558" WIDTH="196" HEIGHT="57" CONTENT="même" WC="1.00" CC="0000"/>
						<SP ID="P106_SP00020" HPOS="2442" VPOS="632" WIDTH="48"/>
						<String ID="P106_ST00024" HPOS="2490" VPOS="582" WIDTH="66" HEIGHT="34" CONTENT="en" WC="0.55" CC="26"/>
						<SP ID="P106_SP00021" HPOS="2556" VPOS="632" WIDTH="57"/>
						<String ID="P106_ST00025" HPOS="2613" VPOS="563" WIDTH="175" HEIGHT="76" CONTENT="garde" WC="0.98" CC="58003"/>
					</TextLine>
					<TextLine ID="P106_TL00004" HPOS="323" VPOS="638" WIDTH="2464" HEIGHT="88">
						<String ID="P106_ST00026" HPOS="323" VPOS="649" WIDTH="205" HEIGHT="44" CONTENT="contre" WC="0.98" CC="015527"/>
						<SP ID="P106_SP00022" HPOS="528" VPOS="693" WIDTH="51"/>
						<String ID="P106_ST00027" HPOS="579" VPOS="638" WIDTH="51" HEIGHT="55" CONTENT="le" WC="0.86" CC="20"/>
						<SP ID="P106_SP00023" HPOS="630" VPOS="693" WIDTH="53"/>
						<String ID="P106_ST00028" HPOS="683" VPOS="638" WIDTH="218" HEIGHT="77" CONTENT="danger" WC="0.99" CC="006600"/>
						<SP ID="P106_SP00024" HPOS="901" VPOS="715" WIDTH="56"/>
						<String ID="P106_ST00029" HPOS="957" VPOS="638" WIDTH="175" HEIGHT="57" CONTENT="d'une" WC="0.98" CC="00067"/>
						<SP ID="P106_SP00025" HPOS="1132" VPOS="715" WIDTH="47"/>
						<String ID="P106_ST00030" HPOS="1179" VPOS="638" WIDTH="444" HEIGHT="80" CONTENT="fréquentation" WC="0.99" CC="5173303400100"/>
						<SP ID="P106_SP00026" HPOS="1623" VPOS="718" WIDTH="50"/>
						<String ID="P106_ST00031" HPOS="1673" VPOS="656" WIDTH="134" HEIGHT="64" CONTENT="trop" WC="0.99" CC="2120"/>
						<SP ID="P106_SP00027" HPOS="1807" VPOS="720" WIDTH="48"/>
						<String ID="P106_ST00032" HPOS="1855" VPOS="644" WIDTH="243" HEIGHT="69" CONTENT="assidue," WC="1.00" CC="00000403"/>
						<SP ID="P106_SP00028" HPOS="2098" VPOS="720" WIDTH="50"/>
						<String ID="P106_ST00033" HPOS="2148" VPOS="658" WIDTH="56" HEIGHT="42" CONTENT="et" WC="0.71" CC="22"/>
						<SP ID="P106_SP00029" HPOS="2204" VPOS="720" WIDTH="50"/>
						<String ID="P106_ST00034" HPOS="2254" VPOS="646" WIDTH="124" HEIGHT="55" CONTENT="leur" WC="0.98" CC="0070"/>
						<SP ID="P106_SP00030" HPOS="2378" VPOS="720" WIDTH="50"/>
						<String ID="P106_ST00035" HPOS="2428" VPOS="649" WIDTH="359" HEIGHT="77" CONTENT="prescrivant" WC="1.00" CC="04300030060"/>
					</TextLine>
					<TextLine ID="P106_TL00005" HPOS="322" VPOS="724" WIDTH="2466" HEIGHT="82">
						<String ID="P106_ST00036" HPOS="322" VPOS="743" WIDTH="236" HEIGHT="36" CONTENT="comme" WC="1.00" CC="00000"/>
						<SP ID="P106_SP00031" HPOS="558" VPOS="779" WIDTH="65"/>
						<String ID="P106_ST00037" HPOS="623" VPOS="724" WIDTH="97" HEIGHT="57" CONTENT="des" WC="1.00" CC="000"/>
						<SP ID="P106_SP00032" HPOS="720" VPOS="781" WIDTH="62"/>
						<String ID="P106_ST00038" HPOS="782" VPOS="726" WIDTH="292" HEIGHT="57" CONTENT="antidotes" WC="1.00" CC="032203000"/>
						<SP ID="P106_SP00033" HPOS="1074" VPOS="783" WIDTH="78"/>
						<String ID="P106_ST00039" HPOS="1152" VPOS="727" WIDTH="77" HEIGHT="56" CONTENT="les" WC="0.98" CC="320"/>
						<SP ID="P106_SP00034" HPOS="1229" VPOS="783" WIDTH="79"/>
						<String ID="P106_ST00040" HPOS="1308" VPOS="748" WIDTH="287" HEIGHT="58" CONTENT="ouvrages" WC="1.00" CC="60000003"/>
						<SP ID="P106_SP00035" HPOS="1595" VPOS="806" WIDTH="63"/>
						<String ID="P106_ST00041" HPOS="1658" VPOS="729" WIDTH="69" HEIGHT="56" CONTENT="de" WC="0.97" CC="00"/>
						<SP ID="P106_SP00036" HPOS="1727" VPOS="806" WIDTH="66"/>
						<String ID="P106_ST00042" HPOS="1793" VPOS="731" WIDTH="181" HEIGHT="69" CONTENT="Bach," WC="0.98" CC="36050"/>
						<SP ID="P106_SP00037" HPOS="1974" VPOS="806" WIDTH="67"/>
						<String ID="P106_ST00043" HPOS="2041" VPOS="732" WIDTH="67" HEIGHT="55" CONTENT="de" WC="1.00" CC="00"/>
						<SP ID="P106_SP00038" HPOS="2108" VPOS="806" WIDTH="67"/>
						<String ID="P106_ST00044" HPOS="2175" VPOS="732" WIDTH="338" HEIGHT="60" CONTENT="Beethoven" WC="0.99" CC="600010304"/>
						<SP ID="P106_SP00039" HPOS="2513" VPOS="806" WIDTH="67"/>
						<String ID="P106_ST00045" HPOS="2580" VPOS="757" WIDTH="74" HEIGHT="35" CONTENT="ou" WC="0.82" CC="03"/>
						<SP ID="P106_SP00040" HPOS="2654" VPOS="806" WIDTH="65"/>
						<String ID="P106_ST00046" HPOS="2719" VPOS="737" WIDTH="69" HEIGHT="56" CONTENT="de" WC="1.00" CC="00"/>
					</TextLine>
					<TextLine ID="P106_TL00006" HPOS="322" VPOS="809" WIDTH="462" HEIGHT="61">
						<String ID="P106_ST00047" HPOS="322" VPOS="809" WIDTH="177" HEIGHT="59" CONTENT="César" WC="0.98" CC="30094"/>
						<SP ID="P106_SP00041" HPOS="499" VPOS="868" WIDTH="35"/>
						<String ID="P106_ST00048" HPOS="534" VPOS="812" WIDTH="250" HEIGHT="58" CONTENT="Franck." WC="1.00" CC="0000023"/>
					</TextLine>
					<TextLine ID="P106_TL00007" HPOS="496" VPOS="902" WIDTH="2291" HEIGHT="81">
						<String ID="P106_ST00049" HPOS="496" VPOS="902" WIDTH="85" HEIGHT="53" CONTENT="Ce" WC="0.47" CC="73"/>
						<SP ID="P106_SP00042" HPOS="581" VPOS="955" WIDTH="49"/>
						<String ID="P106_ST00050" HPOS="630" VPOS="902" WIDTH="147" HEIGHT="56" CONTENT="n'est" WC="0.99" CC="00302"/>
						<SP ID="P106_SP00043" HPOS="777" VPOS="958" WIDTH="48"/>
						<String ID="P106_ST00051" HPOS="825" VPOS="922" WIDTH="99" HEIGHT="58" CONTENT="pas" WC="1.00" CC="000"/>
						<SP ID="P106_SP00044" HPOS="924" VPOS="980" WIDTH="41"/>
						<String ID="P106_ST00052" HPOS="965" VPOS="903" WIDTH="51" HEIGHT="55" CONTENT="la" WC="0.67" CC="15"/>
						<SP ID="P106_SP00045" HPOS="1016" VPOS="980" WIDTH="36"/>
						<String ID="P106_ST00053" HPOS="1052" VPOS="902" WIDTH="289" HEIGHT="79" CONTENT="première" WC="0.99" CC="63300800"/>
						<SP ID="P106_SP00046" HPOS="1341" VPOS="981" WIDTH="34"/>
						<String ID="P106_ST00054" HPOS="1375" VPOS="902" WIDTH="112" HEIGHT="59" CONTENT="fois" WC="0.99" CC="0110"/>
						<SP ID="P106_SP00047" HPOS="1487" VPOS="981" WIDTH="35"/>
						<String ID="P106_ST00055" HPOS="1522" VPOS="926" WIDTH="113" HEIGHT="57" CONTENT="que" WC="0.99" CC="030"/>
						<SP ID="P106_SP00048" HPOS="1635" VPOS="983" WIDTH="35"/>
						<String ID="P106_ST00056" HPOS="1670" VPOS="926" WIDTH="94" HEIGHT="36" CONTENT="ces" WC="0.95" CC="553"/>
						<SP ID="P106_SP00049" HPOS="1764" VPOS="983" WIDTH="34"/>
						<String ID="P106_ST00057" HPOS="1798" VPOS="908" WIDTH="141" HEIGHT="55" CONTENT="trois" WC="1.00" CC="10030"/>
						<SP ID="P106_SP00050" HPOS="1939" VPOS="983" WIDTH="33"/>
						<String ID="P106_ST00058" HPOS="1972" VPOS="905" WIDTH="250" HEIGHT="59" CONTENT="factions" WC="0.99" CC="09006050"/>
						<SP ID="P106_SP00051" HPOS="2222" VPOS="983" WIDTH="33"/>
						<String ID="P106_ST00059" HPOS="2255" VPOS="907" WIDTH="262" HEIGHT="61" CONTENT="s'étaient" WC="0.99" CC="506300014"/>
						<SP ID="P106_SP00052" HPOS="2517" VPOS="983" WIDTH="34"/>
						<String ID="P106_ST00060" HPOS="2551" VPOS="912" WIDTH="236" HEIGHT="59" CONTENT="trouvés" WC="0.99" CC="4006000"/>
					</TextLine>
					<TextLine ID="P106_TL00008" HPOS="318" VPOS="985" WIDTH="2465" HEIGHT="87">
						<String ID="P106_ST00061" HPOS="318" VPOS="1006" WIDTH="68" HEIGHT="36" CONTENT="en" WC="0.73" CC="05"/>
						<SP ID="P106_SP00053" HPOS="386" VPOS="1042" WIDTH="59"/>
						<String ID="P106_ST00062" HPOS="445" VPOS="985" WIDTH="296" HEIGHT="80" CONTENT="présence." WC="0.99" CC="010904500"/>
						<SP ID="P106_SP00054" HPOS="741" VPOS="1065" WIDTH="40"/>
						<String ID="P106_ST00063" HPOS="781" VPOS="988" WIDTH="287" HEIGHT="78" CONTENT="Wagner," WC="0.99" CC="0080000"/>
						<SP ID="P106_SP00055" HPOS="1068" VPOS="1066" WIDTH="49"/>
						<String ID="P106_ST00064" HPOS="1117" VPOS="1011" WIDTH="153" HEIGHT="57" CONTENT="pour" WC="0.98" CC="0045"/>
						<SP ID="P106_SP00056" HPOS="1270" VPOS="1068" WIDTH="54"/>
						<String ID="P106_ST00065" HPOS="1324" VPOS="1013" WIDTH="73" HEIGHT="34" CONTENT="ne" WC="0.71" CC="50"/>
						<SP ID="P106_SP00057" HPOS="1397" VPOS="1068" WIDTH="48"/>
						<String ID="P106_ST00066" HPOS="1445" VPOS="1014" WIDTH="99" HEIGHT="56" CONTENT="pas" WC="0.98" CC="600"/>
						<SP ID="P106_SP00058" HPOS="1544" VPOS="1070" WIDTH="48"/>
						<String ID="P106_ST00067" HPOS="1592" VPOS="1008" WIDTH="300" HEIGHT="41" CONTENT="remonter" WC="0.99" CC="50022300"/>
						<SP ID="P106_SP00059" HPOS="1892" VPOS="1070" WIDTH="38"/>
						<String ID="P106_ST00068" HPOS="1930" VPOS="994" WIDTH="238" HEIGHT="78" CONTENT="jusqu'à" WC="0.99" CC="0600516"/>
						<SP ID="P106_SP00060" HPOS="2168" VPOS="1072" WIDTH="50"/>
						<String ID="P106_ST00069" HPOS="2218" VPOS="997" WIDTH="224" HEIGHT="70" CONTENT="Gluck," WC="0.99" CC="045100"/>
						<SP ID="P106_SP00061" HPOS="2442" VPOS="1072" WIDTH="54"/>
						<String ID="P106_ST00070" HPOS="2496" VPOS="1000" WIDTH="287" HEIGHT="71" CONTENT="Rameau," WC="1.00" CC="0000000"/>
					</TextLine>
					<TextLine ID="P106_TL00009" HPOS="318" VPOS="1074" WIDTH="2465" HEIGHT="86">
						<String ID="P106_ST00071" HPOS="318" VPOS="1074" WIDTH="160" HEIGHT="55" CONTENT="Lulli" WC="0.62" CC="56042"/>
						<SP ID="P106_SP00062" HPOS="478" VPOS="1129" WIDTH="52"/>
						<String ID="P106_ST00072" HPOS="530" VPOS="1096" WIDTH="74" HEIGHT="35" CONTENT="ou" WC="0.60" CC="25"/>
						<SP ID="P106_SP00063" HPOS="604" VPOS="1131" WIDTH="53"/>
						<String ID="P106_ST00073" HPOS="657" VPOS="1076" WIDTH="421" HEIGHT="71" CONTENT="Monteverde," WC="0.84" CC="00640005010"/>
						<SP ID="P106_SP00064" HPOS="1078" VPOS="1147" WIDTH="37"/>
						<String ID="P106_ST00074" HPOS="1115" VPOS="1080" WIDTH="155" HEIGHT="55" CONTENT="avait" WC="0.99" CC="00045"/>
						<SP ID="P106_SP00065" HPOS="1270" VPOS="1147" WIDTH="45"/>
						<String ID="P106_ST00075" HPOS="1315" VPOS="1100" WIDTH="92" HEIGHT="48" CONTENT="eu," WC="0.97" CC="150"/>
						<SP ID="P106_SP00066" HPOS="1407" VPOS="1148" WIDTH="37"/>
						<String ID="P106_ST00076" HPOS="1444" VPOS="1081" WIDTH="80" HEIGHT="55" CONTENT="lui" WC="0.95" CC="155"/>
						<SP ID="P106_SP00067" HPOS="1524" VPOS="1148" WIDTH="36"/>
						<String ID="P106_ST00077" HPOS="1560" VPOS="1082" WIDTH="169" HEIGHT="68" CONTENT="aussi," WC="0.99" CC="030050"/>
						<SP ID="P106_SP00068" HPOS="1729" VPOS="1150" WIDTH="36"/>
						<String ID="P106_ST00078" HPOS="1765" VPOS="1101" WIDTH="82" HEIGHT="37" CONTENT="ses" WC="1.00" CC="000"/>
						<SP ID="P106_SP00069" HPOS="1847" VPOS="1150" WIDTH="35"/>
						<String ID="P106_ST00079" HPOS="1882" VPOS="1084" WIDTH="302" HEIGHT="76" CONTENT="partisans," WC="1.00" CC="0040200600"/>
						<SP ID="P106_SP00070" HPOS="2184" VPOS="1160" WIDTH="37"/>
						<String ID="P106_ST00080" HPOS="2221" VPOS="1105" WIDTH="82" HEIGHT="36" CONTENT="ses" WC="1.00" CC="000"/>
						<SP ID="P106_SP00071" HPOS="2303" VPOS="1160" WIDTH="35"/>
						<String ID="P106_ST00081" HPOS="2338" VPOS="1085" WIDTH="357" HEIGHT="60" CONTENT="détracteurs" WC="1.00" CC="00100040340"/>
						<SP ID="P106_SP00072" HPOS="2695" VPOS="1160" WIDTH="34"/>
						<String ID="P106_ST00082" HPOS="2729" VPOS="1104" WIDTH="54" HEIGHT="42" CONTENT="et" WC="1.00" CC="00"/>
					</TextLine>
					<TextLine ID="P106_TL00010" HPOS="317" VPOS="1161" WIDTH="2468" HEIGHT="90">
						<String ID="P106_ST00083" HPOS="317" VPOS="1181" WIDTH="81" HEIGHT="37" CONTENT="ses" WC="1.00" CC="000"/>
						<SP ID="P106_SP00073" HPOS="398" VPOS="1218" WIDTH="35"/>
						<String ID="P106_ST00084" HPOS="433" VPOS="1161" WIDTH="367" HEIGHT="60" CONTENT="adversaires." WC="1.00" CC="000120012004"/>
						<SP ID="P106_SP00074" HPOS="800" VPOS="1221" WIDTH="34"/>
						<String ID="P106_ST00085" HPOS="834" VPOS="1165" WIDTH="91" HEIGHT="56" CONTENT="De" WC="0.94" CC="01"/>
						<SP ID="P106_SP00075" HPOS="925" VPOS="1221" WIDTH="35"/>
						<String ID="P106_ST00086" HPOS="960" VPOS="1164" WIDTH="53" HEIGHT="57" CONTENT="là" WC="0.47" CC="46"/>
						<SP ID="P106_SP00076" HPOS="1013" VPOS="1221" WIDTH="34"/>
						<String ID="P106_ST00087" HPOS="1047" VPOS="1165" WIDTH="96" HEIGHT="57" CONTENT="des" WC="1.00" CC="010"/>
						<SP ID="P106_SP00077" HPOS="1143" VPOS="1222" WIDTH="35"/>
						<String ID="P106_ST00088" HPOS="1178" VPOS="1169" WIDTH="282" HEIGHT="75" CONTENT="querelles" WC="1.00" CC="000500400"/>
						<SP ID="P106_SP00078" HPOS="1460" VPOS="1244" WIDTH="34"/>
						<String ID="P106_ST00089" HPOS="1494" VPOS="1170" WIDTH="105" HEIGHT="76" CONTENT="qui" WC="0.98" CC="050"/>
						<SP ID="P106_SP00079" HPOS="1599" VPOS="1246" WIDTH="35"/>
						<String ID="P106_ST00090" HPOS="1634" VPOS="1169" WIDTH="163" HEIGHT="57" CONTENT="n'ont" WC="0.99" CC="10041"/>
						<SP ID="P106_SP00080" HPOS="1797" VPOS="1246" WIDTH="24"/>
						<String ID="P106_ST00091" HPOS="1821" VPOS="1170" WIDTH="212" HEIGHT="76" CONTENT="jamais" WC="0.99" CC="100141"/>
						<SP ID="P106_SP00081" HPOS="2033" VPOS="1246" WIDTH="25"/>
						<String ID="P106_ST00092" HPOS="2058" VPOS="1169" WIDTH="92" HEIGHT="58" CONTENT="été" WC="0.98" CC="003"/>
						<SP ID="P106_SP00082" HPOS="2150" VPOS="1246" WIDTH="33"/>
						<String ID="P106_ST00093" HPOS="2183" VPOS="1173" WIDTH="264" HEIGHT="78" CONTENT="longues," WC="1.00" CC="00104400"/>
						<SP ID="P106_SP00083" HPOS="2447" VPOS="1251" WIDTH="30"/>
						<String ID="P106_ST00094" HPOS="2477" VPOS="1189" WIDTH="55" HEIGHT="42" CONTENT="et" WC="0.90" CC="10"/>
						<SP ID="P106_SP00084" HPOS="2532" VPOS="1251" WIDTH="34"/>
						<String ID="P106_ST00095" HPOS="2566" VPOS="1197" WIDTH="55" HEIGHT="35" CONTENT="se" WC="0.75" CC="04"/>
						<SP ID="P106_SP00085" HPOS="2621" VPOS="1251" WIDTH="34"/>
						<String ID="P106_ST00096" HPOS="2655" VPOS="1192" WIDTH="130" HEIGHT="43" CONTENT="sont" WC="0.97" CC="2254"/>
					</TextLine>
					<TextLine ID="P106_TL00011" HPOS="317" VPOS="1250" WIDTH="2466" HEIGHT="85">
						<String ID="P106_ST00097" HPOS="317" VPOS="1250" WIDTH="264" HEIGHT="78" CONTENT="toujours" WC="0.99" CC="00540020"/>
						<SP ID="P106_SP00086" HPOS="581" VPOS="1328" WIDTH="50"/>
						<String ID="P106_ST00098" HPOS="631" VPOS="1250" WIDTH="312" HEIGHT="60" CONTENT="terminées" WC="1.00" CC="100036000"/>
						<SP ID="P106_SP00087" HPOS="943" VPOS="1328" WIDTH="50"/>
						<String ID="P106_ST00099" HPOS="993" VPOS="1275" WIDTH="104" HEIGHT="56" CONTENT="par" WC="0.98" CC="004"/>
						<SP ID="P106_SP00088" HPOS="1097" VPOS="1331" WIDTH="47"/>
						<String ID="P106_ST00100" HPOS="1144" VPOS="1255" WIDTH="52" HEIGHT="56" CONTENT="le" WC="0.78" CC="31"/>
						<SP ID="P106_SP00089" HPOS="1196" VPOS="1331" WIDTH="51"/>
						<String ID="P106_ST00101" HPOS="1247" VPOS="1256" WIDTH="302" HEIGHT="79" CONTENT="triomphe" WC="0.99" CC="40200060"/>
						<SP ID="P106_SP00090" HPOS="1549" VPOS="1335" WIDTH="42"/>
						<String ID="P106_ST00102" HPOS="1591" VPOS="1258" WIDTH="96" HEIGHT="56" CONTENT="des" WC="1.00" CC="000"/>
						<SP ID="P106_SP00091" HPOS="1687" VPOS="1335" WIDTH="33"/>
						<String ID="P106_ST00103" HPOS="1720" VPOS="1258" WIDTH="157" HEIGHT="57" CONTENT="idées" WC="1.00" CC="20000"/>
						<SP ID="P106_SP00092" HPOS="1877" VPOS="1335" WIDTH="35"/>
						<String ID="P106_ST00104" HPOS="1912" VPOS="1260" WIDTH="297" HEIGHT="57" CONTENT="nouvelles" WC="1.00" CC="314000200"/>
						<SP ID="P106_SP00093" HPOS="2209" VPOS="1335" WIDTH="31"/>
						<String ID="P106_ST00105" HPOS="2240" VPOS="1282" WIDTH="11" HEIGHT="35" CONTENT=":" WC="0.76" CC="2"/>
						<SP ID="P106_SP00094" HPOS="2251" VPOS="1335" WIDTH="50"/>
						<String ID="P106_ST00106" HPOS="2301" VPOS="1283" WIDTH="68" HEIGHT="36" CONTENT="en" WC="0.62" CC="25"/>
						<SP ID="P106_SP00095" HPOS="2369" VPOS="1335" WIDTH="37"/>
						<String ID="P106_ST00107" HPOS="2406" VPOS="1278" WIDTH="106" HEIGHT="55" CONTENT="art," WC="0.98" CC="0150"/>
						<SP ID="P106_SP00096" HPOS="2512" VPOS="1335" WIDTH="37"/>
						<String ID="P106_ST00108" HPOS="2549" VPOS="1286" WIDTH="234" HEIGHT="36" CONTENT="comme" WC="0.99" CC="00003"/>
					</TextLine>
					<TextLine ID="P106_TL00012" HPOS="316" VPOS="1339" WIDTH="2465" HEIGHT="89">
						<String ID="P106_ST00109" HPOS="316" VPOS="1358" WIDTH="71" HEIGHT="37" CONTENT="en" WC="0.52" CC="35"/>
						<SP ID="P106_SP00097" HPOS="387" VPOS="1395" WIDTH="36"/>
						<String ID="P106_ST00110" HPOS="423" VPOS="1339" WIDTH="313" HEIGHT="77" CONTENT="politique," WC="1.00" CC="0035400000"/>
						<SP ID="P106_SP00098" HPOS="736" VPOS="1416" WIDTH="35"/>
						<String ID="P106_ST00111" HPOS="771" VPOS="1340" WIDTH="78" HEIGHT="57" CONTENT="les" WC="0.97" CC="320"/>
						<SP ID="P106_SP00099" HPOS="849" VPOS="1416" WIDTH="35"/>
						<String ID="P106_ST00112" HPOS="884" VPOS="1343" WIDTH="179" HEIGHT="76" CONTENT="partis" WC="0.99" CC="003050"/>
						<SP ID="P106_SP00100" HPOS="1063" VPOS="1419" WIDTH="34"/>
						<String ID="P106_ST00113" HPOS="1097" VPOS="1342" WIDTH="245" HEIGHT="58" CONTENT="avancés" WC="0.99" CC="0004040"/>
						<SP ID="P106_SP00101" HPOS="1342" VPOS="1419" WIDTH="34"/>
						<String ID="P106_ST00114" HPOS="1376" VPOS="1358" WIDTH="131" HEIGHT="42" CONTENT="sont" WC="0.98" CC="0160"/>
						<SP ID="P106_SP00102" HPOS="1507" VPOS="1419" WIDTH="34"/>
						<String ID="P106_ST00115" HPOS="1541" VPOS="1344" WIDTH="219" HEIGHT="58" CONTENT="assurés" WC="0.99" CC="0005300"/>
						<SP ID="P106_SP00103" HPOS="1760" VPOS="1419" WIDTH="34"/>
						<String ID="P106_ST00116" HPOS="1794" VPOS="1345" WIDTH="69" HEIGHT="57" CONTENT="de" WC="1.00" CC="00"/>
						<SP ID="P106_SP00104" HPOS="1863" VPOS="1419" WIDTH="33"/>
						<String ID="P106_ST00117" HPOS="1896" VPOS="1348" WIDTH="52" HEIGHT="54" CONTENT="la" WC="0.67" CC="06"/>
						<SP ID="P106_SP00105" HPOS="1948" VPOS="1419" WIDTH="34"/>
						<String ID="P106_ST00118" HPOS="1982" VPOS="1348" WIDTH="249" HEIGHT="56" CONTENT="victoire" WC="1.00" CC="00020301"/>
						<SP ID="P106_SP00106" HPOS="2231" VPOS="1419" WIDTH="23"/>
						<String ID="P106_ST00119" HPOS="2254" VPOS="1348" WIDTH="162" HEIGHT="80" CONTENT="après" WC="0.99" CC="00070"/>
						<SP ID="P106_SP00107" HPOS="2416" VPOS="1428" WIDTH="35"/>
						<String ID="P106_ST00120" HPOS="2451" VPOS="1372" WIDTH="78" HEIGHT="34" CONTENT="un" WC="0.47" CC="54"/>
						<SP ID="P106_SP00108" HPOS="2529" VPOS="1428" WIDTH="35"/>
						<String ID="P106_ST00121" HPOS="2564" VPOS="1354" WIDTH="217" HEIGHT="56" CONTENT="certain" WC="0.99" CC="0002037"/>
					</TextLine>
					<TextLine ID="P106_TL00013" HPOS="317" VPOS="1424" WIDTH="2465" HEIGHT="90">
						<String ID="P106_ST00122" HPOS="317" VPOS="1424" WIDTH="168" HEIGHT="60" CONTENT="délai." WC="0.98" CC="060763"/>
						<SP ID="P106_SP00109" HPOS="485" VPOS="1484" WIDTH="53"/>
						<String ID="P106_ST00123" HPOS="538" VPOS="1428" WIDTH="84" HEIGHT="56" CONTENT="Ce" WC="1.00" CC="00"/>
						<SP ID="P106_SP00110" HPOS="622" VPOS="1484" WIDTH="49"/>
						<String ID="P106_ST00124" HPOS="671" VPOS="1429" WIDTH="105" HEIGHT="76" CONTENT="qui" WC="0.97" CC="043"/>
						<SP ID="P106_SP00111" HPOS="776" VPOS="1505" WIDTH="49"/>
						<String ID="P106_ST00125" HPOS="825" VPOS="1449" WIDTH="73" HEIGHT="36" CONTENT="ne" WC="0.91" CC="10"/>
						<SP ID="P106_SP00112" HPOS="898" VPOS="1505" WIDTH="55"/>
						<String ID="P106_ST00126" HPOS="953" VPOS="1427" WIDTH="232" HEIGHT="82" CONTENT="signifie" WC="0.99" CC="03040770"/>
						<SP ID="P106_SP00113" HPOS="1185" VPOS="1509" WIDTH="49"/>
						<String ID="P106_ST00127" HPOS="1234" VPOS="1452" WIDTH="99" HEIGHT="57" CONTENT="pas" WC="1.00" CC="000"/>
						<SP ID="P106_SP00114" HPOS="1333" VPOS="1509" WIDTH="48"/>
						<String ID="P106_ST00128" HPOS="1381" VPOS="1432" WIDTH="296" HEIGHT="59" CONTENT="d'ailleurs" WC="1.00" CC="0003030320"/>
						<SP ID="P106_SP00115" HPOS="1677" VPOS="1509" WIDTH="46"/>
						<String ID="P106_ST00129" HPOS="1723" VPOS="1456" WIDTH="113" HEIGHT="57" CONTENT="que" WC="0.99" CC="010"/>
						<SP ID="P106_SP00116" HPOS="1836" VPOS="1513" WIDTH="34"/>
						<String ID="P106_ST00130" HPOS="1870" VPOS="1437" WIDTH="79" HEIGHT="54" CONTENT="les" WC="0.97" CC="700"/>
						<SP ID="P106_SP00117" HPOS="1949" VPOS="1513" WIDTH="34"/>
						<String ID="P106_ST00131" HPOS="1983" VPOS="1437" WIDTH="179" HEIGHT="77" CONTENT="partis" WC="0.99" CC="005120"/>
						<SP ID="P106_SP00118" HPOS="2162" VPOS="1514" WIDTH="36"/>
						<String ID="P106_ST00132" HPOS="2198" VPOS="1437" WIDTH="70" HEIGHT="56" CONTENT="de" WC="1.00" CC="00"/>
						<SP ID="P106_SP00119" HPOS="2268" VPOS="1514" WIDTH="33"/>
						<String ID="P106_ST00133" HPOS="2301" VPOS="1437" WIDTH="259" HEIGHT="59" CONTENT="réaction" WC="0.99" CC="35005235"/>
						<SP ID="P106_SP00120" HPOS="2560" VPOS="1514" WIDTH="36"/>
						<String ID="P106_ST00134" HPOS="2596" VPOS="1443" WIDTH="186" HEIGHT="55" CONTENT="soient" WC="0.99" CC="001060"/>
					</TextLine>
					<TextLine ID="P106_TL00014" HPOS="316" VPOS="1513" WIDTH="2043" HEIGHT="88">
						<String ID="P106_ST00135" HPOS="316" VPOS="1513" WIDTH="235" HEIGHT="80" CONTENT="appelés" WC="0.99" CC="0003250"/>
						<SP ID="P106_SP00121" HPOS="551" VPOS="1593" WIDTH="35"/>
						<String ID="P106_ST00136" HPOS="586" VPOS="1513" WIDTH="28" HEIGHT="58" CONTENT="à" WC="0.17" CC="8"/>
						<SP ID="P106_SP00122" HPOS="614" VPOS="1593" WIDTH="36"/>
						<String ID="P106_ST00137" HPOS="650" VPOS="1514" WIDTH="344" HEIGHT="80" CONTENT="disparaître" WC="1.00" CC="00000007040"/>
						<SP ID="P106_SP00123" HPOS="994" VPOS="1594" WIDTH="32"/>
						<String ID="P106_ST00138" HPOS="1026" VPOS="1540" WIDTH="10" HEIGHT="34" CONTENT=":" WC="0.69" CC="3"/>
						<SP ID="P106_SP00124" HPOS="1036" VPOS="1594" WIDTH="41"/>
						<String ID="P106_ST00139" HPOS="1077" VPOS="1519" WIDTH="66" HEIGHT="56" CONTENT="ils" WC="0.99" CC="300"/>
						<SP ID="P106_SP00125" HPOS="1143" VPOS="1594" WIDTH="34"/>
						<String ID="P106_ST00140" HPOS="1177" VPOS="1533" WIDTH="129" HEIGHT="42" CONTENT="sont" WC="0.99" CC="0040"/>
						<SP ID="P106_SP00126" HPOS="1306" VPOS="1594" WIDTH="37"/>
						<String ID="P106_ST00141" HPOS="1343" VPOS="1518" WIDTH="365" HEIGHT="74" CONTENT="nécessaires," WC="1.00" CC="361300611000"/>
						<SP ID="P106_SP00127" HPOS="1708" VPOS="1594" WIDTH="35"/>
						<String ID="P106_ST00142" HPOS="1743" VPOS="1523" WIDTH="310" HEIGHT="78" CONTENT="puisqu'ils" WC="0.99" CC="0450062240"/>
						<SP ID="P106_SP00128" HPOS="2053" VPOS="1601" WIDTH="36"/>
						<String ID="P106_ST00143" HPOS="2089" VPOS="1526" WIDTH="270" HEIGHT="57" CONTENT="existent." WC="0.99" CC="026040200"/>
					</TextLine>
					<TextLine ID="P106_TL00015" HPOS="491" VPOS="1603" WIDTH="2292" HEIGHT="89">
						<String ID="P106_ST00144" HPOS="491" VPOS="1603" WIDTH="408" HEIGHT="78" CONTENT="Aujourd'hui" WC="0.99" CC="33416000713"/>
						<SP ID="P106_SP00129" HPOS="899" VPOS="1681" WIDTH="52"/>
						<String ID="P106_ST00145" HPOS="951" VPOS="1627" WIDTH="75" HEIGHT="36" CONTENT="on" WC="0.52" CC="45"/>
						<SP ID="P106_SP00130" HPOS="1026" VPOS="1681" WIDTH="49"/>
						<String ID="P106_ST00146" HPOS="1075" VPOS="1627" WIDTH="71" HEIGHT="36" CONTENT="ne" WC="0.71" CC="50"/>
						<SP ID="P106_SP00131" HPOS="1146" VPOS="1681" WIDTH="51"/>
						<String ID="P106_ST00147" HPOS="1197" VPOS="1611" WIDTH="319" HEIGHT="54" CONTENT="trouverait" WC="1.00" CC="0035002010"/>
						<SP ID="P106_SP00132" HPOS="1516" VPOS="1681" WIDTH="44"/>
						<String ID="P106_ST00148" HPOS="1560" VPOS="1612" WIDTH="148" HEIGHT="76" CONTENT="plus," WC="0.99" CC="04400"/>
						<SP ID="P106_SP00133" HPOS="1708" VPOS="1688" WIDTH="48"/>
						<String ID="P106_ST00149" HPOS="1756" VPOS="1612" WIDTH="196" HEIGHT="56" CONTENT="même" WC="0.99" CC="0400"/>
						<SP ID="P106_SP00134" HPOS="1952" VPOS="1688" WIDTH="34"/>
						<String ID="P106_ST00150" HPOS="1986" VPOS="1613" WIDTH="188" HEIGHT="78" CONTENT="parmi" WC="0.98" CC="01507"/>
						<SP ID="P106_SP00135" HPOS="2174" VPOS="1691" WIDTH="39"/>
						<String ID="P106_ST00151" HPOS="2213" VPOS="1634" WIDTH="153" HEIGHT="36" CONTENT="ceux" WC="0.98" CC="0042"/>
						<SP ID="P106_SP00136" HPOS="2366" VPOS="1691" WIDTH="34"/>
						<String ID="P106_ST00152" HPOS="2400" VPOS="1635" WIDTH="114" HEIGHT="57" CONTENT="que" WC="0.97" CC="034"/>
						<SP ID="P106_SP00137" HPOS="2514" VPOS="1692" WIDTH="52"/>
						<String ID="P106_ST00153" HPOS="2566" VPOS="1616" WIDTH="217" HEIGHT="58" CONTENT="Tristan" WC="0.99" CC="8003020" STYLEREFS="TXT_2"/>
					</TextLine>
					<TextLine ID="P106_TL00016" HPOS="316" VPOS="1691" WIDTH="2466" HEIGHT="90">
						<String ID="P106_ST00154" HPOS="316" VPOS="1712" WIDTH="75" HEIGHT="35" CONTENT="ou" WC="0.90" CC="20"/>
						<SP ID="P106_SP00138" HPOS="391" VPOS="1747" WIDTH="53"/>
						<String ID="P106_ST00155" HPOS="444" VPOS="1693" WIDTH="65" HEIGHT="55" CONTENT="'P" WC="0.51" CC="18"/>
						<String ID="P106_ST00156" HPOS="510" VPOS="1691" WIDTH="212" HEIGHT="77" CONTENT="arsifal" WC="0.87" CC="0012040" STYLEREFS="TXT_2"/>
						<SP ID="P106_SP00139" HPOS="722" VPOS="1768" WIDTH="43"/>
						<String ID="P106_ST00157" HPOS="765" VPOS="1695" WIDTH="235" HEIGHT="55" CONTENT="accable" WC="1.00" CC="0000240"/>
						<SP ID="P106_SP00140" HPOS="1000" VPOS="1768" WIDTH="45"/>
						<String ID="P106_ST00158" HPOS="1045" VPOS="1695" WIDTH="138" HEIGHT="57" CONTENT="d'un" WC="0.98" CC="0252"/>
						<SP ID="P106_SP00141" HPOS="1183" VPOS="1768" WIDTH="54"/>
						<String ID="P106_ST00159" HPOS="1237" VPOS="1698" WIDTH="177" HEIGHT="55" CONTENT="ennui" WC="0.98" CC="00574"/>
						<SP ID="P106_SP00142" HPOS="1414" VPOS="1768" WIDTH="36"/>
						<String ID="P106_ST00160" HPOS="1450" VPOS="1700" WIDTH="232" HEIGHT="67" CONTENT="mortel," WC="1.00" CC="0200100"/>
						<SP ID="P106_SP00143" HPOS="1682" VPOS="1768" WIDTH="38"/>
						<String ID="P106_ST00161" HPOS="1720" VPOS="1721" WIDTH="78" HEIGHT="35" CONTENT="un" WC="0.59" CC="43"/>
						<SP ID="P106_SP00144" HPOS="1798" VPOS="1768" WIDTH="36"/>
						<String ID="P106_ST00162" HPOS="1834" VPOS="1700" WIDTH="246" HEIGHT="57" CONTENT="homme" WC="0.99" CC="60000"/>
						<SP ID="P106_SP00145" HPOS="2080" VPOS="1768" WIDTH="34"/>
						<String ID="P106_ST00163" HPOS="2114" VPOS="1723" WIDTH="154" HEIGHT="35" CONTENT="assez" WC="1.00" CC="00004"/>
						<SP ID="P106_SP00146" HPOS="2268" VPOS="1768" WIDTH="34"/>
						<String ID="P106_ST00164" HPOS="2302" VPOS="1701" WIDTH="370" HEIGHT="80" CONTENT="dédaigneux" WC="0.99" CC="0700090060"/>
						<SP ID="P106_SP00147" HPOS="2672" VPOS="1781" WIDTH="34"/>
						<String ID="P106_ST00165" HPOS="2706" VPOS="1705" WIDTH="76" HEIGHT="57" CONTENT="du" WC="0.74" CC="05"/>
					</TextLine>
					<TextLine ID="P106_TL00017" HPOS="315" VPOS="1778" WIDTH="2463" HEIGHT="89">
						<String ID="P106_ST00166" HPOS="315" VPOS="1778" WIDTH="250" HEIGHT="59" CONTENT="ridicule" WC="0.99" CC="04010433"/>
						<SP ID="P106_SP00148" HPOS="565" VPOS="1837" WIDTH="51"/>
						<String ID="P106_ST00167" HPOS="616" VPOS="1801" WIDTH="151" HEIGHT="57" CONTENT="pour" WC="0.99" CC="0303"/>
						<SP ID="P106_SP00149" HPOS="767" VPOS="1858" WIDTH="52"/>
						<String ID="P106_ST00168" HPOS="819" VPOS="1781" WIDTH="258" HEIGHT="58" CONTENT="discuter" WC="0.99" CC="01006300"/>
						<SP ID="P106_SP00150" HPOS="1077" VPOS="1858" WIDTH="44"/>
						<String ID="P106_ST00169" HPOS="1121" VPOS="1785" WIDTH="283" HEIGHT="77" CONTENT="Wagner." WC="1.00" CC="1000200"/>
						<SP ID="P106_SP00151" HPOS="1404" VPOS="1862" WIDTH="56"/>
						<String ID="P106_ST00170" HPOS="1460" VPOS="1787" WIDTH="239" HEIGHT="56" CONTENT="Bientôt" WC="0.99" CC="5300044"/>
						<SP ID="P106_SP00152" HPOS="1699" VPOS="1862" WIDTH="49"/>
						<String ID="P106_ST00171" HPOS="1748" VPOS="1787" WIDTH="268" HEIGHT="80" CONTENT="Debussy" WC="1.00" CC="0000006"/>
						<SP ID="P106_SP00153" HPOS="2016" VPOS="1867" WIDTH="36"/>
						<String ID="P106_ST00172" HPOS="2052" VPOS="1810" WIDTH="121" HEIGHT="36" CONTENT="sera" WC="1.00" CC="0000"/>
						<SP ID="P106_SP00154" HPOS="2173" VPOS="1867" WIDTH="33"/>
						<String ID="P106_ST00173" HPOS="2206" VPOS="1789" WIDTH="157" HEIGHT="58" CONTENT="sacré" WC="0.99" CC="00007"/>
						<SP ID="P106_SP00155" HPOS="2363" VPOS="1867" WIDTH="46"/>
						<String ID="P106_ST00174" HPOS="2409" VPOS="1790" WIDTH="30" HEIGHT="57" CONTENT="à" WC="1.00" CC="0"/>
						<SP ID="P106_SP00156" HPOS="2439" VPOS="1867" WIDTH="43"/>
						<String ID="P106_ST00175" HPOS="2482" VPOS="1813" WIDTH="102" HEIGHT="35" CONTENT="son" WC="0.95" CC="047"/>
						<SP ID="P106_SP00157" HPOS="2584" VPOS="1867" WIDTH="45"/>
						<String ID="P106_ST00176" HPOS="2629" VPOS="1809" WIDTH="149" HEIGHT="42" CONTENT="tour." WC="0.98" CC="02454"/>
					</TextLine>
					<TextLine ID="P106_TL00018" HPOS="320" VPOS="1865" WIDTH="2462" HEIGHT="91">
						<String ID="P106_ST00177" HPOS="320" VPOS="1865" WIDTH="148" HEIGHT="80" CONTENT="Déjà" WC="0.98" CC="0730"/>
						<SP ID="P106_SP00158" HPOS="468" VPOS="1945" WIDTH="35"/>
						<String ID="P106_ST00178" HPOS="503" VPOS="1889" WIDTH="74" HEIGHT="35" CONTENT="on" WC="0.87" CC="02"/>
						<SP ID="P106_SP00159" HPOS="577" VPOS="1945" WIDTH="36"/>
						<String ID="P106_ST00179" HPOS="613" VPOS="1889" WIDTH="71" HEIGHT="35" CONTENT="ne" WC="0.82" CC="02"/>
						<SP ID="P106_SP00160" HPOS="684" VPOS="1945" WIDTH="33"/>
						<String ID="P106_ST00180" HPOS="717" VPOS="1890" WIDTH="57" HEIGHT="36" CONTENT="se" WC="1.00" CC="00"/>
						<SP ID="P106_SP00161" HPOS="774" VPOS="1945" WIDTH="32"/>
						<String ID="P106_ST00181" HPOS="806" VPOS="1884" WIDTH="174" HEIGHT="43" CONTENT="vante" WC="0.99" CC="00720"/>
						<SP ID="P106_SP00162" HPOS="980" VPOS="1945" WIDTH="33"/>
						<String ID="P106_ST00182" HPOS="1013" VPOS="1872" WIDTH="130" HEIGHT="78" CONTENT="plus" WC="0.98" CC="0240"/>
						<SP ID="P106_SP00163" HPOS="1143" VPOS="1950" WIDTH="34"/>
						<String ID="P106_ST00183" HPOS="1177" VPOS="1872" WIDTH="69" HEIGHT="56" CONTENT="de" WC="0.83" CC="03"/>
						<SP ID="P106_SP00164" HPOS="1246" VPOS="1950" WIDTH="35"/>
						<String ID="P106_ST00184" HPOS="1281" VPOS="1894" WIDTH="70" HEIGHT="36" CONTENT="ne" WC="0.69" CC="50"/>
						<SP ID="P106_SP00165" HPOS="1351" VPOS="1950" WIDTH="28"/>
						<String ID="P106_ST00185" HPOS="1379" VPOS="1894" WIDTH="98" HEIGHT="57" CONTENT="pas" WC="1.00" CC="000"/>
						<SP ID="P106_SP00166" HPOS="1477" VPOS="1951" WIDTH="49"/>
						<String ID="P106_ST00186" HPOS="1526" VPOS="1875" WIDTH="51" HEIGHT="56" CONTENT="le" WC="0.72" CC="50"/>
						<SP ID="P106_SP00167" HPOS="1577" VPOS="1951" WIDTH="46"/>
						<String ID="P106_ST00187" HPOS="1623" VPOS="1877" WIDTH="390" HEIGHT="77" CONTENT="comprendre" WC="1.00" CC="0000054020"/>
						<SP ID="P106_SP00168" HPOS="2013" VPOS="1954" WIDTH="25"/>
						<String ID="P106_ST00188" HPOS="2038" VPOS="1902" WIDTH="13" HEIGHT="44" CONTENT=";" WC="0.54" CC="4"/>
						<SP ID="P106_SP00169" HPOS="2051" VPOS="1954" WIDTH="57"/>
						<String ID="P106_ST00189" HPOS="2108" VPOS="1898" WIDTH="150" HEIGHT="35" CONTENT="ceux" WC="1.00" CC="0000"/>
						<SP ID="P106_SP00170" HPOS="2258" VPOS="1954" WIDTH="39"/>
						<String ID="P106_ST00190" HPOS="2297" VPOS="1880" WIDTH="103" HEIGHT="76" CONTENT="qui" WC="0.97" CC="060"/>
						<SP ID="P106_SP00171" HPOS="2400" VPOS="1956" WIDTH="37"/>
						<String ID="P106_ST00191" HPOS="2437" VPOS="1894" WIDTH="103" HEIGHT="42" CONTENT="ont" WC="0.95" CC="380"/>
						<SP ID="P106_SP00172" HPOS="2540" VPOS="1956" WIDTH="34"/>
						<String ID="P106_ST00192" HPOS="2574" VPOS="1902" WIDTH="208" HEIGHT="36" CONTENT="encore" WC="0.99" CC="030060"/>
					</TextLine>
					<TextLine ID="P106_TL00019" HPOS="313" VPOS="1955" WIDTH="2469" HEIGHT="90">
						<String ID="P106_ST00193" HPOS="313" VPOS="1955" WIDTH="52" HEIGHT="56" CONTENT="le" WC="1.00" CC="00"/>
						<SP ID="P106_SP00173" HPOS="365" VPOS="2011" WIDTH="50"/>
						<String ID="P106_ST00194" HPOS="415" VPOS="1975" WIDTH="254" HEIGHT="59" CONTENT="courage" WC="1.00" CC="0020000"/>
						<SP ID="P106_SP00174" HPOS="669" VPOS="2034" WIDTH="48"/>
						<String ID="P106_ST00195" HPOS="717" VPOS="1956" WIDTH="70" HEIGHT="56" CONTENT="de" WC="0.93" CC="01"/>
						<SP ID="P106_SP00175" HPOS="787" VPOS="2034" WIDTH="48"/>
						<String ID="P106_ST00196" HPOS="835" VPOS="1957" WIDTH="83" HEIGHT="56" CONTENT="lui" WC="0.96" CC="063"/>
						<SP ID="P106_SP00176" HPOS="918" VPOS="2034" WIDTH="54"/>
						<String ID="P106_ST00197" HPOS="972" VPOS="1973" WIDTH="291" HEIGHT="43" CONTENT="contester" WC="1.00" CC="001340001"/>
						<SP ID="P106_SP00177" HPOS="1263" VPOS="2034" WIDTH="51"/>
						<String ID="P106_ST00198" HPOS="1314" VPOS="1982" WIDTH="56" HEIGHT="35" CONTENT="sa" WC="1.00" CC="00"/>
						<SP ID="P106_SP00178" HPOS="1370" VPOS="2034" WIDTH="52"/>
						<String ID="P106_ST00199" HPOS="1422" VPOS="1963" WIDTH="185" HEIGHT="76" CONTENT="gloire" WC="1.00" CC="020000"/>
						<SP ID="P106_SP00179" HPOS="1607" VPOS="2039" WIDTH="53"/>
						<String ID="P106_ST00200" HPOS="1660" VPOS="1963" WIDTH="323" HEIGHT="57" CONTENT="cherchent" WC="0.99" CC="062604200"/>
						<SP ID="P106_SP00180" HPOS="1983" VPOS="2039" WIDTH="54"/>
						<String ID="P106_ST00201" HPOS="2037" VPOS="1964" WIDTH="95" HEIGHT="57" CONTENT="des" WC="1.00" CC="000"/>
						<SP ID="P106_SP00181" HPOS="2132" VPOS="2039" WIDTH="51"/>
						<String ID="P106_ST00202" HPOS="2183" VPOS="1980" WIDTH="343" HEIGHT="64" CONTENT="arguments" WC="1.00" CC="000500040"/>
						<SP ID="P106_SP00182" HPOS="2526" VPOS="2044" WIDTH="52"/>
						<String ID="P106_ST00203" HPOS="2578" VPOS="1969" WIDTH="101" HEIGHT="76" CONTENT="qui" WC="0.99" CC="030"/>
						<SP ID="P106_SP00183" HPOS="2679" VPOS="2045" WIDTH="52"/>
						<String ID="P106_ST00204" HPOS="2731" VPOS="1969" WIDTH="51" HEIGHT="56" CONTENT="le" WC="1.00" CC="00"/>
					</TextLine>
					<TextLine ID="P106_TL00020" HPOS="316" VPOS="2043" WIDTH="2465" HEIGHT="90">
						<String ID="P106_ST00205" HPOS="316" VPOS="2043" WIDTH="420" HEIGHT="71" CONTENT="condamnent," WC="0.99" CC="04500700500"/>
						<SP ID="P106_SP00184" HPOS="736" VPOS="2114" WIDTH="54"/>
						<String ID="P106_ST00206" HPOS="790" VPOS="2059" WIDTH="55" HEIGHT="42" CONTENT="et" WC="0.85" CC="20"/>
						<SP ID="P106_SP00185" HPOS="845" VPOS="2114" WIDTH="53"/>
						<String ID="P106_ST00207" HPOS="898" VPOS="2048" WIDTH="78" HEIGHT="54" CONTENT="les" WC="0.96" CC="560"/>
						<SP ID="P106_SP00186" HPOS="976" VPOS="2114" WIDTH="50"/>
						<String ID="P106_ST00208" HPOS="1026" VPOS="2060" WIDTH="273" HEIGHT="44" CONTENT="trouvent" WC="0.99" CC="36060053"/>
						<SP ID="P106_SP00187" HPOS="1299" VPOS="2114" WIDTH="47"/>
						<String ID="P106_ST00209" HPOS="1346" VPOS="2049" WIDTH="137" HEIGHT="57" CONTENT="dans" WC="0.99" CC="0050"/>
						<SP ID="P106_SP00188" HPOS="1483" VPOS="2114" WIDTH="44"/>
						<String ID="P106_ST00210" HPOS="1527" VPOS="2050" WIDTH="53" HEIGHT="56" CONTENT="la" WC="0.73" CC="50"/>
						<SP ID="P106_SP00189" HPOS="1580" VPOS="2114" WIDTH="43"/>
						<String ID="P106_ST00211" HPOS="1623" VPOS="2049" WIDTH="230" HEIGHT="57" CONTENT="théorie" WC="0.98" CC="5670230"/>
						<SP ID="P106_SP00190" HPOS="1853" VPOS="2114" WIDTH="34"/>
						<String ID="P106_ST00212" HPOS="1887" VPOS="2051" WIDTH="70" HEIGHT="56" CONTENT="de" WC="0.78" CC="04"/>
						<SP ID="P106_SP00191" HPOS="1957" VPOS="2114" WIDTH="358"/>
						<String ID="P106_ST00213" HPOS="2315" VPOS="2074" WIDTH="65" HEIGHT="36" CONTENT="ce" WC="0.96" CC="00"/>
						<SP ID="P106_SP00192" HPOS="2380" VPOS="2114" WIDTH="42"/>
						<String ID="P106_ST00214" HPOS="2422" VPOS="2057" WIDTH="101" HEIGHT="76" CONTENT="qui" WC="0.96" CC="045"/>
						<SP ID="P106_SP00193" HPOS="2523" VPOS="2133" WIDTH="36"/>
						<String ID="P106_ST00215" HPOS="2559" VPOS="2057" WIDTH="222" HEIGHT="55" CONTENT="revient" WC="0.99" CC="4100421"/>
					</TextLine>
					<TextLine ID="P106_TL00021" HPOS="315" VPOS="2128" WIDTH="2467" HEIGHT="94">
						<String ID="P106_ST00216" HPOS="315" VPOS="2128" WIDTH="30" HEIGHT="58" CONTENT="à" WC="0.20" CC="7"/>
						<SP ID="P106_SP00194" HPOS="345" VPOS="2186" WIDTH="48"/>
						<String ID="P106_ST00217" HPOS="393" VPOS="2131" WIDTH="83" HEIGHT="56" CONTENT="lui" WC="0.96" CC="640"/>
						<SP ID="P106_SP00195" HPOS="476" VPOS="2187" WIDTH="44"/>
						<String ID="P106_ST00218" HPOS="520" VPOS="2131" WIDTH="320" HEIGHT="79" CONTENT="reprocher" WC="0.99" CC="400020606"/>
						<SP ID="P106_SP00196" HPOS="840" VPOS="2210" WIDTH="44"/>
						<String ID="P106_ST00219" HPOS="884" VPOS="2133" WIDTH="69" HEIGHT="57" CONTENT="de" WC="1.00" CC="00"/>
						<SP ID="P106_SP00197" HPOS="953" VPOS="2210" WIDTH="50"/>
						<String ID="P106_ST00220" HPOS="1003" VPOS="2134" WIDTH="184" HEIGHT="57" CONTENT="n'être" WC="0.99" CC="601001"/>
						<SP ID="P106_SP00198" HPOS="1187" VPOS="2210" WIDTH="48"/>
						<String ID="P106_ST00221" HPOS="1235" VPOS="2157" WIDTH="98" HEIGHT="57" CONTENT="pas" WC="1.00" CC="000"/>
						<SP ID="P106_SP00199" HPOS="1333" VPOS="2214" WIDTH="37"/>
						<String ID="P106_ST00222" HPOS="1370" VPOS="2138" WIDTH="283" HEIGHT="77" CONTENT="Wagner," WC="0.99" CC="0304230"/>
						<SP ID="P106_SP00200" HPOS="1653" VPOS="2215" WIDTH="38"/>
						<String ID="P106_ST00223" HPOS="1691" VPOS="2153" WIDTH="56" HEIGHT="42" CONTENT="et" WC="0.92" CC="01"/>
						<SP ID="P106_SP00201" HPOS="1747" VPOS="2215" WIDTH="46"/>
						<String ID="P106_ST00224" HPOS="1793" VPOS="2139" WIDTH="179" HEIGHT="56" CONTENT="d'être" WC="1.00" CC="000000"/>
						<SP ID="P106_SP00202" HPOS="1972" VPOS="2215" WIDTH="44"/>
						<String ID="P106_ST00225" HPOS="2016" VPOS="2139" WIDTH="74" HEIGHT="57" CONTENT="né" WC="0.33" CC="67"/>
						<SP ID="P106_SP00203" HPOS="2090" VPOS="2215" WIDTH="52"/>
						<String ID="P106_ST00226" HPOS="2142" VPOS="2162" WIDTH="76" HEIGHT="35" CONTENT="un" WC="0.55" CC="44"/>
						<SP ID="P106_SP00204" HPOS="2218" VPOS="2215" WIDTH="37"/>
						<String ID="P106_ST00227" HPOS="2255" VPOS="2140" WIDTH="365" HEIGHT="59" CONTENT="demi-siècle" WC="1.00" CC="00002008050"/>
						<SP ID="P106_SP00205" HPOS="2620" VPOS="2215" WIDTH="33"/>
						<String ID="P106_ST00228" HPOS="2653" VPOS="2145" WIDTH="129" HEIGHT="77" CONTENT="plus" WC="0.99" CC="0050"/>
					</TextLine>
					<TextLine ID="P106_TL00022" HPOS="316" VPOS="2219" WIDTH="2465" HEIGHT="89">
						<String ID="P106_ST00229" HPOS="316" VPOS="2219" WIDTH="161" HEIGHT="70" CONTENT="tard;" WC="0.99" CC="20200"/>
						<SP ID="P106_SP00206" HPOS="477" VPOS="2289" WIDTH="55"/>
						<String ID="P106_ST00230" HPOS="532" VPOS="2222" WIDTH="146" HEIGHT="54" CONTENT="mais" WC="0.98" CC="0800"/>
						<SP ID="P106_SP00207" HPOS="678" VPOS="2289" WIDTH="48"/>
						<String ID="P106_ST00231" HPOS="726" VPOS="2222" WIDTH="51" HEIGHT="56" CONTENT="la" WC="0.52" CC="53"/>
						<SP ID="P106_SP00208" HPOS="777" VPOS="2289" WIDTH="44"/>
						<String ID="P106_ST00232" HPOS="821" VPOS="2223" WIDTH="234" HEIGHT="77" CONTENT="plupart" WC="0.99" CC="0030052"/>
						<SP ID="P106_SP00209" HPOS="1055" VPOS="2300" WIDTH="52"/>
						<String ID="P106_ST00233" HPOS="1107" VPOS="2238" WIDTH="103" HEIGHT="42" CONTENT="ont" WC="0.97" CC="060"/>
						<SP ID="P106_SP00210" HPOS="1210" VPOS="2300" WIDTH="51"/>
						<String ID="P106_ST00234" HPOS="1261" VPOS="2224" WIDTH="198" HEIGHT="78" CONTENT="abjuré" WC="0.99" CC="004006"/>
						<SP ID="P106_SP00211" HPOS="1459" VPOS="2302" WIDTH="52"/>
						<String ID="P106_ST00235" HPOS="1511" VPOS="2227" WIDTH="126" HEIGHT="56" CONTENT="leur" WC="0.99" CC="3020"/>
						<SP ID="P106_SP00212" HPOS="1637" VPOS="2302" WIDTH="52"/>
						<String ID="P106_ST00236" HPOS="1689" VPOS="2248" WIDTH="214" HEIGHT="49" CONTENT="erreur," WC="0.99" CC="2360050"/>
						<SP ID="P106_SP00213" HPOS="1903" VPOS="2302" WIDTH="47"/>
						<String ID="P106_ST00237" HPOS="1950" VPOS="2229" WIDTH="111" HEIGHT="56" CONTENT="soit" WC="0.99" CC="0040"/>
						<SP ID="P106_SP00214" HPOS="2061" VPOS="2302" WIDTH="48"/>
						<String ID="P106_ST00238" HPOS="2109" VPOS="2250" WIDTH="116" HEIGHT="57" CONTENT="que" WC="0.98" CC="050"/>
						<SP ID="P106_SP00215" HPOS="2225" VPOS="2307" WIDTH="48"/>
						<String ID="P106_ST00239" HPOS="2273" VPOS="2231" WIDTH="51" HEIGHT="55" CONTENT="la" WC="0.79" CC="40"/>
						<SP ID="P106_SP00216" HPOS="2324" VPOS="2307" WIDTH="45"/>
						<String ID="P106_ST00240" HPOS="2369" VPOS="2232" WIDTH="173" HEIGHT="76" CONTENT="grâce" WC="0.98" CC="05203"/>
						<SP ID="P106_SP00217" HPOS="2542" VPOS="2308" WIDTH="43"/>
						<String ID="P106_ST00241" HPOS="2585" VPOS="2233" WIDTH="78" HEIGHT="56" CONTENT="les" WC="0.98" CC="500"/>
						<SP ID="P106_SP00218" HPOS="2663" VPOS="2308" WIDTH="39"/>
						<String ID="P106_ST00242" HPOS="2702" VPOS="2234" WIDTH="79" HEIGHT="55" CONTENT="ait" WC="0.98" CC="032"/>
					</TextLine>
					<TextLine ID="P106_TL00023" HPOS="317" VPOS="2305" WIDTH="2464" HEIGHT="87">
						<String ID="P106_ST00243" HPOS="317" VPOS="2305" WIDTH="268" HEIGHT="72" CONTENT="touchés," WC="0.99" CC="00106700"/>
						<SP ID="P106_SP00219" HPOS="585" VPOS="2377" WIDTH="37"/>
						<String ID="P106_ST00244" HPOS="622" VPOS="2330" WIDTH="72" HEIGHT="34" CONTENT="ou" WC="1.00" CC="00"/>
						<SP ID="P106_SP00220" HPOS="694" VPOS="2377" WIDTH="54"/>
						<String ID="P106_ST00245" HPOS="748" VPOS="2330" WIDTH="113" HEIGHT="57" CONTENT="que" WC="0.98" CC="050"/>
						<SP ID="P106_SP00221" HPOS="861" VPOS="2387" WIDTH="44"/>
						<String ID="P106_ST00246" HPOS="905" VPOS="2309" WIDTH="253" HEIGHT="57" CONTENT="l'amour" WC="0.98" CC="4060643"/>
						<SP ID="P106_SP00222" HPOS="1158" VPOS="2387" WIDTH="34"/>
						<String ID="P106_ST00247" HPOS="1192" VPOS="2332" WIDTH="212" HEIGHT="57" CONTENT="propre" WC="1.00" CC="002030"/>
						<SP ID="P106_SP00223" HPOS="1404" VPOS="2389" WIDTH="35"/>
						<String ID="P106_ST00248" HPOS="1439" VPOS="2313" WIDTH="78" HEIGHT="56" CONTENT="les" WC="0.98" CC="400"/>
						<SP ID="P106_SP00224" HPOS="1517" VPOS="2389" WIDTH="35"/>
						<String ID="P106_ST00249" HPOS="1552" VPOS="2335" WIDTH="223" HEIGHT="57" CONTENT="engage" WC="1.00" CC="060000"/>
						<SP ID="P106_SP00225" HPOS="1775" VPOS="2392" WIDTH="36"/>
						<String ID="P106_ST00250" HPOS="1811" VPOS="2314" WIDTH="29" HEIGHT="56" CONTENT="à" WC="1.00" CC="0"/>
						<SP ID="P106_SP00226" HPOS="1840" VPOS="2392" WIDTH="34"/>
						<String ID="P106_ST00251" HPOS="1874" VPOS="2313" WIDTH="144" HEIGHT="58" CONTENT="faire" WC="1.00" CC="00000"/>
						<SP ID="P106_SP00227" HPOS="2018" VPOS="2392" WIDTH="33"/>
						<String ID="P106_ST00252" HPOS="2051" VPOS="2317" WIDTH="80" HEIGHT="56" CONTENT="les" WC="0.99" CC="300"/>
						<SP ID="P106_SP00228" HPOS="2131" VPOS="2392" WIDTH="34"/>
						<String ID="P106_ST00253" HPOS="2165" VPOS="2319" WIDTH="417" HEIGHT="56" CONTENT="connaisseurs." WC="1.00" CC="0030040002001"/>
						<SP ID="P106_SP00229" HPOS="2582" VPOS="2392" WIDTH="40"/>
						<String ID="P106_ST00254" HPOS="2622" VPOS="2321" WIDTH="159" HEIGHT="56" CONTENT="Seuls" WC="1.00" CC="00030"/>
					</TextLine>
					<TextLine ID="P106_TL00024" HPOS="317" VPOS="2393" WIDTH="2464" HEIGHT="94">
						<String ID="P106_ST00255" HPOS="317" VPOS="2393" WIDTH="266" HEIGHT="58" CONTENT="résistent" WC="0.99" CC="160300154"/>
						<SP ID="P106_SP00230" HPOS="583" VPOS="2451" WIDTH="53"/>
						<String ID="P106_ST00256" HPOS="636" VPOS="2417" WIDTH="232" HEIGHT="48" CONTENT="encore," WC="1.00" CC="0303000"/>
						<SP ID="P106_SP00231" HPOS="868" VPOS="2465" WIDTH="54"/>
						<String ID="P106_ST00257" HPOS="922" VPOS="2418" WIDTH="172" HEIGHT="58" CONTENT="parce" WC="1.00" CC="00010"/>
						<SP ID="P106_SP00232" HPOS="1094" VPOS="2476" WIDTH="50"/>
						<String ID="P106_ST00258" HPOS="1144" VPOS="2399" WIDTH="173" HEIGHT="78" CONTENT="qu'ils" WC="0.99" CC="040440"/>
						<SP ID="P106_SP00233" HPOS="1317" VPOS="2477" WIDTH="57"/>
						<String ID="P106_ST00259" HPOS="1374" VPOS="2402" WIDTH="225" HEIGHT="55" CONTENT="croient" WC="0.99" CC="0214064"/>
						<SP ID="P106_SP00234" HPOS="1599" VPOS="2477" WIDTH="57"/>
						<String ID="P106_ST00260" HPOS="1656" VPOS="2401" WIDTH="278" HEIGHT="58" CONTENT="défendre" WC="0.99" CC="07005030"/>
						<SP ID="P106_SP00235" HPOS="1934" VPOS="2477" WIDTH="57"/>
						<String ID="P106_ST00261" HPOS="1991" VPOS="2405" WIDTH="144" HEIGHT="57" CONTENT="ainsi" WC="0.99" CC="00401"/>
						<SP ID="P106_SP00236" HPOS="2135" VPOS="2477" WIDTH="53"/>
						<String ID="P106_ST00262" HPOS="2188" VPOS="2407" WIDTH="249" HEIGHT="56" CONTENT="certains" WC="0.99" CC="20800660"/>
						<SP ID="P106_SP00237" HPOS="2437" VPOS="2477" WIDTH="51"/>
						<String ID="P106_ST00263" HPOS="2488" VPOS="2408" WIDTH="293" HEIGHT="79" CONTENT="principes" WC="1.00" CC="053301000"/>
					</TextLine>
					<TextLine ID="P106_TL00025" HPOS="316" VPOS="2482" WIDTH="2462" HEIGHT="84">
						<String ID="P106_ST00264" HPOS="316" VPOS="2482" WIDTH="228" HEIGHT="57" CONTENT="absolus" WC="0.99" CC="0004430"/>
						<SP ID="P106_SP00238" HPOS="544" VPOS="2539" WIDTH="56"/>
						<String ID="P106_ST00265" HPOS="600" VPOS="2483" WIDTH="70" HEIGHT="56" CONTENT="de" WC="1.00" CC="00"/>
						<SP ID="P106_SP00239" HPOS="670" VPOS="2539" WIDTH="56"/>
						<String ID="P106_ST00266" HPOS="726" VPOS="2483" WIDTH="150" HEIGHT="70" CONTENT="l'art," WC="0.99" CC="007050"/>
						<SP ID="P106_SP00240" HPOS="876" VPOS="2553" WIDTH="60"/>
						<String ID="P106_ST00267" HPOS="936" VPOS="2487" WIDTH="77" HEIGHT="55" CONTENT="les" WC="0.98" CC="400"/>
						<SP ID="P106_SP00241" HPOS="1013" VPOS="2553" WIDTH="56"/>
						<String ID="P106_ST00268" HPOS="1069" VPOS="2485" WIDTH="384" HEIGHT="59" CONTENT="doctrinaires" WC="0.99" CC="630167005600"/>
						<SP ID="P106_SP00242" HPOS="1453" VPOS="2553" WIDTH="57"/>
						<String ID="P106_ST00269" HPOS="1510" VPOS="2490" WIDTH="103" HEIGHT="76" CONTENT="qui" WC="0.97" CC="061"/>
						<SP ID="P106_SP00243" HPOS="1613" VPOS="2566" WIDTH="57"/>
						<String ID="P106_ST00270" HPOS="1670" VPOS="2488" WIDTH="29" HEIGHT="57" CONTENT="à" WC="0.53" CC="4"/>
						<SP ID="P106_SP00244" HPOS="1699" VPOS="2566" WIDTH="56"/>
						<String ID="P106_ST00271" HPOS="1755" VPOS="2491" WIDTH="52" HEIGHT="54" CONTENT="la" WC="0.73" CC="23"/>
						<SP ID="P106_SP00245" HPOS="1807" VPOS="2566" WIDTH="54"/>
						<String ID="P106_ST00272" HPOS="1861" VPOS="2491" WIDTH="192" HEIGHT="57" CONTENT="Schola" WC="0.72" CC="100455" STYLEREFS="TXT_2"/>
						<SP ID="P106_SP00246" HPOS="2053" VPOS="2566" WIDTH="61"/>
						<String ID="P106_ST00273" HPOS="2114" VPOS="2495" WIDTH="299" HEIGHT="54" CONTENT="Cantorum" WC="0.77" CC="51140040" STYLEREFS="TXT_2"/>
						<SP ID="P106_SP00247" HPOS="2413" VPOS="2566" WIDTH="56"/>
						<String ID="P106_ST00274" HPOS="2469" VPOS="2509" WIDTH="309" HEIGHT="44" CONTENT="entourent" WC="0.99" CC="051360080"/>
					</TextLine>
					<TextLine ID="P106_TL00026" HPOS="318" VPOS="2571" WIDTH="2463" HEIGHT="88">
						<String ID="P106_ST00275" HPOS="318" VPOS="2571" WIDTH="94" HEIGHT="56" CONTENT="M." WC="0.78" CC="04"/>
						<SP ID="P106_SP00248" HPOS="412" VPOS="2627" WIDTH="41"/>
						<String ID="P106_ST00276" HPOS="453" VPOS="2571" WIDTH="259" HEIGHT="56" CONTENT="Vincent" WC="0.99" CC="5060005"/>
						<SP ID="P106_SP00249" HPOS="712" VPOS="2627" WIDTH="53"/>
						<String ID="P106_ST00277" HPOS="765" VPOS="2571" WIDTH="232" HEIGHT="80" CONTENT="d'lndy." WC="0.75" CC="0006090"/>
						<SP ID="P106_SP00250" HPOS="997" VPOS="2651" WIDTH="63"/>
						<String ID="P106_ST00278" HPOS="1060" VPOS="2575" WIDTH="229" HEIGHT="56" CONTENT="Encore" WC="0.98" CC="210609"/>
						<SP ID="P106_SP00251" HPOS="1289" VPOS="2651" WIDTH="58"/>
						<String ID="P106_ST00279" HPOS="1347" VPOS="2596" WIDTH="70" HEIGHT="35" CONTENT="ne" WC="0.94" CC="10"/>
						<SP ID="P106_SP00252" HPOS="1417" VPOS="2651" WIDTH="52"/>
						<String ID="P106_ST00280" HPOS="1469" VPOS="2578" WIDTH="232" HEIGHT="55" CONTENT="sont-ils" WC="0.99" CC="02452250"/>
						<SP ID="P106_SP00253" HPOS="1701" VPOS="2651" WIDTH="55"/>
						<String ID="P106_ST00281" HPOS="1756" VPOS="2599" WIDTH="100" HEIGHT="57" CONTENT="pas" WC="1.00" CC="000"/>
						<SP ID="P106_SP00254" HPOS="1856" VPOS="2656" WIDTH="52"/>
						<String ID="P106_ST00282" HPOS="1908" VPOS="2599" WIDTH="124" HEIGHT="37" CONTENT="sans" WC="0.98" CC="0510"/>
						<SP ID="P106_SP00255" HPOS="2032" VPOS="2656" WIDTH="52"/>
						<String ID="P106_ST00283" HPOS="2084" VPOS="2595" WIDTH="271" HEIGHT="64" CONTENT="accepter" WC="1.00" CC="00000234"/>
						<SP ID="P106_SP00256" HPOS="2355" VPOS="2659" WIDTH="56"/>
						<String ID="P106_ST00284" HPOS="2411" VPOS="2582" WIDTH="370" HEIGHT="59" CONTENT="eux-mêmes" WC="1.00" CC="010000000"/>
					</TextLine>
					<TextLine ID="P106_TL00027" HPOS="315" VPOS="2660" WIDTH="2463" HEIGHT="86">
						<String ID="P106_ST00285" HPOS="315" VPOS="2660" WIDTH="459" HEIGHT="77" CONTENT="quelques-unes" WC="1.00" CC="0503000024600"/>
						<SP ID="P106_SP00257" HPOS="774" VPOS="2737" WIDTH="27"/>
						<String ID="P106_ST00286" HPOS="801" VPOS="2660" WIDTH="97" HEIGHT="57" CONTENT="des" WC="1.00" CC="000"/>
						<SP ID="P106_SP00258" HPOS="898" VPOS="2737" WIDTH="33"/>
						<String ID="P106_ST00287" HPOS="931" VPOS="2660" WIDTH="234" HEIGHT="58" CONTENT="libertés" WC="0.98" CC="44115075"/>
						<SP ID="P106_SP00259" HPOS="1165" VPOS="2737" WIDTH="34"/>
						<String ID="P106_ST00288" HPOS="1199" VPOS="2661" WIDTH="364" HEIGHT="60" CONTENT="récemment" WC="1.00" CC="071000040"/>
						<SP ID="P106_SP00260" HPOS="1563" VPOS="2737" WIDTH="37"/>
						<String ID="P106_ST00289" HPOS="1600" VPOS="2667" WIDTH="334" HEIGHT="77" CONTENT="conquises;" WC="1.00" CC="0020020005"/>
						<SP ID="P106_SP00261" HPOS="1934" VPOS="2744" WIDTH="39"/>
						<String ID="P106_ST00290" HPOS="1973" VPOS="2669" WIDTH="66" HEIGHT="56" CONTENT="ils" WC="0.98" CC="130"/>
						<SP ID="P106_SP00262" HPOS="2039" VPOS="2744" WIDTH="35"/>
						<String ID="P106_ST00291" HPOS="2074" VPOS="2669" WIDTH="350" HEIGHT="77" CONTENT="prétendent" WC="0.99" CC="0270000072"/>
						<SP ID="P106_SP00263" HPOS="2424" VPOS="2746" WIDTH="34"/>
						<String ID="P106_ST00292" HPOS="2458" VPOS="2672" WIDTH="320" HEIGHT="58" CONTENT="seulement" WC="1.00" CC="000310040"/>
					</TextLine>
					<TextLine ID="P106_TL00028" HPOS="315" VPOS="2746" WIDTH="2465" HEIGHT="89">
						<String ID="P106_ST00293" HPOS="315" VPOS="2766" WIDTH="69" HEIGHT="36" CONTENT="en" WC="0.99" CC="00"/>
						<SP ID="P106_SP00264" HPOS="384" VPOS="2802" WIDTH="59"/>
						<String ID="P106_ST00294" HPOS="443" VPOS="2746" WIDTH="347" HEIGHT="57" CONTENT="restreindre" WC="1.00" CC="00030034020"/>
						<SP ID="P106_SP00265" HPOS="790" VPOS="2803" WIDTH="54"/>
						<String ID="P106_ST00295" HPOS="844" VPOS="2749" WIDTH="239" HEIGHT="78" CONTENT="l'usage," WC="0.99" CC="42506004"/>
						<SP ID="P106_SP00266" HPOS="1083" VPOS="2827" WIDTH="60"/>
						<String ID="P106_ST00296" HPOS="1143" VPOS="2772" WIDTH="94" HEIGHT="47" CONTENT="ou," WC="0.97" CC="060"/>
						<SP ID="P106_SP00267" HPOS="1237" VPOS="2827" WIDTH="59"/>
						<String ID="P106_ST00297" HPOS="1296" VPOS="2772" WIDTH="237" HEIGHT="35" CONTENT="comme" WC="1.00" CC="00000"/>
						<SP ID="P106_SP00268" HPOS="1533" VPOS="2827" WIDTH="57"/>
						<String ID="P106_ST00298" HPOS="1590" VPOS="2754" WIDTH="66" HEIGHT="56" CONTENT="ils" WC="0.97" CC="530"/>
						<SP ID="P106_SP00269" HPOS="1656" VPOS="2827" WIDTH="56"/>
						<String ID="P106_ST00299" HPOS="1712" VPOS="2754" WIDTH="209" HEIGHT="70" CONTENT="disent," WC="0.99" CC="0400601"/>
						<SP ID="P106_SP00270" HPOS="1921" VPOS="2827" WIDTH="36"/>
						<String ID="P106_ST00300" HPOS="1957" VPOS="2777" WIDTH="70" HEIGHT="34" CONTENT="en" WC="0.94" CC="01"/>
						<SP ID="P106_SP00271" HPOS="2027" VPOS="2827" WIDTH="49"/>
						<String ID="P106_ST00301" HPOS="2076" VPOS="2755" WIDTH="290" HEIGHT="80" CONTENT="réprimer" WC="1.00" CC="17000000"/>
						<SP ID="P106_SP00272" HPOS="2366" VPOS="2835" WIDTH="33"/>
						<String ID="P106_ST00302" HPOS="2399" VPOS="2758" WIDTH="200" HEIGHT="58" CONTENT="l'abus." WC="0.99" CC="4000304"/>
						<SP ID="P106_SP00273" HPOS="2599" VPOS="2835" WIDTH="54"/>
						<String ID="P106_ST00303" HPOS="2653" VPOS="2760" WIDTH="85" HEIGHT="56" CONTENT="Au" SUBS_TYPE="HypPart1" SUBS_CONTENT="Aujourd'hui" WC="0.98" CC="04"/>
						<HYP HPOS="2738" VPOS="2760" WIDTH="42" CONTENT="-"/>
					</TextLine>
					<TextLine ID="P106_TL00029" HPOS="303" VPOS="2832" WIDTH="2475" HEIGHT="86">
						<String ID="P106_ST00304" HPOS="303" VPOS="2832" WIDTH="309" HEIGHT="78" CONTENT="jourd'hui" SUBS_TYPE="HypPart2" SUBS_CONTENT="Aujourd'hui" WC="0.99" CC="205200763"/>
						<SP ID="P106_SP00274" HPOS="612" VPOS="2910" WIDTH="57"/>
						<String ID="P106_ST00305" HPOS="669" VPOS="2834" WIDTH="334" HEIGHT="58" CONTENT="l'influence" WC="0.99" CC="40267650502"/>
						<SP ID="P106_SP00275" HPOS="1003" VPOS="2910" WIDTH="53"/>
						<String ID="P106_ST00306" HPOS="1056" VPOS="2836" WIDTH="69" HEIGHT="56" CONTENT="de" WC="1.00" CC="00"/>
						<SP ID="P106_SP00276" HPOS="1125" VPOS="2910" WIDTH="57"/>
						<String ID="P106_ST00307" HPOS="1182" VPOS="2838" WIDTH="268" HEIGHT="80" CONTENT="Debussy" WC="0.99" CC="0414000"/>
						<SP ID="P106_SP00277" HPOS="1450" VPOS="2918" WIDTH="53"/>
						<String ID="P106_ST00308" HPOS="1503" VPOS="2854" WIDTH="82" HEIGHT="42" CONTENT="est" WC="0.98" CC="005"/>
						<SP ID="P106_SP00278" HPOS="1585" VPOS="2918" WIDTH="55"/>
						<String ID="P106_ST00309" HPOS="1640" VPOS="2855" WIDTH="238" HEIGHT="63" CONTENT="partout" WC="1.00" CC="0020020"/>
						<SP ID="P106_SP00279" HPOS="1878" VPOS="2918" WIDTH="57"/>
						<String ID="P106_ST00310" HPOS="1935" VPOS="2843" WIDTH="277" HEIGHT="57" CONTENT="sensible:" WC="0.99" CC="046030216"/>
						<SP ID="P106_SP00280" HPOS="2212" VPOS="2918" WIDTH="62"/>
						<String ID="P106_ST00311" HPOS="2274" VPOS="2846" WIDTH="40" HEIGHT="55" CONTENT="il" WC="0.68" CC="24"/>
						<SP ID="P106_SP00281" HPOS="2314" VPOS="2918" WIDTH="52"/>
						<String ID="P106_ST00312" HPOS="2366" VPOS="2867" WIDTH="30" HEIGHT="35" CONTENT="a" WC="1.00" CC="0"/>
						<SP ID="P106_SP00282" HPOS="2396" VPOS="2918" WIDTH="52"/>
						<String ID="P106_ST00313" HPOS="2448" VPOS="2845" WIDTH="228" HEIGHT="59" CONTENT="enrichi" WC="0.98" CC="3635052"/>
						<SP ID="P106_SP00283" HPOS="2676" VPOS="2918" WIDTH="53"/>
						<String ID="P106_ST00314" HPOS="2729" VPOS="2849" WIDTH="49" HEIGHT="53" CONTENT="le" WC="0.71" CC="50"/>
					</TextLine>
					<TextLine ID="P106_TL00030" HPOS="312" VPOS="2921" WIDTH="2465" HEIGHT="87">
						<String ID="P106_ST00315" HPOS="312" VPOS="2921" WIDTH="248" HEIGHT="79" CONTENT="langage" WC="1.00" CC="7010000"/>
						<SP ID="P106_SP00284" HPOS="560" VPOS="3000" WIDTH="52"/>
						<String ID="P106_ST00316" HPOS="612" VPOS="2924" WIDTH="249" HEIGHT="56" CONTENT="musical" WC="0.99" CC="0300060"/>
						<SP ID="P106_SP00285" HPOS="861" VPOS="3000" WIDTH="52"/>
						<String ID="P106_ST00317" HPOS="913" VPOS="2924" WIDTH="421" HEIGHT="79" CONTENT="d'expressions" WC="1.00" CC="0000000002481"/>
						<SP ID="P106_SP00286" HPOS="1334" VPOS="3003" WIDTH="45"/>
						<String ID="P106_ST00318" HPOS="1379" VPOS="2942" WIDTH="54" HEIGHT="40" CONTENT="et" WC="0.77" CC="04"/>
						<SP ID="P106_SP00287" HPOS="1433" VPOS="3003" WIDTH="47"/>
						<String ID="P106_ST00319" HPOS="1480" VPOS="2928" WIDTH="69" HEIGHT="56" CONTENT="de" WC="1.00" CC="00"/>
						<SP ID="P106_SP00288" HPOS="1549" VPOS="3003" WIDTH="36"/>
						<String ID="P106_ST00320" HPOS="1585" VPOS="2943" WIDTH="160" HEIGHT="43" CONTENT="tours" WC="0.98" CC="20661"/>
						<SP ID="P106_SP00289" HPOS="1745" VPOS="3003" WIDTH="35"/>
						<String ID="P106_ST00321" HPOS="1780" VPOS="2932" WIDTH="103" HEIGHT="76" CONTENT="qui" WC="0.98" CC="040"/>
						<SP ID="P106_SP00290" HPOS="1883" VPOS="3008" WIDTH="36"/>
						<String ID="P106_ST00322" HPOS="1919" VPOS="2932" WIDTH="82" HEIGHT="54" CONTENT="lui" WC="0.97" CC="042"/>
						<SP ID="P106_SP00291" HPOS="2001" VPOS="3008" WIDTH="38"/>
						<String ID="P106_ST00323" HPOS="2039" VPOS="2930" WIDTH="217" HEIGHT="60" CONTENT="étaient" WC="0.98" CC="7503040"/>
						<SP ID="P106_SP00292" HPOS="2256" VPOS="3008" WIDTH="37"/>
						<String ID="P106_ST00324" HPOS="2293" VPOS="2933" WIDTH="256" HEIGHT="58" CONTENT="devenus" WC="0.99" CC="0060760"/>
						<SP ID="P106_SP00293" HPOS="2549" VPOS="3008" WIDTH="34"/>
						<String ID="P106_ST00325" HPOS="2583" VPOS="2933" WIDTH="162" HEIGHT="58" CONTENT="néces" SUBS_TYPE="HypPart1" SUBS_CONTENT="nécessaires," WC="0.99" CC="47030"/>
						<HYP HPOS="2745" VPOS="2933" WIDTH="32" CONTENT="-"/>
					</TextLine>
					<TextLine ID="P106_TL00031" HPOS="313" VPOS="3009" WIDTH="2464" HEIGHT="91">
						<String ID="P106_ST00326" HPOS="313" VPOS="3010" WIDTH="190" HEIGHT="69" CONTENT="saires," SUBS_TYPE="HypPart2" SUBS_CONTENT="nécessaires," WC="0.99" CC="0413305"/>
						<SP ID="P106_SP00294" HPOS="503" VPOS="3079" WIDTH="35"/>
						<String ID="P106_ST00327" HPOS="538" VPOS="3024" WIDTH="55" HEIGHT="42" CONTENT="et" WC="0.93" CC="10"/>
						<SP ID="P106_SP00295" HPOS="593" VPOS="3079" WIDTH="37"/>
						<String ID="P106_ST00328" HPOS="630" VPOS="3009" WIDTH="142" HEIGHT="58" CONTENT="dont" WC="0.97" CC="0461"/>
						<SP ID="P106_SP00296" HPOS="772" VPOS="3079" WIDTH="34"/>
						<String ID="P106_ST00329" HPOS="806" VPOS="3032" WIDTH="99" HEIGHT="57" CONTENT="pas" WC="1.00" CC="000"/>
						<SP ID="P106_SP00297" HPOS="905" VPOS="3089" WIDTH="36"/>
						<String ID="P106_ST00330" HPOS="941" VPOS="3032" WIDTH="77" HEIGHT="35" CONTENT="un" WC="0.71" CC="50"/>
						<SP ID="P106_SP00298" HPOS="1018" VPOS="3089" WIDTH="36"/>
						<String ID="P106_ST00331" HPOS="1054" VPOS="3014" WIDTH="216" HEIGHT="69" CONTENT="artiste," WC="1.00" CC="00020000"/>
						<SP ID="P106_SP00299" HPOS="1270" VPOS="3089" WIDTH="29"/>
						<String ID="P106_ST00332" HPOS="1299" VPOS="3034" WIDTH="117" HEIGHT="36" CONTENT="non" WC="0.99" CC="003"/>
						<SP ID="P106_SP00300" HPOS="1416" VPOS="3089" WIDTH="35"/>
						<String ID="P106_ST00333" HPOS="1451" VPOS="3017" WIDTH="323" HEIGHT="56" CONTENT="seulement" WC="1.00" CC="105000042"/>
						<SP ID="P106_SP00301" HPOS="1774" VPOS="3089" WIDTH="35"/>
						<String ID="P106_ST00334" HPOS="1809" VPOS="3038" WIDTH="69" HEIGHT="35" CONTENT="en" WC="0.88" CC="10"/>
						<SP ID="P106_SP00302" HPOS="1878" VPOS="3089" WIDTH="41"/>
						<String ID="P106_ST00335" HPOS="1919" VPOS="3019" WIDTH="241" HEIGHT="69" CONTENT="France," WC="0.99" CC="0046000"/>
						<SP ID="P106_SP00303" HPOS="2160" VPOS="3089" WIDTH="38"/>
						<String ID="P106_ST00336" HPOS="2198" VPOS="3023" WIDTH="145" HEIGHT="55" CONTENT="mais" WC="0.99" CC="0130"/>
						<SP ID="P106_SP00304" HPOS="2343" VPOS="3089" WIDTH="34"/>
						<String ID="P106_ST00337" HPOS="2377" VPOS="3043" WIDTH="69" HEIGHT="35" CONTENT="en" WC="0.67" CC="06"/>
						<SP ID="P106_SP00305" HPOS="2446" VPOS="3089" WIDTH="30"/>
						<String ID="P106_ST00338" HPOS="2476" VPOS="3036" WIDTH="128" HEIGHT="43" CONTENT="tout" WC="0.98" CC="0051"/>
						<SP ID="P106_SP00306" HPOS="2604" VPOS="3089" WIDTH="35"/>
						<String ID="P106_ST00339" HPOS="2639" VPOS="3043" WIDTH="138" HEIGHT="57" CONTENT="pays" WC="1.00" CC="0000"/>
					</TextLine>
					<TextLine ID="P106_TL00032" HPOS="315" VPOS="3095" WIDTH="2462" HEIGHT="88">
						<String ID="P106_ST00340" HPOS="315" VPOS="3095" WIDTH="76" HEIGHT="58" CONTENT="du" WC="0.89" CC="02"/>
						<SP ID="P106_SP00307" HPOS="391" VPOS="3153" WIDTH="37"/>
						<String ID="P106_ST00341" HPOS="428" VPOS="3097" WIDTH="238" HEIGHT="70" CONTENT="monde," WC="1.00" CC="000030"/>
						<SP ID="P106_SP00308" HPOS="666" VPOS="3167" WIDTH="37"/>
						<String ID="P106_ST00342" HPOS="703" VPOS="3118" WIDTH="70" HEIGHT="36" CONTENT="ne" WC="0.70" CC="50"/>
						<SP ID="P106_SP00309" HPOS="773" VPOS="3167" WIDTH="33"/>
						<String ID="P106_ST00343" HPOS="806" VPOS="3099" WIDTH="272" HEIGHT="57" CONTENT="voudrait" WC="0.99" CC="00500026"/>
						<SP ID="P106_SP00310" HPOS="1078" VPOS="3167" WIDTH="35"/>
						<String ID="P106_ST00344" HPOS="1113" VPOS="3121" WIDTH="55" HEIGHT="35" CONTENT="se" WC="1.00" CC="00"/>
						<SP ID="P106_SP00311" HPOS="1168" VPOS="3167" WIDTH="46"/>
						<String ID="P106_ST00345" HPOS="1214" VPOS="3103" WIDTH="214" HEIGHT="76" CONTENT="priver," WC="1.00" CC="0000000"/>
						<SP ID="P106_SP00312" HPOS="1428" VPOS="3179" WIDTH="36"/>
						<String ID="P106_ST00346" HPOS="1464" VPOS="3123" WIDTH="151" HEIGHT="57" CONTENT="pour" WC="0.99" CC="0015"/>
						<SP ID="P106_SP00313" HPOS="1615" VPOS="3180" WIDTH="33"/>
						<String ID="P106_ST00347" HPOS="1648" VPOS="3125" WIDTH="116" HEIGHT="57" CONTENT="peu" WC="0.98" CC="005"/>
						<SP ID="P106_SP00314" HPOS="1764" VPOS="3182" WIDTH="36"/>
						<String ID="P106_ST00348" HPOS="1800" VPOS="3106" WIDTH="143" HEIGHT="77" CONTENT="qu'il" WC="0.97" CC="85222"/>
						<SP ID="P106_SP00315" HPOS="1943" VPOS="3183" WIDTH="35"/>
						<String ID="P106_ST00349" HPOS="1978" VPOS="3108" WIDTH="111" HEIGHT="55" CONTENT="soit" WC="0.99" CC="0032"/>
						<SP ID="P106_SP00316" HPOS="2089" VPOS="3183" WIDTH="37"/>
						<String ID="P106_ST00350" HPOS="2126" VPOS="3111" WIDTH="283" HEIGHT="54" CONTENT="soucieux" WC="0.99" CC="00504400"/>
						<SP ID="P106_SP00317" HPOS="2409" VPOS="3183" WIDTH="34"/>
						<String ID="P106_ST00351" HPOS="2443" VPOS="3109" WIDTH="70" HEIGHT="56" CONTENT="de" WC="1.00" CC="00"/>
						<SP ID="P106_SP00318" HPOS="2513" VPOS="3183" WIDTH="33"/>
						<String ID="P106_ST00352" HPOS="2546" VPOS="3131" WIDTH="55" HEIGHT="36" CONTENT="se" WC="1.00" CC="00"/>
						<SP ID="P106_SP00319" HPOS="2601" VPOS="3183" WIDTH="34"/>
						<String ID="P106_ST00353" HPOS="2635" VPOS="3108" WIDTH="142" HEIGHT="59" CONTENT="faire" WC="0.99" CC="40200"/>
					</TextLine>
					<TextLine ID="P106_TL00033" HPOS="312" VPOS="3183" WIDTH="2461" HEIGHT="94">
						<String ID="P106_ST00354" HPOS="312" VPOS="3183" WIDTH="241" HEIGHT="60" CONTENT="écouter" WC="0.99" CC="6013200"/>
						<SP ID="P106_SP00320" HPOS="553" VPOS="3243" WIDTH="51"/>
						<String ID="P106_ST00355" HPOS="604" VPOS="3186" WIDTH="71" HEIGHT="57" CONTENT="de" WC="1.00" CC="00"/>
						<SP ID="P106_SP00321" HPOS="675" VPOS="3243" WIDTH="45"/>
						<String ID="P106_ST00356" HPOS="720" VPOS="3207" WIDTH="81" HEIGHT="37" CONTENT="ses" WC="1.00" CC="000"/>
						<SP ID="P106_SP00322" HPOS="801" VPOS="3244" WIDTH="50"/>
						<String ID="P106_ST00357" HPOS="851" VPOS="3191" WIDTH="495" HEIGHT="76" CONTENT="contemporains." WC="0.99" CC="01640000494301"/>
						<SP ID="P106_SP00323" HPOS="1346" VPOS="3267" WIDTH="42"/>
						<String ID="P106_ST00358" HPOS="1388" VPOS="3191" WIDTH="48" HEIGHT="56" CONTENT="Il" WC="0.72" CC="05"/>
						<SP ID="P106_SP00324" HPOS="1436" VPOS="3267" WIDTH="46"/>
						<String ID="P106_ST00359" HPOS="1482" VPOS="3192" WIDTH="169" HEIGHT="77" CONTENT="s'agit" WC="0.99" CC="000023"/>
						<SP ID="P106_SP00325" HPOS="1651" VPOS="3269" WIDTH="45"/>
						<String ID="P106_ST00360" HPOS="1696" VPOS="3194" WIDTH="323" HEIGHT="56" CONTENT="seulement" WC="0.99" CC="003240564"/>
						<SP ID="P106_SP00326" HPOS="2019" VPOS="3269" WIDTH="37"/>
						<String ID="P106_ST00361" HPOS="2056" VPOS="3196" WIDTH="68" HEIGHT="56" CONTENT="de" WC="1.00" CC="00"/>
						<SP ID="P106_SP00327" HPOS="2124" VPOS="3269" WIDTH="36"/>
						<String ID="P106_ST00362" HPOS="2160" VPOS="3200" WIDTH="190" HEIGHT="54" CONTENT="savoir" WC="0.99" CC="060500"/>
						<SP ID="P106_SP00328" HPOS="2350" VPOS="3269" WIDTH="36"/>
						<String ID="P106_ST00363" HPOS="2386" VPOS="3200" WIDTH="135" HEIGHT="76" CONTENT="quel" WC="0.98" CC="0503"/>
						<SP ID="P106_SP00329" HPOS="2521" VPOS="3276" WIDTH="35"/>
						<String ID="P106_ST00364" HPOS="2556" VPOS="3200" WIDTH="217" HEIGHT="77" CONTENT="emploi" WC="0.99" CC="000403"/>
					</TextLine>
					<TextLine ID="P106_TL00034" HPOS="312" VPOS="3271" WIDTH="2466" HEIGHT="85">
						<String ID="P106_ST00365" HPOS="312" VPOS="3294" WIDTH="76" HEIGHT="36" CONTENT="on" WC="0.43" CC="56"/>
						<SP ID="P106_SP00330" HPOS="388" VPOS="3330" WIDTH="35"/>
						<String ID="P106_ST00366" HPOS="423" VPOS="3271" WIDTH="120" HEIGHT="59" CONTENT="fera" WC="1.00" CC="0010"/>
						<SP ID="P106_SP00331" HPOS="543" VPOS="3330" WIDTH="27"/>
						<String ID="P106_ST00367" HPOS="570" VPOS="3273" WIDTH="70" HEIGHT="56" CONTENT="de" WC="1.00" CC="00"/>
						<SP ID="P106_SP00332" HPOS="640" VPOS="3330" WIDTH="34"/>
						<String ID="P106_ST00368" HPOS="674" VPOS="3295" WIDTH="64" HEIGHT="35" CONTENT="ce" WC="0.82" CC="03"/>
						<SP ID="P106_SP00333" HPOS="738" VPOS="3330" WIDTH="35"/>
						<String ID="P106_ST00369" HPOS="773" VPOS="3273" WIDTH="201" HEIGHT="71" CONTENT="trésor," WC="0.98" CC="5470430"/>
						<SP ID="P106_SP00334" HPOS="974" VPOS="3344" WIDTH="37"/>
						<String ID="P106_ST00370" HPOS="1011" VPOS="3276" WIDTH="204" HEIGHT="57" CONTENT="trouvé" WC="0.99" CC="030206"/>
						<SP ID="P106_SP00335" HPOS="1215" VPOS="3344" WIDTH="36"/>
						<String ID="P106_ST00371" HPOS="1251" VPOS="3299" WIDTH="102" HEIGHT="57" CONTENT="par" WC="1.00" CC="000"/>
						<SP ID="P106_SP00336" HPOS="1353" VPOS="3356" WIDTH="35"/>
						<String ID="P106_ST00372" HPOS="1388" VPOS="3300" WIDTH="75" HEIGHT="34" CONTENT="un" WC="0.34" CC="57"/>
						<SP ID="P106_SP00337" HPOS="1463" VPOS="3356" WIDTH="37"/>
						<String ID="P106_ST00373" HPOS="1500" VPOS="3281" WIDTH="140" HEIGHT="67" CONTENT="seul," WC="0.99" CC="00500"/>
						<SP ID="P106_SP00338" HPOS="1640" VPOS="3356" WIDTH="37"/>
						<String ID="P106_ST00374" HPOS="1677" VPOS="3295" WIDTH="54" HEIGHT="42" CONTENT="et" WC="0.75" CC="04"/>
						<SP ID="P106_SP00339" HPOS="1731" VPOS="3356" WIDTH="38"/>
						<String ID="P106_ST00375" HPOS="1769" VPOS="3280" WIDTH="226" HEIGHT="58" CONTENT="devenu" WC="1.00" CC="000000"/>
						<SP ID="P106_SP00340" HPOS="1995" VPOS="3356" WIDTH="35"/>
						<String ID="P106_ST00376" HPOS="2030" VPOS="3285" WIDTH="50" HEIGHT="54" CONTENT="le" WC="0.82" CC="30"/>
						<SP ID="P106_SP00341" HPOS="2080" VPOS="3356" WIDTH="35"/>
						<String ID="P106_ST00377" HPOS="2115" VPOS="3285" WIDTH="135" HEIGHT="55" CONTENT="bien" WC="0.98" CC="0206"/>
						<SP ID="P106_SP00342" HPOS="2250" VPOS="3356" WIDTH="37"/>
						<String ID="P106_ST00378" HPOS="2287" VPOS="3286" WIDTH="70" HEIGHT="56" CONTENT="de" WC="1.00" CC="00"/>
						<SP ID="P106_SP00343" HPOS="2357" VPOS="3356" WIDTH="28"/>
						<String ID="P106_ST00379" HPOS="2385" VPOS="3300" WIDTH="153" HEIGHT="56" CONTENT="tous;" WC="0.99" CC="00404"/>
						<SP ID="P106_SP00344" HPOS="2538" VPOS="3356" WIDTH="30"/>
						<String ID="P106_ST00380" HPOS="2568" VPOS="3288" WIDTH="78" HEIGHT="55" CONTENT="les" WC="1.00" CC="000"/>
						<SP ID="P106_SP00345" HPOS="2646" VPOS="3356" WIDTH="27"/>
						<String ID="P106_ST00381" HPOS="2673" VPOS="3307" WIDTH="105" HEIGHT="36" CONTENT="uns" WC="0.96" CC="450"/>
					</TextLine>
					<TextLine ID="P106_TL00035" HPOS="312" VPOS="3361" WIDTH="2466" HEIGHT="85">
						<String ID="P106_ST00382" HPOS="312" VPOS="3361" WIDTH="349" HEIGHT="57" CONTENT="voudraient" WC="0.99" CC="7200160000"/>
						<SP ID="P106_SP00346" HPOS="661" VPOS="3418" WIDTH="50"/>
						<String ID="P106_ST00383" HPOS="711" VPOS="3382" WIDTH="203" HEIGHT="37" CONTENT="sauver" WC="0.98" CC="064050"/>
						<SP ID="P106_SP00347" HPOS="914" VPOS="3419" WIDTH="47"/>
						<String ID="P106_ST00384" HPOS="961" VPOS="3365" WIDTH="51" HEIGHT="54" CONTENT="le" WC="0.64" CC="51"/>
						<SP ID="P106_SP00348" HPOS="1012" VPOS="3419" WIDTH="39"/>
						<String ID="P106_ST00385" HPOS="1051" VPOS="3366" WIDTH="130" HEIGHT="76" CONTENT="plus" WC="0.99" CC="0130"/>
						<SP ID="P106_SP00349" HPOS="1181" VPOS="3442" WIDTH="35"/>
						<String ID="P106_ST00386" HPOS="1216" VPOS="3365" WIDTH="249" HEIGHT="78" CONTENT="possible" WC="0.99" CC="00005240"/>
						<SP ID="P106_SP00350" HPOS="1465" VPOS="3443" WIDTH="36"/>
						<String ID="P106_ST00387" HPOS="1501" VPOS="3366" WIDTH="96" HEIGHT="57" CONTENT="des" WC="1.00" CC="000"/>
						<SP ID="P106_SP00351" HPOS="1597" VPOS="3443" WIDTH="35"/>
						<String ID="P106_ST00388" HPOS="1632" VPOS="3366" WIDTH="184" HEIGHT="80" CONTENT="règles" WC="0.99" CC="380300"/>
						<SP ID="P106_SP00352" HPOS="1816" VPOS="3446" WIDTH="33"/>
						<String ID="P106_ST00389" HPOS="1849" VPOS="3372" WIDTH="332" HEIGHT="70" CONTENT="anciennes," WC="1.00" CC="0602035000"/>
						<SP ID="P106_SP00353" HPOS="2181" VPOS="3446" WIDTH="37"/>
						<String ID="P106_ST00390" HPOS="2218" VPOS="3386" WIDTH="56" HEIGHT="43" CONTENT="et" WC="0.81" CC="03"/>
						<SP ID="P106_SP00354" HPOS="2274" VPOS="3446" WIDTH="34"/>
						<String ID="P106_ST00391" HPOS="2308" VPOS="3375" WIDTH="78" HEIGHT="56" CONTENT="les" WC="0.98" CC="400"/>
						<SP ID="P106_SP00355" HPOS="2386" VPOS="3446" WIDTH="33"/>
						<String ID="P106_ST00392" HPOS="2419" VPOS="3387" WIDTH="190" HEIGHT="45" CONTENT="autres" WC="0.99" CC="054020"/>
						<SP ID="P106_SP00356" HPOS="2609" VPOS="3446" WIDTH="34"/>
						<String ID="P106_ST00393" HPOS="2643" VPOS="3375" WIDTH="135" HEIGHT="56" CONTENT="aller" WC="0.98" CC="00315"/>
					</TextLine>
					<TextLine ID="P106_TL00036" HPOS="312" VPOS="3448" WIDTH="2465" HEIGHT="92">
						<String ID="P106_ST00394" HPOS="312" VPOS="3448" WIDTH="264" HEIGHT="78" CONTENT="toujours" WC="0.99" CC="00440420"/>
						<SP ID="P106_SP00357" HPOS="576" VPOS="3526" WIDTH="50"/>
						<String ID="P106_ST00395" HPOS="626" VPOS="3448" WIDTH="68" HEIGHT="56" CONTENT="de" WC="0.76" CC="40"/>
						<SP ID="P106_SP00358" HPOS="694" VPOS="3526" WIDTH="49"/>
						<String ID="P106_ST00396" HPOS="743" VPOS="3451" WIDTH="16" HEIGHT="55" CONTENT="1" WC="0.55" CC="4"/>
						<SP ID="P106_SP00359" HPOS="759" VPOS="3526" WIDTH="23"/>
						<String ID="P106_ST00397" HPOS="782" VPOS="3464" WIDTH="194" HEIGHT="56" CONTENT="avant," WC="0.99" CC="002510"/>
						<SP ID="P106_SP00360" HPOS="976" VPOS="3526" WIDTH="51"/>
						<String ID="P106_ST00398" HPOS="1027" VPOS="3473" WIDTH="29" HEIGHT="34" CONTENT="a" WC="0.75" CC="2"/>
						<SP ID="P106_SP00361" HPOS="1056" VPOS="3526" WIDTH="50"/>
						<String ID="P106_ST00399" HPOS="1106" VPOS="3452" WIDTH="336" HEIGHT="59" CONTENT="l'aventure." WC="0.99" CC="40000313560"/>
						<SP ID="P106_SP00362" HPOS="1442" VPOS="3526" WIDTH="55"/>
						<String ID="P106_ST00400" HPOS="1497" VPOS="3456" WIDTH="347" HEIGHT="76" CONTENT="Cependant" WC="0.99" CC="010456000"/>
						<SP ID="P106_SP00363" HPOS="1844" VPOS="3532" WIDTH="53"/>
						<String ID="P106_ST00401" HPOS="1897" VPOS="3459" WIDTH="224" HEIGHT="55" CONTENT="Claude" WC="0.98" CC="027501"/>
						<SP ID="P106_SP00364" HPOS="2121" VPOS="3532" WIDTH="38"/>
						<String ID="P106_ST00402" HPOS="2159" VPOS="3460" WIDTH="269" HEIGHT="80" CONTENT="Debussy" WC="0.99" CC="6004000"/>
						<SP ID="P106_SP00365" HPOS="2428" VPOS="3540" WIDTH="35"/>
						<String ID="P106_ST00403" HPOS="2463" VPOS="3461" WIDTH="314" HEIGHT="57" CONTENT="lui-même" WC="0.99" CC="34300001"/>
					</TextLine>
					<TextLine ID="P106_TL00037" HPOS="311" VPOS="3537" WIDTH="2462" HEIGHT="82">
						<String ID="P106_ST00404" HPOS="311" VPOS="3539" WIDTH="131" HEIGHT="55" CONTENT="s'est" WC="0.99" CC="00305"/>
						<SP ID="P106_SP00366" HPOS="442" VPOS="3594" WIDTH="50"/>
						<String ID="P106_ST00405" HPOS="492" VPOS="3539" WIDTH="281" HEIGHT="68" CONTENT="recueilli," WC="0.99" CC="0303203040"/>
						<SP ID="P106_SP00367" HPOS="773" VPOS="3607" WIDTH="37"/>
						<String ID="P106_ST00406" HPOS="810" VPOS="3537" WIDTH="162" HEIGHT="79" CONTENT="après" WC="0.98" CC="00780"/>
						<SP ID="P106_SP00368" HPOS="972" VPOS="3616" WIDTH="50"/>
						<String ID="P106_ST00407" HPOS="1022" VPOS="3540" WIDTH="196" HEIGHT="57" CONTENT="l'emoi" WC="0.72" CC="411034"/>
						<SP ID="P106_SP00369" HPOS="1218" VPOS="3616" WIDTH="38"/>
						<String ID="P106_ST00408" HPOS="1256" VPOS="3541" WIDTH="96" HEIGHT="56" CONTENT="des" WC="0.99" CC="020"/>
						<SP ID="P106_SP00370" HPOS="1352" VPOS="3616" WIDTH="36"/>
						<String ID="P106_ST00409" HPOS="1388" VPOS="3541" WIDTH="316" HEIGHT="78" CONTENT="premières" WC="0.99" CC="023027520"/>
						<SP ID="P106_SP00371" HPOS="1704" VPOS="3619" WIDTH="34"/>
						<String ID="P106_ST00410" HPOS="1738" VPOS="3542" WIDTH="400" HEIGHT="74" CONTENT="découvertes," WC="1.00" CC="070350300400"/>
						<SP ID="P106_SP00372" HPOS="2138" VPOS="3619" WIDTH="38"/>
						<String ID="P106_ST00411" HPOS="2176" VPOS="3546" WIDTH="112" HEIGHT="59" CONTENT="afin" WC="0.95" CC="1767"/>
						<SP ID="P106_SP00373" HPOS="2288" VPOS="3619" WIDTH="37"/>
						<String ID="P106_ST00412" HPOS="2325" VPOS="3550" WIDTH="274" HEIGHT="57" CONTENT="d'arriver" WC="1.00" CC="000043005"/>
						<SP ID="P106_SP00374" HPOS="2599" VPOS="3619" WIDTH="44"/>
						<String ID="P106_ST00413" HPOS="2643" VPOS="3549" WIDTH="29" HEIGHT="57" CONTENT="à" WC="1.00" CC="0"/>
						<SP ID="P106_SP00375" HPOS="2672" VPOS="3619" WIDTH="34"/>
						<String ID="P106_ST00414" HPOS="2706" VPOS="3572" WIDTH="67" HEIGHT="34" CONTENT="en" WC="0.56" CC="26"/>
					</TextLine>
					<TextLine ID="P106_TL00038" HPOS="312" VPOS="3625" WIDTH="2463" HEIGHT="85">
						<String ID="P106_ST00415" HPOS="312" VPOS="3626" WIDTH="138" HEIGHT="55" CONTENT="tirer" WC="0.99" CC="01005"/>
						<SP ID="P106_SP00376" HPOS="450" VPOS="3681" WIDTH="22"/>
						<String ID="P106_ST00416" HPOS="472" VPOS="3639" WIDTH="130" HEIGHT="42" CONTENT="tout" WC="0.98" CC="0440"/>
						<SP ID="P106_SP00377" HPOS="602" VPOS="3681" WIDTH="35"/>
						<String ID="P106_ST00417" HPOS="637" VPOS="3625" WIDTH="183" HEIGHT="57" CONTENT="l'effet" WC="0.99" CC="5030020"/>
						<SP ID="P106_SP00378" HPOS="820" VPOS="3682" WIDTH="36"/>
						<String ID="P106_ST00418" HPOS="856" VPOS="3625" WIDTH="142" HEIGHT="57" CONTENT="dont" WC="0.98" CC="0083"/>
						<SP ID="P106_SP00379" HPOS="998" VPOS="3682" WIDTH="35"/>
						<String ID="P106_ST00419" HPOS="1033" VPOS="3629" WIDTH="134" HEIGHT="54" CONTENT="elles" WC="0.99" CC="03220"/>
						<SP ID="P106_SP00380" HPOS="1167" VPOS="3683" WIDTH="34"/>
						<String ID="P106_ST00420" HPOS="1201" VPOS="3626" WIDTH="217" HEIGHT="57" CONTENT="étaient" WC="0.98" CC="7402064"/>
						<SP ID="P106_SP00381" HPOS="1418" VPOS="3683" WIDTH="50"/>
						<String ID="P106_ST00421" HPOS="1468" VPOS="3631" WIDTH="399" HEIGHT="77" CONTENT="susceptibles." WC="1.00" CC="0200104220003"/>
						<SP ID="P106_SP00382" HPOS="1867" VPOS="3708" WIDTH="40"/>
						<String ID="P106_ST00422" HPOS="1907" VPOS="3634" WIDTH="69" HEIGHT="56" CONTENT="Sa" WC="0.84" CC="30"/>
						<SP ID="P106_SP00383" HPOS="1976" VPOS="3708" WIDTH="34"/>
						<String ID="P106_ST00423" HPOS="2010" VPOS="3635" WIDTH="187" HEIGHT="75" CONTENT="gloire" WC="0.99" CC="032200"/>
						<SP ID="P106_SP00384" HPOS="2197" VPOS="3710" WIDTH="35"/>
						<String ID="P106_ST00424" HPOS="2232" VPOS="3635" WIDTH="90" HEIGHT="57" CONTENT="fut" WC="1.00" CC="000"/>
						<SP ID="P106_SP00385" HPOS="2322" VPOS="3710" WIDTH="37"/>
						<String ID="P106_ST00425" HPOS="2359" VPOS="3635" WIDTH="238" HEIGHT="59" CONTENT="d'abord" WC="0.99" CC="0007060"/>
						<SP ID="P106_SP00386" HPOS="2597" VPOS="3710" WIDTH="35"/>
						<String ID="P106_ST00426" HPOS="2632" VPOS="3639" WIDTH="143" HEIGHT="55" CONTENT="celle" WC="0.99" CC="04040"/>
					</TextLine>
				</TextBlock>
				<TextBlock ID="P106_TB00003" HPOS="320" VPOS="318" WIDTH="151" HEIGHT="90" STYLEREFS="TXT_3 PAR_LEFT">
					<TextLine ID="P106_TL00039" HPOS="320" VPOS="318" WIDTH="151" HEIGHT="90">
						<String ID="P106_ST00427" HPOS="320" VPOS="318" WIDTH="151" HEIGHT="90" CONTENT="CIV" WC="1.00" CC="000"/>
					</TextLine>
				</TextBlock>
			</PrintSpace>
		</Page>
	</Layout>
</alto>
