2880 4033
886 308 132 69 LE
1096 308 747 69 DEBUSSYSME

136 455 342 68 Palestrina,
517 455 282 75 François
835 455 329 77 Couperin,
1201 455 298 69 Haendel,
1554 455 243 56 Mozart
1851 477 70 36 en
1971 455 220 70 furent,
2246 472 56 42 et
2355 458 138 56 c'est
2548 458 76 56 du

133 543 232 57 dernier
398 557 231 42 surtout
666 563 115 58 que
821 542 268 79 Debussy
1127 563 56 36 se
1218 543 353 79 rapproche,
1608 566 103 56 par
1745 566 77 34 un
1875 544 129 79 égal
2059 544 288 80 privilège
2391 547 202 57 d'inno-

133 654 179 34 cence
365 646 55 41 et
458 631 68 56 de
580 628 177 59 clarté
797 652 9 35 :
863 631 120 54 l'un
1023 645 56 40 et
1129 632 209 55 l'autre
1375 647 101 41 ont
1530 633 255 76 pouvoir
1819 633 69 56 de
1923 632 286 80 répandre
2258 655 96 35 sur
2396 649 129 41 tout
2562 656 65 36 ce

134 721 173 77 qu'ils
357 718 291 58 touchent
688 740 111 34 une
834 717 250 57 sérénité
1138 720 270 77 limpide,
1446 735 56 41 et
1536 720 400 58 d'elle-même
1985 723 127 55 leur
2161 721 212 80 pensée
2424 739 203 42 monte

130 831 128 36 vers
291 811 52 53 la
378 810 139 77 paix
552 823 55 41 et
643 809 52 54 la
721 809 140 76 joie.
901 809 171 54 Ceux
1109 810 103 76 qui
1263 810 228 76 parlent
1528 809 76 55 du
1641 810 165 56 divin
1846 812 245 55 Mozart
2131 814 343 76 pourraient
2510 811 116 59 fort

135 900 132 53 bien
304 897 315 77 appliquer
668 896 51 55 la
771 895 197 56 même
1018 895 256 77 louange
1324 918 71 34 au
1438 897 288 56 musicien
1766 899 284 56 moderne
2087 924 13 43 ;
2154 900 210 56 inutile
2399 900 69 56 de
2504 900 123 57 dire

131 1009 115 56 que
296 1007 151 58 pour
496 985 52 56 la
597 986 239 77 plupart
888 985 65 55 ils
992 984 78 79 s'y
1110 983 258 58 refusent
1405 1007 140 35 avec
1596 985 397 80 indignation.
2034 989 77 56 Et
2148 1009 118 36 non
2302 990 325 56 seulement

130 1096 93 35 ces
272 1096 113 57 peu
437 1074 393 76 clairvoyants
865 1069 337 58 défenseurs
1248 1071 172 56 d'une
1472 1074 285 56 tradition
1809 1077 176 76 qu'ils
2035 1078 229 54 croient
2321 1093 212 52 morte,
2571 1094 56 40 et

130 1165 103 77 qui
270 1163 169 68 revit,
477 1182 118 35 non
630 1162 329 54 seulement
995 1160 77 56 les
1108 1159 369 80 wagnériens
1513 1163 104 77 qui
1653 1162 294 58 énoncent
1984 1165 78 56 les
2098 1164 256 59 théories
2388 1167 70 56 de
2502 1167 125 56 leur

130 1253 211 56 maître
375 1271 240 37 comme
651 1249 97 56 des
783 1251 231 54 articles
1048 1249 71 56 de
1168 1247 105 71 foi,
1310 1271 77 34 ou
1437 1251 79 55 les
1565 1251 276 78 disciples
1890 1252 70 57 de
2012 1254 95 56 M.
2148 1254 215 80 d'lndy
2419 1257 101 76 qui
2571 1277 56 36 se

129 1343 320 55 cuirassent
484 1337 362 70 d'austérité,
872 1339 146 55 mais
1053 1339 198 55 même
1281 1360 76 34 un
1396 1342 222 55 certain
1658 1341 247 57 nombre
1933 1342 70 56 de
2032 1343 384 79 debussystes,
2446 1342 151 58 réser-

127 1444 139 43 vent
307 1450 110 34 une
453 1428 359 56 admiration
849 1426 145 80 qu'il
1043 1424 337 60 semblerait
1416 1427 115 57 aisé
1569 1428 339 57 d'accorder
1942 1428 29 59 à
2008 1452 113 35 une
2163 1433 277 78 musique
2492 1432 130 57 bien

129 1521 129 76 plus
295 1515 291 81 régulière
638 1530 55 42 et
747 1516 285 77 explicite
1067 1536 116 57 que
1237 1516 144 56 celle
1416 1517 97 56 des
1565 1517 324 79 premières
1924 1540 229 37 œuvres
2189 1545 11 45 ;
2257 1541 74 36 on
2387 1522 239 56 croirait

129 1609 174 77 qu'ils
355 1629 67 33 en
461 1607 240 56 veulent
755 1604 28 57 à
836 1604 263 68 l'artiste,
1156 1625 238 36 comme
1444 1605 176 57 d'une
1673 1606 286 71 trahison,
2012 1609 226 56 d'avoir
2288 1607 236 80 dépassé
2576 1611 51 55 la

127 1694 310 58 définition
478 1694 171 80 qu'ils
684 1694 115 57 s'en
836 1692 220 58 étaient
1093 1691 231 59 donnée
1357 1714 9 36 :
1405 1695 67 55 ils
1507 1696 231 56 avaient
1775 1694 105 58 fait
1921 1719 73 34 un
2031 1699 261 77 premier
2325 1699 195 68 effort,
2571 1714 53 41 et

127 1784 425 68 considérable,
590 1804 152 57 pour
790 1784 52 55 le
877 1781 396 79 comprendre
1303 1807 13 43 ;
1369 1804 74 35 on
1484 1783 371 58 n'obtiendra
1894 1786 130 78 plus
2059 1788 125 54 rien
2219 1786 174 56 d'eux
2429 1786 165 58 désor-

127 1874 166 56 mais.
324 1873 75 56 Ils
434 1873 115 56 s'en
587 1873 269 54 tiennent
895 1892 115 34 aux
1037 1870 315 57 Nocturnes
1358 1919 13 20 ,
1401 1886 57 40 et
1494 1892 56 35 se
1585 1873 230 56 croient
1851 1875 223 77 quittes
2101 1896 203 35 envers
2335 1874 289 80 Debussy,

126 1963 296 77 lorsqu'ils
456 1977 103 39 ont
596 1959 149 59 écrit
780 1981 66 35 ce
883 1960 135 55 titre
1053 1958 29 57 à
1121 1981 75 34 un
1234 1959 71 56 de
1344 1960 154 56 leurs
1532 1982 431 57 programmes.
2002 1964 113 56 Les
2496 1979 128 41 sont

127 2052 70 56 de
233 2051 391 55 merveilleux
679 2047 240 80 poèmes
958 2070 71 34 en
1065 2047 161 70 effet,
1263 2049 147 56 mais
1461 2070 56 35 se
1569 2052 234 76 placent
1839 2072 72 34 au
1947 2051 182 57 début
2165 2052 177 56 d'une
2378 2053 248 56 carrière

126 2138 252 59 féconde
414 2153 55 41 et
506 2160 103 56 par
642 2138 52 55 le
731 2137 247 56 nombre
1014 2137 98 55 des
1147 2157 231 36 œuvres
1428 2152 55 41 et
1531 2160 174 56 parce
1756 2160 115 57 que
1922 2140 290 69 chacune,
2247 2140 315 80 comparée
2596 2141 28 56 à

126 2230 174 54 celles
336 2228 104 78 qui
494 2225 341 80 précèdent,
872 2241 81 41 est
1009 2226 292 56 nouvelle.
1340 2226 297 57 Combien
1693 2228 40 55 il
1786 2228 99 56 eût
1921 2227 94 59 été
2049 2227 175 59 facile
2275 2228 28 58 à
2355 2230 269 68 l'auteur,

126 2316 167 79 après
342 2336 84 35 ses
475 2316 285 76 premiers
804 2312 218 70 succès,
1060 2312 279 57 d'arriver
1381 2313 240 79 jusqu'à
1670 2316 53 55 la
1773 2316 358 79 popularité,
2170 2339 68 34 en
2294 2333 227 63 passant
2575 2319 51 54 le

129 2421 146 41 reste
310 2405 70 56 de
416 2424 82 36 ses
524 2404 165 77 jours
723 2402 29 58 à
787 2424 55 36 se
878 2404 203 76 copier
1115 2404 319 54 soi-même
1462 2404 8 56 !
1504 2404 48 56 Il
1589 2402 123 59 faut
1748 2406 84 55 lui
1870 2406 363 78 pardonner:
2265 2409 51 53 la
2350 2406 274 57 sincérité

127 2495 144 55 n'est
307 2513 100 57 pas
442 2493 149 55 chez
624 2493 84 54 lui
746 2512 114 35 une
897 2504 168 42 vertu
1102 2515 11 44 ;
1152 2491 137 56 c'est
1326 2513 115 34 une
1477 2490 301 60 nécessité.

1909 2635 182 55 Louis
2142 2636 216 54 Laloy

1737 2733 178 48 Critique
1937 2733 164 38 musical
2124 2735 46 36 de
2192 2733 35 38 la
2252 2736 154 36 Grande
2428 2737 137 35 Re-vue.

2464 333 155 71 CXV
