3244 4339
177 4060 78 47 188

147 263 73 46 Ce
251 265 135 43 serait
414 263 241 55 enseigner
683 256 34 47 la
749 259 69 42 vie
848 273 67 28 sur
943 272 50 28 un
1025 247 371 65 spermatozoïde
1428 265 180 28 comme

148 331 374 57 l'enseignement
543 328 60 44 de
623 324 333 47 l'architecture
976 320 234 58 classique,
1232 336 25 27 c
1277 322 70 40 est
1368 319 242 54 enseigner

148 398 34 46 la
205 401 70 41 vie
298 415 66 27 sur
385 414 50 27 un
458 393 216 47 cadavre.

151 467 121 43 Nous
311 482 163 42 posons
513 461 118 47 donc
670 479 54 27 en
766 461 199 58 principe
1004 474 89 41 que
1133 454 376 56 l'enseignement
1549 449 59 47 de

149 532 332 47 l'architecture
505 530 96 46 doit
626 531 100 43 être
750 531 184 54 exempt
959 524 59 45 de
1042 527 133 41 toute
1200 522 408 58 expérimentation

150 599 262 59 esthétique
451 604 49 40 et
537 616 55 27 ne
630 595 97 46 doit
764 597 100 43 être
905 592 110 45 base
1053 609 89 40 que
1181 607 67 27 sur
1286 587 61 47 les
1387 589 223 58 principes

151 666 196 48 éternels
374 666 60 46 de
460 665 109 45 l'art.

152 734 20 46 Il
194 738 194 56 importe
409 733 119 45 donc
548 729 345 48 d'abandonner
912 732 132 40 toute
1067 727 258 58 prétention
1348 722 262 59 esthetique

152 809 49 39 et
234 804 232 56 artistique
500 806 49 39 et
582 798 60 46 de
675 814 239 42 repousser
944 799 133 40 toute
1110 790 221 47 méthode
1365 793 246 43 consistant

154 888 108 41 pour
282 868 37 46 le
343 868 258 59 professeur
620 870 22 41 à
667 862 227 62 procéder
916 881 78 40 par
1014 861 364 58 argumentation
1403 875 180 42 peremp-

150 940 117 43 toire
291 942 49 39 et
363 954 97 27 sans
483 932 217 60 réplique.

151 1007 128 42 Aussi
304 1001 114 47 est-il
444 998 332 62 indispensable
801 1016 88 41 que
914 1001 132 41 toute
1072 994 143 47 étude
1242 993 368 51 d'architecture,

152 1090 54 27 ou
247 1074 140 41 mieux
425 1088 89 40 que
551 1073 131 40 toute
722 1065 143 47 étude
903 1062 324 61 d'application
1267 1061 82 46 des
1390 1063 223 58 principes

154 1136 195 48 éternels
379 1136 60 46 de
468 1135 95 45 l'art
593 1153 129 27 serve
752 1133 61 46 de
844 1132 111 46 base
985 1135 23 42 à
1039 1129 302 61 l'application
1373 1128 84 46 des
1484 1146 129 27 cours

152 1204 268 59 techniques
456 1209 49 39 et
542 1201 325 59 scientifiques.
905 1201 56 43 Le
999 1216 128 28 cours
1164 1197 26 45 d
1214 1196 304 46 architecture
1557 1213 56 27 ne

154 1291 97 27 sera
285 1270 118 47 donc
436 1289 54 27 en
526 1268 156 47 réalité
715 1269 130 58 qu'un
877 1285 128 27 cours
1037 1263 324 61 d'application
1396 1263 83 46 des
1511 1281 78 27 con-

154 1342 253 43 naissances
444 1340 207 56 acquises
691 1354 77 41 par
804 1333 167 47 ailleurs
1009 1339 49 40 et
1096 1332 169 46 libre
1305 1331 75 45 de
1418 1336 195 40 toute

153 1408 393 44 contrainte
582 1402 430 59 esthétique,
1050 1419 76 27 car
1162 1399 275 46 l'infériorité
1473 1401 53 42 où
1565 1415 48 28 se

152 1479 212 40 trouvent
397 1472 35 45 la
470 1471 174 60 plupart
678 1470 83 46 des
794 1469 278 47 architectes
1106 1466 172 47 actuels
1311 1486 55 26 ne
1401 1469 122 42 vient
1557 1483 55 27 en

155 1540 173 60 grande
357 1543 145 56 partie
529 1558 89 40 que
646 1538 60 45 de
736 1537 34 46 la
798 1535 157 48 tutelle
984 1538 259 44 anémiante
1272 1538 54 42 où
1356 1533 43 47 ils
1428 1540 77 39 ont
1534 1536 79 42 été

155 1615 106 39 tenu
287 1607 161 46 durant
471 1606 111 46 leurs
608 1604 180 47 études.

157 1745 106 44 Pour
285 1741 230 47 atteindre
538 1760 56 27 ce
618 1741 91 53 but,
735 1740 34 46 la
795 1741 40 44 S.
859 1741 39 44 B.
921 1740 50 45 U.
992 1742 56 42 A.
1071 1742 61 42 M.
1157 1756 198 41 propose
1382 1756 8 26 :

166 1822 31 41 1°
234 1818 105 54 Que
368 1816 60 46 les
455 1820 168 42 années
652 1818 282 56 supérieures
961 1813 61 46 de
1049 1812 376 58 l'enseignement
1453 1829 162 40 moyen

157 1888 145 43 soient
331 1883 231 60 adaptées
592 1902 78 26 aux
702 1885 244 55 exigences
976 1880 60 46 de
1065 1886 156 40 toutes
1251 1879 60 45 les
1343 1879 274 59 professions

157 1956 54 42 où
241 1951 38 46 le
307 1951 146 46 dessin
481 1957 70 40 est
579 1949 38 47 le
647 1968 161 40 moyen
839 1948 304 60 d'expression
1176 1945 265 61 primordial,
1473 1964 78 41 par
1580 1944 35 46 la

157 2022 202 43 création
395 2018 134 46 d'une
565 2021 173 43 section
775 2015 212 61 spéciale,
1023 2034 180 27 comme
1239 2014 60 46 les
1331 2018 152 41 autres
1520 2031 74 41 pro-

158 2087 189 46 fessions
374 2084 206 47 libérales
609 2091 99 40 sont
735 2084 169 46 dotées
932 2086 170 43 suivant
1131 2081 89 47 leur
1248 2087 156 39 nature
1436 2080 82 46 des
1548 2080 47 46 hu-

159 2157 189 42 manités
374 2152 242 46 modernes
644 2171 54 27 ou
727 2154 257 49 anciennes;

160 2232 41 42 2°
241 2230 60 44 Un
338 2231 348 55 enseignement
721 2225 297 59 méthodique
1052 2225 60 46 de
1148 2224 95 46 l'art
1279 2224 61 45 de
1373 2225 246 44 construire

162 2296 110 46 basé
295 2314 67 27 sur
384 2294 34 46 la
444 2295 181 45 fixation
653 2313 78 40 par
752 2293 35 46 la
813 2296 195 49 science,
1036 2292 109 46 dans
1168 2291 167 60 l'esprit
1360 2291 60 46 de
1444 2290 174 54 l'élève,

159 2363 363 46 d'observations
551 2360 314 61 préliminaires
896 2359 315 61 personnelles,
1241 2365 49 40 et
1318 2378 67 27 sur
1415 2358 183 46 l'enchaî-

161 2436 184 40 nement
381 2429 181 59 logique
598 2429 83 45 des
715 2431 107 43 trois
857 2432 166 55 étapes
1057 2426 99 60 qu'il
1194 2446 103 26 aura
1335 2430 23 42 à
1397 2429 225 56 parcourir

163 2517 109 40 pour
300 2496 229 47 atteindre
560 2500 22 42 à
613 2495 35 47 la
681 2499 214 49 maîtrise;
924 2494 193 46 d'abord
1152 2514 9 26 :
1192 2493 319 47 l'observation
1544 2512 79 40 par

163 2565 375 58 l'enseignement
588 2567 207 56 pratique
846 2570 49 38 et
940 2562 247 60 technique
1235 2566 22 42 à
1310 2561 18 45 I'

602 2630 263 47 assimilable
891 2634 23 42 à
941 2629 159 47 l'école
1127 2629 83 46 des
1234 2635 90 40 arts
1348 2635 49 39 et
1424 2632 198 49 métiers;

163 2702 174 44 ensuite
371 2718 78 41 par
480 2698 375 59 l'enseignement
888 2697 302 60 scientifique,
1225 2703 48 41 et
1307 2715 179 27 comme
1521 2715 78 27 cou-

164 2772 278 47 ronnement,
481 2765 34 47 la
554 2765 168 47 culture
760 2764 215 59 générale
1012 2771 49 39 et
1096 2765 35 45 la
1168 2764 169 46 culture
1373 2767 249 57 artistique.

162 2843 96 45 Ces
281 2842 114 46 deux
420 2841 232 47 dernières
677 2845 166 56 étapes
867 2844 276 42 constituant
1167 2840 237 46 l'école
1449 2840 140 45 d'ar-

164 2909 391 46 chitecture
604 2915 295 53 proprement
948 2908 112 46 dito.

165 2986 78 43 Les
274 2987 344 42 connaissances
649 2982 256 60 complètes
940 2989 283 53 permettant
1256 2982 60 45 de
1349 2981 191 46 délivrer
1573 3000 51 27 un

165 3050 198 61 diplôme
397 3050 60 46 de
492 3050 135 47 réelle
659 3055 311 54 compétence
1005 3056 152 40 seront
1192 3053 104 42 ainsi
1330 3053 208 56 acquises
1570 3067 54 28 en

166 3121 54 43 six
253 3122 169 42 années
455 3118 230 46 d'études.
721 3120 61 43 Un
818 3123 134 53 stage
986 3116 406 61 complémentaire
1425 3116 61 47 de
1518 3120 108 43 trois

166 3189 168 42 années
365 3205 97 26 sera
496 3189 145 56 requis
674 3205 109 40 pour
812 3185 235 46 l'exercice
1079 3184 60 46 de
1170 3184 35 46 la
1239 3185 267 60 profession.

167 3254 46 44 Et
234 3256 231 43 troisième
486 3252 229 47 condition
738 3252 334 60 indispensable
1096 3271 109 40 pour
1227 3252 232 46 atteindre
1483 3252 39 47 le
1548 3252 79 46 but

166 3323 104 50 visé,
301 3319 35 46 la
369 3324 289 55 préparation
689 3320 287 59 scientifique
1004 3327 49 38 et
1081 3319 34 46 la
1145 3320 242 45 formation
1420 3320 178 59 pédago-

169 3391 135 56 gique
332 3386 56 47 du
419 3405 133 42 corps
580 3391 283 54 enseignant.

168 3456 147 44 Cette
366 3457 302 56 organisation
721 3454 201 46 nouvelle
972 3454 83 46 des
1106 3455 166 46 études
1321 3455 306 46 d'architecte

167 3521 173 46 réduira
361 3541 54 26 au
439 3525 216 42 minimum
677 3521 61 47 les
759 3521 207 54 déchets,
990 3541 54 26 en
1069 3528 282 53 permettant
1373 3542 80 27 aux
1474 3522 155 47 élèves

169 3608 81 27 non
285 3588 329 60 spécialement
647 3589 143 47 doués
822 3589 253 46 d'accéder
1107 3608 78 27 aux
1219 3591 275 59 professions
1525 3610 78 26 con-

168 3675 134 27 nexes
328 3663 48 39 et
404 3657 75 59 d'y
506 3656 175 60 remplir
709 3657 88 45 leur
824 3657 138 46 tâche
989 3676 54 26 en
1074 3657 197 59 parfaite
1300 3663 328 55 compétence.

168 3725 133 45 C'est
331 3728 103 42 ainsi
463 3744 89 40 que
582 3723 158 48 l'élève
769 3728 202 42 arrêtant
1001 3744 70 26 ses
1099 3725 166 47 études
1294 3731 23 41 à
1349 3725 35 47 la
1413 3727 59 44 fin
1502 3726 61 46 de
1592 3726 35 46 la

169 3795 172 42 section
368 3791 198 59 spéciale
592 3792 56 46 du
675 3792 147 59 degré
848 3811 161 40 moyen
1037 3792 106 59 (voir
1234 3793 232 60 ci-dessus)
1493 3814 54 26 ou
1575 3813 53 27 au

169 3878 127 26 cours
331 3858 83 46 des
447 3863 107 43 trois
591 3863 246 56 premières
872 3864 170 41 années
1077 3859 61 47 de
1172 3859 159 48 l'école
1366 3861 262 61 technique,

169 3944 98 28 sera
298 3944 49 27 un
377 3925 332 48 collaborateur
738 3928 165 58 parfait
932 3934 49 39 et
1010 3931 208 55 précieux
1248 3928 111 47 dans
1387 3929 61 47 les
1477 3930 152 46 firmes

1687 244 343 58 d'entreprises;
2058 240 60 47 de
2147 243 151 43 même
2326 237 160 48 l'élève
2514 242 174 42 sortant
2714 235 61 47 de
2803 234 160 47 l'école
2989 234 144 48 techni-

1684 332 89 41 que
1797 331 98 27 sera
1919 329 51 28 un
1993 308 285 48 conducteur
2300 307 61 47 de
2382 313 183 40 travaux
2588 308 274 56 compétant
2885 309 49 41 et
2958 307 23 42 à
3007 306 146 44 même

1684 381 61 46 de
1771 380 189 46 devenir
1985 377 91 61 plus
2099 376 101 47 tard
2229 395 50 27 un
2306 374 109 47 chef
2438 374 306 59 d'entreprise
2770 376 23 42 à
2820 371 34 47 la
2882 371 189 46 hauteur
3095 371 58 47 de

1688 448 35 47 la
1755 447 138 48 tâche
1923 445 99 61 qu'il
2054 464 103 27 aura
2189 449 22 42 à
2244 442 190 61 remplir.

1683 694 125 48 Après
1836 695 109 33 cette
1972 705 72 22 vue
2076 690 275 49 panoramique
2380 686 70 38 des
2478 688 199 48 principes,
2707 684 19 38 il
2756 698 89 23 nous
2873 681 147 40 semble
3048 681 89 39 indis-

1686 748 183 51 pensable
1890 748 51 37 de
1962 747 242 49 développer
2224 750 42 33 et
2285 745 51 37 de
2358 743 214 51 compléter
2594 744 164 37 certains
2779 741 151 38 d'entre
2954 755 67 22 eux
3045 745 109 33 avant

1684 807 51 37 de
1761 820 129 36 passer
1916 820 43 22 au
1987 804 83 51 plan
2097 803 69 38 des
2190 802 151 39 études.

2419 1046 7 44 I

1690 1184 354 46 FORMATION
2085 1183 96 45 DES
2220 1182 209 46 FUTURS
2469 1182 188 45 ELEVES
2694 1180 395 47 ARCHITECTES

1692 1305 65 44 De
1795 1305 150 42 même
1980 1321 89 40 que
2107 1300 35 47 la
2182 1302 292 58 préparation
2511 1317 81 27 aux
2629 1297 167 46 études
2834 1299 328 44 universitaires

1691 1369 217 47 actuelles
1938 1369 85 46 fait
2056 1368 172 60 l'objet,
2262 1371 172 43 suivant
2467 1366 61 47 les
2560 1369 236 43 vocations
2829 1362 255 62 auxquelles
3115 1383 47 26 se

1691 1438 234 46 destinent
1947 1436 61 47 les
2029 1440 156 56 jeunes
2208 1455 125 40 gens,
2358 1436 134 45 d'une
2518 1437 293 58 préparation
2837 1432 216 61 spéciale,
3080 1435 83 43 soit

1695 1525 79 40 par
1810 1505 61 47 les
1909 1505 249 45 humanités
2196 1503 337 60 gréco-latines,
2575 1506 85 43 soit
2700 1521 80 41 par
2817 1500 61 47 les
2917 1500 248 47 humanités

1696 1573 243 47 modernes
1971 1592 54 27 ou
2059 1571 356 54 commerciales,
2449 1570 19 46 il
2502 1576 71 40 est
2604 1568 350 62 indispensable,
2989 1575 49 40 et
3068 1571 98 44 ceci

1695 1660 83 28 non
1804 1641 253 47 seulement
2080 1659 54 27 en
2160 1641 160 45 faveur
2343 1639 60 47 de
2430 1639 34 46 la
2490 1639 244 45 formation
2760 1637 83 47 des
2866 1637 141 46 futurs
3031 1636 114 47 archi-

1693 1715 169 48 tectes,
1892 1712 107 43 mais
2025 1711 112 44 aussi
2166 1727 54 27 en
2247 1708 161 45 faveur
2435 1707 61 46 de
2526 1705 296 47 nombreuses
2852 1705 276 60 professions
3157 1723 10 29 :

1696 1780 252 56 ingénieurs
1974 1775 130 54 civils,
2133 1775 84 47 des
2246 1780 132 56 ponts
2405 1781 49 40 et
2481 1774 258 54 chaussées,
2769 1773 84 47 des
2882 1776 152 50 mines,
3065 1790 76 28 con-

1694 1844 213 47 ducteurs
1937 1844 60 46 de
2025 1850 197 47 travaux,
2254 1843 307 46 dessinateurs
2591 1841 262 54 industriels,
2887 1860 54 27 en
2973 1860 50 27 un
3057 1846 106 49 mot,

1694 1931 54 27 en
1782 1912 160 45 faveur
1977 1911 60 46 de
2071 1916 156 41 toutes
2262 1910 61 47 les
2361 1910 276 60 professions
2673 1913 54 43 où
2763 1909 39 47 le
2838 1909 148 46 dessin
3023 1915 71 40 est
3128 1907 36 48 le

1695 1999 162 40 moyen
1898 1979 307 60 d'expression
2247 1977 267 61 primordial,
2556 1996 106 41 que
2703 1980 111 44 soit
2855 1980 133 43 créé
3033 1976 132 46 dans

1695 2047 78 46 les
1825 2046 477 47 établissements
2356 2046 433 46 d'instruction
2845 2044 68 47 du
2970 2043 195 61 degré

1696 2134 196 40 moyen
1943 2133 100 28 une
2093 2118 226 43 section
2372 2113 265 60 spéciale
2688 2112 105 48 des
2840 2113 327 46 humanités

1694 2182 340 47 modernes
2086 2186 68 42 où
2209 2182 53 46 le
2316 2182 218 46 dessin
2589 2185 208 42 serait
2850 2184 317 56 enseigné

1694 2269 235 28 comme
1983 2269 220 41 moyen
2258 2250 463 59 d'expression
2776 2253 23 43 à
2855 2248 185 61 l'égal
3094 2248 73 47 de

1697 2318 412 47 l'écriture.
2161 2319 151 45 Cette
2336 2321 175 43 section
2552 2318 367 60 correspondant
2963 2322 23 42 à
3031 2317 36 47 la

1698 2389 23 42 2
1762 2392 49 40 et
1845 2391 6 40 I
1916 2385 261 61 rhétorique
2205 2392 111 54 peut
2340 2405 48 27 se
2413 2390 132 42 créer
2570 2405 98 27 sans
2693 2389 347 56 augmentation
3067 2405 76 27 con-

1698 2459 227 55 séquente
1953 2453 57 47 du
2041 2453 237 61 personnel
2307 2457 271 55 enseignant
2608 2473 79 41 par
2713 2453 155 61 simple
2896 2454 271 60 adaptation

1700 2521 84 47 des
1809 2541 128 27 cours
1964 2521 172 47 actuels
2163 2542 80 26 aux
2271 2526 247 55 exigences
2546 2522 60 46 de
2633 2521 35 47 la
2696 2523 244 45 formation
2968 2521 201 47 nouvelle

1700 2596 48 40 et
1776 2608 79 41 par
1878 2589 289 60 l'adjonction
2196 2610 52 26 au
2276 2609 134 41 corps
2438 2589 273 61 professoral
2738 2589 62 48 de
2825 2589 222 61 quelques
3076 2609 71 41 pro-

1699 2657 265 47 fessionnels
1987 2657 58 47 du
2071 2657 146 47 dessin
2241 2657 265 61 technique.

1702 2735 79 44 Les
1801 2732 242 47 candidats
2063 2752 79 27 aux
2163 2732 167 47 études
2351 2732 357 47 d'architecture
2732 2732 196 47 devront
2951 2736 102 43 être
3078 2751 70 42 por-

1701 2807 122 40 teurs
1848 2800 101 46 d'un
1974 2800 233 46 certificat
2233 2800 217 47 d'études
2476 2819 248 41 moyennes
2749 2799 171 47 délivré
2946 2805 23 42 à
2998 2799 35 47 la
3061 2803 110 43 suite

1702 2869 61 45 de
1791 2867 35 47 la
1857 2871 23 43 2
1926 2873 148 41 année
2104 2868 195 46 d'étude
2329 2868 61 46 de
2417 2867 36 47 la
2483 2872 175 42 section
2687 2867 219 62 spéciale.
2933 2869 74 45 Ce
3036 2871 108 43 certi-

1700 2937 114 45 ficat
1839 2936 140 46 devra
2005 2939 101 43 être
2132 2935 189 47 dûment
2346 2935 289 61 homologué.

1704 3014 78 45 Les
1811 3012 242 46 candidats
2080 3031 84 26 non
2196 3017 207 55 porteurs
2432 3011 57 47 du
2519 3011 201 60 diplôme
2749 3018 160 40 auront
2937 3011 36 47 la
3003 3010 167 47 faculté

1702 3080 61 46 de
1785 3099 192 41 prouver
1996 3079 173 46 devant
2188 3079 39 47 le
2248 3083 91 57 jury
2361 3079 391 60 d'homologation
2775 3078 123 62 qu'ils
2922 3078 249 62 possèdent

1703 3147 61 47 les
1790 3151 346 42 connaissances
2164 3151 217 55 requises.

2427 3285 23 44 II

1706 3402 489 45 L'ENSEIGNEMENT

1707 3521 292 46 L'éducation
2050 3523 116 44 n'est
2215 3520 236 60 complète
2502 3539 91 40 que
2647 3539 110 40 pour
2805 3524 159 41 autant
3015 3516 157 63 qu'elle

1705 3588 267 60 développe
2011 3588 352 59 intégralement
2401 3588 61 47 les
2498 3587 237 61 aptitudes
2773 3586 307 47 individuelles
3116 3584 57 46 de

1707 3660 271 56 perception
2017 3662 50 40 et
2106 3656 60 46 de
2204 3660 204 42 création
2450 3655 236 47 mentales.
2727 3657 52 44 En
2819 3655 265 59 négligeant
3122 3652 37 46 le

1705 3729 242 42 caractère
1987 3724 236 60 personnel
2263 3725 61 45 de
2363 3723 216 47 l'activité
2617 3723 255 61 spirituelle,
2912 3722 238 60 l'enseigne-

1707 3799 124 39 ment
1874 3792 147 46 réduit
2065 3799 49 39 et
2157 3796 205 42 anéantit
2406 3812 44 26 sa
2499 3795 235 57 puissance
2778 3792 333 46 réformatrice.
3155 3787 17 46 Il

1708 3879 198 28 renonce
1940 3859 84 47 dès
2058 3860 82 47 lors
2175 3866 23 41 à
2234 3860 242 60 l'apanage
2513 3859 312 60 d'engendrer
2859 3859 83 47 des
2977 3859 196 47 hommes

1708 3927 219 61 capables
1952 3928 61 47 de
2040 3927 307 61 comprendre
2375 3934 49 42 et
2450 3928 61 48 de
2538 3947 256 41 gouverner
2822 3946 79 42 par
2927 3927 90 49 leur
3043 3928 130 45 initia-
