3257 4341
3121 4051 0 0 191

143 231 59 46 de
235 230 88 46 leur
352 230 241 47 formation
626 233 294 61 géologique;
950 235 60 47 de
1041 236 89 47 leur
1160 238 268 59 adaptation
1459 245 23 42 à
1513 240 67 47 l'in-

143 298 182 46 dustrie.

142 367 115 44 Ceci
281 369 227 42 nécessite
532 372 129 40 autre
684 367 138 47 chose
847 376 49 38 et
920 370 263 60 davantage
1207 374 128 57 qu'un
1361 379 208 54 enseigne-

143 438 121 40 ment
287 431 166 54 verbal,
479 431 219 61 livresque
723 440 49 40 et
795 440 123 54 quasi
943 438 135 58 passif
1104 457 9 27 :
1138 438 82 47 des
1246 440 347 59 manipulations,

143 503 148 49 essais,
314 502 149 43 visites
484 499 26 45 d
534 499 166 54 ecoles,
723 501 235 56 chantiers,
984 509 154 49 usines,
1163 525 106 28 vues
1290 507 187 55 filmées,
1502 513 71 42 étu-

143 567 82 46 des
248 571 23 41 à
296 565 34 47 la
356 565 180 47 lumière
562 566 234 60 polarisée,
822 576 91 40 etc.

143 636 147 44 Cette
330 638 252 42 succession
622 634 60 46 de
722 637 228 57 procédés
986 644 275 43 caractérise
1300 640 34 47 la
1377 643 218 47 méthode

144 721 87 41 que
264 705 237 55 préconise
532 720 114 27 avec
678 721 106 27 nous
813 709 100 41 tous
944 704 61 47 les
1035 706 273 48 éducateurs
1341 709 254 48 modernes.

146 768 78 47 Elle
250 788 22 26 a
301 788 108 40 pour
435 768 78 46 but
537 769 61 45 de
624 788 258 41 provoquer
907 771 34 46 la
970 778 362 54 représentation
1360 776 235 60 adéquate

145 837 58 46 de
230 842 100 40 tous
359 836 60 46 les
444 837 105 45 faits
577 856 48 26 se
654 837 258 46 rattachant
938 844 23 41 à
991 838 34 47 la
1057 841 263 58 profession,
1351 842 103 47 d'en
1482 844 113 46 faire

144 904 228 46 discerner
400 903 310 59 l'importance
739 908 276 55 respective;
1043 906 103 46 d'en
1174 908 113 46 faire
1316 913 117 42 saisir
1461 910 33 46 la
1524 915 49 42 né-

144 974 165 44 cessité
334 977 49 39 et
407 970 60 46 les
492 970 283 60 possibilités.

146 1040 50 44 En
222 1057 50 27 un
298 1043 106 48 mot,
429 1037 61 47 de
511 1038 170 46 former
704 1037 82 47 des
809 1038 277 48 techniciens
1108 1040 56 47 du
1191 1041 221 47 bâtiment
1438 1045 138 58 parfai-

144 1112 178 40 tement
347 1124 52 27 au
426 1112 187 39 courant
639 1104 57 47 du
723 1105 91 47 rôle
842 1112 48 40 et
916 1106 60 46 de
1005 1106 308 60 l'importance
1341 1110 61 45 de
1429 1110 167 47 chacun

146 1173 59 46 de
229 1192 70 27 ses
323 1172 221 47 éléments
568 1173 288 46 constitutifs.

840 1310 61 43 VII

149 1442 182 45 ECOLE
383 1442 490 45 D'ARCHITECTURE

149 1574 79 46 Elle
254 1580 71 41 est
351 1578 213 42 réservée
591 1593 78 27 aux
694 1573 153 47 élèves
871 1578 72 56 qui
969 1594 47 27 se
1042 1574 230 47 destinent
1299 1595 9 27 :

156 1646 32 41 1°
223 1646 23 41 à
271 1640 235 47 l'exercice
529 1641 60 46 de
614 1640 35 47 la
676 1642 250 59 profession
951 1641 320 55 d'architecte;

149 1712 38 42 T
224 1728 52 27 au
304 1709 295 59 professorat.

148 1778 94 45 Ces
280 1776 199 46 derniers
516 1783 157 39 auront
708 1781 134 55 après
878 1776 89 47 leur
1002 1776 198 61 diplôme
1237 1778 302 46 d'architecte
1577 1783 22 41 à

148 1847 203 56 acquérir
377 1843 218 60 quelques
621 1848 174 42 notions
821 1844 61 46 de
908 1844 268 59 pédagogie
1203 1851 49 40 et
1278 1845 60 46 de
1365 1845 208 46 méthodo-

149 1910 131 59 logie.

149 1980 392 57 L'enseignement
570 1978 246 60 technique
845 1998 49 27 se
923 1978 234 60 complète
1188 1978 119 47 selon
1339 1979 61 46 les
1431 1980 144 45 métho-

149 2046 82 45 des
261 2049 196 42 ci-avant
485 2050 245 42 énoncées.
762 2048 52 44 La
849 2046 300 59 personnalité
1178 2050 233 56 artistique
1441 2066 25 39 y
1496 2049 105 51 naît,

150 2114 61 58 s'y
243 2113 179 46 affirme
455 2119 49 40 et
534 2115 62 58 s'y
628 2113 281 60 développe;
941 2113 35 46 la
1011 2117 208 56 pratique
1251 2115 241 58 s'acquiert
1526 2133 78 40 par

150 2180 60 46 les
250 2186 169 53 stages.
460 2182 163 45 Toutes
664 2181 61 46 les
766 2180 166 47 études
971 2201 48 26 se
1060 2181 316 46 coordonnent
1417 2181 110 46 dans
1567 2180 35 46 la

150 2248 234 46 rédaction
410 2248 82 46 des
519 2247 132 61 plans,
678 2248 270 47 documents
972 2248 355 60 d'adjudication
1354 2255 49 39 et
1429 2248 175 46 détails.

152 2316 77 45 Les
252 2315 165 46 études
440 2319 256 56 artistiques
719 2335 25 40 y
769 2322 231 53 occupent
1023 2335 50 26 un
1101 2335 106 40 rang
1233 2315 60 46 de
1319 2315 89 60 plus
1433 2335 53 26 en
1515 2314 89 60 plus

151 2385 242 56 important
421 2382 119 47 selon
570 2402 88 40 que
687 2382 61 47 les
776 2382 228 47 étudiants
1034 2388 307 55 progressent.

152 2451 74 44 Par
253 2450 241 45 formation
522 2453 247 57 artistique,
799 2469 106 27 nous
932 2450 256 46 entendons
1215 2469 82 27 non
1328 2469 78 40 pas
1433 2449 170 46 l'étude

153 2521 173 55 passive
369 2517 133 46 d'une
546 2517 286 60 quelconque
875 2517 83 47 des
1000 2517 292 47 nombreuses
1333 2517 168 46 formes
1546 2516 56 46 du

153 2589 143 54 passé,
327 2588 106 42 mais
462 2584 171 47 l'étude
664 2584 258 47 rationnelle
953 2591 49 40 et
1030 2585 287 59 scientifique
1347 2583 83 47 des
1457 2603 123 27 sensa-

149 2655 115 43 tions
295 2658 49 39 et
375 2651 83 47 des
492 2651 309 61 phénomènes
833 2656 71 56 qui
936 2654 62 58 s'y
1032 2651 260 47 rattachent
1325 2658 49 39 et
1407 2651 197 46 forment

151 2718 231 48 ensemble
413 2718 61 47 les
502 2719 75 47 lois
605 2738 169 28 encore
803 2719 216 47 obscures
1049 2719 61 46 de
1139 2718 245 46 l'éternelle
1417 2718 185 46 beauté.

150 2787 94 45 Ces
267 2786 166 46 études
455 2793 329 53 comprennent
805 2788 270 45 entr'autres
1097 2785 170 47 l'étude
1292 2784 206 61 parallèle
1522 2784 82 46 des

151 2853 167 46 formes
356 2853 311 61 harmoniques
704 2860 49 40 et
789 2853 35 47 la
863 2853 247 59 sociologie
1148 2857 263 55 comparée,
1452 2870 78 41 par
1567 2850 33 46 la

154 2919 274 61 philosophie
454 2920 60 47 de
540 2921 347 47 l'architecture.

153 2987 309 60 L'explication
491 2988 83 46 des
602 2988 309 60 phénomènes
938 2989 60 45 de
1026 2991 134 43 vision
1190 3006 53 27 en
1273 2986 225 46 débutant
1527 3003 77 41 par

153 3054 33 46 la
212 3060 219 41 structure
457 3055 59 46 de
542 3055 118 54 l'œil,
687 3055 35 47 la
750 3059 269 57 perception
1047 3061 49 40 et
1119 3054 38 46 le
1181 3059 227 53 transport
1433 3071 51 27 au
1511 3071 71 26 cer-

152 3141 112 27 veau
367 3141 109 41 pour
499 3123 179 46 étudier
699 3126 358 43 succinctement
1080 3123 59 45 les
1164 3121 307 60 phénomènes
1493 3118 90 46 lumi-

153 3208 120 35 neux,
306 3189 231 61 l'optique,
569 3189 34 47 la
637 3191 259 52 réfraction,
930 3209 109 40 pour
1066 3192 214 42 terminer
1310 3206 78 40 par
1416 3186 35 46 la
1482 3185 99 46 chro-

154 3260 199 56 matique
375 3264 50 39 et
446 3257 293 59 l'explication
763 3257 61 47 de
846 3257 34 46 la
907 3256 283 61 polarisation
1214 3253 199 61 appelée
1437 3258 22 41 à
1484 3256 123 56 jouer

154 3342 49 27 un
233 3323 90 47 rôle
348 3328 31 42 si
404 3328 243 56 important
673 3325 110 46 dans
807 3324 171 46 l'étude
1004 3323 83 47 des
1112 3326 197 42 tensions
1335 3325 208 41 internes.

156 3392 75 44 Par
260 3390 34 47 la
327 3395 148 43 même
506 3392 220 46 méthode
756 3392 61 46 les
847 3391 154 47 élèves
1031 3410 47 26 se
1109 3388 354 48 familiariseront
1492 3405 113 27 avec

155 3458 59 46 les
238 3458 308 60 phénomènes
570 3459 60 46 de
655 3459 146 54 l'ouïe,
828 3458 34 46 la
887 3461 296 43 transmission
1208 3456 83 46 des
1314 3455 143 45 ondes
1481 3472 101 27 sono-

156 3544 80 35 res,
263 3525 61 47 les
346 3525 199 47 théories
569 3530 304 55 acoustiques.

156 3659 511 47 Architecture
719 3657 361 49 coloniale

160 3760 142 46 Notre
329 3760 175 46 colonie
533 3759 140 61 prend
701 3779 50 27 un
781 3758 139 60 grand
950 3776 135 34 essor,
1112 3763 101 38 tous
1240 3756 60 45 les
1325 3755 165 45 efforts
1518 3752 69 45 doi-

158 3834 105 39 vent
284 3846 48 28 se
353 3833 271 41 concentrer
645 3846 68 28 sur
734 3825 334 46 l'amélioration
1092 3824 82 45 des
1197 3822 251 46 conditions
1471 3837 112 27 mora-

159 3893 59 47 les
240 3900 48 40 et
312 3894 293 60 hygiéniques
627 3894 60 46 de
710 3913 44 27 sa
780 3892 275 61 population.

1671 247 340 59 L'équipement
2046 252 300 56 économique
2380 254 226 55 recquiert
2639 257 130 40 toute
2804 257 128 41 notre
2968 258 122 41 atten-

1668 316 108 42 tion.

1672 379 19 44 Il
1715 386 70 39 est
1809 388 158 52 urgent
1991 382 59 46 de
2073 383 167 45 former
2263 383 82 46 des
2367 383 274 47 architectes
2665 386 215 59 capables
2905 387 182 46 d'ordon-

1670 464 76 27 ner
1772 446 60 47 les
1858 454 180 40 centres
2065 449 59 46 de
2151 449 176 46 demain
2357 451 132 45 d'une
2517 456 194 41 manière
2736 452 105 47 telle
2867 473 87 39 que
2982 454 33 45 la
3043 458 69 41 vie

1672 517 142 55 puisse
1851 517 62 57 s'y
1950 515 284 61 développer
2270 517 344 54 favorablemnt,
2654 538 87 39 que
2780 519 37 45 le
2855 539 257 27 commerce

1670 586 48 39 et
1745 580 236 48 l'industrie
2007 585 63 57 s'y
2096 590 211 39 meuvent
2333 588 22 42 à
2382 583 133 47 l'aise.

1673 649 85 44 Des
1792 648 115 46 villes
1941 649 100 47 bien
2078 651 269 52 urbanisées,
2384 655 266 42 construites
2686 651 118 47 selon
2841 652 59 46 les
2937 653 176 46 besoins

1670 718 219 54 spéciaux,
1917 715 157 47 reliées
2099 723 128 40 entre
2251 717 104 47 elles
2381 737 78 40 par
2483 718 83 46 des
2588 722 124 42 voies
2736 718 60 46 de
2821 724 264 41 communica-

1670 784 90 42 tion
1785 786 365 54 soigneusement
2174 785 210 46 étudiées
2407 792 152 39 seront
2583 804 96 27 sans
2703 805 138 27 aucun
2867 786 141 46 doute
3032 787 82 46 des

1671 847 199 48 facteurs
1900 850 256 47 favorables
2186 856 23 42 à
2240 857 101 41 tous
2373 856 145 56 points
2547 852 60 46 de
2639 872 100 33 vue;
2769 857 111 42 aussi
2909 872 180 40 croyons-

1672 932 104 28 nous
1809 915 328 60 indispensable
2171 918 223 47 d'inscrire
2427 939 52 26 au
2516 938 285 40 programme
2835 920 82 45 des
2951 921 163 46 études

1671 981 271 59 adéquates.

1674 1133 75 44 Par
1780 1131 60 47 les
1873 1152 183 40 moyens
2086 1135 214 46 ci-dessus
2331 1140 190 55 exposés
2552 1155 106 26 nous
2690 1141 215 54 espérons
2938 1139 174 49 arriver,

1673 1199 108 46 dans
1820 1219 50 26 un
1912 1204 214 43 minimum
2167 1202 59 45 de
2263 1209 150 52 temps
2451 1207 22 41 à
2512 1203 168 45 former
2717 1203 83 46 des
2839 1202 275 46 architectes

1673 1272 134 52 ayant
1845 1266 59 46 de
1943 1266 156 47 hautes
2136 1275 48 38 et
2222 1273 142 42 saines
2401 1273 274 55 aspirations,
2717 1289 83 26 une
2839 1273 273 56 conception

1673 1332 161 46 élevée
1859 1333 60 46 de
1945 1333 109 47 leurs
2079 1334 188 54 devoirs,
2295 1336 81 45 des
2400 1340 159 55 esprits
2583 1336 250 59 largement
2856 1341 180 40 ouverts
3061 1355 51 26 au

1675 1404 202 53 progrès;
1903 1400 82 46 des
2009 1400 198 47 hommes
2232 1401 124 46 utiles
2380 1407 22 41 à
2432 1402 33 46 la
2492 1407 190 42 société.

2354 1537 77 43 VIII

1676 1666 435 46 CONDUCTEURS
2159 1670 64 42 DE
2268 1669 268 45 TRAVAUX

1678 1800 105 43 Pour
1825 1798 177 46 obtenir
2047 1818 54 26 ce
2145 1800 142 58 grade
2332 1799 19 45 il
2395 1801 96 45 faut
2538 1801 217 59 posséder
2801 1801 59 46 les
2905 1805 210 42 matières

1677 1868 270 55 enseignées
1978 1870 22 41 à
2035 1865 157 47 l'école
2224 1866 255 60 technique,
2514 1867 277 46 c'est-à-dire
2824 1872 142 41 savoir
2997 1886 90 27 com-

1679 1931 193 59 prendre
1892 1951 50 26 un
1964 1931 95 60 plan
2080 1932 279 46 d'ensemble
2379 1940 48 38 et
2447 1952 83 27 une
2549 1933 271 59 description
2842 1935 60 45 de
2922 1941 192 46 travaux,

1678 2002 143 42 savoir
1850 2017 53 27 en
1934 1998 199 46 dessiner
2162 2006 49 38 et
2239 1999 224 59 expliquer
2493 1999 60 47 les
2581 2000 171 53 détails,
2783 2004 99 42 être
2914 2005 22 41 à
2968 2004 146 42 même

1679 2065 60 45 de
1769 2065 113 46 faire
1912 2065 61 46 les
2002 2070 150 42 tracés
2182 2085 51 27 au
2266 2066 199 46 chantier
2496 2073 49 39 et
2575 2071 22 41 à
2630 2066 197 53 l'atelier;
2859 2071 142 42 savoir
3030 2068 66 44 fer-

1680 2131 137 47 railler
1843 2151 49 26 un
1923 2132 231 46 ensemble
2181 2133 253 59 compliqué
2461 2133 60 47 de
2550 2138 182 54 poutres
2758 2140 48 39 et
2836 2133 198 59 pilastres
3063 2153 53 26 en

1681 2198 156 47 béton.

1681 2272 20 47 Il
1727 2272 90 48 leur
1840 2293 96 26 sera
1964 2274 148 46 donné
2138 2293 49 27 un
2213 2293 127 27 cours
2363 2274 164 59 spécial
2554 2281 294 52 comprenant
2875 2293 9 27 :

1680 2350 52 44 La
1755 2348 313 60 comptabilité
2089 2349 56 46 du
2169 2350 232 52 bâtiment,
2425 2349 38 45 le
2483 2348 134 46 calcul
2639 2349 82 45 des
2743 2352 85 56 prix
2849 2349 59 45 de
2933 2352 184 42 revient.

1680 2424 187 46 L'étude
1900 2424 82 46 des
2013 2423 139 47 droits
2183 2430 49 40 et
2263 2423 81 46 des
2376 2422 360 60 responsabilités
2768 2422 59 47 de
2860 2422 234 59 l'entrepre-

1679 2510 118 34 neur,
1818 2490 61 46 les
1899 2491 74 45 lois
1993 2490 202 53 sociales;
2214 2490 61 46 les
2294 2509 268 33 assurances,
2585 2489 59 46 les
2664 2493 163 41 caisses
2849 2488 265 59 patronales,

1680 2558 33 45 la
1743 2557 53 46 loi
1823 2577 66 27 sur
1915 2557 61 46 les
2002 2557 343 59 prud'hommes.

1679 2635 344 56 L'organisation
2067 2632 55 45 du
2166 2631 211 53 chantier,
2423 2630 34 46 la
2501 2629 179 46 division
2726 2629 55 45 du
2822 2628 167 54 travail,
3035 2629 82 46 des

1679 2703 173 42 notions
1876 2699 60 46 de
1959 2698 268 59 taylorisme.

1679 2776 52 43 La
1760 2777 265 55 mécanique
2053 2773 59 45 de
2138 2772 213 46 chantier.

1678 2851 79 44 Les
1779 2852 213 56 premiers
2011 2866 179 27 secours
2211 2865 54 27 en
2286 2865 75 26 cas
2382 2844 272 53 d'accident,
2679 2844 217 59 l'hygiène
2918 2844 82 46 des
3021 2850 72 39 ate-

1678 2916 95 46 liers
1798 2921 48 40 et
1872 2915 81 46 des
1976 2914 234 45 chantiers.

1679 2993 55 43 Le
1757 2994 105 42 titre
1885 2988 275 47 s'obtiendra
2183 3007 53 27 en
2261 2987 113 46 deux
2395 2987 167 57 degrés
2586 3005 9 26 :
2617 2985 38 46 le
2679 2989 190 55 premier
2889 2985 229 45 certificat

1678 3076 178 28 comme
1885 3075 166 40 preuve
2079 3055 81 45 des
2186 3054 164 46 études
2375 3053 275 58 théoriques;
2678 3051 37 46 le
2743 3055 105 42 titre
2877 3051 173 59 lorsque
3081 3051 36 45 le

1678 3123 216 47 candidat
1945 3142 101 26 aura
2101 3124 205 56 pratiqué
2358 3121 351 45 effectivement
2763 3118 201 59 pendant
3013 3121 105 42 trois

1680 3195 181 42 années.

2376 3323 45 43 IX

1682 3459 297 46 SEMINAIRE
2023 3456 376 46 D'URBANISME

1684 3592 292 46 L'urbanisme
2002 3596 70 40 est
2095 3593 91 41 très
2213 3591 170 42 ancien.
2409 3586 223 45 L'histoire
2660 3604 104 26 nous
2791 3589 172 40 montre
2990 3603 107 40 quan-

1682 3663 84 41 tité
1797 3657 275 59 d'exemples
2103 3656 59 45 de
2193 3658 112 42 cités
2334 3660 49 39 et
2411 3652 60 46 de
2502 3652 115 45 villes
2648 3654 266 43 construites
2944 3670 67 27 sur
3041 3651 83 46 des

1685 3726 119 59 plans
1833 3723 159 47 établis
2019 3723 236 45 d'avance.

1682 3904 94 32 Voir
1802 3905 97 29 suite
1926 3913 119 27 pages
2072 3900 15 32 1
2102 3900 55 32 94
2183 3904 37 27 et
2249 3899 14 30 1
2278 3898 67 31 95.
