3103 4572
552 458 72 60 62

1114 463 75 51 H.
1222 460 71 51 N.
1325 460 302 66 Brailsford
1680 473 21 24 *
1751 460 110 51 Der
1900 458 331 53 Völkerbund

550 676 223 56 sozialen
809 673 254 59 Instinkte
1096 675 195 67 folgen.
1347 675 102 55 Die
1484 672 367 64 Gewohnheit,
1894 673 102 55 den
2030 671 239 57 fremden
2306 670 206 57 Handel
2552 671 73 56 als
2658 671 117 56 eine

551 753 95 57 Art
680 752 397 69 Kriegführung
1108 776 64 32 zu
1207 752 326 65 betrachten,
1567 751 192 57 könnte
1792 750 143 57 solch
1969 751 115 53 eine
2113 772 133 33 neue
2269 747 257 57 Tatsache
2568 751 95 54 wie
2691 748 85 57 die

551 831 376 67 Rationierung
960 831 92 54 der
1085 830 441 57 Welt-Rohstoffe
1558 828 165 56 durch
1759 830 114 53 eine
1906 827 390 56 übernationale
2329 826 240 57 Behörde
2621 826 154 56 kaum

550 908 303 56 überleben.
1275 907 109 58 B)ie
1566 907 334 58 GrKenntnis
1430 912 95 52 der
1550 911 402 72 gemeinsamen
2409 907 113 53 und
2546 908 98 52 der
2676 926 68 55 ge-

551 991 329 52 meinsamen
920 986 425 77 Gibhängigleit
1384 990 255 52 bedeutet
1675 988 103 52 den
1806 982 213 77 Beginn
2061 987 95 52 der
2750 1004 27 22 *

557 1059 348 79 schaftlicher
931 1063 241 56 BRotive.
1215 1063 104 55 Die
1343 1059 365 64 Gewohnheit,
1742 1059 236 56 eroberte
2007 1057 223 57 Gebiete
2259 1057 109 57 und
2396 1056 381 58 unterworfene

550 1139 191 58 Völker
769 1162 120 35 vom
925 1139 337 68 Standpunkt
1294 1139 92 56 des
1414 1138 252 55 Besitzers
1698 1137 110 56 und
1841 1137 92 56 des
1954 1136 366 66 Eigentümers
2352 1158 63 32 zu
2452 1133 323 65 betrachten,

553 1217 141 57 hatte
727 1218 140 55 seine
896 1217 210 57 Wurzel
1134 1218 53 55 in
1224 1218 101 56 den
1357 1216 371 57 Institutionen
1756 1214 91 56 der
1868 1212 434 68 Vergangenheit.
2336 1211 294 58 Sicherheit
2653 1211 128 67 hing

552 1318 100 32 von
687 1296 92 56 der
815 1294 430 58 Menschenkraft
1277 1294 83 64 ab,
1394 1293 109 56 und
1535 1292 85 57 die
1652 1291 324 67 Erwerbung
2007 1312 162 34 neuer
2201 1288 445 65 Völkerschaften,
2693 1288 85 56 die

553 1372 277 57 rekrutiert
864 1373 209 56 werden
1106 1373 245 61 konnten,
1386 1369 234 57 erschien
1656 1368 72 58 als
1762 1368 251 57 Garantie
2046 1368 88 56 der
2169 1367 308 57 Sicherheit.
2545 1367 58 56 In
2637 1367 143 54 einer

553 1448 139 57 Welt
725 1449 91 56 des
852 1447 461 59 wirtschaftlichen
1350 1445 254 69 Kampfes
1638 1467 104 36 war
1773 1445 92 56 der
1898 1445 172 56 Besitz
2104 1467 100 33 von
2241 1442 192 57 Gebiet
2465 1443 94 56 der
2599 1452 150 47 natür-

552 1526 136 57 liche
730 1528 147 66 Weg,
922 1527 108 57 sich
1071 1527 101 56 den
1215 1526 216 66 Zugang
1472 1548 63 32 zu
1577 1524 103 56 den
1722 1523 303 56 Rohstoffen
2084 1546 64 32 zu
2202 1522 343 66 garantieren.
2620 1520 162 58 Bleue

555 1603 308 58 Garantien
905 1611 98 50 der
1030 1603 303 58 Sicherheit
1374 1599 113 79 auf
1511 1604 387 75 kooperativer
1924 1599 318 78 Grundlage
2263 1604 283 73 gewinnen
2580 1603 116 52 und
2715 1621 66 34 so

556 1686 89 52 die
655 1682 395 78 g[eichmäßige
1068 1680 334 77 Verteilung
1426 1684 96 52 der
2532 1678 250 58 Weltroh
1987 1679 224 65 sichern,
2231 1677 156 78 heißt
2409 1679 87 54 die
2518 1674 262 59 Wurzeln

556 1764 100 52 des
697 1764 362 61 besitzenden,
1120 1764 95 51 wie
1263 1763 99 52 des
1400 1762 374 52 erwerbenden
1820 1757 210 57 Blation
2037 1755 227 56 alismus
2297 1753 345 80 gleichzeitig
2682 1757 100 52 ab*

555 1839 303 55 schneiden.
900 1837 100 54 Die
1032 1834 327 57 allmähliche
1395 1833 389 67 Umwandlung
1812 1833 93 56 der
1931 1832 242 67 Begriffe,
2201 1832 85 55 die
2320 1832 90 54 der
2442 1829 312 57 nationalisti-

556 1913 160 57 schen
750 1910 615 59 Volkswirtschaftslehre
1399 1910 269 66 zugrunde
1709 1909 184 67 liegen,
1936 1908 127 57 muß
2105 1909 54 55 in
2201 1909 121 55 dem
2364 1905 131 57 Maß
2537 1929 93 35 vor
2669 1905 111 56 sich

558 1990 186 68 gehen,
783 1989 75 56 als
899 1990 85 55 die
1017 1987 316 68 Staatenliga
1374 1987 131 57 nach
1548 1987 112 57 und
1700 1985 132 59 nach
1867 1985 285 68 ausgebaut
2185 1985 149 56 wird.
2376 1984 156 56 Ideen
2568 1994 212 45 müssen

557 2068 159 56 Hand
749 2068 108 56 und
892 2065 116 57 Fuß
1042 2065 168 57 haben
1245 2067 110 55 und
1389 2064 90 58 auf
1511 2065 93 56 der
1632 2064 137 56 Erde
1803 2063 198 57 stehen.
2044 2061 137 59 Laßt
2213 2086 99 33 uns
2340 2060 150 57 keine
2519 2060 230 67 Gelegen-

558 2145 107 56 heit
699 2167 292 44 verpassen,
1037 2145 103 55 den
1187 2167 170 32 neuen
1409 2141 374 58 Institutionen
1826 2141 115 55 eine
1974 2139 258 57 sichtbare
2269 2138 201 57 Gestalt
2496 2163 65 31 zu
2594 2138 186 67 geben,

556 2224 84 55 ein
673 2221 393 68 vereinigendes
1099 2220 221 68 Symbol
1353 2220 111 56 und
1497 2220 151 55 einen
1684 2218 226 57 sozialen
1945 2216 362 69 Brennpunkt.
2350 2216 101 56 Die
2486 2214 294 57 Menschen

557 2300 206 55 werden
786 2299 186 56 immer
993 2299 85 56 die
1102 2298 241 64 „kleinen
1366 2296 280 58 Pelotons“
1670 2295 190 64 lieben,
1884 2318 64 33 zu
1971 2296 167 55 denen
2161 2295 73 53 sie
2255 2293 253 68 gehören;
2541 2291 240 69 Aufgabe

556 2376 94 56 der
682 2375 296 66 Erziehung
1018 2375 66 56 ist
1125 2398 71 41 es,
1240 2374 74 56 sie
1353 2397 65 33 zu
1460 2373 196 63 lehren,
1698 2371 101 59 daß
1841 2373 116 54 eine
1999 2370 284 67 „göttliche
2315 2369 192 57 Taktik
2546 2370 93 56 der
2673 2368 72 57 Ge-

558 2453 272 57 schichte“
871 2453 160 55 ihnen
1073 2451 336 65 vorschreibt,
1452 2451 153 56 einen
1649 2450 334 56 bestimmten
2018 2449 157 63 Platz,
2218 2448 145 57 ihren
2408 2446 156 65 Platz,
2606 2448 146 54 einzu-

557 2530 229 56 nehmen
820 2530 109 56 und
962 2530 85 55 die
1075 2528 460 68 vorgeschriebene
1564 2526 361 68 Entwicklung
1959 2526 54 56 in
2046 2528 143 54 einer
2213 2524 222 68 großem
2463 2522 188 58 Armee
2679 2547 101 34 von

561 2606 329 57 Kameraden
924 2606 362 57 mitschaffend
1320 2629 64 32 zu
1417 2605 227 56 erleben.

1451 2881 417 71 FREIHEIT

1120 3036 209 67 Spielen
1364 3037 224 63 können,
1620 3036 217 67 spielen,
1870 3034 223 70 spielen!

1122 3114 126 56 Und
1282 3116 92 54 wir
1404 3113 206 69 fliegen,
1642 3116 86 54 die
1761 3116 93 54 wir
1884 3113 173 64 fielen,

1117 3190 111 56 Auf
1261 3190 100 55 den
1398 3190 212 56 Marsch
1646 3190 172 56 macht
1850 3189 110 56 sich
1995 3189 89 56 das
2117 3187 110 57 Ziel

1120 3269 115 56 Uns
1268 3283 272 52 entgegen.
1607 3267 172 66 Denk,
1813 3267 198 57 wieviel

1118 3345 228 58 Werden
1381 3345 150 56 deine
1563 3345 159 56 Arme
1756 3345 191 65 halten,

1118 3423 168 57 Wenn
1320 3423 74 54 sie
1426 3422 251 67 zwanglos
1713 3423 94 54 mit
1839 3422 109 55 sich
1981 3418 248 67 schalten.

1120 3502 103 54 Die
1256 3499 238 56 ermüdet
1527 3498 78 57 bis
1638 3523 119 32 zum
1794 3498 224 67 Krampf
2100 3538 10 17 .

1122 3578 210 56 Führen
1369 3577 133 55 noch
1535 3578 71 53 im
1640 3577 177 55 Schlaf
1850 3577 102 55 den
1990 3574 214 70 Kampf,

1116 3655 85 56 An
1233 3654 110 57 sich
1379 3653 214 65 raffend,
1629 3677 98 33 was
1761 3657 75 53 sie
1869 3653 253 67 spenden,

1118 3729 467 59 Traumerbebend
1616 3753 63 33 an
1714 3730 99 55 den
1847 3728 237 58 Lenden.
