3148 4572
925 435 73 51 H.
1031 436 72 51 N.
1135 435 300 67 Brailsford
1486 459 20 19 *
1557 439 110 51 Der
1696 440 328 52 Völkerbund

2502 441 67 56 59

378 646 93 54 der
503 644 238 68 Heiligen
776 646 198 57 Allianz
1013 648 144 57 nicht
1190 648 315 56 übertroffen
1540 648 224 57 werden.
1822 651 65 56 Es
1919 655 63 54 ist
2021 653 319 65 zweifelhaft,
2380 655 67 56 ob
2480 656 89 56 der

379 721 165 57 Feind
583 722 275 67 Anspruch
899 725 223 55 erheben
1165 726 195 65 würde,
1398 727 142 53 einer
1587 725 131 55 nach
1760 727 187 57 diesem
1988 728 211 57 Vorbild
2244 731 321 67 aufgefaßten

381 798 127 67 Liga
539 799 110 56 sich
680 799 412 68 anzuschließen,
1125 803 101 64 die,
1259 826 149 32 wenn
1442 825 54 33 er
1530 801 207 56 beiseite
1764 802 172 66 bleibt,
1968 807 131 56 wohl
2132 810 110 53 eine
2279 807 155 66 große
2462 808 71 56 De-

377 876 392 57 fensiv-Allianz
798 879 205 55 werden
1033 902 132 43 mag,
1192 879 122 56 aber
1333 878 212 57 niemals
1568 881 113 53 eine
1703 878 355 71 Friedensliga.
2090 883 131 57 Gme
2245 883 325 59 ‘Ceilallianz

379 954 148 58 kann
555 953 229 57 niemals
811 958 104 54 das
943 954 174 58 Recht
1141 962 55 50 in
1224 961 98 52 der
1350 954 155 59 Weh
1517 953 228 78 fiebern,
1784 977 103 35 aus
1912 962 112 52 dem
2053 958 281 75 einfachen
2364 959 201 69 Grund,

379 1029 218 79 weilfie
622 1037 96 51 mH
743 1033 148 57 ihrer
915 1036 408 54 unvermeidlich
1346 1032 112 76 auf
1470 1038 104 52 das
1600 1032 631 80 Rlächtegleichgewicht
2246 1041 323 72 gerichteten

384 1106 257 59 Tendenz
680 1109 144 56 nicht
856 1114 182 52 immer
1063 1132 186 55 wagen
1280 1114 143 63 wird,
1463 1114 101 51 den
1599 1109 542 75 ‘Ungerechtigkeiten
2169 1114 142 56 ihrer
2350 1121 220 70 eigenen

384 1184 242 59 Partner
664 1196 531 67 entgegenzutreten.
1254 1186 290 57 Zweifellos
1586 1186 126 54 muß
1752 1187 113 53 eine
1898 1186 229 67 Weltliga
2157 1189 143 55 ihren
2333 1189 204 68 Zwangs-

377 1278 213 51 apparat
623 1262 323 57 vorbereiten
978 1264 110 55 und
1121 1263 133 57 kann
1289 1264 91 55 der
1412 1262 466 66 unumgänglichen
1912 1262 240 57 Sanktion
2188 1266 156 55 durch
2385 1267 155 66 koope-

379 1342 160 54 rative
560 1339 202 57 Gewalt
787 1340 145 56 nicht
951 1340 306 58 entbehren.
1290 1340 155 56 Denn
1463 1354 142 41 sonst
1625 1338 191 57 könnte
1837 1338 113 56 kein
1974 1339 192 57 Gefühl
2187 1342 88 56 der
2294 1343 279 56 Sicherheit

379 1417 54 54 in
467 1415 204 69 Europa
703 1415 352 66 aufkommen,
1088 1417 109 56 und
1228 1417 115 66 jede
1372 1415 182 56 Macht
1587 1415 177 58 würde
1795 1438 158 43 gegen
1987 1414 226 69 künftige
2241 1417 330 68 Gefährdung

377 1493 110 57 sich
516 1495 176 55 weiter
724 1495 93 54 mit
845 1493 94 56 der
962 1493 136 56 alten
1129 1492 236 57 Technik
1393 1492 89 54 des
1511 1492 334 55 bewaffneten
1877 1492 240 55 Friedens
2145 1516 264 44 wappnen.
2438 1495 136 55 Aber

381 1572 91 54 wir
506 1570 212 56 würden
754 1570 84 55 die
872 1569 126 66 Liga
1031 1569 228 56 schlecht
1291 1569 276 62 errichten,
1600 1593 148 32 wenn
1784 1570 91 54 wir
1908 1568 318 67 versuchten,
2264 1569 79 56 ihr
2376 1569 165 57 Funda-

382 1662 143 40 ment
556 1645 241 68 lediglich
829 1645 89 56 auf
947 1645 202 56 Gewalt
1179 1644 346 57 aufzubauen.
1566 1644 95 56 Ein
1694 1645 175 66 kluger
1896 1644 312 57 Baumeister
2236 1645 126 56 wird
2386 1671 52 30 es
2466 1669 83 33 vor-

381 1724 199 65 ziehen,
619 1725 74 54 sie
732 1724 172 66 jedem
937 1721 326 58 zivilisierten
1299 1721 132 58 Volk
1463 1721 162 58 durch
1659 1723 83 56 die
1775 1723 80 56 ihr
1884 1721 442 58 innewohnenden
2361 1721 217 59 Vorteile

382 1826 65 30 zu
480 1799 318 69 empfehlen.
842 1798 102 58 Sie
976 1801 130 77 muß
1138 1805 120 52 eine
2201 1796 353 80 Gefellfchaft
1659 1799 138 76 fein,
1832 1804 85 52 die
1947 1800 151 56 ihren
2515 1799 64 77 fo

397 1880 427 75 unbeßreitbare
840 1878 257 57 ‘Vorteile
1125 1881 187 63 bietet,
1350 1879 113 77 daß
1486 1878 186 56 keiner
2066 1876 201 58 ‘Ulacht
2289 1881 171 51 daran
2482 1901 98 53 ge*

381 1956 160 77 [egen
552 1954 121 79 fein
684 1956 169 65 kann,
868 1953 306 78 außerhalb
1190 1977 71 34 zu
2178 1954 231 67 b[eiben,
1640 1950 896 81 fich[oszu[öfen
1957 1958 130 53 oder
2093 1950 115 78 fich
2217 1955 171 56 durch
2399 1959 184 71 eignes

383 2031 294 79 unlogales
706 2025 311 63 ‘Verhakten
1046 2036 97 52 der
1963 2031 427 79 fflusfchließung
1619 2030 343 79 auszufefien.

459 2109 102 56 Die
602 2108 360 67 Entwicklung
1003 2108 93 55 der
1135 2108 188 55 beiden
1364 2106 191 68 großen
1588 2108 262 55 Allianzen
1894 2105 239 57 während
2173 2106 161 55 dieses
2369 2105 210 66 Krieges

383 2185 88 57 hat
501 2188 216 64 gezeigt,
750 2185 220 56 welcher
995 2185 97 56 Art
1124 2185 86 56 die
1240 2184 418 67 grundlegenden
1687 2184 221 57 Vorteile
1940 2184 90 54 der
2063 2181 124 68 Liga
2218 2184 106 53 sein
2358 2193 222 44 müssen.

384 2264 88 57 Sie
513 2261 127 57 muß
679 2262 111 58 sich
830 2262 329 67 anschicken,
1198 2261 341 68 gleichmäßig
1574 2261 129 56 über
1734 2261 83 56 die
1849 2284 156 43 ganze
2038 2259 132 57 Welt
2213 2260 113 67 jene
2358 2259 222 56 Vorteile

381 2339 382 66 auszubreiten,
792 2340 85 55 die
899 2340 153 56 heute
1073 2340 115 67 jede
1206 2337 296 58 Teilallianz
1529 2339 144 56 ihren
1701 2340 179 65 eignen
1901 2336 327 67 Mitgliedern
2258 2335 321 56 Vorbehalten

384 2416 230 57 möchte.
680 2415 110 57 Das
831 2415 369 65 Rohmaterial,
1248 2414 384 58 einschließlich
1681 2415 90 56 der
1812 2411 616 70 Hauptnahrungsmittel,
2465 2412 115 54 sind

383 2494 94 57 der
503 2492 334 69 Angelpunkt
870 2494 92 57 der
990 2492 318 69 Weltpolitik
1333 2492 290 68 geworden,
1653 2492 108 56 und
1789 2514 146 33 wenn
1967 2490 166 56 Horaz
2159 2490 118 66 jetzt
2303 2490 136 54 seine
2466 2487 114 56 Ode

382 2570 268 57 nochmals
690 2570 272 57 schreiben
1005 2569 210 66 könnte,
1257 2570 176 56 würde
1472 2593 54 31 er
1564 2567 144 57 nicht
1748 2567 146 57 mehr
1927 2589 117 33 vom
2082 2567 108 55 auri
2231 2588 136 33 sacra
2406 2563 174 65 fames,

383 2649 225 54 sondern
638 2669 99 34 von
758 2646 331 67 Erzehunger
1115 2646 270 66 sprechen.
1413 2645 276 57 Entweder
1715 2645 205 56 werden
1949 2645 90 54 wir
2066 2642 183 56 Baum-
2277 2641 106 56 und
2404 2640 147 57 Schaf-

386 2723 165 67 wolle,
579 2723 231 67 Metalle,
840 2723 238 67 Gummi,
1106 2713 68 68 öl
1201 2723 109 56 und
1337 2722 147 57 Korn
1511 2722 170 68 jedem
1706 2721 131 57 nach
1864 2722 192 55 seinem
2084 2717 184 59 Bedarf
2293 2717 289 64 zuerteilen,

383 2802 128 57 oder
544 2803 93 55 wir
669 2812 208 46 müssen
910 2803 83 55 ein
1031 2800 418 58 Menschenalter
1480 2800 101 57 voll
1611 2798 250 64 Aufruhr,
1894 2798 223 65 Intrigen
2157 2796 106 56 und
2300 2795 153 66 Krieg
2491 2816 89 34 zur

386 2878 345 68 Erzwingung
764 2880 168 56 dieser
957 2877 278 67 Zuteilung
1266 2878 327 65 gewärtigen.
1625 2876 68 56 Es
1719 2876 109 67 gibt
1859 2875 81 55 für
1966 2875 82 54 die
2076 2872 185 57 Völker
2286 2871 184 56 ebenso
2495 2872 80 53 ein

388 2955 203 66 „Recht
630 2955 90 57 auf
750 2955 219 57 Arbeit“
1004 2957 95 54 wie
1139 2953 85 58 für
1265 2955 82 54 die
1389 2953 325 65 Individuen,
1752 2952 109 56 und
1900 2951 90 56 der
2023 2947 555 64 Neumerkantilismus,

386 3033 92 56 der
506 3033 85 55 die
619 3030 610 59 Industrie-Materialien
1257 3031 85 56 für
1361 3032 114 53 eine
1498 3030 182 55 Macht
1700 3030 125 54 oder
1845 3030 112 53 eine
1978 3026 216 66 Gruppe
2214 3046 97 33 von
2335 3022 240 56 Mächten

386 3110 434 67 monopolisieren
837 3110 186 64 wollte,
1046 3108 175 56 würde
1242 3130 90 33 zur
1350 3106 227 57 Ursache
1600 3106 256 66 künftiger
1872 3103 185 65 Kriege
2072 3101 219 62 werden,
2305 3099 80 55 die
2400 3098 82 55 für
2495 3098 83 55 die

386 3184 240 59 Arbeiter
641 3188 116 54 eine
768 3186 309 57 ebensolche
1096 3183 344 68 Lebensfrage
1456 3195 167 44 wären
1640 3207 93 32 wie
1748 3182 83 56 für
1846 3182 80 53 die
1943 3177 349 68 Kapitalisten.
2316 3176 55 53 In
2388 3174 190 55 diesem

383 3265 238 64 einzigen
655 3262 460 57 Auskunftsmittel
1155 3261 165 56 haben
1355 3284 100 33 «wir
1496 3257 412 60 wahrscheinlich
1950 3257 98 53 den
2082 3252 252 57 Schlüssel
2375 3251 82 54 für
2496 3252 83 53 die

387 3339 283 68 Schaffung
698 3341 111 56 und
829 3338 498 66 Aufrecherhaltung
1348 3338 92 56 der
1463 3336 144 67 Liga.
1643 3338 122 56 ‘lTlit
1783 3341 147 51 einer
1945 3328 449 61 internaiiona[en
2414 3328 137 57 (Kon
2555 3353 25 18 s

384 3417 167 57 trolle
579 3422 133 53 über
735 3422 102 53 den
868 3416 187 59 eßtrom
1082 3421 97 52 des
1201 3413 413 59 ‘Rohmaterials
1628 3418 233 66 jenseits
1886 3414 95 52 der
2000 3405 240 59 Grenzen
2268 3407 202 54 könnte
2495 3409 87 51 die

402 3492 149 81 Biga
563 3501 163 64 jeden
1140 3492 134 77 zivilifierien
1275 3492 117 58 Staat
1393 3498 71 51 in
1465 3493 102 56 ihre
1600 3491 209 57 Reihen
1853 3487 317 63 bekommen,
2212 3488 110 51 und
2354 3492 94 46 mH
2488 3485 95 53 der

395 3574 219 66 ‘lKacht,
656 3572 175 77 diefen
866 3571 188 58 Strom
1096 3568 376 78 aufzuhalten,
1498 3572 193 77 Bände
1732 3567 85 56 ihr
1846 3569 116 51 eine
1996 3559 273 59 Sanktion
2303 3581 97 34 zur
2435 3558 147 57 ‘Ver*

377 3646 241 81 fügung,
650 3654 87 52 die
757 3653 158 66 jeder
948 3646 178 59 oßtaat
1144 3647 251 75 fürchten
1430 3647 195 77 müßte.
1685 3642 160 57 Wenn
1887 3639 81 53 die
2009 3635 123 68 Liga
2171 3637 70 54 als
2283 3635 81 55 die
2397 3634 183 65 Quelle

384 3727 290 66 angesehen
710 3727 146 63 wird,
897 3727 83 54 die
1022 3726 93 55 der
1150 3747 193 43 ganzen
1379 3722 134 57 Welt
1553 3722 142 56 ihren
1738 3717 379 67 regelmässigen
2151 3712 188 57 Bedarf
2369 3736 63 31 an
2467 3727 85 39 not-

387 3803 270 66 wendigen
693 3802 207 67 Dingen
933 3802 203 63 sichert,
1171 3800 127 55 wird
1331 3823 72 31 sie
1435 3798 108 56 sich
1577 3797 141 57 rasch
1750 3818 80 32 ein
1865 3792 277 55 Vertrauen
2176 3788 280 65 erwerben,
2490 3812 93 30 wie

386 3903 54 32 es
490 3879 165 57 durch
703 3880 153 55 einen
908 3875 420 59 übernationalen
1370 3869 450 71 Strafgerichtshof
1867 3866 208 56 niemals
2123 3865 216 56 erreicht
2381 3864 201 56 werden
