3190 4572
576 404 72 61 70

1305 409 149 52 Fritz
1628 408 193 54 Unruh
1872 422 22 28 *■
1950 407 154 53 Platz

763 624 112 58 sich
910 625 130 58 Wut
1072 625 110 57 und
1216 624 394 70 Auferstehung
1641 624 208 58 trinken
1883 624 211 57 werden

764 704 112 57 und
917 727 105 34 wer
1055 703 113 58 sich
1200 704 48 68 je
1280 705 105 56 den
1428 704 163 68 Bügel
1625 703 173 58 halten
1834 700 102 60 ließ

763 781 133 59 wird
928 804 104 34 von
1066 781 94 57 der
1193 780 242 58 Zukunft
1467 797 186 43 untern
1689 779 117 58 Huf
1837 784 261 63 getreten!

655 861 138 57 Der
842 859 261 58 andere
1144 859 189 58 Sold
1355 887 29 31 a
1404 877 22 41 t
1446 884 80 33 en
1550 857 174 60 führ
1746 882 29 33 e
1798 880 50 35 r:

764 937 195 69 Solang
992 940 92 56 wir
1115 937 252 59 Schatten
1403 939 211 65 werfen,
1646 937 182 58 stehen
1865 939 117 56 wir!

654 1015 416 60 Oberherr.

765 1095 187 57 Könnt
985 1092 130 60 ihr’s
1148 1095 379 58 beschwören?
1592 1094 176 66 Doch,
1803 1118 104 33 was
1942 1095 66 56 ist
2041 1092 85 56 ein
2161 1091 261 59 Schwur?

765 1171 124 60 Was
923 1172 66 56 ist
1023 1172 84 58 ein
1145 1172 174 70 Kopf!
1385 1172 176 59 Selbst
1592 1170 206 60 solcher
1831 1172 84 64 da,
1950 1194 105 34 was
2095 1169 139 59 ist’s!

764 1250 172 60 Rasch
969 1250 306 70 abgehaun!
1342 1251 90 57 Ich
1467 1250 154 58 denk’
1658 1251 94 57 wir
1784 1252 187 55 wissen
2008 1249 116 57 das!

767 1327 148 61 Fort!
985 1329 150 59 Fort!
1204 1330 113 60 Wir
1350 1329 218 58 müßten
1602 1352 103 35 neu
1740 1329 224 68 geboren
2006 1327 212 58 werden
2254 1359 91 33 —,

765 1411 73 55 im
875 1407 166 59 Kittel
1074 1409 158 67 gehn,
1263 1409 92 57 auf
1389 1407 116 59 Uhr
1538 1409 111 57 und
1682 1406 167 60 Pfeife
1883 1405 250 65 horchen,

765 1489 74 54 im
867 1485 248 58 Schweiß
1150 1487 93 58 der
1275 1485 186 58 Arbeit
1494 1485 206 58 stinken
1737 1486 95 56 wie
1867 1485 86 57 die
1983 1485 218 63 andern,

767 1566 92 56 das
896 1588 104 34 war
1035 1566 84 56 ein
1154 1565 213 66 Panzer,
1403 1566 93 56 der
1535 1589 102 33 uns
1670 1565 249 57 schützen
1953 1562 220 59 könnte!

658 1642 148 57 Der
839 1645 239 56 andre
1112 1642 709 60 Soldatenführer:

769 1720 113 58 Der
914 1721 154 57 wilde
1102 1720 333 70 Augenblick
1467 1721 234 57 verwirrt
1733 1720 89 58 Sie
1853 1724 156 63 ganz!

659 1799 427 57 Oberherr:

772 1875 324 59 Hellsehend
1133 1877 90 57 bin
1258 1876 113 58 ich!
1439 1877 105 65 Ihr,
1580 1877 85 56 die
1698 1875 468 58 Dächerwandler!

768 1953 124 59 Wer
924 1955 118 57 sind
1078 1955 93 57 wir
1204 1955 176 56 denn?
1451 1952 135 70 Legt
1619 1953 151 65 euch,
1807 1955 98 54 wie
1938 1952 82 57 ich
2056 1954 82 55 ins
2182 1952 165 64 Grab,

765 2035 67 56 da
865 2032 218 57 flüstern
1116 2032 133 57 euch
1286 2033 85 56 die
1404 2032 240 70 Sphären
1680 2031 249 57 manches
1962 2036 91 52 zu!

765 2111 268 67 Betrüger,
1069 2134 102 34 von
1206 2105 187 62 Äonen
1427 2108 400 70 ausgemeißelt!

655 2188 138 59 Ein
829 2187 687 60 Soldatenführer
1564 2202 111 55 (Der
1717 2202 171 56 Purpnr
1926 2201 108 48 wird
2069 2200 62 47 als
2166 2200 146 47 Fahne
2345 2219 99 28 vom
2477 2197 112 49 Volk
2621 2196 75 50 auf
2728 2197 101 47 dem

578 2282 140 47 Palast
763 2281 190 64 gehißt:)
986 2267 80 57 Im
1101 2266 151 58 Dach
1287 2270 141 54 mein
1463 2282 138 44 rotes
1635 2266 196 58 Tuch?
1867 2280 130 56 (Fällt
2030 2287 113 54 um.)

656 2346 150 57 Der
858 2346 240 58 andre
1152 2343 384 60 Soldaten
1561 2346 21 57 f
1602 2356 36 46 ü
1662 2345 33 57 h
1718 2368 25 34 r
1764 2371 28 32 e
1815 2368 50 34 r:

767 2423 112 58 Der
913 2422 161 59 Pöbel
1107 2422 227 59 kommt!
1367 2437 290 56 (Bemächtigt
1695 2437 94 47 sich
1821 2436 76 47 des
1931 2435 287 61 Oberherrn.)

658 2502 403 57 Oberherr
1102 2516 151 55 (wehrt
1296 2516 134 61 sich):

764 2580 136 66 Ach,
933 2602 158 35 unsre
1124 2578 102 59 Tat
1260 2580 111 57 loht
1404 2580 97 57 wie
1533 2581 94 56 der
1658 2578 423 70 Steppenbrand,

769 2680 93 34 vor
895 2658 124 56 dem
1053 2657 86 57 die
1172 2657 151 57 Seele
1355 2657 145 57 flieht
1533 2660 97 55 wie
1665 2658 86 56 die
1784 2656 241 58 Gazelle!

771 2736 128 57 Und
933 2736 180 63 lieber,
1157 2736 72 57 als
1263 2738 54 55 in
1350 2759 180 34 eurem
1566 2736 213 58 Weizen
1815 2736 177 57 weiter

768 2816 88 56 die
889 2813 428 69 Vogelscheuche
1348 2817 112 55 sein
1496 2849 94 32 —,
1624 2815 109 57 lauf
1765 2813 88 59 ich
1886 2836 124 34 zum
2042 2811 137 59 Volk

767 2892 114 57 und
920 2892 106 57 will
1060 2893 140 56 mein
1244 2891 317 70 Mittagbrot
1592 2916 93 34 aus
1731 2891 217 58 Körben
1982 2891 201 56 fressen

767 2971 114 57 und
914 2972 99 56 mit
1046 2971 121 57 dem
1202 2969 127 58 Rest
1362 2972 85 56 die
1479 2994 179 35 armen
1693 2971 228 68 Spatzen
1955 2969 228 58 füttern!

768 3048 69 57 Es
870 3047 134 58 naht
1035 3049 86 56 ein
1157 3047 132 69 Tag,
1324 3049 68 59 da
1431 3072 55 33 es
1526 3074 101 33 uns
1662 3049 178 58 besser
1867 3058 151 54 wäre,

767 3128 96 56 wir
894 3126 216 59 wüßten
1144 3127 171 57 nichts
1351 3149 121 36 vom
1505 3127 232 70 Apparat
1769 3128 98 56 der
1898 3124 188 60 Macht

768 3207 111 56 und
915 3204 233 59 könnten
1183 3204 193 59 Dielen
1409 3204 275 69 scheuern,
1717 3204 162 59 Tinte
1914 3204 186 65 füllen,

765 3307 154 35 wenn
953 3282 113 58 sich
1108 3283 87 57 die
1228 3282 338 58 Menschheit
1597 3298 146 52 setzt,
1779 3281 222 61 Gericht
2033 3305 67 34 zu
2133 3279 192 59 halten.

1408 3375 128 55 (Volk
1567 3375 75 49 auf
1674 3377 84 45 den
1792 3375 246 61 Treppen.)

659 3457 148 57 Der
839 3457 239 57 andre
1120 3455 683 59 Soldatenführer
1835 3469 95 57 (vor
1962 3469 101 45 dem
2094 3469 127 47 einen
2256 3466 401 61 Soldatenführer):

768 3535 131 59 Traf
926 3535 123 58 dich
1079 3536 97 57 der
1201 3533 229 69 Schlag?
1482 3546 76 56 (Er
1591 3549 126 55 packt
1750 3549 117 47 dann
1900 3549 85 45 den
2020 3546 286 64 Oberherrn.)
2334 3531 352 58 Leibwachen
2715 3531 118 58 her!

768 3615 128 58 Und
932 3620 273 52 vorwärts!
1242 3627 92 57 (Sie
1369 3626 237 57 schleppen
1641 3626 85 47 den
1748 3626 252 48 Oberherrn
2035 3627 80 46 mit
2149 3625 92 48 sich
2273 3625 91 63 ab.)

1520 3737 86 57 37.
1641 3735 251 60 SZENE.

658 3833 175 75 (Der
887 3832 229 70 Feige
1163 3832 93 60 auf
1287 3832 125 58 dem
1445 3831 349 58 Thronsessel
1826 3831 131 59 wird
1999 3829 92 60 auf
2131 3831 103 57 den
2269 3829 140 60 Platz
2442 3828 288 71 getragen.)
