2187 4295
726 319 334 52 BRUNO'S
1135 322 348 52 WEEKLY

1997 321 96 54 755

113 471 160 32 come
311 454 58 49 of
406 453 180 60 25,000
623 454 212 61 francs;
873 456 130 49 who
1041 456 45 49 is
1124 456 125 51 well
1289 457 156 60 built,
1483 457 98 50 tall
1619 460 108 48 and
1765 460 329 59 handsome,

113 518 128 49 who
269 519 137 48 lives
433 519 206 50 amidst
666 519 86 50 his
781 520 211 59 family,
1020 522 128 48 who
1174 522 160 48 visits
1364 523 92 47 the
1487 523 217 48 theatre
1735 540 167 43 every
1931 541 132 33 even-

114 581 109 61 ing,
266 583 108 48 and
416 583 216 58 laughs,
675 583 209 58 drinks,
926 584 200 60 sleeps,
1168 593 120 39 eats
1329 587 108 47 and
1482 585 213 59 digests
1738 587 140 49 well.
1956 588 139 49 This

113 646 230 60 opinion
376 646 44 48 is
451 647 109 58 old,
592 649 97 47 but
720 647 284 49 therefore
1036 656 99 41 not
1166 647 111 50 less
1309 665 212 42 wrong.

180 711 80 48 As
299 710 86 49 far
423 727 59 32 as
524 712 23 46 I
589 727 116 34 was
745 712 315 49 concerned
1103 712 23 49 I
1168 712 109 50 had
1317 730 156 32 more
1514 714 132 49 than
1686 712 181 60 25,000
1906 715 188 49 francs

115 774 235 50 income.
426 776 100 59 My
565 776 194 59 family
797 794 115 31 was
950 776 133 48 kind
1122 785 59 40 to
1219 794 112 41 me;
1374 778 21 47 I
1437 778 140 49 have
1616 780 140 48 been
1797 780 53 47 in
1888 780 208 49 almost

113 839 70 49 all
218 838 93 48 the
343 839 247 49 theatres
623 839 60 49 of
716 839 248 61 Europe;
1000 841 21 45 I
1058 841 138 48 have
1232 842 203 57 drunk;
1473 842 22 47 I
1531 842 139 48 have
1704 842 160 59 slept.
1933 843 162 50 Since

117 919 95 43 my
241 903 147 49 birth
421 904 23 47 I
476 919 170 33 never
675 904 163 50 knew
866 903 95 49 the
992 903 265 59 slightest
1286 904 414 61 indisposition.
1768 907 22 48 I
1825 905 139 51 have
1995 915 101 42 not

113 985 30 32 a
175 968 152 58 glass
362 985 114 42 eye.
546 970 21 46 I
603 985 89 32 am
726 978 98 39 not
858 969 144 48 lame
1036 970 108 47 and
1180 970 22 47 I
1238 987 89 31 am
1359 979 101 41 not
1492 971 429 50 hunch-backed
1962 1002 19 6 -
2020 1003 19 5 -
2077 1003 19 6 -

114 1034 109 47 and
255 1034 22 45 I
311 1049 89 32 am
432 1049 62 33 so
524 1032 186 61 happy
743 1034 120 48 that
896 1034 22 47 I
952 1050 89 32 am
1074 1034 194 58 taking
1299 1051 94 42 my
1426 1034 93 49 life
1552 1035 195 60 to-day
1780 1044 56 40 at
1868 1037 93 49 the
1994 1054 102 42 age

114 1096 60 48 of
203 1096 278 48 nineteen.

1076 1161 55 47 II

183 1224 124 50 One
341 1225 204 59 day—l
580 1242 116 32 was
730 1242 60 32 as
828 1227 20 45 I
887 1227 329 57 remember,
1252 1234 91 41 ten
1379 1243 163 42 years
1580 1227 92 49 old
1675 1244 162 42 —my
1874 1229 224 48 mother

115 1290 296 47 embraced
448 1305 86 32 me
569 1289 257 60 weeping
860 1290 107 48 and
1003 1289 119 49 told
1157 1307 86 31 me
1280 1299 58 41 to
1373 1308 72 41 go
1481 1299 97 41 out
1613 1291 108 49 and
1756 1293 130 58 play
1921 1294 178 47 under

115 1352 93 49 the
246 1352 263 50 chestnut
546 1361 147 41 trees
731 1354 122 48 that
890 1354 278 49 bordered
1206 1355 93 48 the
1338 1354 144 49 lawn
1520 1355 60 48 of
1616 1356 93 47 the
1749 1356 172 48 castle
1962 1385 20 8 -
2020 1385 21 8 -
2079 1385 21 8 -

120 1417 145 60 (Oh!
301 1418 128 49 how
462 1418 132 58 they
627 1426 150 41 must
811 1418 139 47 have
985 1435 197 41 grown
1219 1418 150 50 since
1406 1420 161 48 those
1604 1420 190 59 days!)
1873 1421 22 47 I
1931 1429 165 50 went,

115 1482 98 48 but
246 1497 60 33 as
341 1497 93 43 my
471 1481 154 49 Lelia
660 1481 92 48 did
786 1489 100 41 not
918 1481 118 59 join
1072 1498 86 32 me
1195 1483 174 57 there,
1407 1483 23 47 I
1469 1482 189 49 feared
1695 1484 98 49 she
1829 1501 115 32 was
1981 1484 119 49 sick

115 1547 108 48 and
272 1547 21 47 I
343 1554 149 41 went
539 1547 143 48 back
727 1554 59 41 to
834 1547 93 47 the
976 1547 192 48 house.
1254 1548 354 58 Everything
1655 1566 114 31 was
1818 1549 276 48 deserted.

117 1610 105 60 Big
251 1610 164 48 black
444 1610 238 60 drapery
713 1627 115 31 was
861 1610 286 48 stretched
1180 1627 133 31 over
1346 1611 93 49 the
1472 1611 184 59 portal
1688 1611 59 50 of
1778 1613 94 48 the
1905 1613 191 48 house.

117 1675 21 46 I
176 1683 150 40 went
360 1691 72 42 up
468 1683 59 40 to
562 1675 93 48 the
692 1690 161 32 room
889 1674 59 48 of
983 1690 94 43 my
1114 1674 180 58 sister,
1331 1675 108 48 and
1475 1675 133 48 then
1648 1676 22 47 I
1710 1676 388 48 remembered

115 1738 98 49 she
242 1738 107 49 had
378 1746 99 41 not
504 1740 140 47 been
673 1738 164 49 down
868 1747 58 40 to
956 1738 128 59 play
1115 1738 87 49 for
1232 1738 153 59 eight
1415 1740 152 58 days.

183 1803 21 47 I
241 1812 149 39 went
423 1820 69 42 up
528 1811 57 40 to
621 1803 98 47 her
752 1820 175 31 room.
995 1803 185 47 There
1216 1803 22 47 I
1275 1811 115 40 met
1423 1811 112 40 two
1571 1821 219 32 women
1826 1804 128 49 who
1990 1804 82 49 fre-

115 1868 231 58 quently
395 1868 106 48 had
550 1868 219 57 begged
819 1876 54 39 at
923 1868 93 47 the
1067 1868 139 48 door
1256 1868 58 48 of
1364 1868 91 48 the
1506 1868 189 49 castle.
1778 1872 161 56 They
1989 1870 107 47 had

115 1930 327 61 something
481 1931 211 49 lifeless
735 1930 52 48 in
829 1931 145 49 their
1013 1948 150 32 arms
1205 1931 239 49 covered
1484 1931 134 49 with
1660 1949 29 32 a
1728 1931 169 50 white
1939 1933 160 48 sheet

114 2025 18 7 -
204 2025 21 7 -
301 2025 15 7 -
382 1996 122 48 that
534 2013 116 31 was
683 1996 123 48 her!

179 2060 331 58 They/have
546 2060 156 48 often
735 2060 173 48 asked
942 2076 86 32 me
1064 2058 150 50 since
1249 2060 127 58 why
1413 2060 22 47 I
1472 2076 114 32 was
1622 2060 113 49 sad.

1063 2124 88 46 III

184 2188 150 50 That
363 2203 116 35 was
510 2188 115 50 her.
692 2188 100 58 My
824 2187 192 49 sister!
1083 2186 91 50 Oh
1209 2187 128 49 how
1369 2186 137 60 long
1535 2187 109 49 and
1676 2187 172 49 bitter
1879 2187 44 51 it
1953 2188 142 51 was!

113 2253 122 49 The
265 2260 112 42 two
406 2253 393 48 black-coated
826 2268 221 33 women
1079 2251 109 51 laid
1218 2253 92 48 the
1341 2253 150 59 body
1521 2253 52 48 in
1605 2269 94 42 my
1731 2253 213 49 sister's
1977 2254 119 48 bed.

113 2319 160 58 They
315 2318 241 49 strewed
598 2318 221 48 flowers
861 2333 134 33 over
1037 2318 63 58 it;
1144 2318 287 59 sprinkled
1473 2318 41 48 it
1553 2318 135 48 with
1731 2318 133 58 holy
1905 2328 190 48 water,

114 2382 108 49 and
261 2382 157 57 later,
456 2381 165 50 while
661 2381 93 50 the
795 2398 101 31 sun
936 2398 115 33 was
1092 2381 284 58 throwing
1415 2381 85 48 his
1539 2381 109 50 last
1685 2381 226 50 reddish
1950 2399 148 43 rays,

113 2446 181 49 which
325 2462 146 33 were
500 2446 292 48 lustreless
823 2446 108 48 like
962 2446 93 48 the
1087 2461 131 43 eyes
1248 2445 60 49 of
1337 2464 29 30 a
1397 2461 216 43 corpse,
1644 2446 118 48 into
1796 2447 91 47 the
1920 2464 178 39 room,

118 2511 108 49 and
258 2509 144 51 after
433 2509 94 50 the
559 2509 106 60 day
697 2509 108 50 had
837 2508 245 61 expired,
1114 2508 134 61 they
1279 2508 216 60 lighted
1526 2517 115 43 two
1674 2509 162 50 small
1869 2509 229 51 candles

114 2584 56 40 at
214 2575 243 49 window
501 2591 174 43 panes
721 2591 71 31 on
839 2592 31 30 a
915 2574 143 48 little
1105 2574 148 48 table
1301 2583 135 39 next
1483 2582 57 40 to
1588 2575 93 47 the
1729 2575 122 47 bed.
1935 2575 160 59 They

114 2639 155 49 knelt
303 2640 165 48 down
501 2640 110 47 and
645 2639 171 48 asked
851 2655 87 32 me
974 2646 58 41 to
1067 2655 138 44 pray
1239 2655 59 32 as
1333 2639 134 58 they
1500 2638 106 49 did.

186 2704 23 48 I
245 2704 226 59 prayed,
506 2704 98 49 oh!
639 2720 63 32 so
738 2702 276 60 sincerely
1047 2702 108 50 and
1190 2719 59 32 as
1285 2701 259 61 ardently
1577 2719 60 33 as
1675 2702 23 49 I
1737 2702 180 50 could.
1989 2702 110 51 But

114 2768 241 58 nothing
395 2768 293 59 happened
730 2796 19 7 -
788 2796 19 7 -
847 2796 20 5 -
942 2767 155 48 Lelia
1138 2767 91 47 did
1268 2775 101 40 not
1409 2767 190 48 move!
1677 2767 22 47 I
1743 2767 155 48 knelt
1940 2767 156 50 there

114 2833 89 48 for
242 2851 30 30 a
310 2833 134 57 long
484 2832 148 58 time,
672 2848 94 44 my
805 2832 141 48 head
985 2831 216 59 resting
1239 2848 150 44 upon
1428 2832 93 48 the
1562 2832 171 48 moist
1773 2832 125 48 cold
1939 2832 160 49 sheet

114 2898 58 48 of
205 2898 93 48 the
332 2897 122 49 bed.
524 2898 22 46 I
584 2895 165 59 cried,
783 2897 101 48 but
918 2895 212 60 quietly
1164 2897 108 47 and
1307 2895 238 50 without
1578 2895 134 50 fear.
1784 2897 22 47 I
1845 2897 253 48 believed

115 2963 121 47 that
277 2960 40 48 if
358 2961 21 47 I
424 2960 164 50 could
628 2960 285 57 meditate,
953 2959 41 48 if
1036 2960 22 47 I
1102 2959 164 49 could
1309 2977 111 42 cry,
1463 2959 40 47 if
1545 2960 23 46 I
1613 2959 163 49 could
1821 2960 137 48 rend
2000 2977 95 42 my

115 3026 122 48 soul
277 3025 134 49 with
451 3041 202 44 prayer
692 3025 107 48 and
839 3024 135 49 with
1013 3040 174 42 vows,
1229 3024 156 48 there
1426 3024 187 48 would
1652 3025 67 47 be
1760 3024 239 58 granted
2039 3031 60 42 to

114 3107 86 32 me
232 3109 29 30 a
294 3090 132 49 look
457 3106 62 32 or
551 3107 29 31 a
611 3090 215 48 motion
861 3090 59 48 of
950 3088 110 50 this
1092 3090 150 58 body
1274 3088 58 49 of
1364 3088 169 60 misty
1566 3088 165 59 form,
1762 3090 187 48 where
1982 3105 114 33 was

114 3154 279 49 indicated
430 3171 29 32 a
495 3153 158 59 head,
689 3153 108 48 and
834 3153 215 48 farther
1086 3152 181 57 down,
1305 3152 93 48 the
1436 3152 128 48 feet.
1638 3153 41 56 I,
1715 3168 141 44 poor
1892 3152 179 49 believ-

115 3220 94 58 ing
249 3219 163 59 child,
452 3218 109 49 had
602 3218 138 49 faith
781 3218 225 58 enough
1046 3226 59 40 to
1145 3217 160 48 think
1345 3218 120 47 that
1505 3233 94 43 my
1638 3233 231 43 prayers
1910 3217 188 49 would

114 3284 165 60 bring
318 3292 58 40 to
418 3283 94 49 life
552 3301 29 30 a
622 3299 216 42 corpse,
879 3299 62 32 so
981 3290 159 50 great
1182 3298 113 33 was
1338 3298 92 42 my
1473 3281 169 49 belief
1682 3283 108 47 and
1832 3298 63 32 so
1938 3289 160 51 great

113 3365 114 33 was
260 3365 93 42 my
386 3346 427 50 harmlessness.

183 3412 116 50 Oh!
345 3429 107 32 one
498 3419 207 40 cannot
750 3426 231 43 express
1028 3410 52 47 in
1129 3410 185 48 words
1362 3410 92 48 the
1500 3408 304 50 bitterness
1849 3410 108 48 and
2004 3410 92 48 the

113 3478 193 59 gloom
338 3476 59 49 of
428 3494 29 30 a
487 3476 163 59 night
679 3476 203 59 passed
915 3485 55 39 at
1003 3476 93 47 the
1129 3474 117 49 side
1279 3474 58 49 of
1369 3492 29 31 a
1430 3491 223 43 corpse;
1688 3474 254 59 praying,
1976 3491 92 42 cry-

114 3543 95 58 ing
244 3551 55 39 at
336 3542 93 48 the
466 3557 198 43 corpse
701 3539 179 50 which
918 3539 110 49 will
1067 3547 99 41 not
1202 3541 66 47 be
1308 3538 240 50 recalled
1586 3547 57 41 to
1681 3538 109 50 life.
1863 3539 90 49 No
1990 3556 106 32 one

113 3609 197 46 knows
348 3607 150 47 what
534 3623 30 31 a
599 3605 160 57 night
797 3604 99 48 full
934 3604 59 48 of
1031 3612 147 40 tears
1216 3604 108 47 and
1364 3604 131 48 sobs
1534 3603 256 49 contains
1830 3603 59 49 of
1926 3603 170 48 dread

113 3671 108 49 and
261 3679 205 48 terror;
508 3687 28 30 a
574 3668 161 58 night
774 3669 52 47 in
868 3669 92 47 the
1002 3668 142 58 light
1182 3668 60 48 of
1279 3675 113 41 two
1431 3668 138 47 dead
1610 3666 244 59 candles,
1893 3668 203 58 passed

113 3736 52 48 in
207 3735 92 48 the
341 3734 215 58 society
598 3732 58 50 of
694 3741 113 40 two
848 3749 220 33 women
1110 3731 133 50 with
1285 3749 29 30 a
1354 3739 384 40 monotonous
1779 3731 316 58 sing-song,

113 3801 132 48 with
298 3800 174 59 cheap
524 3807 149 40 tears
726 3798 107 47 and
885 3797 135 50 with
1072 3796 744 59 grotesquely-resounding
1865 3796 231 59 hymns!

114 3866 89 48 No
231 3880 105 33 one
367 3864 195 47 knows
593 3862 148 48 what
772 3862 135 48 such
936 3878 29 31 a
993 3861 161 58 night
1182 3859 60 50 of
1270 3859 358 61 desperation
1657 3859 108 49 and
1794 3859 304 59 mourning

111 3928 205 49 inflicts
364 3944 146 44 upon
562 3927 92 48 the
702 3927 183 53 heart;
933 3925 149 49 what
1131 3925 209 59 misery
1387 3924 106 48 and
1543 3923 159 61 grief.
1783 3924 167 58 Upon
2000 3923 93 49 the

113 3994 194 59 youth,
353 3990 344 61 scepticism;
744 4008 149 43 upon
940 3990 91 48 the
1077 3989 92 49 old
1214 4007 146 42 man,
1404 3988 238 62 despair.
