<?xml version="1.0" encoding="UTF-8"?>
<alto xmlns:xsi="http://www.w3.org/2001/XMLSchema-instance" xmlns="http://www.loc.gov/standards/alto/ns-v2#" xsi:schemaLocation="http://www.loc.gov/standards/alto/ns-v2# http://www.loc.gov/standards/alto/alto-v2.0.xsd" xmlns:xlink="http://www.w3.org/1999/xlink">
	<Description>
		<MeasurementUnit>mm10</MeasurementUnit>
		<sourceImageInformation>
			<fileName>//fileserver7/IN2/Princeton/Batch2/bmtnaaq/1916/06/03_01/00000448.tif</fileName>
		</sourceImageInformation>
		<OCRProcessing ID="OCRPROCESSING_1">
			<preProcessingStep>
				<processingSoftware>
					<softwareCreator>CCS Content Conversion Specialists GmbH, Germany</softwareCreator>
					<softwareName>CCS docWORKS</softwareName>
					<softwareVersion>6.6-0.29</softwareVersion>
				</processingSoftware>
			</preProcessingStep>
			<ocrProcessingStep>
				<processingSoftware>
					<softwareCreator>ABBYY (BIT Software), Russia</softwareCreator>
					<softwareName>FineReader</softwareName>
					<softwareVersion>10.0</softwareVersion>
				</processingSoftware>
			</ocrProcessingStep>
		</OCRProcessing>
	</Description>
	<Styles>
		<TextStyle ID="TXT_0" FONTSIZE="10" FONTFAMILY="Times New Roman"/>
		<ParagraphStyle ID="PAR_LEFT" ALIGN="Left"/>
		<ParagraphStyle ID="PAR_RIGHT" ALIGN="Right"/>
	</Styles>
	<Layout>
		<Page ID="P10" PHYSICAL_IMG_NR="10" HEIGHT="4295" WIDTH="2187" PRINTED_IMG_NR="750" PC="0.918">
			<TopMargin ID="P10_TM00001" HPOS="0" VPOS="0" WIDTH="2187" HEIGHT="387">
				<TextBlock ID="P10_TB00001" HPOS="133" VPOS="307" WIDTH="96" HEIGHT="52" STYLEREFS="TXT_0 PAR_LEFT">
					<TextLine ID="P10_TL00001" HPOS="133" VPOS="307" WIDTH="95" HEIGHT="52">
						<String ID="P10_ST00001" HPOS="133" VPOS="307" WIDTH="95" HEIGHT="52" CONTENT="750" WC="0.57" CC="507"/>
					</TextLine>
				</TextBlock>
				<TextBlock ID="P10_TB00002" HPOS="742" VPOS="324" WIDTH="759" HEIGHT="61" STYLEREFS="TXT_0 PAR_RIGHT">
					<TextLine ID="P10_TL00002" HPOS="742" VPOS="324" WIDTH="758" HEIGHT="60">
						<String ID="P10_ST00002" HPOS="742" VPOS="324" WIDTH="332" HEIGHT="55" CONTENT="BRUNO'S" WC="0.99" CC="6004040"/>
						<SP ID="P10_SP00001" HPOS="1074" VPOS="379" WIDTH="78"/>
						<String ID="P10_ST00003" HPOS="1152" VPOS="332" WIDTH="348" HEIGHT="52" CONTENT="WEEKLY" WC="1.00" CC="000020"/>
					</TextLine>
				</TextBlock>
			</TopMargin>
			<LeftMargin ID="P10_LM00001" HPOS="0" VPOS="387" WIDTH="8" HEIGHT="3901"/>
			<RightMargin ID="P10_RM00001" HPOS="2180" VPOS="387" WIDTH="7" HEIGHT="3901"/>
			<BottomMargin ID="P10_BM00001" HPOS="0" VPOS="4288" WIDTH="2187" HEIGHT="7"/>
			<PrintSpace ID="P10_PS00001" HPOS="8" VPOS="387" WIDTH="2172" HEIGHT="3901">
				<TextBlock ID="P10_TB00003" HPOS="126" VPOS="446" WIDTH="674" HEIGHT="112" STYLEREFS="TXT_0 PAR_LEFT">
					<TextLine ID="P10_TL00003" HPOS="126" VPOS="447" WIDTH="673" HEIGHT="110">
						<String ID="P10_ST00004" HPOS="126" VPOS="447" WIDTH="383" HEIGHT="110" CONTENT="Passing" WC="0.98" CC="1044667"/>
						<SP ID="P10_SP00002" HPOS="509" VPOS="557" WIDTH="32"/>
						<String ID="P10_ST00005" HPOS="541" VPOS="455" WIDTH="258" HEIGHT="89" CONTENT="Paris" WC="0.98" CC="01176"/>
					</TextLine>
				</TextBlock>
				<TextBlock ID="P10_TB00004" HPOS="1478" VPOS="598" WIDTH="497" HEIGHT="58" STYLEREFS="TXT_0 PAR_RIGHT">
					<TextLine ID="P10_TL00004" HPOS="1480" VPOS="599" WIDTH="493" HEIGHT="57">
						<String ID="P10_ST00006" HPOS="1480" VPOS="599" WIDTH="134" HEIGHT="57" CONTENT="May" WC="1.00" CC="000"/>
						<SP ID="P10_SP00003" HPOS="1614" VPOS="656" WIDTH="40"/>
						<String ID="P10_ST00007" HPOS="1654" VPOS="600" WIDTH="139" HEIGHT="56" CONTENT="15th," WC="0.83" CC="00016"/>
						<SP ID="P10_SP00004" HPOS="1793" VPOS="656" WIDTH="41"/>
						<String ID="P10_ST00008" HPOS="1834" VPOS="603" WIDTH="139" HEIGHT="51" CONTENT="1916." WC="0.87" CC="20003"/>
					</TextLine>
				</TextBlock>
				<TextBlock ID="P10_TB00005" HPOS="110" VPOS="645" WIDTH="2005" HEIGHT="2969" STYLEREFS="TXT_0 PAR_LEFT">
					<TextLine ID="P10_TL00005" HPOS="126" VPOS="645" WIDTH="1847" HEIGHT="9">
						<String ID="P10_ST00009" HPOS="126" VPOS="649" WIDTH="9" HEIGHT="5" CONTENT="," WC="0.59" CC="4"/>
						<SP ID="P10_SP00005" HPOS="135" VPOS="654" WIDTH="1519"/>
						<String ID="P10_ST00010" HPOS="1654" VPOS="645" WIDTH="19" HEIGHT="4" CONTENT="A" STYLE="superscript" WC="0.24" CC="7"/>
						<SP ID="P10_SP00006" HPOS="1673" VPOS="654" WIDTH="161"/>
						<String ID="P10_ST00011" HPOS="1834" VPOS="645" WIDTH="19" HEIGHT="5" CONTENT="A" WC="0.54" CC="4"/>
						<SP ID="P10_SP00007" HPOS="1853" VPOS="654" WIDTH="10"/>
						<String ID="P10_ST00012" HPOS="1863" VPOS="645" WIDTH="20" HEIGHT="6" CONTENT="✓" WC="1.00" CC="0"/>
						<SP ID="P10_SP00008" HPOS="1883" VPOS="654" WIDTH="17"/>
						<String ID="P10_ST00013" HPOS="1900" VPOS="645" WIDTH="73" HEIGHT="8" CONTENT="JLV#" WC="0.26" CC="6948"/>
					</TextLine>
					<TextLine ID="P10_TL00006" HPOS="148" VPOS="659" WIDTH="1961" HEIGHT="80">
						<String ID="P10_ST00014" HPOS="148" VPOS="659" WIDTH="28" HEIGHT="76" CONTENT="1" WC="0.44" CC="5"/>
						<SP ID="P10_SP00009" HPOS="176" VPOS="735" WIDTH="170"/>
						<String ID="P10_ST00015" HPOS="346" VPOS="674" WIDTH="122" HEIGHT="34" CONTENT="mos" STYLE="superscript" WC="0.27" CC="767"/>
						<String ID="P10_ST00016" HPOS="477" VPOS="670" WIDTH="19" HEIGHT="38" CONTENT="t" WC="0.24" CC="7"/>
						<SP ID="P10_SP00010" HPOS="496" VPOS="735" WIDTH="28"/>
						<String ID="P10_ST00017" HPOS="524" VPOS="668" WIDTH="361" HEIGHT="59" CONTENT="noteworthy" WC="0.99" CC="8540417062"/>
						<SP ID="P10_SP00011" HPOS="885" VPOS="735" WIDTH="28"/>
						<String ID="P10_ST00018" HPOS="913" VPOS="687" WIDTH="338" HEIGHT="38" CONTENT="occurrence" WC="1.00" CC="0000500600"/>
						<SP ID="P10_SP00012" HPOS="1251" VPOS="735" WIDTH="30"/>
						<String ID="P10_ST00019" HPOS="1281" VPOS="677" WIDTH="376" HEIGHT="62" CONTENT="independent" WC="0.99" CC="28610185172"/>
						<SP ID="P10_SP00013" HPOS="1657" VPOS="739" WIDTH="28"/>
						<String ID="P10_ST00020" HPOS="1685" VPOS="682" WIDTH="60" HEIGHT="48" CONTENT="of" WC="0.46" CC="37"/>
						<SP ID="P10_SP00014" HPOS="1745" VPOS="739" WIDTH="25"/>
						<String ID="P10_ST00021" HPOS="1770" VPOS="693" WIDTH="339" HEIGHT="41" CONTENT="war-events" WC="1.00" CC="2320205000"/>
					</TextLine>
					<TextLine ID="P10_TL00007" HPOS="141" VPOS="735" WIDTH="1969" HEIGHT="80">
						<String ID="P10_ST00022" HPOS="141" VPOS="788" WIDTH="49" HEIGHT="27" CONTENT="\r" WC="0.38" CC="75"/>
						<SP ID="P10_SP00015" HPOS="190" VPOS="815" WIDTH="62"/>
						<String ID="P10_ST00023" HPOS="252" VPOS="735" WIDTH="139" HEIGHT="80" CONTENT="or" WC="1.00" CC="99"/>
						<SP ID="P10_SP00016" HPOS="391" VPOS="815" WIDTH="27"/>
						<String ID="P10_ST00024" HPOS="418" VPOS="735" WIDTH="26" HEIGHT="80" CONTENT="6" STYLE="superscript" WC="1.00" CC="0"/>
						<SP ID="P10_SP00017" HPOS="444" VPOS="815" WIDTH="27"/>
						<String ID="P10_ST00025" HPOS="471" VPOS="735" WIDTH="53" HEIGHT="80" CONTENT="I(" STYLE="superscript" WC="0.35" CC="57"/>
						<String ID="P10_ST00026" HPOS="524" VPOS="774" WIDTH="9" HEIGHT="28" CONTENT=":" WC="0.31" CC="6"/>
						<String ID="P10_ST00027" HPOS="545" VPOS="749" WIDTH="55" HEIGHT="31" CONTENT="se" STYLE="superscript" WC="0.31" CC="67"/>
						<String ID="P10_ST00028" HPOS="613" VPOS="735" WIDTH="197" HEIGHT="70" CONTENT=".began" WC="0.67" CC="208008"/>
						<SP ID="P10_SP00018" HPOS="810" VPOS="815" WIDTH="33"/>
						<String ID="P10_ST00029" HPOS="843" VPOS="739" WIDTH="9" HEIGHT="46" CONTENT="'" WC="0.54" CC="4"/>
						<String ID="P10_ST00030" HPOS="856" VPOS="755" WIDTH="83" HEIGHT="32" CONTENT="las" STYLE="superscript" WC="0.49" CC="734"/>
						<SP ID="P10_SP00019" HPOS="939" VPOS="815" WIDTH="31"/>
						<String ID="P10_ST00031" HPOS="970" VPOS="741" WIDTH="138" HEIGHT="50" CONTENT="been" WC="0.97" CC="7005"/>
						<SP ID="P10_SP00020" HPOS="1108" VPOS="815" WIDTH="32"/>
						<String ID="P10_ST00032" HPOS="1140" VPOS="745" WIDTH="92" HEIGHT="48" CONTENT="the" WC="0.98" CC="060"/>
						<SP ID="P10_SP00021" HPOS="1232" VPOS="815" WIDTH="29"/>
						<String ID="P10_ST00033" HPOS="1261" VPOS="746" WIDTH="266" HEIGHT="51" CONTENT="donation" WC="0.99" CC="00070500"/>
						<SP ID="P10_SP00022" HPOS="1527" VPOS="815" WIDTH="32"/>
						<String ID="P10_ST00034" HPOS="1559" VPOS="758" WIDTH="59" HEIGHT="41" CONTENT="to" WC="0.94" CC="01"/>
						<SP ID="P10_SP00023" HPOS="1618" VPOS="815" WIDTH="30"/>
						<String ID="P10_ST00035" HPOS="1648" VPOS="750" WIDTH="92" HEIGHT="49" CONTENT="the" WC="1.00" CC="000"/>
						<SP ID="P10_SP00024" HPOS="1740" VPOS="815" WIDTH="30"/>
						<String ID="P10_ST00036" HPOS="1770" VPOS="760" WIDTH="239" HEIGHT="53" CONTENT="country" WC="0.99" CC="0003043"/>
						<SP ID="P10_SP00025" HPOS="2009" VPOS="815" WIDTH="29"/>
						<String ID="P10_ST00037" HPOS="2038" VPOS="754" WIDTH="72" HEIGHT="60" CONTENT="by" WC="1.00" CC="00"/>
					</TextLine>
					<TextLine ID="P10_TL00008" HPOS="134" VPOS="796" WIDTH="1978" HEIGHT="80">
						<String ID="P10_ST00038" HPOS="134" VPOS="796" WIDTH="74" HEIGHT="42" CONTENT="M." WC="0.69" CC="23"/>
						<SP ID="P10_SP00026" HPOS="208" VPOS="838" WIDTH="44"/>
						<String ID="P10_ST00039" HPOS="252" VPOS="796" WIDTH="178" HEIGHT="44" CONTENT="Rodin" WC="0.95" CC="74967"/>
						<SP ID="P10_SP00027" HPOS="430" VPOS="840" WIDTH="42"/>
						<String ID="P10_ST00040" HPOS="472" VPOS="796" WIDTH="60" HEIGHT="47" CONTENT="of" WC="0.67" CC="33"/>
						<SP ID="P10_SP00028" HPOS="532" VPOS="843" WIDTH="37"/>
						<String ID="P10_ST00041" HPOS="569" VPOS="797" WIDTH="83" HEIGHT="50" CONTENT="his" WC="0.97" CC="700"/>
						<SP ID="P10_SP00029" HPOS="652" VPOS="847" WIDTH="41"/>
						<String ID="P10_ST00042" HPOS="693" VPOS="799" WIDTH="296" HEIGHT="54" CONTENT="life-work." WC="0.99" CC="4550001403"/>
						<SP ID="P10_SP00030" HPOS="989" VPOS="853" WIDTH="75"/>
						<String ID="P10_ST00043" HPOS="1064" VPOS="807" WIDTH="260" HEIGHT="51" CONTENT="Without" WC="0.99" CC="0506040"/>
						<SP ID="P10_SP00031" HPOS="1324" VPOS="858" WIDTH="40"/>
						<String ID="P10_ST00044" HPOS="1364" VPOS="813" WIDTH="339" HEIGHT="60" CONTENT="anticipated" WC="0.99" CC="07030550000"/>
						<SP ID="P10_SP00032" HPOS="1703" VPOS="873" WIDTH="39"/>
						<String ID="P10_ST00045" HPOS="1742" VPOS="816" WIDTH="269" HEIGHT="60" CONTENT="publicity" WC="0.99" CC="940220700"/>
						<SP ID="P10_SP00033" HPOS="2011" VPOS="876" WIDTH="41"/>
						<String ID="P10_ST00046" HPOS="2052" VPOS="818" WIDTH="60" HEIGHT="49" CONTENT="of" WC="0.72" CC="22"/>
					</TextLine>
					<TextLine ID="P10_TL00009" HPOS="130" VPOS="861" WIDTH="1978" HEIGHT="70">
						<String ID="P10_ST00047" HPOS="130" VPOS="870" WIDTH="108" HEIGHT="42" CONTENT="any" WC="0.97" CC="060"/>
						<SP ID="P10_SP00034" HPOS="238" VPOS="912" WIDTH="33"/>
						<String ID="P10_ST00048" HPOS="271" VPOS="861" WIDTH="129" HEIGHT="43" CONTENT="kind" WC="0.96" CC="4650"/>
						<SP ID="P10_SP00035" HPOS="400" VPOS="912" WIDTH="34"/>
						<String ID="P10_ST00049" HPOS="434" VPOS="861" WIDTH="90" HEIGHT="46" CONTENT="the" WC="0.92" CC="964"/>
						<SP ID="P10_SP00036" HPOS="524" VPOS="912" WIDTH="33"/>
						<String ID="P10_ST00050" HPOS="557" VPOS="877" WIDTH="151" HEIGHT="33" CONTENT="news" WC="0.98" CC="8000"/>
						<SP ID="P10_SP00037" HPOS="708" VPOS="912" WIDTH="32"/>
						<String ID="P10_ST00051" HPOS="740" VPOS="881" WIDTH="113" HEIGHT="32" CONTENT="was" WC="0.97" CC="600"/>
						<SP ID="P10_SP00038" HPOS="853" VPOS="913" WIDTH="31"/>
						<String ID="P10_ST00052" HPOS="884" VPOS="873" WIDTH="331" HEIGHT="47" CONTENT="announced" WC="0.99" CC="027207000"/>
						<SP ID="P10_SP00039" HPOS="1215" VPOS="920" WIDTH="34"/>
						<String ID="P10_ST00053" HPOS="1249" VPOS="875" WIDTH="159" HEIGHT="47" CONTENT="when" WC="0.96" CC="4408"/>
						<SP ID="P10_SP00040" HPOS="1408" VPOS="922" WIDTH="36"/>
						<String ID="P10_ST00054" HPOS="1444" VPOS="876" WIDTH="90" HEIGHT="48" CONTENT="the" WC="0.99" CC="300"/>
						<SP ID="P10_SP00041" HPOS="1534" VPOS="924" WIDTH="33"/>
						<String ID="P10_ST00055" HPOS="1567" VPOS="886" WIDTH="255" HEIGHT="42" CONTENT="contract" WC="0.99" CC="00676000"/>
						<SP ID="P10_SP00042" HPOS="1822" VPOS="928" WIDTH="33"/>
						<String ID="P10_ST00056" HPOS="1855" VPOS="881" WIDTH="253" HEIGHT="50" CONTENT="between" WC="1.00" CC="0000000"/>
					</TextLine>
					<TextLine ID="P10_TL00010" HPOS="132" VPOS="922" WIDTH="1976" HEIGHT="77">
						<String ID="P10_ST00057" HPOS="132" VPOS="926" WIDTH="87" HEIGHT="39" CONTENT="tle" WC="0.43" CC="573"/>
						<SP ID="P10_SP00043" HPOS="219" VPOS="965" WIDTH="33"/>
						<String ID="P10_ST00058" HPOS="252" VPOS="922" WIDTH="384" HEIGHT="52" CONTENT="Government" WC="0.98" CC="7073887060"/>
						<SP ID="P10_SP00044" HPOS="636" VPOS="974" WIDTH="28"/>
						<String ID="P10_ST00059" HPOS="664" VPOS="929" WIDTH="107" HEIGHT="46" CONTENT="and" WC="0.97" CC="070"/>
						<SP ID="P10_SP00045" HPOS="771" VPOS="975" WIDTH="31"/>
						<String ID="P10_ST00060" HPOS="802" VPOS="931" WIDTH="90" HEIGHT="48" CONTENT="the" WC="0.98" CC="005"/>
						<SP ID="P10_SP00046" HPOS="892" VPOS="979" WIDTH="31"/>
						<String ID="P10_ST00061" HPOS="923" VPOS="933" WIDTH="180" HEIGHT="50" CONTENT="donor" WC="0.99" CC="00620"/>
						<SP ID="P10_SP00047" HPOS="1103" VPOS="983" WIDTH="31"/>
						<String ID="P10_ST00062" HPOS="1134" VPOS="936" WIDTH="105" HEIGHT="48" CONTENT="had" WC="1.00" CC="000"/>
						<SP ID="P10_SP00048" HPOS="1239" VPOS="984" WIDTH="31"/>
						<String ID="P10_ST00063" HPOS="1270" VPOS="938" WIDTH="134" HEIGHT="49" CONTENT="been" WC="0.96" CC="7208"/>
						<SP ID="P10_SP00049" HPOS="1404" VPOS="987" WIDTH="33"/>
						<String ID="P10_ST00064" HPOS="1437" VPOS="941" WIDTH="130" HEIGHT="58" CONTENT="duly" WC="0.99" CC="0050"/>
						<SP ID="P10_SP00050" HPOS="1567" VPOS="999" WIDTH="30"/>
						<String ID="P10_ST00065" HPOS="1597" VPOS="941" WIDTH="211" HEIGHT="58" CONTENT="signed." WC="0.99" CC="0646300"/>
						<SP ID="P10_SP00051" HPOS="1808" VPOS="999" WIDTH="65"/>
						<String ID="P10_ST00066" HPOS="1873" VPOS="945" WIDTH="118" HEIGHT="48" CONTENT="The" WC="0.97" CC="330"/>
						<SP ID="P10_SP00052" HPOS="1991" VPOS="999" WIDTH="32"/>
						<String ID="P10_ST00067" HPOS="2023" VPOS="962" WIDTH="57" HEIGHT="32" CONTENT="ar" SUBS_TYPE="HypPart1" SUBS_CONTENT="arrangement" WC="0.97" CC="06"/>
						<HYP HPOS="2080" VPOS="962" WIDTH="28" CONTENT="-"/>
					</TextLine>
					<TextLine ID="P10_TL00011" HPOS="127" VPOS="993" WIDTH="1978" HEIGHT="77">
						<String ID="P10_ST00068" HPOS="127" VPOS="995" WIDTH="331" HEIGHT="46" CONTENT="rangement" SUBS_TYPE="HypPart2" SUBS_CONTENT="arrangement" WC="0.98" CC="497708005"/>
						<SP ID="P10_SP00053" HPOS="458" VPOS="1041" WIDTH="28"/>
						<String ID="P10_ST00069" HPOS="486" VPOS="1006" WIDTH="114" HEIGHT="31" CONTENT="was" WC="1.00" CC="000"/>
						<SP ID="P10_SP00054" HPOS="600" VPOS="1041" WIDTH="28"/>
						<String ID="P10_ST00070" HPOS="628" VPOS="993" WIDTH="160" HEIGHT="49" CONTENT="made" WC="0.98" CC="7000"/>
						<SP ID="P10_SP00055" HPOS="788" VPOS="1042" WIDTH="31"/>
						<String ID="P10_ST00071" HPOS="819" VPOS="994" WIDTH="51" HEIGHT="48" CONTENT="in" WC="0.41" CC="46"/>
						<SP ID="P10_SP00056" HPOS="870" VPOS="1042" WIDTH="30"/>
						<String ID="P10_ST00072" HPOS="900" VPOS="997" WIDTH="93" HEIGHT="49" CONTENT="the" WC="1.00" CC="000"/>
						<SP ID="P10_SP00057" HPOS="993" VPOS="1046" WIDTH="29"/>
						<String ID="P10_ST00073" HPOS="1022" VPOS="998" WIDTH="413" HEIGHT="63" CONTENT="business-like," WC="1.00" CC="03047000076005"/>
						<SP ID="P10_SP00058" HPOS="1435" VPOS="1061" WIDTH="29"/>
						<String ID="P10_ST00074" HPOS="1464" VPOS="1007" WIDTH="491" HEIGHT="57" CONTENT="straightforward" WC="1.00" CC="000010305000000"/>
						<SP ID="P10_SP00059" HPOS="1955" VPOS="1064" WIDTH="30"/>
						<String ID="P10_ST00075" HPOS="1985" VPOS="1027" WIDTH="120" HEIGHT="43" CONTENT="way" WC="1.00" CC="000"/>
					</TextLine>
					<TextLine ID="P10_TL00012" HPOS="130" VPOS="1051" WIDTH="1978" HEIGHT="80">
						<String ID="P10_ST00076" HPOS="130" VPOS="1051" WIDTH="421" HEIGHT="50" CONTENT="characteristic" WC="1.00" CC="06030000600060"/>
						<SP ID="P10_SP00060" HPOS="551" VPOS="1101" WIDTH="29"/>
						<String ID="P10_ST00077" HPOS="580" VPOS="1054" WIDTH="60" HEIGHT="48" CONTENT="of" WC="0.67" CC="23"/>
						<SP ID="P10_SP00061" HPOS="640" VPOS="1102" WIDTH="26"/>
						<String ID="P10_ST00078" HPOS="666" VPOS="1072" WIDTH="31" HEIGHT="31" CONTENT="a" WC="1.00" CC="0"/>
						<SP ID="P10_SP00062" HPOS="697" VPOS="1103" WIDTH="28"/>
						<String ID="P10_ST00079" HPOS="725" VPOS="1067" WIDTH="157" HEIGHT="48" CONTENT="great" WC="1.00" CC="03000"/>
						<SP ID="P10_SP00063" HPOS="882" VPOS="1115" WIDTH="30"/>
						<String ID="P10_ST00080" HPOS="912" VPOS="1077" WIDTH="144" HEIGHT="34" CONTENT="man." WC="0.98" CC="0074"/>
						<SP ID="P10_SP00064" HPOS="1056" VPOS="1115" WIDTH="65"/>
						<String ID="P10_ST00081" HPOS="1121" VPOS="1064" WIDTH="105" HEIGHT="50" CONTENT="Mr." WC="0.97" CC="043"/>
						<SP ID="P10_SP00065" HPOS="1226" VPOS="1115" WIDTH="31"/>
						<String ID="P10_ST00082" HPOS="1257" VPOS="1067" WIDTH="182" HEIGHT="48" CONTENT="Rodin" WC="0.98" CC="00057"/>
						<SP ID="P10_SP00066" HPOS="1439" VPOS="1115" WIDTH="31"/>
						<String ID="P10_ST00083" HPOS="1470" VPOS="1068" WIDTH="183" HEIGHT="49" CONTENT="leaves" WC="1.00" CC="000040"/>
						<SP ID="P10_SP00067" HPOS="1653" VPOS="1117" WIDTH="31"/>
						<String ID="P10_ST00084" HPOS="1684" VPOS="1070" WIDTH="92" HEIGHT="49" CONTENT="the" WC="0.99" CC="030"/>
						<SP ID="P10_SP00068" HPOS="1776" VPOS="1119" WIDTH="30"/>
						<String ID="P10_ST00085" HPOS="1806" VPOS="1070" WIDTH="123" HEIGHT="61" CONTENT="clay" WC="0.99" CC="0500"/>
						<SP ID="P10_SP00069" HPOS="1929" VPOS="1131" WIDTH="28"/>
						<String ID="P10_ST00086" HPOS="1957" VPOS="1080" WIDTH="151" HEIGHT="42" CONTENT="casts" WC="0.99" CC="09000"/>
					</TextLine>
					<TextLine ID="P10_TL00013" HPOS="128" VPOS="1115" WIDTH="1976" HEIGHT="81">
						<String ID="P10_ST00087" HPOS="128" VPOS="1115" WIDTH="57" HEIGHT="42" CONTENT="ot" WC="0.87" CC="20"/>
						<SP ID="P10_SP00070" HPOS="185" VPOS="1157" WIDTH="28"/>
						<String ID="P10_ST00088" HPOS="213" VPOS="1115" WIDTH="71" HEIGHT="44" CONTENT="all" WC="1.00" CC="000"/>
						<SP ID="P10_SP00071" HPOS="284" VPOS="1159" WIDTH="34"/>
						<String ID="P10_ST00089" HPOS="318" VPOS="1115" WIDTH="82" HEIGHT="47" CONTENT="his" WC="0.97" CC="610"/>
						<SP ID="P10_SP00072" HPOS="400" VPOS="1162" WIDTH="30"/>
						<String ID="P10_ST00090" HPOS="430" VPOS="1117" WIDTH="283" HEIGHT="59" CONTENT="sculpture" WC="0.99" CC="070001450"/>
						<SP ID="P10_SP00073" HPOS="713" VPOS="1176" WIDTH="32"/>
						<String ID="P10_ST00091" HPOS="745" VPOS="1131" WIDTH="57" HEIGHT="40" CONTENT="to" WC="1.00" CC="00"/>
						<SP ID="P10_SP00074" HPOS="802" VPOS="1176" WIDTH="31"/>
						<String ID="P10_ST00092" HPOS="833" VPOS="1124" WIDTH="93" HEIGHT="48" CONTENT="the" WC="0.98" CC="050"/>
						<SP ID="P10_SP00075" HPOS="926" VPOS="1176" WIDTH="31"/>
						<String ID="P10_ST00093" HPOS="957" VPOS="1125" WIDTH="154" HEIGHT="51" CONTENT="State" WC="1.00" CC="00000"/>
						<SP ID="P10_SP00076" HPOS="1111" VPOS="1176" WIDTH="32"/>
						<String ID="P10_ST00094" HPOS="1143" VPOS="1145" WIDTH="70" HEIGHT="32" CONTENT="on" WC="0.59" CC="08"/>
						<SP ID="P10_SP00077" HPOS="1213" VPOS="1177" WIDTH="33"/>
						<String ID="P10_ST00095" HPOS="1246" VPOS="1131" WIDTH="287" HEIGHT="50" CONTENT="condition" WC="0.99" CC="038050626"/>
						<SP ID="P10_SP00078" HPOS="1533" VPOS="1181" WIDTH="33"/>
						<String ID="P10_ST00096" HPOS="1566" VPOS="1134" WIDTH="39" HEIGHT="48" CONTENT="it" WC="0.72" CC="50"/>
						<SP ID="P10_SP00079" HPOS="1605" VPOS="1182" WIDTH="30"/>
						<String ID="P10_ST00097" HPOS="1635" VPOS="1135" WIDTH="65" HEIGHT="48" CONTENT="be" WC="0.93" CC="10"/>
						<SP ID="P10_SP00080" HPOS="1700" VPOS="1183" WIDTH="32"/>
						<String ID="P10_ST00098" HPOS="1732" VPOS="1135" WIDTH="290" HEIGHT="61" CONTENT="displayed" WC="1.00" CC="050030000"/>
						<SP ID="P10_SP00081" HPOS="2022" VPOS="1196" WIDTH="31"/>
						<String ID="P10_ST00099" HPOS="2053" VPOS="1139" WIDTH="51" HEIGHT="47" CONTENT="in" WC="0.52" CC="54"/>
					</TextLine>
					<TextLine ID="P10_TL00014" HPOS="129" VPOS="1180" WIDTH="1976" HEIGHT="72">
						<String ID="P10_ST00100" HPOS="129" VPOS="1180" WIDTH="92" HEIGHT="44" CONTENT="the" WC="0.97" CC="070"/>
						<SP ID="P10_SP00082" HPOS="221" VPOS="1224" WIDTH="40"/>
						<String ID="P10_ST00101" HPOS="261" VPOS="1190" WIDTH="437" HEIGHT="43" CONTENT="circumstances" WC="1.00" CC="0300000000000"/>
						<SP ID="P10_SP00083" HPOS="698" VPOS="1233" WIDTH="40"/>
						<String ID="P10_ST00102" HPOS="738" VPOS="1187" WIDTH="106" HEIGHT="48" CONTENT="and" WC="0.98" CC="050"/>
						<SP ID="P10_SP00084" HPOS="844" VPOS="1235" WIDTH="40"/>
						<String ID="P10_ST00103" HPOS="884" VPOS="1190" WIDTH="166" HEIGHT="48" CONTENT="order" WC="1.00" CC="00000"/>
						<SP ID="P10_SP00085" HPOS="1050" VPOS="1238" WIDTH="38"/>
						<String ID="P10_ST00104" HPOS="1088" VPOS="1192" WIDTH="66" HEIGHT="49" CONTENT="he" WC="0.73" CC="50"/>
						<SP ID="P10_SP00086" HPOS="1154" VPOS="1241" WIDTH="42"/>
						<String ID="P10_ST00105" HPOS="1196" VPOS="1194" WIDTH="98" HEIGHT="49" CONTENT="has" WC="0.98" CC="500"/>
						<SP ID="P10_SP00087" HPOS="1294" VPOS="1243" WIDTH="42"/>
						<String ID="P10_ST00106" HPOS="1336" VPOS="1196" WIDTH="225" HEIGHT="51" CONTENT="chosen." WC="0.99" CC="0600053"/>
						<SP ID="P10_SP00088" HPOS="1561" VPOS="1247" WIDTH="77"/>
						<String ID="P10_ST00107" HPOS="1638" VPOS="1200" WIDTH="88" HEIGHT="48" CONTENT="He" WC="1.00" CC="00"/>
						<SP ID="P10_SP00089" HPOS="1726" VPOS="1248" WIDTH="40"/>
						<String ID="P10_ST00108" HPOS="1766" VPOS="1201" WIDTH="339" HEIGHT="51" CONTENT="undertakes" WC="1.00" CC="5500300000"/>
					</TextLine>
					<TextLine ID="P10_TL00015" HPOS="128" VPOS="1243" WIDTH="1977" HEIGHT="78">
						<String ID="P10_ST00109" HPOS="128" VPOS="1243" WIDTH="93" HEIGHT="45" CONTENT="the" WC="1.00" CC="000"/>
						<SP ID="P10_SP00090" HPOS="221" VPOS="1288" WIDTH="47"/>
						<String ID="P10_ST00110" HPOS="268" VPOS="1258" WIDTH="242" HEIGHT="43" CONTENT="expense" WC="0.99" CC="0500700"/>
						<SP ID="P10_SP00091" HPOS="510" VPOS="1301" WIDTH="47"/>
						<String ID="P10_ST00111" HPOS="557" VPOS="1248" WIDTH="60" HEIGHT="47" CONTENT="of" WC="0.50" CC="36"/>
						<SP ID="P10_SP00092" HPOS="617" VPOS="1301" WIDTH="46"/>
						<String ID="P10_ST00112" HPOS="663" VPOS="1248" WIDTH="69" HEIGHT="50" CONTENT="its" WC="0.98" CC="600"/>
						<SP ID="P10_SP00093" HPOS="732" VPOS="1301" WIDTH="46"/>
						<String ID="P10_ST00113" HPOS="778" VPOS="1256" WIDTH="388" HEIGHT="53" CONTENT="presentation" WC="1.00" CC="000000000604"/>
						<SP ID="P10_SP00094" HPOS="1166" VPOS="1309" WIDTH="47"/>
						<String ID="P10_ST00114" HPOS="1213" VPOS="1266" WIDTH="55" HEIGHT="41" CONTENT="at" WC="1.00" CC="00"/>
						<SP ID="P10_SP00095" HPOS="1268" VPOS="1309" WIDTH="46"/>
						<String ID="P10_ST00115" HPOS="1314" VPOS="1260" WIDTH="84" HEIGHT="48" CONTENT="his" WC="0.98" CC="230"/>
						<SP ID="P10_SP00096" HPOS="1398" VPOS="1309" WIDTH="48"/>
						<String ID="P10_ST00116" HPOS="1446" VPOS="1277" WIDTH="125" HEIGHT="33" CONTENT="own" WC="1.00" CC="000"/>
						<SP ID="P10_SP00097" HPOS="1571" VPOS="1310" WIDTH="49"/>
						<String ID="P10_ST00117" HPOS="1620" VPOS="1272" WIDTH="139" HEIGHT="49" CONTENT="cost," WC="1.00" CC="00004"/>
						<SP ID="P10_SP00098" HPOS="1759" VPOS="1321" WIDTH="47"/>
						<String ID="P10_ST00118" HPOS="1806" VPOS="1266" WIDTH="92" HEIGHT="48" CONTENT="the" WC="0.99" CC="030"/>
						<SP ID="P10_SP00099" HPOS="1898" VPOS="1321" WIDTH="50"/>
						<String ID="P10_ST00119" HPOS="1948" VPOS="1265" WIDTH="157" HEIGHT="52" CONTENT="Statfe" WC="0.86" CC="000044"/>
					</TextLine>
					<TextLine ID="P10_TL00016" HPOS="127" VPOS="1308" WIDTH="1978" HEIGHT="77">
						<String ID="P10_ST00120" HPOS="127" VPOS="1308" WIDTH="298" HEIGHT="57" CONTENT="providing" WC="0.99" CC="040030560"/>
						<SP ID="P10_SP00100" HPOS="425" VPOS="1365" WIDTH="42"/>
						<String ID="P10_ST00121" HPOS="467" VPOS="1309" WIDTH="91" HEIGHT="48" CONTENT="the" WC="1.00" CC="000"/>
						<SP ID="P10_SP00101" HPOS="558" VPOS="1365" WIDTH="44"/>
						<String ID="P10_ST00122" HPOS="602" VPOS="1310" WIDTH="242" HEIGHT="63" CONTENT="housing" WC="0.99" CC="0100770"/>
						<SP ID="P10_SP00102" HPOS="844" VPOS="1373" WIDTH="41"/>
						<String ID="P10_ST00123" HPOS="885" VPOS="1315" WIDTH="51" HEIGHT="49" CONTENT="in" WC="0.45" CC="73"/>
						<SP ID="P10_SP00103" HPOS="936" VPOS="1373" WIDTH="45"/>
						<String ID="P10_ST00124" HPOS="981" VPOS="1318" WIDTH="93" HEIGHT="48" CONTENT="the" WC="1.00" CC="000"/>
						<SP ID="P10_SP00104" HPOS="1074" VPOS="1373" WIDTH="42"/>
						<String ID="P10_ST00125" HPOS="1116" VPOS="1319" WIDTH="592" HEIGHT="66" CONTENT="eighteenth-century" WC="1.00" CC="060020050100050020"/>
						<SP ID="P10_SP00105" HPOS="1708" VPOS="1385" WIDTH="42"/>
						<String ID="P10_ST00126" HPOS="1750" VPOS="1329" WIDTH="258" HEIGHT="50" CONTENT="mansion" WC="1.00" CC="0010600"/>
						<SP ID="P10_SP00106" HPOS="2008" VPOS="1385" WIDTH="44"/>
						<String ID="P10_ST00127" HPOS="2052" VPOS="1331" WIDTH="53" HEIGHT="48" CONTENT="in" WC="0.70" CC="41"/>
					</TextLine>
					<TextLine ID="P10_TL00017" HPOS="128" VPOS="1373" WIDTH="1980" HEIGHT="77">
						<String ID="P10_ST00128" HPOS="128" VPOS="1373" WIDTH="91" HEIGHT="44" CONTENT="the" WC="0.97" CC="700"/>
						<SP ID="P10_SP00107" HPOS="219" VPOS="1417" WIDTH="40"/>
						<String ID="P10_ST00129" HPOS="259" VPOS="1373" WIDTH="115" HEIGHT="45" CONTENT="Rue" WC="0.97" CC="042"/>
						<SP ID="P10_SP00108" HPOS="374" VPOS="1418" WIDTH="37"/>
						<String ID="P10_ST00130" HPOS="411" VPOS="1373" WIDTH="65" HEIGHT="48" CONTENT="de" WC="0.82" CC="03"/>
						<SP ID="P10_SP00109" HPOS="476" VPOS="1421" WIDTH="35"/>
						<String ID="P10_ST00131" HPOS="511" VPOS="1375" WIDTH="261" HEIGHT="51" CONTENT="Varenne" WC="0.62" CC="5460053"/>
						<SP ID="P10_SP00110" HPOS="772" VPOS="1426" WIDTH="38"/>
						<String ID="P10_ST00132" HPOS="810" VPOS="1380" WIDTH="74" HEIGHT="48" CONTENT="M." WC="1.00" CC="00"/>
						<SP ID="P10_SP00111" HPOS="884" VPOS="1428" WIDTH="38"/>
						<String ID="P10_ST00133" HPOS="922" VPOS="1383" WIDTH="183" HEIGHT="48" CONTENT="Rodin" WC="0.98" CC="02056"/>
						<SP ID="P10_SP00112" HPOS="1105" VPOS="1431" WIDTH="38"/>
						<String ID="P10_ST00134" HPOS="1143" VPOS="1385" WIDTH="97" HEIGHT="49" CONTENT="has" WC="0.98" CC="500"/>
						<SP ID="P10_SP00113" HPOS="1240" VPOS="1434" WIDTH="37"/>
						<String ID="P10_ST00135" HPOS="1277" VPOS="1388" WIDTH="139" HEIGHT="48" CONTENT="been" WC="0.97" CC="6214"/>
						<SP ID="P10_SP00114" HPOS="1416" VPOS="1436" WIDTH="37"/>
						<String ID="P10_ST00136" HPOS="1453" VPOS="1392" WIDTH="316" HEIGHT="58" CONTENT="occupying" WC="1.00" CC="000500700"/>
						<SP ID="P10_SP00115" HPOS="1769" VPOS="1450" WIDTH="35"/>
						<String ID="P10_ST00137" HPOS="1804" VPOS="1393" WIDTH="157" HEIGHT="49" CONTENT="these" WC="0.99" CC="03002"/>
						<SP ID="P10_SP00116" HPOS="1961" VPOS="1450" WIDTH="39"/>
						<String ID="P10_ST00138" HPOS="2000" VPOS="1394" WIDTH="108" HEIGHT="51" CONTENT="last" WC="0.99" CC="6000"/>
					</TextLine>
					<TextLine ID="P10_TL00018" HPOS="152" VPOS="1437" WIDTH="1953" HEIGHT="73">
						<String ID="P10_ST00139" HPOS="152" VPOS="1449" WIDTH="71" HEIGHT="32" CONTENT="ev\" WC="0.24" CC="787"/>
						<SP ID="P10_SP00117" HPOS="223" VPOS="1481" WIDTH="40"/>
						<String ID="P10_ST00140" HPOS="263" VPOS="1451" WIDTH="177" HEIGHT="40" CONTENT="years." WC="0.97" CC="479600"/>
						<SP ID="P10_SP00118" HPOS="440" VPOS="1491" WIDTH="68"/>
						<String ID="P10_ST00141" HPOS="508" VPOS="1437" WIDTH="75" HEIGHT="50" CONTENT="M." WC="0.45" CC="90"/>
						<SP ID="P10_SP00119" HPOS="583" VPOS="1491" WIDTH="33"/>
						<String ID="P10_ST00142" HPOS="616" VPOS="1440" WIDTH="181" HEIGHT="49" CONTENT="Rodin" WC="0.98" CC="00077"/>
						<SP ID="P10_SP00120" HPOS="797" VPOS="1491" WIDTH="36"/>
						<String ID="P10_ST00143" HPOS="833" VPOS="1444" WIDTH="310" HEIGHT="61" CONTENT="stipulates," WC="0.99" CC="00703600703"/>
						<SP ID="P10_SP00121" HPOS="1143" VPOS="1505" WIDTH="31"/>
						<String ID="P10_ST00144" HPOS="1174" VPOS="1464" WIDTH="313" HEIGHT="46" CONTENT="moreover," WC="0.99" CC="007600770"/>
						<SP ID="P10_SP00122" HPOS="1487" VPOS="1510" WIDTH="32"/>
						<String ID="P10_ST00145" HPOS="1519" VPOS="1454" WIDTH="120" HEIGHT="49" CONTENT="that" WC="0.99" CC="0500"/>
						<SP ID="P10_SP00123" HPOS="1639" VPOS="1510" WIDTH="32"/>
						<String ID="P10_ST00146" HPOS="1671" VPOS="1455" WIDTH="67" HEIGHT="48" CONTENT="he" WC="0.35" CC="57"/>
						<SP ID="P10_SP00124" HPOS="1738" VPOS="1510" WIDTH="33"/>
						<String ID="P10_ST00147" HPOS="1771" VPOS="1456" WIDTH="65" HEIGHT="49" CONTENT="be" WC="0.35" CC="57"/>
						<SP ID="P10_SP00125" HPOS="1836" VPOS="1510" WIDTH="33"/>
						<String ID="P10_ST00148" HPOS="1869" VPOS="1458" WIDTH="236" HEIGHT="50" CONTENT="allowed" WC="0.99" CC="0020070"/>
					</TextLine>
					<TextLine ID="P10_TL00019" HPOS="128" VPOS="1502" WIDTH="1977" HEIGHT="70">
						<String ID="P10_ST00149" HPOS="128" VPOS="1506" WIDTH="55" HEIGHT="38" CONTENT="to" WC="0.99" CC="00"/>
						<SP ID="P10_SP00126" HPOS="183" VPOS="1544" WIDTH="35"/>
						<String ID="P10_ST00150" HPOS="218" VPOS="1507" WIDTH="262" HEIGHT="42" CONTENT="continue" WC="1.00" CC="01005210"/>
						<SP ID="P10_SP00127" HPOS="480" VPOS="1549" WIDTH="37"/>
						<String ID="P10_ST00151" HPOS="517" VPOS="1502" WIDTH="172" HEIGHT="61" CONTENT="living" WC="0.97" CC="770570"/>
						<SP ID="P10_SP00128" HPOS="689" VPOS="1563" WIDTH="33"/>
						<String ID="P10_ST00152" HPOS="722" VPOS="1506" WIDTH="155" HEIGHT="49" CONTENT="there" WC="1.00" CC="00000"/>
						<SP ID="P10_SP00129" HPOS="877" VPOS="1563" WIDTH="36"/>
						<String ID="P10_ST00153" HPOS="913" VPOS="1510" WIDTH="138" HEIGHT="48" CONTENT="until" WC="0.98" CC="43211"/>
						<SP ID="P10_SP00130" HPOS="1051" VPOS="1563" WIDTH="37"/>
						<String ID="P10_ST00154" HPOS="1088" VPOS="1512" WIDTH="84" HEIGHT="49" CONTENT="his" WC="0.98" CC="202"/>
						<SP ID="P10_SP00131" HPOS="1172" VPOS="1563" WIDTH="35"/>
						<String ID="P10_ST00155" HPOS="1207" VPOS="1515" WIDTH="183" HEIGHT="57" CONTENT="death," WC="1.00" CC="000000"/>
						<SP ID="P10_SP00132" HPOS="1390" VPOS="1572" WIDTH="36"/>
						<String ID="P10_ST00156" HPOS="1426" VPOS="1519" WIDTH="107" HEIGHT="47" CONTENT="and" WC="0.99" CC="030"/>
						<SP ID="P10_SP00133" HPOS="1533" VPOS="1572" WIDTH="35"/>
						<String ID="P10_ST00157" HPOS="1568" VPOS="1519" WIDTH="121" HEIGHT="49" CONTENT="that" WC="1.00" CC="0100"/>
						<SP ID="P10_SP00134" HPOS="1689" VPOS="1572" WIDTH="34"/>
						<String ID="P10_ST00158" HPOS="1723" VPOS="1520" WIDTH="93" HEIGHT="49" CONTENT="the" WC="0.98" CC="060"/>
						<SP ID="P10_SP00135" HPOS="1816" VPOS="1572" WIDTH="34"/>
						<String ID="P10_ST00159" HPOS="1850" VPOS="1538" WIDTH="255" HEIGHT="34" CONTENT="museum" WC="0.99" CC="040060"/>
					</TextLine>
					<TextLine ID="P10_TL00020" HPOS="125" VPOS="1564" WIDTH="1980" HEIGHT="78">
						<String ID="P10_ST00160" HPOS="125" VPOS="1564" WIDTH="66" HEIGHT="45" CONTENT="he" WC="1.00" CC="00"/>
						<SP ID="P10_SP00136" HPOS="191" VPOS="1609" WIDTH="35"/>
						<String ID="P10_ST00161" HPOS="226" VPOS="1564" WIDTH="198" HEIGHT="56" CONTENT="leaves," WC="0.99" CC="5408000"/>
						<SP ID="P10_SP00137" HPOS="424" VPOS="1620" WIDTH="33"/>
						<String ID="P10_ST00162" HPOS="457" VPOS="1567" WIDTH="347" HEIGHT="63" CONTENT="comprising" WC="0.99" CC="0000050659"/>
						<SP ID="P10_SP00138" HPOS="804" VPOS="1630" WIDTH="30"/>
						<String ID="P10_ST00163" HPOS="834" VPOS="1571" WIDTH="121" HEIGHT="49" CONTENT="also" WC="0.99" CC="0300"/>
						<SP ID="P10_SP00139" HPOS="955" VPOS="1630" WIDTH="34"/>
						<String ID="P10_ST00164" HPOS="989" VPOS="1573" WIDTH="83" HEIGHT="50" CONTENT="his" WC="0.96" CC="360"/>
						<SP ID="P10_SP00140" HPOS="1072" VPOS="1630" WIDTH="34"/>
						<String ID="P10_ST00165" HPOS="1106" VPOS="1576" WIDTH="282" HEIGHT="61" CONTENT="drawings" WC="0.99" CC="00005800"/>
						<SP ID="P10_SP00141" HPOS="1388" VPOS="1637" WIDTH="33"/>
						<String ID="P10_ST00166" HPOS="1421" VPOS="1582" WIDTH="106" HEIGHT="47" CONTENT="and" WC="0.97" CC="070"/>
						<SP ID="P10_SP00142" HPOS="1527" VPOS="1637" WIDTH="35"/>
						<String ID="P10_ST00167" HPOS="1562" VPOS="1582" WIDTH="348" HEIGHT="60" CONTENT="collections," WC="1.00" CC="006000000002"/>
						<SP ID="P10_SP00143" HPOS="1910" VPOS="1642" WIDTH="34"/>
						<String ID="P10_ST00168" HPOS="1944" VPOS="1586" WIDTH="161" HEIGHT="49" CONTENT="bears" WC="1.00" CC="00000"/>
					</TextLine>
					<TextLine ID="P10_TL00021" HPOS="123" VPOS="1628" WIDTH="296" HEIGHT="48">
						<String ID="P10_ST00169" HPOS="123" VPOS="1628" WIDTH="85" HEIGHT="44" CONTENT="his" WC="0.95" CC="650"/>
						<SP ID="P10_SP00144" HPOS="208" VPOS="1672" WIDTH="32"/>
						<String ID="P10_ST00170" HPOS="240" VPOS="1642" WIDTH="179" HEIGHT="34" CONTENT="name." WC="1.00" CC="30000"/>
					</TextLine>
					<TextLine ID="P10_TL00022" HPOS="195" VPOS="1690" WIDTH="1910" HEIGHT="84">
						<String ID="P10_ST00171" HPOS="195" VPOS="1690" WIDTH="74" HEIGHT="50" CONTENT="M." WC="0.82" CC="03"/>
						<SP ID="P10_SP00145" HPOS="269" VPOS="1740" WIDTH="37"/>
						<String ID="P10_ST00172" HPOS="306" VPOS="1691" WIDTH="199" HEIGHT="60" CONTENT="Rodin," WC="0.98" CC="020672"/>
						<SP ID="P10_SP00146" HPOS="505" VPOS="1751" WIDTH="36"/>
						<String ID="P10_ST00173" HPOS="541" VPOS="1695" WIDTH="127" HEIGHT="50" CONTENT="who" WC="0.97" CC="015"/>
						<SP ID="P10_SP00147" HPOS="668" VPOS="1751" WIDTH="33"/>
						<String ID="P10_ST00174" HPOS="701" VPOS="1698" WIDTH="105" HEIGHT="48" CONTENT="had" WC="1.00" CC="000"/>
						<SP ID="P10_SP00148" HPOS="806" VPOS="1751" WIDTH="37"/>
						<String ID="P10_ST00175" HPOS="843" VPOS="1699" WIDTH="60" HEIGHT="48" CONTENT="of" WC="0.66" CC="23"/>
						<SP ID="P10_SP00149" HPOS="903" VPOS="1751" WIDTH="34"/>
						<String ID="P10_ST00176" HPOS="937" VPOS="1700" WIDTH="108" HEIGHT="50" CONTENT="late" WC="0.99" CC="5000"/>
						<SP ID="P10_SP00150" HPOS="1045" VPOS="1751" WIDTH="34"/>
						<String ID="P10_ST00177" HPOS="1079" VPOS="1721" WIDTH="163" HEIGHT="40" CONTENT="years" WC="1.00" CC="00030"/>
						<SP ID="P10_SP00151" HPOS="1242" VPOS="1761" WIDTH="35"/>
						<String ID="P10_ST00178" HPOS="1277" VPOS="1707" WIDTH="178" HEIGHT="48" CONTENT="added" WC="1.00" CC="00000"/>
						<SP ID="P10_SP00152" HPOS="1455" VPOS="1761" WIDTH="36"/>
						<String ID="P10_ST00179" HPOS="1491" VPOS="1726" WIDTH="166" HEIGHT="43" CONTENT="prose" WC="1.00" CC="00000"/>
						<SP ID="P10_SP00153" HPOS="1657" VPOS="1769" WIDTH="36"/>
						<String ID="P10_ST00180" HPOS="1693" VPOS="1718" WIDTH="58" HEIGHT="42" CONTENT="to" WC="1.00" CC="00"/>
						<SP ID="P10_SP00154" HPOS="1751" VPOS="1769" WIDTH="34"/>
						<String ID="P10_ST00181" HPOS="1785" VPOS="1712" WIDTH="84" HEIGHT="49" CONTENT="his" WC="1.00" CC="000"/>
						<SP ID="P10_SP00155" HPOS="1869" VPOS="1769" WIDTH="34"/>
						<String ID="P10_ST00182" HPOS="1903" VPOS="1714" WIDTH="202" HEIGHT="60" CONTENT="plastic" WC="0.99" CC="0100070"/>
					</TextLine>
					<TextLine ID="P10_TL00023" HPOS="123" VPOS="1755" WIDTH="1979" HEIGHT="84">
						<String ID="P10_ST00183" HPOS="123" VPOS="1755" WIDTH="108" HEIGHT="47" CONTENT="and" WC="0.98" CC="050"/>
						<SP ID="P10_SP00156" HPOS="231" VPOS="1802" WIDTH="47"/>
						<String ID="P10_ST00184" HPOS="278" VPOS="1757" WIDTH="231" HEIGHT="58" CONTENT="graphic" WC="0.99" CC="0000560"/>
						<SP ID="P10_SP00157" HPOS="509" VPOS="1815" WIDTH="47"/>
						<String ID="P10_ST00185" HPOS="556" VPOS="1762" WIDTH="377" HEIGHT="60" CONTENT="expressions," WC="1.00" CC="130000030304"/>
						<SP ID="P10_SP00158" HPOS="933" VPOS="1822" WIDTH="48"/>
						<String ID="P10_ST00186" HPOS="981" VPOS="1765" WIDTH="98" HEIGHT="50" CONTENT="has" WC="0.97" CC="600"/>
						<SP ID="P10_SP00159" HPOS="1079" VPOS="1822" WIDTH="48"/>
						<String ID="P10_ST00187" HPOS="1127" VPOS="1769" WIDTH="135" HEIGHT="58" CONTENT="only" WC="0.99" CC="0210"/>
						<SP ID="P10_SP00160" HPOS="1262" VPOS="1827" WIDTH="45"/>
						<String ID="P10_ST00188" HPOS="1307" VPOS="1771" WIDTH="181" HEIGHT="49" CONTENT="raised" WC="1.00" CC="004000"/>
						<SP ID="P10_SP00161" HPOS="1488" VPOS="1827" WIDTH="48"/>
						<String ID="P10_ST00189" HPOS="1536" VPOS="1773" WIDTH="84" HEIGHT="48" CONTENT="his" WC="0.97" CC="070"/>
						<SP ID="P10_SP00162" HPOS="1620" VPOS="1827" WIDTH="46"/>
						<String ID="P10_ST00190" HPOS="1666" VPOS="1775" WIDTH="173" HEIGHT="55" CONTENT="voice," WC="1.00" CC="000000"/>
						<SP ID="P10_SP00163" HPOS="1839" VPOS="1830" WIDTH="48"/>
						<String ID="P10_ST00191" HPOS="1887" VPOS="1794" WIDTH="63" HEIGHT="32" CONTENT="or" WC="1.00" CC="00"/>
						<SP ID="P10_SP00164" HPOS="1950" VPOS="1830" WIDTH="46"/>
						<String ID="P10_ST00192" HPOS="1996" VPOS="1796" WIDTH="106" HEIGHT="43" CONTENT="pen" WC="1.00" CC="000"/>
					</TextLine>
					<TextLine ID="P10_TL00024" HPOS="122" VPOS="1820" WIDTH="1981" HEIGHT="73">
						<String ID="P10_ST00193" HPOS="122" VPOS="1820" WIDTH="203" HEIGHT="58" CONTENT="rather," WC="0.98" CC="5206213"/>
						<SP ID="P10_SP00165" HPOS="325" VPOS="1878" WIDTH="30"/>
						<String ID="P10_ST00194" HPOS="355" VPOS="1838" WIDTH="69" HEIGHT="31" CONTENT="011" WC="0.53" CC="068"/>
						<SP ID="P10_SP00166" HPOS="424" VPOS="1878" WIDTH="34"/>
						<String ID="P10_ST00195" HPOS="458" VPOS="1840" WIDTH="104" HEIGHT="32" CONTENT="one" WC="0.92" CC="489"/>
						<SP ID="P10_SP00167" HPOS="562" VPOS="1878" WIDTH="31"/>
						<String ID="P10_ST00196" HPOS="593" VPOS="1827" WIDTH="260" HEIGHT="48" CONTENT="occasion" WC="0.99" CC="00670507"/>
						<SP ID="P10_SP00168" HPOS="853" VPOS="1878" WIDTH="34"/>
						<String ID="P10_ST00197" HPOS="887" VPOS="1829" WIDTH="51" HEIGHT="47" CONTENT="in" WC="0.36" CC="57"/>
						<SP ID="P10_SP00169" HPOS="938" VPOS="1878" WIDTH="32"/>
						<String ID="P10_ST00198" HPOS="970" VPOS="1842" WIDTH="286" HEIGHT="40" CONTENT="comment" WC="0.97" CC="0088784"/>
						<SP ID="P10_SP00170" HPOS="1256" VPOS="1882" WIDTH="29"/>
						<String ID="P10_ST00199" HPOS="1285" VPOS="1852" WIDTH="70" HEIGHT="30" CONTENT="011" WC="0.57" CC="066"/>
						<SP ID="P10_SP00171" HPOS="1355" VPOS="1882" WIDTH="35"/>
						<String ID="P10_ST00200" HPOS="1390" VPOS="1836" WIDTH="91" HEIGHT="48" CONTENT="the" WC="0.95" CC="067"/>
						<SP ID="P10_SP00172" HPOS="1481" VPOS="1884" WIDTH="31"/>
						<String ID="P10_ST00201" HPOS="1512" VPOS="1855" WIDTH="129" HEIGHT="32" CONTENT="war." WC="0.95" CC="4774"/>
						<SP ID="P10_SP00173" HPOS="1641" VPOS="1887" WIDTH="68"/>
						<String ID="P10_ST00202" HPOS="1709" VPOS="1841" WIDTH="88" HEIGHT="47" CONTENT="He" WC="0.63" CC="70"/>
						<SP ID="P10_SP00174" HPOS="1797" VPOS="1888" WIDTH="33"/>
						<String ID="P10_ST00203" HPOS="1830" VPOS="1858" WIDTH="181" HEIGHT="33" CONTENT="seems" WC="0.99" CC="10080"/>
						<SP ID="P10_SP00175" HPOS="2011" VPOS="1891" WIDTH="34"/>
						<String ID="P10_ST00204" HPOS="2045" VPOS="1852" WIDTH="58" HEIGHT="41" CONTENT="to" WC="1.00" CC="00"/>
					</TextLine>
					<TextLine ID="P10_TL00025" HPOS="124" VPOS="1883" WIDTH="1981" HEIGHT="81">
						<String ID="P10_ST00205" HPOS="124" VPOS="1883" WIDTH="139" HEIGHT="47" CONTENT="have" WC="0.95" CC="7690"/>
						<SP ID="P10_SP00176" HPOS="263" VPOS="1930" WIDTH="39"/>
						<String ID="P10_ST00206" HPOS="302" VPOS="1886" WIDTH="255" HEIGHT="58" CONTENT="realized," WC="1.00" CC="100013002"/>
						<SP ID="P10_SP00177" HPOS="557" VPOS="1944" WIDTH="40"/>
						<String ID="P10_ST00207" HPOS="597" VPOS="1889" WIDTH="184" HEIGHT="50" CONTENT="unlike" WC="0.98" CC="640400"/>
						<SP ID="P10_SP00178" HPOS="781" VPOS="1944" WIDTH="39"/>
						<String ID="P10_ST00208" HPOS="820" VPOS="1893" WIDTH="210" HEIGHT="59" CONTENT="others," WC="0.99" CC="0040403"/>
						<SP ID="P10_SP00179" HPOS="1030" VPOS="1952" WIDTH="39"/>
						<String ID="P10_ST00209" HPOS="1069" VPOS="1896" WIDTH="121" HEIGHT="48" CONTENT="that" WC="1.00" CC="0100"/>
						<SP ID="P10_SP00180" HPOS="1190" VPOS="1952" WIDTH="39"/>
						<String ID="P10_ST00210" HPOS="1229" VPOS="1898" WIDTH="91" HEIGHT="47" CONTENT="the" WC="0.97" CC="070"/>
						<SP ID="P10_SP00181" HPOS="1320" VPOS="1952" WIDTH="39"/>
						<String ID="P10_ST00211" HPOS="1359" VPOS="1900" WIDTH="132" HEIGHT="49" CONTENT="time" WC="0.98" CC="0550"/>
						<SP ID="P10_SP00182" HPOS="1491" VPOS="1952" WIDTH="39"/>
						<String ID="P10_ST00212" HPOS="1530" VPOS="1901" WIDTH="43" HEIGHT="48" CONTENT="is" WC="0.80" CC="40"/>
						<SP ID="P10_SP00183" HPOS="1573" VPOS="1952" WIDTH="38"/>
						<String ID="P10_ST00213" HPOS="1611" VPOS="1911" WIDTH="99" HEIGHT="39" CONTENT="not" WC="0.95" CC="713"/>
						<SP ID="P10_SP00184" HPOS="1710" VPOS="1952" WIDTH="38"/>
						<String ID="P10_ST00214" HPOS="1748" VPOS="1903" WIDTH="88" HEIGHT="50" CONTENT="for" WC="0.99" CC="300"/>
						<SP ID="P10_SP00185" HPOS="1836" VPOS="1953" WIDTH="38"/>
						<String ID="P10_ST00215" HPOS="1874" VPOS="1909" WIDTH="198" HEIGHT="55" CONTENT="preach" SUBS_TYPE="HypPart1" SUBS_CONTENT="preaching." WC="1.00" CC="000004"/>
						<HYP HPOS="2072" VPOS="1909" WIDTH="33" CONTENT="-"/>
					</TextLine>
					<TextLine ID="P10_TL00026" HPOS="123" VPOS="1947" WIDTH="1981" HEIGHT="83">
						<String ID="P10_ST00216" HPOS="123" VPOS="1947" WIDTH="107" HEIGHT="59" CONTENT="ing." SUBS_TYPE="HypPart2" SUBS_CONTENT="preaching." WC="0.96" CC="6570"/>
						<SP ID="P10_SP00186" HPOS="230" VPOS="2006" WIDTH="66"/>
						<String ID="P10_ST00217" HPOS="296" VPOS="1949" WIDTH="116" HEIGHT="48" CONTENT="Ihe" WC="0.25" CC="700"/>
						<SP ID="P10_SP00187" HPOS="412" VPOS="2006" WIDTH="31"/>
						<String ID="P10_ST00218" HPOS="443" VPOS="1950" WIDTH="107" HEIGHT="50" CONTENT="few" WC="0.99" CC="200"/>
						<SP ID="P10_SP00188" HPOS="550" VPOS="2006" WIDTH="28"/>
						<String ID="P10_ST00219" HPOS="578" VPOS="1954" WIDTH="185" HEIGHT="49" CONTENT="words" WC="1.00" CC="01000"/>
						<SP ID="P10_SP00189" HPOS="763" VPOS="2006" WIDTH="30"/>
						<String ID="P10_ST00220" HPOS="793" VPOS="1956" WIDTH="66" HEIGHT="48" CONTENT="he" WC="0.71" CC="50"/>
						<SP ID="P10_SP00190" HPOS="859" VPOS="2006" WIDTH="30"/>
						<String ID="P10_ST00221" HPOS="889" VPOS="1956" WIDTH="97" HEIGHT="49" CONTENT="has" WC="0.98" CC="400"/>
						<SP ID="P10_SP00191" HPOS="986" VPOS="2006" WIDTH="31"/>
						<String ID="P10_ST00222" HPOS="1017" VPOS="1959" WIDTH="117" HEIGHT="49" CONTENT="said" WC="0.98" CC="4060"/>
						<SP ID="P10_SP00192" HPOS="1134" VPOS="2008" WIDTH="30"/>
						<String ID="P10_ST00223" HPOS="1164" VPOS="1978" WIDTH="145" HEIGHT="32" CONTENT="were" WC="1.00" CC="0000"/>
						<SP ID="P10_SP00193" HPOS="1309" VPOS="2010" WIDTH="29"/>
						<String ID="P10_ST00224" HPOS="1338" VPOS="1971" WIDTH="59" HEIGHT="40" CONTENT="to" WC="0.80" CC="03"/>
						<SP ID="P10_SP00194" HPOS="1397" VPOS="2011" WIDTH="28"/>
						<String ID="P10_ST00225" HPOS="1425" VPOS="1964" WIDTH="91" HEIGHT="49" CONTENT="the" WC="1.00" CC="000"/>
						<SP ID="P10_SP00195" HPOS="1516" VPOS="2013" WIDTH="31"/>
						<String ID="P10_ST00226" HPOS="1547" VPOS="1967" WIDTH="172" HEIGHT="57" CONTENT="point," WC="1.00" CC="000300"/>
						<SP ID="P10_SP00196" HPOS="1719" VPOS="2024" WIDTH="29"/>
						<String ID="P10_ST00227" HPOS="1748" VPOS="1985" WIDTH="60" HEIGHT="31" CONTENT="as" WC="1.00" CC="00"/>
						<SP ID="P10_SP00197" HPOS="1808" VPOS="2024" WIDTH="32"/>
						<String ID="P10_ST00228" HPOS="1840" VPOS="1969" WIDTH="42" HEIGHT="47" CONTENT="is" WC="0.69" CC="60"/>
						<SP ID="P10_SP00198" HPOS="1882" VPOS="2024" WIDTH="29"/>
						<String ID="P10_ST00229" HPOS="1911" VPOS="1986" WIDTH="161" HEIGHT="44" CONTENT="every" SUBS_TYPE="HypPart1" SUBS_CONTENT="everything" WC="1.00" CC="00000"/>
						<HYP HPOS="2072" VPOS="1986" WIDTH="32" CONTENT="-"/>
					</TextLine>
					<TextLine ID="P10_TL00027" HPOS="123" VPOS="2011" WIDTH="1982" HEIGHT="80">
						<String ID="P10_ST00230" HPOS="123" VPOS="2011" WIDTH="160" HEIGHT="60" CONTENT="thing" SUBS_TYPE="HypPart2" SUBS_CONTENT="everything" WC="0.98" CC="00560"/>
						<SP ID="P10_SP00199" HPOS="283" VPOS="2071" WIDTH="39"/>
						<String ID="P10_ST00231" HPOS="322" VPOS="2016" WIDTH="65" HEIGHT="46" CONTENT="he" WC="1.00" CC="00"/>
						<SP ID="P10_SP00200" HPOS="387" VPOS="2071" WIDTH="41"/>
						<String ID="P10_ST00232" HPOS="428" VPOS="2032" WIDTH="127" HEIGHT="43" CONTENT="says" WC="1.00" CC="0000"/>
						<SP ID="P10_SP00201" HPOS="555" VPOS="2075" WIDTH="38"/>
						<String ID="P10_ST00233" HPOS="593" VPOS="2034" WIDTH="63" HEIGHT="32" CONTENT="or" WC="0.98" CC="00"/>
						<SP ID="P10_SP00202" HPOS="656" VPOS="2075" WIDTH="38"/>
						<String ID="P10_ST00234" HPOS="694" VPOS="2019" WIDTH="151" HEIGHT="50" CONTENT="does." WC="1.00" CC="04000"/>
						<SP ID="P10_SP00203" HPOS="845" VPOS="2075" WIDTH="77"/>
						<String ID="P10_ST00235" HPOS="922" VPOS="2023" WIDTH="63" HEIGHT="47" CONTENT="In" WC="1.00" CC="00"/>
						<SP ID="P10_SP00204" HPOS="985" VPOS="2075" WIDTH="43"/>
						<String ID="P10_ST00236" HPOS="1028" VPOS="2024" WIDTH="181" HEIGHT="48" CONTENT="Rodin" WC="0.97" CC="05057"/>
						<SP ID="P10_SP00205" HPOS="1209" VPOS="2075" WIDTH="40"/>
						<String ID="P10_ST00237" HPOS="1249" VPOS="2043" WIDTH="93" HEIGHT="32" CONTENT="are" WC="1.00" CC="000"/>
						<SP ID="P10_SP00206" HPOS="1342" VPOS="2075" WIDTH="41"/>
						<String ID="P10_ST00238" HPOS="1383" VPOS="2029" WIDTH="189" HEIGHT="48" CONTENT="united" WC="0.99" CC="133000"/>
						<SP ID="P10_SP00207" HPOS="1572" VPOS="2077" WIDTH="43"/>
						<String ID="P10_ST00239" HPOS="1615" VPOS="2032" WIDTH="92" HEIGHT="48" CONTENT="the" WC="0.99" CC="010"/>
						<SP ID="P10_SP00208" HPOS="1707" VPOS="2080" WIDTH="40"/>
						<String ID="P10_ST00240" HPOS="1747" VPOS="2034" WIDTH="258" HEIGHT="57" CONTENT="qualities" WC="1.00" CC="000500500"/>
						<SP ID="P10_SP00209" HPOS="2005" VPOS="2091" WIDTH="39"/>
						<String ID="P10_ST00241" HPOS="2044" VPOS="2037" WIDTH="61" HEIGHT="48" CONTENT="of" WC="0.90" CC="02"/>
					</TextLine>
					<TextLine ID="P10_TL00028" HPOS="122" VPOS="2076" WIDTH="1982" HEIGHT="73">
						<String ID="P10_ST00242" HPOS="122" VPOS="2076" WIDTH="92" HEIGHT="48" CONTENT="the" WC="0.97" CC="007"/>
						<SP ID="P10_SP00210" HPOS="214" VPOS="2124" WIDTH="43"/>
						<String ID="P10_ST00243" HPOS="257" VPOS="2077" WIDTH="211" HEIGHT="51" CONTENT="French" WC="0.97" CC="666700"/>
						<SP ID="P10_SP00211" HPOS="468" VPOS="2128" WIDTH="45"/>
						<String ID="P10_ST00244" HPOS="513" VPOS="2093" WIDTH="232" HEIGHT="47" CONTENT="peasant" WC="0.98" CC="9704080"/>
						<SP ID="P10_SP00212" HPOS="745" VPOS="2140" WIDTH="38"/>
						<String ID="P10_ST00245" HPOS="783" VPOS="2085" WIDTH="107" HEIGHT="48" CONTENT="and" WC="0.97" CC="080"/>
						<SP ID="P10_SP00213" HPOS="890" VPOS="2140" WIDTH="39"/>
						<String ID="P10_ST00246" HPOS="929" VPOS="2086" WIDTH="59" HEIGHT="49" CONTENT="of" WC="0.84" CC="03"/>
						<SP ID="P10_SP00214" HPOS="988" VPOS="2140" WIDTH="38"/>
						<String ID="P10_ST00247" HPOS="1026" VPOS="2089" WIDTH="91" HEIGHT="48" CONTENT="the" WC="0.96" CC="036"/>
						<SP ID="P10_SP00215" HPOS="1117" VPOS="2140" WIDTH="41"/>
						<String ID="P10_ST00248" HPOS="1158" VPOS="2099" WIDTH="383" HEIGHT="43" CONTENT="master-man." WC="0.99" CC="09407800071"/>
						<SP ID="P10_SP00216" HPOS="1541" VPOS="2142" WIDTH="78"/>
						<String ID="P10_ST00249" HPOS="1619" VPOS="2095" WIDTH="88" HEIGHT="48" CONTENT="He" WC="0.31" CC="66"/>
						<SP ID="P10_SP00217" HPOS="1707" VPOS="2143" WIDTH="39"/>
						<String ID="P10_ST00250" HPOS="1746" VPOS="2098" WIDTH="98" HEIGHT="47" CONTENT="has" WC="1.00" CC="100"/>
						<SP ID="P10_SP00218" HPOS="1844" VPOS="2145" WIDTH="40"/>
						<String ID="P10_ST00251" HPOS="1884" VPOS="2099" WIDTH="93" HEIGHT="48" CONTENT="the" WC="0.95" CC="067"/>
						<SP ID="P10_SP00219" HPOS="1977" VPOS="2147" WIDTH="41"/>
						<String ID="P10_ST00252" HPOS="2018" VPOS="2117" WIDTH="58" HEIGHT="32" CONTENT="sa" SUBS_TYPE="HypPart1" SUBS_CONTENT="sagacity" WC="1.00" CC="00"/>
						<HYP HPOS="2076" VPOS="2117" WIDTH="28" CONTENT="-"/>
					</TextLine>
					<TextLine ID="P10_TL00029" HPOS="125" VPOS="2140" WIDTH="1975" HEIGHT="77">
						<String ID="P10_ST00253" HPOS="125" VPOS="2140" WIDTH="190" HEIGHT="61" CONTENT="gacity" SUBS_TYPE="HypPart2" SUBS_CONTENT="sagacity" WC="1.00" CC="000400"/>
						<SP ID="P10_SP00220" HPOS="315" VPOS="2201" WIDTH="43"/>
						<String ID="P10_ST00254" HPOS="358" VPOS="2143" WIDTH="108" HEIGHT="49" CONTENT="and" WC="0.99" CC="010"/>
						<SP ID="P10_SP00221" HPOS="466" VPOS="2201" WIDTH="47"/>
						<String ID="P10_ST00255" HPOS="513" VPOS="2145" WIDTH="355" HEIGHT="52" CONTENT="shrewdness" WC="1.00" CC="0600000000"/>
						<SP ID="P10_SP00222" HPOS="868" VPOS="2201" WIDTH="45"/>
						<String ID="P10_ST00256" HPOS="913" VPOS="2149" WIDTH="61" HEIGHT="49" CONTENT="of" WC="0.94" CC="01"/>
						<SP ID="P10_SP00223" HPOS="974" VPOS="2201" WIDTH="43"/>
						<String ID="P10_ST00257" HPOS="1017" VPOS="2151" WIDTH="94" HEIGHT="50" CONTENT="the" WC="1.00" CC="000"/>
						<SP ID="P10_SP00224" HPOS="1111" VPOS="2201" WIDTH="44"/>
						<String ID="P10_ST00258" HPOS="1155" VPOS="2169" WIDTH="124" HEIGHT="42" CONTENT="one," WC="0.98" CC="0604"/>
						<SP ID="P10_SP00225" HPOS="1279" VPOS="2211" WIDTH="45"/>
						<String ID="P10_ST00259" HPOS="1324" VPOS="2155" WIDTH="93" HEIGHT="49" CONTENT="the" WC="0.98" CC="140"/>
						<SP ID="P10_SP00226" HPOS="1417" VPOS="2211" WIDTH="46"/>
						<String ID="P10_ST00260" HPOS="1463" VPOS="2156" WIDTH="213" HEIGHT="51" CONTENT="critical" WC="0.99" CC="00504004"/>
						<SP ID="P10_SP00227" HPOS="1676" VPOS="2211" WIDTH="45"/>
						<String ID="P10_ST00261" HPOS="1721" VPOS="2159" WIDTH="135" HEIGHT="58" CONTENT="gifts" WC="1.00" CC="02100"/>
						<SP ID="P10_SP00228" HPOS="1856" VPOS="2217" WIDTH="46"/>
						<String ID="P10_ST00262" HPOS="1902" VPOS="2161" WIDTH="61" HEIGHT="50" CONTENT="of" WC="0.57" CC="25"/>
						<SP ID="P10_SP00229" HPOS="1963" VPOS="2217" WIDTH="43"/>
						<String ID="P10_ST00263" HPOS="2006" VPOS="2164" WIDTH="94" HEIGHT="49" CONTENT="the" WC="0.98" CC="400"/>
					</TextLine>
					<TextLine ID="P10_TL00030" HPOS="120" VPOS="2204" WIDTH="1980" HEIGHT="77">
						<String ID="P10_ST00264" HPOS="120" VPOS="2204" WIDTH="178" HEIGHT="51" CONTENT="other." WC="1.00" CC="003001"/>
						<SP ID="P10_SP00230" HPOS="298" VPOS="2255" WIDTH="78"/>
						<String ID="P10_ST00265" HPOS="376" VPOS="2208" WIDTH="87" HEIGHT="49" CONTENT="He" WC="0.71" CC="50"/>
						<SP ID="P10_SP00231" HPOS="463" VPOS="2257" WIDTH="45"/>
						<String ID="P10_ST00266" HPOS="508" VPOS="2210" WIDTH="43" HEIGHT="48" CONTENT="is" WC="0.73" CC="50"/>
						<SP ID="P10_SP00232" HPOS="551" VPOS="2258" WIDTH="42"/>
						<String ID="P10_ST00267" HPOS="593" VPOS="2211" WIDTH="231" HEIGHT="61" CONTENT="sparing" WC="0.99" CC="0000640"/>
						<SP ID="P10_SP00233" HPOS="824" VPOS="2272" WIDTH="41"/>
						<String ID="P10_ST00268" HPOS="865" VPOS="2215" WIDTH="59" HEIGHT="48" CONTENT="of" WC="0.88" CC="20"/>
						<SP ID="P10_SP00234" HPOS="924" VPOS="2272" WIDTH="42"/>
						<String ID="P10_ST00269" HPOS="966" VPOS="2217" WIDTH="202" HEIGHT="57" CONTENT="speech" WC="1.00" CC="000006"/>
						<SP ID="P10_SP00235" HPOS="1168" VPOS="2274" WIDTH="46"/>
						<String ID="P10_ST00270" HPOS="1214" VPOS="2218" WIDTH="106" HEIGHT="50" CONTENT="like" WC="0.99" CC="1400"/>
						<SP ID="P10_SP00236" HPOS="1320" VPOS="2274" WIDTH="44"/>
						<String ID="P10_ST00271" HPOS="1364" VPOS="2237" WIDTH="29" HEIGHT="31" CONTENT="a" WC="1.00" CC="0"/>
						<SP ID="P10_SP00237" HPOS="1393" VPOS="2274" WIDTH="42"/>
						<String ID="P10_ST00272" HPOS="1435" VPOS="2232" WIDTH="251" HEIGHT="49" CONTENT="peasant," WC="1.00" CC="00000004"/>
						<SP ID="P10_SP00238" HPOS="1686" VPOS="2281" WIDTH="43"/>
						<String ID="P10_ST00273" HPOS="1729" VPOS="2223" WIDTH="146" HEIGHT="51" CONTENT="lucid" WC="0.99" CC="10050"/>
						<SP ID="P10_SP00239" HPOS="1875" VPOS="2281" WIDTH="44"/>
						<String ID="P10_ST00274" HPOS="1919" VPOS="2226" WIDTH="108" HEIGHT="51" CONTENT="like" WC="0.99" CC="0200"/>
						<SP ID="P10_SP00240" HPOS="2027" VPOS="2281" WIDTH="43"/>
						<String ID="P10_ST00275" HPOS="2070" VPOS="2246" WIDTH="30" HEIGHT="32" CONTENT="a" WC="0.34" CC="6"/>
					</TextLine>
					<TextLine ID="P10_TL00031" HPOS="119" VPOS="2274" WIDTH="1980" HEIGHT="74">
						<String ID="P10_ST00276" HPOS="119" VPOS="2281" WIDTH="156" HEIGHT="48" CONTENT="poet;" WC="0.98" CC="00605"/>
						<SP ID="P10_SP00241" HPOS="275" VPOS="2329" WIDTH="47"/>
						<String ID="P10_ST00277" HPOS="322" VPOS="2274" WIDTH="287" HEIGHT="50" CONTENT="tenacious" WC="0.99" CC="037005050"/>
						<SP ID="P10_SP00242" HPOS="609" VPOS="2329" WIDTH="46"/>
						<String ID="P10_ST00278" HPOS="655" VPOS="2279" WIDTH="107" HEIGHT="46" CONTENT="and" WC="0.97" CC="070"/>
						<SP ID="P10_SP00243" HPOS="762" VPOS="2329" WIDTH="44"/>
						<String ID="P10_ST00279" HPOS="806" VPOS="2296" WIDTH="153" HEIGHT="43" CONTENT="wary" WC="0.98" CC="0070"/>
						<SP ID="P10_SP00244" HPOS="959" VPOS="2339" WIDTH="45"/>
						<String ID="P10_ST00280" HPOS="1004" VPOS="2281" WIDTH="106" HEIGHT="49" CONTENT="like" WC="0.96" CC="4705"/>
						<SP ID="P10_SP00245" HPOS="1110" VPOS="2339" WIDTH="45"/>
						<String ID="P10_ST00281" HPOS="1155" VPOS="2283" WIDTH="93" HEIGHT="48" CONTENT="the" WC="0.97" CC="026"/>
						<SP ID="P10_SP00246" HPOS="1248" VPOS="2339" WIDTH="46"/>
						<String ID="P10_ST00282" HPOS="1294" VPOS="2284" WIDTH="227" HEIGHT="60" CONTENT="former," WC="0.98" CC="6260454"/>
						<SP ID="P10_SP00247" HPOS="1521" VPOS="2344" WIDTH="46"/>
						<String ID="P10_ST00283" HPOS="1567" VPOS="2287" WIDTH="270" HEIGHT="58" CONTENT="intuitive," WC="0.99" CC="6705401063"/>
						<SP ID="P10_SP00248" HPOS="1837" VPOS="2345" WIDTH="47"/>
						<String ID="P10_ST00284" HPOS="1884" VPOS="2293" WIDTH="215" HEIGHT="55" CONTENT="tactful," WC="0.99" CC="09002371"/>
					</TextLine>
					<TextLine ID="P10_TL00032" HPOS="120" VPOS="2334" WIDTH="1982" HEIGHT="74">
						<String ID="P10_ST00285" HPOS="120" VPOS="2334" WIDTH="282" HEIGHT="61" CONTENT="feminine," WC="0.99" CC="100536003"/>
						<SP ID="P10_SP00249" HPOS="402" VPOS="2395" WIDTH="41"/>
						<String ID="P10_ST00286" HPOS="443" VPOS="2339" WIDTH="105" HEIGHT="48" CONTENT="like" WC="0.98" CC="4600"/>
						<SP ID="P10_SP00250" HPOS="548" VPOS="2395" WIDTH="41"/>
						<String ID="P10_ST00287" HPOS="589" VPOS="2340" WIDTH="93" HEIGHT="49" CONTENT="the" WC="0.99" CC="030"/>
						<SP ID="P10_SP00251" HPOS="682" VPOS="2395" WIDTH="42"/>
						<String ID="P10_ST00288" HPOS="724" VPOS="2342" WIDTH="179" HEIGHT="49" CONTENT="latter." WC="1.00" CC="4000030"/>
						<SP ID="P10_SP00252" HPOS="903" VPOS="2395" WIDTH="78"/>
						<String ID="P10_ST00289" HPOS="981" VPOS="2345" WIDTH="88" HEIGHT="49" CONTENT="He" WC="0.82" CC="30"/>
						<SP ID="P10_SP00253" HPOS="1069" VPOS="2395" WIDTH="41"/>
						<String ID="P10_ST00290" HPOS="1110" VPOS="2347" WIDTH="99" HEIGHT="48" CONTENT="has" WC="0.98" CC="500"/>
						<SP ID="P10_SP00254" HPOS="1209" VPOS="2395" WIDTH="39"/>
						<String ID="P10_ST00291" HPOS="1248" VPOS="2366" WIDTH="29" HEIGHT="30" CONTENT="a" WC="1.00" CC="0"/>
						<SP ID="P10_SP00255" HPOS="1277" VPOS="2396" WIDTH="41"/>
						<String ID="P10_ST00292" HPOS="1318" VPOS="2366" WIDTH="178" HEIGHT="42" CONTENT="sense," WC="1.00" CC="000004"/>
						<SP ID="P10_SP00256" HPOS="1496" VPOS="2408" WIDTH="42"/>
						<String ID="P10_ST00293" HPOS="1538" VPOS="2361" WIDTH="111" HEIGHT="45" CONTENT="too," WC="0.99" CC="0002"/>
						<SP ID="P10_SP00257" HPOS="1649" VPOS="2408" WIDTH="44"/>
						<String ID="P10_ST00294" HPOS="1693" VPOS="2353" WIDTH="58" HEIGHT="48" CONTENT="of" WC="0.69" CC="05"/>
						<SP ID="P10_SP00258" HPOS="1751" VPOS="2408" WIDTH="38"/>
						<String ID="P10_ST00295" HPOS="1789" VPOS="2354" WIDTH="313" HEIGHT="52" CONTENT="timeliness" WC="1.00" CC="0300273000"/>
					</TextLine>
					<TextLine ID="P10_TL00033" HPOS="117" VPOS="2400" WIDTH="1978" HEIGHT="76">
						<String ID="P10_ST00296" HPOS="117" VPOS="2415" WIDTH="58" HEIGHT="32" CONTENT="as" WC="1.00" CC="00"/>
						<SP ID="P10_SP00259" HPOS="175" VPOS="2447" WIDTH="38"/>
						<String ID="P10_ST00297" HPOS="213" VPOS="2400" WIDTH="84" HEIGHT="48" CONTENT="his" WC="0.99" CC="030"/>
						<SP ID="P10_SP00260" HPOS="297" VPOS="2448" WIDTH="38"/>
						<String ID="P10_ST00298" HPOS="335" VPOS="2400" WIDTH="108" HEIGHT="51" CONTENT="last" WC="0.99" CC="5000"/>
						<SP ID="P10_SP00261" HPOS="443" VPOS="2451" WIDTH="35"/>
						<String ID="P10_ST00299" HPOS="478" VPOS="2404" WIDTH="139" HEIGHT="48" CONTENT="deed" WC="1.00" CC="0000"/>
						<SP ID="P10_SP00262" HPOS="617" VPOS="2452" WIDTH="38"/>
						<String ID="P10_ST00300" HPOS="655" VPOS="2405" WIDTH="204" HEIGHT="60" CONTENT="shows," WC="0.99" CC="050004"/>
						<SP ID="P10_SP00263" HPOS="859" VPOS="2465" WIDTH="37"/>
						<String ID="P10_ST00301" HPOS="896" VPOS="2408" WIDTH="88" HEIGHT="49" CONTENT="for" WC="0.99" CC="100"/>
						<SP ID="P10_SP00264" HPOS="984" VPOS="2465" WIDTH="39"/>
						<String ID="P10_ST00302" HPOS="1023" VPOS="2409" WIDTH="40" HEIGHT="48" CONTENT="it" WC="0.69" CC="60"/>
						<SP ID="P10_SP00265" HPOS="1063" VPOS="2465" WIDTH="36"/>
						<String ID="P10_ST00303" HPOS="1099" VPOS="2410" WIDTH="61" HEIGHT="59" CONTENT="is," WC="0.96" CC="604"/>
						<SP ID="P10_SP00266" HPOS="1160" VPOS="2469" WIDTH="39"/>
						<String ID="P10_ST00304" HPOS="1199" VPOS="2411" WIDTH="52" HEIGHT="47" CONTENT="in" WC="0.50" CC="45"/>
						<SP ID="P10_SP00267" HPOS="1251" VPOS="2469" WIDTH="40"/>
						<String ID="P10_ST00305" HPOS="1291" VPOS="2411" WIDTH="69" HEIGHT="50" CONTENT="its" WC="0.98" CC="600"/>
						<SP ID="P10_SP00268" HPOS="1360" VPOS="2469" WIDTH="37"/>
						<String ID="P10_ST00306" HPOS="1397" VPOS="2432" WIDTH="138" HEIGHT="42" CONTENT="way," WC="0.99" CC="0002"/>
						<SP ID="P10_SP00269" HPOS="1535" VPOS="2474" WIDTH="37"/>
						<String ID="P10_ST00307" HPOS="1572" VPOS="2433" WIDTH="29" HEIGHT="31" CONTENT="a" WC="1.00" CC="0"/>
						<SP ID="P10_SP00270" HPOS="1601" VPOS="2474" WIDTH="38"/>
						<String ID="P10_ST00308" HPOS="1639" VPOS="2418" WIDTH="262" HEIGHT="58" CONTENT="patriotic" WC="1.00" CC="000061030"/>
						<SP ID="P10_SP00271" HPOS="1901" VPOS="2476" WIDTH="39"/>
						<String ID="P10_ST00309" HPOS="1940" VPOS="2422" WIDTH="155" HEIGHT="49" CONTENT="deed." WC="1.00" CC="00003"/>
					</TextLine>
					<TextLine ID="P10_TL00034" HPOS="118" VPOS="2464" WIDTH="1977" HEIGHT="80">
						<String ID="P10_ST00310" HPOS="118" VPOS="2464" WIDTH="87" HEIGHT="48" CONTENT="He" WC="0.94" CC="01"/>
						<SP ID="P10_SP00272" HPOS="205" VPOS="2512" WIDTH="31"/>
						<String ID="P10_ST00311" HPOS="236" VPOS="2481" WIDTH="114" HEIGHT="32" CONTENT="was" WC="1.00" CC="000"/>
						<SP ID="P10_SP00273" HPOS="350" VPOS="2513" WIDTH="33"/>
						<String ID="P10_ST00312" HPOS="383" VPOS="2465" WIDTH="228" HEIGHT="51" CONTENT="himself" WC="0.99" CC="3700054"/>
						<SP ID="P10_SP00274" HPOS="611" VPOS="2516" WIDTH="31"/>
						<String ID="P10_ST00313" HPOS="642" VPOS="2469" WIDTH="193" HEIGHT="61" CONTENT="timely" WC="0.99" CC="050020"/>
						<SP ID="P10_SP00275" HPOS="835" VPOS="2530" WIDTH="33"/>
						<String ID="P10_ST00314" HPOS="868" VPOS="2471" WIDTH="52" HEIGHT="48" CONTENT="in" WC="0.73" CC="50"/>
						<SP ID="P10_SP00276" HPOS="920" VPOS="2530" WIDTH="35"/>
						<String ID="P10_ST00315" HPOS="955" VPOS="2472" WIDTH="84" HEIGHT="50" CONTENT="his" WC="0.96" CC="450"/>
						<SP ID="P10_SP00277" HPOS="1039" VPOS="2530" WIDTH="33"/>
						<String ID="P10_ST00316" HPOS="1072" VPOS="2490" WIDTH="348" HEIGHT="43" CONTENT="appearance" WC="1.00" CC="0000000700"/>
						<SP ID="P10_SP00278" HPOS="1420" VPOS="2533" WIDTH="35"/>
						<String ID="P10_ST00317" HPOS="1455" VPOS="2477" WIDTH="51" HEIGHT="49" CONTENT="in" WC="0.39" CC="56"/>
						<SP ID="P10_SP00279" HPOS="1506" VPOS="2533" WIDTH="35"/>
						<String ID="P10_ST00318" HPOS="1541" VPOS="2480" WIDTH="93" HEIGHT="48" CONTENT="the" WC="0.98" CC="050"/>
						<SP ID="P10_SP00280" HPOS="1634" VPOS="2533" WIDTH="33"/>
						<String ID="P10_ST00319" HPOS="1667" VPOS="2481" WIDTH="216" HEIGHT="51" CONTENT="artistic" WC="0.99" CC="05060070"/>
						<SP ID="P10_SP00281" HPOS="1883" VPOS="2533" WIDTH="33"/>
						<String ID="P10_ST00320" HPOS="1916" VPOS="2485" WIDTH="179" HEIGHT="59" CONTENT="cycle;" WC="1.00" CC="000103"/>
					</TextLine>
					<TextLine ID="P10_TL00035" HPOS="118" VPOS="2537" WIDTH="1980" HEIGHT="73">
						<String ID="P10_ST00321" HPOS="118" VPOS="2544" WIDTH="155" HEIGHT="34" CONTENT="some" WC="1.00" CC="0000"/>
						<SP ID="P10_SP00282" HPOS="273" VPOS="2578" WIDTH="43"/>
						<String ID="P10_ST00322" HPOS="316" VPOS="2547" WIDTH="157" HEIGHT="32" CONTENT="come" WC="1.00" CC="0100"/>
						<SP ID="P10_SP00283" HPOS="473" VPOS="2579" WIDTH="46"/>
						<String ID="P10_ST00323" HPOS="519" VPOS="2540" WIDTH="95" HEIGHT="42" CONTENT="too" WC="0.99" CC="010"/>
						<SP ID="P10_SP00284" HPOS="614" VPOS="2582" WIDTH="45"/>
						<String ID="P10_ST00324" HPOS="659" VPOS="2550" WIDTH="156" HEIGHT="42" CONTENT="soon," WC="0.99" CC="00304"/>
						<SP ID="P10_SP00285" HPOS="815" VPOS="2592" WIDTH="43"/>
						<String ID="P10_ST00325" HPOS="858" VPOS="2537" WIDTH="193" HEIGHT="48" CONTENT="others" WC="0.99" CC="116000"/>
						<SP ID="P10_SP00286" HPOS="1051" VPOS="2592" WIDTH="45"/>
						<String ID="P10_ST00326" HPOS="1096" VPOS="2547" WIDTH="96" HEIGHT="40" CONTENT="too" WC="1.00" CC="000"/>
						<SP ID="P10_SP00287" HPOS="1192" VPOS="2592" WIDTH="45"/>
						<String ID="P10_ST00327" HPOS="1237" VPOS="2541" WIDTH="133" HEIGHT="58" CONTENT="late;" WC="0.99" CC="00005"/>
						<SP ID="P10_SP00288" HPOS="1370" VPOS="2599" WIDTH="47"/>
						<String ID="P10_ST00328" HPOS="1417" VPOS="2559" WIDTH="154" HEIGHT="33" CONTENT="some" WC="1.00" CC="0000"/>
						<SP ID="P10_SP00289" HPOS="1571" VPOS="2599" WIDTH="45"/>
						<String ID="P10_ST00329" HPOS="1616" VPOS="2544" WIDTH="96" HEIGHT="48" CONTENT="fall" WC="0.98" CC="3052"/>
						<SP ID="P10_SP00290" HPOS="1712" VPOS="2599" WIDTH="44"/>
						<String ID="P10_ST00330" HPOS="1756" VPOS="2547" WIDTH="342" HEIGHT="63" CONTENT="completely" WC="1.00" CC="2000500060"/>
					</TextLine>
					<TextLine ID="P10_TL00036" HPOS="117" VPOS="2593" WIDTH="1981" HEIGHT="72">
						<String ID="P10_ST00331" HPOS="117" VPOS="2593" WIDTH="218" HEIGHT="50" CONTENT="outside" WC="0.99" CC="0252600"/>
						<SP ID="P10_SP00291" HPOS="335" VPOS="2643" WIDTH="41"/>
						<String ID="P10_ST00332" HPOS="376" VPOS="2596" WIDTH="58" HEIGHT="47" CONTENT="of" WC="0.77" CC="12"/>
						<SP ID="P10_SP00292" HPOS="434" VPOS="2643" WIDTH="39"/>
						<String ID="P10_ST00333" HPOS="473" VPOS="2597" WIDTH="144" HEIGHT="48" CONTENT="their" WC="0.98" CC="07160"/>
						<SP ID="P10_SP00293" HPOS="617" VPOS="2645" WIDTH="39"/>
						<String ID="P10_ST00334" HPOS="656" VPOS="2601" WIDTH="219" HEIGHT="48" CONTENT="natural" WC="0.99" CC="6007201"/>
						<SP ID="P10_SP00294" HPOS="875" VPOS="2649" WIDTH="42"/>
						<String ID="P10_ST00335" HPOS="917" VPOS="2602" WIDTH="407" HEIGHT="51" CONTENT="environment." WC="1.00" CC="080701300400"/>
						<SP ID="P10_SP00295" HPOS="1324" VPOS="2653" WIDTH="75"/>
						<String ID="P10_ST00336" HPOS="1399" VPOS="2607" WIDTH="159" HEIGHT="58" CONTENT="They" WC="0.99" CC="0500"/>
						<SP ID="P10_SP00296" HPOS="1558" VPOS="2665" WIDTH="39"/>
						<String ID="P10_ST00337" HPOS="1597" VPOS="2626" WIDTH="92" HEIGHT="31" CONTENT="are" WC="1.00" CC="010"/>
						<SP ID="P10_SP00297" HPOS="1689" VPOS="2665" WIDTH="40"/>
						<String ID="P10_ST00338" HPOS="1729" VPOS="2622" WIDTH="98" HEIGHT="37" CONTENT="out" WC="0.96" CC="072"/>
						<SP ID="P10_SP00298" HPOS="1827" VPOS="2665" WIDTH="40"/>
						<String ID="P10_ST00339" HPOS="1867" VPOS="2612" WIDTH="59" HEIGHT="48" CONTENT="of" WC="0.93" CC="01"/>
						<SP ID="P10_SP00299" HPOS="1926" VPOS="2665" WIDTH="40"/>
						<String ID="P10_ST00340" HPOS="1966" VPOS="2621" WIDTH="132" HEIGHT="42" CONTENT="tune" WC="0.98" CC="0550"/>
					</TextLine>
					<TextLine ID="P10_TL00037" HPOS="115" VPOS="2658" WIDTH="1983" HEIGHT="68">
						<String ID="P10_ST00341" HPOS="115" VPOS="2658" WIDTH="132" HEIGHT="48" CONTENT="with" WC="0.97" CC="0605"/>
						<SP ID="P10_SP00300" HPOS="247" VPOS="2706" WIDTH="31"/>
						<String ID="P10_ST00342" HPOS="278" VPOS="2660" WIDTH="142" HEIGHT="47" CONTENT="their" WC="0.99" CC="04300"/>
						<SP ID="P10_SP00301" HPOS="420" VPOS="2707" WIDTH="28"/>
						<String ID="P10_ST00343" HPOS="448" VPOS="2665" WIDTH="498" HEIGHT="59" CONTENT="contemporaries." WC="1.00" CC="007008006002000"/>
						<SP ID="P10_SP00302" HPOS="946" VPOS="2724" WIDTH="67"/>
						<String ID="P10_ST00344" HPOS="1013" VPOS="2668" WIDTH="182" HEIGHT="48" CONTENT="Rodin" WC="1.00" CC="00003"/>
						<SP ID="P10_SP00303" HPOS="1195" VPOS="2724" WIDTH="31"/>
						<String ID="P10_ST00345" HPOS="1226" VPOS="2669" WIDTH="244" HEIGHT="50" CONTENT="suffered" WC="1.00" CC="02110200"/>
						<SP ID="P10_SP00304" HPOS="1470" VPOS="2724" WIDTH="30"/>
						<String ID="P10_ST00346" HPOS="1500" VPOS="2672" WIDTH="146" HEIGHT="49" CONTENT="from" WC="1.00" CC="1000"/>
						<SP ID="P10_SP00305" HPOS="1646" VPOS="2724" WIDTH="29"/>
						<String ID="P10_ST00347" HPOS="1675" VPOS="2691" WIDTH="145" HEIGHT="33" CONTENT="none" WC="0.97" CC="6070"/>
						<SP ID="P10_SP00306" HPOS="1820" VPOS="2724" WIDTH="31"/>
						<String ID="P10_ST00348" HPOS="1851" VPOS="2677" WIDTH="60" HEIGHT="48" CONTENT="of" WC="1.00" CC="00"/>
						<SP ID="P10_SP00307" HPOS="1911" VPOS="2725" WIDTH="28"/>
						<String ID="P10_ST00349" HPOS="1939" VPOS="2678" WIDTH="159" HEIGHT="48" CONTENT="these" WC="0.99" CC="02010"/>
					</TextLine>
					<TextLine ID="P10_TL00038" HPOS="117" VPOS="2724" WIDTH="1982" HEIGHT="75">
						<String ID="P10_ST00350" HPOS="117" VPOS="2738" WIDTH="185" HEIGHT="33" CONTENT="errors" WC="1.00" CC="000200"/>
						<SP ID="P10_SP00308" HPOS="302" VPOS="2771" WIDTH="34"/>
						<String ID="P10_ST00351" HPOS="336" VPOS="2724" WIDTH="60" HEIGHT="48" CONTENT="of" WC="0.93" CC="01"/>
						<SP ID="P10_SP00309" HPOS="396" VPOS="2772" WIDTH="34"/>
						<String ID="P10_ST00352" HPOS="430" VPOS="2725" WIDTH="285" HEIGHT="51" CONTENT="selection." WC="1.00" CC="0060004000"/>
						<SP ID="P10_SP00310" HPOS="715" VPOS="2776" WIDTH="71"/>
						<String ID="P10_ST00353" HPOS="786" VPOS="2729" WIDTH="166" HEIGHT="49" CONTENT="Some" WC="1.00" CC="0200"/>
						<SP ID="P10_SP00311" HPOS="952" VPOS="2778" WIDTH="37"/>
						<String ID="P10_ST00354" HPOS="989" VPOS="2748" WIDTH="91" HEIGHT="30" CONTENT="are" WC="1.00" CC="000"/>
						<SP ID="P10_SP00312" HPOS="1080" VPOS="2778" WIDTH="37"/>
						<String ID="P10_ST00355" HPOS="1117" VPOS="2742" WIDTH="160" HEIGHT="48" CONTENT="great" WC="1.00" CC="00000"/>
						<SP ID="P10_SP00313" HPOS="1277" VPOS="2790" WIDTH="35"/>
						<String ID="P10_ST00356" HPOS="1312" VPOS="2734" WIDTH="208" HEIGHT="60" CONTENT="artists," WC="1.00" CC="00060004"/>
						<SP ID="P10_SP00314" HPOS="1520" VPOS="2794" WIDTH="38"/>
						<String ID="P10_ST00357" HPOS="1558" VPOS="2738" WIDTH="96" HEIGHT="47" CONTENT="but" WC="0.96" CC="360"/>
						<SP ID="P10_SP00315" HPOS="1654" VPOS="2794" WIDTH="36"/>
						<String ID="P10_ST00358" HPOS="1690" VPOS="2747" WIDTH="98" HEIGHT="39" CONTENT="not" WC="0.97" CC="710"/>
						<SP ID="P10_SP00316" HPOS="1788" VPOS="2794" WIDTH="37"/>
						<String ID="P10_ST00359" HPOS="1825" VPOS="2751" WIDTH="174" HEIGHT="48" CONTENT="great," WC="1.00" CC="000003"/>
						<SP ID="P10_SP00317" HPOS="1999" VPOS="2799" WIDTH="36"/>
						<String ID="P10_ST00360" HPOS="2035" VPOS="2759" WIDTH="64" HEIGHT="32" CONTENT="or" WC="1.00" CC="00"/>
					</TextLine>
					<TextLine ID="P10_TL00039" HPOS="115" VPOS="2790" WIDTH="1981" HEIGHT="66">
						<String ID="P10_ST00361" HPOS="115" VPOS="2804" WIDTH="137" HEIGHT="32" CONTENT="even" WC="0.99" CC="0002"/>
						<SP ID="P10_SP00318" HPOS="252" VPOS="2836" WIDTH="37"/>
						<String ID="P10_ST00362" HPOS="289" VPOS="2790" WIDTH="165" HEIGHT="57" CONTENT="good," WC="0.98" CC="06302"/>
						<SP ID="P10_SP00319" HPOS="454" VPOS="2847" WIDTH="38"/>
						<String ID="P10_ST00363" HPOS="492" VPOS="2790" WIDTH="319" HEIGHT="52" CONTENT="influences." WC="1.00" CC="27000000030"/>
						<SP ID="P10_SP00320" HPOS="811" VPOS="2847" WIDTH="76"/>
						<String ID="P10_ST00364" HPOS="887" VPOS="2795" WIDTH="230" HEIGHT="50" CONTENT="Rodin's" WC="0.99" CC="0004800"/>
						<SP ID="P10_SP00321" HPOS="1117" VPOS="2847" WIDTH="40"/>
						<String ID="P10_ST00365" HPOS="1157" VPOS="2798" WIDTH="270" HEIGHT="49" CONTENT="influence" WC="0.99" CC="652230500"/>
						<SP ID="P10_SP00322" HPOS="1427" VPOS="2847" WIDTH="38"/>
						<String ID="P10_ST00366" HPOS="1465" VPOS="2800" WIDTH="99" HEIGHT="48" CONTENT="has" WC="0.99" CC="300"/>
						<SP ID="P10_SP00323" HPOS="1564" VPOS="2848" WIDTH="38"/>
						<String ID="P10_ST00367" HPOS="1602" VPOS="2803" WIDTH="138" HEIGHT="48" CONTENT="been" WC="0.98" CC="5001"/>
						<SP ID="P10_SP00324" HPOS="1740" VPOS="2851" WIDTH="40"/>
						<String ID="P10_ST00368" HPOS="1780" VPOS="2820" WIDTH="59" HEIGHT="32" CONTENT="as" WC="1.00" CC="00"/>
						<SP ID="P10_SP00325" HPOS="1839" VPOS="2852" WIDTH="36"/>
						<String ID="P10_ST00369" HPOS="1875" VPOS="2814" WIDTH="125" HEIGHT="41" CONTENT="vast" WC="1.00" CC="0000"/>
						<SP ID="P10_SP00326" HPOS="2000" VPOS="2855" WIDTH="37"/>
						<String ID="P10_ST00370" HPOS="2037" VPOS="2824" WIDTH="59" HEIGHT="32" CONTENT="as" WC="1.00" CC="00"/>
					</TextLine>
					<TextLine ID="P10_TL00040" HPOS="115" VPOS="2852" WIDTH="1980" HEIGHT="71">
						<String ID="P10_ST00371" HPOS="115" VPOS="2852" WIDTH="84" HEIGHT="48" CONTENT="his" WC="0.96" CC="722"/>
						<SP ID="P10_SP00327" HPOS="199" VPOS="2900" WIDTH="42"/>
						<String ID="P10_ST00372" HPOS="241" VPOS="2853" WIDTH="212" HEIGHT="58" CONTENT="genius." WC="0.99" CC="8003600"/>
						<SP ID="P10_SP00328" HPOS="453" VPOS="2911" WIDTH="79"/>
						<String ID="P10_ST00373" HPOS="532" VPOS="2856" WIDTH="51" HEIGHT="48" CONTENT="It" WC="0.83" CC="12"/>
						<SP ID="P10_SP00329" HPOS="583" VPOS="2911" WIDTH="39"/>
						<String ID="P10_ST00374" HPOS="622" VPOS="2874" WIDTH="113" HEIGHT="33" CONTENT="was" WC="1.00" CC="000"/>
						<SP ID="P10_SP00330" HPOS="735" VPOS="2911" WIDTH="41"/>
						<String ID="P10_ST00375" HPOS="776" VPOS="2875" WIDTH="317" HEIGHT="43" CONTENT="necessary," WC="1.00" CC="7000000204"/>
						<SP ID="P10_SP00331" HPOS="1093" VPOS="2918" WIDTH="42"/>
						<String ID="P10_ST00376" HPOS="1135" VPOS="2861" WIDTH="39" HEIGHT="48" CONTENT="it" WC="0.65" CC="60"/>
						<SP ID="P10_SP00332" HPOS="1174" VPOS="2918" WIDTH="41"/>
						<String ID="P10_ST00377" HPOS="1215" VPOS="2879" WIDTH="114" HEIGHT="32" CONTENT="was" WC="1.00" CC="000"/>
						<SP ID="P10_SP00333" HPOS="1329" VPOS="2918" WIDTH="42"/>
						<String ID="P10_ST00378" HPOS="1371" VPOS="2864" WIDTH="285" HEIGHT="59" CONTENT="welcome," WC="1.00" CC="00200004"/>
						<SP ID="P10_SP00334" HPOS="1656" VPOS="2923" WIDTH="43"/>
						<String ID="P10_ST00379" HPOS="1699" VPOS="2866" WIDTH="39" HEIGHT="50" CONTENT="it" WC="0.71" CC="50"/>
						<SP ID="P10_SP00335" HPOS="1738" VPOS="2923" WIDTH="42"/>
						<String ID="P10_ST00380" HPOS="1780" VPOS="2869" WIDTH="98" HEIGHT="48" CONTENT="has" WC="1.00" CC="000"/>
						<SP ID="P10_SP00336" HPOS="1878" VPOS="2923" WIDTH="42"/>
						<String ID="P10_ST00381" HPOS="1920" VPOS="2871" WIDTH="175" HEIGHT="50" CONTENT="borne" WC="0.99" CC="02080"/>
					</TextLine>
					<TextLine ID="P10_TL00041" HPOS="114" VPOS="2916" WIDTH="1982" HEIGHT="78">
						<String ID="P10_ST00382" HPOS="114" VPOS="2916" WIDTH="149" HEIGHT="49" CONTENT="fruit." WC="0.98" CC="650500"/>
						<SP ID="P10_SP00337" HPOS="263" VPOS="2965" WIDTH="66"/>
						<String ID="P10_ST00383" HPOS="329" VPOS="2918" WIDTH="125" HEIGHT="48" CONTENT="And" WC="0.98" CC="050"/>
						<SP ID="P10_SP00338" HPOS="454" VPOS="2966" WIDTH="32"/>
						<String ID="P10_ST00384" HPOS="486" VPOS="2919" WIDTH="156" HEIGHT="50" CONTENT="there" WC="0.99" CC="05000"/>
						<SP ID="P10_SP00339" HPOS="642" VPOS="2969" WIDTH="33"/>
						<String ID="P10_ST00385" HPOS="675" VPOS="2921" WIDTH="43" HEIGHT="48" CONTENT="is" WC="0.78" CC="40"/>
						<SP ID="P10_SP00340" HPOS="718" VPOS="2969" WIDTH="32"/>
						<String ID="P10_ST00386" HPOS="750" VPOS="2939" WIDTH="73" HEIGHT="31" CONTENT="no" WC="0.95" CC="00"/>
						<SP ID="P10_SP00341" HPOS="823" VPOS="2970" WIDTH="31"/>
						<String ID="P10_ST00387" HPOS="854" VPOS="2932" WIDTH="174" HEIGHT="40" CONTENT="waste" WC="1.00" CC="00000"/>
						<SP ID="P10_SP00342" HPOS="1028" VPOS="2972" WIDTH="33"/>
						<String ID="P10_ST00388" HPOS="1061" VPOS="2925" WIDTH="51" HEIGHT="47" CONTENT="in" WC="0.53" CC="26"/>
						<SP ID="P10_SP00343" HPOS="1112" VPOS="2972" WIDTH="37"/>
						<String ID="P10_ST00389" HPOS="1149" VPOS="2925" WIDTH="83" HEIGHT="49" CONTENT="his" WC="0.96" CC="035"/>
						<SP ID="P10_SP00344" HPOS="1232" VPOS="2974" WIDTH="34"/>
						<String ID="P10_ST00390" HPOS="1266" VPOS="2926" WIDTH="109" HEIGHT="49" CONTENT="life." WC="0.99" CC="12500"/>
						<SP ID="P10_SP00345" HPOS="1375" VPOS="2975" WIDTH="71"/>
						<String ID="P10_ST00391" HPOS="1446" VPOS="2928" WIDTH="183" HEIGHT="50" CONTENT="Effort" WC="1.00" CC="011000"/>
						<SP ID="P10_SP00346" HPOS="1629" VPOS="2978" WIDTH="33"/>
						<String ID="P10_ST00392" HPOS="1662" VPOS="2930" WIDTH="98" HEIGHT="49" CONTENT="has" WC="0.98" CC="500"/>
						<SP ID="P10_SP00347" HPOS="1760" VPOS="2979" WIDTH="34"/>
						<String ID="P10_ST00393" HPOS="1794" VPOS="2932" WIDTH="140" HEIGHT="50" CONTENT="been" WC="0.99" CC="5000"/>
						<SP ID="P10_SP00348" HPOS="1934" VPOS="2982" WIDTH="34"/>
						<String ID="P10_ST00394" HPOS="1968" VPOS="2951" WIDTH="96" HEIGHT="43" CONTENT="pro" SUBS_TYPE="HypPart1" SUBS_CONTENT="proportioned" WC="0.99" CC="022"/>
						<HYP HPOS="2064" VPOS="2951" WIDTH="32" CONTENT="-"/>
					</TextLine>
					<TextLine ID="P10_TL00042" HPOS="114" VPOS="2980" WIDTH="1982" HEIGHT="69">
						<String ID="P10_ST00395" HPOS="114" VPOS="2980" WIDTH="298" HEIGHT="59" CONTENT="portioned" SUBS_TYPE="HypPart2" SUBS_CONTENT="proportioned" WC="0.99" CC="040060400"/>
						<SP ID="P10_SP00349" HPOS="412" VPOS="3039" WIDTH="32"/>
						<String ID="P10_ST00396" HPOS="444" VPOS="2991" WIDTH="59" HEIGHT="41" CONTENT="to" WC="0.78" CC="04"/>
						<SP ID="P10_SP00350" HPOS="503" VPOS="3039" WIDTH="34"/>
						<String ID="P10_ST00397" HPOS="537" VPOS="2984" WIDTH="189" HEIGHT="60" CONTENT="result," WC="1.00" CC="0004100"/>
						<SP ID="P10_SP00351" HPOS="726" VPOS="3044" WIDTH="34"/>
						<String ID="P10_ST00398" HPOS="760" VPOS="2987" WIDTH="177" HEIGHT="48" CONTENT="result" WC="1.00" CC="000300"/>
						<SP ID="P10_SP00352" HPOS="937" VPOS="3044" WIDTH="33"/>
						<String ID="P10_ST00399" HPOS="970" VPOS="2996" WIDTH="57" HEIGHT="40" CONTENT="to" WC="1.00" CC="00"/>
						<SP ID="P10_SP00353" HPOS="1027" VPOS="3044" WIDTH="34"/>
						<String ID="P10_ST00400" HPOS="1061" VPOS="2989" WIDTH="183" HEIGHT="50" CONTENT="effort." WC="1.00" CC="0220200"/>
						<SP ID="P10_SP00354" HPOS="1244" VPOS="3044" WIDTH="71"/>
						<String ID="P10_ST00401" HPOS="1315" VPOS="2991" WIDTH="88" HEIGHT="48" CONTENT="He" WC="0.81" CC="30"/>
						<SP ID="P10_SP00355" HPOS="1403" VPOS="3044" WIDTH="34"/>
						<String ID="P10_ST00402" HPOS="1437" VPOS="2992" WIDTH="115" HEIGHT="57" CONTENT="has," WC="0.98" CC="6002"/>
						<SP ID="P10_SP00356" HPOS="1552" VPOS="3049" WIDTH="34"/>
						<String ID="P10_ST00403" HPOS="1586" VPOS="3011" WIDTH="58" HEIGHT="30" CONTENT="as" WC="1.00" CC="00"/>
						<SP ID="P10_SP00357" HPOS="1644" VPOS="3049" WIDTH="35"/>
						<String ID="P10_ST00404" HPOS="1679" VPOS="2994" WIDTH="85" HEIGHT="49" CONTENT="far" WC="0.98" CC="400"/>
						<SP ID="P10_SP00358" HPOS="1764" VPOS="3049" WIDTH="33"/>
						<String ID="P10_ST00405" HPOS="1797" VPOS="3013" WIDTH="59" HEIGHT="32" CONTENT="as" WC="1.00" CC="00"/>
						<SP ID="P10_SP00359" HPOS="1856" VPOS="3049" WIDTH="36"/>
						<String ID="P10_ST00406" HPOS="1892" VPOS="3015" WIDTH="100" HEIGHT="31" CONTENT="can" WC="0.99" CC="001"/>
						<SP ID="P10_SP00360" HPOS="1992" VPOS="3049" WIDTH="37"/>
						<String ID="P10_ST00407" HPOS="2029" VPOS="2999" WIDTH="67" HEIGHT="50" CONTENT="be" WC="0.76" CC="40"/>
					</TextLine>
					<TextLine ID="P10_TL00043" HPOS="110" VPOS="3045" WIDTH="1986" HEIGHT="67">
						<String ID="P10_ST00408" HPOS="110" VPOS="3045" WIDTH="226" HEIGHT="59" CONTENT="judged," WC="1.00" CC="5000001"/>
						<SP ID="P10_SP00361" HPOS="336" VPOS="3104" WIDTH="35"/>
						<String ID="P10_ST00409" HPOS="371" VPOS="3046" WIDTH="208" HEIGHT="61" CONTENT="always" WC="1.00" CC="020000"/>
						<SP ID="P10_SP00362" HPOS="579" VPOS="3107" WIDTH="33"/>
						<String ID="P10_ST00410" HPOS="612" VPOS="3049" WIDTH="181" HEIGHT="60" CONTENT="given," WC="0.99" CC="040002"/>
						<SP ID="P10_SP00363" HPOS="793" VPOS="3109" WIDTH="35"/>
						<String ID="P10_ST00411" HPOS="828" VPOS="3068" WIDTH="63" HEIGHT="31" CONTENT="or" WC="1.00" CC="00"/>
						<SP ID="P10_SP00364" HPOS="891" VPOS="3109" WIDTH="32"/>
						<String ID="P10_ST00412" HPOS="923" VPOS="3052" WIDTH="141" HEIGHT="49" CONTENT="been" WC="1.00" CC="1000"/>
						<SP ID="P10_SP00365" HPOS="1064" VPOS="3109" WIDTH="35"/>
						<String ID="P10_ST00413" HPOS="1099" VPOS="3053" WIDTH="122" HEIGHT="48" CONTENT="able" WC="0.99" CC="0050"/>
						<SP ID="P10_SP00366" HPOS="1221" VPOS="3109" WIDTH="36"/>
						<String ID="P10_ST00414" HPOS="1257" VPOS="3063" WIDTH="56" HEIGHT="39" CONTENT="to" WC="1.00" CC="00"/>
						<SP ID="P10_SP00367" HPOS="1313" VPOS="3109" WIDTH="34"/>
						<String ID="P10_ST00415" HPOS="1347" VPOS="3055" WIDTH="141" HEIGHT="57" CONTENT="give," WC="0.99" CC="04000"/>
						<SP ID="P10_SP00368" HPOS="1488" VPOS="3112" WIDTH="34"/>
						<String ID="P10_ST00416" HPOS="1522" VPOS="3055" WIDTH="148" HEIGHT="50" CONTENT="form" WC="0.99" CC="4010"/>
						<SP ID="P10_SP00369" HPOS="1670" VPOS="3112" WIDTH="34"/>
						<String ID="P10_ST00417" HPOS="1704" VPOS="3067" WIDTH="58" HEIGHT="40" CONTENT="to" WC="1.00" CC="00"/>
						<SP ID="P10_SP00370" HPOS="1762" VPOS="3112" WIDTH="35"/>
						<String ID="P10_ST00418" HPOS="1797" VPOS="3060" WIDTH="84" HEIGHT="49" CONTENT="his" WC="0.98" CC="310"/>
						<SP ID="P10_SP00371" HPOS="1881" VPOS="3112" WIDTH="35"/>
						<String ID="P10_ST00419" HPOS="1916" VPOS="3062" WIDTH="150" HEIGHT="49" CONTENT="inten" SUBS_TYPE="HypPart1" SUBS_CONTENT="intentions;" WC="0.98" CC="41071"/>
						<HYP HPOS="2066" VPOS="3062" WIDTH="30" CONTENT="-"/>
					</TextLine>
					<TextLine ID="P10_TL00044" HPOS="114" VPOS="3110" WIDTH="1982" HEIGHT="74">
						<String ID="P10_ST00420" HPOS="114" VPOS="3110" WIDTH="173" HEIGHT="58" CONTENT="tions;" SUBS_TYPE="HypPart2" SUBS_CONTENT="intentions;" WC="0.99" CC="040300"/>
						<SP ID="P10_SP00372" HPOS="287" VPOS="3168" WIDTH="31"/>
						<String ID="P10_ST00421" HPOS="318" VPOS="3111" WIDTH="66" HEIGHT="50" CONTENT="he" WC="0.72" CC="50"/>
						<SP ID="P10_SP00373" HPOS="384" VPOS="3168" WIDTH="30"/>
						<String ID="P10_ST00422" HPOS="414" VPOS="3112" WIDTH="99" HEIGHT="49" CONTENT="lias" WC="0.99" CC="0500"/>
						<SP ID="P10_SP00374" HPOS="513" VPOS="3168" WIDTH="30"/>
						<String ID="P10_ST00423" HPOS="543" VPOS="3121" WIDTH="99" HEIGHT="42" CONTENT="not" WC="0.98" CC="210"/>
						<SP ID="P10_SP00375" HPOS="642" VPOS="3168" WIDTH="27"/>
						<String ID="P10_ST00424" HPOS="669" VPOS="3114" WIDTH="182" HEIGHT="49" CONTENT="aimed" WC="0.99" CC="05000"/>
						<SP ID="P10_SP00376" HPOS="851" VPOS="3168" WIDTH="29"/>
						<String ID="P10_ST00425" HPOS="880" VPOS="3116" WIDTH="223" HEIGHT="60" CONTENT="beyond" WC="0.99" CC="000043"/>
						<SP ID="P10_SP00377" HPOS="1103" VPOS="3176" WIDTH="30"/>
						<String ID="P10_ST00426" HPOS="1133" VPOS="3134" WIDTH="63" HEIGHT="32" CONTENT="or" WC="0.76" CC="04"/>
						<SP ID="P10_SP00378" HPOS="1196" VPOS="3176" WIDTH="29"/>
						<String ID="P10_ST00427" HPOS="1225" VPOS="3135" WIDTH="70" HEIGHT="31" CONTENT="on" WC="0.56" CC="17"/>
						<SP ID="P10_SP00379" HPOS="1295" VPOS="3176" WIDTH="32"/>
						<String ID="P10_ST00428" HPOS="1327" VPOS="3137" WIDTH="107" HEIGHT="30" CONTENT="one" WC="0.96" CC="180"/>
						<SP ID="P10_SP00380" HPOS="1434" VPOS="3176" WIDTH="31"/>
						<String ID="P10_ST00429" HPOS="1465" VPOS="3120" WIDTH="116" HEIGHT="50" CONTENT="side" WC="1.00" CC="0000"/>
						<SP ID="P10_SP00381" HPOS="1581" VPOS="3176" WIDTH="30"/>
						<String ID="P10_ST00430" HPOS="1611" VPOS="3121" WIDTH="60" HEIGHT="50" CONTENT="of" WC="0.72" CC="05"/>
						<SP ID="P10_SP00382" HPOS="1671" VPOS="3176" WIDTH="30"/>
						<String ID="P10_ST00431" HPOS="1701" VPOS="3123" WIDTH="83" HEIGHT="49" CONTENT="his" WC="0.95" CC="570"/>
						<SP ID="P10_SP00383" HPOS="1784" VPOS="3176" WIDTH="31"/>
						<String ID="P10_ST00432" HPOS="1815" VPOS="3126" WIDTH="253" HEIGHT="58" CONTENT="possibili" SUBS_TYPE="HypPart1" SUBS_CONTENT="possibilities" WC="0.99" CC="020033603"/>
						<HYP HPOS="2068" VPOS="3126" WIDTH="28" CONTENT="-"/>
					</TextLine>
					<TextLine ID="P10_TL00045" HPOS="113" VPOS="3175" WIDTH="1982" HEIGHT="66">
						<String ID="P10_ST00433" HPOS="113" VPOS="3175" WIDTH="104" HEIGHT="49" CONTENT="ties" SUBS_TYPE="HypPart2" SUBS_CONTENT="possibilities" WC="0.99" CC="3000"/>
						<SP ID="P10_SP00384" HPOS="217" VPOS="3224" WIDTH="29"/>
						<String ID="P10_ST00434" HPOS="246" VPOS="3176" WIDTH="61" HEIGHT="50" CONTENT="of" WC="0.74" CC="05"/>
						<SP ID="P10_SP00385" HPOS="307" VPOS="3226" WIDTH="25"/>
						<String ID="P10_ST00435" HPOS="332" VPOS="3177" WIDTH="343" HEIGHT="51" CONTENT="realization." WC="1.00" CC="000660024000"/>
						<SP ID="P10_SP00386" HPOS="675" VPOS="3228" WIDTH="65"/>
						<String ID="P10_ST00436" HPOS="740" VPOS="3180" WIDTH="105" HEIGHT="49" CONTENT="His" WC="0.96" CC="540"/>
						<SP ID="P10_SP00387" HPOS="845" VPOS="3229" WIDTH="31"/>
						<String ID="P10_ST00437" HPOS="876" VPOS="3181" WIDTH="258" HEIGHT="58" CONTENT="qualities" WC="0.99" CC="230600600"/>
						<SP ID="P10_SP00388" HPOS="1134" VPOS="3239" WIDTH="30"/>
						<String ID="P10_ST00438" HPOS="1164" VPOS="3184" WIDTH="139" HEIGHT="48" CONTENT="have" WC="1.00" CC="0000"/>
						<SP ID="P10_SP00389" HPOS="1303" VPOS="3239" WIDTH="30"/>
						<String ID="P10_ST00439" HPOS="1333" VPOS="3193" WIDTH="99" HEIGHT="40" CONTENT="not" WC="0.98" CC="500"/>
						<SP ID="P10_SP00390" HPOS="1432" VPOS="3239" WIDTH="29"/>
						<String ID="P10_ST00440" HPOS="1461" VPOS="3186" WIDTH="139" HEIGHT="48" CONTENT="been" WC="0.99" CC="2003"/>
						<SP ID="P10_SP00391" HPOS="1600" VPOS="3239" WIDTH="33"/>
						<String ID="P10_ST00441" HPOS="1633" VPOS="3189" WIDTH="248" HEIGHT="49" CONTENT="strained" WC="1.00" CC="00003200"/>
						<SP ID="P10_SP00392" HPOS="1881" VPOS="3239" WIDTH="31"/>
						<String ID="P10_ST00442" HPOS="1912" VPOS="3199" WIDTH="59" HEIGHT="40" CONTENT="to" WC="0.65" CC="06"/>
						<SP ID="P10_SP00393" HPOS="1971" VPOS="3239" WIDTH="30"/>
						<String ID="P10_ST00443" HPOS="2001" VPOS="3193" WIDTH="94" HEIGHT="48" CONTENT="the" WC="0.99" CC="010"/>
					</TextLine>
					<TextLine ID="P10_TL00046" HPOS="111" VPOS="3241" WIDTH="1984" HEIGHT="67">
						<String ID="P10_ST00444" HPOS="111" VPOS="3241" WIDTH="158" HEIGHT="58" CONTENT="point" WC="0.98" CC="01370"/>
						<SP ID="P10_SP00394" HPOS="269" VPOS="3299" WIDTH="30"/>
						<String ID="P10_ST00445" HPOS="299" VPOS="3241" WIDTH="60" HEIGHT="49" CONTENT="of" WC="0.73" CC="05"/>
						<SP ID="P10_SP00395" HPOS="359" VPOS="3299" WIDTH="27"/>
						<String ID="P10_ST00446" HPOS="386" VPOS="3242" WIDTH="299" HEIGHT="60" CONTENT="becoming" WC="0.99" CC="50031539"/>
						<SP ID="P10_SP00396" HPOS="685" VPOS="3302" WIDTH="30"/>
						<String ID="P10_ST00447" HPOS="715" VPOS="3243" WIDTH="186" HEIGHT="50" CONTENT="faults." WC="0.99" CC="3005000"/>
						<SP ID="P10_SP00397" HPOS="901" VPOS="3302" WIDTH="35"/>
						<String ID="P10_ST00448" HPOS="936" VPOS="3246" WIDTH="105" HEIGHT="48" CONTENT="His" WC="0.97" CC="503"/>
						<SP ID="P10_SP00398" HPOS="1041" VPOS="3302" WIDTH="32"/>
						<String ID="P10_ST00449" HPOS="1073" VPOS="3246" WIDTH="269" HEIGHT="60" CONTENT="idealism," WC="0.99" CC="500023070"/>
						<SP ID="P10_SP00399" HPOS="1342" VPOS="3306" WIDTH="33"/>
						<String ID="P10_ST00450" HPOS="1375" VPOS="3247" WIDTH="88" HEIGHT="50" CONTENT="for" WC="0.96" CC="603"/>
						<SP ID="P10_SP00400" HPOS="1463" VPOS="3306" WIDTH="31"/>
						<String ID="P10_ST00451" HPOS="1494" VPOS="3248" WIDTH="268" HEIGHT="60" CONTENT="instance," WC="0.99" CC="660003000"/>
						<SP ID="P10_SP00401" HPOS="1762" VPOS="3308" WIDTH="32"/>
						<String ID="P10_ST00452" HPOS="1794" VPOS="3253" WIDTH="99" HEIGHT="49" CONTENT="has" WC="0.98" CC="500"/>
						<SP ID="P10_SP00402" HPOS="1893" VPOS="3308" WIDTH="32"/>
						<String ID="P10_ST00453" HPOS="1925" VPOS="3271" WIDTH="170" HEIGHT="35" CONTENT="never" WC="1.00" CC="30000"/>
					</TextLine>
					<TextLine ID="P10_TL00047" HPOS="111" VPOS="3306" WIDTH="761" HEIGHT="63">
						<String ID="P10_ST00454" HPOS="111" VPOS="3306" WIDTH="308" HEIGHT="60" CONTENT="developed" WC="1.00" CC="010070000"/>
						<SP ID="P10_SP00403" HPOS="419" VPOS="3366" WIDTH="30"/>
						<String ID="P10_ST00455" HPOS="449" VPOS="3308" WIDTH="117" HEIGHT="48" CONTENT="into" WC="0.99" CC="4000"/>
						<SP ID="P10_SP00404" HPOS="566" VPOS="3366" WIDTH="31"/>
						<String ID="P10_ST00456" HPOS="597" VPOS="3308" WIDTH="275" HEIGHT="61" CONTENT="idealogy." WC="0.87" CC="260020000"/>
					</TextLine>
					<TextLine ID="P10_TL00048" HPOS="180" VPOS="3372" WIDTH="1913" HEIGHT="69">
						<String ID="P10_ST00457" HPOS="180" VPOS="3372" WIDTH="180" HEIGHT="48" CONTENT="Rodin" WC="0.99" CC="00046"/>
						<SP ID="P10_SP00405" HPOS="360" VPOS="3420" WIDTH="33"/>
						<String ID="P10_ST00458" HPOS="393" VPOS="3372" WIDTH="44" HEIGHT="48" CONTENT="is" WC="0.82" CC="30"/>
						<SP ID="P10_SP00406" HPOS="437" VPOS="3420" WIDTH="31"/>
						<String ID="P10_ST00459" HPOS="468" VPOS="3372" WIDTH="113" HEIGHT="49" CONTENT="still" WC="0.98" CC="00535"/>
						<SP ID="P10_SP00407" HPOS="581" VPOS="3421" WIDTH="32"/>
						<String ID="P10_ST00460" HPOS="613" VPOS="3373" WIDTH="93" HEIGHT="48" CONTENT="the" WC="0.98" CC="050"/>
						<SP ID="P10_SP00408" HPOS="706" VPOS="3421" WIDTH="32"/>
						<String ID="P10_ST00461" HPOS="738" VPOS="3383" WIDTH="250" HEIGHT="50" CONTENT="greatest" WC="1.00" CC="00000030"/>
						<SP ID="P10_SP00409" HPOS="988" VPOS="3433" WIDTH="30"/>
						<String ID="P10_ST00462" HPOS="1018" VPOS="3374" WIDTH="60" HEIGHT="50" CONTENT="of" WC="0.64" CC="16"/>
						<SP ID="P10_SP00410" HPOS="1078" VPOS="3433" WIDTH="32"/>
						<String ID="P10_ST00463" HPOS="1110" VPOS="3375" WIDTH="174" HEIGHT="61" CONTENT="living" WC="0.98" CC="600509"/>
						<SP ID="P10_SP00411" HPOS="1284" VPOS="3436" WIDTH="30"/>
						<String ID="P10_ST00464" HPOS="1314" VPOS="3377" WIDTH="207" HEIGHT="59" CONTENT="artists," WC="1.00" CC="00060004"/>
						<SP ID="P10_SP00412" HPOS="1521" VPOS="3436" WIDTH="34"/>
						<String ID="P10_ST00465" HPOS="1555" VPOS="3388" WIDTH="99" HEIGHT="39" CONTENT="not" WC="1.00" CC="000"/>
						<SP ID="P10_SP00413" HPOS="1654" VPOS="3436" WIDTH="32"/>
						<String ID="P10_ST00466" HPOS="1686" VPOS="3382" WIDTH="135" HEIGHT="59" CONTENT="only" WC="0.97" CC="3550"/>
						<SP ID="P10_SP00414" HPOS="1821" VPOS="3441" WIDTH="32"/>
						<String ID="P10_ST00467" HPOS="1853" VPOS="3383" WIDTH="240" HEIGHT="52" CONTENT="because" WC="0.99" CC="6300500"/>
					</TextLine>
					<TextLine ID="P10_TL00049" HPOS="111" VPOS="3435" WIDTH="1983" HEIGHT="66">
						<String ID="P10_ST00468" HPOS="111" VPOS="3435" WIDTH="66" HEIGHT="47" CONTENT="lie" WC="0.96" CC="370"/>
						<SP ID="P10_SP00415" HPOS="177" VPOS="3482" WIDTH="40"/>
						<String ID="P10_ST00469" HPOS="217" VPOS="3435" WIDTH="43" HEIGHT="48" CONTENT="is" WC="0.89" CC="20"/>
						<SP ID="P10_SP00416" HPOS="260" VPOS="3483" WIDTH="41"/>
						<String ID="P10_ST00470" HPOS="301" VPOS="3436" WIDTH="92" HEIGHT="47" CONTENT="the" WC="0.99" CC="020"/>
						<SP ID="P10_SP00417" HPOS="393" VPOS="3483" WIDTH="40"/>
						<String ID="P10_ST00471" HPOS="433" VPOS="3445" WIDTH="249" HEIGHT="50" CONTENT="greatest" WC="1.00" CC="03000100"/>
						<SP ID="P10_SP00418" HPOS="682" VPOS="3495" WIDTH="38"/>
						<String ID="P10_ST00472" HPOS="720" VPOS="3438" WIDTH="178" HEIGHT="53" CONTENT="artist," WC="0.99" CC="0006002"/>
						<SP ID="P10_SP00419" HPOS="898" VPOS="3495" WIDTH="39"/>
						<String ID="P10_ST00473" HPOS="937" VPOS="3439" WIDTH="98" HEIGHT="48" CONTENT="but" WC="0.97" CC="600"/>
						<SP ID="P10_SP00420" HPOS="1035" VPOS="3495" WIDTH="39"/>
						<String ID="P10_ST00474" HPOS="1074" VPOS="3439" WIDTH="254" HEIGHT="56" CONTENT="because," WC="1.00" CC="50000000"/>
						<SP ID="P10_SP00421" HPOS="1328" VPOS="3495" WIDTH="41"/>
						<String ID="P10_ST00475" HPOS="1369" VPOS="3440" WIDTH="219" HEIGHT="61" CONTENT="simply," WC="0.99" CC="0600504"/>
						<SP ID="P10_SP00422" HPOS="1588" VPOS="3501" WIDTH="40"/>
						<String ID="P10_ST00476" HPOS="1628" VPOS="3443" WIDTH="67" HEIGHT="49" CONTENT="he" WC="0.67" CC="60"/>
						<SP ID="P10_SP00423" HPOS="1695" VPOS="3501" WIDTH="41"/>
						<String ID="P10_ST00477" HPOS="1736" VPOS="3445" WIDTH="44" HEIGHT="48" CONTENT="is" WC="0.44" CC="73"/>
						<SP ID="P10_SP00424" HPOS="1780" VPOS="3501" WIDTH="40"/>
						<String ID="P10_ST00478" HPOS="1820" VPOS="3463" WIDTH="29" HEIGHT="32" CONTENT="a" WC="1.00" CC="0"/>
						<SP ID="P10_SP00425" HPOS="1849" VPOS="3501" WIDTH="40"/>
						<String ID="P10_ST00479" HPOS="1889" VPOS="3449" WIDTH="171" HEIGHT="48" CONTENT="world" SUBS_TYPE="HypPart1" SUBS_CONTENT="worldwide" WC="0.99" CC="00050"/>
						<HYP HPOS="2060" VPOS="3449" WIDTH="34" CONTENT="-"/>
					</TextLine>
					<TextLine ID="P10_TL00050" HPOS="111" VPOS="3500" WIDTH="1980" HEIGHT="62">
						<String ID="P10_ST00480" HPOS="111" VPOS="3500" WIDTH="140" HEIGHT="49" CONTENT="wide" SUBS_TYPE="HypPart2" SUBS_CONTENT="worldwide" WC="0.99" CC="0600"/>
						<SP ID="P10_SP00426" HPOS="251" VPOS="3549" WIDTH="40"/>
						<String ID="P10_ST00481" HPOS="291" VPOS="3501" WIDTH="287" HEIGHT="50" CONTENT="influence." WC="0.99" CC="4500106000"/>
						<SP ID="P10_SP00427" HPOS="578" VPOS="3551" WIDTH="74"/>
						<String ID="P10_ST00482" HPOS="652" VPOS="3504" WIDTH="88" HEIGHT="47" CONTENT="He" WC="0.94" CC="10"/>
						<SP ID="P10_SP00428" HPOS="740" VPOS="3551" WIDTH="39"/>
						<String ID="P10_ST00483" HPOS="779" VPOS="3502" WIDTH="44" HEIGHT="50" CONTENT="is" WC="0.61" CC="52"/>
						<SP ID="P10_SP00429" HPOS="823" VPOS="3552" WIDTH="39"/>
						<String ID="P10_ST00484" HPOS="862" VPOS="3504" WIDTH="51" HEIGHT="47" CONTENT="in" WC="0.63" CC="06"/>
						<SP ID="P10_SP00430" HPOS="913" VPOS="3552" WIDTH="40"/>
						<String ID="P10_ST00485" HPOS="953" VPOS="3502" WIDTH="228" HEIGHT="51" CONTENT="himself" WC="0.99" CC="4400013"/>
						<SP ID="P10_SP00431" HPOS="1181" VPOS="3553" WIDTH="35"/>
						<String ID="P10_ST00486" HPOS="1216" VPOS="3523" WIDTH="30" HEIGHT="30" CONTENT="a" WC="1.00" CC="0"/>
						<SP ID="P10_SP00432" HPOS="1246" VPOS="3553" WIDTH="38"/>
						<String ID="P10_ST00487" HPOS="1284" VPOS="3516" WIDTH="330" HEIGHT="40" CONTENT="monument" WC="0.99" CC="00240070"/>
						<SP ID="P10_SP00433" HPOS="1614" VPOS="3556" WIDTH="37"/>
						<String ID="P10_ST00488" HPOS="1651" VPOS="3509" WIDTH="59" HEIGHT="48" CONTENT="of" WC="0.70" CC="05"/>
						<SP ID="P10_SP00434" HPOS="1710" VPOS="3557" WIDTH="36"/>
						<String ID="P10_ST00489" HPOS="1746" VPOS="3510" WIDTH="93" HEIGHT="50" CONTENT="the" WC="0.97" CC="072"/>
						<SP ID="P10_SP00435" HPOS="1839" VPOS="3560" WIDTH="39"/>
						<String ID="P10_ST00490" HPOS="1878" VPOS="3513" WIDTH="123" HEIGHT="49" CONTENT="best" WC="0.99" CC="5000"/>
						<SP ID="P10_SP00436" HPOS="2001" VPOS="3562" WIDTH="38"/>
						<String ID="P10_ST00491" HPOS="2039" VPOS="3514" WIDTH="52" HEIGHT="48" CONTENT="in" WC="0.52" CC="44"/>
					</TextLine>
					<TextLine ID="P10_TL00051" HPOS="110" VPOS="3563" WIDTH="560" HEIGHT="51">
						<String ID="P10_ST00492" HPOS="110" VPOS="3563" WIDTH="84" HEIGHT="50" CONTENT="his" WC="0.97" CC="150"/>
						<SP ID="P10_SP00437" HPOS="194" VPOS="3613" WIDTH="33"/>
						<String ID="P10_ST00493" HPOS="227" VPOS="3565" WIDTH="131" HEIGHT="48" CONTENT="time" WC="0.99" CC="0600"/>
						<SP ID="P10_SP00438" HPOS="358" VPOS="3613" WIDTH="33"/>
						<String ID="P10_ST00494" HPOS="391" VPOS="3566" WIDTH="107" HEIGHT="48" CONTENT="and" WC="0.97" CC="080"/>
						<SP ID="P10_SP00439" HPOS="498" VPOS="3614" WIDTH="33"/>
						<String ID="P10_ST00495" HPOS="531" VPOS="3582" WIDTH="139" HEIGHT="32" CONTENT="race." WC="0.99" CC="41000"/>
					</TextLine>
				</TextBlock>
				<TextBlock ID="P10_TB00006" HPOS="1046" VPOS="3647" WIDTH="537" HEIGHT="51" STYLEREFS="TXT_0 PAR_RIGHT">
					<TextLine ID="P10_TL00052" HPOS="1046" VPOS="3648" WIDTH="537" HEIGHT="50">
						<String ID="P10_ST00496" HPOS="1046" VPOS="3648" WIDTH="199" HEIGHT="49" CONTENT="Muriel" WC="1.00" CC="000000"/>
						<SP ID="P10_SP00440" HPOS="1245" VPOS="3697" WIDTH="36"/>
						<String ID="P10_ST00497" HPOS="1281" VPOS="3648" WIDTH="302" HEIGHT="50" CONTENT="Cielcovska" WC="0.75" CC="0000267420"/>
					</TextLine>
				</TextBlock>
				<TextBlock ID="P10_TB00007" HPOS="117" VPOS="3726" WIDTH="1597" HEIGHT="63" STYLEREFS="TXT_0 PAR_LEFT">
					<TextLine ID="P10_TL00053" HPOS="117" VPOS="3727" WIDTH="1593" HEIGHT="62">
						<String ID="P10_ST00498" HPOS="117" VPOS="3731" WIDTH="217" HEIGHT="56" CONTENT="Excerpt" WC="0.99" CC="0061005"/>
						<SP ID="P10_SP00441" HPOS="334" VPOS="3787" WIDTH="37"/>
						<String ID="P10_ST00499" HPOS="371" VPOS="3727" WIDTH="133" HEIGHT="61" CONTENT="from" WC="0.98" CC="0090"/>
						<SP ID="P10_SP00442" HPOS="504" VPOS="3788" WIDTH="43"/>
						<String ID="P10_ST00500" HPOS="547" VPOS="3746" WIDTH="29" HEIGHT="29" CONTENT="a" WC="1.00" CC="0"/>
						<SP ID="P10_SP00443" HPOS="576" VPOS="3788" WIDTH="42"/>
						<String ID="P10_ST00501" HPOS="618" VPOS="3730" WIDTH="145" HEIGHT="47" CONTENT="letter" WC="0.99" CC="460100"/>
						<SP ID="P10_SP00444" HPOS="763" VPOS="3788" WIDTH="39"/>
						<String ID="P10_ST00502" HPOS="802" VPOS="3740" WIDTH="46" HEIGHT="37" CONTENT="to" WC="0.57" CC="08"/>
						<SP ID="P10_SP00445" HPOS="848" VPOS="3788" WIDTH="48"/>
						<String ID="P10_ST00503" HPOS="896" VPOS="3731" WIDTH="104" HEIGHT="47" CONTENT="The" WC="0.96" CC="460"/>
						<SP ID="P10_SP00446" HPOS="1000" VPOS="3788" WIDTH="41"/>
						<String ID="P10_ST00504" HPOS="1041" VPOS="3730" WIDTH="191" HEIGHT="59" CONTENT="Egoist," WC="0.99" CC="0595000"/>
						<SP ID="P10_SP00447" HPOS="1232" VPOS="3789" WIDTH="38"/>
						<String ID="P10_ST00505" HPOS="1270" VPOS="3735" WIDTH="128" HEIGHT="54" CONTENT="May" WC="0.99" CC="020"/>
						<SP ID="P10_SP00448" HPOS="1398" VPOS="3789" WIDTH="43"/>
						<String ID="P10_ST00506" HPOS="1441" VPOS="3737" WIDTH="37" HEIGHT="52" CONTENT="1," WC="0.77" CC="40"/>
						<SP ID="P10_SP00449" HPOS="1478" VPOS="3789" WIDTH="46"/>
						<String ID="P10_ST00507" HPOS="1524" VPOS="3737" WIDTH="153" HEIGHT="44" CONTENT="1916.." WC="0.77" CC="007600"/>
						<SP ID="P10_SP00450" HPOS="1677" VPOS="3789" WIDTH="26"/>
						<String ID="P10_ST00508" HPOS="1703" VPOS="3773" WIDTH="7" HEIGHT="8" CONTENT="." WC="1.00" CC="0"/>
					</TextLine>
				</TextBlock>
			</PrintSpace>
		</Page>
	</Layout>
</alto>
