3482 4419
1722 137 91 53 384

177 279 162 53 Weise
378 277 226 52 öffentlich
645 276 249 51 anerkannt
933 276 203 61 worden,
1180 275 148 51 indem
1373 273 196 53 dieselbe
1613 276 103 50 dem

176 360 583 52 Pianoforte-Fabricanten

489 432 301 69 Gerhard
833 432 199 69 Adam
1075 432 51 67 in
1169 431 232 68 Wesel

181 526 71 50 die
270 525 193 52 silberne
491 525 274 51 Medaille
794 531 194 42 erster
1018 524 219 58 Classe,
1267 524 156 48 mithin
1447 522 70 50 die
1538 525 179 63 grösste

811 595 8 10 0

177 607 350 65 Auszeichnung
553 606 113 51 nach
698 605 86 51 den
816 606 222 66 goldenen
1618 620 75 33 ver-

174 691 145 50 liehen
342 690 90 50 und
456 690 160 50 dessen
635 696 154 44 ersten
819 689 322 49 Arbeitern
1169 687 15 68 (
1192 689 339 49 Conlremaitres
1552 698 40 40 et
1618 689 75 48 Col-

192 773 293 67 laborateurs)
525 773 99 48 eine
682 771 381 60 „ehrenvolle
1576 785 108 50 zuge-

172 855 225 67 sprochen
426 854 91 49 hat.
562 855 123 48 Herr
715 855 54 50 G.
799 854 146 51 Adam
986 853 124 49 hatte
1151 851 124 50 drei
1307 854 306 48 Instrumente
1642 850 81 50 auf

174 938 80 49 der
277 936 315 66 Ausstellung,
623 938 128 48 einen
783 934 472 67 Concertflügel,
1286 935 71 50 ein
1387 952 50 31 so
1468 940 247 60 genanntes

171 1019 248 49 Pianino
449 1019 94 49 und
573 1019 70 49 ein
672 1019 179 49 Piano
880 1018 42 49 in
953 1015 165 51 Tafel
1134 1016 169 59 form;
1345 1033 50 32 er
1421 1016 58 49 ist
1509 1015 80 50 der
1620 1014 68 49 ein-

171 1103 100 66 zige
300 1101 255 51 Aussteller
583 1119 82 32 aus
694 1103 311 56 Preussen,
1035 1099 101 49 dem
1166 1099 42 49 in
1240 1098 80 49 der
1345 1099 191 51 XXVII.
1562 1096 153 51 Classe

173 1183 81 49 der
294 1184 226 50 Industrie
550 1183 365 68 („Musicalische
1353 1180 68 51 die
1458 1179 220 49 Auszeich-

169 1284 129 50 nung
342 1267 80 49 der
450 1265 206 51 Medaille
695 1273 197 42 erster
924 1263 153 51 Classe
1108 1281 56 31 zu
1194 1263 127 49 Theil
1353 1263 245 66 geworden
1628 1261 86 59 ist;

169 1366 159 33 ausser
357 1348 90 49 ihm
483 1347 146 50 haben
659 1348 70 49 ein
757 1347 195 50 berliner
982 1345 91 50 und
1105 1344 69 50 ein
1203 1344 326 66 königsberger
1552 1343 159 51 Piano-

171 1430 241 51 Fabricant
438 1429 239 51 Medaillen
710 1429 244 50 zweiter
986 1427 154 49 Classe
1170 1427 215 49 erhalten.
1415 1427 130 49 Eben
1578 1443 49 33 so
1655 1425 57 50 ist

169 1513 71 49 die
290 1513 287 58 „ehrenvolle
986 1510 146 51 seiner
1174 1508 212 51 Arbeiter
1429 1509 71 50 die
1543 1507 171 67 einzige

171 1596 80 52 der
280 1597 89 49 Art
397 1596 68 49 für
496 1597 227 48 Preussen
751 1596 46 48 in
825 1596 155 64 Bezug
1011 1593 78 49 auf
1114 1590 443 52 Instrumentenbau.

298 1679 55 50 G.
398 1678 223 50 Adam's
659 1678 308 50 Instrumente
1011 1676 97 49 sind
1138 1674 142 50 durch
1311 1674 121 50 diese
1462 1673 218 50 Auszeich-

168 1777 130 48 nung
327 1761 85 48 den
442 1759 162 50 besten
633 1758 266 51 Fabricaten
929 1758 42 48 in
1000 1756 288 59 Frankreich,
1334 1756 90 49 und
1466 1772 121 33 zwar
1626 1772 86 32 von

167 1843 338 50 französischen
527 1841 435 66 Sachverständigen
986 1839 154 59 selbst,
1171 1838 339 66 gleichgestellt,
1540 1837 91 49 und
1663 1855 49 31 so

168 1924 188 50 werden
402 1924 82 51 wir
525 1924 118 50 denn
686 1923 114 50 auch
846 1922 121 51 wohl
997 1922 43 48 in
1070 1921 308 50 Deutschland
1409 1938 56 31 zu
1496 1919 79 50 der
1604 1919 81 49 Ein-

168 2007 113 51 sicht
309 2008 229 59 kommen,
568 2007 102 50 dass
700 2007 83 50 wir
812 2006 77 49 das
915 2006 134 57 Gute,
1077 2004 78 50 das
1185 2003 83 50 wir
1291 2003 172 50 daheim
1495 2002 216 58 besitzen,

167 2090 123 49 nicht
334 2090 79 49 mit
455 2090 250 49 schwerem
736 2088 142 50 Gelde
921 2104 79 33 aus
1046 2086 78 49 der
1165 2086 196 49 Fremde
1402 2102 54 32 zu
1498 2083 213 50 beziehen

1454 2168 52 48 L.
1537 2167 51 48 B.

170 2171 243 51 brauchen.

332 2297 239 53 Tages-
614 2295 140 43 und
784 2291 756 54 Unterhaltungs-Blatt.

247 2363 74 38 Die
338 2374 100 26 neue
455 2361 187 50 Ausgabe
665 2360 69 39 der
757 2358 283 40 Oratorien
1069 2370 76 25 von
1174 2357 204 38 Händel
1409 2356 53 39 im
1493 2355 221 40 Ciavier-

168 2423 239 50 Auszuge
437 2422 69 38 mit
534 2422 91 38 dem
664 2419 308 50 englischen
1014 2417 435 50 Original-Texte
1494 2417 80 37 und
1604 2416 88 37 deut-

169 2484 115 39 scher
314 2484 291 47 Uebersetzung
635 2481 205 38 desselben
870 2478 63 40 bei
959 2478 45 38 N.
1034 2477 233 40 Simröck
1294 2477 40 38 in
1363 2477 141 38 Bonn
1533 2476 182 38 schreitet

166 2545 151 39 schnell
337 2545 200 44 vorwärts,
565 2542 133 38 indem
727 2540 63 38 die
819 2538 173 40 kürzlich
1023 2538 294 45 erschienenen,
1346 2537 156 38 Judas
1530 2537 155 39 Macca-

165 2605 125 39 bäus
320 2604 78 39 und
429 2604 169 44 Josua,
642 2613 73 26 uns
757 2599 144 40 bereits
929 2598 148 40 wieder
1106 2598 209 50 vorliegen.
1370 2597 239 50 Abgesehen
1638 2608 76 27 von

166 2665 90 39 dem
286 2664 132 39 hohen
445 2665 207 41 Interesse,
682 2660 169 40 welches
880 2660 70 37 der
978 2657 177 41 Musiker
1183 2658 120 38 daran
1335 2658 76 46 hat,
1442 2669 46 26 zu
1520 2657 169 39 beobach-

165 2732 79 39 ten,
287 2725 75 39 wie
392 2725 157 39 Händel
595 2725 68 38 das
704 2720 302 52 ursprüngliche
1046 2719 116 39 Wort
1203 2719 69 38 des
1302 2719 142 39 Textes
1489 2719 223 46 behandelt,

165 2787 122 38 bietet
315 2785 106 40 diese
449 2784 328 50 Hand-Ausgabe
806 2782 99 38 auch
935 2781 88 38 dem
1054 2779 173 52 weniger
1256 2779 239 40 bemittelten
1524 2780 188 38 Künstler

165 2848 83 38 und
278 2847 235 39 Dilettanten
545 2846 87 39 eine
661 2845 145 38 schöne
837 2840 270 52 Gelegenheit,
1150 2840 84 39 sich
1274 2841 64 38 die
1375 2840 231 50 Sammlung
1644 2840 69 38 der

164 2909 139 38 besten
333 2907 147 40 Werke
510 2908 67 38 des
605 2905 294 40 unsterblichen
929 2902 180 40 Meisters
1138 2899 289 41 anzuschaffen.
1455 2900 121 39 Judas
1604 2901 82 40 Mac-

167 2970 144 38 cabäus
350 2970 88 48 (178
469 2968 143 47 Seiten)
649 2968 127 38 kostet
807 2966 45 39 12
882 2966 120 46 Frcs.,
1044 2964 122 38 Josua
1193 2962 91 50 (140
1311 2961 55 49 S.)
1396 2961 24 38 8
1449 2962 104 39 Frcs.
1590 2967 120 34 netto.

165 3029 136 39 Druck
334 3030 80 37 und
444 3027 142 52 Papier
614 3028 87 38 sind
731 3027 90 39 sehr
848 3031 80 45 gut.

245 3116 46 38 In
320 3115 252 40 München
609 3115 104 38 starb
741 3126 62 27 am
835 3114 60 37 14.
922 3112 226 39 November
1176 3110 71 39 der
1275 3109 223 51 königliche
1526 3110 159 41 Hof-Mu-

167 3176 258 40 sik-Director
454 3177 103 37 Herr
585 3177 96 37 Jos.
710 3175 198 45 Moralt,
948 3172 173 39 Inhaber
1161 3172 69 38 der
1258 3171 197 50 goldenen
1484 3171 226 39 Verdienst-

165 3238 186 41 Medaille
381 3237 78 38 und
490 3238 69 37 der
587 3237 278 38 Ehrenmünze
894 3235 68 39 des
990 3232 374 51 Ludwigs-Ordens.
1399 3232 57 38 Er
1484 3243 80 27 war
1592 3233 94 48 gebo-

165 3311 72 28 ren
264 3311 49 26 zu
342 3298 298 49 Schwetzingen
669 3298 64 39 bei
760 3296 230 41 Mannheim
1019 3308 63 26 am
1110 3296 36 37 5.
1175 3293 156 51 August
1362 3293 100 38 1775
1499 3292 82 38 und
1607 3293 101 39 hatte

166 3359 146 39 sonach
342 3360 67 38 das
438 3358 63 40 80.
530 3358 242 50 Lebensjahr
800 3358 141 39 bereits
980 3356 287 50 zurückgelegt.
1321 3354 81 40 Der
1434 3354 276 47 Verstorbene,

165 3422 71 38 der
272 3420 107 40 seine
418 3420 148 39 höhere
595 3419 273 40 musicalische
894 3417 252 50 Ausbildung
1188 3415 63 40 bei
1291 3415 90 39 dem
1411 3415 296 50 Capellmeister

167 3483 118 38 Peter
313 3481 157 39 Winter
499 3482 148 49 erlangt
676 3481 116 46 hatte,
833 3491 81 26 war
941 3478 108 39 einer
1078 3478 69 37 der
1173 3476 385 51 ausgezeichnetsten
1587 3475 103 40 Violi-

167 3543 129 39 nisten
325 3542 127 39 seiner
480 3542 82 38 Zeit
602 3541 80 38 und
714 3541 103 38 hatte
855 3539 83 39 sich
974 3539 54 38 als
1058 3537 153 39 solcher
1240 3537 64 38 bei
1334 3537 75 38 den
1441 3537 269 47 Kunstreisen,

168 3603 64 39 die
261 3615 43 27 er
331 3602 73 38 mit
430 3601 134 39 seinen
593 3602 82 38 drei
704 3600 145 40 bereits
879 3612 69 26 vor
976 3598 82 39 ihm
1080 3597 259 51 gestorbenen
1355 3597 183 38 Brüdern
1566 3596 41 38 in
1636 3598 76 38 den

168 3664 148 39 Jahren
348 3663 100 39 1800
477 3663 80 38 und
589 3662 98 39 1806
717 3662 122 39 durch
859 3659 281 46 Deutschland,
1164 3657 63 39 die
1255 3657 186 47 Schweiz,
1472 3657 238 40 Frankreich

168 3726 83 38 und
279 3725 183 50 England
504 3723 247 46 unternahm,
793 3734 155 38 grosser
984 3720 220 49 Triumphe
1246 3730 47 27 zu
1337 3719 191 38 erfreuen.
1581 3720 130 39 Schon

171 3786 100 40 1786
299 3786 41 38 in
369 3786 64 38 die
462 3784 273 39 kurfürstliche
762 3781 210 40 Hofmusik
1000 3781 41 38 in
1063 3779 204 41 München
1296 3779 251 50 eingetreten,
1576 3782 136 39 wurde

171 3859 42 26 er
239 3846 54 39 im
323 3847 119 38 Jähre
483 3846 100 39 1800
622 3856 137 38 wegen
799 3843 126 39 seines
967 3843 174 39 schönen
1169 3839 252 51 Violinspiels
1465 3841 80 38 und
1586 3842 128 40 seiner

171 3907 348 50 ausgezeichneten
546 3904 353 41 Musik-Direction
938 3916 89 26 zum
1066 3900 328 42 Concertmeister
1434 3907 176 35 ernannt.
1658 3903 56 40 Er

169 3967 132 40 leitete
329 3967 62 38 die
419 3967 194 49 damalige
642 3977 42 27 so
714 3963 319 51 ausgezeichnete
1060 3961 244 42 italienische
1324 3960 108 51 Oper
1459 3961 40 39 in
1514 3963 199 40 München

171 4027 62 40 bis
275 4040 47 26 zu
359 4028 120 39 deren
506 4028 223 48 Auflösung
767 4024 81 40 und
878 4025 134 40 wurde
1044 4023 97 41 1827
1172 4035 89 27 zum
1289 4022 426 43 Hof-Musik-Director

172 4089 73 40 der
271 4089 213 40 deutschen
513 4087 108 51 Oper
652 4091 178 37 ernannt.
1411 4083 64 53 (A.
1503 4084 50 40 A.
1581 4084 54 51 Z.)

1888 273 365 46 Amsterdam,
2281 272 62 42 20.
2371 273 242 44 November.
2656 273 48 44 In
2733 273 129 45 einem
2892 275 192 44 Concerte
3112 279 70 41 der
3211 277 126 45 Gesell-

1810 331 125 40 schaft
1961 332 202 40 Cacilia
2192 334 136 41 wurde
2356 334 41 41 in
2426 336 136 40 diesen
2581 338 137 51 Tagen
2746 339 65 40 die
2834 339 175 41 Sinfonie
3037 339 41 40 in
3105 341 149 38 E-moll
3281 353 76 28 von

1810 394 43 39 F.
1877 394 178 39 Hiller
2083 402 114 34 unter
2216 397 201 40 Direction
2448 409 160 28 unseres
2637 399 204 40 wackeren
2858 400 226 41 Veteranen
3113 414 89 27 van
3232 402 125 40 Bree

1810 455 224 52 vorzüglich
2060 463 69 45 gut
2157 459 233 52 aufgeführt.
2445 460 117 39 Diese
2604 460 86 39 edle
2730 461 81 38 und
2853 463 197 39 erhabene
3088 463 268 52 Composition

1810 516 160 39 brachte
2011 519 71 38 auf
2117 519 69 39 das
2223 520 100 39 eben
2365 531 45 28 so
2446 520 224 39 zahlreiche
2711 521 55 38 als
2796 522 322 51 ausgezeichnete
3146 525 210 41 Publicum

1810 577 88 41 eine
1926 578 153 40 schwer
2106 591 50 28 zu
2183 580 310 41 beschreibende
2525 581 198 52 Wirkung
2766 582 154 47 hervor,
2961 586 81 37 und
3085 597 41 27 es
3155 586 201 39 herrschte

1810 639 150 40 überall
1996 652 76 27 nur
2101 639 100 42 Eine
2228 642 165 39 Stimme
2431 642 184 48 darüber,
2665 643 87 39 dass
2798 644 127 38 dieses
2971 644 124 41 Werk
3136 646 108 39 eines
3287 647 70 38 der

1808 700 209 42 schönsten
2046 701 299 41 musicalischen
2374 703 262 50 Erzeugnisse
2674 705 68 40 der
2770 705 141 40 letzten
2940 705 84 40 Zeit
3062 707 69 39 sei.
3184 708 74 39 Die
3286 709 46 38 be-

1809 761 259 39 vorstehende
2096 762 256 52 Aufführung
2393 765 206 38 desselben
2644 765 51 39 im
2726 766 143 50 Haag
2914 766 123 38 durch
3081 767 134 39 Herrn
3258 767 98 40 Hof-

1810 821 295 52 Capellmeister
2133 822 52 41 H.
2208 822 207 41 Lübeck
2444 825 98 38 wird
2571 825 89 39 eine
2680 826 144 51 Menge
2844 827 296 40 Kunstfreunde
3168 839 75 28 von
3272 828 85 40 hier

1809 883 89 38 dort
1928 882 68 39 hin
2026 882 150 40 ziehen.

2285 962 583 54 Berichtigung.

1889 1023 43 38 In
1961 1023 69 39 Nr.
2056 1023 64 47 45,
2148 1023 41 39 S.
2216 1024 89 44 353,
2333 1024 68 51 Sp.
2427 1024 37 47 2,
2492 1025 105 40 Zeile
2631 1027 46 38 14
2705 1038 33 28 v.
2769 1039 47 33 0.,
2853 1032 87 35 statt
2968 1028 61 47 „V
3042 1041 51 26 er
3285 1029 71 39 lies

2128 1085 82 48 (das
2239 1086 75 38 alte
2340 1086 115 40 Wort
2483 1089 61 37 für

1994 3530 108 33 Die
2133 3530 529 35 liederdieiiiisclie
2691 3529 451 49 J&iLisik-SKeitiiiig
3142 3546 5 6 1

1800 3580 197 36 erscheint
2018 3581 118 45 jeden
2164 3580 181 48 Samstag
2371 3583 43 33 in
2450 3582 244 35 mindestens
2731 3584 126 33 einem
2891 3596 153 34 ganzen
3079 3586 152 47 Bogen;
3281 3588 54 35 all-

1803 3632 215 36 monatlich
2045 3633 96 35 wird
2166 3633 63 35 ihr
2256 3634 62 34 ein
2344 3634 333 34 Literatur-Blatt
2703 3633 253 48 beigegeben.
3063 3638 80 34 Der
3169 3638 157 38 Abonne-

1801 3685 231 45 mentspreis
2060 3685 158 46 beträgt
2230 3687 65 33 für
2316 3686 70 35 das
2401 3687 197 44 Halbjahr
2629 3689 18 31 2
2667 3686 124 44 Thlr.,
2817 3688 66 34 bei
2905 3688 73 34 den
3006 3689 47 34 K.
3072 3701 150 34 preuss.
3239 3692 113 36 Post-

1803 3737 209 35 Anstalten
2041 3740 19 32 2
2078 3737 105 34 Thlr.
2214 3737 21 35 5
2259 3737 86 47 Sgr.
2371 3739 98 34 Eine
2497 3738 182 34 einzelne
2691 3738 187 36 Nummer
2898 3743 24 31 4
2940 3740 87 46 Sgr.
3054 3742 298 49 Einrückungs-

1804 3788 212 38 Gebühren
2044 3800 68 35 per
2139 3789 207 35 Petitzeile
2377 3794 19 31 2
2427 3790 87 46 Sgr.

1853 3841 127 34 Briefe
2006 3841 80 35 und
2114 3841 286 47 Zusendungen
2429 3842 99 34 aller
2562 3840 76 36 Art
2664 3841 158 36 werden
2844 3848 117 30 unter
2994 3844 69 36 der
3088 3845 170 40 Adresse
3285 3850 67 36 der

1801 3895 54 35 M.
1882 3892 562 48 DuMont-Schauberg'schen
2470 3893 321 48 Buchhandlung
2824 3896 42 34 in
2893 3896 103 35 Köln
3024 3897 172 38 erbeten.

1921 3980 370 40 Verantwortlicher
2318 3982 300 49 Herausgeber:
2653 3982 106 40 Prof.
2786 3984 45 38 L.
2857 3983 181 39 Bischoff
3058 3986 42 38 in
3128 3988 118 39 Köln.

1872 4031 209 51 Verleger:
2109 4033 54 40 M.
2193 4033 528 52 DuMont-Schauberg'sche
2749 4035 318 53 Buchhandlung
3094 4038 41 39 in
3163 4040 118 38 Köln.

1847 4083 197 40 Drucker;
2072 4085 55 40 M.
2155 4085 429 52 DuMont-Schauberg
2611 4086 42 40 in
2679 4088 121 48 Köln,
2829 4088 252 41 Breitstrassc
3111 4092 48 38 76
3189 4104 38 28 u.
3255 4092 62 40 78.

2274 1232 609 59 Ankündigungen.

1887 1360 74 44 Die
1989 1360 149 53 einzige
2161 1360 235 53 Niederlage
2424 1373 76 28 von
2530 1363 288 41 Instrumenten
2845 1366 113 50 jeder
2984 1368 75 39 Art
3087 1381 69 28 aus
3185 1371 71 39 der
3284 1372 69 39 Fa-

1811 1430 87 41 brik
1928 1442 73 28 von
2033 1434 170 34 äiicrli.
2224 1434 177 36 Adam
2428 1432 41 38 in
2503 1435 189 36 lVcsel
2724 1434 173 39 befindet
2926 1437 81 38 sich
3038 1437 38 39 in
3105 1440 155 37 MI»1h
3290 1442 64 38 bei

2030 1504 188 34 Herrn.
2249 1504 220 46 Kipper
2499 1506 45 34 &
2572 1505 208 46 Comp.,
2809 1505 279 42 Dominicaner
3115 1509 67 39 Nr.
3212 1510 62 40 26.

2184 1593 222 44 Heue
2452 1594 534 47 ISusicalien

2384 1665 59 50 im
2474 1668 197 66 Verlage
2697 1686 89 34 von

1901 1747 47 60 C.
1986 1748 46 57 F.
2070 1747 240 73 PETERS,
2347 1748 190 59 Bureau
2575 1750 56 59 de
2669 1752 233 75 Musique,
2941 1753 50 57 in
3027 1754 247 60 LEIPZIG,

1809 1832 115 35 Bise
1935 1829 284 50 hoffCasp.
2251 1831 117 44 Jak.,
2412 1832 164 47 Lorelei),
2619 1834 155 36 Ballade
2801 1849 70 22 von
2902 1837 157 45 Förster,
3098 1840 67 44 für
3194 1840 155 37 Bariton

2123 1884 64 33 mit
2213 1883 210 47 Begleitung
2452 1886 62 35 des
2542 1885 118 36 Piano
2660 1888 108 44 forte.
2805 1888 63 48 Op.
2897 1889 36 35 8.
2977 1890 45 34 15
3055 1891 85 45 !Sgr.

1810 1936 172 49 Spohr,
2020 1936 162 42 Louis,
2231 1936 90 35 Drei
2347 1937 130 35 Lieder
2519 1949 70 24 aus
2628 1939 128 43 „1001
2794 1941 72 46 Tag
2893 1942 50 34 im
3169 1957 71 23 von
3281 1947 62 35 Fr.

2124 1988 226 44 Bodenstedt,
2375 1990 65 44 für
2463 1992 78 33 eine
2559 1991 233 46 Singstimine
2812 1995 66 33 mit
2896 1994 211 47 Begleitung
3127 1996 60 36 des
3205 1997 144 37 Piano-

2121 2041 107 43 forte.
2261 2042 44 33 15
2337 2041 87 45 Ngr.

1913 2092 180 36 Einzeln:
2121 2092 68 38 Nr.
2219 2093 34 37 1.
2286 2093 189 36 Zuleikha.
2504 2094 80 46 71/2
2614 2096 89 46 Ngr.
2813 2098 66 36 Nr.
2911 2099 36 35 2.
2982 2099 197 39 Trinklied.
3207 2100 22 35 5
3261 2101 86 48 Ngr.

2201 2145 66 36 Nr.
2295 2145 37 37 3.
2361 2146 148 35 Fatirna
2537 2148 90 34 beim
2657 2148 203 49 Saitenspie
2867 2150 9 19 7
2878 2179 7 8 .
2910 2150 83 49 7i/%
3026 2152 78 45 Ngr

1806 2197 39 35 H
1854 2197 180 44 ummel,
2064 2197 36 37 J.
2131 2196 297 48 NBagalelles
2452 2212 97 34 pour
2578 2199 132 38 Piano.
2759 2202 64 47 Op.
2856 2202 86 35 107.
2999 2203 67 37 Nr.
3099 2204 34 36 1.
3178 2205 169 37 Scherzo.

2123 2250 84 45 7/%
2239 2250 155 46 Ngr.—
2417 2251 66 36 JSr.
2514 2253 35 36 2.
2582 2252 215 36 Rondoletto
2826 2267 114 23 russe.
2973 2256 102 47 12'/2
3105 2256 87 47 Ngr.
3280 2258 69 37 Nr.

2123 2301 36 36 3.
2191 2302 56 34 La
2278 2301 327 50 Contemplazione,
2634 2317 78 23 una
2734 2307 147 46 piccola
2909 2308 193 37 Fantasia.
3133 2309 49 34 10
3202 2310 86 46 Ngr.

2123 2353 66 37 Nr.
2219 2355 36 36 4.
2285 2355 144 35 Rondo.
2471 2356 48 34 10
2548 2356 87 46 Ngr.
2745 2358 64 37 Nr.
2839 2359 21 33 5
2924 2360 222 36 Variazioni.
3187 2362 49 34 10
3265 2362 86 47 Ngr.

2199 2407 67 35 Nr.
2297 2407 34 34 6.
2363 2408 132 34 Rondo
2525 2408 61 35 all'
2617 2421 184 33 ongarese.
2829 2411 47 34 12
2888 2418 40 32 i/o
2961 2412 85 45 Ngr.

1808 2460 198 43 Mozart,
2043 2459 54 36 W.
2127 2458 61 44 A.,
2234 2458 265 49 Compositions
2536 2473 96 35 pour
2661 2462 119 35 Piano
2810 2463 89 36 seid.
2946 2464 151 35 Edition
3128 2466 164 36 nouvelle
3320 2475 32 28 et

2121 2512 287 46 soigneusement
2430 2524 119 27 revue.
2606 2513 65 37 Nr.
2702 2514 19 35 1
2765 2515 181 35 Fantasia
2976 2516 27 36 I.
3034 2516 205 50 (D-moll).
3269 2521 81 45 7t/2

2121 2562 90 47 Ngr.
2321 2563 65 36 Nr.
2417 2564 35 37 2.
2483 2566 181 34 Fantasia
2692 2565 50 35 11.
2773 2565 201 47 (C-moll).
3011 2569 46 34 10
3085 2569 76 47 Ngr
3281 2573 68 36 Nr.

2122 2616 35 37 3.
2189 2616 182 35 Fantasia
2399 2616 69 34 111.
2500 2616 186 47 (C-dur).
2718 2618 48 35 10
2796 2619 86 47 Ngr.
2992 2621 66 37 Nr.
3086 2622 38 37 4.
3155 2623 133 37 Rondo
3318 2625 30 36 I.

2121 2667 195 48 (D-dur).
2347 2669 78 44 71/2
2456 2669 87 47 Ngr.
2650 2670 66 37 Nr.
2746 2672 36 35 5.
2822 2673 132 34 Rondo
2982 2673 50 36 11.
3064 2673 207 50 (A-moll).
3302 2677 50 35 10

2121 2721 86 45 Ngr.
2317 2721 68 40 Nr.
2414 2721 37 35 6.
2493 2723 131 34 Rondo
2653 2721 68 38 111.
2752 2723 189 49 (F-dur).
2980 2727 43 33 7*
3041 2745 16 28 2
3086 2726 86 46 Ngr.
3283 2729 67 42 Nr,

2121 2775 35 34 7.
2189 2773 198 35 Ouvertüre
2415 2772 188 49 (C-dur).
2644 2775 48 34 10
2721 2775 86 47 Ngr.
2916 2776 68 37 Nr.
3013 2778 38 34 8.
3096 2765 144 60 Adagio
3271 2782 78 47 (H-

2117 2825 123 45 -moll).
2272 2826 22 33 5
2325 2825 88 47 Ngr.
2523 2826 66 37 Nr.
2618 2826 35 36 9.
2695 2826 113 47 Gigue
2837 2828 190 48 (G-dur).
3069 2830 82 46 2-/2
3182 2832 87 48 Ngr.

2119 2877 65 37 Nr.
2216 2877 58 35 10.
2304 2877 182 35 Menuetto
2516 2877 188 48 [D-dur).
2733 2881 22 31 5
2787 2880 87 46 Ngr.

1803 2928 210 51 Speidel,
2044 2928 161 45 Willi,
2236 2930 130 34 Kleine
2393 2929 155 37 Seenen.
2578 2930 112 35 Sechs
2716 2931 269 38 Ciavierslücke
3012 2935 50 35 im
3089 2935 140 36 heitern
3264 2937 85 36 Ton.

2123 2981 66 48 Op.
2224 2982 58 36 11.
2317 2982 17 34 1
2371 2981 97 37 Thlr.
2498 2983 24 33 4
2552 2982 88 47 Ngr.

1910 3034 178 35 Einzeln:
2119 3034 65 35 Nr.
2218 3034 32 37 1.
2287 3034 229 46 Wiegenlied.
2549 3035 21 34 5
2601 3035 241 46 Ngr.—Nr.
2872 3037 37 35 2.
2932 3037 196 39 Mazurka.
3158 3039 66 45 7i/
3224 3060 15 27 2
3264 3042 89 46 Ngr.

2201 3086 64 34 Nr.
2297 3086 36 37 3.
2366 3085 252 38 Glockentöne.
2649 3088 22 33 5
2702 3087 87 47 Ngr.
2898 3090 67 37 Nr.
2994 3092 36 35 4.
3069 3092 283 48 Frühlingsein-

2121 3149 80 35 zug.
2233 3138 76 45 71/2
2338 3138 88 46 Ngr.
2535 3139 65 34 Nr.
2632 3141 36 36 5.
2697 3140 327 49 Sonnlagmorgen.
3054 3145 24 33 5
3109 3145 86 46 Ngr.
3285 3146 65 36 Nr.

2117 3190 37 37 6.
2184 3190 213 36 Sallarello.
2429 3190 48 34 12
2489 3191 43 43 1/*
2562 3191 87 46 Ngr.

1851 3279 84 36 Alle
1957 3280 43 34 in
2029 3279 118 35 dieser
2171 3279 316 49 Musih-Zjeitung
2521 3282 278 48 besprochenen
2832 3284 82 34 und
2946 3285 293 47 angekündigten
3266 3288 87 35 Mu-

1796 3333 158 34 sicalien
1978 3338 69 28 elc.
2074 3332 87 34 sind
2187 3345 46 21 zu
2259 3333 170 34 erhallen
2453 3335 42 34 in
2523 3335 65 34 der
2613 3342 89 29 stets
2725 3335 229 46 vollständig
2985 3339 220 34 assortirten
3232 3339 121 37 Musi-

1799 3384 350 46 calien-Handlung
2182 3385 104 35 nebst
2319 3385 239 37 Leihanstalt
2595 3400 74 23 von
2711 3387 293 36 BERNHARD
3049 3390 219 37 BREUER
3313 3395 38 34 in

1803 3438 139 36 Köln.
1971 3437 244 35 Hochstrasse
2241 3438 68 34 Nr.
2338 3438 64 35 97.
