3482 4419
1680 91 88 52 379

132 242 115 51 doch
282 240 148 51 selber
463 240 103 51 roth
599 239 196 50 darüber
835 239 90 50 und
957 245 142 43 setzte
1131 236 139 51 daher
1300 235 62 48 als
1393 232 260 52 Entschuldi-

132 343 124 49 gung
282 324 158 49 hinzu:
482 362 18 20 „
517 322 72 50 Ich
619 324 214 49 erwähne
862 322 170 50 meiner
1061 339 102 37 nur,
1196 317 98 51 weil
1326 317 40 50 in
1398 317 166 50 diesem
1586 319 64 48 Au-

134 406 235 68 genblicke
416 404 70 49 die
529 405 108 49 Zahl
682 405 132 49 derer
857 405 42 48 in
941 402 327 55 Deutschland,
1314 400 69 49 die
1427 400 41 49 in
1515 400 166 49 diesem

129 490 151 51 Fache
311 489 217 49 Besseres
562 488 174 58 leisten,
782 488 104 49 sehr
917 486 157 66 gering
1266 484 112 49 Also
1425 482 96 50 sind
1566 482 114 50 doch

132 571 118 51 noch
280 571 193 49 Bessere
504 570 80 58 da;
613 588 175 33 warum
819 568 298 67 verschweigt
1148 585 49 31 er
1226 566 119 50 denn
1376 565 123 50 diese
1540 566 112 57 „Bes-

337 655 70 59 da,
453 672 74 33 wo
567 672 47 33 es
647 654 163 49 darauf
844 653 175 54 ankam,
1065 651 78 50 das
1177 651 175 49 Beste
1384 668 52 30 zu
1468 649 213 49 nennen?

130 739 122 50 Herr
283 738 109 49 Raff
412 738 59 48 ist
501 754 83 32 uns
614 736 98 49 eine
745 753 111 48 ganz
889 734 317 66 gleichgültige
1237 735 198 54 Person;
1479 731 108 49 aber
1616 731 64 49 als

134 819 83 51 wir
246 819 145 51 dieses
423 819 137 57 lasen,
591 818 145 49 haben
768 816 83 50 wir
882 833 83 33 uns
995 816 42 49 in
1068 816 146 49 seiner
1244 814 131 51 Seele
1407 814 245 66 geschämt.

255 903 178 48 Einmal
463 902 191 49 erblickt
684 918 48 31 er
757 902 207 64 Wagner
986 899 42 50 in
1058 900 80 49 der
1157 898 376 57 Wolfsschlucht,
1563 896 117 49 dann

132 985 71 51 bei
232 984 192 57 Berlioz,
453 983 117 49 dann
603 983 41 48 in
677 983 85 48 den
786 983 312 65 Hugenotten.
1134 983 62 47 So
1226 982 110 47 lässt
1365 997 48 30 er
1445 979 90 48 sich
1567 978 113 48 über

133 1068 79 49 das
228 1064 567 57 Bass-Clarineüen-Solo,
825 1064 194 50 weiches
1051 1064 55 51 A.
1138 1064 50 50 B.
1215 1064 132 48 Marx
1378 1062 119 49 nicht
1529 1078 152 50 genug

133 1168 53 33 zu
219 1149 134 50 loben
387 1148 146 57 weiss,
564 1148 93 49 also
688 1164 107 32 aus:
837 1147 106 59 „Ich
976 1148 136 48 werfe
1132 1147 254 66 Wagr.er'n
1417 1144 121 50 nicht
1569 1161 108 49 gern

130 1232 371 51 Reminiscenzen
547 1248 94 41 vor,
685 1248 51 32 so
782 1230 84 50 wie
909 1229 69 51 ich
1022 1230 113 50 auch
1181 1229 42 48 in
1265 1229 176 65 einigen
1483 1227 196 49 anderen

132 1316 179 64 Dingen
354 1313 67 48 die
464 1313 268 66 möglichste
763 1312 255 51 Discrelion
1047 1314 45 65 (!)
1125 1328 142 50 gegen
1299 1312 73 47 ihn
1406 1309 275 56 beobachte;

133 1397 109 51 aber
274 1397 122 49 diese
430 1396 443 50 Ideen-Association
917 1397 55 48 ist
1016 1394 118 51 denn
1177 1394 115 50 doch
1333 1394 69 49 ein
1445 1392 148 67 wenig
1625 1410 54 30 zu

133 1479 264 50 auffallend:

141 1798 217 66 (Hugen.,
387 1796 57 49 A.
478 1794 68 68 5).
576 1794 128 51 Eben
737 1815 50 30 so
820 1796 145 66 wenig
995 1796 116 48 kann
1143 1794 64 49 ich
1239 1792 116 51 mich
1386 1811 55 30 an
1473 1792 79 49 der
1582 1791 78 49 Ein-

139 1881 172 63 leitung
341 1896 102 32 zum
475 1878 167 50 dritten
673 1879 208 66 Aufzuge
913 1878 194 50 erlaben.
1152 1878 62 48 Es
1244 1877 108 48 fehlt
1384 1877 67 47 ihr
1480 1874 121 50 nicht
1632 1892 54 32 an

139 1965 150 47 Feuer
318 1962 94 48 und
443 1978 56 32 an
529 1962 144 48 einem
706 1963 221 65 gewissen
947 1962 192 56 Glänze;
1169 1959 110 50 aber
1301 1968 196 40 ersteres
1524 1956 163 50 zündet

139 2045 124 49 nicht
293 2045 90 48 und
416 2043 214 51 letzterer
659 2043 184 51 blendet
875 2043 136 60 nicht,
1041 2061 100 32 man
1176 2043 114 49 kann
1322 2042 77 50 der
1418 2041 142 48 Sache
1592 2039 93 50 also

139 2145 111 49 ganz
284 2127 117 48 ohne
426 2127 167 50 Gefahr
622 2128 141 49 näher
793 2136 148 41 treten
972 2127 89 48 und
1094 2126 61 48 sie
1186 2125 79 49 mit
1287 2126 154 47 Müsse
1474 2122 210 50 besehen.

144 2212 70 47 Da
245 2208 213 50 entdeckt
483 2226 102 32 man
617 2210 117 48 denn
765 2210 102 49 bald
899 2210 67 48 die
997 2208 212 49 Kahlheit
1238 2207 80 48 der
1350 2206 149 56 Ideen,
1533 2222 52 31 zu
1618 2221 46 31 sa-

146 2310 86 48 gen
265 2292 69 48 die
364 2292 292 66 Seichtigkeit
687 2292 78 50 des
782 2291 410 67 Ilomophonislen,
1223 2290 80 49 der
1334 2290 93 47 hier
1458 2288 114 49 auch
1601 2287 86 48 den

142 2393 86 31 von
259 2375 89 48 ihm
379 2373 66 50 bis
477 2393 102 30 zum
610 2375 112 48 Ekel
755 2375 329 51 verbrauchten
1115 2373 160 56 Effect,
1308 2372 96 48 eine
1437 2371 129 66 plane
1592 2371 64 48 Me-

141 2457 115 50 lodie
288 2464 132 42 unter
461 2495 17 19 „
946 2455 397 67 Geigen-Figuren
1374 2471 57 31 zu
1461 2452 145 66 legen,
1638 2469 49 31 so

143 2540 125 48 krass
310 2539 87 49 wie
437 2540 195 65 möglich
671 2540 242 49 ausbeutet
1066 2540 117 49 Was
1214 2537 278 49 Dilettanten
1535 2551 152 50 sagen,

143 2622 145 49 denen
318 2639 50 32 er
400 2639 110 48 gern
541 2622 80 49 mit
649 2624 180 48 Massen
859 2621 226 67 imponirt,
1132 2621 225 47 kümmert
1398 2617 114 50 mich
1554 2616 133 50 nicht.

142 2705 85 48 Die
257 2704 290 68 Speculation
576 2705 79 48 auf
680 2706 85 50 den
795 2705 362 48 Dilettantismus
1186 2702 56 49 ist
1272 2701 215 66 übrigens
1517 2705 142 43 entwe-

144 2787 80 50 der
257 2789 246 63 Wagner's
532 2787 236 50 schwache
797 2787 122 50 Seite
961 2786 257 66 überhaupt
1258 2784 136 58 nicht,
1439 2782 110 50 oder
1580 2781 107 50 aber

144 2888 49 32 er
223 2870 93 50 hält
345 2870 92 50 sich
470 2871 325 50 unwillkürlich
834 2873 69 50 für
931 2870 174 57 besser,
1144 2869 63 49 als
1238 2885 49 31 er
1473 2866 65 65 (S.
1574 2864 111 50 180

237 2951 149 68 181.)
416 2953 193 49 Wieder
637 2955 69 48 ein
737 2954 322 49 interessantes
1089 2948 474 53 Entweder—Oder.

268 3036 102 47 Den
403 3035 331 67 Wendepunkt
765 3036 79 50 der
876 3036 128 66 Oper
1044 3035 58 50 im
1144 3034 164 49 dritten
1342 3033 113 48 Acte
1487 3029 67 51 bis
1586 3048 103 32 zum

146 3118 228 58 Schlüsse,
406 3134 72 33 wo
510 3134 47 32 es
588 3119 90 48 sich
711 3137 75 31 um
819 3119 76 48 das
922 3118 181 49 lederne
1129 3115 280 51 Geheimniss
1433 3113 147 59 dreht,
1610 3111 53 50 be-

144 3200 185 51 handelt
355 3199 123 49 Herr
508 3200 108 48 Raff
638 3200 268 66 vollständig
947 3200 57 48 im
1036 3200 128 48 Tone
1205 3198 122 49 einer
1356 3195 204 50 Parodie.
1610 3194 79 49 Als

143 3284 59 50 im
221 3283 362 66 Brautgemache
599 3283 128 49 keine
754 3283 81 49 der
858 3284 178 64 Fragen
1054 3283 141 48 Elsa's
1219 3298 53 31 zu
1298 3279 101 50 dem
1425 3276 235 68 gewünsch-

146 3375 76 41 ten
250 3367 122 49 Ziele
401 3365 137 60 führt,
594 3367 188 58 „würde
812 3365 61 50 sie
1223 3370 99 58 sagt
1352 3379 64 41 er,
1472 3379 85 38 „zu
1588 3360 101 50 dem

144 3450 168 49 letzten
341 3448 273 49 berühmten
644 3449 144 48 Mittel
818 3447 182 67 greifen,
1042 3463 56 32 zu
1129 3447 80 48 der
1239 3442 451 52 unwiderstehlichen

146 3530 275 54 Ohnmacht.
478 3530 127 50 Aber
646 3532 116 49 eben
802 3532 62 48 als
905 3530 145 50 dieser
1079 3528 147 49 Effect
1266 3525 259 68 angebahnt
1564 3524 129 61 wird,

146 3617 150 65 dringt
325 3614 80 50 der
437 3614 248 50 Geächtete
715 3614 81 50 mit
826 3614 91 50 vier
942 3610 309 51 Bewaffneten
1280 3610 66 49 ins
1372 3608 213 58 Gemach,
1615 3624 76 33 um

148 3702 102 48 dem
269 3699 148 50 Ritter
437 3698 294 48 vermuthlich
755 3697 122 49 nicht
900 3694 123 51 bloss
1050 3732 18 19 „
1092 3693 110 57 „des
1226 3693 190 66 Fingers

148 3782 198 51 sondern
376 3797 73 33 wo
480 3779 193 66 möglich
703 3779 70 50 die
804 3778 146 50 Kehle
989 3774 373 52 abzuschneiden.
1407 3774 106 49 Elsa
1554 3776 140 47 stösst

148 3867 128 51 einen
316 3904 16 19 „
356 3862 376 61 „fürchterlichen
1044 3876 78 33 aus
1165 3857 92 49 und
1296 3857 145 51 reicht
1470 3857 104 49 dem
1604 3856 60 49 Lo-

149 3948 190 68 hengrin
368 3947 80 51 das
478 3946 224 59 Schwert,
743 3944 194 51 welches
967 3961 71 32 am
1066 3938 262 52 Ruhebette
1359 3939 148 58 lehnt;
1550 3937 145 51 dieser

149 4035 78 48 hat
269 4032 118 51 denn
431 4030 115 52 auch
590 4028 134 52 kaum
764 4028 118 50 noch
922 4027 113 60 Zeit,
1078 4023 91 51 sich
1212 4022 333 51 umzuwenden
1602 4019 92 51 und

1775 230 245 59 Friedrich,
2065 230 81 51 der
2187 230 138 49 schon
2371 230 111 49 nach
2528 228 89 51 ihm
2660 227 197 61 ausholt,
2902 227 411 54 niederzustossen.

1773 315 116 48 Dass
1921 330 47 33 es
1999 312 77 50 mit
2107 312 80 50 der
2212 311 259 51 Ohnmacht
2505 312 112 65 jetzt
2659 319 93 42 erst
2781 310 131 51 recht
2940 311 139 50 Ernst
3110 312 70 59 ist,
3219 330 73 31 ver-

1774 397 120 50 steht
1924 396 117 58 sich;
2072 395 109 51 aber
2211 395 80 49 der
2321 395 238 49 Gralritter
2589 395 175 67 quittirt
2794 394 73 49 für
2898 394 90 49 ein-
3020 394 91 49 und
3142 396 174 48 allemal

1773 480 97 48 eine
1901 480 216 58 Position,
2161 495 74 33 wo
2273 495 49 32 er
2363 495 79 32 vor
2484 477 81 49 der
2593 479 156 63 Zunge
2789 477 147 50 seiner
2965 477 121 49 Frau
3119 476 113 51 eben
3264 495 50 33 so

1774 562 146 66 wenig
1952 561 144 50 sicher
2126 561 69 59 ist,
2222 561 62 48 als
2315 578 80 33 vor
2425 560 101 49 dem
2560 560 253 49 Hinterhalt
2843 560 150 48 seiner
3023 559 182 58 Feinde,
3238 560 80 49 mit

1773 645 86 50 den
1889 644 254 66 elegischen
2176 645 225 50 Worten:
2455 682 17 18 „
2496 642 181 58 „Weh!
2709 659 91 32 nun
2830 642 55 49 ist
2914 642 55 49 all
3002 659 138 32 unser
3173 642 144 49 Glück

2023 728 137 47 —Er
2189 725 189 50 verlässt
2408 724 85 51 den
2519 724 164 57 Palast,
2714 724 85 48 wie
2823 724 145 48 Adam
2999 724 78 49 das
3106 725 212 48 Paradies

1772 810 37 66 (?
1840 809 119 49 nicht
2000 825 127 50 ganz,
2171 808 148 49 Adam
2362 810 132 47 nahm
2536 806 68 50 die
2635 806 121 49 Frau
2800 806 109 61 mit),
2952 805 92 50 und
3087 806 109 66 geht
3238 824 80 32 ans

1773 891 336 59 Scheide-Ufer,
2138 909 75 32 wo
2244 891 80 49 der
2354 890 245 50 Heerbann
2631 889 92 49 sich
2754 905 103 32 zum
2889 888 300 67 Ungarnzuge
3220 908 73 32 ver-

1773 974 218 49 sammelt.
2037 974 105 48 Elsa
2187 974 57 49 ist
2284 973 138 49 schon
2456 973 162 49 vorher
2649 971 105 50 dort
2791 970 321 66 eingetroffen;
3157 971 61 49 sie
3261 973 56 48 ist

1774 1058 127 48 mehr
2317 1056 64 49 als
2841 1053 90 49 und
2977 1053 114 49 sieht
3135 1053 184 50 beinahe

1772 1157 95 40 aus,
1897 1139 64 50 als
1977 1139 152 50 wollte
2147 1138 62 51 sie
2226 1139 80 48 mit
2322 1138 80 49 der
2420 1138 197 49 schönen
2636 1134 291 52 Pensionärin
2954 1135 58 50 im
3048 1136 239 58 „„schwar-

1774 1239 79 33 zen
2194 1222 158 66 singen
2373 1239 10 31 :

2253 1313 100 46 Ach,
2382 1312 108 39 diese
2518 1312 138 43 Nacht,

2249 1384 71 40 Die
2350 1384 61 38 ich
2442 1382 268 47 durchwacht,

2249 1457 77 38 Hat
2355 1455 141 40 Unheil
2527 1455 75 38 mir
2630 1454 199 51 gebracht.

1776 1547 50 47 In
1858 1544 80 48 der
1966 1543 132 57 That,
2128 1559 47 32 es
2207 1542 54 49 ist
2295 1543 125 48 keine
2442 1540 283 66 Kleinigkeit,
2756 1540 41 49 in
2832 1538 100 49 dem
2964 1539 166 48 letzten
3161 1538 160 51 halben

1778 1628 115 48 Acte
1922 1627 124 48 einer
2068 1625 129 68 Oper
2223 1625 183 50 dreimal
2437 1624 113 50 nach
2580 1622 214 50 einander
2822 1622 41 48 in
2890 1620 262 50 Ohnmacht
3182 1622 132 49 fallen

1779 1709 91 50 und
1901 1709 118 49 beim
2051 1708 166 50 vierten
2249 1708 117 48 Male
2408 1707 99 49 todt
2547 1707 93 49 sein
2672 1724 53 30 zu
2757 1709 197 45 müssen.
2998 1704 127 50 Dazu
3158 1704 164 65 gehört

1779 1792 292 67 Disposition.
2129 1791 259 66 Lohengrin
2442 1788 282 66 rechtfertigt
2778 1788 92 50 sich
2924 1803 162 50 wegen
3140 1785 79 51 des
3266 1805 55 30 an

1780 1874 227 51 Friedrich
2038 1872 292 67 begangenen
2345 1872 341 65 Todtschlages,
2717 1871 86 48 den
2830 1869 89 50 ihm
2952 1869 80 49 der
3062 1868 152 66 König
3246 1868 59 50 bil-

1779 1957 112 66 liger
1922 1956 159 50 Weise
2112 1956 78 48 auf
2571 1952 221 57 schreibt;
2837 1968 49 32 er
2926 1949 176 50 belehrt
3142 1951 185 49 alsdann

1780 2041 71 48 die
1883 2038 117 50 hohe
2030 2038 352 65 Versammlung
2422 2037 113 49 über
2565 2036 84 49 den
2682 2034 104 50 Gral
2830 2033 91 50 und
2963 2033 208 50 erwähnt
3210 2033 114 48 auch

1780 2122 79 50 mit
1888 2122 224 64 Rührung
2143 2119 143 50 seines
2305 2121 169 65 Papa's.
2508 2119 104 47 Elsa
2645 2117 161 49 bereut
2837 2116 124 49 ihren
2987 2116 227 57 Vorwitz;
3247 2116 79 49 der

1780 2205 151 64 König
1972 2203 91 49 und
2107 2202 67 50 die
2207 2201 240 58 Cavaliere,
2493 2199 170 51 welche
2706 2217 55 32 an
2801 2198 102 50 dem

1781 2287 125 48 ihren
1939 2287 137 65 Spass
2107 2283 161 57 haben,
2301 2283 98 49 weil
2430 2283 63 49 sie
2535 2321 15 18 „
2576 2300 116 39 „von
2724 2282 86 47 ihm
2844 2279 195 68 geiührt,
3069 2281 79 48 des
3180 2281 146 65 Sieg's

2085 2367 112 59 sind,
2228 2366 129 49 laden
2387 2366 71 48 ihn
2489 2365 161 49 höflich
2677 2365 85 57 ein,
2794 2381 54 31 zu
2879 2361 204 59 bleiben;
3116 2380 50 30 er
3187 2362 141 50 selbst

1783 2451 108 67 geht
1931 2450 115 49 auch
2093 2466 172 50 ungern
2314 2466 85 31 von
2444 2447 144 50 seiner
2626 2447 175 65 jungen
2839 2446 121 48 Frau
3003 2445 103 59 fort,
3150 2445 70 49 die
3266 2445 57 48 im

1783 2533 186 51 Grunde
2001 2532 156 48 keinen
2188 2531 195 49 anderen
2415 2530 163 48 Fehler
2609 2530 91 56 hat,
2744 2528 64 50 als
2848 2528 103 49 dass
2992 2527 61 48 sie
3083 2526 114 51 eben
3229 2527 97 48 eine

1781 2620 121 47 Frau
1934 2617 79 57 ist;
2044 2633 96 31 wer
2157 2615 144 56 weiss,
2334 2630 91 33 was
2452 2613 114 65 jetzt
2593 2611 237 67 geschähe,
2863 2627 133 33 wenn
3026 2610 121 48 nicht
3175 2610 125 49 recht-

1784 2699 131 66 zeitig
1945 2699 69 48 die
2044 2697 207 49 Ankunft
2281 2696 77 50 des
2391 2696 218 48 Schwans
2655 2695 202 63 erfolgle,
2899 2691 197 51 welcher
3124 2692 81 48 mit
3236 2692 66 50 ele-

1784 2781 123 67 gisch
1938 2780 150 51 naiver
2118 2779 160 50 Grazie
2317 2777 158 50 mitten
2522 2779 42 48 in
2604 2777 88 49 den
2735 2780 158 44 süssen
2922 2776 202 47 Jammer
3156 2775 144 49 hinein-

2134 2861 64 67 (S.
2227 2860 116 51 210
2435 2859 150 67 211.)
2617 2859 121 48 Alles
2768 2857 78 49 mit
2877 2857 80 50 der
2998 2856 326 66 „möglichsten

2100 2951 173 60 gesagt.
2316 2945 61 47 Er
2408 2941 217 67 geberdet
2655 2940 92 49 sich
2777 2940 85 49 wie
2891 2940 72 49 ein
2994 2939 223 58 Italiäner,
3248 2940 79 48 der

1783 3047 80 31 vor
1893 3029 165 49 seinem
2089 3028 206 64 Heiligen
2326 3026 80 50 auf
2429 3025 84 48 den
2543 3024 176 51 Knieen
2749 3022 106 66 liegt
2885 3022 92 50 und
3007 3021 42 48 in
3081 3021 147 50 dieser
3258 3021 46 50 Si-

1784 3113 174 48 tuation
1990 3110 92 50 sich
2113 3109 113 49 über
2254 3109 74 48 ihn
2358 3108 135 66 lustig
2523 3106 163 49 macht.

1906 3195 135 48 Denn
2080 3193 70 48 ein
2178 3190 199 66 Heiliger
2416 3188 140 50 bleibt
2584 3188 92 50 ihm
2706 3188 121 49 Herr
2857 3188 210 64 Wagner
3091 3185 73 51 bei
3196 3186 130 50 allem

1784 3276 117 56 dem,
1933 3275 83 50 wie
2048 3274 206 66 folgende
2278 3270 295 69 Aussprüche
2604 3271 169 49 lehren.
2806 3270 240 65 „Wagner
3076 3268 141 50 bleibt
3244 3287 56 31 un-

1784 3360 306 49 verkiimmert
2136 3356 77 49 das
2258 3355 143 65 ewige
2442 3354 241 49 Verdienst
2726 3351 80 50 der
2848 3350 313 67 Begründung
3197 3350 130 66 jenes

1784 3458 149 33 neuen
1964 3439 120 58 Stils,
2114 3438 42 49 in
2188 3436 218 50 welchem
2427 3436 143 51 Wort
2592 3435 92 50 und
2703 3433 290 67 Tonsprache
3023 3449 55 32 zu
3109 3438 191 44 untrenn-

1784 3522 157 50 barem
1971 3519 412 52 Ausdrucksmittel
2415 3519 43 48 in
2489 3518 140 49 Einer
2658 3516 90 50 und
2778 3514 242 49 derselben
3048 3514 257 51 Individuali-

1785 3610 68 45 tät
1882 3605 92 50 und
2005 3604 326 67 gemeinsamer
2363 3602 231 64 Wirkung
2623 3599 112 51 nach
2773 3614 165 33 aussen
2969 3598 234 66 vereinigt,
3242 3598 86 49 den

1785 3689 127 50 Stoff
1935 3687 93 50 und
2058 3687 121 49 seine
2209 3684 276 67 Disposition
2514 3684 59 47 im
2602 3682 344 49 Musik-Drama
2979 3698 85 32 von
3092 3680 119 49 ihrer
3241 3680 60 50 Na-

1785 3777 92 52 tur,
1924 3770 80 50 der
2044 3769 79 50 des
2155 3768 221 49 erhöhten
2408 3764 483 69 Sprach-Vermögens
2922 3778 95 42 aus,
3059 3760 272 51 bestimmen

1787 3853 92 50 und
1910 3852 258 58 darstellen,
2209 3848 219 52 wodurch
2470 3847 71 49 die
2571 3845 187 51 formale
2787 3844 247 50 Unfreiheit
3062 3843 92 49 und
3182 3843 120 67 Nega-

1785 3936 97 49 tion
1912 3934 120 51 beim
2061 3933 254 66 bisherigen
2344 3929 353 52 Kunstschaffen
2740 3928 43 51 in
2811 3927 116 49 allen
2957 3927 265 66 Gattungen
3251 3927 81 50 der

1787 4019 81 51 mit
1883 4018 150 53 Musik
2060 4016 295 53 combinirten
2376 4012 310 52 Kunstwerke
2710 4012 68 49 für
2809 4009 93 51 ein-
2932 4009 94 51 und
3049 4009 174 51 allemal
3255 4028 51 48 ge-
