3286 4404
189 4091 52 39 90

176 282 61 37 On
264 297 18 22 a
308 282 194 38 demandé
526 297 63 23 ces
614 280 171 39 résultats
808 282 19 36 à
853 280 253 50 l'expérience

177 338 162 38 directe.
360 339 48 37 Je
431 353 117 35 pense
569 339 109 48 qu'au
703 339 160 48 premier
885 335 119 38 abord
1028 351 60 22 cer-

177 396 95 36 tains
297 396 213 46 ingénieurs
537 398 65 33 ont
628 396 65 35 été
718 395 127 36 tentés
873 392 61 50 d'y
960 393 77 35 voir
1063 407 43 21 un

179 456 126 31 retour
333 451 20 36 à
383 449 249 50 l'empirisme,
661 454 82 32 tant
773 447 208 38 l'habitude
1012 449 95 35 était

181 508 96 47 prise
306 505 50 38 de
386 505 211 39 confondre
623 504 149 37 théorie
801 509 40 33 et
871 503 214 38 mathémati-

180 577 105 33 ques.
315 562 61 37 On
408 564 100 35 avait
537 560 118 50 perdu
685 560 50 37 de
762 575 71 22 vue
863 574 75 35 que
967 558 31 37 le
1028 558 60 37 fon-

181 618 158 38 dement
384 617 68 37 des
493 616 168 38 théories
704 618 96 35 était
844 614 263 51 l'expérience,

181 673 93 38 dont
307 689 69 21 une
409 678 86 44 trop
529 672 136 48 longue
698 670 184 39 habitude
915 670 47 38 du
995 668 113 39 calcul

182 732 101 35 avait
314 729 188 38 détourné
532 728 153 50 l'esprit.
715 728 61 37 On
809 726 207 48 comprend
1050 740 40 22 au-

181 785 179 50 jourd'hui
388 800 75 35 que
489 800 45 22 ce
560 789 127 32 retour
711 785 20 36 à
758 783 263 50 l'expérience,
1049 783 59 47 qui

181 841 106 38 laisse
314 857 43 22 au
384 840 114 38 calcul
524 840 30 37 la
583 839 108 51 place
716 841 59 47 qui
803 837 41 38 lui
870 840 156 40 revient,
1052 842 58 32 est

183 913 42 21 un
255 897 118 48 grand
407 899 169 48 progrès.

184 954 46 38 Le
262 952 113 39 calcul
407 967 182 23 conserve
621 950 183 39 d'ailleurs
835 965 69 22 une
936 951 174 36 situation

184 1008 220 51 privilégiée
430 1023 44 23 au
504 1009 103 49 point
631 1007 50 37 de
706 1021 72 23 vue
802 1005 48 38 du
877 1005 156 37 nombre
1061 1003 49 37 de

183 1080 58 23 ses
266 1064 181 50 adeptes;
473 1063 18 37 il
518 1068 58 33 est
600 1064 20 36 à
649 1061 28 39 la
707 1063 137 49 portée
869 1060 49 38 de
943 1065 95 32 tous.
1066 1060 44 36 La

183 1120 184 38 méthode
394 1117 298 52 expérimentale
717 1122 57 33 est
799 1115 210 40 seulement
1033 1116 19 36 à
1081 1114 29 36 la

186 1178 137 48 portée
353 1176 69 37 des
452 1176 231 47 organismes
715 1174 160 49 équipés
905 1187 45 22 en
982 1172 109 37 consé-

184 1247 162 35 quence.
374 1231 96 37 Cela
497 1230 103 38 suffît
628 1228 183 39 d'ailleurs
837 1232 40 33 et
903 1227 17 37 il
946 1226 166 37 faudrait

186 1287 172 39 craindre
401 1286 29 38 la
475 1291 87 45 trop
604 1284 146 49 grande
794 1284 208 49 dispersion
1045 1281 68 38 des

184 1347 163 35 services
367 1345 317 47 expérimentaux,
711 1356 89 34 pour
821 1339 51 38 les
894 1341 138 35 raisons
1052 1339 60 45 qui

186 1405 127 33 seront
343 1399 198 50 indiquées
572 1397 75 51 plus
677 1397 81 37 loin.
790 1396 88 46 Que
906 1399 129 33 toutes
1063 1393 50 37 les

186 1458 217 36 universités
424 1471 46 22 en
496 1453 219 51 possèdent,
739 1455 75 34 rien
838 1451 50 38 de
913 1450 75 50 plus
1011 1454 83 32 natu-

185 1512 50 38 rel
262 1517 40 32 et
328 1511 50 37 de
407 1510 75 51 plus
510 1509 181 48 légitime.

189 1569 64 37 Les
279 1570 114 35 essais
421 1566 232 38 deviennent
680 1564 99 38 donc
806 1562 50 39 les
883 1576 154 36 moyens
1065 1560 50 38 les

189 1623 75 48 plus
296 1625 73 37 sûrs
399 1628 40 33 et
469 1622 51 38 les
553 1620 75 51 plus
662 1623 180 47 puissants
873 1618 222 38 d'investiqa-

185 1684 77 34 tion
284 1679 202 41 théorique
507 1682 40 33 et
569 1676 50 39 les
640 1675 181 39 meilleurs
842 1674 202 38 auxiliaires
1065 1672 49 38 de

186 1736 30 38 la
239 1736 162 37 théorie.
427 1734 17 38 Il
468 1733 131 38 aident
621 1735 20 35 à
664 1731 30 38 la
718 1730 200 39 résolution
941 1729 69 38 des
1033 1744 62 34 pro-

187 1792 143 38 blèmes
360 1790 320 49 mathématiques
707 1787 177 38 difficiles
911 1801 45 22 ou
984 1801 21 35 y
1033 1800 62 35 sup-

189 1848 140 40 pléent.

189 1903 36 39 Ils
264 1907 166 47 peuvent
468 1905 138 47 opérer
642 1916 55 22 sur
736 1899 68 37 des
843 1897 185 39 éléments
1065 1896 50 38 de

187 1961 251 37 construction
468 1973 44 23 en
540 1959 102 35 vraie
671 1955 189 48 grandeur
887 1969 45 23 ou
962 1953 151 43 réduits,

188 2032 43 22 ou
259 2032 55 21 sur
339 2015 69 38 des
437 2013 215 38 réductions
678 2013 50 36 de
755 2012 271 37 constructions
1054 2024 42 23 en-

186 2075 116 35 tières
322 2086 44 23 ou
388 2070 49 38 de
456 2070 211 47 fragments
686 2071 235 38 importants.
942 2067 173 36 J'estime

188 2129 111 49 qu'on
336 2131 91 46 peut
462 2127 119 36 réunir
615 2140 64 23 ces
714 2124 167 37 diverses
917 2121 200 38 modalités

187 2199 83 23 sous
307 2183 32 38 le
379 2198 82 22 nom
500 2183 211 47 générique
751 2180 155 37 d'essais
945 2194 55 22 sur
1041 2192 51 22 mo-

188 2240 118 38 dèles.

189 2298 65 36 Les
275 2310 154 35 moyens
450 2294 94 38 dont
566 2309 45 21 on
633 2293 153 49 dispose
808 2296 83 33 sont
911 2292 121 36 variés
1056 2305 8 22 :

190 2365 64 37 Les
285 2363 202 37 méthodes
518 2361 353 47 élasticimétrîques
901 2373 56 23 sur
986 2356 105 38 modè-

239 2419 51 39 les
320 2435 45 22 en
398 2421 178 34 matières
605 2416 167 37 diverses
805 2430 7 23 :
844 2417 129 40 aciers,
1007 2412 90 39 cellu-

238 2475 85 44 loïd,
350 2480 142 38 carton,
518 2478 91 39 etc.;

190 2545 65 36 Les
300 2542 202 38 méthodes
547 2538 352 53 photo-élastiques,
944 2554 55 23 sur
1043 2554 50 21 mo-

239 2599 106 38 dèles
383 2601 259 47 transparents
682 2612 44 22 en
768 2611 119 28 verre,
931 2594 182 44 celluloïd,

242 2655 203 51 phénolite,
471 2659 91 38 etc.;

192 2725 65 36 Les
294 2721 203 38 méthodes
532 2719 138 39 basées
704 2735 56 23 sur
793 2719 33 37 le
863 2721 168 48 principe
1068 2718 50 37 de

240 2780 229 47 réciprocité
493 2777 50 38 de
567 2775 177 45 Maxwell,
771 2778 165 44 agissant
961 2790 65 33 par
1051 2774 44 37 dé-

238 2835 203 37 formation
467 2833 50 38 de
541 2832 116 39 lames
681 2831 215 44 élastiques,
924 2831 172 38 éventuel-

240 2890 141 39 lement
416 2888 242 44 assemblées,
696 2904 45 22 ou
778 2888 50 38 de
865 2886 170 39 modèles
1070 2902 45 22 en

242 2946 182 45 celluloïd,
458 2951 141 33 carton,
634 2950 90 32 etc.:
757 2944 52 38 les
842 2944 275 38 déformations

242 3005 229 36 extérieures
517 3005 108 34 étant
671 3001 172 37 relevées
889 2999 206 49 graphique-

243 3065 103 32 ment
374 3074 46 23 ou
451 3074 65 27 par
544 3059 68 37 des
641 3060 255 46 microscopes
924 3057 170 36 micromé-

244 3119 142 46 triques
449 3116 8 42 (
474 3113 346 43 înfluentîoaraphe
885 3112 233 41 Colonnettî,

246 3176 242 39 continostat,
529 3171 238 37 déformètre
806 3170 50 36 de
895 3170 53 36 M.
988 3170 132 39 Beqos.

246 3227 455 40 micro-influentiomètre
748 3226 50 37 de
849 3227 51 36 M.
951 3224 168 48 MagneL

244 3286 90 49 etc.)

192 3353 79 37 Ces
298 3351 203 38 méthodes
527 3355 64 32 ont
620 3351 135 44 permis
780 3347 143 51 jusqu'à
955 3349 164 46 présent,

192 3408 30 38 la
247 3408 237 38 vérification
509 3408 76 35 très
610 3405 255 38 satisfaisante
890 3403 84 38 d'un
1001 3401 118 39 nrand

194 3463 157 39 nombre
377 3462 50 38 de
453 3462 173 38 résultats
649 3460 231 42 théoriques,
908 3474 45 23 ce
979 3461 59 36 qui
1064 3463 56 32 e*t

193 3521 113 37 d'une
334 3518 116 38 utilité
479 3516 293 40 incontestable.
800 3514 86 39 Elles
912 3521 64 32 ont
1005 3513 115 39 rendu

195 3575 162 45 possible
383 3573 222 40 éqalement
628 3572 30 38 la
685 3572 156 38 solution
867 3572 84 36 d'un
978 3573 142 35 certain

196 3631 156 39 nombre
382 3631 49 38 de
461 3646 63 23 cas
554 3646 69 21 non
652 3627 138 39 résolus
819 3631 226 39 autrement,
1075 3641 46 22 en

195 3687 155 39 nénéral
380 3687 69 37 des
477 3702 62 23 cas
567 3688 77 35 très
675 3682 242 45 particuliers.

194 3746 61 36 On
280 3744 81 38 doit
383 3744 19 37 à
426 3742 30 38 la
478 3744 120 35 vérité
623 3741 50 37 de
695 3740 79 37 dire
798 3754 73 34 que
895 3737 30 38 la
951 3737 150 39 confron-

194 3803 121 36 tation
346 3800 50 36 de
428 3799 29 37 la
488 3798 149 37 théorie
669 3795 302 48 mathématique
1001 3798 39 33 et
1072 3793 50 38 de

195 3857 252 40 l'expérience
471 3869 19 22 a
516 3855 65 36 été
605 3854 77 36 très
706 3856 158 33 souvent
889 3852 19 35 à
934 3849 188 38 l'honneur

195 3914 50 37 de
271 3913 30 37 la
327 3911 160 43 théorie,
516 3925 45 23 ce
588 3911 60 47 qui
677 3922 140 36 prouve
844 3906 31 38 le
905 3906 73 37 bon
1005 3920 117 32 usage

195 3970 111 49 qu'en
343 3969 151 36 avaient
527 3966 71 37 fait
633 3965 51 37 les
716 3963 229 38 théoriciens
979 3961 120 37 mathé-

1214 280 205 35 maticiens.
1453 274 229 43 Seulement,
1718 272 93 38 leurs
1844 270 179 50 analyses,
2060 284 61 23 sou-

1211 339 90 32 vent
1320 336 76 35 très
1420 331 170 52 pénibles
1612 335 41 32 et
1673 328 253 41 fastidieuses,
1951 341 17 21 n
1988 328 152 35 avaient

1211 393 88 34 trait
1322 388 222 51 cependant
1566 387 85 48 qu'à
1674 385 69 37 des
1765 398 62 23 cas
1849 381 159 51 simples,
2032 381 88 37 théo-

1213 448 135 46 riques.
1390 445 43 36 La
1477 444 174 49 pratique
1690 443 145 47 impose
1877 442 157 33 souvent
2072 437 69 37 des

1213 501 140 38 formes
1388 505 87 41 trop
1510 497 215 49 complexes
1764 510 90 35 pour
1890 494 32 37 le
1959 492 127 39 calcul.
2122 491 18 38 Il

1214 563 58 32 est
1304 555 223 51 cependant
1558 557 76 34 très
1667 553 160 37 heureux
1860 565 74 34 que
1967 548 32 38 le
2032 548 88 38 chan-

1214 618 159 42 gement
1407 612 50 37 de
1490 609 184 38 méthode
1709 611 51 35 ait
1794 609 189 35 maintenu
2016 604 5 37 I
2041 606 100 35 unité

1215 670 50 37 de
1290 669 186 37 doctrine.
1501 667 111 41 Ainsi,
1640 664 18 37 il
1684 665 56 49 n'y
1766 679 18 21 a
1813 677 66 35 pas
1902 677 46 22 eu
1975 661 49 37 de
2051 662 72 35 révi-

1214 728 76 35 sion
1326 740 45 21 ou
1405 723 50 37 de
1488 722 231 49 séparation,
1754 721 89 36 mais
1876 733 43 22 au
1954 719 188 36 contraire

1215 779 273 40 consolidation
1520 783 40 33 et
1592 779 266 35 avancement.

1213 836 95 38 Cela
1334 840 149 46 permet
1505 835 91 37 aussi
1621 832 51 38 de
1694 836 140 33 mettre
1856 830 149 49 chaque
2029 828 114 37 chose

1214 894 19 36 à
1262 908 37 23 sa
1327 894 102 35 vraie
1458 890 122 51 place.
1604 889 71 37 J'ai
1703 887 155 49 indiqué
1884 886 87 50 déjà
2000 884 32 38 le
2059 898 86 31 qros

1215 953 193 42 avantage
1435 947 50 38 de
1514 945 142 38 l'étude
1686 943 303 48 mathématique
2020 955 8 23 :
2056 939 5 37 I
2081 938 43 38 ab-

1217 1020 115 22 sence
1367 1001 331 51 d'impedimenta.
1731 1000 110 37 C'est
1877 997 32 38 le
1945 999 90 35 côté
2072 1010 55 22 rna-

1218 1059 61 39 riel
1304 1061 59 47 qui
1390 1058 113 38 limite
1529 1057 32 37 le
1585 1070 151 24 recours
1761 1057 19 36 à
1806 1054 266 49 l'expérience.
2099 1052 46 36 Le

1218 1114 114 40 calcul
1360 1120 58 33 est
1444 1114 100 38 donc
1571 1114 124 36 assuré
1723 1111 50 37 de
1800 1115 119 33 rester
1948 1108 32 38 le
2010 1122 135 35 moyen

1219 1171 32 38 le
1284 1171 75 50 plus
1389 1174 156 35 courant
1576 1169 266 49 d'expression,
1875 1167 101 37 sinon
2009 1164 50 37 de
2092 1178 36 23 re-

1219 1227 162 39 cherche
1414 1232 40 32 et
1487 1225 174 38 d'étude.
1695 1224 61 37 On
1791 1223 201 46 n'imagine
2027 1235 119 33 guere

1219 1284 21 38 d
1261 1284 119 37 étude
1423 1280 258 52 approfondie
1724 1294 82 23 sans
1847 1293 63 23 son
1953 1291 193 24 concours.

1218 1339 96 38 Cela
1348 1346 58 31 est
1437 1341 77 35 très
1546 1337 86 37 bien
1665 1341 40 32 et
1737 1351 45 22 ne
1814 1333 192 40 contredît
2039 1331 89 38 nulle-

1219 1401 103 32 ment
1352 1395 29 37 la
1413 1395 189 37 nécessité
1632 1392 50 38 de
1711 1392 263 49 l'expérience,
2006 1388 141 38 limitée

1220 1468 66 21 aux
1320 1451 149 38 besoins
1505 1449 95 38 réels
1633 1454 40 32 et
1708 1463 66 22 aux
1809 1462 63 22 cas
1905 1448 44 35 où
1985 1445 69 37 elle
2090 1448 57 33 est

1221 1507 86 38 utile
1339 1522 46 23 ou
1416 1503 282 53 indispensable

1217 1600 69 35 Au
1332 1600 155 48 point
1531 1597 63 37 de
1639 1610 97 22 vue
1779 1594 365 47 didactique,

1216 1655 51 37 les
1292 1656 115 36 essais
1432 1669 55 22 sur
1513 1651 171 39 modèles
1710 1656 64 32 ont
1800 1665 70 22 une
1896 1651 76 35 très
1999 1648 147 48 grande

1216 1710 252 47 signification
1511 1711 179 41 intuitive,
1734 1707 206 38 éducative
1980 1710 40 33 et
2061 1719 65 23 con-

1215 1769 214 35 vaincante.
1475 1768 45 35 La
1564 1764 238 38 vérification
1848 1761 299 52 expérimentale

1218 1823 112 38 d'une
1360 1822 159 38 formule
1550 1821 143 38 établie
1726 1836 65 35 par
1820 1822 87 35 voie
1940 1818 182 38 mathéma-

1217 1882 106 47 tique
1357 1884 57 33 est
1447 1894 42 22 un
1522 1880 186 36 critérium
1740 1876 162 38 édifiant
1934 1876 50 37 de
2017 1875 113 37 l'exac-

1218 1936 125 38 titude
1373 1936 47 37 du
1454 1950 195 35 processus
1680 1933 138 38 mental
1851 1935 59 47 qui
1941 1947 20 22 a
1994 1931 154 38 conduit

1218 1993 69 37 des
1312 1992 231 51 hypothèses
1568 1989 318 52 expérimentales
1910 1989 50 38 de
1986 1988 93 37 base
2103 2003 44 22 au

1223 2049 153 38 résultat
1404 2049 60 50 (I).
1494 2048 53 37 Un
1581 2047 215 51 professeur
1827 2045 198 38 attachera
2056 2046 19 35 à
2107 2060 43 21 un

1221 2105 51 38 tel
1299 2105 154 38 résultat
1482 2104 279 50 pédagogique
1789 2118 71 22 une
1884 2101 127 38 valeur
2035 2116 97 22 consi-

1223 2161 173 38 dérable.
1430 2160 17 38 Il
1480 2177 21 34 y
1534 2176 19 21 a
1587 2176 45 21 eu
1668 2175 71 22 une
1771 2161 226 46 génération
2030 2157 102 37 d'étu-

1221 2218 122 38 diants
1380 2220 213 44 ingénieurs
1630 2218 231 48 sceptiques,
1901 2213 94 39 celle
2032 2215 60 47 qui
2130 2228 19 22 a

1224 2274 171 50 précédé
1424 2273 30 38 la
1485 2288 136 33 guerre
1651 2278 40 32 et
1721 2274 60 48 qui
1811 2273 139 36 sentait
1978 2269 151 39 confusé-

1223 2337 102 31 ment
1350 2330 264 38 l'insuffisance
1642 2329 50 37 de
1718 2328 29 38 la
1774 2328 102 38 seule
1901 2328 150 36 théorie
2077 2341 50 22 ma-

1221 2387 240 49 thématique
1489 2402 8 22 :
1524 2386 70 38 elle
1620 2386 149 38 doutait
1794 2385 50 37 de
1869 2399 58 23 ses
1952 2385 176 45 enseigne-

1223 2448 120 33 ments
1364 2443 109 38 faute
1499 2442 227 38 d'éléments
1750 2443 306 48 expérimentaux
2081 2439 54 38 suf-

1221 2500 143 38 fisants.
1387 2500 65 37 Les
1474 2501 114 36 essais
1610 2514 39 22 se
1675 2500 164 48 prêtent,
1865 2512 65 32 par
1951 2495 30 38 la
2006 2498 126 47 projec-

1221 2559 77 35 tion
1335 2556 74 38 fixe
1446 2571 45 22 ou
1528 2557 161 41 animée,
1727 2556 20 35 à
1783 2554 30 37 la
1851 2553 299 38 démonstration

1223 2612 176 44 sensible;
1430 2614 125 35 même
1588 2611 139 51 parfois
1757 2612 19 36 à
1807 2610 68 38 des
1904 2611 248 48 expériences

1223 2669 167 38 directes
1419 2669 50 37 de
1500 2667 314 38 démonstration.
1847 2665 37 39 Ils
1915 2669 233 47 permettent

1223 2727 93 36 aussi
1342 2725 62 50 d'y
1426 2727 121 35 initier
1571 2724 68 37 des
1664 2725 219 46 catégories
1908 2720 244 49 spécialisées

1225 2781 181 38 d'élèves.
1432 2782 34 36 A
1493 2796 83 22 mon
1604 2783 86 41 avis,
1717 2780 18 37 il
1763 2785 58 32 est
1847 2780 195 49 peut-être
2070 2779 60 40 pré-

1223 2837 150 38 férable
1397 2838 50 37 de
1473 2838 57 49 n'y
1553 2839 120 35 initier
1700 2852 74 34 que
1800 2836 69 37 des
1893 2838 130 48 jeunes
2049 2834 83 38 cher-

1223 2893 144 39 cheurs.

1223 2979 68 34 Au
1334 2979 155 47 point
1529 2977 63 37 de
1632 2992 97 22 vue
1769 2977 289 49 pratique,
2099 2973 51 39 les

1222 3036 114 35 essais
1364 3048 56 23 sur
1449 3032 171 39 modèles
1647 3038 65 32 ont
1740 3048 85 33 reçu
1855 3032 86 50 déjà
1971 3031 50 38 de
2051 3046 75 22 nom-

1227 3089 154 38 breuses
1410 3088 250 51 applications
1691 3104 82 22 sous
1800 3093 129 34 toutes
1958 3087 93 38 leurs
2080 3087 54 37 for-

1223 3160 90 23 mes.
1352 3145 37 38 Ils
1426 3146 234 37 deviennent
1698 3145 69 38 des
1805 3159 154 35 moyens
1997 3159 45 22 ou
2082 3143 69 37 des

1223 3201 202 38 auxiliaires
1447 3205 175 47 précieux
1647 3217 91 35 pour
1760 3201 32 38 le
1815 3200 114 39 calcul
1952 3206 40 32 et
2013 3200 33 38 le
2067 3200 64 37 des-

1221 3260 49 35 sin
1309 3257 227 39 d'éléments
1574 3259 228 47 d'ouvrages
1839 3273 45 22 ou
1923 3257 228 47 d'ouvrages

1222 3318 149 40 entiers,
1422 3314 147 50 lorsque
1619 3317 140 36 ceux-ci
1813 3317 221 47 présentent
2083 3313 68 37 des

1224 3373 234 35 nouveautés
1503 3371 260 44 audacieuses,
1810 3386 44 22 ou
1900 3370 69 38 des
2010 3370 142 36 formes

1223 3426 228 50 complexes.
1488 3426 37 39 Ils
1562 3433 166 44 peuvent
1765 3427 140 50 parfois
1941 3426 209 50 remplacer

1226 3483 278 43 partiellement
1548 3500 45 21 ou
1635 3484 232 37 totalement
1911 3483 51 37 les
2006 3481 144 39 calculs.

1224 3539 228 44 Seulement,
1476 3555 70 22 une
1567 3542 174 47 question
1762 3543 77 36 très
1858 3542 232 47 importante
2111 3553 39 23 se

1225 3610 93 35 pose
1340 3598 55 41 ici,
1418 3598 60 47 qui
1501 3611 19 22 a
1543 3599 115 35 moins
1678 3597 279 50 d'importance
1979 3611 44 22 au
2048 3598 104 47 point

1223 3652 50 37 de
1294 3667 72 22 vue
1387 3652 201 50 théorique
1611 3658 41 32 et
1673 3653 235 49 didactique,
1932 3651 93 39 celle
2047 3650 49 38 de
2119 3650 30 38 la

1223 3707 154 38 validité
1404 3708 48 38 du
1478 3714 130 44 report
1634 3709 69 38 des
1728 3709 172 38 résultats
1924 3708 47 38 du
1999 3706 152 39 modèle

1224 3779 55 22 sur
1307 3763 30 38 la
1367 3767 253 35 construction
1651 3765 125 44 réelle,
1807 3767 59 47 qui
1896 3764 157 50 dépend
2084 3764 68 37 des

1228 3901 44 49 (I)
1293 3901 83 37 Voir
1396 3917 141 23 encore
1559 3901 48 39 les
1628 3901 220 40 références
1870 3905 120 37 citées
2010 3902 119 39 d'Hen-

1228 3960 22 34 ri
1280 3958 188 37 Poîncaré.

2239 268 212 38 conditions
2481 265 100 38 dites
2610 263 50 38 de
2691 260 199 40 similitude
2921 274 18 22 a
2971 258 151 38 réaliser
3151 271 19 22 a

2240 329 63 33 cet
2347 323 113 42 effet,
2507 318 236 41 c'est-à-dire
2790 316 69 38 des
2905 318 176 47 rapports
3126 329 45 21 ou

2239 379 163 39 échelles
2439 378 69 38 des
2544 376 205 38 différents
2786 372 186 39 éléments
3010 372 143 36 interve-

2241 440 87 33 nant
2364 435 92 38 dans
2494 433 118 38 l'essai
2649 446 56 23 sur
2743 428 154 39 modèle
2935 433 40 32 et
3013 426 92 38 dans
3142 425 29 38 la

2241 491 145 38 réalité.

2242 548 47 38 Je
2328 548 200 37 n'entrerai
2569 560 66 35 pas
2670 545 44 36 ici
2753 542 92 38 dans
2883 541 32 37 le
2952 538 117 39 détail
3108 538 69 38 des

2243 606 193 46 questions
2479 602 50 37 de
2572 599 210 43 similitude,
2827 612 70 23 une
2941 595 236 39 conférence

2244 661 148 35 entière
2430 674 43 22 au
2510 659 115 35 moins
2658 672 21 34 y
2714 656 114 37 serait
2865 653 228 38 nécessaire.
3130 651 47 36 Je

2244 717 154 36 renvoie
2440 715 19 36 à
2501 712 154 38 l'article
2696 712 50 37 de
2790 726 83 21 mon
2915 708 175 45 colleque
3132 708 45 35 A.

2246 769 132 49 Schlag
2411 770 47 50 (I)
2488 785 56 22 sur
2576 768 30 38 la
2639 766 198 40 similitude
2870 766 227 42 mécanique
3131 778 46 21 en

2247 825 155 50 général
2438 831 41 32 et
2515 840 66 22 aux
2616 839 187 31 ouvrages
2836 825 78 35 très
2947 818 146 40 fouillés
3128 819 50 37 de

2247 898 82 22 mon
2362 880 279 40 collaborateur
2673 882 37 35 R.
2742 877 163 52 Spronck
2937 893 56 22 sur
3024 875 29 38 la
3085 877 75 36 simi-

2246 938 116 38 litude
2385 936 244 51 hydraulique
2649 936 60 49 (2).
2728 938 57 35 Au
2808 936 104 49 point
2933 933 50 38 de
3003 947 71 22 vue
3097 946 61 26 pra-

2244 997 118 47 tique,
2386 993 17 38 il
2424 998 59 33 est
2504 993 195 49 peut-être
2721 990 76 51 plus
2818 988 176 40 essentiel
3017 987 51 38 de
3091 987 86 38 bien

2247 1052 203 48 apprécier
2482 1048 51 38 les
2566 1062 132 24 causes
2733 1045 299 49 perturbatrices
3064 1044 50 37 de
3147 1042 30 38 la

2246 1105 199 40 similitude
2466 1109 40 33 et
2524 1104 93 37 leurs
2636 1102 120 39 effets
2775 1117 74 34 que
2868 1101 51 38 les
2938 1101 75 42 lois,
3034 1114 144 24 somme

2245 1167 110 33 toute
2385 1176 102 23 assez
2513 1158 159 51 simples,
2701 1158 51 37 de
2781 1157 30 38 la
2841 1155 212 40 similitude.

2248 1220 47 36 Je
2317 1234 60 21 me
2399 1216 118 38 borne
2538 1217 19 36 à
2581 1220 108 33 noter
2712 1229 85 35 que,
2822 1228 92 35 pour
2935 1212 50 38 les
3009 1210 171 39 modèles

2248 1275 50 37 de
2329 1274 284 41 constructions,
2643 1270 19 38 il
2692 1270 83 37 faut
2805 1270 203 49 apprécier
3041 1267 120 51 pleine-

2247 1336 103 33 ment
2375 1345 8 23 :

2300 1386 52 38 les
2375 1387 219 37 caractères
2620 1397 158 37 propres
2799 1381 51 38 de
2874 1381 203 37 matériaux
3101 1395 61 22 sou-

2300 1448 90 33 vent
2417 1441 204 38 différents
2646 1439 49 38 du
2724 1437 153 39 modèle
2905 1442 40 32 et
2972 1436 50 38 de
3050 1435 132 51 l'objet

2301 1498 77 38 réel
2399 1498 80 50 (par
2500 1495 186 51 exemple,
2710 1493 170 40 celluloïd
2903 1498 40 33 et
2964 1491 147 51 béton);

2301 1555 51 38 les
2397 1552 281 52 perturbations
2722 1552 242 50 provoquées
3008 1564 65 35 par
3114 1547 68 39 des

2302 1616 137 44 agents
2468 1608 161 40 naturels
2655 1608 288 51 (température,
2975 1604 205 44 humidité),

2303 1668 94 37 dont
2417 1666 52 39 les
2491 1668 144 35 actions
2658 1680 45 22 ne
2726 1669 83 33 sont
2834 1678 66 36 pas
2921 1663 20 37 à
2966 1661 69 39 des
3058 1660 104 39 échel-

2303 1724 51 38 les
2380 1723 261 38 déterminées
2667 1721 93 38 dans
2785 1719 33 38 le
2844 1717 153 40 modèle
3024 1722 41 33 et
3091 1717 92 38 dans

2303 1780 30 38 la
2362 1778 147 45 réalité;

2303 1836 32 38 le
2357 1836 71 38 fait
2449 1850 75 35 que
2545 1834 51 39 les
2617 1836 165 40 réqîmes
2803 1830 175 46 auxquels
2999 1836 83 33 sont
3103 1845 60 22 sou-

2305 1895 64 36 mis
2389 1891 33 39 le
2442 1891 152 38 modèle
2613 1895 42 33 et
2674 1888 132 52 l'objet
2826 1887 77 39 réel
2926 1891 168 47 peuvent
3113 1884 53 40 dif-

2303 1949 103 38 férer
2436 1947 309 52 profondément,
2778 1961 65 35 par
2872 1943 174 46 exemple
3076 1944 25 37 si
3132 1942 52 38 les

2304 2005 133 38 limites
2464 2003 205 50 élastiques
2696 2018 46 22 ne
2770 2006 83 34 sont
2881 2016 66 35 pas
2972 1999 191 39 simultané-

2307 2067 102 33 ment
2440 2063 182 35 atteintes
2653 2061 90 35 mais
2773 2056 212 40 seulement
3016 2056 93 37 dans
3140 2070 43 23 un

2305 2118 68 38 des
2399 2117 260 51 phénomènes
2684 2114 167 51 (modèle
2876 2130 45 21 ou
2947 2112 109 47 objet
3081 2111 103 50 réel).

2307 2176 71 36 Des
2401 2175 241 48 précautions
2662 2176 128 33 toutes
2813 2168 257 52 particulières
3091 2168 75 38 s'im-

2308 2236 136 45 posent
2472 2229 100 38 donc
2600 2243 91 36 pour
2717 2227 69 38 des
2812 2229 114 35 essais
2952 2225 51 38 de
3032 2229 151 38 rup+ure

2307 2292 41 32 et
2375 2286 67 38 des
2469 2288 114 35 essais
2609 2284 51 38 de
2687 2284 150 46 fatigue
2864 2298 55 22 sur
2949 2280 184 39 modèles.

2255 2344 18 38 Il
2296 2359 21 35 y
2341 2359 18 21 a
2386 2344 124 36 même
2534 2342 68 37 des
2627 2355 132 24 causes
2786 2337 298 52 perturbatrices
3109 2335 76 52 plus

2253 2402 205 44 grossières
2495 2413 153 24 encore,
2686 2395 113 40 celles
2837 2397 60 46 qui
2937 2396 248 43 proviennent

2250 2462 83 33 tout
2361 2455 239 42 simplement
2629 2453 50 38 de
2707 2452 31 38 la
2769 2451 200 44 difficulté,
2999 2452 103 36 voire
3131 2449 50 37 de

2254 2510 282 52 l'impossibilité
2561 2508 208 39 matérielle
2793 2508 51 38 de
2867 2507 151 38 réaliser
3043 2522 41 22 un
3111 2521 51 22 mo-

2255 2568 87 39 dèle
2373 2584 46 22 en
2449 2566 199 39 similitude
2680 2566 271 48 géométrique
2982 2563 93 38 dans
3102 2566 85 33 tous

2255 2641 57 23 ses
2341 2624 136 38 détails
2504 2624 108 47 (essai
2643 2638 55 22 sur
2728 2620 153 38 modèle
2910 2619 51 38 de
2992 2618 115 39 nœud
3137 2617 48 38 du

2258 2686 91 36 pont
2376 2681 50 37 de
2453 2681 148 47 Lanaye
2629 2678 60 51 (3).

2256 2739 275 46 D'expérience
2564 2733 247 44 personnelle,
2843 2735 34 47 je
2907 2735 97 35 tiens
3034 2747 45 22 en
3112 2733 50 35 mé-

2255 2794 131 38 diocre
2408 2795 135 36 estime
2564 2791 52 38 les
2637 2793 115 36 essais
2771 2805 56 22 sur
2848 2788 173 38 modèles
3043 2787 50 38 de
3114 2786 55 39 cel-

2255 2850 121 43 luloïd,
2398 2849 94 37 dont
2512 2847 217 46 l'avantage
2750 2843 178 41 essentiel
2949 2844 50 38 de
3021 2858 140 24 commo-

2255 2907 80 37 dité
2357 2921 59 22 me
2437 2906 123 39 paraît
2576 2902 294 39 fâcheusement
2891 2902 209 47 compensé
3122 2914 66 25 par

2255 2962 31 38 la
2319 2961 147 49 grande
2500 2958 274 52 susceptibilité
2806 2958 216 48 thermique
3054 2961 41 33 et
3128 2955 41 46 hy-

2255 3020 261 47 nrométrique
2540 3016 49 38 de
2611 3020 107 33 cette
2740 3013 217 40 substance.
2978 3013 210 49 J'éprouve

2256 3076 49 36 de
2340 3076 125 36 même
2500 3071 165 50 quelque
2698 3073 152 36 réserve
2884 3071 20 36 à
2940 3069 145 38 l'éaard
3121 3068 69 38 des

2257 3130 203 38 méthodes
2482 3132 59 44 qui
2566 3127 210 48 emploient
2797 3126 70 39 des
2890 3125 172 38 modèles
3088 3124 102 42 plans

2258 3189 111 37 posés
2392 3184 336 40 horizontalement
2749 3184 20 37 à
2796 3183 88 50 plat,
2909 3187 190 33 mesurant
3121 3180 70 39 des

2256 3246 166 36 tensions
2452 3257 55 23 sur
2538 3257 70 22 une
2637 3240 91 38 face
2757 3238 223 44 seulement,
3013 3254 62 22 car
3104 3236 70 39 l'ha-

2258 3299 133 38 bitude
2425 3299 69 36 des
2526 3312 165 23 mesures
2724 3296 51 37 de
2806 3297 168 36 tensions
3005 3311 57 22 sur
3095 3293 96 39 deux

2256 3356 108 38 faces
2391 3356 195 48 opposées
2615 3353 50 38 de
2693 3351 173 39 modèles
2895 3351 101 51 plans
3025 3351 71 37 m'a
3125 3352 45 35 aé-

2258 3411 235 39 néralement
2533 3411 146 36 montré
2721 3408 85 51 qu'il
2848 3424 41 22 se
2931 3407 152 50 produit
3123 3406 69 39 des

2256 3467 153 39 flexions
2449 3469 60 44 qui
2554 3470 167 45 peuvent
2762 3464 182 39 diminuer
2984 3462 208 40 beaucoup

2258 3525 324 43 l'approximation
2617 3522 69 38 des
2720 3520 184 43 résultats,
2942 3520 142 43 parfois
3117 3521 50 36 mê-

2258 3596 59 22 me
2339 3580 51 37 les
2411 3578 167 39 troubler
2602 3579 314 49 profondément.
2941 3577 93 38 Bref,
3055 3576 19 38 il
3100 3580 92 47 peut

2257 3713 44 50 (1)
2336 3714 125 37 Revue
2486 3711 208 51 technique
2723 3711 365 49 luxembourgeoise,
3117 3713 56 48 jan-

2255 3768 236 39 vier-février
2523 3770 104 36 1933.

2258 3836 44 49 (2)
2337 3836 205 37 Mémoires
2581 3834 51 39 de
2672 3834 30 39 la
2743 3836 157 38 Société
2942 3834 140 52 Royale
3123 3834 68 39 des

2258 3892 177 38 Sciences
2463 3890 51 38 de
2545 3892 125 47 Liège,
2709 3894 105 36 1933.

2259 3959 44 38 (3)
2338 3959 125 37 Revue
2498 3957 230 39 Universelle
2759 3958 70 39 des
2863 3961 131 36 Mines,
3036 3961 103 36 1933.
