2776 3937
305 1485 457 69 LETTRES
830 1485 130 69 ET
1033 1485 770 69 AUTOGRAPHES
1872 1485 134 69 DE
2075 1485 333 69 LULLY

275 1710 175 57 Nous
485 1710 235 57 savions
755 1707 129 73 déjà
919 1731 117 59 que
1069 1712 46 56 si
1154 1711 95 57 M.
1306 1711 239 77 Pougin
1583 1710 220 57 n'avait
1839 1730 101 58 pas
1977 1707 259 60 renoncé
2272 1707 30 59 à
2336 1707 210 73 écrire,
2583 1708 42 58 il

96 1799 155 55 avait
279 1797 79 59 du
393 1800 200 56 moins
628 1797 154 60 cessé
820 1799 211 80 depuis
1064 1800 348 79 longtemps
1446 1799 73 57 de
1553 1799 312 80 parcourir
1897 1799 81 57 les
2010 1799 177 57 livres
2221 1813 58 43 et
2314 1799 81 57 les
2416 1818 209 38 revues

97 1908 77 35 ou
208 1886 43 57 il
284 1901 86 45 est
406 1889 279 77 question
721 1888 309 58 d'histoire
1064 1889 305 57 musicale.
1413 1889 95 56 M.
1538 1889 241 77 Pougin
1808 1889 165 56 vient
2009 1886 72 57 de
2104 1908 150 37 nous
2288 1907 73 36 en
2396 1886 229 57 donner

99 1998 113 36 une
261 1998 226 58 preuve
537 1979 277 56 nouvelle
865 1999 71 36 en
986 1978 298 58 adressant
1334 1976 31 59 à

101 2064 228 60 curieux
348 2064 14 27 1
397 2087 117 35 une
547 2067 175 57 lettre
758 2068 105 77 qui
891 2065 217 59 dénote
1141 2068 372 79 l'ignorance
1550 2067 182 57 totale
1760 2063 77 61 où
1867 2067 40 55 il
1930 2087 57 37 se
2015 2081 212 43 trouve
2255 2065 98 57 des
2376 2079 250 42 travaux

97 2154 606 80 musicographiques
740 2155 70 58 de
845 2177 96 37 ces
966 2158 175 77 vingt
1171 2154 298 60 dernières
1493 2153 234 60 années.
1761 2155 57 58 A
1845 2176 221 58 propos
2090 2154 71 57 de
2188 2154 56 57 la
2270 2154 355 79 disparition

97 2243 70 59 de
203 2246 53 56 la
292 2246 513 78 correspondance
830 2246 71 57 de
927 2246 202 81 Lully,
1158 2246 39 56 il
1220 2244 234 59 affirme
1488 2266 144 36 avec
1668 2243 293 60 solennité
1990 2243 99 80 qu'
2182 2242 30 58 à
2248 2257 129 66 part
2406 2263 117 37 une
2546 2263 80 36 ou

97 2335 160 57 deux
293 2336 338 79 quittances
668 2336 104 79 qui
809 2350 105 43 ont
950 2335 163 80 passé
1166 2336 140 57 dans
1346 2336 81 57 les
1463 2349 204 43 ventes
1701 2332 468 81 d'autographes
2203 2354 142 36 avec
2378 2333 55 57 la
2466 2332 160 58 seule

96 2425 305 77 signature
459 2423 72 59 de
580 2425 203 78 Lully,
820 2445 76 37 on
955 2445 73 36 ne
1078 2423 245 59 connaît
1373 2444 102 58 pas
1526 2423 71 58 de
1644 2423 88 56 lui
1783 2444 117 35 une
1949 2422 158 57 seule
2156 2422 194 69 lettre,
2387 2442 78 36 un
2503 2421 124 57 seul

97 2512 168 59 billet
397 2514 241 57 Devant
684 2528 158 43 cette
876 2534 310 37 assurance
1234 2511 296 72 formelle,
1582 2533 78 35 un
1713 2511 336 57 chercheur
2100 2511 97 57 M.
2239 2511 203 56 Buron
2493 2511 134 56 s'est

99 2601 293 83 empressé
430 2603 70 58 de
536 2603 237 80 publier
807 2624 243 37 comme
1085 2601 229 59 inédite
1350 2624 116 36 une
1501 2604 176 56 lettre
1712 2601 69 57 de
1818 2603 182 77 Lully
2035 2600 149 80 qu'il
2211 2622 30 35 a
2269 2597 212 83 copiée
2516 2599 30 58 à
2571 2600 55 57 la

100 2691 431 82 Bibliothèque
597 2693 346 58 Nationale.
1008 2690 189 60 Hélas
1254 2707 158 42 cette
1463 2693 175 56 lettre
1695 2691 248 58 relative
2000 2712 117 35 aux
2171 2688 366 81 réparations
2594 2688 32 58 à

100 2782 290 57 effectuer
423 2782 142 57 dans
599 2783 52 56 la
687 2783 138 56 salle
859 2782 79 57 du
978 2782 190 57 Palais
1206 2782 196 78 Royal
1437 2794 85 43 est
1573 2801 236 35 connue
1854 2779 72 57 de
1959 2779 225 79 longue
2220 2779 133 56 date
2389 2778 71 57 de
2495 2790 132 45 tous

97 2872 80 57 les
210 2870 324 59 historiens
570 2870 71 58 de
674 2872 56 57 la
763 2873 282 77 musique
1094 2886 58 42 et
1202 2870 80 58 du
1319 2869 249 60 théâtre.
1619 2870 254 56 Nuitter
1901 2884 57 42 et
1992 2868 287 58 Thoinan
2315 2890 38 57 y
2386 2865 135 60 font
2556 2867 71 58 de

97 2958 345 83 fréquentes
491 2961 285 57 allusions
825 2959 141 59 dans
1013 2962 127 55 leur
1174 2980 265 58 ouvrage
1473 2980 98 37 sur
1602 2959 80 56 les

106 3050 221 78 (1886)
370 3065 58 43 et
467 3051 95 57 M.
603 3051 182 79 Bapst
812 3071 72 36 en
920 3051 199 56 donne
1152 3051 53 54 la
1239 3065 134 42 cote
1423 3062 207 43 exacte
1657 3047 17 25 2
1708 3048 141 57 dans
1883 3069 105 35 son
2029 3046 178 58 Essai
2232 3067 101 36 sur
2364 3046 42 57 F
2413 3044 214 59 histoire

103 3140 74 57 du
320 3140 188 56 théâtre
509 3160 103 58 paru
663 3160 71 36 en
782 3138 182 78 1893.
1018 3140 102 56 Au
1171 3152 151 44 reste
1357 3138 42 56 il
1435 3137 161 57 suffit
1633 3136 71 58 de
1738 3135 296 58 chercher
2067 3136 54 57 le
2156 3156 145 36 nom
2336 3135 72 57 de
2443 3135 183 80 Lully

100 3229 142 57 dans
289 3229 55 57 la
393 3227 157 59 table
584 3227 432 80 alphabétique
1051 3227 99 59 des
1186 3226 498 80 correspondants
1717 3226 72 57 de
1825 3225 250 58 Colbert
2112 3245 151 59 pour
2296 3246 38 60 y
2386 3239 241 43 trouver

97 3318 379 58 l'indication
511 3316 73 59 de
618 3339 66 36 ce
720 3318 349 57 document.

280 3408 60 57 Si
376 3422 156 43 cette
567 3409 174 56 lettre
777 3406 71 58 de
885 3406 179 80 Lully
1102 3405 145 59 n'est
1273 3406 176 79 point
1484 3406 324 69 inconnue,
1835 3405 61 56 ni
1930 3401 246 73 inédite,
2206 3403 110 55 elle
2350 3403 148 55 n'est
2524 3422 103 59 pas

215 3545 10 23 1
250 3550 181 35 Numéro
454 3547 54 36 du
534 3558 50 37 30
603 3546 154 49 janvier
784 3562 118 35 1912.
927 3546 99 37 Voir
1049 3545 101 38 aussi
1173 3543 165 39 l'article
1361 3545 53 36 du
1438 3544 208 37 Menestrel
1665 3543 48 38 de
1734 3541 151 40 février.

212 3604 14 22 2
250 3603 213 50 Mélanges
486 3603 163 39 Colbert
677 3607 73 46 165
776 3602 33 38 f°
831 3605 33 37 I.
889 3604 108 37 Essai
1021 3617 66 23 sur
1108 3602 191 38 l'histoire
1322 3602 54 37 du
1400 3602 162 46 théâtre,
1586 3615 38 38 p.
1652 3604 91 47 365.
