2776 3937
1270 247 61 68 S.
1398 247 54 69 I.
1520 247 102 68 M.

201 273 37 48 2

196 395 228 81 régime
459 410 56 43 et
541 416 57 37 se
633 396 232 79 plaisait
899 393 30 59 à
964 416 71 36 en
1070 395 212 78 parler,
1310 395 147 56 ainsi
1486 414 117 58 que
1630 392 69 57 de
1732 392 55 56 la
1824 388 390 70 Révolution,
2243 388 71 58 de
2347 390 54 56 la
2432 388 257 61 Terreur

195 500 58 43 et
286 485 71 57 de
391 499 134 43 tous
556 486 82 56 les
671 484 256 80 régimes
962 485 104 77 qui
1100 485 80 56 les
1226 496 104 44 ont
1378 484 198 56 suivis.
1614 481 56 59 A
1716 481 55 56 la
1819 480 152 57 suite
2006 479 71 55 de
2124 479 54 55 la
2230 475 369 59 Révolution
2634 500 54 40 sa

195 573 227 58 famille
454 573 94 58 fut
581 573 205 58 ruinée
821 587 58 43 et
913 588 157 42 cette
1105 585 166 43 toute
1293 571 183 79 jeune
1510 567 139 73 fille,
1688 569 184 78 petite
1918 581 57 44 et
2025 588 237 48 menue,
2298 567 288 78 entreprit
2621 569 67 58 de

195 664 54 56 la
281 660 145 59 faire
459 664 185 67 vivre,
678 663 266 56 donnant
978 660 98 59 des
1120 663 197 76 leçons
1351 660 72 57 de
1457 658 272 78 français,
1766 656 69 58 de
1871 658 179 77 piano
2204 669 95 42 cet
2332 655 356 60 instrument

198 749 144 60 était
376 753 151 56 alors
563 773 114 35 une
711 749 357 72 nouveauté,
1224 749 70 56 de
1330 748 202 70 chant,
1569 748 71 56 de
1675 747 298 78 peinture,
2008 744 72 57 de
2130 743 291 70 broderie,
2456 743 72 57 de
2563 757 127 47 tout

198 861 66 35 ce
300 839 213 79 qu'elle
548 841 184 55 savait
767 853 57 43 et
852 838 70 57 de
958 860 66 35 ce
1059 837 215 80 qu'elle
1311 857 70 36 ne
1415 837 185 56 savait
1635 854 101 60 pas
1767 856 11 34 :
1826 834 110 55 elle
1969 832 357 78 l'apprenait
2360 832 150 57 alors
2543 852 148 58 pour

196 929 53 56 le
285 927 362 58 démontrer.
686 928 138 56 Plus
874 927 128 56 tard
1050 926 111 55 elle
1209 923 220 80 épousa
1463 946 80 34 un
1578 923 72 57 de
1698 943 84 36 ses
1816 922 235 56 cousins
2087 921 105 78 qui
2227 918 144 58 était
2404 919 237 59 libraire
2675 947 11 46 ;

197 1037 126 37 sans
374 1015 250 71 enfants,
672 1017 108 56 elle
831 1013 66 60 fit
941 1017 169 55 venir
1162 1015 71 55 de
1280 1015 55 55 la
1383 1013 398 78 Champagne
1830 1031 116 36 une
1995 1011 71 56 de
2111 1030 84 37 ses
2242 1007 192 58 nièces
2479 1009 212 78 qu'elle

198 1105 235 78 adopta,
471 1103 323 59 Clémence
832 1105 197 56 Collin
1066 1103 104 78 qui
1203 1100 93 58 fut
1330 1122 98 36 ma
1462 1100 179 58 mère.
1691 1101 114 56 Les
1842 1100 246 55 Masson
2126 1098 236 56 allaient
2397 1117 57 37 se
2488 1098 203 59 retirer

200 1194 78 57 du
313 1214 341 37 commerce
689 1214 141 37 avec
868 1214 113 35 une
1016 1191 149 57 belle
1198 1190 241 57 fortune
1473 1190 294 79 lorsqu'ils
1802 1186 303 80 perdirent
2154 1200 154 56 tout,
2354 1208 71 35 en
2478 1208 213 57 quinze

188 1282 187 78 jours,
404 1282 140 56 dans
578 1303 116 35 une
720 1282 146 56 crise
901 1281 69 56 de
1005 1281 53 56 la
1092 1280 281 67 librairie,
1404 1277 246 79 gardant
1675 1277 160 78 juste
1862 1276 70 56 de
1960 1276 143 78 quoi
2139 1276 166 56 vivre
2340 1274 316 59 honorable-

200 1385 185 42 ment.
440 1371 125 56 Peu
612 1368 167 81 après
827 1390 98 36 ma
972 1366 164 59 mère
1186 1366 272 80 épousait
1506 1388 144 34 mon
1698 1364 161 80 père,
1895 1362 316 59 sous-chef
2252 1364 70 56 de
2366 1364 224 57 bureau
2624 1385 67 37 au

202 1456 325 59 Ministère
560 1458 71 56 de
663 1456 362 59 l'lntérieur.
1058 1456 241 56 L'oncle
1329 1455 260 56 mourait
1623 1453 71 58 de
1730 1453 250 77 chagrin
2016 1453 287 78 quelques
2334 1453 155 56 mois
2524 1469 168 42 avant

200 1568 97 36 ma
333 1548 296 56 naissance
666 1547 104 78 qui
821 1547 156 54 avait
1025 1545 141 69 lieu,
1217 1566 240 35 comme
1492 1564 75 36 on
1603 1544 128 67 sait,
1778 1543 51 56 le
1866 1562 33 57 9
1938 1542 247 57 octobre
2230 1540 182 79 1835,
2449 1556 56 41 et
2553 1562 138 38 mon

198 1634 160 80 père,
388 1634 161 57 miné
584 1656 105 57 par
722 1636 54 54 la
809 1633 241 80 phtisie,
1087 1633 390 79 disparaissait
1512 1633 53 55 le
1605 1652 27 56 3
1655 1652 17 36 1
1717 1629 316 59 décembre
2068 1629 71 57 de
2172 1630 53 56 la
2258 1630 200 56 même
2491 1629 199 73 année,

202 1743 80 36 un
318 1745 70 34 an
424 1724 129 72 jour
588 1743 153 58 pour
763 1722 141 77 jour
937 1719 168 82 après
1138 1741 102 37 son
1277 1722 280 75 mariage.

379 1810 177 59 Voilà
591 1811 153 57 donc
780 1831 93 37 ces
907 1811 156 56 deux
1097 1807 274 72 femmes,
1407 1829 216 36 veuves
1650 1822 57 42 et
1755 1829 116 58 peu
1912 1804 322 72 fortunées,
2270 1804 277 60 obsédées
2594 1827 98 59 par

200 1898 72 58 de
319 1898 137 58 bien
506 1900 193 56 tristes
746 1898 322 69 souvenirs,
1120 1917 141 37 avec
1311 1898 52 55 la
1412 1896 220 77 charge
1682 1895 141 57 d'un
1876 1892 203 60 enfant
2129 1893 114 59 très
2277 1892 239 71 délicat,
2552 1895 139 59 dont

200 1987 341 57 l'existence
592 1986 145 58 était
789 1985 264 81 précaire
1086 2008 10 35 :
1152 1987 80 55 les
1282 1984 306 58 médecins
1637 1984 131 57 n'en
1821 1981 393 81 répondaient
2263 2004 118 58 pas.
2422 1985 111 57 Sur
2571 1985 120 56 leur

202 2078 239 67 conseil,
476 2097 75 36 on
588 2097 95 35 me
716 2076 167 56 laissa
930 2074 30 58 à
1009 2076 53 55 la
1110 2094 352 58 campagne,
1498 2072 148 58 chez
1682 2094 96 36 ma
1811 2074 299 70 nourrice,
2150 2071 242 80 jusqu'à
2440 2074 151 77 l'âge
2624 2072 67 58 de

201 2164 157 57 deux
391 2184 118 37 ans.

379 2253 58 57 Si
487 2273 97 36 ma
634 2250 371 79 grand'tante
1054 2251 157 56 avait
1260 2269 137 59 reçu
1447 2271 114 35 une
1618 2248 273 58 brillante
1926 2248 341 71 éducation,
2304 2250 42 55 il
2380 2249 136 56 n'en
2550 2248 140 58 était

198 2361 101 58 pas
332 2340 71 58 de
437 2340 197 56 même
669 2339 72 57 de
775 2361 96 35 ma
907 2338 159 58 mère
1100 2338 145 57 dont
1279 2338 401 57 l'instruction
1715 2337 216 57 n'avait
1969 2357 97 58 pas
2093 2335 93 59 été
2214 2335 319 82 complète.
2566 2338 124 57 Elle

197 2452 38 48 y
271 2427 294 81 suppléait
601 2450 103 58 par
738 2450 114 35 une
902 2428 420 77 imagination,
1358 2448 115 36 une
1508 2425 261 70 flamme,
1806 2448 114 35 une
1970 2424 225 59 facilité
2247 2425 443 59 d'assimilation

201 2518 104 78 qui
341 2517 261 56 tenaient
636 2516 79 57 du
751 2516 269 78 prodige.
1059 2516 130 56 Elle
1224 2514 116 58 m'a
1383 2528 250 44 souvent
1683 2512 161 81 parlé
1895 2514 142 56 d'un
2089 2516 171 56 oncle
2295 2516 106 77 qui
2447 2516 243 56 l'aimait

198 2605 333 78 beaucoup,
567 2619 57 43 et
675 2606 104 77 qui
827 2602 189 60 s'était
1067 2602 169 58 ruiné
1287 2625 72 34 au
1407 2599 182 83 profit
1625 2603 69 56 de
1748 2601 574 81 Philippe-Egalité.
2361 2602 220 58 C'était
2616 2625 75 34 un

201 2695 220 68 artiste,
456 2692 131 59 féru
621 2707 231 44 surtout
888 2693 71 56 de
993 2693 278 78 musique
1303 2714 10 34 :
1353 2693 40 55 il
1428 2693 155 56 avait
1619 2693 294 56 construit
1947 2692 70 56 de
2051 2713 85 36 ses
2169 2692 192 57 mains
2398 2714 77 34 un
2512 2713 179 58 orgue

200 2781 71 57 de
304 2782 158 56 salon
492 2781 144 57 dont
671 2782 43 56 il
738 2781 215 78 jouait.
984 2781 53 56 Il
1068 2779 193 58 faisait
1296 2781 213 56 asseoir
1534 2801 98 36 ma
1668 2779 158 57 mère
1862 2794 165 43 entre
2061 2800 84 37 ses
2180 2800 262 59 genoux,
2477 2795 58 42 et
2566 2795 124 42 tout

198 2890 73 37 en
305 2870 316 57 s'amusant
669 2869 31 57 à
751 2870 246 77 peigner
1044 2889 84 37 ses
1171 2869 353 57 admirables
1560 2867 272 59 cheveux
1867 2869 178 70 noirs,
2083 2870 41 55 il
2157 2869 85 56 lui
2279 2869 212 78 parlait
2525 2869 164 70 d'art,

200 2959 71 57 de
305 2960 297 78 musique,
639 2958 71 55 de
746 2960 294 76 peinture,
1077 2958 79 57 du
1205 2958 149 55 beau
1404 2978 132 37 sous
1570 2970 196 45 toutes
1799 2978 83 37 ses
1914 2955 224 60 formes
2168 2982 13 45 ;
2228 2959 46 56 si
2309 2956 138 57 bien
2482 2958 209 78 qu'elle

198 3044 192 60 s'était
415 3048 114 56 mis
555 3067 70 35 en
654 3045 120 57 tête
796 3067 116 57 que
940 3047 44 55 si
1010 3045 212 79 jamais
1244 3047 109 55 elle
1376 3047 157 55 avait
1560 3045 98 57 des
1684 3043 108 71 fils,
1820 3047 53 54 le
1900 3047 262 77 premier
2183 3047 172 55 serait
2379 3048 310 67 musicien,

202 3138 53 55 le
288 3134 219 60 second
555 3135 233 79 peintre
837 3149 57 42 et
941 3135 55 56 le
1045 3133 303 58 troisième
1396 3135 321 78 sculpteur.
1758 3135 175 56 Aussi
1969 3156 72 35 ne
2075 3133 240 58 fut-elle
2364 3135 327 56 nullement

200 3223 251 58 étonnée
485 3223 294 79 lorsqu'en
814 3237 282 43 revenant
1131 3223 71 57 de
1236 3224 276 56 nourrice
1536 3223 59 78 je
1625 3245 95 34 me
1746 3224 112 56 mis
1885 3222 30 57 à
1942 3222 245 58 écouter
2221 3238 133 42 tous
2380 3224 79 56 les
2486 3223 204 70 bruits,

200 3326 134 43 tous
358 3313 79 56 les
465 3332 151 50 sons,
643 3308 212 60 faisant
883 3312 151 57 crier
1066 3312 80 56 les
1181 3325 217 64 portes,
1434 3332 97 35 me
1565 3312 270 77 plantant
1862 3311 216 57 devant
2112 3312 80 56 les
2227 3312 284 79 pendules
2544 3332 148 59 pour

198 3401 80 57 les
313 3400 283 58 entendre
623 3420 229 38 sonner.
885 3400 159 55 Mon
1073 3398 187 79 grand
1287 3400 200 78 plaisir
1522 3398 143 57 était
1699 3401 53 54 la
1778 3398 361 80 symphonie
2166 3400 69 57 de
2270 3401 53 56 la
2357 3400 332 69 bouilloire,

198 3510 117 37 une
366 3488 315 59 bouilloire
730 3486 246 60 énorme
1026 3490 185 77 qu'on
1264 3490 279 56 installait
1593 3487 233 80 chaque
1876 3490 190 56 matin
2116 3488 217 59 devant
2381 3490 55 57 le
2479 3487 101 59 feu
2615 3490 75 56 du

200 3580 179 56 salon.
410 3577 366 80 M'asseyant
803 3576 132 80 près
962 3577 171 58 d'elle
1160 3598 95 37 sur
1282 3598 81 35 un
1396 3575 295 72 tabouret,
1710 3576 344 79 j'attendais
2087 3599 142 36 avec
2265 3599 115 36 une
2414 3575 276 61 curiosité
