2776 3937
167 195 41 68 6

1236 202 62 69 S.
1367 203 53 67 I.
1487 203 107 67 M.

161 343 72 57 de
267 341 127 59 dire
429 366 116 57 que
578 347 55 55 la
659 344 236 60 Société
925 347 208 58 n'était
1169 369 100 59 pas
1301 348 144 58 faite
1478 371 155 58 pour
1666 369 442 60 accompagner
2141 349 98 57 des
2273 348 249 61 enfants.
2558 352 113 56 Ma

161 430 163 59 mère
357 429 94 60 fut
485 430 240 60 froissée
761 449 57 42 et
854 457 72 36 ne
960 438 214 56 voulut
1209 438 132 79 plus
1374 437 285 58 entendre
1692 439 193 78 parler
1920 437 70 57 de
2025 439 146 56 rien.

338 521 198 80 Après
572 543 64 37 ce
678 526 259 77 premier
972 542 242 42 concert
1249 528 105 78 qui
1388 528 158 56 avait
1581 527 408 57 brillamment
2023 526 205 71 réussi,
2265 548 142 37 mon
2444 526 196 81 profes-

161 630 134 37 seur
328 612 190 56 aurait
553 612 184 56 voulu
772 612 157 58 m'en
964 615 132 55 voir
1122 615 227 58 donner
1373 615 258 58 d'autres
1656 640 13 46 ;
1708 616 148 56 mais
1891 636 97 36 ma
2022 615 161 58 mère
2219 637 72 36 ne
2326 636 57 37 se
2417 616 255 57 souciait

163 720 100 58 pas
311 720 155 58 pour
518 701 126 57 moi
695 701 176 58 d'une
921 702 253 59 carrière
1209 703 268 59 d'enfant
1527 705 274 78 prodige,
1838 705 109 56 elle
1997 706 156 56 avait
2188 706 98 56 des
2319 703 188 60 visées
2543 706 129 79 plus

164 787 208 57 hautes
403 811 12 47 ;
454 790 311 77 craignant
800 811 154 59 pour
986 813 97 35 ma
1116 791 183 71 santé,
1335 794 109 55 elle
1478 814 73 35 ne
1585 795 211 54 voulut
1835 813 99 58 pas
1967 814 98 35 me
2113 794 197 57 laisser
2355 794 318 57 continuer

164 876 140 57 dans
338 893 155 42 cette
527 881 154 55 voie.
722 880 50 56 Il
808 879 322 71 s'ensuivit,
1166 895 166 43 entre
1369 903 142 35 mon
1544 880 337 81 professeur
1914 898 57 42 et
2008 884 145 67 moi,
2192 904 79 36 un
2305 881 337 59 refroidisse-

164 980 166 42 ment
366 968 104 77 qui
506 966 231 59 aboutit
772 966 31 59 à
840 989 113 36 une
988 984 267 65 rupture.

343 1055 113 56 Ma
492 1053 161 58 mère
681 1056 155 56 avait
862 1056 98 58 des
988 1072 155 43 mots
1171 1056 349 60 cornéliens.
1553 1058 352 79 Quelqu'un
1939 1059 86 56 lui
2054 1059 343 80 reprochait
2432 1081 80 35 un
2530 1060 142 77 jour

163 1143 71 56 de
268 1164 98 36 me
400 1145 196 56 laisser
620 1144 175 78 jouer
828 1145 98 58 des
953 1161 228 44 sonates
1209 1148 70 56 de
1310 1147 364 58 Beethoven.
1781 1148 217 63 Quelle
2026 1150 279 78 musique
2328 1149 344 78 jouera-t-il

160 1229 156 60 donc
570 1233 85 56 lui
701 1232 305 72 disait-on,
1236 1234 201 82 quand
1490 1237 44 56 il
1584 1257 140 36 aura
1765 1237 174 77 vingt
1972 1257 100 37 ans
2157 1239 19 56 ?
2388 1238 49 57 Il
2464 1238 210 78 jouera

161 1322 54 53 la
249 1322 221 69 sienne,
683 1321 441 79 répondit-elle.

342 1675 85 56 Le
463 1675 132 78 plus
621 1675 187 78 grand
835 1675 250 58 bienfait
1115 1699 115 56 que
1256 1679 140 77 j'aie
1423 1677 175 60 retiré
1628 1679 78 58 du
1734 1701 342 37 commerce
2104 1681 71 57 de
2204 1682 267 79 Stamaty
2499 1680 93 59 fut
2617 1682 52 57 la

166 1764 415 55 connaissance
615 1764 72 57 de
723 1765 287 57 Maleden
1046 1767 146 78 qu'il
1228 1788 96 35 me
1360 1767 197 59 donna
1592 1790 154 57 pour
1777 1767 337 82 professeur
2141 1770 71 57 de
2240 1773 426 77 composition.

344 1850 97 58 Né
477 1850 30 58 à
543 1853 286 78 Limoges
863 1854 146 56 dont
1045 1856 39 55 il
1118 1856 157 56 avait
1309 1855 282 60 conservé
1628 1858 273 69 l'accent,
1938 1860 228 79 maigre
2199 1880 145 37 avec
2379 1860 70 56 de
2499 1861 170 78 longs

165 1939 294 71 cheveux,
495 1940 164 57 doux
707 1957 56 40 et
815 1941 232 73 timide,
1085 1944 289 57 Maleden
1409 1944 142 58 était
1602 1967 78 35 un
1728 1945 333 80 professeur
2109 1949 469 79 incomparable.
2618 1950 51 56 Il

163 2029 145 55 était
361 2027 130 71 allé,
544 2029 141 57 dans
742 2049 58 37 sa
843 2029 288 78 jeunesse,
1184 2033 329 57 s'instruire
1565 2054 68 37 en
1690 2035 361 79 Allemagne
2103 2035 151 59 chez
2307 2058 79 36 un
2440 2039 226 56 certain

166 2114 307 60 Gottfried
514 2117 242 71 Weber,
791 2119 317 57 inventeur
1149 2120 140 58 d'un
1325 2120 254 82 système
1620 2145 117 58 que
1780 2124 287 59 Maleden
2104 2128 157 55 avait
2297 2126 278 81 rapporté
2611 2142 55 43 et

163 2203 427 80 perfectionné.
631 2207 49 57 Il
716 2227 68 37 en
822 2209 155 55 avait
1021 2206 109 59 fait
1165 2231 75 34 un
1281 2211 152 57 outil
1466 2213 395 56 merveilleux
1901 2235 153 57 pour
2103 2214 276 79 pénétrer
2412 2216 141 58 dans
2586 2218 82 56 les

161 2291 395 80 profondeurs
590 2293 71 59 de
694 2294 54 56 la
782 2297 300 77 musique,
1118 2319 117 35 une
1262 2297 253 58 lumière
1549 2321 152 57 pour
1727 2321 71 36 en
1828 2300 245 59 éclairer
2106 2303 80 58 les
2222 2305 165 57 coins
2421 2305 79 57 les
2536 2306 132 79 plus

163 2396 230 43 secrets.
435 2382 164 57 Dans
633 2404 65 37 ce
734 2382 254 80 système
1035 2386 81 56 les
1164 2387 241 57 accords
1441 2409 70 35 ne
1548 2402 130 44 sont
1711 2410 102 57 pas
1847 2390 334 59 considérés
2228 2394 332 57 seulement
2593 2415 72 37 en

162 2471 396 71 eux-mêmes,
712 2474 213 55 accord
960 2474 69 55 de
1066 2476 231 76 quinte,
1327 2476 69 57 de
1431 2477 170 70 sixte,
1631 2479 72 56 de
1736 2479 309 80 septième,
2185 2484 149 56 mais
2360 2482 228 80 d'après
2613 2485 53 57 le

161 2557 178 80 degré
375 2560 70 56 de
478 2561 52 55 la
566 2580 241 59 gamme
843 2581 96 37 sur
972 2562 196 79 lequel
1203 2565 69 56 ils
1306 2579 131 42 sont
1470 2565 197 79 placés
1697 2590 13 46 ;
1762 2589 75 34 on
1889 2570 264 78 apprend
2194 2592 114 57 que
2344 2573 236 57 suivant
2613 2574 53 56 la

160 2648 167 77 place
378 2648 171 78 qu'ils
603 2665 317 63 occupent,
975 2651 68 56 ils
1096 2651 345 79 acquièrent
1492 2654 98 58 des
1644 2655 330 80 propriétés
2024 2656 362 73 différentes,
2435 2674 58 43 et
2542 2662 122 57 l'on

160 2738 283 76 explique
477 2738 145 57 ainsi
659 2739 96 56 des
789 2759 93 37 cas
909 2739 173 79 jugés
1116 2743 442 77 inexplicables.
1601 2745 173 56 Cette
1821 2745 287 59 méthode
2142 2762 84 43 est
2268 2749 316 80 enseignée
2635 2750 30 58 à

158 2824 228 57 l'Ecole
422 2827 435 78 Niedermeyer
887 2852 12 46 ;
927 2827 62 78 je
1023 2849 71 36 ne
1129 2829 174 57 sache
1337 2852 100 57 pas
1473 2834 214 76 qu'elle
1720 2834 52 56 le
1807 2835 113 56 soit
1954 2837 251 58 ailleurs.

339 2913 285 57 Maleden
662 2916 154 55 avait
852 2917 221 75 grande
1107 2919 170 55 envie
1314 2919 255 59 d'entrer
1596 2942 240 37 comme
1870 2922 334 80 professeur
2230 2947 73 35 au
2332 2927 296 57 Conserva-

158 3003 150 56 toire
339 3026 14 46 ;
391 3003 174 78 grâce
600 3002 29 57 à
665 3003 70 57 de
769 3004 325 79 puissantes
1129 3009 388 75 protections,
1568 3031 58 36 sa
1673 3012 383 58 nomination
2091 3015 160 58 allait
2287 3016 122 56 être
2458 3016 205 80 signée

157 3111 105 57 par
295 3091 229 70 Auber,
561 3092 199 79 quand
814 3095 41 54 il
908 3109 132 41 crut
1089 3095 226 72 devoir,
1365 3117 105 59 par
1506 3120 78 36 un
1630 3102 277 76 scrupule
1953 3101 407 74 d'honnêteté,
2410 3103 187 60 écrire
2632 3105 31 58 à

158 3180 244 56 celui-ci
453 3200 155 58 pour
659 3180 257 58 l'avertir
969 3204 116 57 que
1132 3205 57 36 sa
1238 3183 287 60 méthode
1574 3186 261 60 différait
1885 3190 474 80 complètement
2395 3194 71 57 de
2517 3196 146 56 celle

157 3265 314 81 enseignée
497 3267 141 59 dans
670 3270 55 56 la
759 3271 246 57 maison.
1038 3271 209 57 Auber
1271 3271 94 59 fut
1393 3274 241 83 effrayé,
1662 3291 57 42 et
1756 3277 287 58 Maleden
2082 3302 71 35 ne
2186 3279 92 58 fut
2315 3303 100 57 pas
2449 3283 210 59 admis.

334 3357 132 56 Nos
492 3357 198 78 leçons
716 3356 221 60 étaient
967 3359 219 80 parfois
1214 3383 311 58 orageuses
1549 3389 13 46 ;
1598 3366 45 56 il
1668 3368 333 57 m'arrivait
2030 3369 70 57 de
2136 3384 195 65 temps
2358 3393 71 36 en
2466 3385 195 68 temps

156 3444 72 56 de
261 3465 74 36 ne
369 3465 100 59 pas
504 3465 96 37 me
634 3467 211 59 ranger
878 3446 31 59 à
942 3468 101 37 son
1082 3450 120 56 avis
1236 3470 97 37 sur
1367 3454 289 57 certaines
1685 3455 322 78 questions.
2040 3457 50 57 Il
2118 3478 98 37 me
2241 3460 234 78 prenait
2510 3462 151 57 alors

153 3535 493 79 tranquillement
693 3557 107 57 par
845 3537 267 72 l'oreille,
1163 3554 57 42 et
1268 3561 99 36 me
1416 3543 274 57 courbait
1739 3545 54 56 la
1842 3545 140 72 tête,
2016 3567 99 37 me
2150 3561 204 44 tenant
2395 3551 264 77 pendant
