2776 3937
1170 207 122 68 LE
1382 206 245 69 MOIS

2567 225 96 71 53

113 359 113 47 mais
253 375 53 29 ce
333 359 138 45 serait
497 374 95 29 une
619 356 256 62 entreprise
901 355 25 47 à
953 366 156 36 tenter
1136 353 63 49 les
1226 353 103 63 plus
1354 353 169 64 grands
1551 353 251 47 musiciens
1832 370 8 30 :
1882 353 167 46 rendre
2075 352 65 48 les
2168 353 146 46 bruits
2340 353 80 47 des
2445 352 131 61 fêtes,
2602 352 66 48 les

111 430 146 47 bruits
283 428 64 46 du
374 427 177 61 travail,
581 427 63 47 les
672 428 146 46 bruits
846 427 55 46 de
927 426 45 46 la
997 427 88 59 vie,
1115 425 42 47 le
1185 427 140 45 chaos
1358 441 167 31 sonore
1551 425 62 47 où
1651 441 118 29 nous
1805 441 118 29 nous
1961 435 226 35 trouvons
2228 423 166 61 parfois
2432 423 195 64 plongés
2653 441 10 31 :

109 501 64 47 les
198 498 121 48 seuls
361 499 145 46 bruits
532 497 262 63 qu'évoque
837 508 268 35 nettement
1131 496 232 47 Taillefer
1390 507 106 34 sont
1523 512 121 29 ceux
1682 494 63 46 du
1785 494 348 47 chaudronnier
2166 493 226 64 auxquels
2427 512 84 29 son
2550 512 116 29 nom

108 569 175 50 semble
319 569 43 47 le
390 569 287 61 prédestiner
705 569 55 46 de
788 568 43 46 la
856 569 291 60 cacophonie
1174 567 167 47 inutile
1368 578 47 33 et
1453 566 393 63 grandiloquente
1873 567 56 46 de
1956 564 43 47 la
2036 564 170 64 galérie
2234 566 78 47 des
2338 567 243 46 machines
2605 583 61 30 en

115 640 63 65 89
206 658 112 29 avec
344 657 85 30 son
457 640 342 46 débordement
826 639 56 46 de
910 638 172 61 bielles,
1113 638 54 47 de
1198 639 189 60 pistons,
1416 637 56 45 de
1499 637 195 47 volants.

253 710 94 49 Car
375 710 77 49 M.
494 712 179 47 Strauss
699 727 59 29 en
799 710 150 46 arrive
976 709 25 47 à
1026 727 94 29 une
1148 708 110 47 telle
1299 709 331 44 inconscience
1658 706 57 47 de
1748 724 85 29 son
1871 723 166 46 propre
2069 706 160 59 fracas,
2258 723 89 46 que
2387 706 209 61 pendant
2623 705 43 48 le

108 781 98 50 seul
235 794 217 36 moment
492 781 62 47 où
581 781 271 47 l'orchestre
893 780 189 62 s'apaise
1122 797 116 45 pour
1277 778 153 47 laisser
1456 778 221 62 s'éplorer
1712 778 43 45 la
1782 776 174 63 plainte
1998 778 56 45 de
2092 776 43 47 la
2173 794 126 31 sœur
2338 778 64 45 du
2440 778 91 45 duc
2569 794 96 31 une

111 865 255 49 trompette
391 853 163 62 s'agite
581 869 104 29 sans
710 850 128 64 pitié,
866 851 267 61 cependant
1160 850 147 61 qu'un
1336 850 220 46 tambour
1581 847 228 47 s'ébroue.

252 924 64 47 Et
342 924 100 47 cela
470 922 94 47 m'a
601 921 187 64 rappelé
813 940 67 28 un
920 939 186 46 passage
1144 922 56 46 de
1227 921 43 46 la
2489 920 182 62 lépreuse,
1520 920 45 47 la
1602 920 129 62 pièce
1767 917 115 47 tirée
1920 936 80 44 par
2040 919 79 47 M.
2159 917 198 49 Bataille
2397 919 56 45 de
2492 917 173 47 vieilles

112 997 243 63 gwerziou
379 996 224 45 traduites
630 1011 79 45 par
737 992 153 49 Luzel
910 1010 10 29 :
950 992 78 49 M.
1053 992 197 47 Bataille
1271 992 80 61 qui
1381 990 227 47 n'entend
1637 1007 76 45 pas
1740 990 42 47 le
1811 991 165 44 breton
2007 988 164 47 voulut
2197 1006 153 31 corser
2375 988 43 47 la
2446 990 220 45 berceuse

111 1084 89 45 que
228 1066 231 46 fredonne
499 1066 181 46 Aliette
706 1065 26 45 à
770 1063 242 47 Ervoanik
1038 1062 114 48 d'un
1193 1080 100 29 vers
1332 1065 166 44 breton
1524 1063 117 45 dont
1679 1061 42 46 la
1763 1061 207 46 douceur
2012 1060 182 47 verbale
2230 1060 65 47 lui
2333 1060 177 47 sembla
2549 1058 116 49 d'un

112 1138 169 46 discret
306 1148 46 35 et
379 1136 166 47 tendre
572 1137 303 61 apaisement.
904 1134 39 47 Il
972 1134 167 46 écrivit
1166 1134 98 46 ceci
1289 1151 10 30 :
2569 1132 102 47 Tan
2506 1147 52 29 ce
2585 1131 81 62 qui

112 1220 112 35 veut
264 1208 97 46 dire
385 1223 10 31 :
437 1207 103 47 Feu
565 1203 8 50 !
603 1207 78 46 feu
705 1203 9 50 !
743 1206 122 45 acier
892 1202 9 49 !
930 1206 62 44 oh
1017 1202 8 48 !
1054 1206 79 45 feu
1158 1202 9 49 !
1197 1216 47 34 et
1269 1202 9 49 !
1318 1204 121 46 acier
1572 1214 46 35 et
1661 1203 96 61 qui,
1802 1218 63 31 on
1903 1201 249 60 l'avouera,
2186 1199 119 49 n'est
2343 1218 78 45 pas
2467 1199 172 64 précisé-

117 1291 136 35 ment
278 1296 96 29 une
402 1279 248 45 invitation
678 1295 60 29 au
762 1274 217 50 sommeil
1006 1303 70 8 —
1103 1275 157 47 même
1288 1293 60 29 en
1376 1274 415 62 Basse-Bretagne.

254 1419 71 48 Le
352 1419 108 47 vieil
487 1420 92 46 ami
607 1419 26 46 à
661 1416 294 64 Gunsbourg
979 1444 72 8 —
1076 1415 114 48 c'est
1218 1415 131 48 Dieu
1374 1433 91 44 que
1500 1415 46 64 je
1575 1432 122 29 veux
1729 1415 96 46 dire
1852 1442 70 6 —
1947 1430 60 31 ne
2049 1414 99 47 doit
2187 1430 79 45 pas
2304 1430 47 31 se
2393 1413 211 62 plaindre
2642 1411 25 49 à

115 1490 180 48 l'heure
320 1489 202 47 actuelle
545 1490 62 46 du
633 1500 94 36 sort
747 1505 90 45 que
865 1488 65 45 lui
958 1488 104 45 font
1089 1486 64 47 les
1179 1498 336 51 croque-notes
1542 1503 99 29 mes
1666 1484 141 48 frères
1828 1502 10 30 :
1871 1503 60 28 au
1951 1484 156 47 même
2135 1485 193 58 instant,
2351 1482 41 47 le
2414 1484 252 45 dimanche

118 1578 27 48 3
175 1578 138 44 mars,
341 1560 196 47 Florent
563 1560 207 47 Schmitt
810 1559 200 61 frappait
1037 1557 80 47 des
1156 1559 152 44 mains
1348 1575 58 28 en
1447 1574 85 29 son
1572 1557 219 45 honneur
1833 1566 46 36 et
1919 1555 26 47 à
1989 1566 24 49 5
2047 1566 154 50 temps
2228 1555 114 46 dans
2379 1554 43 47 la
2458 1554 110 47 salle
2604 1554 63 47 du

117 1632 224 50 Châtelet
367 1644 46 34 et
441 1631 195 48 Charles
662 1631 326 47 Tournemire
1016 1629 205 48 l'élevait
1245 1629 242 45 au-dessus
1513 1627 79 46 des
1628 1629 139 44 cieux
1793 1637 47 36 et
1866 1626 25 47 à
1918 1641 30 45 4
1979 1637 154 51 temps
2159 1626 113 47 dans
2299 1625 115 47 celle
2444 1626 62 46 du
2534 1625 100 48 Con-

118 1705 267 47 servatoire.

258 1773 182 49 Faut-il
480 1772 149 48 saluer
671 1771 43 47 la
755 1772 290 46 renaissance
1073 1771 56 45 de
1170 1768 239 48 l'oratorio
1448 1786 79 44 par
1553 1767 41 47 le
1622 1785 177 45 moyen
1826 1767 56 46 de
1909 1783 76 31 ces
2025 1783 214 45 psaumes
2266 1766 228 62 bibliques
2521 1766 146 47 d'une

118 1844 107 49 telle
253 1844 154 64 poésie
433 1843 137 64 qu'ils
596 1855 189 34 tentent
823 1842 64 47 les
925 1842 104 61 plus
1053 1839 201 49 affirmés
1280 1841 313 63 pyrrhoniens
1617 1837 14 47 ?
1659 1837 317 62 Espérons-le.
2018 1838 76 47 M.
2124 1837 324 47 Tournemire
2478 1837 189 61 possède

120 1935 63 29 un
211 1916 348 60 tempérament
586 1916 81 44 fait
695 1914 56 46 de
777 1912 210 48 noblesse
1015 1923 47 36 et
1089 1912 54 45 de
1183 1912 191 61 parfaite
1402 1909 179 65 dignité
1608 1931 13 37 ;
1663 1909 114 47 c'est
1801 1926 66 29 un
1903 1908 214 47 éminent
2155 1909 235 62 organiste
2416 1930 12 36 ;
2469 1907 31 47 il
2538 1918 68 36 est
2642 1907 26 47 à

120 1988 26 47 S
150 1985 32 28 te
200 1985 207 49 Clotilde
428 1985 43 46 le
487 2001 268 31 successeur
776 1984 56 46 de
855 1982 143 48 César
1020 1982 210 58 Franck;
1249 1998 83 31 son
1351 1980 145 64 grand
1519 1979 325 62 prédécesseur
1871 1979 96 46 doit
1985 1996 188 29 comme
2192 1978 43 45 la
2261 1976 216 49 colombe
2498 1976 170 49 céleste

118 2059 131 47 venir
276 2058 56 47 de
360 2069 152 50 temps
550 2073 60 29 en
638 2069 151 47 temps
816 2054 40 47 le
883 2055 156 46 visiter
1066 2065 47 35 et
1138 2053 65 47 lui
1242 2054 186 46 souffler
1454 2069 75 29 ces
1555 2051 298 61 inspirations
1880 2049 405 62 d'improvisateur
2312 2049 61 47 où
2413 2049 31 46 il
2470 2048 196 49 excelle.

262 2128 70 47 Le
371 2128 103 61 plus
512 2126 165 61 parfait
703 2125 313 46 académisme
1043 2124 142 62 règne
1212 2140 59 30 en
1298 2140 69 30 ses
1392 2139 184 29 œuvres
1603 2139 10 29 :
1654 2121 227 61 pourquoi
1912 2121 113 46 dans
2050 2137 53 29 ce
2130 2137 193 44 psaume
2348 2120 79 61 qui
2467 2137 59 27 au
2553 2119 114 45 fond

118 2199 195 48 découle
341 2199 317 47 entièrement
685 2196 143 47 d'une
856 2195 261 62 esthétique
1144 2194 223 62 classique
1393 2192 129 49 a-t-il
1551 2210 82 29 cru
1661 2192 158 46 devoir
1846 2192 110 46 faire
1983 2191 133 62 appel
2144 2191 25 46 à
2197 2191 79 46 des
2303 2190 221 62 procédés
2550 2189 112 48 d'un

120 2270 231 47 insidieux
379 2269 317 47 modernisme
722 2266 14 47 ?
763 2266 256 62 Pourquoi,
1048 2283 80 44 par
1155 2264 232 62 exemple,
1416 2274 125 37 cette
1578 2274 256 49 trompette
1859 2262 26 46 à
1912 2261 270 60 découvert,
2221 2260 163 47 lourde
2417 2258 248 61 d'ailleurs,

121 2344 77 60 qui
228 2342 127 45 vibre
382 2340 143 47 d'une
553 2340 137 58 façon
718 2337 219 62 déplacée
978 2349 165 35 contre
1185 2336 43 47 le
1265 2352 107 30 mur
1398 2336 204 60 robuste,
1630 2332 231 48 moellons
1896 2345 47 34 et
1981 2335 154 44 chaux
2173 2331 311 65 hydraulique
2511 2331 56 47 de
2600 2347 68 31 ses

122 2429 168 30 masses
316 2411 211 48 chorales
567 2422 47 35 et
654 2407 304 48 orchestrales
982 2406 14 48 ?
1038 2408 228 61 pourquoi
1294 2422 169 31 encore
1491 2416 125 35 cette
1642 2404 112 46 flûte
1781 2404 125 61 aigre
1933 2404 78 61 qui
2050 2404 113 45 siffle
2190 2420 188 29 comme
2404 2420 66 28 un
2511 2403 156 46 oiseau

122 2482 172 63 hagard
334 2482 118 46 alors
478 2498 89 45 que
596 2481 161 61 depuis
784 2479 54 46 de
880 2478 191 62 longues
1111 2479 207 45 minutes
1357 2476 217 48 s'enflent
1614 2486 47 35 et
1701 2474 246 61 s'apaisent
1988 2473 65 46 les
2091 2473 161 62 dignes
2291 2483 47 36 et
2378 2472 290 47 bienséantes

125 2571 170 47 vagues
322 2554 78 46 des
426 2553 268 46 harmonies
720 2549 266 64 religieuses
1011 2549 13 47 ?

264 2623 65 48 Et
355 2623 119 47 alors
501 2622 29 47 il
556 2622 108 47 s'est
691 2620 126 63 passé
843 2620 98 47 ceci
968 2636 10 30 :
1009 2619 63 47 les
1097 2619 246 46 farouches
1362 2627 367 49 conservateurs,
1748 2614 217 48 clientèle
1988 2614 63 47 du
2078 2614 357 60 conservatoire,
2464 2611 206 64 trompés

123 2713 80 45 par
230 2712 75 30 ces
332 2693 340 65 insignifiantes
710 2703 46 35 et
793 2689 330 65 superficielles
1160 2705 297 46 apparences,
1484 2700 85 35 ont
1605 2685 204 64 protesté
1833 2714 71 7 —
1929 2685 304 60 doucement,
2262 2702 191 30 comme
2492 2684 29 47 il
2554 2702 86 29 con-

122 2768 130 44 vient
278 2765 26 46 à
330 2765 79 46 des
435 2780 114 46 gens
574 2764 56 46 de
659 2764 155 44 bonne
842 2763 281 59 compagnie
1150 2788 69 6 —
1245 2777 79 44 par
1351 2760 77 46 des
1453 2759 158 46 sifflets
1636 2758 189 45 discrets
1852 2773 188 30 comme
2068 2756 77 46 des
2185 2756 165 46 baisers
2376 2772 11 30 :
2428 2754 44 48 la
2505 2772 163 43 masse,

125 2838 78 62 qui
245 2836 322 59 commençait
606 2834 304 62 d'applaudir,
949 2831 108 48 s'est
1096 2831 149 47 arrêté
1287 2830 426 60 immédiatement,
1750 2845 60 29 ne
1851 2838 312 52 comprenant
2204 2844 92 44 pas,
2340 2838 45 35 et
2426 2843 121 30 ceux
2587 2827 81 61 qui

126 2909 342 45 connaissaient
494 2906 64 46 les
584 2905 148 63 règles
758 2905 64 46 du
842 2904 82 63 jeu
949 2920 46 31 se
1023 2914 106 35 sont
1155 2901 247 47 contentés
1429 2901 56 46 de
1513 2902 87 45 rire
1628 2900 115 47 dans
1768 2899 99 47 leur
1895 2900 155 46 barbe.

268 2977 71 49 Ce
366 2979 77 60 qui
487 2994 175 44 prouve
690 2975 115 62 qu'il
846 2975 103 45 faut
987 2975 211 63 toujours
1237 2972 95 47 être
1371 2971 252 48 soi-même
1664 2982 48 35 et
1750 2987 52 30 ce
1830 2971 80 61 qui
1952 2986 175 45 prouve
2166 2985 170 30 encore
2364 2966 144 63 qu'on
2552 2966 119 48 n'est

122 3050 165 63 jamais
314 3050 119 45 trahi
461 3065 90 46 que
578 3065 79 43 par
683 3046 65 47 les
772 3047 136 46 siens.

2100 3109 133 64 JEAN
2274 3107 255 49 LAPORTE.

828 3224 611 94 Concerts
1520 3223 455 92 Divers

269 3410 88 47 Un
384 3409 280 64 regrettable
691 3408 219 48 accident
936 3408 56 46 de
1020 3407 314 61 composition
1359 3415 145 55 ayant
1529 3403 131 63 privé
1686 3403 43 47 le
1755 3404 118 46 mois
1899 3403 187 45 dernier
2112 3400 56 47 de
2194 3400 101 47 leur
2332 3412 102 49 part
2472 3397 203 64 d'éloges

128 3499 94 31 une
262 3480 189 48 notable
488 3481 202 46 fraction
728 3480 80 47 des
847 3480 182 46 artistes
1064 3478 172 47 s'étant
1274 3476 198 64 signalés
1510 3476 26 46 à
1575 3475 44 47 la
1660 3475 384 46 reconnaissance
2084 3471 225 64 publique
2348 3489 60 29 au
2435 3487 136 30 cours
2596 3470 79 47 des

128 3551 168 49 soirées
323 3551 56 46 de
404 3551 208 63 Janvier,
642 3550 29 47 il
700 3550 225 47 convient
951 3549 56 47 de
1033 3565 47 31 se
1108 3548 138 47 livrer
1273 3564 118 44 pour
1416 3546 43 47 le
1486 3546 118 46 mois
1631 3545 56 47 de
1715 3544 189 48 Février
1929 3542 27 49 à
1980 3560 66 29 un
2074 3544 117 61 petit
2210 3542 111 46 essai
2342 3541 57 46 de
2417 3541 258 61 statistique

131 3624 377 47 consciencieuse
536 3633 47 36 et
609 3621 293 62 réparatrice.
