2776 3937
185 257 38 50 2
242 259 44 44 O

1256 239 60 68 S.
1386 238 54 69 I.
1508 238 106 70 M.

177 379 332 80 davantage
544 382 228 80 unique
820 403 242 37 comme
1108 384 55 56 le
1210 398 142 43 veut
1399 385 98 58 M.
1537 384 258 79 Pougin.
1836 384 142 57 Sans
2010 382 146 58 faire
2192 398 198 43 entrer
2423 405 72 36 en
2528 384 162 79 ligne

179 469 72 57 de
285 487 244 62 compte
562 472 81 57 les
679 472 442 58 innombrables
1155 476 357 77 quittances,
1536 487 177 57 actes,
1737 473 159 57 baux
1917 487 241 65 portant
2186 474 54 56 la
2274 474 304 78 signature
2612 473 78 59 du

180 559 333 72 Florentin,
542 581 117 60 que
694 559 348 61 détiennent
1075 563 80 57 les
1189 584 365 36 successeurs
1587 562 72 57 de
1689 563 72 57 M
1770 573 16 21 e
1813 559 292 73 Mouffle,
2132 562 71 57 de
2232 563 75 56 M
2316 565 15 19 e
2355 563 253 78 Gigault
2636 577 54 45 et

177 647 73 59 de
287 648 73 58 M
368 650 16 20 e
417 648 266 71 Charles,
721 651 42 56 il
801 652 187 56 existe
1023 673 116 35 une
1172 666 166 42 autre
1372 652 192 71 lettre,
1616 650 231 59 célèbre
1883 650 253 71 celle-là,
2170 652 173 78 vingt
2377 650 113 58 fois
2518 650 171 72 citée,

177 735 184 59 écrite
412 759 107 58 par
574 740 180 79 Lully
802 740 53 57 le
913 760 28 57 3
985 740 135 77 juin
1182 740 159 79 1672
1393 763 153 58 pour
1595 740 325 57 demander
1954 739 31 58 à
2020 739 248 58 Colbert
2303 740 387 58 d'intervenir

177 840 210 43 contre
434 827 79 58 les
552 827 248 60 associés
834 827 71 59 de
942 830 207 56 Perrin
1186 831 103 78 qui
1339 830 402 79 s'opposaient
1793 827 29 59 à
1870 829 546 78 l'enregistrement
2467 829 72 57 de
2586 850 104 37 son

176 914 310 80 privilège.
514 918 176 55 Cette
713 916 173 59 lettre
910 915 358 60 découverte
1291 916 27 59 à
1342 919 54 56 la
1421 916 429 80 Bibliothèque
1874 918 326 55 Nationale
2222 938 105 57 par
2353 919 95 56 M.
2479 919 210 79 Ulysse

180 1003 230 58 Robert
445 1026 71 35 en
563 1005 183 79 1874,
798 1020 173 65 parut
1021 1028 152 57 pour
1211 1008 53 57 la
1297 1005 295 82 première
1626 1005 113 59 fois
1776 1007 140 57 dans
1949 1008 53 54 la

182 1092 318 80 historiques
516 1093 318 58 d'Etienne
871 1094 330 79 Charavay.
1228 1093 14 27 1
1278 1097 254 56 Nuitter
1558 1109 58 44 et
1642 1095 285 58 Thoinan
1951 1095 55 56 la
2034 1094 472 80 reproduisirent
2534 1094 125 59 inté-

177 1183 332 75 gralement
533 1182 141 57 dans
695 1183 129 56 leur
839 1205 283 57 ouvrage,
1127 1182 17 25 2
1160 1186 84 54 La
1262 1186 71 54 M
1346 1206 95 35 ara
1455 1186 53 54 la
1526 1184 273 56 traduisit
1818 1205 73 35 en
1907 1183 318 70 allemand,
2230 1182 15 26 3
2263 1183 69 57 de
2350 1183 339 58 nombreux

176 1271 494 78 musicographes
718 1292 70 36 en
840 1269 254 60 citèrent
1145 1273 98 57 des
1291 1294 288 58 passages,
1616 1269 156 60 enfin
1809 1273 117 56 l'an
1963 1272 235 57 dernier
2228 1273 97 59 M.
2360 1274 240 58 Tiersot
2635 1274 53 58 la

174 1357 206 80 publia
415 1360 70 55 de
520 1380 276 37 nouveau
819 1361 139 57 dans
993 1381 83 37 ses
1111 1363 185 56 lettres
1328 1362 65 56 de
1423 1361 306 58 Musiciens
1753 1361 191 57 écrites
1968 1384 62 34 en
2042 1361 289 80 jrançais.
2362 1361 16 27 4
2407 1363 164 58 Dans
2594 1384 93 37 ces

174 1446 341 58 conditions
568 1469 73 35 on
695 1462 147 65 peut
899 1470 56 36 se
1004 1448 323 59 demander
1376 1464 310 43 comment
1738 1451 98 56 M.
1892 1451 240 77 Pougin
2183 1471 30 36 a
2275 1471 84 59 pu
2426 1450 261 59 déclarer

174 1534 464 81 publiquement
676 1539 183 78 qu'on
890 1560 72 35 ne
999 1540 357 56 connaissait
1391 1560 233 37 aucune
1658 1540 174 57 lettre
1868 1540 71 57 de
1967 1540 56 77 J.
2063 1541 66 56 B.
2169 1541 203 79 Lully.

1856 1668 649 57 Henry
2506 1668 14 57 Prunières.

275 3198 12 24 1
311 3196 175 39 Octobre
509 3202 118 43 1874.

272 3253 14 21 *
307 3255 73 36 Les
404 3255 184 48 Origines
609 3255 47 37 de
677 3253 162 55 l'Opéra
860 3254 181 52 français,
1064 3271 37 39 p.
1128 3271 92 36 252.

272 3309 14 22 3
308 3311 324 39 Musikerbriefe.

270 3367 14 21 4
308 3369 150 37 Rivista
482 3367 199 40 Musicale
709 3385 118 35 1911,
851 3384 37 39 p.
918 3373 62 45 36.
1083 3370 209 50 Signalons
1314 3373 86 37 àce
1422 3386 145 40 propos
1589 3388 76 37 que
1688 3376 66 37 M.
1778 3375 162 39 Tiersot
1963 3390 21 24 a
2015 3376 207 39 cofnondu
2257 3377 52 40 les
2345 3389 106 29 cotes
2472 3382 65 37 des
2573 3384 104 38 deux

155 3424 131 40 lettres
307 3426 48 36 de
378 3424 120 53 Lully
519 3435 37 29 et
577 3426 171 38 attribué
771 3429 21 35 à
823 3425 36 40 la
890 3429 154 36 missive
1066 3429 53 37 du
1155 3443 18 33 3
1195 3429 89 49 juin
1313 3433 119 44 1672,
1465 3429 37 39 la
1534 3441 86 28 cote
1641 3433 199 49 Mélanges
1863 3434 150 38 Colbert
2039 3434 153 50 165,/°
2218 3451 33 31 1,
2276 3437 68 49 qui
2366 3447 55 27 est
2455 3437 94 39 celle
2571 3441 47 37 de
2640 3439 36 42 la

155 3481 114 39 lettre
299 3481 160 39 relative
481 3497 78 23 aux
580 3484 243 51 réparations
846 3485 53 36 du
924 3484 126 39 Palais
1074 3485 141 52 Royal.
1239 3487 203 48 Ajoutons
1465 3488 106 37 enfin
1595 3502 76 36 que
1695 3488 36 39 la
1753 3488 128 40 vieille
1903 3500 87 29 cote
2013 3492 154 38 donnée
2190 3506 70 38 par
2282 3495 65 36 M.
2378 3493 133 52 CJlysse
2526 3497 150 40 Robert

155 3553 103 39 pour
272 3538 36 39 la
330 3538 112 39 lettre
464 3540 53 37 du
544 3555 18 33 3
584 3541 89 48 juin
697 3540 122 52 (Bibl.
841 3542 92 37 Nat.
956 3544 199 48 Mélanges
1180 3547 62 44 36,
1258 3542 47 49 f
1329 3559 50 23 20
1387 3544 61 51 6),
1482 3559 49 23 ne
1552 3547 151 51 répond
1726 3545 87 54 plus
1835 3549 21 36 à
1890 3561 132 24 aucun
2051 3547 232 40 classement
2318 3551 141 40 actuel
2495 3552 35 40 II
2561 3556 115 38 serait

153 3596 80 40 fort
255 3598 211 37 nécessaire
487 3598 48 37 de
557 3607 202 30 retrouver
779 3597 37 39 la
839 3608 86 30 cote
947 3610 132 28 exacte
1103 3601 47 37 de
1173 3615 42 24 ce
1237 3602 219 37 document
1477 3603 99 38 dont
1597 3601 292 42 l'authenticité
1911 3615 54 28 est
1987 3605 197 40 d'ailleurs
2205 3607 276 40 indiscutable.
