2776 3937
762 224 564 71 SOUVENIRS
1397 224 584 69 D'ENFANCE

2590 245 38 68 7

102 398 117 37 une
255 377 237 57 minute
526 375 250 59 l'oreille
812 373 186 61 collée
1048 373 30 59 à
1128 375 53 56 la
1226 373 157 58 table
1415 398 11 47 ;
1481 374 42 56 il
1574 394 98 36 me
1706 371 349 59 demandait
2089 371 231 58 ensuite
2356 370 46 57 si
2427 369 208 80 j'avais

102 464 233 80 changé
372 464 200 60 d'avis.
612 464 160 57 Mon
810 465 124 56 avis
983 463 240 82 n'ayant
1273 483 101 60 pas
1416 460 254 82 changé,
1708 463 41 56 il
1783 458 393 61 réfléchissait
2209 473 59 43 et
2303 473 254 45 souvent
2591 458 42 58 il

104 577 99 37 me
238 556 250 58 donnait
523 556 215 57 raison.

484 911 121 58 n'as
639 933 102 58 pas
767 933 75 35 eu
878 908 313 60 d'enfance
1228 910 286 57 musicale
1644 930 96 36 me
1776 908 175 58 disait
2000 905 223 82 parfois
2260 904 285 59 Gounod.
2586 904 52 58 Il

103 1024 58 37 se
197 1004 312 78 trompait,
540 1023 72 35 ne
640 1001 377 57 connaissant
1045 1020 103 60 pas
1181 1000 82 57 les
1288 1001 259 78 vestiges
1574 999 72 57 de
1680 1013 157 43 cette
1872 995 252 59 enfance
2157 1019 10 35 :
2207 997 68 56 ils
2300 1009 132 44 sont
2460 1015 134 36 nom-

103 1094 208 57 breux.
370 1093 326 78 Beaucoup
746 1090 233 58 d'essais
1028 1103 133 44 sont
1212 1087 179 60 restés
1444 1086 343 73 inachevés,
1825 1108 128 37 sans
1993 1087 195 79 parler
2221 1085 72 57 de
2328 1105 156 37 ceux
2519 1105 118 59 que

94 1183 108 80 j'ai
238 1180 273 60 détruits.
551 1181 52 58 Il
635 1202 38 58 y
709 1200 32 37 a
775 1180 72 57 de
883 1193 154 56 tout,
1075 1179 97 57 des
1208 1180 132 69 airs,
1377 1178 99 58 des
1519 1176 262 71 chœurs,
1818 1176 99 57 des
1953 1175 305 70 Cantates,
2310 1173 99 59 des
2460 1175 133 79 Sym-

104 1272 276 82 phonies,
417 1270 100 59 des
553 1270 373 59 Ouvertures
956 1293 14 47 ;
1021 1283 136 44 tout
1208 1270 124 56 cela
1384 1289 70 37 ne
1505 1289 168 36 verra
1712 1268 217 79 jamais
1976 1267 55 57 le
2072 1265 158 79 jour.
2272 1265 104 57 Un
2411 1263 226 58 éternel

106 1360 165 60 oubli
308 1360 326 59 ensevelira
668 1380 94 38 ces
798 1359 449 57 tâtonnements
1282 1378 129 37 sans
1444 1354 220 60 intérêt
1699 1377 154 58 pour
1886 1357 53 56 le
1974 1354 228 81 public.

287 1452 169 57 Dans
490 1471 96 37 ces
620 1468 356 61 paperasses,
1017 1447 105 80 j'ai
1157 1446 211 59 trouvé
1406 1448 290 79 quelques
1745 1460 168 44 notes
1961 1444 216 60 écrites
2226 1465 74 36 au
2351 1463 221 60 crayon
2607 1439 31 60 à

106 1542 151 80 l'âge
292 1541 73 58 de
399 1554 212 67 quatre
644 1560 119 38 ans.
802 1540 88 57 La
925 1536 134 59 date
1095 1538 105 79 qui
1250 1538 82 56 les
1383 1556 412 61 accompagne
1840 1556 74 37 ne
1953 1536 168 57 laisse
2155 1554 198 38 aucun
2389 1532 185 58 doute
2607 1529 31 60 à

108 1645 94 44 cet
238 1628 203 82 égard.

1884 1740 70 58 C.
2008 1737 450 61 Saint-Saëns.
