2776 3937
1131 222 119 66 LE
1337 219 245 69 MOIS

2512 237 104 71 +9

91 371 197 48 cultiver
315 387 113 29 avec
453 386 95 29 une
575 367 269 63 préférence
870 384 63 28 un
975 383 92 45 peu
1103 377 103 49 trop
1246 364 249 48 exclusive.
1536 364 84 60 Ici,
1649 363 87 47 elle
1761 379 47 30 se
1835 373 187 36 montre
2061 362 189 61 capable
2291 362 56 45 de
2385 362 142 59 force,
2566 361 56 45 de

92 443 240 62 puissance
352 462 11 37 ;
406 439 88 47 elle
520 440 83 46 fait
627 438 140 47 saillir
806 454 70 31 ses
903 438 155 61 biceps
1075 458 13 37 ;
1127 435 87 47 elle
1243 453 173 43 prouve
1454 434 108 62 qu'à
1588 433 107 48 côté
1722 434 77 46 des
1837 433 196 45 bibelots
2058 431 220 61 précieux
2314 431 78 46 des
2418 430 208 64 élégants

91 511 179 50 articles
298 511 55 45 de
382 510 140 60 Paris,
550 509 171 62 qu'elle
748 508 152 59 cisèle,
931 506 141 47 d'une
1100 508 128 45 main
1266 506 34 46 si
1338 506 188 60 avertie,
1555 504 88 47 elle
1670 517 127 49 peut,
1826 504 155 61 quand
2019 503 86 47 elle
2133 501 42 47 le
2211 513 127 49 veut,
2366 501 258 47 construire

94 585 76 46 des
194 598 184 30 œuvres
402 581 226 59 robustes,
655 579 395 47 monumentales.

235 651 70 47 La
331 651 311 61 composition
670 650 56 46 de
755 649 77 47 M.
862 649 203 47 Schmitt
1106 658 201 50 proteste
1346 646 138 60 donc,
1514 646 54 46 de
1609 645 44 47 la
1693 646 136 57 façon
1870 644 44 45 la
1952 642 103 63 plus
2091 642 229 47 éclatante
2361 652 45 36 et
2443 641 43 47 la
2523 640 103 62 plus

95 722 197 50 décisive
318 735 164 34 contre
524 721 304 47 l'accusation
871 718 232 47 d'anémie
1147 716 259 65 distinguée
1435 734 91 45 que
1566 717 200 46 certains
1802 716 201 46 seraient
2039 713 154 47 tentés
2231 713 56 46 de
2323 713 118 64 jeter
2479 712 25 47 à
2542 729 84 30 nos

92 795 263 45 musiciens.

233 862 215 60 Ensuite,
477 861 31 47 il
551 877 118 31 nous
711 859 175 47 semble
931 861 122 58 bien,
1082 871 47 34 et
1166 876 61 28 on
1267 858 292 61 pardonnera
1597 868 122 35 cette
1757 854 225 47 réflexion
2009 853 25 47 à
2066 871 66 28 un
2174 854 240 59 historien,
2453 870 92 44 que
2583 852 42 46 le

94 934 195 49 Psaume
317 932 174 48 XLVI
518 950 176 29 renoue
721 931 43 47 la
790 931 221 45 tradition
1028 931 33 45 si
1091 929 223 60 française
1342 929 62 46 du
1431 939 151 35 motet
1602 927 25 47 à
1653 928 146 61 grand
1826 927 180 44 chœur.
2037 926 134 45 Nous
2198 941 119 29 nous
2343 924 283 61 imaginions

92 1004 266 60 volontiers,
387 1003 165 46 l'autre
575 1003 122 62 jour,
725 1000 198 63 quelque
951 999 208 61 chapelle
1181 999 54 46 de
1263 997 252 48 Versailles
1540 997 454 47 considérablement
2014 994 187 64 élargie,
2223 994 61 46 où
2305 993 322 46 retentiraient

91 1077 64 45 les
190 1087 189 34 accents
416 1073 113 47 d'un
571 1073 70 46 La
668 1072 180 59 Lande,
880 1073 123 44 voire
1041 1070 113 47 d'un
1183 1069 144 64 Lully
1362 1087 61 29 ou
1461 1069 112 46 d'un
1604 1069 63 46 du
1703 1066 148 47 Mont
1878 1066 62 46 du
1967 1065 104 46 XX
2075 1072 15 19 e
2114 1064 154 48 siècle.
2310 1064 93 47 Car
2438 1063 41 45 le
2507 1061 122 49 voilà

94 1148 122 58 bien,
244 1155 135 36 notre
405 1145 141 43 vieux
567 1154 149 34 motet
736 1141 26 46 à
782 1141 146 63 grand
950 1141 181 59 chœur,
1161 1157 219 29 morceau
1402 1140 54 45 de
1484 1139 265 58 résistance,
1771 1138 55 45 de
1853 1136 95 60 feu,
1977 1135 41 46 le
2044 1145 193 37 concert
2263 1133 222 62 spirituel,
2514 1149 112 31 avec

92 1234 68 31 ses
186 1233 168 29 masses
379 1214 210 47 chorales
626 1224 47 36 et
698 1229 69 31 ses
805 1211 207 62 épisodes
1049 1213 56 44 de
1131 1210 191 60 solistes,
1361 1226 112 30 avec
1500 1226 82 30 son
1622 1221 128 35 texte
1789 1206 250 62 emprunté
2077 1206 26 47 à
2131 1206 43 46 la
2212 1205 152 61 Bible,
2391 1221 112 30 avec
2540 1220 86 31 son

94 1286 142 48 allure
264 1284 241 61 théâtrale,
534 1284 323 62 majestueuse,
886 1281 170 62 parfois
1082 1298 65 29 un
1169 1298 91 44 peu
1285 1279 311 48 outrancière.

235 1355 287 59 Seulement,
551 1355 122 45 deux
711 1352 159 47 siècles
910 1352 55 46 de
1007 1352 214 60 musique
1263 1361 84 34 ont
1389 1350 126 61 passé
1554 1362 47 33 et
1629 1365 117 30 nous
1771 1359 84 35 ont
1896 1346 281 47 débarrassés
2215 1347 55 45 de
2298 1345 44 45 la
2366 1355 263 35 monotone

94 1427 305 61 scholastique
444 1426 78 46 des
559 1425 181 45 entrées
778 1422 295 62 imbriquées,
1103 1422 61 46 du
1204 1422 161 61 fugato
1403 1420 257 62 perpétuel,
1688 1436 186 29 comme
1914 1418 116 46 aussi
2071 1418 55 45 de
2165 1417 42 46 la
2244 1417 202 44 rondeur
2484 1414 143 46 d'une

94 1500 244 45 harmonie
364 1497 56 46 de
449 1507 104 34 tout
579 1511 132 46 repos
748 1511 92 29 aux
868 1491 287 48 bénéfiantes
1182 1492 241 46 cadences.
1464 1479 71 59 Le
1563 1489 198 47 Psaume
1789 1488 174 47 XLVI
2001 1500 68 34 est
2095 1487 200 47 l'arrière
2324 1484 213 64 petit-fils
2564 1486 63 45 du

111 1569 196 49 Cantate
537 1567 47 46 Domino
585 1566 65 45 de
651 1564 154 47 Michel
835 1563 206 46 Richard
1070 1563 56 44 de
1154 1562 71 45 La
1253 1562 179 47 Lande.

232 1638 41 47 Il
298 1656 46 28 se
373 1635 334 49 recommande
746 1651 79 44 par
863 1633 313 47 d'éminentes
1213 1632 196 62 qualités
1448 1630 54 46 de
1529 1630 321 46 construction
1889 1639 46 35 et
1963 1628 55 46 de
2057 1627 186 63 logique
2281 1625 259 60 musicales,
2582 1635 47 35 et

92 1708 200 49 s'établit
317 1707 349 59 sensiblement,
696 1723 58 28 en
792 1705 111 46 trois
929 1704 182 61 parties,
1139 1701 43 47 la
1219 1703 145 59 partie
1404 1701 215 46 médiane
1657 1701 257 45 consistant
1950 1715 59 28 en
2036 1715 64 28 un
2130 1696 182 63 épisode
2338 1696 200 46 attendri
2566 1695 63 46 où

95 1781 76 46 des
198 1779 108 46 voix
332 1778 56 45 de
426 1776 177 47 solistes
641 1780 381 42 instrumentaux
1049 1784 45 34 et
1131 1789 182 29 vocaux
1354 1773 227 44 viennent
1619 1770 194 46 chanter
1853 1769 287 44 doucement
2165 1766 43 46 la
2246 1766 384 46 reconnaissance

96 1851 61 46 du
184 1849 168 63 peuple
379 1848 176 47 hébreu
581 1864 117 44 pour
726 1846 42 46 le
795 1845 165 46 maître
987 1845 95 61 qui,
1103 1844 176 45 serions
1298 1859 119 29 nous
1445 1858 192 45 presque
1665 1839 131 47 tenté
1822 1840 55 44 de
1906 1840 112 58 dire,
2039 1839 65 45 lui
2135 1856 25 27 a
2182 1837 94 64 jeté
2302 1836 42 46 le
2366 1836 263 47 mouchoir.

233 1919 73 47 La
325 1917 175 64 qualité
526 1916 293 61 thématique
846 1926 67 35 est
940 1912 276 49 excellente.
1246 1911 100 48 Dès
1374 1911 41 46 le
1441 1911 160 60 début,
1629 1910 88 47 elle
1743 1908 232 60 s'affirme,
2004 1926 58 28 au
2100 1907 164 46 milieu
2291 1907 77 45 des
2392 1906 238 46 sonneries

95 1992 53 46 de
175 2001 290 50 trompettes,
494 2005 78 43 par
599 1986 276 62 l'explosion
914 1985 53 45 de
992 1985 92 62 joie
1124 1985 62 44 du
1272 1982 165 48 Gloire
1464 2000 61 28 au
1553 1982 226 61 Seigneur
1986 1978 105 47 Elle
2128 1995 46 29 se
2213 1977 235 61 proclame
2481 1994 78 43 par
2585 1976 42 46 le

91 2061 159 47 thème
277 2076 193 46 presque
496 2069 252 50 purement
767 2056 286 63 rythmique,
1075 2066 164 34 tenace
1260 2065 45 34 et
1322 2053 392 61 impressionnant
1736 2051 62 45 du
1872 2051 217 58 Nations,
2112 2048 188 61 frappez
2320 2047 79 46 des
2414 2048 150 45 mains

91 2132 79 62 qui
195 2149 46 29 se
269 2146 192 46 propose
489 2128 113 47 dans
626 2138 133 35 toute
786 2126 43 45 la
854 2142 162 42 masse,
1045 2135 47 35 et
1117 2141 92 44 que
1234 2123 168 46 scande
1441 2123 339 60 puissamment
1817 2137 65 29 un
1910 2119 233 46 orchestre
2171 2117 459 45 merveilleusement

91 2202 212 61 assoupli,
330 2199 196 47 attentif
543 2216 92 29 aux
661 2197 103 62 plus
791 2197 292 62 ingénieuses
1107 2194 291 62 suggestions
1423 2194 308 62 dynamiques
1749 2208 8 29 :
1788 2190 396 64 égratignements
2204 2189 55 45 de
2282 2189 176 60 harpes,
2486 2203 145 45 coups

95 2272 204 48 d'archet
324 2269 213 48 arrachés
561 2281 46 34 et
632 2286 95 29 secs
754 2269 78 45 des
857 2267 196 58 violons,
1079 2282 162 46 graves
1265 2264 340 46 interventions
1630 2263 78 46 des
1733 2262 285 58 trombones,
2047 2259 140 46 éclats
2222 2258 235 59 stridents,
2485 2258 123 44 lanci-

94 2354 136 35 nants
255 2342 77 45 des
359 2350 291 51 trompettes,
679 2338 173 45 dessins
876 2334 204 48 obstinés
1114 2336 78 60 qui
1221 2334 152 46 disent
1397 2331 222 64 l'énergie
1647 2330 321 62 persévérante
1997 2340 46 35 et
2080 2345 187 30 comme
2301 2326 330 47 l'entêtement

95 2414 60 47 du
181 2413 251 59 triomphe,
459 2422 106 34 tout
590 2409 98 47 cela
713 2420 68 35 est
807 2406 115 47 d'un
950 2406 226 46 musicien
1204 2405 54 45 de
1285 2420 121 30 race.
1442 2404 82 44 Au
1550 2401 163 46 milieu
1740 2401 54 46 de
1821 2418 52 29 ce
1900 2399 274 47 formidable
2208 2397 426 61 applaudissement

95 2484 143 62 surgit
264 2499 94 29 une
386 2483 156 58 danse,
570 2480 140 46 danse
738 2476 264 60 échevelée,
1030 2475 185 47 enivrée
1243 2475 56 44 de
1321 2474 91 62 joie
1432 2494 13 37 ;
1473 2474 115 59 puis,
1618 2489 64 29 un
1710 2471 124 62 large
1860 2470 159 46 choral
2044 2467 167 49 s'élève
2237 2485 77 28 sur
2334 2467 63 46 les
2417 2466 177 62 paroles
2617 2483 10 30 :

155 2552 143 47 Parce
335 2569 89 44 que
462 2550 43 46 le
533 2550 225 62 Seigneur
785 2559 67 35 est
877 2545 245 48 très-élevé
1202 2545 216 63 joignant
1440 2543 55 46 de
1522 2542 44 47 la
1590 2552 120 37 sorte
1737 2541 43 46 la
1807 2540 146 62 prière
1978 2556 92 29 aux
2108 2537 345 47 tumultueuses
2479 2537 122 46 mani-

98 2625 237 47 festations
373 2621 116 47 d'un
528 2620 165 62 peuple
731 2636 60 29 en
819 2617 157 47 délire.
1004 2616 143 47 Voilà
1172 2632 117 45 pour
1315 2615 44 45 la
1385 2613 228 63 première
1649 2613 173 60 partie:
1853 2629 90 43 peu
1980 2610 25 47 à
2032 2627 90 43 peu
2165 2626 112 29 avec
2304 2626 66 28 un
2396 2620 70 34 art
2491 2606 140 48 subtil

98 2695 77 47 des
202 2693 279 63 gradations,
522 2691 42 46 la
600 2688 206 49 sonorité
844 2687 264 61 s'estompe,
1148 2684 188 47 s'éteint
1374 2701 117 44 pour
1530 2698 191 32 amener
1760 2681 218 61 l'épisode
2006 2678 195 61 central,
2232 2678 44 46 le
2314 2678 214 62 dialogue
2555 2677 81 47 des

95 2764 189 60 solistes,
312 2762 177 61 violon,
518 2762 179 58 basson,
726 2776 94 43 cor,
849 2758 112 47 flûte
988 2770 47 33 et
1060 2772 197 46 soprano
1284 2754 110 47 solo.
1423 2753 65 47 Et
1512 2771 68 29 un
1605 2753 160 46 souffle
1793 2752 55 45 de
1886 2749 233 47 tendresse
2157 2766 141 44 passe,
2325 2759 201 36 soutenu
2552 2763 85 45 par

96 2834 64 49 les
186 2844 280 37 caressantes
490 2831 221 48 vocalises
738 2829 62 47 du
825 2828 174 60 violon,
1027 2844 65 30 un
1120 2828 159 46 souffle
1307 2825 54 46 de
1388 2823 193 63 volupté
1616 2824 117 46 aussi
1771 2839 91 45 que
1898 2820 219 47 recueille
2142 2820 269 46 avidement
2438 2818 43 47 la
2505 2817 127 48 foule

98 2904 196 47 extasiée
313 2926 12 37 ;
376 2919 114 31 avec
531 2900 153 63 quelle
730 2900 245 61 langueur,
1018 2914 112 30 avec
1174 2895 108 63 quel
1322 2894 216 48 abandon
1583 2911 193 44 presque
1815 2891 135 47 lascif
1982 2902 122 35 cette
2142 2889 126 47 foule
2307 2905 242 30 murmure
2577 2888 55 45 de

98 2974 287 48 troublantes
410 2971 220 47 vocalises
650 2970 231 47 énoncées
905 2985 76 30 sur
1018 2984 96 29 une
1150 2965 167 61 simple
1341 2965 197 64 voyelle,
1577 2980 187 30 comme
1803 2963 55 45 de
1896 2961 133 63 longs
2066 2971 47 35 et
2141 2960 230 46 délicieux
2396 2958 203 63 sanglots
2620 2955 11 48 !

96 3045 40 48 Il
162 3063 29 47 y
218 3064 26 28 a
268 3045 43 47 là
336 3045 80 46 des
440 3059 188 31 remous
654 3043 54 44 de
735 3040 221 60 sonorité,
984 3040 79 45 des
1098 3036 333 60 atténuations,
1460 3036 78 46 des
1572 3049 281 44 murmures,
1891 3049 66 30 un
1985 3034 228 44 immense
2239 3030 393 47 anéantissement

99 3116 110 46 dans
235 3115 42 46 le
303 3115 229 46 bonheur.
562 3110 244 49 Peut-être
834 3120 347 36 trouvera-t-on
1207 3124 89 44 que
1323 3106 41 46 le
1390 3123 197 44 soprano
1616 3123 59 28 ne
1712 3120 45 31 se
1785 3102 174 63 dégage
1992 3119 78 44 pas
2095 3118 125 29 assez
2246 3101 56 46 de
2329 3097 270 48 l'ensemble
2617 3119 14 37 ;

100 3187 113 46 mais
237 3185 201 47 l'auteur
463 3203 27 28 a
527 3182 235 63 peut-être
799 3181 144 46 voulu
981 3198 105 44 que,
1126 3178 332 46 communiant
1495 3177 114 46 dans
1646 3175 44 47 la
1714 3173 173 47 félicité
1914 3172 259 61 collective,
2201 3171 42 46 le
2268 3186 213 46 soprano,
2509 3168 128 47 liane

99 3256 237 60 humaine,
377 3256 221 44 demeure
636 3252 304 47 étroitement
975 3247 164 48 enlacé
1176 3247 25 47 à
1237 3264 68 30 ses
1341 3264 147 30 sœurs
1524 3242 395 50 instrumentales.
1959 3242 87 47 Par
2084 3242 123 46 deux
2245 3241 100 59 fois,
2375 3239 40 47 le
2443 3241 187 57 chœur,

99 3327 280 61 pianissimo,
409 3323 181 61 déploie
616 3341 64 28 un
710 3322 111 61 long
847 3322 155 60 soupir
1027 3318 287 64 mystérieux
1341 3327 47 36 et
1415 3316 205 47 escalade
1647 3332 95 29 une
1766 3325 122 35 sorte
1928 3311 224 48 d'échelle
2180 3312 55 46 de
2262 3311 163 62 Jacob,
2455 3308 179 47 dressée

99 3415 76 29 sur
225 3398 54 45 de
325 3396 319 62 prestigieuses
679 3393 228 47 irisations
950 3392 56 44 de
1050 3392 156 58 harpe.
1248 3388 125 60 Puis,
1412 3387 114 47 c'est
1563 3387 45 45 la
1644 3385 265 63 péroraison
1947 3384 77 61 qui
2062 3383 184 46 s'ouvre
2286 3398 78 45 par
2403 3380 43 46 le
2471 3379 164 47 thème

101 3468 305 64 majestueux,
433 3464 263 62 largement
722 3472 261 38 consonant
1002 3477 10 30 :
1100 3459 72 47 Le
1209 3459 226 61 Seigneur
1473 3468 69 36 est
1578 3454 164 47 monté
1844 3453 42 47 Il
1923 3453 167 47 s'élève
2128 3452 264 45 lentement
2431 3450 62 46 du
2518 3449 114 46 fond

103 3537 75 48 des
203 3539 124 59 voix,
354 3553 112 29 avec
492 3552 93 29 une
612 3534 126 46 force
764 3530 250 64 tranquille
1040 3543 47 33 et
1111 3530 119 61 sûre,
1258 3547 60 28 au
1355 3526 162 47 milieu
1557 3526 56 47 de
1638 3525 43 47 la
1705 3526 178 46 sereine
1907 3524 295 60 atmosphère
2230 3523 76 44 des
2331 3519 220 48 sextolets
2578 3519 58 47 de

100 3605 283 50 l'orchestre.
411 3605 263 47 Ascension
702 3601 277 62 irrésistible,
1008 3618 89 44 que
1122 3601 98 46 rien
1249 3598 253 48 n'arrêtera
1528 3608 45 37 et
1600 3598 98 61 qui,
1726 3613 90 44 peu
1842 3594 26 47 à
1893 3612 107 44 peu,
2028 3593 211 46 entraîne
2264 3609 67 29 un
2358 3590 277 47 formidable
