2776 3937
1981 282 132 69 LA
2177 268 423 88 SOCIÉTÉ

2100 478 389 101 BACH

2039 911 306 73 Lorsqu'en
2394 929 65 33 en
2512 926 142 52 1904

1966 1001 245 53 Gustave
2240 1001 128 52 Bret
2401 996 165 57 fonda
2603 997 50 53 la

1967 1092 206 55 Société
2211 1092 160 66 Bach,
2401 1090 77 53 les
2519 1109 134 55 gens

1964 1184 214 54 éclairés
2222 1180 431 72 contemplèrent

1966 1287 137 40 cette
2192 1273 261 52 tentative
2527 1288 127 34 avec

1964 1384 110 34 une
2112 1363 303 74 sympathie
2453 1359 201 53 teintée

1952 1456 132 52 d'un
2098 1454 194 54 certain
2305 1452 348 72 scepticisme.

1966 1546 185 53 Certes
2180 1542 300 55 l'ambition
2504 1541 69 52 de
2602 1557 55 35 se

1964 1652 275 36 consacrer
2277 1631 28 53 à
2352 1628 128 55 faire
2528 1649 97 33 con-

1966 1726 169 51 naître
2198 1722 50 54 le
2306 1721 123 74 plus
2484 1717 171 75 grand

1966 1815 272 72 peut-être
2315 1811 94 54 des
2488 1807 136 54 musi-

1966 1908 161 66 ciens,
2164 1903 126 54 était
2318 1899 294 56 admirable
2644 1919 13 46 ;

1967 1997 132 52 mais
2128 1994 50 53 le
2202 1992 180 74 public
2400 1986 257 58 avait-t-il

1967 2087 51 53 le
2060 2086 142 53 désir
2240 2084 66 52 de
2349 2080 129 55 faire
2519 2091 138 42 cette

1959 2178 378 55 connaissance
2363 2172 17 53 ?
2431 2172 101 52 Cet
2575 2178 80 43 art

1968 2267 252 56 n'était-il
2245 2284 93 54 pas
2371 2260 286 55 au-dessus

1968 2362 68 52 de
2089 2359 49 52 la
2205 2352 452 75 compréhension

429 2284 31 47 J.
491 2284 38 35 S.
559 2284 1006 35 Bach
1564 2284 1 47 se
1564 2284 1 47 rendant
1564 2284 1 47 a
1564 2284 1 47 l'école
1564 2284 1 47 St.
1564 2284 1 47 Thomas

120 2450 69 53 de
218 2450 50 54 la
296 2470 190 48 masse,
518 2463 53 41 et
599 2451 76 53 les
706 2451 356 53 admirateurs
1092 2450 71 53 du
1197 2450 204 52 Cantor
1430 2448 67 54 de
1528 2447 231 76 Leipzig
1789 2471 65 33 ne
1873 2446 405 58 resteraient-ils
2298 2465 91 52 pas
2418 2444 28 53 à
2466 2442 191 76 jamais

122 2560 108 33 une
260 2541 167 71 petite
457 2541 124 52 élite
611 2540 273 72 incapable
913 2541 67 52 de
1009 2538 223 73 remplir
1261 2538 422 74 régulièrement
1713 2560 108 33 une
1850 2541 126 53 salle
1999 2540 67 53 de
2089 2547 215 45 concert
2329 2535 18 53 ?
2367 2533 88 54 En
2479 2543 176 56 outre,

122 2630 242 53 difficiles
395 2631 26 52 à
452 2631 164 67 saisir,
647 2631 74 52 les
754 2651 214 32 œuvres
999 2631 66 52 de
1097 2630 145 52 Bach
1272 2641 124 41 sont
1422 2630 142 52 aussi
1596 2629 241 54 difficiles
1867 2631 28 53 à
1924 2629 340 72 interpréter,
2295 2637 52 42 et
2371 2624 122 73 plus
2523 2622 134 55 d'un

120 2720 172 74 grand
322 2721 272 52 orchestre
623 2740 30 32 a
679 2720 178 55 reculé
889 2720 202 53 devant
1117 2719 50 52 la
1194 2720 271 71 grandeur
1493 2720 179 52 même
1702 2719 67 53 de
1798 2731 139 42 cette
1984 2719 167 53 tâche.
2193 2717 297 53 Comment
2528 2731 97 53 sup-

122 2829 160 54 poser
322 2810 205 74 qu'une
557 2811 170 73 jeune
758 2810 212 68 société,
1002 2810 137 52 dont
1166 2809 49 52 le
1239 2809 179 52 succès
1443 2809 124 53 était
1596 2829 193 35 encore
1812 2809 27 55 à
1863 2810 173 68 venir,
2057 2808 241 73 pourrait
2326 2804 219 67 arriver,
2565 2820 92 55 par

120 2918 84 33 ses
235 2919 225 52 propres
480 2919 302 33 ressources
810 2899 29 53 à
867 2899 195 53 rendre
1091 2898 49 53 la
1169 2895 223 75 parfaite
1421 2898 193 53 beauté
1644 2900 68 51 de
1741 2918 85 34 ces
1855 2898 390 73 compositions
2272 2895 19 54 ?
2321 2895 74 52 Et
2417 2893 116 53 l'un
2563 2890 94 54 des

120 2989 135 54 amis
287 2989 66 54 de
381 2991 49 52 la
460 2991 261 71 première
752 2991 167 52 heure
948 2991 219 52 avouait
1195 2988 400 55 dernièrement
1624 2989 165 74 qu'au
1821 2989 169 54 début
2019 2988 37 53 il
2086 2987 286 72 n'espérait
2401 3003 91 54 pas
2535 2982 122 73 plus

122 3078 68 54 de
221 3078 145 54 deux
393 3098 93 34 ans
518 3079 67 54 de
613 3079 87 54 vie
730 3098 140 54 pour
912 3098 57 34 ce
990 3079 168 73 jeune
1187 3090 440 61 groupement....

277 3171 80 52 La
387 3171 206 52 Société
623 3171 143 52 Bach
795 3190 28 32 a
852 3170 251 72 répondu
1142 3189 105 33 aux
1276 3168 234 52 sourires
1557 3170 305 72 sceptiques
1909 3189 109 33 non
2064 3186 94 55 par
2205 3167 95 53 des
2349 3161 308 56 manifestes

119 3260 132 52 mais
282 3279 92 52 par
404 3260 94 53 des
528 3257 119 56 faits
670 3281 13 45 ;
715 3279 139 33 nous
882 3280 36 52 y
964 3257 340 74 répondrons
1355 3259 377 52 nous-mêmes
1784 3279 109 33 non
1943 3278 94 52 par
2086 3256 96 55 des
2235 3252 422 56 considérations

119 3349 277 73 générales
428 3350 132 51 mais
590 3368 92 52 par
712 3368 98 33 son
842 3349 222 52 histoire
1093 3349 196 50 même.

278 3439 43 52 Il
364 3440 261 73 s'agissait
654 3439 226 52 d'abord
909 3438 67 53 de
1007 3450 222 41 trouver
1261 3457 108 33 une
1411 3435 128 55 salle
1583 3436 94 74 qui
1722 3436 253 73 possédât
2019 3455 75 33 un
2145 3454 188 53 orgue.
2385 3431 148 55 Celle
2583 3430 74 53 du

122 3529 416 55 Conservatoire
578 3529 185 53 n'était
801 3528 141 72 plus,
988 3548 212 33 comme
1244 3548 69 32 au
1357 3539 177 60 temps
1583 3528 68 52 de
1695 3525 234 70 Berlioz,
1985 3525 282 55 accessible
2314 3543 104 33 aux
2464 3524 193 72 jeunes

120 3619 287 55 tentatives
435 3641 14 44 ;
499 3640 71 33 on
620 3619 100 52 dut
766 3638 54 33 se
867 3618 231 53 rabattre
1147 3637 92 33 sur
1286 3617 49 53 la
1383 3618 166 71 petite
1595 3615 128 55 salle
1771 3617 69 53 de
1887 3615 253 69 l'Union,
2184 3634 99 33 rue
2312 3614 68 53 de
2409 3613 248 54 Trévise*
