2776 3937
962 1370 917 137 SCHÖNBERG

263 1594 173 86 ET
525 1596 170 84 LA
781 1596 425 117 JEUNE
1297 1599 427 86 ECOLE
1810 1599 720 84 VIENNOISE

299 1893 72 78 Je
407 1915 73 36 ne
516 1895 155 57 crois
705 1915 102 58 pas
842 1893 184 80 qu'on
1065 1895 308 57 connaisse
1409 1895 128 57 rien
1580 1915 73 37 en
1691 1895 228 56 France
1955 1893 99 59 des
2089 1895 327 57 musiciens
2468 1895 126 78 qui,
2628 1892 32 60 à

129 1984 256 68 Vienne,
422 1996 265 66 peuvent
746 1982 124 57 être
926 1982 338 59 considérés
1322 2005 243 36 comme
1612 1984 83 57 les
1747 2004 367 37 successeurs
2166 1982 72 57 de
2296 1982 271 71 Mahler,
2604 1996 56 45 et

127 2095 242 37 comme
403 2075 82 56 les
518 2071 441 83 représentants
995 2074 99 57 des
1129 2074 322 57 tendances
1496 2074 284 57 actuelles
1813 2086 57 45 et
1905 2073 318 58 modernes
2257 2074 71 56 de
2364 2088 173 42 notre
2571 2088 89 43 art

125 2164 272 57 musical.
436 2164 165 57 C'est
637 2164 306 79 pourquoi
973 2163 51 70 je
1060 2184 97 36 me
1193 2164 375 77 permettrai,
1598 2184 117 36 non
1754 2183 102 58 pas
1891 2160 251 60 d'écrire
2169 2183 82 36 un
2286 2183 137 58 gros
2450 2163 207 56 article

125 2274 98 37 sur
256 2254 53 57 la
344 2255 284 78 musique
661 2254 312 56 viennoise
1007 2255 522 78 contemporaine,
1555 2253 150 57 mais
1731 2252 73 57 de
1833 2250 325 82 présenter,
2187 2273 83 36 un
2298 2274 118 58 peu
2449 2250 175 60 sèche-

124 2357 167 43 ment
327 2363 128 37 sans
489 2342 207 70 doute,
733 2343 266 79 quelque
1034 2362 194 51 noms,
1267 2343 290 79 quelques
1592 2342 162 57 dates
1788 2356 59 42 et
1881 2342 294 78 quelques
2210 2362 250 36 œuvres.

303 2433 101 59 On
440 2433 109 56 sait
597 2432 56 57 la
698 2431 346 80 réputation
1096 2433 289 56 musicale
1421 2433 72 55 de
1528 2432 240 57 Vienne
1804 2454 72 34 au
1913 2429 185 60 début
2134 2431 79 57 du
2248 2432 156 56 XIX
2408 2433 17 19 e
2458 2428 195 61 siècle.

122 2523 102 58 Au
258 2536 198 66 temps
506 2522 71 56 de
629 2521 350 58 Beethoven
1039 2536 56 42 et
1155 2521 71 57 de
1268 2521 321 70 Schubert,
1646 2521 55 57 la
1757 2521 268 57 noblesse
2059 2534 56 43 et
2167 2521 55 57 la
2274 2518 381 82 bourgeoisie

121 2610 251 59 éclairée
408 2633 58 36 se
501 2608 277 60 faisaient
813 2633 80 35 un
930 2610 210 58 devoir
1174 2611 71 57 de
1279 2610 285 81 protéger
1602 2611 54 57 la
1692 2612 301 78 musique.
2039 2611 58 56 A
2135 2611 188 77 partir
2357 2610 72 57 de
2490 2608 158 77 1848

120 2723 67 37 ce
240 2699 370 61 mécénisme
667 2700 292 79 changea,
1014 2720 129 38 sans
1200 2700 352 80 disparaître
1611 2714 288 65 pourtant
1954 2699 496 80 complètement.
2511 2699 142 57 Puis

117 2793 243 55 vinrent
395 2791 80 57 les
512 2791 291 79 querelles
839 2789 78 58 du
953 2788 423 81 wagnérisme,
1413 2790 105 79 qui
1569 2789 327 58 divisèrent
1932 2804 57 42 et
2039 2786 384 60 absorbèrent
2473 2789 150 79 l'opi-

118 2881 167 70 nion,
324 2894 56 43 et
416 2879 147 58 dont
607 2879 300 58 l'histoire
944 2901 150 36 nous
1129 2879 253 58 conduit
1418 2879 30 57 à
1482 2880 54 56 la
1569 2875 80 61 fin
1687 2879 79 57 du
1802 2878 199 59 siècle.
2040 2880 94 56 En
2185 2892 157 43 cette
2376 2876 275 59 dernière

118 2969 240 81 époque
393 2970 146 56 trois
573 2968 282 58 hommes
884 2984 104 42 ont
1024 2968 229 58 illustré
1288 2983 173 43 notre
1494 2970 141 56 ville
1672 2991 10 35 :
1716 2968 274 71 Brahms,
2022 2967 393 58 Bruckneret
2454 2968 197 79 Hugo

118 3058 193 60 Wolf.
352 3061 88 54 Le
473 3059 266 79 premier
788 3057 341 81 représente
1164 3059 53 56 la
1251 3059 282 79 musique
1587 3057 72 58 de
1693 3057 309 71 chambre,
2037 3058 56 56 le
2145 3055 221 59 second
2399 3057 55 56 la
2487 3076 123 61 sym-

118 3149 249 82 phonie,
404 3149 55 56 le
496 3146 308 59 troisième
839 3149 54 56 le
926 3147 122 58 lied
1084 3149 257 79 lyrique.

298 3237 314 59 Bruckner
662 3252 147 65 peut
863 3238 125 56 être
1038 3236 283 81 comparé
1373 3236 31 58 à
1454 3236 183 58 César
1696 3236 239 58 Franck
1970 3236 93 58 s'il
2112 3256 141 37 aura
2289 3235 142 57 dans
2476 3247 172 45 notre

117 3329 252 58 histoire
403 3329 53 55 la
492 3327 170 79 place
696 3326 144 57 d'un
889 3325 346 59 libérateur.
1273 3326 71 57 Sa
1380 3327 339 56 succession
1771 3325 92 58 fut
1899 3326 307 57 recueillie
2257 3345 106 58 par
2412 3325 238 57 Gustav

118 3417 253 60 Mahler
426 3415 433 80 (1860-IQII)
916 3416 146 57 dont
1089 3416 61 79 je
1200 3438 74 35 ne
1324 3416 151 56 dirai
1513 3416 148 69 rien,
1711 3416 83 57 les
1841 3416 257 56 lecteurs
2148 3414 71 58 de
2269 3428 157 43 cette
2468 3434 180 36 revue

117 3508 380 58 connaissant
532 3505 73 57 de
654 3506 228 79 longue
934 3505 136 57 date
1105 3520 173 42 notre
1331 3505 426 80 compatriote,
1794 3527 106 58 par
1935 3506 81 56 les
2068 3503 194 58 beaux
2307 3503 235 57 articles
2576 3500 72 58 de

118 3598 209 58 M.M.
367 3597 205 57 Ritter
597 3609 57 43 et
691 3597 250 57 Casella.
