2237 3761
810 178 328 28 PUBLICATIONS
1173 178 261 27 NOUVELLES

115 183 79 36 240

116 285 97 44 trop
232 275 214 41 difficiles.
465 275 32 39 Il
517 273 94 41 faut
629 272 234 41 surveiller
879 271 119 40 leurs
1024 271 228 46 attitudes,
1276 271 97 40 leur
1395 271 251 52 apprendre
1672 276 22 35 à
1719 273 153 39 ouvrir
1888 272 40 39 la
1953 271 193 51 bouche,

117 350 19 34 à
161 347 208 50 respirer,
398 348 22 36 à
445 348 184 36 émettre
649 341 311 40 franchement
985 341 63 40 les
1064 353 125 28 sons.
1218 339 32 40 Il
1275 337 73 56 n'y
1371 355 21 25 a
1417 354 83 39 pas
1523 354 161 27 encore
1704 341 54 40 cle
1782 343 244 51 répertoire
2046 355 76 27 con-

114 414 317 41 venablement
448 411 152 42 établi.
634 410 87 40 Les
744 423 315 40 programmes
1083 410 283 52 n'indiquent
1389 424 81 39 pas
1496 423 122 27 assez
1650 410 260 41 clairement
1934 425 84 26 aux
2037 416 83 35 maî-

116 493 164 31 tresses
305 496 45 26 ce
375 482 134 52 qu'on
535 480 148 41 attend
705 480 170 39 d'elles.
909 477 153 52 Enfin,
1084 493 57 26 on
1163 492 54 26 en
1234 487 65 32 est
1322 493 160 27 encore
1513 484 21 36 à
1568 480 258 40 considérer
1861 480 39 40 la
1939 482 208 50 musique

115 565 174 28 comme
328 551 134 40 chose
505 562 19 28 ((
560 550 247 40 accessoire
833 560 20 27 »
891 562 57 26 ou
970 560 20 28 ((
1023 548 281 51 d'agrément
1323 560 20 28 ))
1378 548 253 52 (agrément
1672 563 114 39 pour
1809 551 77 51 qui
1906 548 34 54 ?)
1965 561 8 34 ;
1998 563 57 27 on
2094 563 53 26 ne

115 625 145 48 paraît
284 633 80 39 pas
386 619 218 40 admettre
628 631 86 39 que
731 618 40 39 la
790 619 209 51 musique
1023 632 21 25 a
1069 631 87 27 une
1173 618 124 52 place
1318 620 252 38 nécessaire
1583 619 113 40 dans
1711 617 269 42 l'éducation
2016 618 131 40 d'une

117 690 129 51 jeune
276 687 91 42 fille
384 697 40 31 et
449 701 100 39 que,
571 701 105 26 sans
700 701 87 26 une
804 687 196 50 chorale,
1022 687 39 40 la
1085 688 306 51 personnalité
1406 688 107 39 d'un
1537 687 120 53 lycée
1685 696 65 32 est
1774 687 284 53 incomplète.
2085 686 62 41 Le

117 767 183 44 rapport
324 757 53 41 de
396 756 61 41 M.
479 756 278 41 Combarieu
778 770 45 27 se
848 758 188 39 termine
1060 771 80 38 par
1159 757 77 40 des
1272 759 310 50 propositions
1624 765 134 44 ayant
1794 771 115 38 pour
1945 756 119 53 objet
2094 757 53 40 de

116 826 201 42 combler
339 827 218 40 certaines
581 826 181 40 lacunes
805 826 53 39 de
894 834 65 32 cet
997 827 357 50 enseignement.

759 1039 398 41 Publications
1190 1042 314 40 nouvelles.

1557 1163 136 40 Stella
1702 1196 7 15 ,
1732 1170 161 45 poème
1917 1164 54 39 de
1991 1163 157 41 Victor

1095 1232 150 51 Hugo,
1288 1246 114 39 pour
1444 1233 134 39 chant
1622 1242 40 30 et
1705 1233 245 46 orchestre,
2003 1233 145 39 réduit

1094 1314 114 38 pour
1246 1302 136 51 piano
1420 1310 42 32 et
1498 1302 136 39 chant
1671 1316 80 37 par
1787 1300 192 42 hauteur
2001 1317 7 32 ;
2050 1306 22 35 à
2107 1302 40 40 la

1095 1368 177 43 Société
1290 1370 210 41 nouvelle
1517 1368 257 43 d'Editions
1789 1370 241 40 musicales
2046 1368 76 55 (an-

1094 1441 157 39 cienne
1281 1441 175 39 maison
1482 1439 114 40 Paul
1628 1439 216 52 Dupont),
1870 1454 66 36 24,
1962 1453 77 26 rue
2069 1439 78 40 des

1095 1508 273 53 Capucines.

1152 1578 63 40 Ce
1238 1585 160 47 poème
1422 1578 174 53 lyrique
1614 1587 65 31 est
1703 1580 220 38 construit
1937 1592 76 26 sur
2033 1578 114 41 deux

1096 1648 173 40 thèmes
1305 1650 280 50 principaux.
1621 1646 63 41 Le
1718 1649 206 51 premier,
1957 1648 114 40 dans
2105 1648 39 40 la

1097 1718 184 40 tonalité
1305 1718 253 40 lumineuse
1582 1717 54 39 de
1658 1716 39 40 si
1719 1717 165 51 majeur
1893 1747 7 16 ,
1927 1730 115 27 nous
2067 1731 53 26 an-

1096 1800 141 28 nonce
1262 1785 284 53 l'apparition
1579 1785 53 40 de
1656 1785 164 42 l'étoile
1844 1784 302 55 symbolisant

1098 1857 169 51 l'esprit
1286 1855 123 40 divin
1429 1871 7 24 :

1149 1163 148 41 HENRI
1318 1163 139 42 LUTZ.

176 2242 63 41 Le
260 2243 163 40 second
446 2240 144 52 motif,
613 2240 106 41 d'un
740 2242 240 38 sentiment
1013 2239 294 51 majestueux,
1335 2235 247 53 symbolise
1605 2234 170 54 l'esprit
1808 2234 189 41 humain
2024 2245 7 28 :

175 2573 88 42 Ces
286 2575 173 40 thèmes
482 2575 76 50 qui
593 2580 101 33 sont
727 2572 63 40 les
814 2569 153 42 motifs
1002 2573 293 47 générateurs
1338 2567 54 39 de
1425 2564 186 41 l'œuvre
1645 2577 46 26 se
1718 2562 301 52 développent
2042 2574 80 40 pro-

119 2647 327 48 gressivement
467 2652 40 30 et
541 2655 46 27 se
627 2639 321 42 transforment
983 2638 125 40 selon
1143 2638 63 39 les
1239 2636 165 52 phases
1447 2633 131 53 qu'ils
1622 2640 262 41 traversent,
1924 2630 225 42 semblant

119 2714 174 40 donner
315 2714 250 44 naissance,
598 2711 54 39 cle
676 2719 145 42 temps
846 2713 21 35 à
911 2716 140 37 autre,
1091 2711 21 35 à
1138 2706 53 40 de
1215 2718 236 27 nouveaux
1490 2700 153 43 motifs
1674 2702 75 52 qui
1792 2709 101 32 sont
1917 2714 53 26 en
1996 2700 153 40 réalité

120 2783 173 39 dérivés
316 2782 78 39 des
427 2781 113 40 deux
571 2779 174 40 thèmes
781 2779 187 38 initiaux
1019 2775 143 52 Après
1197 2787 73 27 ces
1293 2774 400 50 développements
1728 2768 236 42 successifs
1999 2775 52 34 où
2086 2769 62 39 les

121 2849 152 41 motifs
306 2859 101 31 sont
446 2848 271 52 enveloppés
759 2855 101 32 tour
900 2850 22 35 à
963 2854 101 31 tour
1100 2841 309 42 d'harmonies
1445 2847 88 34 très
1576 2840 297 50 distinguées,
1910 2839 39 39 le
1982 2850 163 28 second

120 2918 133 41 motif
269 2927 65 31 est
358 2922 207 48 présenté
586 2930 106 26 sous
735 2929 86 27 une
844 2914 144 40 forme
1018 2912 209 41 nouvelle
1250 2912 113 39 clans
1385 2909 196 53 laquelle
1603 2909 28 39 il
1676 2908 139 52 prend
1839 2922 59 26 un
1921 2913 223 35 caractère

120 2989 53 39 de
191 2987 195 41 marche.
427 2986 128 40 Ainsi
578 2984 287 47 transformé,
894 2984 38 38 le
971 2982 196 53 premier
1202 2979 132 42 motif
1373 2980 169 39 revient
1581 2992 81 37 par
1696 2977 222 40 antithèse
1952 2990 46 27 se
2031 2989 87 28 com-

120 3057 127 40 biner
270 3070 105 27 avec
403 3055 39 40 le
478 3055 192 40 dernier.
697 3054 55 40 Et
773 3054 118 40 alors
926 3064 114 28 nous
1081 3051 219 39 assistons
1341 3053 21 35 à
1389 3049 40 39 la
1454 3049 189 39 réunion
1667 3047 54 39 de
1760 3059 72 27 ces
1856 3046 114 40 deux
1992 3045 122 41 idées
2137 3061 7 24 :
