2237 3761
111 202 80 46 248

983 209 333 27 INFORMATIONS

164 303 69 41 En
257 304 163 40 dehors
444 304 53 40 de
524 304 38 39 la
579 304 211 51 musique
809 301 294 46 d'ensemble,
1128 314 72 27 ces
1224 309 202 32 concerts
1444 310 76 31 ont
1542 303 168 50 permis
1747 301 262 41 d'entendre
2026 302 114 40 deux

114 373 265 40 excellentes
398 374 282 45 cantatrices,
718 370 40 38 M
769 369 38 24 lle
835 370 259 48 Demellier,
1132 370 213 42 brillante
1381 370 125 40 élève
1550 370 58 40 de
1659 368 38 39 M
1708 375 47 17 me
1790 370 84 40 Ed.
1914 370 227 48 Colonne,

109 457 59 25 un
210 442 75 52 joli
328 454 194 40 soprano
559 441 286 51 dramatique
887 454 86 38 que
1016 439 130 41 Paris
1189 454 22 26 a
1249 440 98 52 déjà
1400 440 228 52 plusieurs
1672 438 87 41 fois
1799 440 259 52 applaudie,
2101 450 41 31 et

108 509 47 40 M
160 515 47 17 me
230 509 210 51 Guionie,
463 510 244 40 chanteuse
727 510 148 50 légère
899 525 84 24 aux
1004 509 220 40 vocalises
1242 509 150 40 ailées.

164 578 69 41 En
250 588 142 37 outre,
416 577 62 41 M.
494 578 111 55 Jean
623 577 194 42 Galland
840 581 95 38 vint
959 578 257 53 steinwayer
1233 594 59 25 un
1308 577 197 42 Scherzo
1524 578 54 39 de
1599 577 346 51 Mendelssohn,
1969 579 24 38 Y
2000 577 143 40 Etude

109 661 54 26 en
186 654 42 33 ut
248 648 122 39 dièse
393 649 177 39 mineur
592 657 41 32 et
657 648 40 40 la
720 647 237 40 Polonaise
982 662 54 27 en
1057 648 59 39 mi
1137 655 17 33 \>
1195 649 54 39 de
1270 647 196 53 Chopin.
1487 645 120 42 Sous
1633 661 70 26 ses
1737 649 150 49 doigts
1908 648 160 50 agiles,
2105 648 39 39 le

109 718 219 52 steinway
351 716 65 42 fut
436 730 85 40 peu
543 716 199 42 brillant.
771 716 60 41 Le
866 726 226 32 contraste
1123 731 54 26 en
1218 716 64 42 fut
1306 717 204 39 d'autant
1533 716 101 53 plus
1672 715 211 55 frappant
1908 730 85 39 que
2032 717 113 39 dans

111 786 64 40 les
204 785 143 41 Valses
367 786 289 54 romantiques
676 791 22 35 à
723 787 114 40 deux
870 788 161 51 pianos
1048 787 54 39 de
1125 786 239 47 Chabrier,
1388 786 39 40 le
1448 785 165 41 second
1632 787 135 51 piano
1802 788 106 38 était
1927 795 104 31 tenu
2065 800 81 38 par

114 854 61 42 M.
208 854 208 42 Mockers
440 870 76 26 sur
537 871 59 25 un
636 856 145 53 pleyel
819 857 75 51 qui
920 855 104 41 s'est
1058 861 175 35 montré
1271 861 87 35 très
1396 856 241 50 supérieur
1687 870 55 25 au
1779 856 181 52 produit
2000 855 54 40 de
2104 856 39 39 la

113 938 187 38 marque
323 927 286 38 américaine.

166 991 87 42 Les
275 1002 201 32 concerts
501 995 113 39 ainsi
639 996 236 48 organisés
899 1009 80 37 par
1003 995 39 38 la
1069 992 177 42 Société
1268 994 78 40 des
1369 993 127 41 Amis
1517 994 78 41 des
1618 993 109 41 Arts
1745 1003 102 31 sont
1872 998 89 36 très
1985 995 156 38 suivis.

112 1062 289 41 Puissent-ils
420 1064 165 39 réussir
608 1063 273 52 pleinement
901 1072 40 31 et
966 1063 255 40 acclimater
1237 1061 121 42 enfin
1381 1067 22 36 à
1421 1063 148 41 Tours
1590 1063 40 40 le
1653 1069 110 44 goût
1784 1063 53 40 de
1863 1063 39 39 la
1934 1064 210 51 musique

113 1132 238 51 classique.

1850 1202 59 25 HIM.

537 1306 176 52 Malgré
731 1307 39 40 la
797 1309 250 39 ravissante
1068 1313 174 35 rentrée
1259 1306 113 41 deM
1378 1305 40 24 lle
1436 1306 144 40 Marie
1595 1306 191 54 Thierry
1802 1316 41 31 et
1864 1308 39 39 la
1936 1311 210 48 présence

110 1376 53 39 de
183 1374 62 40 M.
269 1374 51 41 L.
344 1374 160 49 David,
524 1376 39 40 le
583 1376 99 41 clou
706 1377 54 39 de
778 1376 39 40 la
838 1378 241 50 quinzaine
1101 1391 21 25 a
1143 1381 68 36 été
1228 1378 322 39 certainement
1572 1376 63 40 les
1658 1391 20 24 2
1698 1377 229 40 auditions
1946 1377 199 40 données

111 1459 81 37 par
224 1444 38 40 le
285 1444 101 52 plus
409 1444 173 41 illustre
615 1445 242 41 violoniste
880 1446 54 39 de
958 1456 129 30 notre
1106 1451 193 47 époque,
1320 1444 63 41 M.
1412 1445 85 54 Jan
1522 1444 213 41 Kubelik.

168 1513 220 52 Préparés
410 1528 82 38 par
513 1528 87 26 une
634 1516 222 39 immense
899 1515 232 52 publicité,
1155 1529 73 26 ces
1257 1515 114 40 deux
1408 1524 202 31 concerts
1654 1517 177 38 avaient
1858 1516 127 38 réuni
2009 1515 135 40 l'élite

113 1583 214 40 musicale
350 1582 269 51 bordelaise,
641 1593 41 32 et
716 1584 62 40 les
798 1584 222 41 dilettanti
1045 1584 124 41 n'ont
1191 1598 80 39 pas
1306 1597 54 27 eu
1387 1588 21 35 à
1453 1584 38 39 le
1515 1593 234 41 regretter,
1785 1598 74 25 car
1900 1584 160 52 jamais
2090 1597 57 28 on

110 1651 164 40 n'avait
295 1652 197 40 entendu
532 1668 59 25 un
628 1654 155 39 artiste
818 1654 246 52 possédant
1094 1655 122 38 aussi
1259 1653 438 40 merveilleusement
1740 1666 81 26 son
1858 1654 287 39 instrument.

172 1718 271 54 Stupéfiant,
476 1722 256 40 électrisant
767 1722 10 40 1
799 1722 222 40 auditoire
1044 1737 81 37 par
1149 1738 60 24 un
1243 1723 69 51 jeu
1339 1724 213 50 magique
1575 1731 41 31 et
1639 1726 147 35 même
1806 1721 279 53 diabolique,
2109 1722 38 39 le

116 1786 183 43 brillant
322 1791 198 39 virtuose
541 1805 22 25 a
585 1790 167 40 obtenu
778 1791 78 39 des
880 1792 206 39 ovations
1110 1804 106 26 sans
1238 1789 75 41 fin.
1348 1790 87 40 Nul
1480 1804 54 26 ne
1567 1791 192 52 possède
1781 1795 22 35 à
1825 1805 61 25 un
1909 1790 102 53 plus
2037 1792 108 39 haut

110 1858 126 50 point
259 1857 38 41 le
321 1858 89 40 don
430 1859 53 39 de
507 1871 20 27 ((
551 1858 152 41 brûler
729 1871 20 27 »
776 1859 63 40 les
860 1861 127 38 traits
1011 1864 146 35 même
1181 1859 63 40 les
1279 1859 100 53 plus
1413 1859 333 40 inextricables.
1779 1859 185 41 Faisant
1988 1869 131 31 enten-

112 1926 77 40 dre
212 1940 104 27 avec
339 1942 58 25 un
421 1937 65 30 art
506 1928 341 53 incomparable
891 1938 146 31 toutes
1062 1929 63 40 les
1162 1929 311 40 articulations
1515 1928 226 53 possibles
1764 1929 59 40 du
1858 1929 169 47 violon,
2066 1943 81 26 son

114 1994 126 52 style,
261 1995 76 40 des
361 1996 101 51 plus
480 2010 106 38 purs
630 2011 22 26 a
676 1997 256 50 également
958 1999 148 51 ajouté
1128 2012 59 25 un
1211 1998 182 39 charme
1414 1997 218 41 délicieux
1654 2002 21 35 à
1697 1998 39 39 la
1760 1997 211 42 brillante
1992 2003 128 36 exécu-

113 2065 92 39 tion
229 2064 78 40 des
339 2078 239 27 morceaux
603 2080 58 38 qu
681 2066 28 39 il
746 2080 115 26 nous
887 2081 21 25 a
934 2066 78 40 fait
1045 2067 216 39 entendre
1283 2075 42 32 et
1346 2067 108 40 dont
1477 2069 111 38 voici
1607 2067 38 40 le
1663 2080 293 39 programme
1976 2083 7 25 :

173 2172 13 25 lERI
195 2162 33 17 ER
257 2157 217 42 CONCERT
497 2175 7 24 :
540 2159 210 40 Concerto
795 2159 88 54 (op.
929 2160 71 54 61)
1023 2161 54 40 de
1100 2160 259 41 Beethoven
1381 2171 41 31 et
1461 2159 211 42 Concerto
1693 2162 53 39 de
1771 2161 225 51 Paganini
2017 2173 8 37 ;
2057 2162 91 40 Ave

111 2224 144 42 Maria
279 2227 53 39 de
355 2226 222 42 Schubert
602 2237 41 32 et
669 2228 220 41 Carnaval
923 2243 116 26 russe
1063 2230 55 40 de
1134 2230 322 42 Wieniawski.

169 2334 20 25 2
196 2329 14 16 E
240 2319 240 43 CONCERT:
507 2322 211 40 Concerto
742 2323 53 41 de
816 2322 326 42 Mendelssohn
1171 2333 41 31 et
1237 2323 224 41 Fantaisie
1482 2338 77 26 sur
1592 2322 139 42 Faust
1752 2324 54 40 de
1826 2324 317 42 Wieniawski.

114 2411 46 7 -
191 2388 98 41 God
308 2405 97 25 save
428 2390 67 40 the
517 2390 144 50 Queen
685 2401 41 32 et
747 2392 137 40 Moïse
908 2407 75 26 sur
1007 2407 87 27 une
1114 2393 133 41 corde
1269 2393 54 40 de
1343 2393 242 51 Paganini.

167 1307 266 40 BORDEAUX.

1604 2495 98 53 Jos.
1749 2492 169 43 GRIMO.

267 2909 37 38 A
347 2909 152 52 céder,
525 2910 113 40 dans
663 2910 75 42 des
758 2913 258 40 conditions
1051 2914 489 54 exceptionnellement
1562 2926 352 45 avantageuses,
1952 2933 59 28 un
2047 2921 78 40 har-

113 2978 203 38 monium
339 2979 55 39 de
412 2979 176 41 Debain
609 2994 52 26 en
682 2980 185 55 parfait
889 2982 113 50 état,
1028 2983 166 56 acajou
1221 2987 145 48 verni,
1389 2994 152 45 ayant
1568 2986 130 41 coûté
1722 2986 131 43 8000
1866 2989 77 55 fr.
1969 3001 12 27 :
2009 3003 24 27 2
2060 2992 68 38 cla-

112 3046 138 51 viers,
270 3045 32 43 8
308 3046 121 56 jeux
440 3048 120 53 [plus
568 3062 23 26 2
604 3062 121 42 jeux
741 3063 58 27 au
815 3051 251 54 pédalier),
1091 3060 62 42 42
1172 3053 225 54 registres
1407 3088 8 17 ,
1438 3067 23 28 2
1483 3057 229 53 registres
1722 3070 124 39 pour
1868 3059 40 39 le
1921 3058 226 54 pédalier,

115 3127 23 28 2
178 3116 308 54 genouillères
523 3121 303 50 expressives,
858 3134 20 27 1
923 3122 270 41 talonnière.
1628 3139 96 26 aux
1762 3125 210 42 bureaux
2011 3127 52 41 de
2105 3130 43 38 la

114 3185 152 42 Revue
286 3189 231 50 musicale,
539 3187 80 49 5/,
642 3201 81 28 rue
748 3188 53 41 de
826 3190 220 41 Paradis.

1345 3465 57 40 Le
1436 3465 164 42 Gérant
1626 3483 11 23 :
1670 3467 52 40 A.
1760 3467 205 46 REBECQ.

757 3559 100 26 Poitiers.
875 3571 15 4 -
904 3560 83 26 Société
1005 3561 106 31 française
1125 3564 151 28 d'lmprimerie
1293 3564 24 25 et
1334 3567 26 22 de
1381 3566 110 24 Librairie.
