4348 5524
431 4971 98 78 86

424 397 97 74 ob
563 426 61 44 z.
663 397 86 73 B.
807 397 217 73 Grün
1074 397 160 71 und
1288 399 195 69 Blau
1542 399 171 71 eine
1764 397 420 71 Harmonie

424 507 264 75 bilden
724 507 185 75 oder
941 507 238 73 nicht.
1251 507 226 73 Meist
1510 507 259 73 wurde
1792 507 124 73 die
1952 507 232 98 Frage

423 622 140 71 mit
604 620 201 72 Nein
849 619 517 73 entschieden.
1459 619 240 73 Dabei
1743 622 275 71 liessen
2060 620 125 72 die

424 729 667 74 Farbtheoretiker
1129 756 181 71 ganz
1344 756 255 46 ausser
1633 731 222 82 Acht,
1908 731 166 71 dass
2109 756 76 46 es

423 842 411 71 zweifellos
902 841 252 72 neben
1229 844 252 71 vielen
1552 841 428 72 hässlichen
2048 839 92 73 Zu-

424 956 767 95 sammenstellungen
1251 979 174 46 vom
1488 954 216 71 Grün
1774 952 159 73 und
1991 952 198 73 Blau

423 1062 194 73 auch
646 1064 173 71 sehr
846 1064 279 71 schöne
1156 1062 179 100 gibt,
1364 1066 139 69 wie
1530 1066 107 69 sie
1679 1091 63 44 z.
1767 1064 86 70 B.
1886 1064 299 97 gewisse

424 1176 425 98 Papageien
875 1178 282 96 zeigen.
1212 1176 140 71 Die
1379 1176 419 71 hierdurch
1821 1174 364 98 gebotene

424 1288 302 71 weitere
749 1286 258 98 Frage,
1030 1301 226 56 unter
1283 1286 338 71 welchen
1635 1286 552 96 Bedingungen

424 1398 280 71 schöne
734 1398 159 71 und
922 1413 222 56 unter
1171 1398 340 71 welchen
1538 1396 373 73 hässliche
1943 1396 244 71 Grün-

424 1506 293 73 Blau-V
721 1506 530 98 erbindungen
1266 1508 421 84 entstehen,
1703 1506 257 73 wurde
1974 1506 215 71 nicht

426 1621 317 95 gestellt,
771 1620 154 72 also
964 1620 195 71 auch
1191 1620 217 71 nicht
1444 1618 518 73 beantwortet.
2046 1618 141 71 Die

426 1731 347 71 Antwort
834 1730 190 72 wird
1088 1745 152 57 erst
1303 1730 356 98 möglich,
1726 1755 221 47 wenn
2011 1755 176 46 man

423 1840 252 72 neben
710 1841 173 71 dem
912 1840 334 72 Farbton
1273 1841 123 71 die
1432 1841 335 71 anderen
1794 1841 393 71 Elemente

426 1953 134 71 der
587 1951 240 73 Farbe
871 1955 83 71 in
993 1951 357 73 Betracht
1384 1951 227 87 zieht,
1657 1951 337 73 nämlich
2038 1951 149 72 den

428 2063 274 73 Gehalt
732 2090 99 46 an
865 2063 238 75 Weiss
1139 2063 159 73 und
1332 2089 96 47 an
1464 2061 367 73 Schwarz.

426 2251 159 70 Aus
666 2249 138 72 der
881 2248 507 98 Entdeckung
1483 2248 132 73 des
1696 2248 442 98 Stimmungs-

424 2373 264 59 wertes
787 2360 135 71 der
1003 2358 241 73 Farbe
1340 2360 132 71 hat
1545 2358 161 73 sich
1776 2358 204 71 dann
2053 2358 134 71 der

424 2471 700 100 Impressionismus
1157 2470 459 84 entwickelt,
1667 2470 324 72 welcher
2026 2470 161 71 sich

426 2585 124 71 die
677 2583 497 97 Auffindnng
1298 2581 257 71 bisher
1674 2580 513 74 übersehener

428 2693 1097 98 Farbenmannigfaltigkeiten
1593 2695 83 69 in
1737 2693 133 71 der
1919 2693 268 83 Natur,

423 2805 469 73 namentlich
942 2805 297 73 solcher
1286 2830 153 46 von
1471 2801 718 99 vorübergehender

426 2915 633 71 Beschaffenheit
1137 2940 175 44 zum
1396 2912 161 74 Ziel
1638 2928 253 56 setzte.
2038 2913 151 70 Der

424 3028 532 71 harmonische
1024 3028 425 97 Eigenwert
1522 3027 135 71 der
1730 3025 240 73 Farbe
2045 3040 147 56 trat

424 3138 298 73 hierbei
775 3166 183 71 ganz
1008 3138 315 73 zurück.

426 3306 98 71 Es
577 3330 149 47 war
798 3303 459 98 notwendig,
1332 3303 166 73 dass
1566 3303 137 73 auf
1764 3303 203 73 diese
2018 3304 129 70 Ein-

426 3416 379 98 seitigkeit
883 3418 171 69 eine
1139 3414 609 99 Gegenwirkung
1843 3414 346 97 erfolgte,

424 3528 283 73 welche
739 3530 230 96 jenen
1002 3526 687 98 vernachlässigten
1725 3526 281 71 Faktor
2058 3526 131 71 des

426 3638 547 74 Kunstwerkes
1046 3638 281 73 ebenso
1398 3640 418 96 gewaltsam
1889 3640 83 69 in
2040 3638 150 71 den

426 3751 547 99 Vordergrund
1047 3753 270 71 stellte.
1447 3750 186 78 Jene
1703 3750 489 96 Wanderung

426 3860 244 73 durch
743 3885 196 46 neue
993 3858 315 75 Gebiete
1361 3860 133 71 der
1547 3856 195 73 Färb
1747 3860 172 71 weit
1984 3858 206 71 hatte

426 3973 124 71 die
602 3973 406 97 ungemein
1059 3997 303 73 grossen
1398 3970 598 98 Möglichkeiten
2045 3970 111 69 far-

426 4082 212 100 biger
692 4082 797 98 Wechselwirkungen
1538 4082 310 71 kennen
1901 4080 291 98 gelehrt

428 4193 159 72 und
621 4219 78 46 es
731 4195 96 70 ist
848 4193 408 85 natürlich,
1286 4193 166 72 dass
1486 4220 164 45 nun
1686 4192 134 71 der
1847 4192 342 71 Versuch

428 4303 342 97 gemacht
841 4303 283 85 wurde,
1207 4302 125 73 die
1406 4302 241 73 Farbe
1728 4303 107 72 als
1909 4302 280 84 solche,

429 4415 405 98 gleichsam
868 4417 142 69 mit
1042 4415 246 71 ihrem
1323 4415 595 73 musikalischen
1955 4414 232 84 Wert,

426 4552 137 44 zur
595 4525 332 97 Geltung
953 4552 96 44 zu
1080 4524 345 98 bringen.
1477 4524 321 72 Hierbei
1826 4524 361 71 schienen

428 4637 123 71 die
605 4637 412 85 Gestalten,
1066 4639 85 69 in
1201 4637 251 71 denen
1503 4637 124 71 die
1677 4635 510 73 Farbflecken

426 4747 506 73 aufeinander
1005 4747 349 86 wirkten,
1427 4745 614 87 nebensächlich,
2114 4747 75 100 ja

2299 397 183 71 eher
2532 397 307 71 störend
2890 422 96 46 zu
3018 399 187 69 sein.
3306 394 124 72 Sie
3464 394 315 72 wurden
3830 393 237 72 daher

2300 507 563 98 entsprechend
2915 505 469 75 willkürlich
3433 504 437 72 behandelt.

2304 675 96 71 So
2434 700 151 46 war
2636 675 128 71 das
2800 673 356 74 Problem
3191 673 136 73 der
3362 671 701 73 Farbenharmonie

2300 785 280 71 wieder
2675 788 83 68 in
2839 785 149 71 den
3069 781 549 100 Vordergrund
3701 797 361 83 getreten.

2302 896 171 72 Von
2600 895 413 73 besonders
3140 895 375 98 begabten
3633 893 429 73 Künstlern

2302 1008 315 71 wurden
2631 1008 345 71 einzelne
2988 1007 401 98 Lösungen
3401 1003 664 100 hervorgebracht,

2304 1118 123 71 die
2478 1118 149 71 den
2666 1118 337 73 Wunsch
3051 1118 196 71 nach
3298 1120 213 69 einer
3560 1117 505 96 allgemeinen

2300 1228 305 100 Lösung
2700 1233 325 95 steigern
3106 1245 363 68 mussten,
3554 1228 259 71 soweit
3892 1228 173 70 eine

2302 1340 254 71 solche
2605 1340 134 71 für
2788 1338 332 99 möglich
3169 1338 349 99 gehalten
3569 1337 284 73 wurde.
3924 1337 141 71 Die

2302 1448 398 73 Mehrzahl
2773 1450 135 71 der
2959 1448 371 73 Künstler
3405 1448 159 72 und
3635 1447 383 73 Kunstheo-

2300 1562 287 71 retiker
2637 1589 151 44 war
2858 1560 311 73 freilich
3244 1560 135 73 der
3428 1559 395 98 Meinung,
3899 1557 168 73 dass

2302 1701 149 44 nur
2485 1674 135 71 der
2658 1672 289 73 Genius
2983 1672 130 71 des
3142 1670 410 73 Künstlers
3591 1670 474 71 Harmonien

2304 1784 350 73 schaffen
2703 1782 283 71 könne.

2304 1934 178 72 Dies
2529 1933 291 71 könnte
2871 1934 107 72 als
3029 1933 276 96 richtig
3355 1933 271 96 gelten,
3703 1956 79 46 so
3846 1931 219 95 lange

2304 2046 123 71 die
2556 2045 547 72 Wissenschaft
3228 2043 276 73 darauf
3628 2041 437 73 verzichten

2300 2172 307 67 musste,
2661 2155 124 71 die
2820 2155 232 98 Frage
3103 2182 97 44 zu
3233 2153 468 73 erforschen.
3799 2151 107 71 Ist
3943 2151 124 71 ihr

2300 2265 180 72 aber
2531 2268 281 69 einmal
2861 2266 135 71 der
3047 2266 183 97 Weg
3278 2265 137 71 auf
3418 2280 242 83 getan,
3713 2290 79 44 so
3828 2265 96 69 ist
3958 2265 107 69 sie

2299 2376 237 97 fähig,
2610 2378 171 70 eine
2856 2378 152 70 viel
3083 2373 570 73 umfassendere
3721 2373 347 71 Antwort

2302 2515 97 43 zu
2444 2487 303 84 finden,
2783 2488 110 70 als
2929 2487 133 71 der
3096 2487 368 71 Einzelne
3496 2510 327 71 vermag,
3872 2483 195 73 auch

2302 2624 220 45 wenn
2573 2624 81 44 er
2705 2600 125 68 ein
2883 2597 606 98 schöpferischer
3525 2593 371 75 Künstler
3943 2597 120 69 ist.

2302 2710 161 71 Wir
2490 2707 251 72 haben
2770 2707 198 72 oben
2998 2707 347 98 gesehen,
3374 2707 339 72 welchen
3748 2708 317 95 eigenen

2304 2820 181 97 Weg
2534 2820 124 71 die
2707 2818 547 72 Wissenschaft
3303 2842 394 73 gegangen-
3743 2818 122 83 ist,
3936 2844 129 44 um

2302 2959 97 42 zu
2471 2930 136 71 der
2683 2930 346 98 gleichen
3086 2927 349 100 Aufgabe
3509 2956 97 42 zu
3681 2930 386 95 gelangen,

2306 3044 121 71 die
2480 3045 105 68 sie
2637 3044 205 69 dann
2910 3045 83 68 in
3064 3042 208 69 ihrer
3345 3040 247 73 Weise
3665 3040 402 97 allgemein

2306 3155 233 95 gelöst
2573 3152 152 71 hat.
2783 3152 190 71 Hier
3007 3154 98 69 ist
3137 3177 164 46 nun
3335 3150 200 71 noch
3569 3177 98 44 zu
3701 3157 364 90 erwägen,

2304 3264 339 73 welchen
2692 3264 345 73 Einfluss
3073 3262 243 71 dieser
3354 3262 371 73 Umstand
3767 3260 135 71 auf
3943 3260 124 73 die

2302 3376 535 98 Entwicklung
2886 3376 136 71 der
3056 3374 257 73 Kunst
3345 3372 253 73 haben
3645 3372 210 73 kann
3907 3372 160 73 und

2304 3489 213 69 wird.

2304 3635 152 71 Der
2492 3650 193 57 erste
2727 3635 268 98 Erfolg
3037 3635 188 71 wird
3276 3636 186 83 sein,
3509 3633 166 73 dass
3721 3633 124 71 die
3882 3631 140 73 Her-

2304 3748 327 97 stellung
2685 3748 212 69 einer
2957 3745 351 96 farbigen
3372 3745 420 71 Harmonie
3855 3743 215 73 nicht

2302 3858 220 71 mehr
2558 3858 130 71 das
2724 3867 369 62 äusserste
3128 3856 337 73 Können
3493 3858 132 71 des
3660 3855 408 73 Künstlers

2306 3968 538 98 beansprucht,
2900 3966 332 73 sondern
3286 3966 244 72 durch
3567 3966 503 97 Anwendung

2307 4080 134 71 der
2477 4078 491 98 gefundenen
3005 4078 313 71 Gesetze
3355 4104 182 71 ganz
3574 4075 494 73 unmittelbar

2304 4192 449 98 ausgeführt
2785 4190 305 73 werden
3123 4190 232 71 kann.
3449 4190 142 71 Die
3626 4188 275 71 Kräfte
3938 4188 130 71 des

2306 4300 408 73 Künstlers
2766 4300 305 73 werden
3127 4302 223 69 somit
3399 4300 134 71 für
3587 4300 126 71 die
3765 4298 305 97 Lösung

2304 4412 322 73 anderer
2683 4410 407 100 Aufgaben
3145 4412 177 71 frei.
3421 4412 224 71 Diese
3719 4408 183 73 aber
3962 4436 71 45 er-

2306 4522 238 100 geben
2590 4524 161 71 sich
2795 4551 134 44 aus
2974 4524 136 71 der
3152 4524 637 96 Notwendigkeit,
3841 4522 227 73 Form

2304 4637 159 71 und
2514 4637 256 71 Inhalt
2812 4639 108 69 als
2956 4637 550 97 gleichwertige
3557 4635 381 73 Faktoren
3973 4662 97 44 zu

2300 4745 451 77 verbinden.
2886 4747 134 75 Als
3481 4749 106 71 im
3643 4745 236 73 Sinne
3938 4745 130 75 des
