3530 4402
1729 167 103 50 140

356 314 75 56 J»
474 313 79 48 der
595 312 371 51 Kammermusik
1011 311 105 49 darf
1149 309 80 50 das
1268 309 350 65 Uebergewicht
1660 307 78 49 des

227 389 170 50 Inhalts
431 392 57 46 iin
526 389 314 49 individuellen
883 387 222 51 Einflüsse
1147 388 82 47 auf
1264 387 80 49 das
1387 387 228 48 Formelle
1658 384 81 47 viel

230 466 157 47 weiter
416 467 169 62 gehen;
625 466 70 48 die
735 466 181 48 leichter
944 462 291 49 erreichbare
1264 464 92 47 und
1386 462 210 48 desshalb
1626 461 85 47 häu-

228 541 139 63 figere
395 544 306 63 Ausführung
741 542 140 48 findet
910 541 171 55 Kräfte,
1123 539 73 50 die
1239 542 128 47 mehr
1395 541 142 47 Mittel
1582 553 54 33 an
1668 537 71 47 die

229 618 338 64 Reproduction
604 627 143 39 setzen
778 618 195 56 können,
1014 615 93 49 und
1146 617 100 48 eine
1282 615 216 50 Auswahl
1530 631 81 31 von
1640 614 66 46 Hö-

233 709 123 42 rern,
398 695 71 49 die
498 697 79 45 der
605 694 143 48 Sache
783 693 141 48 näher
959 694 173 47 stehen.
1184 694 52 47 In
1268 693 165 48 diesem
1471 692 136 47 Sinne
1643 688 96 48 sind

232 770 116 47 auch
371 772 71 48 die
464 772 93 47 drei
580 772 62 47 oft
663 770 112 47 nach
801 769 102 48 dem
928 770 280 64 Manuscript
1235 769 329 64 ausgeführten
1588 767 120 55 Quar-

233 853 107 41 tette
381 848 75 47 des
497 849 150 45 Herrn
689 845 315 57 Grädener,
1046 847 170 47 welche
1250 845 108 64 jetzt
1391 844 59 47 im
1480 843 157 47 Druck
1668 858 48 31 er-

230 922 228 58 scheinen,
497 923 89 47 und
624 923 203 48 welchen
855 924 84 47 wir
967 923 96 47 eine
1098 922 237 63 möglichst
1363 919 130 47 weite
1524 918 188 48 Verbrei-

234 1004 112 60 tung
375 999 260 57 wünschen,
666 1000 119 47 wohl
817 999 114 48 über
959 999 70 47 die
1057 998 199 48 Sinfonie
1283 1013 53 32 zu

761 1226 435 71 Beurtheilungen.

346 1361 314 53 Ferdinand
705 1361 197 57 Hiller,
947 1359 71 49 24
1056 1359 415 65 dreistimmige
1507 1359 198 49 Vocali-

459 1457 93 31 sen
602 1438 74 47 für
718 1438 235 64 Sopran,
1001 1437 445 65 Mezzo-Sopran
1489 1435 90 49 und
1622 1437 116 56 Alt,

460 1517 78 47 mit
568 1514 329 65 begleitendem
928 1514 473 56 Instrumental-Bass,
1432 1531 80 30 zur
1540 1513 198 65 Uebung

455 1593 60 48 im
544 1593 127 48 Solo-
703 1590 92 50 und
825 1592 339 64 Chorgesange.
1194 1590 372 50 Gioacchimo
1597 1592 105 48 Ros-

455 1669 104 50 sini
597 1669 281 65 zugeeignet.
920 1669 86 65 Op.
1041 1668 83 48 82.
1173 1668 122 47 Zwei
1328 1667 146 49 Hefte.
1523 1668 215 48 Partitur.

460 1747 85 47 Die
586 1745 320 65 Singstimmen
948 1744 96 48 sind
1095 1744 114 48 auch
1259 1744 170 48 einzeln
1469 1761 55 30 zu
1571 1743 167 49 haben.

459 1823 199 65 Leipzig,
689 1822 236 64 Breitkopf
947 1820 42 49 &
1016 1822 173 47 Härtel.

343 1918 182 47 Hiller's
566 1917 208 48 amtliche
803 1916 258 64 Thätigkeit
1094 1916 63 48 als
1185 1914 212 49 Director
1437 1914 79 49 des
1545 1916 166 48 Conser-

228 1996 244 48 vatoriums
500 1996 43 45 in
571 1996 120 47 Köln
721 1994 77 49 hat
827 1993 75 48 ihn
930 1993 139 48 schon
1098 1993 115 48 öfter
1249 1993 82 48 auf
1354 1992 79 49 das
1463 1992 163 49 Gebiet
1655 1993 82 50 der

227 2072 287 47 instrucliven
571 2070 306 64 Composition
931 2069 218 64 geführt;
1211 2069 123 48 seine
1392 2070 341 49 vortrefflichen

234 2145 462 66 „Rhythmischen
1029 2144 122 48 seine
1174 2144 282 50 lehrreichen
1481 2144 217 57 „Uebun-

224 2241 104 48 gen
369 2241 112 30 zum
522 2223 253 48 Studium
825 2222 97 49 der
967 2223 307 48 Harmonie
1317 2222 107 49 und
1466 2222 94 49 des
1590 2223 108 48 Con-

227 2300 275 65 trapunkt
651 2298 162 66 (Köln,
867 2299 170 57 1860,
1088 2299 71 48 bei
1207 2300 61 47 M.
1311 2300 390 49 DuMont-Schau-

225 2377 129 63 berg)
397 2377 96 47 sind
535 2375 81 49 auf
652 2375 166 49 diesem
850 2375 139 49 Felde
1018 2375 287 65 gewachsen,
1334 2375 90 49 und
1455 2375 78 49 das
1563 2393 142 47 gegen-

227 2455 160 63 wärtig
409 2453 285 65 vorliegende
719 2454 148 48 Werk
891 2451 218 50 verdankt
1136 2453 122 47 seine
1278 2453 290 65 Entstehung
1597 2453 110 49 eben-

228 2530 95 48 falls
352 2529 80 48 der
459 2529 206 57 Absicht,
707 2529 71 48 die
821 2528 296 66 gründlichen
1152 2529 190 48 Studien
1382 2529 81 48 der
1490 2530 150 48 Musik
1679 2548 55 30 zu

228 2608 185 48 fördern
458 2606 91 49 und
586 2606 72 49 die
700 2605 278 50 didaktische
1011 2605 332 51 Wirksamkeit
1372 2606 104 50 weit
1504 2606 116 50 über
1648 2606 85 50 den

223 2684 131 48 Kreis
383 2683 81 48 der
488 2683 212 48 zunächst
727 2683 101 48 dem
858 2683 185 48 Meister
1080 2690 319 41 anvertrauten
1427 2684 180 48 Anstalt
1635 2684 72 48 hin-

223 2777 78 33 aus
328 2778 52 30 zu
411 2760 268 48 verbreiten.
723 2759 102 49 Und
853 2759 78 49 das
961 2760 110 47 wird
1102 2760 90 48 ihm
1216 2759 237 66 jedenfalls
1489 2760 43 48 in
1563 2761 166 49 hohem

221 2839 176 48 Maasse
416 2838 231 64 gelingen;
676 2836 118 50 denn
817 2854 131 32 wenn
968 2838 137 48 schon
1129 2838 70 48 die
1240 2838 363 66 „rhythmischen
1626 2840 79 47 Stu-

392 2914 240 65 allerdings
660 2914 129 48 einen
813 2915 139 62 Beleg
973 2932 54 30 zu
1049 2914 102 48 dem
1175 2914 130 48 Satze
1331 2914 169 65 gaben,
1528 2914 102 49 dass
1651 2915 82 48 der

225 2991 328 65 schöpferische
571 2991 122 48 Geist
714 2991 76 48 des
807 2991 300 48 Tondichters
1135 2991 115 48 auch
1279 2992 44 47 in
1348 2992 386 65 Compositionen,

227 3066 71 50 die
319 3067 98 47 eine
440 3066 251 48 bestimmte
719 3067 254 49 instruetive
996 3067 211 49 Tendenz
1237 3069 167 57 haben,
1433 3069 80 48 mit
1535 3070 200 47 Freiheit

225 3144 92 48 und
346 3145 201 47 Anmuth
578 3145 162 48 walten
768 3145 163 57 könne,
972 3163 48 31 so
1060 3145 157 48 liefern
1259 3145 116 49 doch
1418 3145 120 49 diese
1577 3146 122 48 drei-

225 3220 320 65 stimmigen
576 3221 294 48 Vocalisen
914 3222 83 49 den
1029 3221 315 66 glänzendsten
1373 3224 177 48 Beweis
1579 3222 155 59 dafür,

225 3297 87 49 wie
340 3297 92 49 sich
464 3297 138 57 Geist,
638 3297 414 65 Erfindungsgabe,
1091 3300 357 48 Charakteristik
1480 3300 80 49 des
1585 3301 117 48 Melo-

223 3373 202 56 dischen,
453 3373 80 50 das
561 3375 304 63 gründlichste
887 3376 310 50 Musikwissen
1227 3377 89 49 und
1345 3377 73 49 die
1446 3381 175 61 grösste
1645 3380 59 47 Ge-

224 3450 250 49 wandtheit
496 3451 43 48 in
562 3451 157 48 dessen
745 3452 224 47 formeller
990 3453 303 65 Anwendung
1324 3455 79 47 mit
1424 3455 146 48 einem
1596 3455 110 65 päda-

224 3528 245 66 gogischen
497 3528 165 49 Zweck
693 3528 81 49 auf
803 3528 268 49 trefflichste
1103 3530 155 49 Weise
1286 3532 256 65 vereinigen
1573 3532 160 48 lassen.

336 3607 61 46 Es
426 3606 150 47 dürfte
605 3606 43 47 in
679 3605 149 48 diesen
859 3605 71 48 24
959 3605 351 67 dreistimmigen
1342 3608 391 66 Gesang-Etuden

223 3678 42 50 in
295 3681 333 49 musicalischer
657 3681 208 48 Hinsicht
903 3682 201 48 wirklich
1143 3682 79 48 das
1249 3683 122 50 Ideal
1413 3701 84 33 von
1526 3685 103 49 dem
1660 3702 48 32 er-

228 3757 141 48 reicht
394 3760 109 57 sein,
545 3776 93 32 was
679 3758 81 50 der
799 3760 89 48 alte
917 3760 152 48 Horaz
1109 3761 79 47 mit
1222 3762 167 48 seinem
1432 3801 16 18 „
1460 3763 143 50 Omne
1631 3761 107 52 tulit

225 3836 238 63 punctum,
746 3833 91 65 qui
978 3833 228 51 miseuit
1481 3832 139 52 utile
1229 3837 77 48 hat
1329 3838 268 50 bezeichnen
1622 3841 84 48 wol-

230 3911 84 47 len.
343 3911 87 47 Die
451 3911 244 66 durchweg
718 3912 446 66 contrapunktische,
1188 3913 65 48 oft
1273 3922 152 57 streng
1447 3917 286 57 canonische,

229 3986 86 48 den
343 3987 200 48 Musiker
587 3988 153 66 häufig
780 3989 144 50 durch
967 3989 71 50 die
1082 3989 436 53 überraschendsten
1547 3993 156 50 Combi-

230 4064 211 49 nationen
472 4064 95 50 aufs
596 4066 183 50 höchste
807 4067 345 52 interessirende
1173 4067 162 51 Arbeit
1362 4069 179 51 hindert
1568 4071 138 50 durch-

1815 324 80 31 aus
1925 308 123 48 nicht
2077 306 86 50 den
2200 308 139 47 freien
2368 308 131 47 Fluss
2537 306 298 51 melodischer
2864 308 350 66 Entwicklung;
3252 305 80 54 der

1815 385 79 47 Slil
1926 384 81 48 der
2036 384 403 63 Gesangübungen
2485 383 82 48 der
2603 385 169 47 älteren
2801 386 183 49 Meister
3024 386 83 47 der
3142 385 170 48 italiäni-

1813 460 136 47 schen
1979 460 168 47 Schule
2175 460 54 47 ist
2257 460 43 47 in
2330 460 152 47 diesen
2514 460 236 48 Vocalisen
2782 463 169 47 wieder
2979 461 232 65 aufgelebt
3240 460 94 50 und

1814 538 225 47 erscheint
2059 536 141 47 durch
2225 536 100 47 eine
2347 538 149 47 reiche
2521 538 242 47 Phantasie
2794 539 287 63 mannigfach
3111 539 222 63 verjüngt.

1935 614 303 62 Wenngleich
2264 613 120 48 diese
2408 614 253 63 Uebungen
2694 614 76 45 für
2800 614 94 47 drei
2916 616 223 46 Stimmen
3164 623 168 57 gesetzt

1813 687 95 49 sind
1941 689 91 47 und
2063 690 63 47 als
2154 689 309 49 Musikstücke
2500 691 114 47 auch
2653 706 87 31 nur
2768 690 298 65 dreistimmig
3093 691 237 65 Wirkung

1815 765 190 47 machen
2036 765 197 56 können,
2274 781 49 32 so
2366 766 202 48 schliesst
2609 766 93 48 dies
2742 765 116 48 doch
2890 766 282 65 keineswegs
3200 769 129 47 ihren

1814 840 244 49 Gebrauch
2091 842 75 46 für
2195 842 99 47 eine
2323 842 197 49 einzelne
2551 844 189 47 Stimme
2769 859 94 32 aus.
2914 842 146 49 Dabei
3090 844 150 48 haben
3269 844 63 48 sie

1811 917 80 47 das
1919 919 136 54 Gute,
2097 917 102 49 dass
2237 919 62 47 sie
2330 919 122 48 nicht
2488 919 115 49 über
2642 920 85 48 den
2756 920 347 65 gewöhnlichen
3134 920 199 65 Umfang

1811 992 80 48 der
1922 994 264 46 weiblichen
2209 994 220 48 Stimmen
2462 995 161 48 hinauf
2646 996 110 47 oder
2786 995 137 48 hinab
2953 995 165 65 gehen,
3148 996 69 47 ein
3243 999 56 44 Er-

1813 1070 258 58 forderniss,
2098 1070 81 48 das
2214 1071 210 48 mehrere
2458 1089 169 32 neuere
2650 1074 235 48 Vocalisen
2907 1090 50 31 so
2979 1072 105 49 sehr
3112 1074 190 47 vernach-

1810 1147 206 64 lässigen,
2040 1147 102 48 dass
2167 1147 191 47 manche
2375 1147 118 48 bloss
2513 1150 76 45 für
2603 1151 476 47 Ausnahmestimmen
3102 1150 202 63 geschrie-

1811 1222 88 50 ben
1927 1223 229 49 scheinen.
2204 1223 88 47 Die
2319 1223 126 49 Basis
2485 1223 80 49 der
2594 1225 357 66 Stimmbildung
2995 1226 90 48 und
3122 1226 78 48 des
3229 1242 78 33 aus-

1811 1301 313 48 drucksvollen
2167 1301 192 63 Singens
2401 1301 109 63 liegt
2557 1302 43 47 in
2650 1301 85 48 den
2779 1303 159 49 Tönen
2985 1303 81 49 der
3108 1305 225 47 mittleren

1809 1377 366 65 Stimm-Region
2217 1394 101 30 vom
2359 1376 387 65 eingestrichenen
2829 1378 66 47 bis
2924 1396 100 29 zum
3055 1381 250 62 zweigestri-

1810 1455 173 47 chenen
2195 1471 50 50 g,
2071 1455 121 47 nicht
2214 1455 112 48 aber
2347 1455 44 47 in
2415 1455 101 47 dem
2542 1456 237 65 Anquälen
2803 1472 84 31 von
2913 1456 135 48 Höhe
3073 1457 90 46 und
3189 1457 141 55 Tiefe,

1810 1529 71 49 die
1909 1547 89 32 nur
2039 1531 57 48 da
2138 1531 193 47 cultivirt
2369 1531 182 48 werden
2594 1531 179 56 dürfen,
2819 1550 69 29 wo
2919 1532 71 48 die
3018 1533 149 47 Natur
3195 1532 62 48 sie
3287 1533 43 49 in

1809 1608 209 50 leichtem
2035 1608 231 65 Anschlag
2285 1608 89 47 und
2394 1609 381 47 wohllautendem
2796 1609 188 49 Timbre
3007 1611 207 63 gegeben
3238 1611 92 48 hat.

1907 1684 226 65 Obgleich
2154 1684 281 49 sämmtliche
2449 1686 257 47 Nummern
2725 1686 69 47 die
2819 1686 327 64 angegebenen
3161 1687 140 63 Eigen-

1808 1762 203 48 schaften
2035 1762 90 47 und
2148 1762 211 65 Vorzüge
2383 1762 211 56 besitzen,
2617 1778 48 32 so
2689 1762 212 48 möchten
2925 1763 83 47 wir
3029 1762 134 57 doch,
3193 1780 135 31 wenn

1809 1839 198 49 einzelne
2049 1839 377 64 hervorgehoben
2467 1839 183 49 werden
2692 1841 158 57 sollen,
2888 1856 96 33 was
3022 1841 169 64 gerade
3233 1841 97 49 hier

1808 1916 117 48 doch
1952 1916 107 48 sehr
2088 1916 83 48 auf
2192 1916 310 49 individueller
2532 1917 189 48 Ansicht
2756 1917 206 48 beruhen
3001 1917 167 57 dürfte,
3206 1918 61 48 im
3295 1919 34 47 I.

1808 1993 136 48 Hefte
1973 1992 70 49 die
2072 1994 255 47 Nummern
2364 1994 44 56 1,
2440 1993 164 58 C-dur,
2652 1994 51 56 4,
2731 1993 189 61 E-moll,
2974 1994 48 56 7,
3050 1994 183 61 B-dur,
3280 1994 50 56 8,

1817 2068 185 61 G-moll,
2045 2069 83 57 10,
2347 2069 209 50 C-moll
2557 2069 122 68 (grossartig)
2680 2070 73 50 und
2789 2072 84 56 12,
3093 2070 81 68 (als
3202 2072 106 48 treff-

1808 2147 114 48 liche
1945 2145 198 65 Uebung
2167 2147 76 47 für
2266 2147 239 63 figurirten
2524 2147 217 66 Gesang),
2759 2149 311 47 auszeichnen.
3101 2149 133 48 Auch
3258 2148 72 49 die

1806 2222 332 49 chromatische
2168 2223 206 48 Vocalise
2415 2224 80 47 Nr.
2526 2224 31 48 9
2596 2224 55 47 ist
2685 2223 247 49 besonders
2974 2242 50 30 zu
3066 2225 263 49 erwähnen.

1814 2302 137 47 —lm
1979 2300 69 51 11..
2067 2300 134 49 Hefte
2229 2302 83 47 Nr.
2347 2300 84 59 14,
2459 2300 172 50 D-dur
2634 2338 12 19 ,
2694 2300 85 57 15,
2807 2299 201 51 Fis-dur
3037 2300 293 68 (schwierig),

1817 2378 82 57 16,
1926 2377 175 48 F-moll
2125 2375 156 66 (deren
2306 2378 109 47 Bass
2438 2394 99 32 vom
2567 2379 140 47 Pater
2737 2379 139 47 Matt
2890 2379 47 47 ei
3019 2379 122 50 nicht
3173 2380 118 49 Wat-

1809 2453 95 58 tei,
1947 2454 84 48 wie
2060 2453 143 48 durch
2236 2454 232 48 Versehen
2499 2454 224 65 gedruckt
2750 2454 89 65 ist),
2876 2455 84 56 17,
2989 2454 200 62 As-dur,
3247 2457 85 55 19,

1806 2530 218 50 Des-dur
2052 2530 265 65 (besonders
2346 2531 276 65 anmuthig),
2657 2531 92 49 und
2778 2549 84 32 von
2892 2533 88 48 den
3008 2534 105 47 sehr
3142 2533 163 49 schwie-

1809 2609 150 63 rigen:
1988 2609 80 47 Nr.
2098 2606 69 51 23
2199 2608 40 47 in
2736 2606 171 51 H-dur
2468 2609 90 47 und
2591 2609 71 48 24
2694 2609 42 48 in
3027 2610 142 48 durch
3200 2610 130 50 ihren

1806 2685 183 48 antiken
2020 2685 278 48 Bach'schen
2328 2686 82 47 Slil
2439 2685 302 66 imponirend.

1922 2761 300 66 Ueberhaupt
2267 2763 97 47 sind
2419 2763 120 48 diese
2590 2764 255 60 Vocalisen,
2896 2764 86 47 wie
3028 2772 177 57 gesagt,
3254 2764 82 48 auf

1806 2839 268 65 gründliche
2105 2839 373 66 Gesangbildung
2510 2840 248 48 berechnet
2805 2840 90 48 und
2938 2840 143 50 daher
3117 2858 186 48 vorzugs-

1808 2916 133 47 weise
1970 2915 85 50 den
2087 2915 377 50 Conservatorien
2496 2916 90 49 und
2617 2916 86 49 den
2732 2918 314 64 Sängerinnen
3076 2934 84 32 von
3191 2918 145 48 Beruf

1806 2992 134 64 (auch
1983 2992 145 50 denen
2166 3010 85 32 von
2289 2994 126 65 Ruf!)
2459 2994 405 66 anzuempfehlen;
2910 2996 76 46 für
3031 2995 298 48 Dilettanten-

1808 3070 213 48 Tändelei
2050 3070 99 48 sind
2177 3070 64 48 sie
2269 3071 123 47 nicht
2420 3071 315 64 geschrieben,
2779 3071 120 48 wohl
2941 3071 111 48 aber
3081 3072 77 47 für
3187 3072 120 47 Dilet-

1806 3149 334 53 tanten-Ernst,
2182 3146 82 48 der
2302 3147 217 65 übrigens
2558 3147 60 49 im
2648 3149 315 63 Allgemeinen
2995 3149 203 64 weniger
3226 3165 78 32 aus-

1806 3225 243 65 gestorben
2079 3225 93 47 sein
2203 3224 167 58 dürfte,
2415 3226 62 47 als
2520 3225 94 48 dies
2656 3226 80 48 mit
2780 3226 101 48 dem
2921 3227 411 49 Künstler-Ernste

1806 3302 273 47 namentlich
2134 3301 70 50 bei
2259 3301 87 50 den
2402 3302 398 66 Theatersängern
2855 3304 82 49 der
2976 3305 99 48 Fall
3127 3321 54 31 zu
3235 3305 97 47 sein

1805 3379 188 48 scheint.
3160 3381 55 48 L.

1923 3456 182 48 Oskar
2130 3456 328 57 Guttmann,
2488 3456 323 67 Gymnastik
2841 3457 93 49 der
2963 3459 259 54 Stimme,
3250 3475 53 48 ge-

2036 3536 134 44 stützt
2192 3534 82 48 auf
2292 3534 359 66 physiologische
2678 3536 202 47 Gesetze.
2909 3536 115 47 Eine
3048 3536 282 65 Anweisung

2036 3626 101 31 zum
2154 3610 406 49 Selbstunterricht
2582 3612 44 46 in
2650 3611 81 48 der
2747 3612 200 62 Uebung
2971 3611 90 48 und
3085 3611 103 50 dem
3212 3612 95 49 rich-

2038 3687 123 64 tigen
2204 3687 274 50 Gebrauche
2520 3688 81 49 der
2636 3688 197 65 Sprach-
2878 3687 93 50 und
3009 3690 292 64 Gesangs-Or-

2038 3781 133 47 gane.
2200 3766 201 65 Leipzig,
2434 3765 430 66 Verlagshandlung
2894 3782 83 32 von
3007 3767 40 48 J.
3069 3768 42 49 J.
3136 3767 194 51 Weber.

2039 3842 91 47 XX
2161 3841 89 48 und
2286 3842 105 48 144
2420 3843 46 47 S.
2497 3842 49 48 8.

1926 3918 141 47 Unter
2095 3920 344 48 vorstehendem
2472 3920 115 48 Titel
2628 3920 79 48 hat
2742 3921 125 48 Herr
2901 3922 59 48 0.
2995 3921 335 60 Guttmann,

1808 3993 203 65 Mitglied
2040 3995 78 48 des
2140 3996 112 48 Hof-
2278 3996 91 48 und
2392 3996 463 49 Nalional-Theaters
2878 3998 42 49 in
2944 4000 284 58 Mannheim,
3249 4000 84 49 der

1808 4071 371 51 Oeffentlichkeit
2219 4073 73 50 ein
2325 4073 270 51 Werkchen
2626 4072 285 69 übergeben,
2947 4076 81 49 das
3057 4076 244 67 Schauspie-
