3459 4407
1632 143 107 51 319

126 265 280 65 Erfahrung,
452 268 211 66 Uebung,
695 273 205 47 tactvolle
930 274 438 69 Berücksichtigung
1397 280 111 47 aller
1538 284 74 46 mit-

122 341 264 49 wirkenden
421 344 233 48 Elemente
698 346 90 47 und
831 349 160 63 geistig
1034 354 259 61 anregende
1338 355 298 66 Behandlung

121 419 238 48 derselben
400 419 97 48 sind
541 438 51 30 zu
637 423 124 48 einer
804 433 137 54 guten
972 426 197 66 Leitung
1199 446 83 31 von
1312 432 181 49 solchen
1524 435 84 47 Auf-

125 496 263 64 führungen
432 498 141 48 durch
620 500 69 47 ein
728 503 83 45 auf
839 504 151 47 solche
1032 508 83 44 Art
1156 519 480 55 zusammengesetztes

122 574 215 47 Personal
366 576 352 64 unumgänglich
751 580 309 65 nothwendig.

238 650 143 47 Unter
423 650 85 48 den
554 653 199 55 Chören,
797 655 68 48 die
908 673 72 32 am
1028 658 184 48 meisten
1256 659 380 67 durchschlugen,

116 725 99 49 sind
248 726 70 47 die
351 727 143 64 Klage
531 745 75 32 um
637 731 274 64 Stephanus,
957 734 78 47 der
1065 736 332 50 Schluss-Chor
1437 740 90 47 und
1557 741 79 49 der

118 804 235 64 prächtige
386 805 190 48 Choral:
618 809 229 52 „Wachet
1039 829 51 29 zu
1129 829 200 39 nennen;
1375 814 68 49 bei
1484 818 129 49 letzte-

117 898 98 31 rem
248 898 95 31 war
378 881 69 48 die
480 884 268 64 Begleitung
779 886 80 48 der
891 887 482 61 Blech-Instrumente,
1404 895 84 46 wie
1517 895 117 50 denn

120 957 261 66 überhaupt
435 959 78 48 das
557 961 249 50 Orchester
849 964 172 49 überall
1065 967 105 47 sehr
1211 967 324 60 lobenswerth,
1578 974 57 48 da

117 1034 116 49 auch
289 1034 71 49 die
399 1036 353 67 Schattirungen
800 1040 78 48 des
917 1041 264 51 Ausdrucks
1231 1045 128 48 meist
1406 1056 80 55 gut
1535 1067 97 31 zum

112 1111 247 51 Ausdruck
388 1112 181 52 kamen.

235 1190 87 47 Die
364 1191 138 48 vierte
531 1192 226 50 Nummer
798 1194 77 48 des
905 1196 297 64 Programms
1244 1214 97 32 war
1380 1199 69 49 die
1494 1201 106 50 Can-

115 1272 120 42 tate
459 1266 231 66 „Jacques
972 1284 93 34 van
1213 1268 269 53 Artevelde*
962 1289 82 33 von
1077 1275 268 58 Gevaert,
1376 1279 98 48 eine
1498 1279 101 49 Com-

115 1342 209 66 position,
367 1343 73 50 die
480 1361 121 32 zwar
644 1346 129 49 keine
816 1365 155 47 grosse
1000 1351 401 66 Erfindungsgabe
1439 1357 195 58 verräth,

115 1420 92 48 sich
239 1421 113 48 aber
380 1421 142 49 durch
555 1423 102 47 echt
686 1425 347 50 künstlerisches
1057 1428 89 49 und
1171 1430 121 48 edles
1315 1431 193 51 Streben
1531 1450 76 33 aus-

113 1497 228 58 zeichnet;
374 1500 78 48 das
483 1501 273 51 melodische
787 1505 209 49 Element
1024 1507 114 62 zeigt
1166 1508 92 47 sich
1289 1510 42 48 in
1363 1511 133 48 leicht
1524 1512 87 49 fass-

113 1576 144 47 lichen
291 1577 215 56 Formen,
553 1578 89 49 und
673 1596 46 32 es
748 1582 172 65 gelingt
949 1582 100 48 dem
1082 1585 323 66 Componisten
1437 1589 78 54 oft,
1546 1589 85 48 den

113 1655 148 47 Inhalt
298 1655 76 47 des
404 1656 242 48 Gedichtes
684 1676 52 31 zu
783 1660 396 50 charakterisiren.
1235 1665 80 48 Oft
1344 1666 53 47 ist
1425 1667 206 49 indessen

111 1729 147 49 dieser
286 1732 424 51 charakteristische
740 1737 241 48 Ausdruck
1021 1756 51 29 zu
1114 1742 202 61 gesucht.
1375 1743 142 47 Unter
1547 1743 83 49 den

112 1807 198 57 Chören,
341 1808 70 50 die
440 1811 115 47 eben
586 1812 123 48 nicht
738 1812 142 50 durch
907 1816 278 65 Polyphonie
1213 1820 203 62 glänzen,
1448 1821 78 47 hat
1554 1822 78 47 der

106 1886 294 64 patriotische
439 1888 207 65 Gesang:
1281 1888 119 65 „Qui
1386 1892 62 64 fit
1449 1897 79 48 durch
1569 1900 40 47 le-

107 1964 230 47 bensvolle
366 1964 196 49 Melodie
605 1966 89 48 und
741 1970 204 64 markige
977 1971 259 66 Bhythmen
1279 1973 80 49 das
1390 1975 237 49 Publicum

106 2041 217 64 ergriffen
356 2042 89 48 und
478 2051 168 42 musste
677 2046 268 49 wiederholt
977 2048 198 50 werden.
1207 2051 85 48 Die
1322 2053 307 65 Ausführung

105 2127 135 39 unter
273 2119 150 49 Herrn
456 2122 276 47 Fischer's
761 2124 198 47 sicherer
990 2127 231 48 Direction
1254 2145 95 32 war
1380 2140 94 53 gut.

228 2197 96 47 Den
356 2197 183 48 Schluss
568 2198 76 48 des
675 2199 85 49 fast
798 2218 51 30 zu
883 2202 180 49 reichen
1096 2204 295 64 Programms
1432 2207 195 51 bildeten

113 2274 129 56 »Der
515 2277 87 47 und
643 2278 123 55 „Der
1060 2297 81 32 aus
1180 2283 240 66 Haydn's
1468 2287 127 55 „Jah-

477 2353 133 48 Diese
640 2354 205 50 einfache
873 2356 93 49 und
988 2359 254 49 natürliche
1270 2362 148 47 Musik
1449 2372 181 43 erregte

1555 2413 25 15 o

108 2429 70 49 bei
204 2429 226 49 Manchen
454 2431 70 48 ein
546 2432 199 49 Lächeln
767 2434 323 51 zweifelhafter
1112 2438 301 67 Erwartung,
1437 2441 77 48 das
1535 2442 92 48 sich

107 2505 113 49 aber
251 2505 141 50 durch
425 2507 85 48 den
543 2511 260 63 magischen
833 2512 233 49 Eindruck
1098 2514 238 50 derselben
1367 2518 43 47 in
1441 2519 186 49 wahren

105 2584 353 48 Enthusiasmus
487 2588 320 50 verwandelte.
855 2591 132 48 Auch
1019 2596 180 45 müssen
1231 2594 83 47 wir
1341 2611 157 48 sagen,
1528 2597 102 48 dass

103 2662 82 49 das
214 2662 167 49 schöne
416 2664 147 48 Werk
593 2665 60 49 im
686 2667 182 49 Ganzen
912 2669 79 47 mit
1020 2669 141 50 Liebe
1190 2672 92 48 und
1311 2673 127 48 Eifer
1467 2691 135 49 ausge-

103 2739 132 50 führt
263 2739 176 51 wurde.
477 2743 94 47 Der
601 2743 146 49 Chor:
789 2745 69 56 „0
1113 2749 90 47 und
1235 2748 80 50 der
1343 2749 287 66 Jagd-Chor,

108 2818 70 48 bei
209 2819 221 48 welchem
474 2819 71 50 die
573 2823 187 48 Hörner
802 2823 195 51 lobende
1028 2827 298 66 Erwähnung
1372 2829 259 59 verdienen,

106 2895 192 50 wurden
323 2898 79 48 mit
425 2898 330 67 Begeisterung
778 2918 252 48 gesungen,
1048 2904 92 48 und
1164 2904 81 50 der

105 2989 100 32 war
247 2974 100 48 eine
388 2975 158 49 wahre
574 2977 226 66 Apologie
844 2978 76 49 des
950 2980 356 51 Traubensaftes
1345 3001 84 31 von
1465 2984 167 59 1865;

102 3052 104 48 eine
247 3052 146 49 kleine
432 3054 329 67 Schwankung
798 3058 43 47 in
880 3058 82 48 der
990 3060 144 56 Mitte,
1175 3062 172 48 welche
1388 3063 80 50 das
1512 3064 123 49 nicht

108 3129 111 50 feste
251 3129 264 51 Innehalten
545 3132 76 48 des
647 3134 212 65 Tempo's
887 3138 307 56 verursachte,
1223 3139 160 48 wurde
1411 3140 107 49 bald
1549 3157 82 33 von

106 3206 87 50 den
224 3209 239 65 Sopranen
496 3210 78 47 mit
604 3212 167 48 lautem
1093 3215 331 52 überwunden.
1456 3220 47 47 In
1529 3219 101 50 dem

388 3286 137 49 nahm
549 3289 122 47 Herr
693 3290 231 50 Hanssens
947 3293 147 65 einige
1115 3295 158 64 Tempi
1297 3293 154 66 (selbst
1472 3298 127 47 Hann-

103 3363 153 49 chen's
284 3364 111 48 Lied
662 3364 129 67 presto!)
792 3368 113 48 wieder
906 3384 35 33 so
959 3370 187 59 schnell,
1189 3372 100 49 dass
1319 3373 71 49 die
1427 3375 207 49 Klarheit

102 3440 79 50 des
211 3441 367 51 Verständnisses
607 3444 220 51 darunter
856 3447 79 49 litt.

221 3520 195 50 Solisten
447 3538 154 33 waren
633 3524 277 50 Demoiselle
948 3527 236 49 Desiree
1225 3529 165 48 Artöt
1433 3529 88 48 und
1561 3529 70 50 die

102 3596 182 51 Herren
318 3599 275 49 Warnots
625 3600 188 67 (Tenor)
845 3603 90 48 und
971 3604 162 48 Vidal
1165 3604 164 67 (Bass).
1378 3607 221 50 Mademoi-

98 3675 109 48 feile
237 3676 137 49 Artöt
417 3676 77 49 hat
535 3678 99 48 ihre
677 3680 341 48 vortrefflichen
1060 3681 356 51 künstlerischen
1460 3685 141 65 Eigen-

103 3753 201 49 schaften
337 3754 123 48 nicht
496 3755 43 48 in
577 3755 263 51 demselben
877 3759 167 48 Glänze
1075 3760 85 48 wie
1189 3769 123 41 sonst
1341 3763 199 65 gezeigt;
1584 3781 45 31 es

98 3830 154 50 schien
281 3831 71 49 ihr
381 3848 49 33 so
460 3850 51 31 zu
541 3834 167 63 gehen,
733 3835 85 48 wie
842 3836 223 50 manchen
1090 3839 414 66 Theatersängern,
1528 3841 101 49 dass

101 3909 62 48 sie
193 3927 82 31 aus
306 3910 188 56 Furcht,
530 3929 52 31 zu
620 3913 291 49 theatralisch
950 3933 52 30 zu
1046 3916 202 59 werden,
1289 3919 44 48 in
1364 3920 263 48 Monotonie

103 3986 148 51 fallen.
304 3990 122 47 Herr
456 3990 223 50 Warnots
709 3991 53 49 ist
790 3993 59 47 im
882 3993 172 49 Besitze
1084 3995 125 48 einer
1239 3998 219 54 weichen,
1488 4014 110 50 ange-

99 4065 214 64 nehmen,
359 4068 154 50 reinen
543 4069 191 49 Stimme
771 4070 90 48 und
902 4071 55 50 ist
995 4073 70 49 ein
1104 4074 284 65 geschickter
1428 4076 198 65 Sänger;

1736 290 56 42 im
1830 291 196 52 „Paulus
2036 298 15 17 1-
2087 293 168 48 reichte
2283 293 81 50 der
2393 297 146 63 Klang
2568 297 77 49 des
2675 301 146 48 Tones
2850 303 120 47 nicht
2999 321 109 47 ganz
3140 322 94 36 aus.

1736 364 88 47 und
1856 367 42 45 in
1928 365 80 49 der
2040 369 147 47 Partie
2217 369 76 49 des
2321 373 146 48 Lucas
2495 377 260 47 verwischte
2794 379 78 47 der
2915 382 109 47 allzu
3056 382 148 50 drama-

1735 440 137 50 tische
1904 443 197 66 Vortrag
2131 447 96 47 hier
2257 448 88 47 und
2375 448 56 48 da
2463 449 85 49 den
2578 452 252 49 Charakter
2858 456 80 48 der
2966 459 166 55 Musik;
3166 477 67 32 wo

1735 515 120 50 diese
1893 519 113 48 aber
2041 522 130 47 einen
2215 524 179 47 solchen
2435 526 198 66 Vortrag
2671 532 220 54 erlaubte,
2930 533 183 50 brachte
3156 537 78 47 der

1735 593 173 65 Sänger
1937 597 95 47 ihre
2062 598 301 51 Schönheiten
2393 619 51 31 zu
2474 604 137 47 voller
2641 606 194 66 Geltung
2865 609 88 47 und
2982 611 253 52 offenbarte

1735 672 113 45 auch
1881 673 69 46 ein
1992 674 124 47 tiefes
2145 675 168 49 Gefühl
2351 679 57 46 im
2440 680 282 51 Ausdrucke.
2782 686 114 47 Was
2926 687 148 48 Herrn
3107 689 124 49 Vidal

1735 746 187 58 betrifft,
1950 766 48 31 so
2030 750 147 49 haben
2210 753 79 47 wir
2318 755 136 47 schon
2486 767 172 54 gesagt,
2698 759 100 48 dass
2839 777 49 30 er
2925 772 89 38 erst
3042 769 95 60 spät
3165 767 70 48 die

1736 825 149 47 Partie
1914 827 76 46 des
2021 829 166 47 Paulus
2218 830 327 51 übernommen
2578 835 145 56 hatte;
2760 854 47 31 er
2839 839 109 47 löste
2976 842 119 47 seine
3126 844 81 46 Auf-

1734 901 117 63 gabe
1880 904 63 46 als
1973 912 132 55 guter
2133 908 190 62 Sänger,
2361 910 117 49 ohne
2501 912 166 63 jedoch
2699 914 159 65 geistig
2887 917 79 47 auf
2990 917 79 48 der
3103 920 130 47 Höhe

1734 978 76 48 des
1844 980 199 48 Werkes
2070 999 51 31 zu
2150 984 172 48 stehen.

1849 1056 280 50 Schliesslich
2161 1059 177 49 können
2370 1064 80 46 wir
2487 1064 121 48 nicht
2642 1082 151 49 genug
2824 1084 160 33 unsere
3014 1070 188 51 Verwun-

1734 1130 176 66 derung
1942 1134 113 48 über
2084 1135 70 50 die
2178 1138 256 56 Ausdauer,
2464 1139 70 49 die
2557 1143 211 62 Hingabe
2798 1145 89 47 und
2918 1145 69 49 die
3019 1150 188 47 Anstren-

1734 1225 183 49 gungen
1941 1210 76 48 des
2043 1213 143 49 Chors
2209 1215 302 57 ausdrücken,
2540 1220 171 47 welche
2738 1219 111 49 dazu
2879 1224 237 62 gehörten,
3139 1227 96 48 eine

1731 1286 152 49 solche
1926 1289 299 66 Aufführung
2269 1294 191 62 möglich
2504 1312 50 30 zu
2599 1296 206 58 machen,
2848 1299 89 47 und
2968 1301 157 49 fühlen
3155 1319 79 32 uns

1731 1362 285 66 gedrungen,
2046 1366 85 49 den
2163 1369 132 48 Dank
2335 1374 354 62 auszusprechen
2728 1375 75 46 für
2841 1375 70 48 die
2949 1378 155 56 Liebe,
3151 1379 83 49 den

1734 1440 122 48 Eifer
1896 1441 89 48 und
2029 1442 72 49 die
2134 1445 207 58 Wärme,
2383 1448 80 47 mit
2505 1449 198 48 welchen
2733 1451 69 47 die
2835 1453 174 49 Werke
3051 1472 184 33 unserer

1730 1534 186 47 grossen
1947 1519 245 50 deutschen
2224 1524 183 48 Meister
2435 1525 161 48 studirt
2633 1528 89 47 und
2752 1530 270 62 ausgeführt
3051 1533 183 49 worden

1729 1595 112 48 sind.
1902 1597 88 47 Das
2025 1599 306 49 Fest-Comite
2374 1602 89 47 und
2506 1602 243 50 besonders
2792 1606 80 47 der
2904 1606 221 51 Vorstand
3158 1610 77 47 der

1743 1671 213 52 Reunion
1970 1672 177 69 lyrique
2187 1677 149 50 haben
2373 1680 90 47 sich
2504 1682 68 46 ein
2606 1681 238 50 Verdienst
2887 1702 72 30 um
2991 1686 70 49 die
3094 1689 142 47 Kunst

1729 1751 260 57 erworben,
2032 1754 89 47 und
2152 1752 78 50 das
2261 1755 225 65 belgische
2518 1759 252 56 Publicum,
2801 1760 77 48 das
2909 1762 77 47 mit
3015 1780 191 50 gespann-

1729 1835 67 41 ter
1833 1829 418 52 Aufmerksamkeit
2293 1834 80 47 der
2413 1835 163 63 langen
2619 1837 183 65 Sitzung
2845 1839 272 58 beiwohnte,
3161 1843 75 46 hat

1728 1906 191 64 gezeigt,
1963 1907 83 49 wie
2083 1911 305 64 empfänglich
2430 1929 46 30 es
2519 1914 75 47 für
2636 1914 77 48 das
2755 1916 155 48 wahre
2939 1917 178 50 Schöne
3158 1920 78 48 der

1728 1982 238 50 lonkunst
1996 1985 68 56 ist,
2107 1987 89 47 und
2242 1989 41 45 in
2328 1990 169 47 welche
2530 1991 323 66 Begeisterung
2885 1994 137 48 dafür
3057 2013 45 30 es
3132 2013 75 31 aus-

1729 2058 161 58 bricht,
1921 2077 130 32 wenn
2083 2079 46 31 es
2157 2062 91 50 ihm
2280 2065 81 47 auf
2384 2066 205 65 würdige
2615 2067 155 50 Weise
2799 2070 279 63 dargeboten
3109 2074 125 48 wird.

1728 2137 276 48 Hoffentlich
2036 2140 182 48 werden
2250 2142 90 47 sich
2371 2142 72 48 die
2482 2146 273 64 vereinigten
2787 2147 156 49 Kräfte
2982 2150 122 47 nicht
3133 2152 78 46 wie-

1726 2213 80 49 der
1844 2216 296 65 zersplittern,
2180 2218 90 49 und
2309 2218 142 50 dieses
2486 2221 322 51 Fest-Concert
2838 2224 85 48 den
2954 2225 158 49 Grund
3154 2227 60 49 bil-

1726 2291 104 58 den,
1861 2293 81 49 auf
1968 2295 216 49 welchem
2217 2297 259 65 fortgebaut
2505 2300 183 48 werden
2721 2302 124 47 wird.

3055 2380 66 49 N.

1843 2447 140 48 Einer
2011 2448 198 50 anderen
2242 2467 81 31 uns
2357 2469 355 49 zugegangenen
2744 2455 368 66 Correspondenz
3141 2467 71 40 ent-

1728 2524 195 49 nehmen
1950 2527 80 47 wir
2053 2527 115 48 noch
2194 2527 70 50 die
2288 2530 202 57 Notizen,
2514 2532 100 47 dass
2637 2532 79 48 der
2740 2533 120 49 Chor
2891 2535 101 49 125
3018 2537 218 64 Soprane.

1734 2602 102 48 126
1871 2605 118 54 Alte,
2027 2605 101 49 149
2156 2607 179 48 Tenöre
2366 2607 89 48 und
2482 2608 107 50 200
2617 2611 130 47 Bässe
2775 2612 167 55 zählte;
2971 2613 57 47 im
3060 2615 174 63 Sopran

1728 2679 90 49 und
1849 2682 78 47 Alt
1956 2681 224 51 befanden
2208 2685 91 47 sich
2332 2693 131 40 unter
2490 2686 144 49 dieser
2655 2688 110 47 Zahl
2791 2688 68 50 49
2893 2690 88 47 und
3006 2690 68 49 53
3099 2692 108 47 Stim-

1729 2773 103 32 men
1862 2775 83 31 von
1969 2759 174 66 jungen
2173 2761 223 49 Mädchen
2435 2763 89 49 und
2557 2765 209 58 Knaben,
2802 2766 70 48 die
2909 2768 114 47 noch
3066 2768 43 47 in
3149 2768 85 49 den

1729 2836 300 64 Schuljahren
2069 2837 112 49 sind.
2237 2839 93 49 Das
2360 2841 245 49 Orchester
2643 2843 123 49 hatte
2797 2843 68 50 28
2897 2852 117 41 erste
3045 2845 87 48 und
3164 2846 69 48 28

1729 2913 157 48 zweite
1928 2914 225 59 Violinen,
2194 2916 68 49 20
2304 2918 263 57 Bratschen,
2611 2919 64 50 18
2714 2921 276 49 Violoncelle
3031 2923 90 47 und
3170 2923 64 50 18

1731 2991 304 49 Contrabässe
2064 2993 64 65 (!),
2168 2993 71 50 die
2267 2996 431 49 Blas-Instrumente
2727 2998 183 65 doppelt
2939 2999 182 56 besetzt,
3163 3019 48 30 zu-

1729 3085 203 33 sammen
1969 3069 103 50 149
2105 3072 447 49 Instrumentalisten.
2637 3076 94 47 Der
2760 3076 231 48 Eindruck
3020 3077 77 48 des
3119 3078 87 48 Ora-

1729 3146 190 48 toriums
2261 3149 166 50 konnte
2476 3151 221 57 dadurch,
2755 3152 99 49 dass
2910 3154 79 49 der
3037 3156 199 48 einfache

1731 3223 234 60 biblische,
2002 3226 216 49 deutsche
2256 3229 117 47 Text
2412 3231 42 47 in
2498 3231 296 49 französische
2836 3232 140 48 Verse
3018 3233 218 64 gebracht

1730 3303 187 47 worden
1947 3320 97 33 war
2073 3303 100 64 (von
2204 3306 143 48 einem
2380 3308 150 47 Herrn
2562 3308 257 65 Belanger),
2855 3309 99 49 kein
2985 3311 228 48 vollständi-

1730 3396 80 48 ger
1839 3382 108 48 sein.
2004 3382 79 48 Als
2112 3383 115 48 Titel
2260 3384 153 49 führte
2443 3384 80 49 der
2552 3394 115 40 erste
2698 3387 145 54 Theil,
2872 3387 80 48 der
2980 3389 127 47 allein
3140 3389 70 47 auf-

1729 3457 190 63 geführt
1947 3459 176 56 wurde,
2152 3459 71 48 die
2253 3462 271 48 Aufschrift:

1729 3533 214 68 punüion
2209 3539 44 46 et
2346 3540 207 64 repentir
2812 3538 56 49 de
2521 3543 159 46 —Die
3117 3561 89 30 wur-

1729 3613 85 48 den
1855 3614 113 48 nach
1998 3617 192 63 Roger's
2218 3617 341 66 Uebersetzung
2589 3619 76 48 des
2695 3621 164 46 Textes
2895 3621 66 46 ins
3003 3622 206 48 Französi-

1726 3690 106 49 sche
1862 3708 248 50 gesungen.
2166 3693 162 48 Leider
2373 3694 209 66 bestätigt
2624 3698 112 46 auch
2780 3697 120 48 diese
2940 3699 154 47 zweite
3126 3698 79 48 Cor-

1726 3769 280 65 respondenz
2045 3772 39 47 in
2124 3772 113 48 noch
2277 3773 290 56 schrofferer,
2609 3774 110 48 aber
2747 3774 141 50 durch
2920 3777 216 63 Beispiele
3164 3793 45 31 er-

1728 3847 199 48 härteter
1963 3849 172 55 Weise,
2181 3849 102 48 dass
2331 3850 80 49 der
2446 3852 209 64 Dirigent
2700 3853 69 47 die
2801 3853 175 48 Werke
3017 3853 138 56 „eben
3186 3869 47 33 so

1726 3925 148 64 wenig
1905 3925 178 65 begriff,
2114 3927 62 48 als
2476 3929 270 65 Abgesehen
2778 3947 82 30 von
2890 3930 99 47 dem
3023 3930 184 65 Vergrei-

1726 4002 70 48 fen
1828 4002 79 49 der
1937 4004 159 65 Tempi
2139 4004 43 48 in
2224 4004 85 50 den
2342 4005 181 50 Chören
2554 4007 367 58 Mendelssohn's,
2962 4009 160 47 wollen
3154 4010 82 46 wir

1725 4097 88 32 nur
1855 4082 87 48 ein
1987 4083 190 64 Beispiel
2222 4099 80 33 aus
2341 4083 85 51 den
2867 4087 263 48 mittheilen.
3187 4088 47 47 In
