3487 4371
1690 171 105 51 292

204 327 188 63 Ewigen
414 322 130 50 nach.
571 322 129 48 Ihrer
722 320 231 50 Schranke
977 318 117 49 wöhl
1121 316 212 57 bewusst,
1354 316 129 47 sucht
1503 313 79 57 sie,
1601 311 101 49 dem

205 403 179 63 Gegner
407 398 184 65 gerecht
613 415 52 32 zu
689 397 198 56 werden,
915 396 75 47 ihn
1018 411 51 31 zu
1095 395 159 54 hören,
1283 391 214 49 innerlich
1524 406 53 31 zu
1607 405 73 30 ver-

202 478 209 54 nehmen,
453 475 91 48 und
590 476 117 46 fühlt
746 473 119 49 diese
915 470 336 55 „musicalische
1589 463 115 50 eben

204 556 99 58 jetzt
332 569 74 30 um
435 567 49 33 so
515 550 287 66 dringender,
829 548 47 64 je
905 546 128 48 mehr
1060 546 91 48 sich
1182 546 72 48 die
1283 544 234 49 Tonkunst
1546 539 130 50 bethä-

201 630 80 62 tigt
309 628 62 49 als
401 644 170 48 grosse,
592 628 63 63 ja,
682 623 286 48 dämonische
990 621 335 49 Lebensmacht
1350 637 101 31 zum
1480 617 102 49 Heil
1613 614 89 49 und

205 702 264 51 Verderben
500 703 78 47 der
605 701 173 48 Seelen.

314 781 153 47 Damit
496 779 79 46 wir
610 776 86 49 den
727 774 232 50 Verfasser
1001 773 305 65 überzeugen,
1347 771 100 48 dass
1489 769 82 47 wir
1611 767 93 48 sein

201 857 125 47 Buch
354 854 120 50 nicht
502 852 183 63 flüchtig
714 852 197 63 gelesen,
956 851 163 47 führen
1150 849 82 47 wir
1270 863 101 32 zum
1401 844 151 48 Behuf
1580 843 126 49 einer

199 933 303 48 verbesserten
554 929 187 47 zweiten
795 928 195 62 Auflage
1051 925 251 65 diejenigen
1358 920 179 50 Druck-
1592 919 110 50 oder

200 1005 333 51 Schreibfehler
554 1004 93 57 auf,
676 1004 73 48 die
771 1021 80 30 uns
874 1002 268 64 aufgefallen
1165 1000 97 49 sind
1291 999 43 48 in
1364 997 102 49 dem
1491 995 215 66 übrigens

196 1084 102 48 sehr
327 1083 119 48 wohl
477 1088 350 58 ausgestatteten
855 1079 207 47 Drucke:

310 1159 46 48 S.
392 1158 124 57 165,
548 1158 25 47 7
610 1154 375 66 hervorquillend,
1020 1160 106 41 statt
1154 1149 227 69 quellend,
1409 1150 138 64 vergl.
1583 1148 122 57 197,

199 1237 48 53 5,
279 1234 90 50 und
397 1235 44 49 S.
479 1234 121 56 187,
649 1233 59 48 17
741 1230 164 57 Musik,
947 1237 105 42 statt
1080 1228 170 49 Poesie.
1376 1228 46 47 S.
1460 1226 120 55 164,
1620 1224 84 57 18,

205 1313 62 48 19
300 1313 54 47 ist
397 1313 98 47 eine
535 1308 382 49 unverständliche
945 1306 155 59 Stelle,
1142 1305 59 50 ob
1230 1304 256 56 verdruckt,
1527 1303 55 48 ist
1624 1318 80 33 uns

1265 1382 55 47 E.
1351 1380 235 65 Krüger.

197 1388 121 49 nicht
346 1386 96 50 klar
469 1384 258 67 geworden.

691 1643 228 54 Theodor
958 1643 247 53 Zimmers.

801 1777 296 48 (Nekrolog.)

310 1894 97 49 Vor
449 1892 206 65 wenigen
685 1891 156 66 Tagen
884 1889 238 65 geleiteten
1165 1887 71 49 die
1274 1887 178 65 Bürger
1490 1884 212 51 Aachens

194 1974 41 47 in
265 1987 180 51 grosser
464 1969 173 50 Anzahl
661 1969 129 49 einen
812 1968 138 48 Mann
978 1983 54 32 zu
1061 1966 146 49 seiner
1236 1966 158 48 letzten
1419 1964 283 56 Ruhestätte,

191 2049 80 49 der
298 2048 81 48 seit
406 2047 198 63 sechszig
624 2046 171 48 Jahren
825 2044 63 50 als
912 2043 176 57 braver,
1118 2042 234 49 wackerer
1373 2041 216 48 Künstler
1620 2057 54 32 un-

190 2133 68 41 ter
284 2124 134 49 ihnen
448 2122 119 48 lebte
596 2122 90 47 und
718 2121 175 57 wirkte,
922 2119 92 49 und
1043 2118 158 48 dessen
1223 2117 272 64 Bedeutung
1526 2117 76 48 für
1630 2115 72 50 die

190 2201 128 49 Stadt
361 2199 186 49 Aachen
590 2197 91 49 und
723 2197 127 48 ihren
889 2195 342 49 musicalischen
1269 2194 271 48 Fortschritt
1579 2193 123 49 nicht

192 2277 299 49 unterschätzt
520 2273 184 51 werden
732 2273 113 49 darf.

304 2352 263 50 Theodor
614 2352 269 47 Zimmers
929 2350 56 49 ist
1024 2366 64 39 es,
1133 2364 85 33 von
1265 2348 105 48 dem
1418 2348 84 47 wir
1547 2345 157 57 reden,

192 2430 214 50 Theodor
432 2430 239 56 Zimmers,
712 2427 157 49 dessen
901 2425 367 65 Compositionen
1296 2424 81 48 seit
1405 2424 161 65 vierzig
1593 2424 84 48 Jah-

191 2524 79 32 ren
312 2508 42 47 in
397 2507 115 48 allen
557 2504 369 47 Kirchenchören
971 2518 232 50 gesungen
1246 2500 207 57 wurden,
1494 2499 91 50 und
1630 2499 72 50 die

187 2585 90 47 sich
321 2583 172 49 sowohl
536 2580 141 50 durch
723 2579 328 57 Deutschland,
1093 2579 63 48 als
1198 2578 142 48 durch
1389 2578 185 66 Belgien
1610 2576 91 50 und

188 2659 277 51 Frankreich
497 2658 104 48 weit
629 2656 243 49 verbreitet
901 2655 166 57 haben,
1096 2654 216 48 Theodor
1333 2654 238 55 Zimmers,
1601 2653 75 48 des-

187 2756 75 33 sen
294 2734 387 67 hervorragendes
712 2734 467 49 Unterrichts-Talent
1216 2733 100 47 eine
1352 2748 155 49 grosse
1535 2733 167 63 Menge

188 2833 83 30 von
314 2811 339 50 musicalischen
681 2811 221 49 Schülern
940 2809 92 48 und
1062 2809 329 48 Schülerinnen
1427 2809 43 47 in
1508 2824 193 32 unseren

187 2893 192 48 Mauern
409 2889 91 49 und
529 2893 221 44 auswärts
787 2885 344 67 herangebildet
1174 2885 93 56 hat,
1310 2902 82 31 von
1423 2885 145 48 denen
1598 2884 104 48 sehr

188 2970 108 48 viele
324 2968 245 64 Tüchtiges
600 2966 154 49 leisten
785 2964 92 49 und
906 2964 143 48 ihrem
1080 2964 175 47 Lehrer
1282 2963 124 48 Ehre
1436 2963 218 49 bereiten.

303 3045 217 47 Zimmers
549 3043 216 49 erblickte
793 3041 80 49 das
901 3040 131 48 Licht
1060 3040 81 48 der
1173 3040 128 48 Welt
1328 3055 72 33 am
1433 3039 46 49 6.
1511 3040 160 47 Decem-

194 3121 80 49 ber
308 3120 138 50 1783
492 3120 42 50 in
566 3120 184 48 Aachen
793 3117 91 50 und
928 3117 177 50 verliess
1146 3116 121 50 diese
1296 3116 131 50 Stadt
1453 3116 73 48 nie
1556 3115 66 49 bis
1649 3133 53 30 zu

254 3248 37 45 *)
321 3250 48 34 H.
397 3260 33 24 v.
460 3246 239 37 Bronsard
726 3246 65 35 hat
818 3246 58 35 ein
896 3245 107 35 Buch
1031 3245 123 35 dieses
1178 3244 122 37 Titels
1329 3243 258 47 geschrieben,
1616 3243 67 35 wel-

316 3308 90 36 ches
433 3309 39 33 in
493 3307 154 46 Leipzig
667 3307 59 35 bei
747 3306 166 35 Matthes
942 3306 59 35 die
1029 3307 132 34 zweite
1176 3306 161 45 Auflage
1364 3304 121 36 erlebt
1515 3304 77 36 hat.
1622 3304 83 35 Wir

316 3368 212 47 empfehlen
550 3367 68 35 das
638 3367 183 35 Büchlein
848 3367 99 35 allen
977 3366 130 46 denen,
1138 3366 59 36 die
1223 3366 95 36 über
1345 3366 59 35 die
1431 3365 273 48 „Ehrlichkeit,

314 3429 142 35 Hoheit
492 3427 77 35 und
597 3427 383 46 Uneigennützigkeit
1021 3427 64 35 des
1114 3427 254 35 Triumvirats
1395 3427 161 44 Berlioz,
1598 3426 107 35 Liszt

312 3487 79 37 und
618 3486 80 36 sich
725 3486 116 36 näher
867 3487 256 36 unterrichten
1151 3487 148 36 wollen.
1389 3487 217 45 Berlioz,
1636 3485 69 36 das

313 3551 50 33 ist
387 3548 68 36 das
481 3546 226 48 Spasshafte
731 3546 61 34 bei
820 3546 64 35 der
902 3546 130 47 Sache,
1060 3547 52 34 ist
1139 3546 81 36 hier
1247 3547 60 35 bei
1335 3546 245 36 Bronsard
1608 3545 96 36 noch

315 3610 108 47 (ganz
451 3608 155 46 richtig)
635 3619 69 23 zur
731 3607 299 46 Wagner'schen
1058 3607 194 45 Richtung
1281 3607 214 46 gerechnet,
1526 3605 180 37 während

312 3669 70 36 Fr.
411 3668 177 34 Müller
617 3667 64 34 ihn
711 3667 118 35 schon
858 3666 56 34 als
943 3666 259 47 Abtrünnigen
1231 3667 140 43 ächtet,
1410 3668 54 44 ja,
1502 3667 203 46 eigentlich

314 3729 56 35 als
397 3730 157 33 nimmer
573 3727 151 35 Freund
752 3737 220 36 gewesenen
1000 3726 257 36 brandmarkt.
1286 3727 167 47 Wagner
1471 3731 129 32 contra
1617 3727 67 35 Ber-

316 3790 71 34 lioz
414 3790 51 34 ist
492 3789 179 45 übrigens
700 3787 118 36 schon
848 3799 48 23 zu
933 3787 103 35 lesen
1076 3788 39 34 in
1142 3787 64 36 der
1233 3787 133 46 augsb.
1396 3787 101 46 Allg.
1527 3788 177 46 Zeitung,

322 3848 109 45 1852,
456 3849 65 36 Nr.
550 3848 87 47 351,
666 3847 98 36 nach
793 3848 120 35 einem
941 3847 186 35 Aufsatze
1155 3848 37 34 in
1222 3847 68 36 den
1320 3848 248 36 Grenzboten.
1612 3849 93 35 Was

322 3911 98 31 wäre
458 3920 45 22 an
531 3908 120 36 dieser
693 3908 209 35 kritischen
931 3906 139 36 Misere
1111 3918 47 23 zu
1199 3908 211 42 erwähnen,
1451 3920 110 23 wenn
1600 3908 106 36 nicht

314 3968 84 43 jene
426 3968 223 36 Zuklinftler
688 3970 37 33 in
757 3968 132 35 Einem
931 3968 73 35 fort
1046 3967 168 35 docirten
1248 3967 78 35 und
1363 3970 234 45 excerpirten
1625 3968 79 36 und

319 4028 242 45 registrirten,
601 4040 74 24 was
704 4028 120 36 dieser
851 4026 77 38 und
952 4028 106 45 jener
1086 4027 95 36 über
1209 4026 127 38 diesen
1375 4029 76 35 und
1486 4029 113 44 jenen
1628 4030 58 36 ein-

319 4087 72 34 mal
419 4087 151 46 gesagt!

1775 311 167 48 seinem
1968 326 71 33 am
2065 310 86 49 24.
2170 311 179 63 August
2375 308 41 49 d.
2443 307 40 50 J.
2514 307 221 65 erfolgten
2765 304 311 60 Lebensende,
3101 304 186 51 brachte

1776 387 93 47 also
1902 384 67 50 78
1998 386 142 49 Jahre
2180 395 132 39 unter
2354 400 82 31 uns
2471 400 67 30 zu.
2595 383 140 47 Einer
2764 383 246 48 achtbaren
3043 383 217 64 Bürgerfa-

1777 463 118 47 milie
1925 470 299 57 entsprossen,
2255 459 179 50 wandte
2463 476 50 30 er
2539 458 90 48 sich
2662 458 103 48 bald
2796 458 141 48 durch
2962 459 212 64 Neigung
3198 458 91 48 und

1776 539 185 47 inneren
1992 538 137 50 Trieb
2157 555 80 30 zur
2267 537 146 48 Musik
2446 536 91 55 hin,
2566 536 71 48 die
2666 552 48 31 er
2744 536 203 63 Anfangs
2976 537 64 47 als
3069 536 221 48 Dilettant

1776 613 175 48 betrieb
1975 614 90 49 und
2088 621 91 42 erst
2201 612 118 49 dann
2342 612 63 48 als
2427 611 331 48 Lebenszweck
2792 611 201 55 erfasste,
3023 611 64 48 als
3108 616 182 43 äussere

1775 689 246 50 Umstände
2050 689 92 49 und
2170 689 80 49 der
2278 689 119 49 Rath
2434 687 147 48 seiner
2615 687 140 48 vielen
2787 685 226 55 Freunde,
3055 685 72 49 die
3168 687 122 47 seine

1776 765 114 49 über
1914 765 79 49 das
2024 765 323 49 Gewöhnliche
2378 762 404 49 hervorstechende
2812 762 308 48 musicalische
3145 763 116 62 Bega-

1776 843 126 63 bung
1930 842 268 56 erkannten,
2236 842 78 47 ihn
2351 842 43 47 in
2430 840 70 49 die
2529 840 128 47 Bahn
2702 839 200 55 führten,
2944 840 42 46 in
3015 838 199 48 welcher
3242 854 49 32 er

1776 923 150 60 später
1954 934 49 32 so
2032 918 168 48 schöne
2229 918 188 63 Erfolge
2446 933 180 47 errang.
2680 917 83 47 Mit
2803 915 102 47 dem
2951 915 340 47 musicalischen

1777 994 286 50 Unterrichte
2101 994 80 48 sah
2212 1009 45 33 es
2286 994 42 47 in
2360 994 85 47 den
2473 993 189 56 Jahren,
2704 1008 71 32 wo
2803 992 223 46 Zimmers
3052 1008 52 30 zu
3135 992 156 46 lernen

1777 1072 196 63 begann,
1994 1070 202 49 ziemlich
2219 1069 200 48 schlecht
2441 1069 42 47 in
2509 1085 193 32 unseren
2726 1069 190 47 Mauern
2941 1083 105 39 aus;
3076 1066 72 49 die
3170 1070 96 45 stür-

1777 1148 183 56 mische,
1989 1148 132 47 allem
2152 1145 355 48 künstlerischen
2537 1145 193 48 Streben
2765 1144 273 65 abgeneigte
3065 1144 98 47 Zeit
3192 1144 99 46 liess

1776 1223 154 48 weder
1956 1223 177 48 Lehrer
2159 1221 116 49 noch
2306 1220 240 50 Lernende
2575 1221 313 49 aufkommen.
2932 1221 63 46 Er
3024 1235 97 32 war
3149 1219 143 47 daher

1777 1300 76 47 für
1874 1300 92 48 sein
1991 1299 327 48 Fortkommen
2347 1299 44 47 in
2413 1298 80 48 der
2523 1298 339 48 musicalischen
2888 1298 147 47 Kunst
3064 1295 129 50 mehr
3215 1295 82 48 auf

1775 1376 152 49 seinen
1970 1376 189 64 eigenen
2200 1375 140 48 Fleiss
2383 1374 304 65 angewiesen,
2728 1373 92 48 und
2858 1390 104 31 man
3005 1373 168 49 könnte
3214 1373 77 46 ihn

1776 1453 122 48 nicht
1928 1451 79 49 mit
2035 1451 201 50 Unrecht
2275 1450 174 50 sowohl
2492 1450 42 47 in
2565 1450 152 63 Bezug
2759 1447 82 50 auf
2877 1449 309 63 Composition
3226 1449 66 47 als

1777 1529 81 48 auf
1883 1529 285 64 Clavierspiel
2196 1529 131 48 einen
2355 1526 342 50 Autodidakten
2732 1541 193 32 nennen.

1890 1606 80 48 Als
2011 1621 49 32 er
2100 1621 47 33 es
2185 1604 136 49 dahin
2364 1604 222 66 gebracht
2624 1604 141 56 hatte,
2807 1602 102 49 dass
2937 1616 48 33 er
3013 1616 74 33 am
3118 1600 177 49 Clavier

1776 1682 199 65 geläufig
2005 1681 90 48 und
2126 1681 80 48 mit
2233 1681 254 48 Sicherheit
2525 1680 87 48 den
2642 1680 180 65 Gesang
2854 1679 224 64 begleiten
3111 1677 184 55 konnte,

1775 1776 83 47 zog
1900 1759 75 48 ihn
2019 1757 80 50 der
2139 1757 226 64 damalige
2408 1756 310 48 musicalische
2759 1756 159 48 Mäcen
2947 1755 227 53 Aachens,
3215 1754 81 46 der

1775 1836 117 48 auch
1935 1836 44 47 in
2022 1835 215 48 weiteren
2266 1834 192 48 Kreisen
2504 1832 202 50 bekannt
2745 1831 274 66 gewordene
3047 1832 84 46 Dr.
3159 1830 102 48 Sol-

1775 1912 155 59 ders,
1970 1930 54 31 zu
2065 1912 154 49 seinen
2262 1911 261 50 häuslichen
2563 1908 342 50 musicalischen
2933 1907 363 65 Aufführungen

1776 1988 160 59 heran,
1977 1988 91 50 und
2099 1988 97 49 hier
2224 2005 98 32 war
2351 2004 64 40 es,
2455 2004 73 31 wo
2557 1985 79 50 das
2676 1983 322 52 aufstrebende
3026 1985 165 48 Talent
3217 1982 79 48 des

1768 2066 174 65 jungen
1984 2067 191 47 Mannes
2215 2065 228 64 Nahrung
2497 2062 93 50 und
2629 2062 324 65 Entwicklung
3008 2060 119 50 fand.
3182 2060 115 48 Hier

1775 2143 158 49 wurde
1961 2143 111 49 viele
2101 2141 93 49 und
2222 2148 109 59 gute
2358 2141 151 48 Musik
2544 2140 230 64 gemacht,
2817 2140 98 47 hier
2943 2154 98 33 war
3069 2136 81 51 der
3181 2137 87 50 Cen-

1775 2218 249 68 traipunkt,
2059 2235 73 33 wo
2161 2218 92 49 sich
2283 2216 174 51 fremde
2483 2216 94 48 nnd
2603 2216 321 48 einheimische
2951 2215 217 48 Künstler
3196 2230 75 32 ver-

1773 2296 292 56 sammelten;
2095 2293 95 51 und
2218 2310 49 33 so
2297 2293 86 50 wie
2411 2310 49 33 er
2488 2292 205 50 dadurch
2716 2292 78 48 das
2816 2292 135 48 Beste
2972 2291 132 64 jener
3125 2291 97 48 Zeit
3243 2306 54 32 zu

1776 2373 143 49 hören
1950 2372 164 50 bekam
2147 2371 90 49 und
2266 2371 140 48 selbst
2431 2369 145 65 thätig
2604 2369 81 49 mit
2707 2368 195 66 eingriff,
2930 2385 49 31 so
3003 2367 80 49 bot
3104 2367 93 48 ihm
3220 2366 82 49 auf

1776 2449 81 50 der
1885 2449 200 50 anderen
2114 2449 122 49 Seite
2265 2448 71 48 die
2374 2447 297 65 reichhaltige
2699 2446 311 49 musicalische
3038 2443 261 50 Bibliothek

1775 2527 143 47 seines
1949 2527 207 48 Gönners
2186 2523 313 65 Gelegenheit,
2539 2540 52 31 zu
2628 2523 174 56 lernen,
2844 2522 71 48 die
2954 2519 346 51 Meisterwerke

1776 2604 225 55 Mozart's,
2029 2602 203 66 Haydn's
2261 2599 93 50 und
2383 2601 123 48 ihrer
2524 2599 321 65 Zeitgenossen
2871 2598 203 56 Winter,
3097 2597 203 57 Martini,

1777 2679 234 57 Paesiello,
2041 2679 253 56 Cimarosa,
2323 2677 184 66 Righini
2537 2695 43 31 u.
2608 2693 33 32 s.
2666 2693 55 32 w.
2745 2693 52 31 zu
2826 2674 201 50 studiren
3057 2674 93 50 und
3177 2674 123 49 seine

1775 2757 271 48 Kenntnisse
2088 2756 83 48 der
2212 2754 340 50 musicalischen
2584 2753 310 66 Composition
2930 2768 54 32 zu
3013 2750 284 50 vermehren.

1776 2836 95 47 Der
1900 2833 289 50 öffentlichen
2215 2832 364 65 Aufführungen
2608 2847 155 33 waren
2791 2829 175 50 damals
2995 2829 193 65 wenige,
3217 2827 82 49 das

1775 2912 343 49 Vereinswesen
2143 2927 98 32 war
2261 2926 48 33 so
2339 2917 82 58 gut
2449 2909 85 48 wie
2563 2926 84 48 gar
2674 2908 124 49 nicht
2826 2905 309 66 ausgebildet;
3164 2905 136 50 allein

1773 2988 219 49 zuweilen
2015 2987 345 49 versammelten
2389 2985 93 49 sich
2511 2984 71 50 die
2610 2992 278 42 zerstreuten
2913 2982 157 49 Kräfte
3099 2982 117 49 doch
3244 2998 56 32 zu

1775 3065 125 49 einer
1942 3064 342 50 musicalischen
2314 3062 553 50 Gesammt-Production.
2915 3062 61 47 So
3018 3059 155 50 hatten
3216 3059 84 48 wir

1773 3143 117 48 noch
1931 3159 80 32 vor
2050 3143 201 48 Kurzem
2292 3140 315 66 Gelegenheit,
2647 3139 130 50 einen
2810 3138 363 49 Concert-Zettel
3216 3152 83 33 aus

1775 3219 101 50 dem
1905 3219 141 50 Jahre
2081 3218 143 51 1803
2256 3218 112 49 oder
2401 3217 145 49 1804
2573 3234 54 32 zu
2667 3217 157 57 sehen,
2866 3217 94 48 laut
2986 3214 221 50 welchem
3236 3214 63 48 im

1777 3297 365 49 Redoutensaale
2176 3295 114 57 „Die
2637 3311 84 31 von
2745 3293 165 66 Haydn
2938 3291 143 50 durch
3112 3291 71 50 ein
3206 3291 60 49 Or-

1775 3374 179 48 chester
1982 3389 85 32 von
2096 3379 119 43 etwa
2243 3371 190 65 dreissig
2474 3370 93 50 und
2607 3371 129 49 einen
2768 3370 123 50 Chor
2919 3387 85 31 von
3032 3369 138 48 zwölf
3192 3368 79 48 Mit-

1775 3450 222 66 gliedern,
2034 3451 181 49 Herren
2245 3449 91 49 und
2368 3451 197 55 Damen,
2607 3448 270 66 aufgeführt
2905 3445 176 51 wurde.
3134 3445 166 48 Solche

1778 3529 223 48 Concerte
2030 3528 203 63 dirigirte
2261 3526 173 50 damals
2464 3528 123 48 Herr
2614 3526 84 49 Dr.
2727 3524 262 57 Solders,
3029 3521 93 51 und
3150 3521 110 50 Zim-

1780 3622 141 31 mers
1951 3620 97 33 war
2078 3620 73 33 am
2182 3605 190 48 Clavier.

1893 3681 148 50 Allein
2064 3681 122 52 nicht
2213 3681 164 49 immer
2406 3680 122 50 blieb
2557 3697 51 33 er
2634 3695 74 33 am
2735 3678 190 49 Clavier.
2954 3675 244 52 Während
3221 3675 80 50 des

1777 3759 228 49 aachener
2046 3759 276 65 Congresses
2366 3758 167 55 1818,
2572 3774 51 32 so
2665 3756 85 49 wie
2791 3755 134 65 lange
2953 3772 80 31 vor
3061 3754 92 49 und
3183 3752 117 50 nach

1777 3835 148 51 dieser
1970 3836 113 56 Zeit,
2143 3836 140 49 sehen
2330 3836 85 49 wir
2468 3835 76 48 ihn
2590 3831 318 68 selbständig
2956 3832 72 49 die
3076 3831 224 50 Concerte

1777 3914 210 49 Aachens
2016 3913 286 54 vorbereiten
2331 3913 93 50 und
2453 3914 151 56 leiten,
2632 3911 138 50 sehen
2798 3911 94 57 ihn,
2921 3911 86 48 wie
3036 3926 49 33 er
3112 3926 79 32 vor
3212 3907 89 50 den

1777 3990 253 66 gekrönten
2048 3993 238 64 Häuptern
2308 3990 79 51 des
2406 3990 275 65 Congresses
2703 3987 43 50 in
2772 3987 166 50 kurzen
2962 3985 339 56 Beinkleidern,

1777 4067 346 51 weissseidenen
2151 4069 265 65 Strümpfen
2455 4084 44 33 u.
2528 4083 33 34 s.
2591 4083 56 33 w.
2688 4066 122 51 seine
2839 4066 207 65 Stellung
3075 4080 74 34 am
3178 4061 98 51 Diri-
