3487 4371
388 171 1412 208 Niederrheinische
1947 181 1133 270 Musik-Zeitung

1018 476 116 117 für
1213 473 559 122 ÄttßtftratÄe
1825 481 142 117 imü
2023 481 392 125 Ifinstler.

197 705 387 74 Herausgegeben
633 731 86 33 von
772 715 235 49 Professor
1059 708 69 60 L.
1174 708 264 82 Bischoff.
1632 720 172 67 Verlag
1858 721 82 50 der
1989 717 84 57 M.
2121 716 617 88 DuMont-Schauberg'
2740 727 137 52 sehen
2917 729 370 70 Buchhandlung.

1392 855 175 79 KÖLN,
1607 868 72 55 14.
1721 869 288 71 September
2050 872 130 55 1861.

263 859 81 55 Nr.
386 861 76 53 37.

2829 882 77 55 IX.
2947 883 272 73 Jahrgang.

285 1037 222 37 Inhalt.

562 1036 166 37 Eichard
756 1038 181 47 Wagner.
964 1040 83 36 Von
1075 1041 43 37 F.
1145 1040 143 38 Müller
1315 1042 199 47 (Scbluss).
1555 1045 84 37 Von
1679 1045 44 37 E.
1751 1046 203 43 Krüger.
1984 1069 46 7 —
2057 1050 224 38 Theodor
2322 1052 225 37 Zimmers
2590 1055 234 34 (Nekrolog.
2855 1078 42 6 —
2928 1060 76 29 Der
3029 1061 265 28 rnnsicalischp

186 1096 111 35 Theil
325 1096 65 36 der
419 1098 111 34 Feste
558 1096 38 35 in
625 1096 225 49 Antwerpen
893 1119 46 6 —
970 1101 187 46 Tages-
1188 1101 95 36 und
1312 1103 547 47 Unterhaltungsblatt
1887 1106 136 47 (Wien,
2050 1109 430 51 Press-Angelegenheit
2508 1134 42 5 —
2572 1114 79 37 Das
2679 1117 297 45 voigtländische
3001 1120 219 47 Sängerfest
3248 1134 46 23 zu

184 1153 149 37 Schleiz
363 1175 46 5 —
438 1153 233 47 Paderborn,
701 1155 161 38 Concert
892 1179 44 5 —
965 1160 182 45 Weimar,
1176 1162 67 37 Dr.
1271 1161 122 37 Franz
1423 1162 106 38 Liszt
1562 1185 38 5 —
1632 1165 320 38 Musik-Director
1980 1180 72 24 von
2080 1169 223 49 Herzberg).

451 1387 219 56 Richard
711 1389 227 72 Wagner.
1021 1393 99 53 Von
1161 1393 50 54 F.
1252 1393 192 56 Müller.

718 1512 174 46 (Schluss
938 1514 33 36 S.
1005 1515 64 37 Nr.
1098 1515 78 47 36.)

299 1600 129 48 Stellt
466 1618 93 31 nun
598 1602 73 49 die
709 1604 311 51 neudeutsche
1048 1606 168 50 Schule
1245 1608 151 49 diesen
1428 1610 249 51 Bemerkun-

182 1693 89 49 gen
300 1684 227 58 entgegen
558 1696 108 32 was
696 1681 249 66 Wagner
983 1685 256 48 erreicht
1278 1685 113 57 hat,
1435 1688 85 48 den
1551 1690 159 65 Erfolg

183 1754 93 48 und
306 1754 71 49 die
408 1756 237 66 Wirkung
673 1757 150 50 seiner
855 1760 176 49 Werke
1061 1761 82 48 auf
1166 1761 73 50 die
1269 1764 164 54 Masse,
1468 1780 50 33 so
1548 1768 159 48 achten

183 1831 85 48 wir
309 1832 122 49 diese
473 1832 283 68 keineswegs
800 1837 77 47 für
917 1840 299 48 verächtliche
1244 1841 264 65 Zeugnisse,
1548 1845 160 48 sobald

182 1906 74 50 die
278 1907 259 50 Thatsache
563 1910 260 65 festgestellt
847 1914 66 48 ist.
945 1915 80 47 Als
1047 1916 226 50 vollendet
1302 1916 66 67 (9.
1399 1917 123 68 160)
1546 1920 135 49 erken-

182 2000 89 32 nen
301 1985 84 47 wir
413 1985 72 49 die
516 1987 258 50 Thatsache
804 1989 112 49 aber
958 1992 155 50 nicht
1152 2009 84 42 an;
1279 2011 127 33 wozu
1437 2000 122 46 wäre
1588 1997 119 50 dann

183 2060 80 49 das
292 2077 141 47 ganze
461 2063 129 50 Buch
630 2080 85 34 von
758 2067 176 50 Franz
977 2070 203 49 Müller
1218 2072 316 66 geschrieben,
1576 2093 131 31 wenn

179 2138 125 50 nicht
332 2155 51 32 er
412 2140 91 49 und
532 2141 73 49 die
631 2143 167 49 Seinen
835 2145 231 51 dürsteten
1106 2149 91 48 und
1235 2150 205 49 schrieen
1482 2154 115 47 nach
1628 2154 82 48 der

179 2232 54 31 zu
263 2215 290 50 erobernden
582 2218 378 69 Anerkennung?
1004 2240 128 32 wozu
1169 2225 81 49 der
1279 2227 332 68 Oberschimpf
1632 2231 83 48 auf

376 2295 147 47 Kritik
555 2295 129 66 (54),
727 2298 191 49 nämlich
950 2300 71 48 die
1061 2301 235 67 abfällige,
1335 2321 132 32 wenn
1496 2306 63 48 sie
1588 2309 123 47 nicht

179 2368 295 66 unbequeme
504 2371 310 51 Wahrheiten
845 2376 246 51 enthielte?
1209 2381 132 48 Auch
1372 2381 151 49 finden
1553 2384 84 48 wir
1665 2385 43 48 in

177 2447 79 51 Fr.
287 2448 201 49 Müller's
517 2450 168 49 Schrift
713 2452 151 66 wenig
892 2470 84 33 von
1006 2455 86 49 den
1123 2457 312 51 verheissenen
1468 2461 239 58 Quellen

178 2523 94 50 und
296 2524 252 50 Urkunden
573 2526 89 66 (8),
685 2527 126 51 desto
836 2531 131 48 mehr
992 2532 163 56 Citate,
1176 2535 200 58 Motto's,
1399 2537 280 50 Reminiscen-

176 2618 81 33 zen
286 2618 85 32 von
402 2603 120 61 dem,
568 2621 93 33 was
690 2622 79 33 vor
811 2607 93 50 ihm
949 2611 70 47 ein
1052 2612 160 48 weiser
1240 2615 139 48 Mann
1409 2615 209 64 gedacht.

179 2679 204 50 Warum
412 2681 99 48 sind
540 2682 217 67 übrigens
785 2701 84 33 von
901 2686 86 49 den
1016 2688 130 49 sehr
1172 2690 286 50 zahlreichen
1490 2697 180 61 ungün-

174 2757 183 65 stigen
402 2758 172 65 pariser
614 2761 298 66 Zeugnissen,
955 2765 174 49 welche
1172 2766 72 49 die
1280 2768 427 51 Niederrheinische

173 2834 278 66 Musik-Ztg.
487 2836 43 48 d.
565 2837 42 49 J.
642 2839 81 49 Nr.
752 2838 65 51 13
832 2841 141 49 —l5
998 2843 286 50 ausführlich
1313 2845 287 67 wiedergibt,
1623 2865 83 48 gar

176 2912 133 49 keine
338 2913 302 65 mitgetheilt?
680 2916 63 49 sie
786 2918 205 64 gehören
1033 2919 115 50 doch
1194 2923 116 49 auch
1354 2941 102 32 zum
1487 2925 219 58 Quellen-

173 2988 212 51 Studium
410 2989 82 50 der
517 2991 173 50 Wolke
711 3008 86 35 von
819 2996 205 66 Zeugen,
1054 2998 93 48 und
1176 2999 82 49 der
1279 3002 212 48 verzückt
1512 3002 195 50 lobende

174 3067 108 49 Gas
297 3085 96 49 per
407 3069 49 49 in
474 3069 9 47 i
512 3071 121 48 steht
661 3072 147 49 allein.
840 3073 158 50 Bisher
1028 3074 214 52 befinden
1274 3078 84 50 wir
1386 3096 84 32 uns
1498 3081 116 48 noch
1645 3081 60 49 im

172 3144 195 68 hitzigen
391 3147 209 49 Stadium
625 3147 78 51 des
727 3151 339 61 Parteifiebers,
1095 3156 196 49 welches
1313 3156 144 49 durch
1484 3157 71 49 die
1579 3175 96 33 wan-

169 3220 285 68 kelmüthige
477 3226 160 48 Presse
659 3243 89 31 nur
770 3228 181 57 erhöht,
982 3229 123 50 nicht
1127 3232 84 48 auf
1233 3233 94 48 sein
1352 3234 180 49 wahres
1555 3237 150 48 Maass

170 3299 225 66 gebracht
422 3302 67 48 ist.
522 3302 108 49 Wir
652 3303 129 66 legen
805 3307 124 48 nicht
954 3325 56 30 zu
1039 3308 81 50 viel
1147 3311 208 49 Gewicht
1383 3312 84 49 auf
1484 3313 194 50 Aeusser-

174 3378 259 58 lichkeiten,
470 3396 134 33 wenn
634 3382 85 48 wir
746 3382 208 51 dennoch
986 3386 268 60 bemerken,
1282 3388 103 50 dass
1412 3391 86 48 wir
1527 3391 70 49 ein
1627 3392 80 49 mit

172 3454 307 67 königlichem
504 3458 173 66 Pompe
700 3459 389 52 aufzuführendes
1108 3464 169 60 Werk,
1306 3466 80 50 das
1414 3466 81 50 der
1522 3468 186 50 Meister

169 3533 141 49 selbst
351 3534 117 50 noch
511 3535 123 50 nicht
675 3538 304 49 vollkommen
1024 3542 166 65 gehört
1218 3561 54 32 zu
1302 3543 152 52 haben
1486 3544 220 60 bekennt,

170 3609 159 51 nicht
372 3613 78 47 für
483 3613 347 51 volksthümlich
873 3617 166 50 halten.
1095 3618 155 51 Ueber
1291 3620 72 51 die
1399 3623 174 65 pariser
1613 3623 93 50 und

170 3687 173 50 wiener
365 3690 459 66 Spectakel-Scenen,
855 3711 94 33 was
978 3695 71 49 ihr
1072 3697 186 50 wahrer
1280 3699 168 50 Gehalt
1476 3717 230 50 gewesen,

170 3763 56 49 ist
254 3765 117 49 noch
404 3768 103 48 kein
536 3769 358 51 Schiedsrichter
921 3772 246 66 gefunden.
1217 3777 98 48 Der
1343 3778 115 48 Eine
1500 3787 117 58 sagt,
1660 3796 46 33 es

583 3849 222 50 Rancune
833 3850 60 50 im
916 3852 138 66 Spiel,
1084 3852 82 50 der
1186 3854 205 60 Andere,
1414 3864 142 42 etwas
1580 3858 105 50 salzi-

169 3935 99 51 ger,
297 3937 47 33 es
374 3921 120 51 habe
521 3924 94 50 sich
647 3925 158 52 beider
828 3928 146 51 Orten
995 3947 76 32 um
1095 3929 72 51 die
1199 3932 215 68 Claque
1444 3934 262 66 gehandelt,

169 3996 122 51 diese
319 3999 250 51 wiederum
604 4001 149 68 hange
795 4007 79 48 mit
916 4013 152 44 zarten
1098 4007 156 52 Fäden
1291 4026 57 34 an
1378 4010 89 51 den
1498 4013 207 51 Winken

169 4074 83 52 der
299 4079 457 66 morgenländischen
807 4084 343 68 Banquiers,
1204 4087 73 52 die
1324 4088 45 51 in
1423 4090 129 50 Paris
1602 4090 101 51 dem

1783 1382 409 52 abendländischen
2219 1388 154 65 Mogul
2403 1407 99 30 zum
2534 1390 133 49 Trotz
2699 1392 98 48 eine
2826 1393 152 51 Baisse
3006 1398 286 50 veranstaltet

1783 1460 172 60 hätten,
2001 1463 180 47 worauf
2204 1463 118 49 dann
2352 1465 70 49 die
2451 1468 169 48 wiener
2648 1469 148 48 Bluts-
2826 1472 90 47 und
2947 1473 344 52 Muthsfreunde

1774 1552 89 52 pcT
1890 1536 248 50 antithesin
2164 1538 71 49 die
2261 1541 175 47 Hausse
2459 1544 193 62 gewollt.
2684 1545 136 50 Beide
2848 1548 241 58 Inzichten,
3119 1567 55 32 an
3198 1553 92 48 sich

1781 1632 122 31 zwar
1929 1616 179 47 seltsam
2140 1633 169 49 genug,
2338 1618 112 48 aber
2479 1619 191 66 bezeugt
2695 1638 84 33 von
2808 1625 142 64 gleich
2982 1629 308 64 respectabeln

1781 1691 237 58 Stimmen,
2047 1694 263 48 erscheinen
2335 1694 208 49 desshalb
2566 1696 122 49 nicht
2709 1714 111 47 ganz
2843 1702 229 62 grundlos,
3103 1705 98 49 weil
3231 1707 64 49 sie

1782 1768 269 49 wiederholt
2078 1770 138 48 schon
2247 1770 58 50 da
2332 1788 211 48 gewesen
2571 1774 81 48 seit
2680 1774 81 49 der
2783 1792 146 33 neuen
2954 1779 136 57 Aera,
3119 1780 70 50 die
3215 1783 80 48 mit

1782 1846 57 47 H.
1871 1846 147 49 Heine
2047 1845 201 66 beginnt.
2277 1849 73 48 Sei
2382 1848 120 58 dem,
2531 1851 85 49 wie
2647 1851 90 49 ihm
2769 1854 157 48 wolle:
2956 1854 80 51 der
3063 1856 234 51 Verfasser

1778 1922 140 49 selbst
1945 1922 96 67 gibt
2072 1925 177 57 Anlass,
2277 1925 125 50 ihrer
2428 1944 51 31 zu
2510 1928 254 64 gedenken,
2792 1947 132 33 wenn
2959 1949 50 32 er
3037 1931 86 51 den
3151 1935 106 50 Ber-

1781 2000 39 48 1i
1838 2018 27 30 o
1881 2019 20 29 z
1943 2001 261 65 patriotisch
2244 2003 179 66 geisselt
2464 2005 76 48 für
2568 2005 71 50 die
2667 2006 376 52 Undankbarkeit
3071 2027 70 33 am
3173 2020 96 57 gast-

1781 2077 145 50 lichen
1956 2079 328 58 Deutschland,
2326 2080 78 50 das
2448 2081 73 50 ihn
2559 2083 112 49 einst
2713 2084 218 51 erkannte
2962 2086 90 50 und
3081 2090 180 50 aufmun-

1776 2161 115 42 terte
2691 2161 84 64 vgl.
2804 2163 45 47 S.
2879 2163 111 64 40),
3038 2165 64 47 als
3142 2183 48 30 er
3230 2168 61 47 im

1776 2231 191 64 eigenen
2008 2234 309 48 Mutterlande
2362 2235 221 48 verkannt
2624 2236 92 47 und
2756 2237 221 50 verfehmt
3013 2257 96 31 war
3149 2240 144 66 (180,

1783 2306 150 67 181];
1978 2309 76 47 für
2082 2310 152 48 solche
2265 2311 118 48 Güte
2412 2311 123 48 hätte
2564 2328 50 31 er
2641 2312 91 49 sich
2763 2314 278 50 erkenntlich
3070 2316 225 54 heweisen

1780 2389 179 45 müssen
1971 2415 60 5 —
2040 2385 193 51 laiidare
2260 2386 301 64 laudatorem,
2589 2389 189 50 laudari
2799 2408 31 33 a
2856 2391 185 52 laudato
3062 2433 112 11 ....
3206 2397 92 50 und

1777 2464 122 48 nicht
1922 2462 85 50 den
2026 2462 245 51 deutschen
2289 2465 213 66 Gegnern
2521 2466 247 66 Wagner's
2787 2470 185 49 Waffen
2994 2489 100 32 zum
3112 2472 181 61 Streite,

1776 2540 134 48 Stroh
1942 2557 102 32 zum
2075 2541 180 50 Brande
2285 2542 155 50 liefern
2469 2544 164 48 sollen!
2674 2544 127 50 Aber
2829 2545 71 51 die
2926 2549 204 49 Nemesis
3157 2551 135 50 naht!

1777 2618 150 47 Liszt
1967 2617 112 50 wird
2122 2618 298 51 vielleicht
2460 2621 99 48 eine
2586 2622 213 50 Antwort
2839 2624 222 59 ablassen,
3102 2645 76 32 um
3220 2629 71 50 die

1777 2693 339 50 heuchlerische
2139 2695 196 49 Perfidie
2364 2697 91 48 und
2486 2697 288 66 Blasphemie
2802 2698 77 51 des
2909 2702 254 51 Franzosen
3192 2706 75 48 auf-

1773 2771 228 49 zudecken
2017 2771 127 66 (179
2158 2772 224 67 —183)!
2392 2775 190 48 —Was
2606 2775 115 49 über
2738 2776 172 67 Claque
2931 2778 89 50 und
3041 2781 252 67 Banquiers

1776 2850 96 48 hier
1901 2851 157 48 weiter
2086 2869 50 30 zu
2167 2867 138 50 sagen
2336 2856 138 53 wäre,
2515 2852 56 50 ist
2604 2869 48 34 so
2681 2855 357 64 geheimnissvoll
3066 2858 229 61 offenbar,

1774 2926 102 49 dass
1907 2927 83 47 wir
2018 2944 163 33 unsere
2211 2928 143 49 Leser
2385 2928 143 50 damit
2553 2930 122 49 nicht
2703 2931 217 51 ermüden
2949 2933 92 50 und
3071 2951 47 33 es
3146 2936 146 51 ihrem

1774 3005 293 49 Scharfsinne
2096 3005 278 59 überlassen,
2404 3007 80 48 mit
2511 3007 188 66 eigenen
2728 3010 167 66 Augen
2928 3029 55 30 zu
3011 3013 157 59 sehen,
3208 3016 90 48 wie

1776 3082 171 48 ehrlich
1995 3081 91 49 und
2130 3083 302 65 unparteiisch
2463 3083 71 50 die
2562 3085 146 50 Sache
2746 3087 182 65 zugeht,
2971 3105 73 33 wo
3072 3090 102 49 Lob
3202 3091 93 49 und

1776 3158 142 51 Tadel
1948 3161 369 65 contractmässig
2351 3161 83 49 auf
2458 3161 216 51 Wechsel
2716 3165 262 64 ausgezahlt
3018 3167 131 59 wird,
3190 3170 82 49 seit-

1774 3237 103 49 dem
1905 3237 153 49 Jakob
2087 3238 156 66 Meyer
2272 3239 115 49 Beer
2428 3238 121 51 diese
2578 3241 149 49 Kunst
2766 3243 308 65 systematisch
3118 3246 174 65 gelehrt

1776 3314 91 50 hat.
1910 3313 254 66 Uebrigens
2192 3313 182 51 können
2403 3316 360 50 wir-Beweise
2792 3318 190 68 bringen
3013 3321 151 59 dafür,
3206 3325 86 48 wie

1774 3393 139 48 schon
1941 3392 84 49 seit
2050 3392 188 66 dreissig
2257 3393 173 50 Jahren
2460 3394 141 50 leider
2637 3396 117 49 auch
2783 3397 42 48 in
2855 3397 300 52 deutschen
3185 3402 71 50 Re-

1774 3469 262 50 sidenzen
2064 3469 81 50 der
2173 3471 269 66 organisirte
2472 3472 161 49 Beifall
2672 3490 103 33 von
2818 3474 140 50 oben
3001 3476 167 51 herab
3212 3478 53 50 be-

1774 3548 116 50 stellt
1919 3547 92 49 und
2040 3547 183 66 geleitet
2249 3565 115 42 war,
2393 3566 114 48 ganz
2538 3551 86 49 wie
2663 3568 51 32 zu
2745 3553 158 48 Nero's
2944 3552 75 49 des
3048 3554 245 66 Tyrannen

1772 3626 114 57 Zeit,
1914 3623 80 51 der
2022 3623 145 51 dieses
2196 3624 93 50 Gift
2314 3626 45 49 in
2389 3626 74 50 die
2491 3628 148 48 Kunst
2665 3636 146 42 zuerst
2839 3629 331 52 einschwärzte.

1891 3702 250 66 Wagner's
2167 3702 197 49 Streben
2393 3704 116 50 nach
2550 3704 294 66 würdigen
2884 3707 411 66 Opernstoffen

1773 3779 55 48 ist
1854 3779 258 66 vernünftig
2140 3779 93 50 und
2265 3781 180 50 löblich.
2500 3782 114 49 Eine
2642 3782 372 52 volkstümliche
3046 3786 146 67 Oper,
3224 3788 72 51 die

1774 3857 122 49 nicht
1923 3857 272 49 französisch
2224 3858 93 50 und
2347 3858 262 60 italiänisch,
2644 3859 196 50 sondern
2870 3861 187 50 deutsch
3086 3866 63 48 sei
3178 3867 118 48 nach

1773 3934 147 50 Inhalt
1956 3933 94 51 und
2078 3937 161 58 Form,
2288 3935 80 51 das
2408 3937 55 49 ist
2502 3937 70 49 ein
2611 3953 176 50 grosses
2815 3939 111 59 Ziel,
2957 3939 156 52 dessen
3141 3943 130 50 Errei-

1773 4013 151 66 chung
1965 4028 123 34 zwar
2128 4013 140 49 schon
2298 4013 176 51 Händel
2514 4013 92 49 und
2633 4015 176 50 Mozart
2846 4017 61 49 im
2936 4018 139 51 Sinne
3116 4027 179 60 trugen,

1774 4090 113 52 aber
1915 4090 125 51 nicht
2067 4089 316 52 durchführen
2415 4092 213 50 konnten.
2657 4093 111 62 Gut,
2794 4111 134 33 wenn
2957 4097 71 48 ein
3052 4098 244 51 Grösserer

2917 4174 70 49 37
