2538 4091
291 357 200 62 THE
563 357 323 65 AZURE
957 357 333 64 ADDER

1225 3673 81 62 30

294 550 40 43 a
367 530 213 63 world
613 531 77 62 of
729 531 188 81 night
951 532 132 63 and
1118 531 535 83 ignorance—all
1690 534 133 63 will
1859 534 79 63 be
1972 534 279 64 beneath

297 659 81 64 it!
463 661 158 64 And
661 661 29 62 I
734 662 151 62 who
924 662 169 63 have
1130 663 352 64 conceived
1520 663 51 65 it
1607 665 133 62 will
1780 665 78 63 be
1896 665 127 63 lost
2062 665 69 62 in
2169 667 82 62 its

296 790 325 82 splendor.
711 793 164 63 Like
914 814 41 42 a
989 793 410 65 bumble-bee
1437 794 55 62 is
1529 794 128 64 lost
1695 794 67 62 in
1800 817 39 41 a
1874 795 116 83 lily
2027 795 77 64 of
2143 797 81 62 sil-

294 944 134 41 ver.
543 922 358 84 Laboring,
971 924 306 83 laboring
1341 946 90 41 on
1497 925 112 62 for
1676 925 50 65 it
1792 935 68 53 to
1927 927 111 63 the
2103 927 146 75 end,

293 1054 293 82 through
635 1053 111 64 old
796 1075 140 61 age,
988 1056 283 81 perhaps
1324 1056 184 62 from
1553 1056 261 82 beyond
1864 1057 112 62 the
2025 1079 221 60 grave.

293 1185 210 64 What
533 1207 39 40 a
603 1184 348 84 life—yes,
1620 1188 32 61 I
1686 1188 150 82 give
1869 1198 69 53 to
1969 1209 136 61 you
2138 1209 113 63 my

292 1315 176 75 time,
508 1336 114 61 my
659 1336 246 63 energy
941 1317 130 63 and
1108 1338 115 61 my
1257 1317 258 64 talents.
1615 1317 152 84 {He
1800 1339 228 61 grows
2065 1340 186 43 more

293 1447 131 61 and
462 1467 188 41 more
685 1446 257 63 excited
983 1449 132 61 and
1153 1447 58 63 is
1248 1468 151 42 now
1437 1447 323 82 speaking
1799 1460 64 52 to
1907 1448 334 84 himself.)

293 1575 30 62 I
359 1575 133 65 will
525 1576 193 64 make
753 1576 77 64 of
863 1598 134 61 you
1031 1599 87 42 an
1150 1579 313 62 aesthetic
1499 1580 338 74 standard,
1877 1601 87 41 an
1999 1579 252 65 artistic

290 1729 215 61 gauge
532 1710 131 62 and
689 1730 41 41 a
755 1708 310 83 religion!
1148 1708 66 63 A
1238 1731 146 42 new
1411 1710 282 81 religion
1717 1711 226 62 whose
1968 1731 126 42 one
2121 1711 130 62 and

290 1838 159 83 only
491 1838 302 65 Goddess
837 1839 133 62 will
1009 1839 78 64 be
1130 1841 256 81 Beauty
1386 1841 352 81 —Beauty
1779 1839 232 76 veiled,
2061 1841 190 63 alone

293 1969 131 63 and
464 1969 251 62 sterile!
801 1969 156 63 And
997 1992 100 42 we
1132 1971 153 63 who
1324 1970 189 64 work
1555 1970 112 64 for
1703 1993 134 60 you
1875 1971 134 63 will
2048 1971 79 64 be
2166 1971 84 63 its

290 2098 148 65 first
486 2100 441 81 priests—the
976 2100 236 82 priests
1265 2101 77 62 of
1394 2122 39 42 a
1483 2124 145 40 new
1680 2101 312 84 religion!
2094 2101 156 66 You

289 2230 198 64 know
528 2232 179 62 what
745 2232 142 63 that
923 2230 272 64 means?
1282 2232 63 62 It
1385 2232 248 81 always
1672 2233 118 61 has
1832 2242 242 63 meant,
2119 2232 131 63 and

290 2361 134 64 will
462 2383 194 42 mean
693 2363 69 62 in
797 2363 131 62 this
965 2384 165 53 case,
1176 2363 29 60 I
1243 2363 189 81 hope,
1477 2364 419 81 martyrdom
1935 2364 132 62 and
2105 2384 110 61 per-

290 2493 163 80 haps
505 2493 229 63 death!
833 2493 217 63 Death
1106 2493 110 63 for
1266 2515 124 42 our
1441 2493 306 83 gracious
1798 2495 286 81 goddess
2087 2503 162 54 —to

290 2624 225 62 whom
543 2623 31 62 I
603 2624 147 83 give
778 2646 112 59 my
919 2624 183 64 mind
1129 2625 130 63 and
1287 2646 112 61 my
1426 2624 209 83 body!
1713 2625 156 74 Yes,
1901 2636 188 71 great
2118 2625 132 63 and

290 2749 213 62 awful
548 2750 304 80 goddess,
900 2750 156 80 they
1101 2770 110 41 are
1257 2749 235 81 yours!
1597 2749 150 82 {He
1788 2750 251 75 stands,
2086 2745 164 67 with

289 2873 104 65 his
424 2896 179 42 arms
635 2876 466 75 outstretched,
1136 2873 262 83 against
1431 2876 105 61 the
1572 2874 170 63 door
1773 2884 66 53 at
1874 2874 107 63 the
2014 2874 225 82 hack.)

289 3000 108 62 Do
438 3020 70 41 as
547 3020 132 60 you
717 2999 168 62 will!
981 2999 118 82 {ln
1139 3022 40 40 a
1215 3000 160 62 loud
1412 2998 270 83 ringing
1718 2998 246 82 voice.)
2058 2999 193 81 They

289 3146 112 42 are
439 3146 203 61 yours
688 3123 333 64 forever!!

425 3255 229 63 ALICE
699 3255 25 83 (
734 3254 289 83 smiling,
1058 3257 212 62 walks
1303 3265 87 73 up
1427 3264 64 54 to
1526 3254 206 83 him).
1817 3254 241 64 Thank
2093 3276 152 61 you.

426 3386 285 65 GEORGE
777 3385 107 84 {in
938 3387 111 63 the
1098 3408 186 42 same
1333 3385 254 82 voice).
1691 3385 104 63 To
1849 3406 152 63 you,
2062 3395 187 72 great

289 3513 304 82 goddess,
641 3512 29 62 I
716 3512 148 82 give
904 3533 113 61 my
1055 3512 185 65 mind
1281 3513 131 62 and
1414 3550 92 8 —
