2538 4091
1208 493 204 65 THE
1483 494 324 65 AZURE
1877 496 333 62 ADDER

1187 3797 74 63 13

378 662 231 65 ALICE
656 662 315 84 (softly).
1060 662 281 84 George,
1380 683 135 63 you
1552 685 111 42 are
1700 662 418 77 wonderful;
2156 663 49 64 it

244 777 55 64 is
335 777 129 67 fine
500 789 74 53 to
616 779 128 63 feel
781 799 72 42 as
890 777 199 84 finely
1126 799 74 42 as
1235 799 134 62 you
1406 779 87 63 do
1494 777 126 63 —I
1658 799 196 42 mean
1889 777 70 77 it,
2001 777 204 84 really

244 893 30 62 I
318 894 106 74 do,
471 893 278 84 George.

379 1025 304 64 GEORGE.
783 1025 156 65 YOU
988 1048 113 43 are
1148 1026 348 66 beautiful.
1606 1029 318 82 (Pause.)

381 1165 245 63 MAUD.
730 1165 169 75 Still,
952 1165 50 65 it
1051 1186 211 42 seems
1310 1166 145 64 that
1505 1189 100 41 we
1654 1167 211 82 ought
1914 1176 69 54 to
2037 1167 168 63 have

242 1299 186 44 more
472 1279 231 81 people
745 1289 70 54 to
861 1279 190 65 write
1101 1280 113 64 for
1254 1302 97 43 us.
1444 1280 30 63 I
1522 1302 124 42 can
1688 1282 193 62 think
1922 1280 79 64 of
2047 1279 158 84 only

244 1416 39 41 a
330 1393 155 75 few,
532 1415 127 42 one
703 1416 79 41 or
826 1405 157 67 two,
1031 1396 154 62 who
1232 1396 87 63 do
1364 1396 179 83 good
1588 1395 185 76 stuff,
1825 1396 205 81 really
2074 1393 130 65 fine

240 1508 766 82 things—impressions.

378 1645 304 65 GEORGE.
782 1646 131 75 Oh,
956 1646 143 64 that
1143 1646 133 64 will
1320 1646 78 65 be
1444 1646 83 64 all
1574 1646 195 83 right.
1864 1646 128 65 We
2034 1647 170 61 have

241 1760 265 83 enough
565 1760 302 64 material
932 1759 113 64 for
1098 1782 126 41 our
1282 1759 146 65 first
1486 1760 294 64 number.
1889 1760 145 63 The
2093 1760 74 63 de-

241 1876 203 62 mand
485 1875 134 62 will
660 1885 217 53 create
920 1876 110 62 the
1073 1875 320 63 material.
1486 1875 128 63 We
1654 1875 135 63 will
1831 1885 108 72 get
1980 1873 224 83 plenty

241 1989 79 62 of
368 1989 168 64 stuff
584 2000 143 53 sent
777 1989 68 62 in
898 1989 181 62 from
1127 1989 393 76 unknowns,
1574 1989 30 62 I
1652 1988 208 76 think,
1917 1989 113 62 for
2077 2009 126 44 our

244 2103 227 65 future
514 2103 328 65 numbers.

378 2241 291 63 MAUDE.
771 2239 69 62 If
882 2249 135 65 not,
1061 2261 99 42 we
1201 2261 125 42 can
1360 2239 86 64 all
1486 2239 189 64 write
1713 2239 226 83 things
1982 2238 113 63 for
2131 2238 66 63 it.

241 2355 30 62 I
308 2355 201 63 know
546 2356 145 64 that
726 2376 99 41 we
862 2354 85 63 all
986 2355 88 63 do
1110 2354 189 66 write
1334 2375 91 42 on
1458 2355 110 62 the
1604 2354 179 81 quiet
1820 2352 195 65 while
2052 2374 114 61 pos-

241 2470 116 84 ing
396 2492 72 42 as
511 2470 327 83 painters!
931 2470 205 64 Don't
1177 2492 133 60 you
1353 2469 209 75 write,
1611 2468 329 65 Yvonne?

377 2608 319 62 YVONNE
752 2605 219 83 (from
1014 2604 359 82 window).
1475 2605 129 75 No,
1652 2604 32 62 I
1728 2605 158 81 only
1928 2602 200 83 paint.

376 2743 229 64 MAUD
655 2742 198 84 (with
891 2765 41 41 a
966 2743 257 80 sneer).
1323 2742 132 64 But
1456 2742 200 74 —oh,
1698 2741 147 63 well
1846 2761 226 61 —you
2114 2741 88 62 do

241 2862 157 60 read
447 2859 279 81 Kipling
771 2860 130 61 and
950 2858 384 76 Whitman;
1381 2858 200 62 that's
1625 2856 111 63 the
1784 2876 239 41 reason
2067 2876 134 60 you

240 2975 185 62 don't
461 2973 208 74 write,
708 2973 30 61 I
778 2992 299 61 suppose.

387 3122 147 82 (No
585 3143 260 42 answer
889 3122 186 81 from
1131 3121 338 81 Yvonne.)

373 3270 230 63 ALICE
656 3268 365 84 (angrily).
1124 3269 245 64 Maud!

376 3409 290 62 MAUDE.
767 3408 156 73 Yes,
964 3406 142 64 that
1145 3406 55 63 is
1238 3406 179 63 what
1456 3406 31 61 I
1527 3427 210 42 mean.
1826 3405 128 65 Art
1992 3406 55 63 is
2085 3418 116 52 not

237 3523 111 61 the
419 3521 444 82 glorification
931 3521 78 62 of
1074 3522 111 61 the
1253 3521 404 62 beef-steak!
2084 3521 115 63 red

548 3638 55 60 is
666 3638 179 60 what
910 3658 132 59 you
1103 3636 160 62 hear
1323 3635 171 63 their
1558 3635 325 63 admirers
1944 3635 258 82 talking
