2538 4091
288 378 201 62 THE
560 378 322 63 AZURE
953 377 333 63 ADDER

1226 3653 83 63 26

430 548 244 63 MAUD.
766 547 196 75 Well,
1010 548 166 63 have
1220 569 133 61 you
1395 547 164 64 been
1602 547 256 83 talking
1902 547 344 83 magazine

428 800 284 63 GEORGE
743 800 131 62 and
910 797 245 64 ALICE.
1240 799 152 62 Yes.

428 933 246 63 ALICE.
773 933 128 64 We
950 955 173 41 were
1174 932 362 84 arranging
1585 933 251 64 details.
1935 933 128 64 We
2112 933 134 63 will

293 1049 167 62 have
507 1049 85 62 all
638 1049 110 62 the
793 1046 174 65 titles
1013 1048 78 63 of
1140 1048 233 62 stories
1422 1049 129 62 and
1596 1068 227 61 poems
1871 1046 262 83 printed
2180 1048 67 62 in

294 1163 132 62 red.
516 1162 206 63 Don't
760 1182 135 61 you
931 1161 190 64 think
1157 1163 144 62 that
1336 1163 145 61 that
1521 1161 133 63 will
1692 1161 79 64 be
1809 1161 222 82 good?

430 1299 245 62 MAUD.
762 1298 139 63 Not
939 1299 133 74 red,
1109 1298 150 63 blue
1297 1298 29 61 I
1364 1298 238 63 should
1639 1319 133 60 say.

428 1434 303 64 GEORGE.
815 1434 194 75 Well,
1047 1434 68 62 in
1149 1455 181 42 some
1364 1434 201 75 color,
1604 1435 116 62 red
1753 1455 78 41 or
1862 1432 168 65 blue.

431 1571 244 62 MAUD.
769 1570 165 64 Blue
976 1570 54 63 is
1072 1571 110 63 the
1223 1571 228 62 better.

430 1707 317 61 YVONNE
815 1703 311 84 {rising).
1230 1704 30 64 I
1317 1716 177 53 must
1549 1705 76 64 be
1681 1705 353 82 going—is
2090 1727 118 61 any-

294 1840 124 43 one
459 1820 268 82 coming
764 1840 113 62 my
914 1820 194 82 way?

431 1954 302 65 GEORGE.
823 1956 129 63 We
996 1954 84 64 all
1126 1965 177 53 must
1345 1954 79 64 be
1470 1954 222 84 going,
1743 1954 30 63 I
1819 1976 299 61 suppose.
2215 1954 31 63 I

293 2084 176 48 must
503 2090 85 61 go
623 2079 68 54 to
724 2070 111 63 the
869 2069 246 64 station
1147 2070 131 62 and
1311 2080 170 53 meet
1516 2069 213 64 Uncle
1763 2069 192 82 Billy.

441 2243 324 82 {Yvonne
799 2264 257 42 crosses
1089 2244 108 62 the
1227 2253 221 71 stage;
1486 2244 108 63 the
1630 2244 170 63 door
1833 2254 70 53 at
1938 2245 111 64 the
2086 2245 161 64 hack

293 2356 58 64 is
388 2358 251 80 opened
671 2357 325 83 suddenly
1032 2360 133 62 and
1416 2358 834 65 Jachusband
1756 2358 78 83 of
2192 2357 58 66 is

290 2473 216 81 seen.)

428 2639 309 65 CAMELE
785 2640 239 83 {starts
1056 2650 87 71 up
1178 2640 186 83 from
1403 2643 109 62 the
1547 2652 104 53 tea
1687 2643 171 63 table
1893 2644 134 62 and
2060 2644 190 62 looks

337 2752 791 84 frightened,
738 2753 238 84 saying
1014 2754 71 64 in
1123 2777 41 41 a
1199 2754 291 84 whisper
1532 2766 64 53 to
1641 2757 327 83 George).
2068 2758 182 64 Hide

293 2890 113 60 my
444 2869 128 62 suit
613 2890 162 41 case.

427 3005 192 81 JACK
672 3002 107 85 {in
817 3006 109 63 the
964 3007 416 81 door-way).
1481 3007 129 76 Oh,
1655 3007 31 62 I
1726 3008 127 83 beg
1893 3030 169 61 your
2101 3030 112 61 par-

294 3119 282 63 don—is
611 3119 250 65 Vivian
896 3119 112 65 in?

430 3255 245 65 ALICE.
762 3257 221 75 Hello,
1024 3259 166 81 Jack
1190 3280 280 43 —come
1509 3260 84 63 in.
1681 3260 251 65 Vivian
1970 3260 54 63 is
2065 3273 134 52 out.

427 3392 211 81 JACK.
727 3392 30 62 I
793 3396 263 62 wanted
1090 3405 70 53 to
1198 3416 104 43 see
1336 3396 157 63 him.
1580 3396 110 65 He
1721 3397 240 64 wishes
1996 3407 71 54 to
2105 3409 145 53 rent

294 3508 109 62 the
444 3506 219 65 studio
708 3508 110 63 for
859 3509 250 63 several
1150 3511 286 74 months,
1479 3510 33 64 I
1551 3511 177 64 hear.
