2538 4091
290 372 200 63 THE
562 373 321 65 AZURE
954 372 333 63 ADDER

1236 3658 75 62 18

427 541 326 64 CAMELE.
854 541 180 62 HOW
1118 561 310 42 common
1508 541 77 62 of
1667 563 152 61 you,
1905 542 212 63 Maud
2119 579 91 7 —
2214 541 30 61 I

291 655 285 82 thought
610 655 142 63 that
786 676 135 61 you
959 655 222 64 would
1217 655 425 64 understand.
1730 655 31 61 I
1799 655 212 64 didn't
2045 655 201 63 know

292 770 143 62 that
487 791 129 60 any
668 770 79 62 of
799 791 132 60 you
983 770 163 62 took
1195 770 224 82 things
1471 770 509 82 literally—you
2035 768 212 65 didn't

292 885 162 61 used
488 894 89 65 to,
618 884 194 62 when
847 884 30 61 I
916 884 191 62 knew
1138 906 135 59 you
1306 884 235 64 before
1575 906 113 59 my
1724 884 350 81 marriage,
2115 884 131 64 and

294 998 31 61 I
370 998 190 63 knew
604 1020 132 60 you
778 1000 85 62 all
905 1021 163 61 very
1107 1000 166 62 well.

430 1130 243 61 MAUD.
774 1130 184 82 Very
1002 1130 165 74 well,
1214 1130 235 64 indeed
1451 1151 167 42 —so
1663 1130 80 63 he
1787 1128 212 65 didn't
2044 1128 202 63 strike

291 1242 178 81 you?

427 1373 325 65 CAMELE.
853 1377 154 72 Yes,
1051 1377 81 61 he
1173 1376 130 63 did.

430 1505 243 62 MAUD.
774 1505 105 61 Eh
897 1504 25 63 ?

431 1635 324 63 CAMELE.
869 1637 133 61 Yes
1067 1638 131 61 and
1261 1659 103 40 no.
1480 1638 154 63 You
1701 1660 122 52 see,
1889 1638 165 80 Jack
2119 1638 133 63 had

291 1749 164 62 been
491 1771 190 62 away
722 1750 113 62 for
872 1772 39 42 a
948 1751 200 63 week.
1240 1751 30 63 I
1311 1753 132 63 had
1482 1751 166 65 been
1682 1754 302 83 painting
2023 1754 224 64 rather

292 1868 168 64 hard
498 1870 130 62 and
667 1891 137 41 was
841 1891 161 61 very
1039 1870 355 64 interested
1434 1871 67 62 in
1538 1894 87 40 an
1661 1882 467 73 arrangement
2167 1872 79 64 of

291 1986 222 65 blacks
555 1988 30 62 I
629 2009 138 42 was
808 1989 226 83 trying
1070 2000 70 52 to
1181 2000 126 73 get.
1404 1990 226 64 Subtle
1631 1992 315 62 —blacks
1987 1992 260 82 against

292 2107 240 64 blacks.
640 2108 61 63 It
756 2130 137 42 was
949 2110 267 82 coming
1269 2110 199 82 along
1519 2110 181 77 well;
1755 2111 31 62 I
1841 2111 175 63 liked
2074 2111 50 63 it
2180 2111 67 62 in

291 2238 182 70 parts
524 2251 161 59 very
736 2229 212 62 much.
1053 2229 61 62 It
1165 2251 137 41 was
1355 2228 280 64 finished
1688 2230 258 76 almost,
1999 2240 213 72 yester-

294 2350 147 80 day,
496 2348 233 64 before
779 2350 82 62 he
911 2370 183 42 came
1145 2351 213 61 home.
1461 2350 208 68 Then,
1724 2351 127 62 last
1902 2350 207 82 night,
2166 2351 81 62 he

294 2469 327 62 returned.
705 2469 31 61 I
772 2491 138 40 was
945 2469 188 75 tired,
1173 2469 116 64 but
1326 2469 272 64 decided
1632 2480 70 51 to
1742 2470 186 61 show
1964 2470 139 63 him
2138 2470 109 63 the

294 2609 261 54 canvas,
607 2610 72 41 as
726 2588 81 64 he
855 2590 202 62 asked
1104 2590 179 62 what
1331 2590 30 61 I
1411 2590 132 62 had
1589 2590 164 63 been
1799 2590 222 81 doing.
2119 2591 128 63 We

294 2719 175 52 went
512 2729 87 61 up
639 2719 70 52 to
751 2710 109 63 the
905 2709 236 64 studio.
1832 2708 30 62 I
1907 2709 161 74 said,
2116 2709 131 62 and

291 2830 238 62 turned
560 2828 111 63 the
701 2849 242 43 canvas
974 2828 260 64 toward
1263 2828 110 63 the
1407 2827 182 83 light.
1673 2827 62 64 It
1769 2827 205 83 really
2007 2826 240 65 looked

294 2944 211 81 good:
554 2944 109 62 the
713 2953 153 55 tone
916 2964 137 42 was
1103 2944 111 62 the
1263 2943 143 63 best
1453 2944 145 61 that
1649 2941 29 63 I
1731 2943 131 63 had
1912 2963 155 42 ever
2115 2941 132 64 had

295 3058 69 61 in
404 3080 130 60 any
576 3058 78 63 of
695 3079 114 63 my
853 3079 330 42 canvases.
1279 3058 109 63 He
1430 3057 240 64 looked
1711 3067 67 52 at
1822 3057 67 74 it,
1933 3057 131 62 and
2106 3054 141 65 lat

292 3171 155 63 him.
543 3173 109 62 He
695 3174 259 61 seemed
993 3183 72 52 to
1108 3171 426 75 understand,
1583 3181 66 54 at
1691 3171 143 74 last,
1881 3192 115 61 my
2036 3169 207 75 work,

294 3286 31 61 I
369 3287 301 81 thought.
764 3287 109 63 He
913 3287 133 62 had
1087 3307 200 42 never
1327 3286 171 63 done
1538 3306 73 42 so
1654 3284 253 75 before,
1952 3283 217 64 which
2214 3283 32 61 I

294 3400 282 63 realized
633 3400 159 82 only
849 3400 177 63 after
1081 3422 100 41 we
1239 3422 174 41 were
1468 3399 312 75 married,
1841 3399 130 63 and
2030 3397 217 64 which

292 3536 185 43 came
517 3526 70 53 to
632 3536 223 61 worry
897 3536 105 42 me
1043 3536 185 42 more
1272 3516 130 62 and
1444 3535 204 41 more.
1987 3513 86 62 do
2116 3510 131 64 like
