2346 4083
197 213 47 41 98

198 350 44 25 &
266 346 31 28 It
320 353 122 22 seems
465 344 86 30 that
573 350 186 30 everyone
782 344 32 28 is
837 344 145 28 excited
1008 344 45 36 by
1086 343 66 29 the

198 408 150 29 scheme
371 408 73 29 and
463 414 57 23 we
534 407 95 35 hope
645 406 65 29 the
726 407 124 28 action
870 405 38 30 of
919 407 66 28 the
999 403 156 33 Strand

196 469 227 41 Magazine
446 469 78 30 will
548 471 103 28 draw
687 470 65 29 the
786 470 193 29 attention
1014 469 38 30 of
1087 471 66 28 the

198 532 229 30 authorities
473 534 41 28 to
557 532 67 30 the
668 531 159 31 terrible
850 533 71 28 and
945 531 200 31 wholesale

196 595 162 36 robbery
381 594 123 30 which
527 602 88 29 goes
638 602 47 21 on
720 594 181 37 today,....
938 603 20 21 a
991 595 163 36 robbery

201 657 120 30 which
344 657 31 29 it
398 657 32 29 is
454 657 38 28 in
515 657 104 29 their
642 664 128 28 power
803 658 40 28 to
878 664 91 28 cop©
997 657 93 29 with
1126 656 28 29 if

195 720 90 36 they
308 718 137 30 would.
1106 726 45 24 &

195 788 45 24 &
264 783 73 28 But
360 781 54 30 let
436 782 104 29 them
558 783 68 28 not
642 781 179 30 overlook
838 782 113 29 other
967 782 183 30 branches

196 843 37 30 of
256 846 62 28 art
350 845 127 29 where
510 845 92 29 such
635 845 163 36 robbery
831 843 125 30 leaves
988 843 162 30 families

195 908 199 28 destitute.
423 913 45 25 &
593 913 45 25 &

262 969 71 29 For
356 969 181 36 example,
561 978 21 20 a
615 970 153 35 painter
803 969 37 29 of
874 969 109 36 great
1016 969 134 36 genius

197 1033 91 28 dies.
313 1031 108 30 After
442 1033 76 28 two
543 1040 43 21 or
618 1033 110 28 three
762 1039 110 29 years
887 1032 57 29 his
967 1032 180 35 pictures,

193 1094 168 29 hitherto
386 1094 159 36 laughed
570 1096 39 28 at
633 1103 42 21 or
698 1094 256 36 disregarded,
979 1101 65 22 are
1067 1092 79 30 sold

192 1156 61 29 for
276 1156 71 30 low
377 1165 103 21 sums
518 1159 47 34 by
602 1158 65 28 the
704 1157 161 29 dealers.
903 1157 66 29 Let
1003 1164 44 21 us
1082 1163 67 29 say

192 1219 88 29 that
301 1219 67 29 the
391 1218 132 39 family
546 1219 38 30 of
607 1220 64 29 the
698 1221 149 34 painter
890 1221 84 34 gets
1007 1227 21 20 a
1061 1226 66 21 cou-

193 1281 58 36 ple
277 1280 37 31 of
336 1282 190 30 thousand
553 1283 160 36 pounds,
818 1280 195 37 generally
1049 1281 31 28 it
1117 1280 30 29 is

192 1351 136 21 nearer
351 1352 21 21 a
397 1344 132 36 couple
552 1343 38 31 of
611 1342 207 32 hundred.

191 1411 45 24 &
258 1405 93 30 Well
374 1406 117 29 then?
514 1407 39 28 In
579 1415 19 20 a
621 1406 73 29 few
717 1414 108 30 years
844 1406 108 29 when
969 1406 64 28 the
1062 1406 65 28 dea-

190 1467 57 30 ler
264 1468 67 29 has
357 1470 21 15 44
392 1468 152 30 worked
563 1475 48 29 up
664 1469 67 29 the
751 1468 217 35 reputation
986 1466 38 30 of
1039 1467 109 30 these

192 1530 170 34 pictures
386 1538 56 21 we
466 1531 91 29 hear
591 1531 37 29 of
664 1531 105 29 them
807 1531 188 35 changing
1029 1530 119 29 hands

193 1593 122 35 again;
339 1592 77 30 this
438 1593 94 29 time
557 1593 160 35 perhaps
739 1593 66 29 the
844 1593 165 35 pictures
1045 1591 103 30 fetch

191 1663 46 20 an
263 1663 160 28 average
446 1656 102 35 price
586 1654 37 31 of
656 1657 76 28 two
776 1655 189 29 thousand
1000 1655 146 36 pounds

190 1719 140 33 apiece.
932 1724 44 23 &
1103 1721 44 24 &

257 1781 34 28 It
313 1788 143 22 seemes
480 1782 39 28 to
543 1789 43 21 us
609 1781 87 29 that
719 1780 221 31 whenever
952 1789 20 20 a
988 1779 106 30 work
1110 1778 37 31 of

189 1843 60 29 art
273 1842 162 37 changes
459 1844 122 29 hands
603 1844 148 36 (except
774 1844 38 28 in
836 1844 65 28 the
937 1851 83 21 case
1054 1841 38 31 of
1125 1851 20 19 a

186 1904 99 30 book
308 1914 42 20 or
372 1915 20 20 a
416 1907 101 34 piece
542 1905 38 30 of
604 1907 119 28 music
746 1914 42 21 or
811 1914 20 21 a
847 1907 105 35 print
970 1904 126 30 unless
1113 1905 31 28 it

187 1967 44 29 be
265 1967 65 30 the
365 1967 160 37 original
563 1968 109 34 book,
707 1976 94 28 song
834 1976 43 21 or
910 1967 132 37 print),
1078 1967 65 28 the

189 2030 102 29 heirs
335 2029 38 30 of
396 2031 65 29 the
485 2032 115 28 artist
623 2039 64 21 are
710 2030 116 37 justly
863 2030 162 30 entitled
1048 2030 41 28 to
1122 2037 21 21 a

184 2093 232 35 percentage
439 2091 38 30 of
501 2092 47 30 all
574 2092 136 36 profits
734 2092 204 36 exceeding
971 2093 65 28 the
1070 2091 57 30 ori-

188 2154 101 34 ginal
313 2155 103 35 price
439 2155 85 35 paid
548 2154 59 30 for
633 2155 67 29 the
728 2154 117 30 work.

259 2215 29 29 If
308 2217 79 29 this
410 2218 142 28 matter
575 2225 100 21 were
710 2217 180 29 attended
924 2218 40 28 to
999 2218 46 35 by
1077 2216 67 29 the

186 2279 228 29 authorities
437 2286 59 23 we
518 2279 134 29 should
678 2279 93 29 hear
783 2279 73 29 less
873 2279 115 29 about
1012 2278 133 29 artists

186 2342 150 36 leaving
358 2342 103 29 their
482 2341 163 30 families
669 2342 232 35 unprovided
925 2341 72 29 for.

263 2413 103 33 THE
386 2413 144 37 IRISH
554 2413 253 37 THEATRE.

321 2477 95 30 Irish
442 2478 170 35 Literary
635 2477 162 29 Theatre
821 2485 75 21 was
920 2477 162 35 planned
1106 2478 38 27 in

251 2547 79 29 1901
356 2542 46 36 by
426 2541 55 28 W.
507 2541 39 28 B.
571 2540 126 35 Yeats,
722 2540 155 31 Edward
901 2540 151 36 Martyn
1069 2541 72 28 and

191 2605 98 35 Lady
313 2604 179 35 Gregory.
516 2602 117 30 These
658 2602 132 30 artists
806 2609 103 22 some
925 2609 108 30 years
1049 2602 97 30 later

190 2666 203 36 developed
416 2666 102 29 their
541 2666 96 34 idea,
663 2665 188 36 changing
873 2665 65 29 the
976 2672 109 22 name
1108 2663 38 31 of

189 2730 30 28 it
242 2730 39 28 to
444 2729 95 28 Irish
562 2728 172 29 National
758 2728 162 29 Theatre

190 2793 111 30 Later
323 2799 62 28 on,
408 2791 55 38 (in
480 2790 101 38 1904)
598 2791 89 29 Miss
701 2791 205 29 Horniman
920 2789 226 38 generously

187 2863 91 27 gave
301 2855 104 28 them
430 2862 21 21 a
475 2853 102 30 little
601 2853 161 29 Theatre
786 2854 38 27 in
843 2852 149 29 Dublin.
1009 2853 136 29 Others

187 2924 92 28 gave
303 2916 101 29 their
427 2916 124 29 works
576 2914 36 30 of
640 2916 126 34 art,....
785 2916 118 35 plays,
920 2915 150 36 designs
1085 2914 60 29 for

187 2987 130 21 scenes
340 2980 72 28 and
437 2979 202 34 costumes,
663 2978 101 29 their
787 2978 163 29 services
966 2985 39 21 as
1019 2978 126 28 actors

187 3042 71 28 and
283 3049 41 21 so
348 3039 115 31 forth.

253 3104 93 28 Miss
371 3102 206 29 Horniman
604 3102 66 29 has
694 3101 115 37 lately
825 3103 140 28 turned
981 3102 69 29 her
1072 3100 73 37 gift

186 3164 81 30 into
291 3173 21 21 a
336 3164 99 30 loan.
459 3164 75 29 The
556 3164 152 28 theatre
734 3171 82 21 now
840 3164 100 29 costs
962 3164 66 28 the
1042 3161 101 31 little

186 3234 118 29 group
329 3235 21 20 a
372 3227 188 29 thousand
586 3227 147 35 pounds
757 3233 67 27 per
847 3233 155 22 annum.

251 3289 74 29 The
349 3290 95 28 Irish
464 3288 167 30 Theatre
673 3287 77 31 will
774 3288 75 29 win
872 3288 174 36 through
1069 3288 72 29 and

184 3351 182 36 through.
389 3352 53 28 Its
465 3352 169 28 creators
669 3351 93 29 have
797 3350 161 36 nothing
991 3351 41 28 to
1065 3349 77 29 lose

186 3415 134 34 except
342 3413 101 30 their
466 3413 92 30 lives
572 3421 79 27 ;...
675 3413 91 37 they
788 3411 77 30 will
888 3412 88 30 win.
1013 3413 128 30 Listen

183 3478 40 27 to
247 3476 67 29 the
339 3475 153 37 rhythm
516 3475 39 29 of
577 3476 104 29 their
703 3481 149 30 power:

387 3540 23 15 44
428 3538 13 28 I
466 3545 59 21 am
551 3536 155 38 Raftery
729 3538 67 28 the
819 3538 89 34 poet

424 3599 81 30 Full
531 3599 36 30 of
590 3601 95 35 hope
709 3601 73 28 and
805 3599 106 34 love;

423 3662 103 31 With
549 3670 87 30 eyes
658 3661 165 31 without
846 3660 118 37 light;

424 3725 102 31 With
550 3724 220 37 gentleness
792 3724 166 30 without
987 3723 151 36 misery.

422 3789 121 34 Going
565 3789 95 30 west
683 3795 47 22 on
755 3796 61 27 my
838 3794 163 28 journey

1465 343 101 31 With
1589 344 65 29 the
1683 343 97 38 light
1803 343 38 31 of
1864 352 61 30 my
1948 345 134 36 heart;

1461 405 115 31 Weak
1599 407 73 28 and
1694 407 101 29 tired

1458 468 50 31 To
1532 469 65 30 the
1621 470 73 29 end
1719 469 38 30 of
1780 477 61 30 my
1863 470 105 29 road.

1460 532 12 28 I
1497 539 60 22 am
1582 539 85 23 now

1458 593 80 30 And
1564 602 61 29 my
1647 594 96 30 back
1766 595 39 29 to
1830 602 21 22 a
1874 593 100 36 wall,

1458 655 160 38 Playing
1642 657 119 29 music

1459 718 50 29 To
1532 720 129 35 empty

1216 778 189 32 Delicious
1418 781 48 30 1...
1493 780 301 31 Indomitable...!

1280 851 129 34 SENS
1412 852 29 33 A
1451 852 51 33 TI
1503 852 76 33 ON
1580 853 30 32 A
1615 852 78 33 LIS
1694 853 57 32 M.

1214 913 106 64 'Jphe
1344 916 136 36 Bishop
1504 915 38 31 of
1576 917 158 29 Carlisle
1768 916 207 35 preaching
2008 924 21 21 a
2065 915 110 30 short

1273 978 111 31 while
1407 987 70 29 ago
1500 979 39 30 in
1565 979 155 31 Carlisle
1745 978 200 31 Cathedral
1970 978 202 36 inveighed

1212 1040 148 37 against
1397 1043 155 28 modern
1590 1042 129 36 showy
1755 1040 319 30 sensationalism,
2119 1040 53 30 lie

1211 1104 194 34 regretted
1428 1104 66 29 the
1529 1112 134 28 money
1698 1103 143 29 wasted
1882 1104 47 35 by
1963 1103 210 35 sightseers

1211 1165 84 29 who
1317 1165 117 30 found
1458 1165 172 37 pleasure
1647 1167 38 28 in
1710 1166 226 35 witnessing
1953 1172 84 22 men
2050 1163 121 37 flying

1211 1226 39 30 in
1274 1227 65 29 the
1362 1228 58 28 air
1442 1229 71 28 and
1538 1228 110 30 other
1685 1235 84 23 men
1794 1228 71 29 and
1902 1235 147 22 women
2084 1226 85 30 who

1211 1289 108 35 paint
1340 1289 102 30 their
1478 1289 80 30 face
1595 1291 72 28 and
1691 1297 138 29 appear
1867 1297 48 22 on
1949 1289 65 30 the
2048 1290 120 35 stage.

1249 1350 136 36 People
1400 1359 46 29 go
1461 1352 41 29 to
1519 1352 66 29 the
1607 1352 150 29 theatre
1818 1352 46 29 he
1887 1351 94 35 said,
2005 1350 25 19 *'
2042 1352 40 28 to
2106 1358 62 22 see

1212 1414 23 14 •'
1251 1414 244 29 overdressed
1520 1414 205 31 bedizened
1748 1413 131 37 people
1893 1414 37 28 in
1956 1414 69 29 bad
2049 1414 120 35 paint,

1251 1475 68 29 but
1340 1475 92 37 they
1454 1484 117 21 never
1593 1477 85 34 stop
1700 1476 40 29 to
1765 1475 87 30 look
1885 1477 40 28 at
1959 1484 20 21 a
2013 1473 156 32 daffodil

1310 1538 67 29 the

1280 1600 65 30 We
1368 1599 75 30 like
1466 1600 73 29 and
1563 1599 135 30 dislike
1721 1600 90 29 this.
1826 1599 44 29 Of
1884 1607 131 22 course
2039 1598 130 37 people

1210 1663 84 34 stop
1319 1662 73 29 and
1416 1661 88 30 look
1526 1661 90 37 long
1639 1663 40 29 at
1701 1661 49 30 all
1775 1661 185 30 beautiful
1995 1660 174 37 flowers;

1212 1724 141 29 Nature
1377 1725 32 28 is
1431 1725 65 28 the
1510 1725 77 29 Qod
1602 1724 37 29 of
1651 1724 224 35 thousands,
1888 1724 161 36 perhaps
2065 1731 105 22 more

1210 1785 128 39 firmly
1360 1787 93 29 than
1479 1794 88 23 ever
1590 1786 128 30 before
1733 1795 10 28 ;
1766 1795 56 21 we
1846 1787 122 35 might
2001 1785 29 30 if
2051 1794 56 21 we
2130 1794 41 21 so

1210 1849 111 30 chose
1346 1849 93 30 have
1463 1858 21 21 a
1507 1851 103 28 word
1627 1851 39 28 to
1683 1858 66 29 say
1768 1857 48 22 on
1837 1849 77 30 this
1929 1856 106 22 score
2051 1850 40 28 to
2104 1849 67 28 the

1208 1911 95 36 geod
1328 1912 137 35 Bishop
1488 1911 38 30 of
1548 1911 179 37 Carlisle;
1754 1912 123 29 ....but
1910 1919 55 22 we
1999 1910 75 30 like
2109 1910 59 30 his

1211 1974 104 35 need,
1332 1981 55 22 we
1404 1973 76 30 like
1497 1974 58 29 his
1571 1974 249 30 intolerance.
1839 1974 31 29 It
1886 1973 108 36 helps
2006 1975 40 28 to
2063 1972 106 31 wake

1211 2035 129 37 people
1364 2044 62 28 up.
2121 2041 45 25 &

1209 2103 44 24 &
1276 2098 119 30 There
1419 2106 64 22 are
1506 2100 111 28 times
1640 2098 110 30 when
1774 2107 56 21 we
1853 2098 73 30 feel
1951 2099 129 29 drawn
2105 2099 41 28 to-

1210 2161 121 29 wards
1364 2168 113 29 every
1515 2169 70 21 one
1619 2160 38 30 of
1689 2161 108 29 these
1835 2160 217 36 ill-painted
2091 2161 75 28 and

1210 2224 202 31 bedizened
1437 2225 197 28 creatures
1657 2224 37 29 in
1720 2231 113 29 every
1855 2223 166 33 theatre,
2052 2223 116 29 booth

1209 2294 43 21 or
1276 2288 118 28 music
1418 2286 76 29 hall
1518 2286 39 29 in
1580 2286 67 29 the
1671 2287 95 28 wide
1789 2285 132 36 world,
1945 2284 59 30 for
2018 2293 40 22 as
2084 2293 85 22 men

1209 2349 73 29 and
1306 2356 147 22 women
1476 2348 92 37 they
1592 2355 64 23 are
1679 2348 161 37 perhaps
1856 2348 165 30 without
2037 2355 112 28 excep-

1210 2411 80 28 tion
1314 2411 66 30 the
1393 2412 100 28 most
1505 2410 210 31 charitable
1729 2411 72 29 and
1816 2411 99 29 most
1933 2416 234 30 courageous

1210 2481 99 29 upon
1334 2474 121 29 earth.
1480 2474 73 29 Bnt
1575 2474 109 28 there
1708 2480 64 22 are
1796 2473 112 29 other
1922 2473 114 29 times
2059 2472 110 30 when

1209 2545 55 21 we
1289 2544 63 25 are
1374 2544 92 28 very
1489 2536 110 29 much
1623 2536 37 28 in
1684 2535 200 37 sympathy
1906 2536 93 28 with
2022 2535 65 29 the
2104 2542 45 22 re-

1208 2601 137 28 verent
1367 2599 150 36 Bishop,
1542 2599 72 29 and
1639 2598 93 29 then
1757 2606 56 21 we
1836 2599 104 28 want
1957 2599 38 28 to
2020 2596 77 38 flay
2119 2597 50 30 all

1207 2662 108 30 these
1338 2670 102 21 same
1475 2661 205 30 bedizened
1716 2662 195 27 creatures
1946 2659 113 30 alive.
2098 2660 72 29 For

1209 2725 186 36 goodness
1418 2732 56 22 we
1498 2724 111 29 know
1634 2730 99 22 none
1769 2724 40 28 to
1847 2730 154 28 surpass
2039 2723 104 29 them
2161 2730 9 27 ;

1208 2789 70 28 but
1299 2787 60 29 for
1383 2786 217 36 downright
1623 2785 186 36 stupidity
1836 2785 91 37 they
1944 2785 156 30 deserve
2120 2785 49 30 all

1207 2850 91 36 they
1335 2851 77 34 get.
1436 2848 101 37 They
1570 2856 64 21 are
1668 2847 230 37 impossible.
1933 2847 101 37 They
2058 2847 111 30 allow

1207 2912 98 36 good
1329 2912 158 35 Bishops
1510 2912 41 28 to
1569 2909 110 31 make
1696 2911 93 28 rude
1807 2911 69 29 but
1891 2911 88 28 true
1995 2909 176 30 remarks

1207 2975 117 28 about
1346 2974 106 29 them
1476 2974 72 28 and
1573 2972 90 30 take
1687 2981 48 21 no
1759 2973 107 35 pains
1882 2973 40 28 to
1949 2971 109 32 make
2075 2972 92 30 such

1207 3036 179 29 criticism
1432 3035 230 37 impossible.
1700 3035 102 37 They
1841 3036 144 28 remain
2033 3036 136 35 gaudy,

1206 3098 167 35 painted,
1409 3096 204 31 theatrical
1652 3097 37 29 in
1714 3097 69 29 the
1808 3097 70 29 bad
1903 3104 109 22 sense
2036 3095 38 30 of
2106 3097 64 28 the

1207 3160 118 29 word.
1439 3164 43 25 &

1273 3220 44 30 Of
1340 3229 134 22 course
1499 3221 66 29 the
1588 3221 92 29 turn
1704 3218 38 30 of
1757 3220 66 28 the
1846 3218 80 30 tide
1950 3219 30 28 is
2004 3220 163 36 coming,

1206 3284 73 28 and
1303 3283 110 30 when
1436 3282 67 30 the
1526 3281 88 31 flow
1638 3288 233 23 commences
1903 3280 68 30 the
2008 3280 161 38 Bishops

1206 3346 72 29 and
1303 3345 112 30 other
1438 3345 231 30 churchmen
1694 3343 76 30 will
1795 3343 94 30 have
1912 3344 40 27 to
1973 3344 70 34 put
2065 3344 105 29 their

1206 3409 118 29 house
1347 3407 39 30 in
1411 3408 127 37 order,
1561 3407 73 29 and
1660 3405 27 30 if
1710 3404 107 31 their
1840 3404 116 30 house
1980 3405 45 29 be
2048 3413 20 21 a
2091 3407 58 35 spi-

1207 3470 117 30 ritual
1348 3478 71 22 one
1443 3469 50 31 all
1518 3469 77 31 will
1618 3471 46 28 be
1687 3467 110 35 well;
1821 3468 70 29 but
1913 3467 55 30 let
1983 3468 104 29 them
2104 3476 64 22 see

1204 3535 40 28 to
1270 3533 32 29 it
1323 3533 87 29 that
1433 3533 93 37 they
1548 3533 138 28 innure
1708 3528 228 33 themselves
1952 3530 41 29 to
2007 3531 138 30 discom-

1205 3596 92 34 fort,
1319 3594 60 31 for
1401 3596 66 29 the
1490 3603 102 29 ways
1615 3592 38 31 of
1674 3592 79 30 fate
1790 3599 64 23 are
1888 3593 170 38 strange,
2093 3596 73 29 and

1201 3657 150 38 today's
1374 3665 119 23 ocean
1519 3665 84 29 may
1627 3657 44 29 be
1694 3656 240 29 tomorrow's
1966 3659 200 29 mountain

1206 3728 131 30 range,
1359 3720 148 37 today's
1540 3720 154 29 theatre
1729 3725 84 29 may
1846 3718 45 30 be
1926 3720 242 31 tomorrow's

1207 3784 155 30 church.
1439 3789 43 25 j&>
