2725 4084
2087 235 48 33 73

147 352 220 67 THE
423 352 858 75 ARCHITECTURE
1337 352 221 67 AND
1616 352 519 67 COSTUME

151 457 142 66 OF
400 455 1011 76 SHAKESPEARE'S
1522 460 392 66 PLAYS

2025 457 111 79 by

153 562 87 68 E.
285 564 117 64 W.
451 562 408 66 Godwin.
913 559 73 66 P.
1050 562 76 71 R.
1185 562 71 63 S.

555 684 279 60 KINO
1369 684 366 55 HENRY

803 817 63 23 ere
882 818 57 22 we
956 810 93 29 have
1065 810 66 29 the
1147 809 75 30 last
1237 809 39 30 of
1291 811 104 28 what
1410 818 64 21 are
1491 809 119 31 called
1735 810 197 30 historical

801 874 103 29 With
928 873 66 28 the
1018 873 115 29 death
1161 871 38 30 of
1223 872 161 33 Richard
1409 873 58 30 III.
1491 881 56 22 we
1570 882 78 21 saw
1671 874 66 29 the
1761 875 72 28 end
1858 872 38 31 of
1918 873 67 30 the
2010 880 110 23 conse-

801 938 126 28 cutive
950 936 120 30 series
1100 936 137 36 which,
1269 937 208 35 beginning
1507 936 92 30 with
1636 936 159 33 Richard
1830 937 56 34 II.,
1920 937 145 29 carried
2098 943 43 22 us

800 999 167 36 through
990 999 58 30 six
1065 999 129 35 reigns
1210 999 41 29 to
1267 999 136 29 within
1421 999 110 29 three
1546 1006 110 29 years
1673 998 38 30 of
1725 1007 22 21 a
1763 1000 175 37 century.
1952 998 87 31 A.D.
2057 998 83 37 1485

799 1070 77 22 was
898 1062 66 29 the
989 1061 76 31 last
1088 1063 87 28 date
1199 1070 56 21 we
1279 1061 71 30 had
1376 1061 131 30 before
1532 1069 55 22 us.
1610 1063 66 29 We
1700 1070 86 28 pass
1821 1064 48 35 by
1904 1064 127 34 Henry
2054 1063 88 35 VII.,

800 1125 65 28 the
889 1124 209 30 wickedest
1121 1132 40 21 as
1185 1123 186 37 certainly
1405 1132 40 21 as
1481 1124 46 29 he
1557 1133 77 21 was
1657 1125 67 29 the
1758 1126 145 29 richest
1936 1126 129 34 prince
2102 1125 40 28 in

800 1186 159 37 Europe,
983 1188 73 28 and
1082 1195 56 21 we
1155 1188 46 28 do
1219 1188 67 28 not
1302 1185 90 31 take
1408 1195 48 28 up
1473 1188 66 28 the
1556 1187 193 30 chronicle
1763 1188 110 36 again
1892 1187 98 30 until
2003 1186 139 31 twelve

797 1258 111 29 years
932 1251 95 28 have
1051 1251 134 35 passed
1211 1258 90 22 over
1324 1251 66 28 the
1413 1252 176 28 crowned
1615 1251 94 29 head
1735 1250 38 30 of
1805 1251 87 29 that
1915 1252 169 28 coarsest
2107 1249 37 30 of

800 1313 154 36 English
979 1313 164 36 princes,
1166 1314 129 29 whose
1319 1313 99 30 chief
1441 1314 111 29 boast
1575 1314 30 29 is
1629 1313 80 29 said
1744 1315 40 28 to
1818 1314 95 31 have
1938 1315 95 28 been
2056 1313 88 29 that

802 1377 46 29 he
911 1385 118 22 never
1051 1378 138 34 spared
1215 1385 21 21 a
1258 1385 148 21 woman
1431 1377 39 29 in
1495 1378 57 28 his
1577 1376 92 35 lust,
1694 1385 43 21 or
1760 1385 21 21 a
1815 1385 87 21 man
1926 1377 38 29 in
1990 1376 58 30 his
2078 1383 66 22 an-

2206 1423 45 23 jg?
2315 1417 104 29 Date
2442 1415 46 31 of
2509 1415 66 31 the

2208 1479 147 30 action.
2380 1485 44 24 &
2531 1485 44 24 *£?

290 1437 76 30 The
390 1446 189 29 sequence
605 1437 38 30 of
666 1439 134 30 events
824 1447 41 22 as
889 1439 146 30 related
1060 1441 39 28 in
1124 1439 66 30 the
1215 1441 131 28 drama
1381 1439 133 36 begins
1550 1441 38 28 in
1613 1441 66 28 the
1714 1441 132 34 spring
1881 1439 37 30 of
1947 1446 78 28 1521
2050 1438 92 30 with

146 1498 66 30 the
236 1500 125 29 arrest
385 1499 38 30 of
444 1500 66 29 the
534 1500 107 30 Duke
666 1500 37 29 of
727 1500 275 38 Buckingham,
1026 1503 73 28 and
1124 1503 92 29 ends
1241 1502 94 29 with
1360 1503 67 28 the
1451 1502 104 29 birth
1581 1502 37 29 of
1654 1502 209 36 Elizabeth,
1897 1502 123 29 which
2052 1500 93 30 took

148 1560 105 36 place
277 1562 37 29 in
338 1562 68 30 the
430 1564 162 28 autumn
617 1562 37 30 of
679 1571 97 29 IS33,
799 1565 66 29 the
887 1572 91 29 year
1002 1563 130 31 before
1155 1566 87 28 that
1265 1566 214 35 important
1505 1572 70 22 one
1599 1565 38 29 in
1663 1565 66 29 the
1754 1566 148 35 history
1920 1564 37 30 of
1974 1563 169 37 England

147 1623 110 30 when
281 1624 67 30 the
372 1625 169 31 exercise
565 1625 37 30 of
623 1626 67 30 the
712 1634 129 29 power
865 1627 38 29 of
924 1628 68 29 the
1016 1628 113 35 Papal
1154 1628 118 30 Court
1295 1629 39 28 in
1357 1629 79 29 this
1461 1627 87 30 land
1574 1636 77 22 was
1676 1627 177 37 formally
1888 1627 175 30 declared
2096 1627 48 35 by

147 1685 72 31 Act
242 1686 38 30 of
303 1687 235 31 Parliament
559 1690 41 28 to
626 1691 44 28 be
693 1689 141 36 illegal.
858 1689 50 30 To
933 1691 104 28 show
1061 1692 85 28 how
1169 1690 59 31 far
1253 1691 216 36 Shakspere
1494 1691 67 29 has
1585 1689 178 32 followed
1801 1691 66 29 the
1891 1690 80 30 real
1996 1691 149 35 history

148 1747 38 30 of
208 1750 109 30 these
341 1750 138 31 twelve
501 1759 125 30 years,
651 1752 12 28 I
685 1753 84 36 give
793 1754 92 28 here
908 1761 21 21 a
955 1753 97 30 brief
1075 1754 134 29 record
1234 1753 38 30 of
1295 1755 67 28 the
1387 1754 108 36 time,
1520 1761 40 22 as
1595 1755 13 27 I
1648 1755 94 29 have
1767 1755 96 28 done
1887 1754 38 29 in
1950 1762 61 28 my
2035 1753 110 29 notes

148 1819 49 22 on
219 1812 69 30 the
313 1813 112 30 other
447 1813 197 31 historical
668 1814 105 37 plays
787 1822 53 22 :—

150 1881 94 28 1521.
651 1877 76 30 The
753 1877 107 30 Duke
884 1877 38 30 of
947 1877 264 38 Buckingham
1237 1880 186 29 arrested.
1451 1879 111 29 Tried
1587 1881 47 34 by
1657 1879 67 29 the
1742 1878 113 30 Peers
1872 1879 97 36 May,
1996 1885 52 29 13,
2073 1878 72 29 and

651 1942 180 28 executed
856 1942 85 36 May
966 1949 50 29 17.

652 2003 260 37 Buckingham
936 2013 78 21 was
1039 2005 163 37 charged
1237 2005 96 29 with
1369 2006 140 36 having
1531 2004 243 30 entertained
1811 2005 153 36 designs
2000 2011 48 22 on
2081 2004 67 29 the

649 2066 135 30 Crown
809 2075 40 22 as
874 2067 106 38 early
1003 2076 41 21 as
1067 2075 88 28 1511,
1178 2069 95 29 with
1296 2069 141 36 having
1462 2069 70 28 had
1556 2068 57 29 his
1645 2069 206 35 horoscope
1886 2069 82 28 cast
2002 2068 47 36 by
2083 2067 66 29 the

648 2128 153 31 Zadkiel
827 2130 37 29 of
887 2131 65 29 the
976 2131 146 36 period,
1147 2138 71 23 one
1236 2131 175 30 Nicholas
1437 2131 181 36 Hopkins,
1637 2140 19 19 a
1674 2131 229 30 Carthusian
1921 2130 128 36 monk,
2076 2130 73 29 and

653 2192 94 30 with
772 2192 168 39 plotting
962 2194 68 29 the
1054 2194 115 30 death
1196 2194 38 30 of
1256 2194 68 30 the
1350 2195 108 36 King,
1482 2194 164 37 Wolsey,
1671 2196 72 28 and
1769 2194 145 30 others.

152 2252 97 35 1528.
274 2253 81 30 Oct.
377 2261 34 29 7.
647 2255 178 30 Cardinal
849 2257 225 36 Campegius
1098 2258 144 29 arrives
1259 2258 38 28 in
1324 2257 168 36 England
1509 2257 99 29 from
1627 2258 115 32 Rome
1758 2258 93 28 with
1870 2265 21 21 a
1907 2257 242 29 commission

656 2319 40 28 to
722 2319 77 35 try,
823 2319 214 37 conjointly
1059 2319 95 30 with
1178 2319 177 30 Cardinal
1382 2319 162 38 Wolsey,
1567 2320 67 29 the
1658 2320 177 36 question
1861 2319 38 30 of
1931 2319 67 30 the
2023 2318 127 37 King's

656 2382 188 35 marriage
868 2383 93 28 with
996 2383 58 28 his
1089 2383 192 30 brother's
1305 2384 149 35 widow,
1491 2384 218 28 Katherlne.
1733 2382 76 30 The
1845 2384 76 28 two
1956 2382 196 30 Cardinals

654 2444 91 29 wait
769 2452 47 21 on
841 2444 66 30 the
931 2446 141 35 Queen.

152 2511 98 28 1529.
275 2505 85 36 May
383 2512 34 28 7.
652 2505 78 30 The
747 2507 200 30 Cardinals
966 2515 94 29 open
1079 2509 102 29 their
1199 2509 243 29 commission
1461 2510 40 28 at
1517 2509 66 29 the
1601 2509 222 37 Monastery
1839 2508 39 30 of
1895 2508 100 30 Back
2012 2508 139 30 Friars.

654 2570 223 36 Witnesses,
901 2570 199 38 including
1122 2571 66 30 the
1213 2572 95 36 King
1342 2573 73 28 and
1446 2571 143 37 Queen,
1625 2578 64 23 are
1725 2572 238 36 summoned,
1987 2572 73 29 and
2085 2571 67 30 the

657 2631 79 30 real
761 2633 175 30 business
960 2641 235 23 commences
1218 2635 99 29 June
1342 2634 51 35 18,
1418 2642 48 22 on
1491 2635 123 30 which
1639 2635 72 37 day
1733 2635 66 29 the
1825 2635 127 36 Queen
1977 2636 131 28 enters
2132 2643 20 21 a

654 2697 149 33 protest
827 2697 153 35 against
1002 2697 68 29 the
1094 2697 199 30 Cardinals
1316 2705 41 22 as
1373 2697 146 37 judges.
1536 2698 75 30 She
1628 2705 159 30 appears
1804 2697 130 30 before
1950 2698 67 29 the
2036 2697 119 30 Court

655 2759 113 35 again
792 2759 99 29 June
914 2766 52 29 21,
990 2761 73 28 and
1087 2760 77 29 this
1188 2761 93 28 time
1305 2761 39 29 in
1368 2761 66 29 the
1465 2768 183 29 presence
1679 2759 39 32 of
1751 2760 66 31 the
1853 2761 108 37 King,
1985 2761 70 30 but
2076 2759 77 31 will

658 2822 68 28 not
749 2822 121 28 admit
892 2822 68 28 the
983 2820 159 38 legality
1166 2822 38 30 of
1226 2823 67 29 the
1316 2824 186 35 tribunal,
1526 2824 127 29 leaves
1676 2824 66 29 the
1767 2824 131 34 Court,
1914 2824 73 29 and
2011 2823 32 30 is
2067 2822 86 30 held

657 2885 303 29 contumacious.
985 2884 55 30 On
1063 2884 90 38 July
1169 2892 44 28 30
1228 2885 68 29 the
1314 2886 197 30 Cardinals
1528 2886 161 36 adjourn
1706 2887 41 29 to
1765 2886 163 30 October
1945 2893 28 30 1,
1989 2885 166 38 secretly

657 2954 124 23 aware
806 2947 85 30 that
913 2947 68 30 the
1006 2947 99 36 Pope
1130 2947 86 35 had,
1241 2956 47 21 on
1314 2948 102 38 July,
1441 2949 52 37 18,
1517 2949 159 31 allowed
1702 2949 66 30 the
1792 2957 111 22 cause
1928 2950 40 29 to
1985 2950 45 29 be
2053 2949 100 30 tried

656 3011 41 28 at
720 3010 128 33 Rome.

158 3080 98 29 1529.
282 3072 95 37 Aug.
660 3073 77 30 The
762 3074 94 37 King
878 3074 110 30 takes
1013 3074 60 30 his
1096 3076 162 28 autumn
1282 3077 91 29 tour
1406 3077 96 30 with
1536 3077 67 29 the
1633 3076 98 37 light
1754 3076 400 37 graceful-mannered

657 3138 108 28 Anne
790 3136 165 37 Boleyn;
980 3139 172 29 receives
1174 3138 68 30 the
1266 3138 147 37 legates
1437 3141 41 29 at
1502 3139 174 38 Grafton,
1712 3140 194 30 dismisses
1940 3139 119 36 them,
2083 3140 73 29 and

660 3207 118 23 never
800 3207 85 22 sees
907 3201 151 37 Wolsey
1081 3203 125 35 again.

158 3270 98 29 1529.
281 3264 81 29 Oct.
385 3271 34 28 9.
658 3263 177 30 Cardinal
859 3264 150 38 Wolsey
1032 3264 112 31 takes
1167 3265 59 29 his
1249 3266 84 29 seat
1356 3267 38 28 in
1418 3267 66 30 the
1509 3267 96 30 Lord
1641 3266 257 31 Chancellor's
1922 3267 131 35 Court,
2082 3267 74 30 and

656 3328 68 28 the
748 3327 371 37 Attorney-General
1143 3328 143 30 indicts
1308 3328 78 30 him
1409 3331 40 28 in
1474 3330 68 30 the
1566 3330 119 30 Court
1714 3328 39 31 of
1787 3329 127 38 King's
1949 3330 125 30 Bench
2097 3328 61 32 for

657 3390 130 36 acting
809 3392 181 37 contrary
1012 3393 41 28 to
1077 3392 68 29 the
1168 3392 155 29 Statute
1348 3391 38 30 of
1409 3393 197 30 Provisors
1629 3394 107 37 (25th
1761 3393 158 31 Edward
1943 3393 89 38 III.).

157 3460 98 30 1529.
280 3454 80 29 Oct.
385 3460 51 29 17.
658 3452 76 30 The
759 3452 115 30 Great
897 3454 86 30 Seal
1006 3453 118 31 taken
1147 3454 99 30 from
1272 3454 150 38 Wolsey
1446 3457 73 28 and
1544 3457 112 35 given
1680 3457 41 28 to
1754 3457 60 28 Sir
1848 3455 162 30 Thomas
2039 3456 117 29 More.

157 3526 97 28 1529.
279 3519 81 28 Oct.
383 3517 58 29 28.
653 3515 78 30 The
757 3514 202 38 judgment
981 3516 39 31 of
1041 3518 68 29 the
1134 3517 119 30 Court
1277 3516 38 30 of
1340 3518 127 36 King's
1492 3519 125 29 Bench
1641 3521 33 27 is
1711 3520 259 35 pronounced,
1994 3520 72 28 and
2090 3520 66 28 the

660 3578 175 30 Cardinal
861 3581 167 29 receives
1052 3581 184 29 sentence
1261 3579 37 30 of
1321 3582 296 34 imprisonment
1639 3582 74 30 and
1737 3581 205 32 forfeiture
1966 3581 38 31 of
2027 3582 129 37 goods.

161 3650 98 28 1530.
284 3643 86 29 Feb.
395 3650 50 22 12.
664 3640 164 37 Wolsey,
851 3641 109 31 weak
983 3644 73 29 and
1081 3643 56 35 ill,
1161 3643 33 29 Is
1210 3643 194 35 pardoned
1422 3645 47 36 by
1484 3645 68 29 the
1569 3644 110 37 King,
1695 3645 85 29 who
1796 3647 114 29 sends
1926 3647 77 28 him
2021 3650 136 30 money

661 3703 75 30 and
760 3703 117 38 plate,
901 3706 73 29 and
997 3707 135 35 grants
1156 3707 79 28 him
1258 3706 68 29 the
1350 3713 187 24 revenues
1561 3708 38 29 of
1622 3709 59 29 his
1705 3709 299 35 archbishopric.
2029 3709 52 28 He
2097 3714 60 23 re-

2209 1860 44 25 &
2324 1854 103 30 The
2460 1854 119 31 real

2210 1917 88 30 his
2312 1918 143 36 tory.

164 3786 28 31 (1)
228 3787 41 24 We
286 3788 61 22 have
364 3787 122 27 reprinted
503 3787 50 22 this
567 3786 86 23 article
670 3786 42 22 out
729 3785 24 23 of
771 3786 31 22 its
820 3788 97 26 regular
933 3788 81 27 order,
1034 3788 121 28 believing
1173 3788 55 22 ihat
1245 3788 20 22 it
1282 3788 50 24 will
1349 3788 62 24 have
1428 3789 137 28 particular
1582 3791 101 23 interest
1700 3791 25 23 at
1742 3791 41 23 the
1801 3791 96 28 present
1921 3790 61 22 time
1998 3789 25 23 in
2049 3789 61 24 view
2134 3789 24 22 of

162 3841 40 23 the
219 3839 96 24 revival
332 3838 24 23 of
373 3839 40 23 the
431 3839 59 28 play
507 3838 30 29 by
553 3838 40 24 Sir
610 3837 100 24 Herbert
727 3837 66 24 Tree.
828 3838 47 24 The
891 3839 103 24 articles
1011 3847 29 16 on
1058 3841 42 22 the
1117 3841 71 22 other
1205 3840 126 23 historical
1348 3840 72 28 plays
1436 3841 52 23 will
1503 3847 91 23 appear
1611 3843 25 22 in
1653 3842 47 23 due
1716 3848 92 17 course.
2075 3841 23 23 J.
2117 3841 25 23 S.
