2725 4084
2096 241 44 38 55

151 329 101 30 from
275 330 50 31 all
377 333 185 40 realities,
585 334 198 36 furnished
817 343 73 28 and
914 340 155 38 peopled
1096 344 91 31 with
1228 347 134 38 purely
1395 349 247 38 imaginative
1678 352 133 38 forms,
1849 363 44 22 or
1929 357 39 29 to
2002 357 85 37 give
2123 367 18 22 a

151 401 10 19 1
174 392 175 31 ofiection
384 395 38 29 of
445 399 139 37 reality
608 409 41 22 as
684 403 102 29 clear
821 411 40 22 as
894 405 67 29 the
984 405 202 32 reflection
1211 408 39 30 of
1272 410 196 32 Narcissus
1491 414 38 28 in
1564 415 66 29 the
1666 417 108 34 pool:
1798 419 86 34 and,
1920 419 218 32 whichever

148 456 154 30 method
326 466 77 23 was
436 462 178 37 adopted.
638 465 32 29 It
703 475 76 22 was
814 469 42 29 to
894 469 45 29 be
966 469 202 33 beautiful.

217 530 86 35 But,
327 531 184 39 although
535 536 47 30 he
607 538 185 31 admitted
816 541 66 29 the
905 542 78 29 two
1007 542 263 41 alternatives,
1295 547 155 31 Godwin
1474 558 123 24 seems
1620 554 39 28 to
1686 554 94 30 have
1803 555 72 29 felt
1897 556 86 31 that
2006 558 32 30 it
2062 565 76 23 was

148 598 20 20 a
191 589 103 32 safer
316 594 110 38 thing
449 598 41 29 to
514 599 113 37 begin
661 601 66 30 the
762 601 141 31 reform
934 604 47 37 by
1014 608 179 36 securing
1226 610 219 33 decorative
1468 621 183 30 accuracy
1686 616 92 30 than
1814 617 47 38 by
1898 618 160 39 seeking
2080 620 61 30 for

151 653 246 37 imaginative
421 663 220 34 expression
657 672 11 28 ;
690 664 73 29 and
788 672 41 23 so
854 665 46 30 he
924 671 268 29 concentrated
1217 672 59 30 his
1299 673 142 31 talents
1464 683 48 22 on
1545 677 213 38 improving
1792 681 66 29 the
1891 683 248 35 productions

152 716 38 29 of
213 718 89 30 that
325 721 71 38 day
420 725 72 28 and
518 733 45 21 on
589 725 230 40 cultivating
842 729 66 29 the
930 731 102 30 taste
1055 731 38 31 of
1116 734 66 29 the
1205 737 126 29 actors
1355 738 47 37 by
1422 740 262 37 surrounding
1706 743 105 29 them
1835 744 92 31 with
1952 747 187 30 beautiful

149 778 146 36 objects
321 784 123 31 which
469 786 73 31 had
565 786 205 43 existedgin
795 790 66 30 the
885 794 85 34 past
994 794 69 29 but
1085 794 38 30 of
1145 796 122 31 which
1291 799 92 38 they
1398 808 100 23 were
1515 803 195 39 evidently
1725 805 39 29 in
1781 808 124 30 entire
1922 809 217 37 ignorance.

222 845 53 30 He
301 847 196 33 doubtless
522 852 120 36 hoped
666 853 87 30 that
777 855 46 37 by
844 855 152 38 placing
1018 858 66 30 the
1107 861 127 29 actors
1256 861 39 31 in
1319 871 22 21 a
1364 870 105 24 room
1493 866 121 29 which
1638 867 133 31 should
1788 871 40 28 to
1845 878 20 22 a
1882 874 109 33 great
2006 875 135 29 extent

149 908 191 31 resemble
363 918 21 22 a
408 912 186 32 beautiful
619 922 104 23 room
749 914 38 32 of
809 917 66 30 the
900 918 83 31 16th
1008 922 161 38 century
1192 925 93 29 with
1309 925 49 30 all
1383 927 50 29 its
1455 927 174 37 glamour
1653 932 72 29 and
1761 940 177 25 romance
1971 937 73 28 and
2075 945 44 21 en-

151 968 227 34 chantment
400 973 47 30 he
471 974 123 31 would
621 977 135 30 attune
779 978 106 32 their
906 988 85 23 ears
1014 984 74 28 and
1112 992 97 28 open
1231 987 105 30 their
1358 997 87 29 eyes
1469 992 41 28 to
1531 999 104 23 some
1661 993 38 31 of
1720 994 66 31 the
1821 996 113 31 Inner
1968 999 171 31 beauties

148 1031 123 29 which
295 1036 127 30 rested
448 1038 38 29 in
509 1039 67 29 the
598 1040 101 29 mind
725 1040 39 29 of
798 1041 275 41 Shakespeare,
1107 1048 123 30 would
1267 1050 163 37 quicken
1455 1053 38 29 In
1527 1054 106 31 them
1668 1057 88 30 that
1789 1059 168 36 peculiar
1990 1063 151 37 temper

147 1093 122 31 which
281 1097 133 31 should
429 1101 133 31 enable
574 1102 105 31 them
694 1105 41 29 to
748 1107 215 35 apprehend
980 1109 46 38 by
1038 1110 199 39 intuition,
1249 1114 41 28 to
1416 1118 67 28 not
1496 1115 134 41 learn,
1642 1120 66 31 the
1724 1121 170 32 beauties
1910 1123 39 30 of
1959 1125 67 31 the
2039 1125 102 40 play.

148 1161 46 25 0
218 1156 81 31 And
325 1158 47 32 he
395 1165 219 29 succeeded.

149 1222 46 24 <0*
219 1218 52 30 He
294 1224 210 29 succeeded
528 1226 39 29 in
590 1227 227 40 visualising
839 1233 217 38 something
1073 1236 39 29 of
1125 1237 67 30 the
1207 1239 244 37 atmosphere
1468 1241 39 30 of
1521 1243 66 31 the
1604 1245 85 38 play
1706 1247 46 36 by
1769 1248 64 30 the
1851 1250 186 31 beautiful
2054 1255 66 28 out-

151 1281 100 30 ward
276 1281 97 32 form
401 1286 122 31 which
548 1290 47 28 he
618 1298 91 28 gave
732 1293 41 29 to
796 1294 66 31 the
885 1297 122 34 poet's
1030 1299 142 36 dream,
1195 1303 73 28 and
1294 1303 38 29 in
1356 1304 269 40 transmitting
1647 1308 89 31 that
1757 1311 226 38 impression
2007 1316 41 29 to
2073 1317 68 29 the

147 1345 222 35 spectator;
392 1347 47 30 he
462 1353 207 29 succeeded
694 1354 38 29 in
756 1356 173 38 training
952 1359 67 30 the
1043 1361 125 31 actors
1192 1364 41 28 to
1256 1364 95 30 have
1374 1373 105 24 more
1502 1366 143 41 feeling
1667 1369 60 32 for
1748 1373 110 30 these
1875 1375 186 31 beautiful
2080 1378 59 30 old

148 1402 156 39 things;
327 1410 73 29 and
426 1410 45 30 he
492 1416 252 32 succeeded...
768 1426 21 22 a
812 1420 192 33 vicarious
1027 1424 305 34 achievement...
1355 1429 40 29 in
1418 1429 126 39 filling
1559 1433 67 30 the
1643 1434 156 35 pockets
1816 1436 38 31 of
1869 1438 48 30 all
1941 1439 68 30 the
2032 1440 88 32 thea-

147 1466 112 30 trical
283 1477 202 32 managers
509 1476 38 29 of
570 1477 67 30 the
661 1478 75 32 last
756 1482 125 38 thirty
901 1492 123 28 years.
1069 1492 44 24 &
1240 1496 46 25 &
1412 1500 44 24 JS,

151 1532 45 25 &
219 1529 89 31 This
330 1539 150 26 success
501 1544 78 23 was
603 1540 72 30 due
699 1543 69 28 not
791 1543 89 39 only
901 1547 42 28 to
966 1546 60 30 his
1049 1549 175 36 superior
1244 1552 146 30 talents
1414 1554 69 31 but
1504 1557 41 29 to
1574 1558 66 31 the
1673 1562 155 34 greater
1859 1563 280 40 thoroughness

151 1591 123 31 which
299 1594 47 30 he
370 1598 162 31 devoted
557 1601 39 30 to
621 1603 58 30 his
703 1605 120 31 work.
847 1608 39 29 In
910 1609 156 31 Godwin
1090 1619 58 23 we
1170 1613 96 32 have
1289 1623 21 22 a
1334 1623 87 23 man
1444 1618 85 30 who
1553 1620 151 32 studied
1727 1624 67 30 the
1827 1626 154 31 theatre
2014 1636 40 23 as
2077 1631 61 29 did

151 1661 48 22 no
223 1656 113 29 other
359 1659 38 29 of
421 1660 59 30 his
502 1662 86 39 day.
612 1665 53 29 He
687 1674 77 23 was
788 1676 47 22 an
861 1669 152 33 idealist
1035 1674 99 37 who,
1157 1675 194 32 whatever
1384 1678 60 30 his
1477 1680 149 33 dreams
1658 1683 61 31 for
1741 1685 66 31 the
1840 1685 145 40 future,
2019 1692 119 36 began

149 1716 46 37 by
219 1717 127 39 laying
369 1722 59 31 his
450 1723 248 36 foundations
721 1739 91 29 very
834 1740 89 23 sure
948 1742 99 28 upon
1071 1736 66 31 the
1159 1736 89 32 firm
1272 1742 149 33 ground
1452 1742 39 31 of
1513 1753 19 21 a
1568 1745 184 33 beautiful
1786 1751 127 30 scenic
1945 1760 194 32 accuracy.

224 1779 42 31 To
289 1783 79 31 this
391 1787 72 28 end
487 1788 47 29 he
558 1791 183 30 searched
767 1793 67 29 the
858 1802 193 26 museums
1075 1800 73 28 and
1172 1800 189 40 libraries,
1385 1805 48 30 he
1456 1807 151 31 studied
1642 1810 94 30 with
1760 1819 21 21 a
1804 1812 128 38 loving
1964 1817 175 35 patience

147 1841 67 30 the
237 1845 173 32 smallest
433 1849 137 32 details
594 1855 68 27 not
685 1854 89 38 only
798 1855 40 31 of
858 1858 66 29 the
950 1859 148 40 history
1120 1861 39 30 of
1179 1863 68 31 the
1270 1867 128 34 period
1416 1868 68 29 but
1499 1868 40 31 of
1554 1869 51 31 its
1623 1874 100 28 most
1737 1874 150 32 minute
1903 1881 236 29 accessories.

152 1904 292 40 Thoroughness
468 1913 280 33 characterised
774 1918 50 29 all
847 1919 58 30 his
928 1921 119 39 work,
1071 1924 174 32 whether
1277 1928 33 28 it
1338 1937 103 23 were
1463 1932 67 29 the
1554 1934 271 36 reproduction
1859 1938 38 29 of
1917 1941 68 29 the
2018 1943 103 29 archi-

148 1965 153 33 tecture
323 1970 38 29 of
383 1979 23 22 a
428 1972 141 40 palace,
591 1975 40 30 of
652 1977 68 31 the
741 1977 99 33 folds
863 1981 38 31 of
923 1990 20 22 a
967 1985 174 38 drapery,
1164 1988 66 29 the
1254 1990 204 37 madrigals
1487 1993 38 29 of
1558 1995 192 33 Marenzio
1784 2007 43 21 or
1859 2001 67 30 the
1959 2010 158 31 arrange-

149 2032 107 27 ment
279 2031 39 30 of
339 2041 20 21 a
384 2037 181 31 woman's
595 2040 95 30 hair.
715 2042 52 29 No
793 2043 117 31 detail
932 2054 123 24 seems
1078 2048 40 30 to
1143 2050 95 32 have
1261 2055 156 34 escaped
1454 2056 76 29 him
1554 2059 74 29 and
1662 2059 109 33 these
1805 2064 147 31 studies
1983 2066 47 31 he
2053 2075 65 28 per-

148 2092 180 33 petuated
354 2094 38 31 In
419 2097 191 39 drawings
633 2103 75 29 and
737 2106 174 36 writings
936 2115 40 22 as
1000 2109 85 31 well
1110 2118 41 23 as
1174 2113 184 38 adopting
1380 2116 104 30 them
1510 2118 39 30 In
1574 2120 60 30 his
1657 2122 127 31 actual
1819 2126 247 34 productions
2090 2137 47 23 on

146 2151 66 31 the
234 2155 121 37 stage.

146 2220 45 24 as-
213 2216 112 31 Some
349 2220 39 30 of
410 2221 59 31 his
494 2225 179 38 writings
696 2236 64 22 are
783 2230 155 39 already
961 2233 138 31 known
1123 2238 41 28 to
1188 2239 155 30 readers
1367 2240 38 31 of
1432 2240 83 35 The
1536 2243 123 34 Mask
1662 2267 9 14 ,
1695 2248 58 30 his
1770 2249 173 33 valuable
1958 2254 121 31 series
2101 2254 40 31 of

146 2278 153 31 articles
323 2289 102 29 upon
459 2286 70 30 the
555 2289 304 34 'Architecture
894 2296 71 29 and
1000 2296 179 33 Costume
1202 2300 40 29 of
1273 2302 294 40 Shakespeare's
1601 2308 145 38 Plays
1780 2313 122 30 which
1938 2316 200 40 originally

146 2344 186 31 appeared
359 2346 37 28 In
422 2347 69 30 the
513 2347 221 35 Architect
756 2355 39 29 in
820 2355 84 38 ,87s
928 2357 154 39 having,
1104 2361 101 30 after
1226 2362 105 40 lying
1352 2365 194 39 forgotten
1571 2371 39 29 in
1633 2372 110 31 those
1778 2376 113 38 dusty
1921 2379 216 39 thirty-five

144 2409 17 28 j
171 2404 145 31 ear-old
341 2416 130 29 pages,
497 2412 93 30 been
617 2416 166 36 brought
806 2419 135 31 within
965 2429 87 31 easy
1075 2426 113 29 reach
1214 2426 38 29 of
1275 2428 64 29 the
1364 2431 170 32 workers
1565 2433 40 31 In
1629 2436 66 29 the
1719 2438 154 31 modern
1908 2441 154 32 theatre
2091 2445 47 34 by

147 2466 278 35 republication
450 2473 38 30 in
513 2475 78 31 this
613 2476 178 39 journal;
815 2483 72 28 and
910 2482 61 31 for
993 2485 67 30 the
1082 2494 129 31 young
1234 2490 108 37 stage
1375 2499 193 33 manager,
1602 2497 164 39 wishing
1793 2503 40 28 to
1868 2506 164 33 produce
2066 2515 72 28 any

145 2530 38 24 ot
206 2528 107 31 these
338 2532 117 38 plays,
480 2536 109 31 there
615 2540 108 30 could
750 2543 46 28 be
823 2551 47 21 no
896 2545 127 31 better
1045 2548 127 35 guide.

214 2590 74 31 The
313 2601 149 30 reprint
486 2599 38 29 of
546 2602 78 29 this
648 2603 120 30 series
795 2605 81 36 has,
899 2609 151 38 indeed,
1075 2612 93 29 been
1193 2622 71 21 one
1289 2615 38 30 of
1350 2617 66 30 the
1450 2621 138 35 special
1623 2621 169 34 features
1826 2626 38 30 of
1899 2626 84 34 The
2014 2630 123 32 Mask

143 2658 102 24 since
270 2654 51 31 its
346 2664 341 37 commencement,
718 2667 74 29 and
826 2667 74 30 few
936 2672 106 33 parts
1077 2672 38 29 of
1148 2682 71 22 our
1252 2677 106 31 work
1381 2680 96 30 have
1498 2682 112 36 given
1645 2692 44 23 us
1713 2690 155 33 greater
1898 2692 238 33 satisfaction

142 2714 94 30 than
260 2718 79 30 this
363 2722 185 38 privilege
572 2724 40 32 of
633 2728 219 39 reminding
873 2732 68 29 the
965 2733 153 37 English
1135 2737 166 39 theatre,
1322 2742 45 35 by
1384 2751 131 23 means
1531 2746 38 29 of
1587 2747 107 32 these
1710 2751 167 37 articles,
1894 2755 38 28 of
1946 2755 191 33 Godwin's

142 2785 164 25 services
330 2789 48 23 on
403 2785 52 29 its
482 2788 140 31 behalf.
647 2790 35 29 It
703 2791 32 30 Is
759 2793 93 30 with
877 2795 208 31 additional
1111 2798 175 37 pleasure
1309 2804 195 32 therefore
1527 2808 87 30 that
1637 2819 55 22 we
1718 2819 85 25 now
1826 2813 80 33 find
1941 2819 195 32 ourselves

142 2841 84 29 able
252 2844 36 27 to
312 2849 213 33 reproduce
548 2851 80 31 also
652 2861 22 22 a
696 2856 121 31 series
843 2856 38 31 of
904 2859 192 31 Godwin's
1120 2863 153 38 designs
1295 2865 61 32 for
1376 2870 109 36 stage
1507 2873 192 31 costumes
1722 2875 72 31 and
1819 2882 227 38 properties,
2067 2884 66 29 the

172 2903 57 28 rst
252 2904 112 32 three
388 2908 38 29 of
449 2911 125 32 which
596 2921 141 30 appear
759 2918 38 28 in
821 2920 66 29 the
913 2924 157 33 present
1094 2926 162 29 number
1278 2926 40 31 of
1342 2926 85 34 The
1449 2930 134 34 Mask.
1611 2935 78 30 The
1723 2939 182 37 originals
1938 2950 66 24 are
2035 2945 97 31 from

142 2964 89 31 Miss
255 2967 105 33 Ellen
386 2971 152 40 Terry's
562 2977 202 32 collection
788 2981 40 30 of
849 2983 205 32 theatrical
1087 2987 199 33 treasures
1309 2993 72 28 and
1407 3002 58 23 we
1498 2997 151 34 publish
1673 3001 105 29 them
1814 3004 92 30 with
1940 3002 71 36 he*
2042 3007 89 32 kind

142 3030 240 33 permission.
1231 3059 46 24 &
1404 3063 44 24 &

139 3095 46 24 ~
207 3091 99 32 Such
330 3096 203 40 drawings,
557 3100 234 34 illustrative
815 3105 38 31 of
876 3109 137 30 details
1036 3113 93 28 such
1154 3120 39 22 as
1217 3115 67 29 the
1305 3117 111 38 tying
1438 3119 40 31 of
1511 3129 20 22 a
1565 3066 148 95 sTndal,
1736 3071 67 86 tTe
1825 3073 161 88 fornTof
2007 3142 21 20 a
2052 3078 80 86 faT

172 3160 33 23 <e
228 3162 17 22 s
276 3165 69 28 ape
368 3157 39 31 of
429 3169 21 21 a
475 3165 165 37 sceptre,
664 3174 77 28 are,
767 3167 38 31 of
828 3178 147 31 course,
999 3181 48 22 no
1069 3175 123 38 rarity
1214 3185 139 31 among
1375 3181 66 31 the
1465 3185 109 36 stage
1598 3194 211 33 managers,
1832 3199 112 24 scene
1960 3156 171 75 painters'

138 3217 74 29 and
236 3222 226 32 costumiers
487 3225 40 30 of
547 3228 128 38 today,
698 3230 184 39 although
906 3235 66 30 the
995 3238 159 30 modern
1178 3247 85 23 men
1289 3250 67 23 can
1383 3245 109 30 boast
1515 3255 48 23 no
1587 3251 91 28 such
1703 3259 110 24 sense
1837 3254 40 29 of
1898 3255 233 34 refinement

139 3285 43 23 or
207 3279 185 42 learning.
417 3287 229 34 Considered
671 3299 41 23 as
735 3293 67 31 the
826 3296 107 30 work
956 3297 38 30 of
1017 3298 103 40 forty
1141 3308 111 31 years
1275 3312 82 29 ago,
1381 3307 143 32 viewed
1541 3311 37 28 in
1596 3311 197 34 reference
1808 3316 42 29 to
1865 3317 67 31 the
1949 3318 180 37 ignorant

139 3344 173 30 methods
335 3346 39 30 of
395 3349 88 29 that
506 3352 203 31 theatrical
735 3357 145 35 period,
904 3360 90 37 they
1017 3369 66 23 are
1106 3364 106 34 quite
1237 3367 254 40 remarkable,
1515 3373 72 29 and
1612 3376 89 29 date
1724 3377 68 30 the
1816 3379 209 39 beginning
2047 3382 39 29 of
2108 3391 21 21 a

140 3412 79 22 uew
245 3415 64 22 era
333 3410 38 28 in
397 3411 66 31 the
487 3415 107 36 stage
617 3418 221 33 producer's
862 3421 118 31 work.
1052 3430 46 25 &
1224 3433 45 24 &

207 3470 39 28 In
273 3473 243 40 considering
541 3477 190 32 Godwin's
754 3482 176 38 writings
955 3487 72 28 and
1051 3489 192 36 drawings
1267 3491 32 29 it
1322 3496 102 28 must
1450 3498 44 27 be
1518 3501 277 37 remembered,
1830 3503 188 40 however,
2042 3452 85 86 tlZ

168 3537 78 23 .ese
270 3541 100 24 were
396 3539 67 28 not
487 3539 93 31 with
604 3541 79 30 him
707 3545 93 27 ends
824 3546 37 28 in
886 3547 231 33 themselves
1141 3552 70 29 but
1233 3553 90 39 only
1344 3561 249 37 preparatory
1614 3562 42 30 to
1680 3564 57 30 his
1760 3566 125 31 actual
1903 3569 106 30 work
2026 3578 98 29 upon

171 3599 32 20 16
227 3595 105 36 Stage
336 3618 10 9 *
372 3600 38 28 !n
435 3600 105 31 them
565 3604 47 29 he
646 3604 179 32 co,,ected
831 3630 9 13 >
996 3612 67 29 the
1085 3614 226 32 storehouse
1336 3618 38 28 of
1407 3620 57 30 his
1494 3630 84 22 own
1612 3624 176 39 learning
1820 3630 72 29 and
1927 3630 96 30 from
2058 3633 66 29 the

138 3654 194 33 treasures
356 3659 106 39 lying
483 3664 40 29 in
546 3665 67 29 the
637 3674 288 27 museums....
948 3674 41 29 at
1021 3675 69 31 the
1123 3677 163 35 disposal
1320 3679 38 31 of
1381 3688 113 33 every
1527 3687 186 33 producer
1747 3689 69 31 but
1850 3692 193 32 unheeded
2080 3696 46 37 by

137 3717 178 32 them...
339 3724 103 29 what
463 3730 151 28 seemed
638 3730 41 29 to
703 3729 79 30 him
806 3730 38 30 of
866 3734 110 30 value
999 3738 41 28 to
1063 3738 66 30 the
1151 3740 69 29 Art
1244 3740 47 31 he
1314 3741 122 33 loved.
1563 3755 46 24 &
1736 3759 45 24 *7
1907 3760 43 25 &
2077 3763 46 24 &

204 3778 46 31 Of
271 3781 59 32 his
353 3787 123 31 actual
501 3791 109 37 stage
633 3792 107 31 work
764 3793 13 30 I
801 3802 68 23 can
894 3797 90 31 here
1007 3801 115 36 speak
1146 3802 69 31 but
1239 3804 150 40 briefly.
1412 3809 53 29 He
1488 3813 190 34 produced
1745 3815 76 31 The
1854 3818 199 31 Merchant
2085 3820 39 30 of

2204 355 40 30 E.
2279 357 54 30 W.
2373 358 199 31 GODWIN.

2204 542 81 30 His
2328 544 166 31 method
2530 546 46 30 of

2205 604 165 33 reform.
2399 613 45 25 &
2529 615 44 23 &

2205 1179 80 31 His
2308 1187 176 23 success.
2528 1187 43 24 &

2206 1805 78 32 His
2308 1807 176 30 method.
2528 1814 44 23 &

2202 2252 81 31 His
2308 2252 204 40 writings.

2198 2888 79 30 His
2303 2888 181 38 designs.
2522 2898 44 24 &
