2725 4084
610 212 48 39 72

610 332 233 66 THE
927 329 145 66 TH
1107 329 607 74 EATRICAL

1803 329 99 79 by
1958 327 206 63 John
2217 326 353 64 Balance.

611 477 151 64 '"piiere
785 479 31 29 is
839 479 216 35 something
1077 477 117 30 about
1215 477 65 28 the
1303 475 161 30 Theatre
1486 475 122 28 which
1633 480 144 29 annoys
1801 472 65 29 the
1890 470 157 30 critical.
2071 471 34 29 It
2126 472 140 28 cannot
2289 471 45 29 be
2358 468 149 32 defined
2526 470 47 36 by

670 543 106 28 them
801 542 68 28 but
891 541 31 28 it
944 541 32 28 is
999 539 116 37 easily
1136 538 82 30 felt.
1252 538 118 30 These
1404 538 143 29 critical
1570 536 76 30 will
1671 536 123 32 assert
1815 534 87 30 that
1933 534 92 37 they
2047 533 126 29 detect
2206 531 157 30 definite
2395 531 118 30 faults
2536 532 38 28 in

610 603 292 37 performances,
924 602 70 29 but
1015 601 109 30 when
1149 601 165 36 brought
1335 602 41 28 to
1399 601 87 29 task
1502 608 66 21 can
1585 599 142 31 seldom
1745 598 125 30 define
1887 596 147 38 exactly
2049 595 102 30 what
2165 595 109 28 those
2290 593 118 31 faults
2424 602 62 21 are
2506 601 69 22 nor

611 665 172 38 logically
806 673 113 28 prove
942 665 85 29 that
1050 664 187 36 anything
1258 663 134 30 should
1417 664 92 29 have
1534 665 92 27 been
2530 661 44 24 &

677 728 102 36 They
823 728 93 29 have
961 728 92 28 been
1091 726 191 36 irritated,
1319 727 71 28 and
1429 727 29 27 it
1495 727 31 27 is
1561 725 59 29 for
1658 733 42 21 us
1736 725 41 29 to
1813 729 151 23 remove
2013 721 66 29 the
2118 728 110 22 cause
2279 719 37 29 of
2367 719 206 29 irritation.

676 792 64 29 We
757 790 163 36 produce
943 797 46 21 an
1015 788 59 30 old
1099 796 124 29 opera,
1256 787 60 29 for
1349 788 183 36 instance,
1566 787 37 29 of
1646 787 96 35 1650.
1789 787 64 29 We
1897 785 106 36 stage
2048 784 31 29 it
2121 792 40 21 as
2205 782 144 36 pleases
2385 790 55 28 us,

612 853 193 37 carefully,
849 853 38 28 in
931 853 115 35 taste,
1091 852 71 28 and
1207 851 164 28 without
1406 849 142 37 display
1597 851 72 28 and
1714 849 163 29 without
1907 848 196 35 pedantry.

691 916 64 29 We
789 915 45 28 do
870 914 91 36 this,
998 914 72 29 and
1105 915 91 27 send
1241 913 65 29 the
1350 912 311 30 critical-minded
1712 912 81 28 into
1837 919 21 20 a
1902 918 101 28 rage.
2046 909 65 29 We
2155 915 98 22 were
2297 908 62 28 too
2405 907 169 28 modern.

676 979 69 28 Yet
777 978 70 28 had
884 985 56 21 we
963 977 129 35 staged
1116 977 31 28 it
1180 983 39 22 as
1243 975 128 38 nearly
1404 983 40 21 as
1467 974 160 37 possible
1650 983 40 21 as
1724 976 30 26 it
1776 982 76 21 was
1875 973 131 35 staged
2041 972 37 28 in
2115 969 84 35 1630
2222 969 133 30 should
2392 977 55 22 we
2481 969 93 28 have

611 1040 148 36 pleased
782 1041 66 28 the
872 1039 144 30 critical
1041 1046 72 29 any
1135 1038 158 29 better?
1316 1039 71 28 Not
1410 1046 19 21 a
1451 1037 106 30 whit.
1581 1037 99 36 They
1711 1035 121 30 would
1867 1035 92 30 then
1994 1035 92 28 have
2120 1032 156 30 accused
2315 1039 43 21 us
2392 1030 37 30 of
2463 1031 112 34 being

611 1103 172 35 precious
807 1101 272 37 antiquarians.
2358 1100 44 23 &
2528 1097 45 24 &

679 1164 87 30 Now
789 1164 102 29 what
914 1164 31 28 is
968 1162 31 30 it
1020 1163 86 29 that
1128 1169 142 29 annoys
1303 1161 65 29 the
1400 1160 144 30 critical
1559 1161 18 28 ?
1614 1161 34 28 It
1678 1161 31 28 is
1737 1157 81 32 The
1855 1156 176 32 Theatre
2036 1180 9 14 ,
2080 1158 71 28 and
2192 1154 82 31 The
2312 1151 265 38 Theatrical;

613 1227 160 35 nothing
795 1233 103 22 more
922 1226 71 28 and
1018 1224 159 36 nothing
1200 1223 85 30 less.

612 1294 44 24 &
679 1288 76 29 The
778 1288 246 35 Atmosphere
1048 1286 37 30 of
1106 1286 66 29 the
1195 1286 161 28 Theatre
1380 1291 142 30 annoys
1545 1284 117 29 them*
1685 1283 100 36 They
1808 1282 125 36 prefer
1955 1282 66 29 the
2045 1281 248 35 Atmosphere
2311 1279 37 30 of
2371 1277 116 31 books
2504 1277 71 28 and

613 1359 47 21 an
684 1349 207 31 occasional
917 1350 69 35 day
1009 1350 39 27 in
1070 1349 66 28 the
1160 1349 173 33 country.
1358 1348 12 27 I
1394 1346 110 29 know
1526 1346 104 28 them
1654 1345 97 34 well,
1774 1345 107 29 these
1905 1352 101 21 same
2030 1343 178 35 criticals,
2232 1343 72 28 and
2335 1343 12 27 I
2378 1339 74 30 like
2470 1340 104 29 them

613 1413 71 28 and
707 1413 102 28 their
832 1410 235 36 disapproval
1090 1410 73 29 and
1187 1410 131 28 intend
1342 1410 40 27 to
1404 1408 116 35 profit
1545 1410 44 33 by
1614 1408 30 28 it
1666 1406 29 28 if
1718 1408 11 26 I
1754 1415 81 20 can.
2359 1410 44 24 &
2529 1406 44 24 &

677 1474 119 29 There
820 1474 30 28 is
884 1481 20 20 a
936 1471 166 37 peculiar
1135 1472 156 35 dryness
1325 1472 37 26 in
1397 1471 65 27 the
1499 1469 101 29 Book
1637 1468 247 35 Atmosphere
1918 1467 121 29 which
2079 1467 30 28 is
2144 1466 191 29 delicious.
2371 1463 56 30 AH
2464 1463 111 28 other

613 1538 257 33 atmospheres
893 1542 137 29 appear
1052 1542 128 21 coarse
1204 1533 98 29 after
1324 1533 136 33 it,....
1485 1531 147 37 murky,
1657 1538 149 28 muggy,
1829 1529 123 37 foggy,
1975 1529 93 29 foul.
2092 1529 118 28 There
2244 1529 30 27 is
2298 1536 20 20 a
2340 1526 145 30 certain
2517 1526 38 26 in-

611 1599 148 30 fluence
783 1598 39 29 In
844 1599 66 28 the
934 1598 97 29 staid
1056 1595 107 30 black
1186 1596 71 29 and
1282 1595 115 30 white
1422 1594 36 29 of
1483 1594 116 29 books
1622 1593 122 29 which
1768 1591 141 30 refines
1932 1592 66 28 the
2035 1599 67 28 eye
2125 1590 164 30 without
2311 1588 63 30 It's
2399 1587 177 34 knowing

612 1663 43 28 it.
679 1662 76 29 The
780 1660 221 37 uniformity
1018 1658 37 31 of
1070 1660 65 29 the
1151 1660 89 35 type
1257 1659 187 28 increases
1460 1657 90 33 this,
1567 1657 72 28 and
1655 1655 224 36 everything
1895 1655 32 28 is
1944 1654 168 29 clinched
2130 1654 46 36 by
2194 1661 20 20 a
2231 1652 157 35 binding
2417 1649 160 30 delicate

612 1727 39 27 to
674 1726 66 28 the
762 1724 128 29 touch.
1002 1728 44 25 jg/
2189 1722 45 24 &
2361 1721 45 24 &
2532 1717 44 25 &

611 1793 45 24 /s/
678 1787 29 30 A
731 1786 157 31 bookish
910 1792 136 29 person
1070 1785 32 29 is
1124 1792 72 21 one
1220 1785 40 28 to
1284 1785 44 28 be
1352 1782 188 30 reckoned
1565 1782 105 28 with.
1695 1782 63 28 His
1780 1779 233 31 refinement
2049 1780 30 28 is
2119 1777 150 31 natural
2306 1776 100 30 after
2437 1776 66 28 ten
2535 1782 44 21 or

609 1849 134 30 fifteen
764 1857 108 29 years
896 1849 39 28 in
959 1848 76 29 this
1060 1846 100 30 Book
1196 1846 247 35 Atmosphere
1467 1845 71 28 and
1576 1844 30 28 it
1643 1844 30 28 is
1709 1850 90 30 very
1835 1841 196 38 powerful.
2194 1846 45 25 &
2365 1845 45 24 ?
2534 1841 45 25 &

679 1912 75 28 The
777 1911 161 29 Theatre
961 1911 32 27 is
1016 1910 68 28 not
1106 1907 167 37 refining
1296 1907 37 30 in
1357 1907 66 29 the
1446 1915 101 20 same
1570 1914 94 28 way.
1689 1906 33 28 It
1745 1904 101 30 lacks
1869 1905 78 28 this
1972 1903 184 30 calmness
2180 1901 38 30 of
2240 1903 105 34 tone,
2379 1900 76 29 this
2488 1906 91 29 grey

613 1975 185 35 produced
816 1975 46 36 by
879 1972 108 31 black
1003 1973 72 28 and
1092 1972 129 29 white.
1239 1971 31 28 It
1286 1969 101 30 lacks
1403 1970 66 28 the
1486 1968 238 35 uniformity;
1741 1968 31 28 it
1788 1966 102 30 lacks
1905 1966 76 29 this
1998 1964 141 32 vellum
2156 1972 43 21 or
2216 1970 170 22 morocco
2400 1962 177 30 exterior.

613 2039 50 28 Its
686 2036 129 36 appeal
839 2038 39 27 to
900 2036 66 29 the
989 2043 128 21 senses
1142 2034 38 29 of
1201 2034 115 35 sight,
1339 2033 127 33 touch,
1491 2032 157 34 hearing
1671 2031 31 27 is
1726 2031 67 27 not
1815 2028 125 30 subtle
1967 2036 43 22 or
2033 2027 172 31 delicate.
2229 2027 65 30 We
2322 2034 39 21 as
2397 2025 179 29 audience

613 2109 62 21 are
698 2099 151 37 regular
872 2098 122 37 galley
1015 2097 121 30 slaves
1161 2097 155 29 chained
1342 2096 189 35 together.
1555 2094 75 29 The
1653 2093 160 30 Theatre
1838 2092 130 29 orders
1997 2098 43 21 us
2057 2091 89 28 here
2163 2090 72 29 and
2252 2090 123 28 there.
2393 2088 65 29 We
2476 2087 103 29 must

611 2164 52 29 sit
686 2165 122 33 down,
830 2161 143 30 remain
999 2160 209 36 quiet,....
1232 2158 105 29 often
1361 2159 44 28 be
1430 2155 406 34 uncomfortable,....
1872 2155 72 28 and
1979 2161 55 22 we
2069 2161 83 28 may
2188 2152 67 29 not
2288 2149 125 30 think.
2436 2149 49 29 As
2518 2148 60 29 for

611 2225 211 36 pondering
845 2222 185 37 anything
1053 2223 31 27 it
1107 2223 30 28 is
1159 2220 209 30 forbidden.
1392 2220 64 29 We
1491 2219 103 28 must
1625 2218 51 28 sit
1707 2225 59 28 up,
1791 2224 95 28 open
1911 2224 69 21 our
2004 2223 86 29 eyes
2125 2216 73 27 and
2222 2221 82 22 ears
2328 2213 71 28 and
2429 2211 146 29 receive

611 2288 164 29 without
798 2286 188 29 comment
1012 2284 49 29 all
1077 2285 86 27 that
1179 2284 29 27 is
1225 2283 141 35 poured
1382 2281 165 35 through
1565 2281 103 28 them
1686 2281 80 27 into
1784 2279 64 28 the
1864 2277 203 37 receptical
2085 2277 36 29 of
2139 2284 69 21 our
2225 2275 152 36 already
2394 2272 183 36 outraged

613 2351 119 28 brain.
755 2349 75 29 The
853 2349 107 28 brain
985 2345 37 30 of
1045 2353 131 22 course
1201 2345 67 28 has
1291 2344 122 29 closed
1439 2344 98 28 most
1560 2342 37 29 of
1620 2342 49 29 its
1692 2342 147 35 private
1864 2341 133 34 doors;
2022 2339 87 37 only
2132 2339 64 29 the
2220 2339 155 35 postern
2391 2335 97 30 from
2511 2335 66 28 the

611 2419 129 22 senses
761 2413 41 27 to
825 2411 66 28 the
916 2410 116 28 lower
1054 2407 237 36 apartments
1323 2406 165 29 remains
1526 2412 108 29 open.
2359 2404 44 25 &
2528 2401 44 25 &

611 2480 44 24 &
677 2474 103 29 Then
803 2472 48 30 all
875 2472 66 29 the
964 2471 139 29 silliest
1125 2468 95 31 stuff
1243 2469 38 29 in
1303 2469 67 28 the
1393 2467 117 30 world
1534 2467 32 28 is
1589 2466 54 29 let
1665 2466 101 29 loose
1791 2472 99 28 upon
1915 2472 56 28 us,
1996 2464 243 29 embellished
2264 2462 94 30 with
2392 2469 39 21 as
2467 2457 110 30 much

611 2537 224 35 magnetism
860 2543 43 20 or
926 2534 231 29 mesmerism
1183 2540 39 21 as
1246 2532 64 29 the
1335 2532 125 29 actors
1483 2537 68 22 can
1575 2530 69 28 add
1668 2530 40 28 to
1733 2530 43 28 it.
2022 2532 45 25 &
2194 2531 44 25 ?
2364 2530 44 24 &
2535 2527 44 24 &

610 2605 45 24 &
677 2599 87 29 This
789 2599 139 28 cannot
951 2598 45 28 be
1018 2596 117 36 right.
1159 2596 33 28 It
1215 2595 31 29 is
1270 2595 99 28 most
1392 2592 183 37 certainly
1598 2593 39 27 to
1662 2593 44 27 be
1730 2591 160 29 altered.
1914 2590 75 29 The
2014 2589 145 30 critical
2185 2589 125 28 detest
2333 2588 42 28 it.
2401 2586 75 29 The
2508 2586 54 28 cri-

610 2661 89 31 tical
725 2668 64 22 are
812 2662 87 35 part
922 2659 37 29 of
981 2659 65 29 the
1070 2657 141 30 Public.
1235 2657 101 36 They
1360 2657 110 35 begin
1494 2657 41 28 to
1557 2655 108 29 avoid
1689 2653 65 29 the
1778 2653 174 29 Theatre.
2533 2652 45 24 &

609 2730 45 24 &
677 2724 87 29 This
785 2723 77 29 will
886 2723 68 28 not
978 2721 58 30 do.
1060 2722 33 27 It
1116 2721 31 28 is
1170 2720 157 29 obvious
1349 2720 85 27 that
1457 2718 109 29 there
1591 2718 31 28 is
1646 2725 47 21 no
1716 2723 82 29 way
1822 2717 67 27 out
1912 2713 38 30 of
1978 2714 30 28 it
2033 2714 68 29 but
2123 2714 40 28 to
2189 2713 141 34 change
2361 2709 218 35 something

610 2789 71 28 and
705 2787 30 28 it
758 2787 31 28 is
811 2793 68 27 we,
926 2786 68 27 not
1036 2784 102 36 they,
1175 2782 83 30 who
1297 2782 101 29 must
1435 2782 154 34 change.
1635 2780 64 29 We
1744 2779 102 28 must
1883 2777 125 29 create
2046 2784 21 21 a
2102 2783 82 21 new
2222 2773 252 35 atmosphere.
2508 2771 72 29 Not

609 2849 143 36 merely
767 2849 66 28 the
849 2847 238 35 atmosphere
1103 2845 39 29 of
1156 2845 66 29 the
1252 2843 97 38 play,
1392 2843 66 29 the
1502 2849 125 29 scene,
1671 2842 66 27 the
1796 2840 137 34 actors,
1972 2839 70 28 but
2077 2838 65 28 the
2180 2836 122 30 whole
2339 2834 240 37 atmosphere

609 2914 38 30 of
670 2914 66 29 the
771 2912 244 38 Play-house.

609 2983 44 25 &
724 2976 77 29 God
846 2975 99 29 bless
1170 2973 96 28 cries
1309 2971 65 28 the
1411 2968 203 30 contented
1638 2966 121 34 critic,
1822 2965 68 28 but
1912 2963 86 35 why
2012 2962 18 29 ?
2060 2962 84 36 why
2168 2962 143 34 change
2328 2960 185 36 anything
2525 2959 17 29 ?

609 3045 44 25 &
675 3039 93 36 Why
779 3038 17 29 ?
820 3038 163 29 Because
1007 3036 65 29 the
1095 3033 145 31 critical
1265 3033 294 35 disapprove...
1584 3038 21 20 a
1629 3028 94 36 good
1747 3034 149 21 reason.

186 1282 81 30 The
284 1280 265 40 Atmosphere

183 1345 47 30 of
261 1344 67 31 the
366 1342 183 32 Theatre.

289 2789 45 23 &
362 2782 32 30 A
437 2790 108 22 new

181 2844 32 30 A
231 2844 316 40 tmosphere

182 2909 39 28 to
244 2908 47 30 be
307 2908 173 30 created.
