5372 6863
660 6560 105 63 40

628 265 185 49 man
880 240 483 73 beschmiert
1432 238 168 76 sich
1669 241 143 70 mit
1879 236 495 93 irgendeiner
2433 236 266 93 glasur
2762 233 162 73 und
2992 235 206 93 fängt
3263 258 93 48 an
3427 258 142 49 vor
3622 235 149 69 den
3828 236 271 70 lausen
4155 255 92 49 zu
4303 230 448 74 schaudern

628 379 164 49 was
850 355 242 74 heisst
1143 353 423 95 eigentlich
1620 351 940 94 familienzugehörigkeit

628 494 185 51 man
868 472 442 91 verlängert
1363 468 169 73 sich
1586 468 127 73 die
1769 468 534 71 nabelschnur
2355 467 146 69 mit
2553 465 261 71 einem
2865 485 193 71 zeug
3109 489 154 47 von
3320 465 143 69 der
3517 472 117 62 art
3688 465 213 71 eines
3955 458 578 78 seidenbandes

626 609 166 49 was
848 587 241 73 heisst
1139 585 422 93 eigentlich
1617 582 511 93 gottesfurcht

631 722 182 51 man
870 699 212 94 fängt
1133 722 96 49 an
1283 722 97 48 zu
1436 697 359 73 fürchten
1851 699 140 69 auf
2039 695 177 71 dass
2271 717 184 48 man
2513 694 215 72 nicht
2780 717 95 48 zu
2928 695 362 70 fürchten
3346 694 332 71 braucht

628 815 151 72 wir
814 815 337 72 nieteten
1192 836 146 49 uns
1378 812 129 71 die
1544 810 534 73 landstrassen
2133 810 141 70 auf
2304 809 127 71 die
2469 807 225 73 sohle
2735 809 160 71 und
2936 831 247 49 sonne
3222 827 139 71 zog
3398 810 141 68 mit
3578 831 145 47 uns
3762 810 110 68 im
3910 829 227 49 räum
4174 809 142 69 auf
4360 804 393 94 goldenen

4165 915 586 77 meilenbeinen

630 1047 267 92 glaubt
948 1046 156 71 mir
1155 1044 372 91 elephant
1576 1042 100 70 ist
1730 1041 214 71 nicht
1998 1046 311 84 grösser
2362 1041 113 67 als
2530 1037 160 71 floh

628 1161 105 73 da
785 1168 122 66 rot
960 1159 215 75 nicht
1236 1166 213 66 röter
1500 1159 115 70 als
1669 1157 234 72 weiss

633 1274 163 73 und
852 1273 365 74 dennoch
1271 1274 282 92 gingen
1610 1273 151 69 wir
1815 1269 273 73 weiter

633 1391 274 71 weiter
957 1389 553 90 kamaralogos
1566 1384 164 73 und
1785 1386 274 70 stellen
2118 1384 151 70 wir
2320 1381 260 73 bilanz
2635 1381 132 71 auf

631 1505 227 72 ziehn
914 1506 153 70 wir
1117 1501 207 73 doch
1380 1503 340 71 sowieso
1778 1501 150 70 den
1986 1498 379 71 kürzeren

633 1618 164 73 und
853 1620 100 71 da
1006 1620 342 71 öffneten
1404 1616 167 73 sich
1627 1638 147 50 uns
1829 1615 127 71 die
2011 1633 248 73 äugen

635 1735 159 71 und
850 1735 134 71 tief
1034 1732 178 72 sind
1266 1733 151 70 wir
1471 1730 427 93 geworden
1956 1732 152 69 wie
2162 1730 403 71 schwarze
2619 1730 366 69 brunnen
3039 1726 78 70 in
3175 1721 711 95 bergwerkgegend

633 1850 164 69 und
852 1848 276 94 gingen
1187 1847 157 71 und
1402 1847 274 91 gingen

635 1962 369 73 dreizehn
1058 1964 224 91 engel
1334 1962 283 91 gingen
1676 1982 148 48 uns
1878 1980 244 51 voran

631 2079 439 89 gleichfalls
1124 2099 95 49 zu
1271 2077 163 71 fuss

635 2192 164 73 und
852 2196 111 69 sie
1017 2211 290 73 sangen
1365 2214 149 48 uns
1568 2214 152 49 von
1779 2211 329 51 unserer
2152 2187 296 93 jugend

633 2309 151 71 wir
850 2329 269 51 waren
1183 2306 248 72 schon
1497 2302 354 95 typische
1918 2299 569 74 landstreicher
2538 2299 144 71 mit
2735 2299 651 90 wohlerzogenen
3452 2295 261 73 flöhen
3773 2302 225 63 unter
4049 2292 142 71 der
4245 2290 515 73 achselhöhle

630 2424 155 71 wir
838 2422 286 73 liebten
1180 2421 129 73 die
1361 2421 261 71 frucht
1676 2417 127 73 die
1856 2419 78 68 in
1991 2416 151 72 den
2198 2417 288 92 graben
2545 2416 123 71 fiel

633 2538 130 71 die
816 2560 278 49 sauere
1144 2536 248 73 milch

636 2651 165 73 und
855 2651 129 73 die
1036 2653 281 71 kassen
1375 2649 140 71 der
1561 2648 422 93 jüdischen
2042 2641 733 95 kultusgemeinden

638 2768 163 71 und
855 2790 81 49 es
990 2770 285 67 kamen
1332 2788 148 49 uns
1537 2763 129 73 die
1720 2761 297 73 brüder
2071 2785 152 47 von
2279 2758 535 74 allenthalben
2872 2764 369 85 entgegen

638 2883 141 69 mit
845 2883 206 71 allen
1122 2878 449 93 möglichen
1644 2876 386 95 sprachen
2103 2875 140 72 der
2309 2876 187 70 weit
2563 2871 163 73 und
2794 2873 142 69 mit
3007 2868 545 90 merkwürdig
3624 2866 619 93 ziegelfarbenen
4316 2863 440 93 gesichtern

630 2998 161 70 alle
845 2996 264 73 hatten
1166 2995 229 73 einen
1453 2995 421 93 speziellen
1932 2990 289 95 geruch

640 3110 162 71 und
840 3108 284 75 etliche
1163 3130 269 49 waren
1471 3130 156 49 von
1668 3105 149 71 den
1859 3107 467 71 kilometern
2367 3103 469 92 abgehobelt
2875 3098 163 73 und
3092 3098 344 71 anderen
3493 3120 168 47 war
3715 3096 139 71 der
3908 3095 251 71 mund
4211 3095 208 72 noch
4472 3093 241 73 milch-

3210 3213 265 70 feucht
3527 3234 156 49 von
3740 3212 148 69 den
3945 3217 273 64 eutern
4274 3208 144 73 der
4470 3215 293 63 mutter

628 3340 139 71 die
821 3359 215 74 wege
1087 3342 225 90 lagen
1368 3340 78 70 in
1503 3339 337 71 weissen
1898 3335 312 71 daunen
2271 3342 226 64 unter
2553 3355 143 48 uns

642 3455 125 73 die
804 3452 794 95 telegraphendrähte
1636 3454 509 69 verknoteten
2188 3449 166 72 sich
2392 3447 165 73 und
2594 3449 413 71 schrieben
3046 3442 615 74 kabbalistische
3698 3442 317 71 zeichen
4064 3442 140 69 auf
4233 3440 151 71 den
4424 3440 337 71 himmel

635 3567 303 76 abends
992 3567 246 73 sahen
1292 3569 151 71 wir
1495 3567 154 71 wie
1707 3564 394 73 zwischen
2159 3562 150 73 den
2367 3564 281 69 beinen
2704 3560 144 71 der
2900 3560 300 71 weiber
3253 3557 125 71 die
3432 3557 325 69 blumen
3813 3577 457 70 ersprossen

642 3686 150 71 wir
843 3686 190 71 aber
1085 3706 269 49 waren
1414 3682 433 92 Vegetarier
1900 3679 162 71 und
2115 3677 560 73 Weiberfeinde

642 3801 164 71 und
858 3808 300 64 zerrten
1216 3821 147 48 uns
1420 3797 256 72 durch

642 3938 286 69 passau

635 4031 305 71 aachen

635 4153 467 85 Antwerpen

643 4260 142 72 der
836 4260 578 72 holzschnitzer
1466 4263 351 86 magerte
1871 4255 95 69 ab
2020 4255 154 69 wie
2228 4253 124 71 ein
2413 4251 198 71 dorn
2667 4248 162 73 und
2885 4251 163 68 sein
3107 4248 173 69 bart
3334 4246 279 71 wurde
3668 4246 196 70 über
3918 4243 159 71 und
4135 4244 196 70 über
4384 4250 120 62 rot

642 4377 157 69 mir
848 4371 379 75 wuchsen
1283 4370 188 74 bald
1529 4370 357 95 gedichte
1944 4366 161 71 und
2159 4361 757 76 hadschurawälder
2967 4365 110 67 im
3131 4361 196 92 köpf

640 4488 435 73 lichtflüsse
1129 4485 806 74 durchschwammen
1991 4488 247 66 ratten
2298 4480 360 71 zweimal
2711 4500 144 51 vor
2907 4498 148 50 uns

710 4583 16 3 —-
736 4584 12 2 —
841 4578 12 8 ''■
979 4580 11 12 )■

640 4605 147 71 auf
828 4620 325 75 grossen
1205 4602 288 71 flössen
1553 4603 428 88 gemustert
2033 4598 141 70 mit
2228 4595 603 91 hosenknöpfen
2887 4592 166 71 und
3105 4590 444 91 vogeleiern

642 4720 79 70 in
777 4722 489 90 postämtern
1321 4715 321 73 harrten
1698 4715 307 70 meiner
2055 4712 246 71 briefe
2355 4708 141 73 der
2547 4708 382 92 geliebten

645 4830 208 75 doch
907 4832 129 71 ich
1089 4835 294 66 wusste
1439 4827 127 74 die
1629 4827 281 73 nächte
1964 4827 213 71 seien
2232 4849 127 46 am
2416 4824 330 71 meisten
2801 4824 347 69 verlaust

640 4971 91 51 so
794 4949 372 71 arbeitete
1227 4945 133 73 ich
1426 4944 206 73 denn
1703 4942 397 73 nächtlich
2166 4964 96 48 an
2326 4940 314 72 meinen
2704 4935 408 93 gedichten
3178 4934 127 72 die
3358 4956 139 49 aus
3551 4934 345 71 meinem
3949 4932 237 91 köpfe
4237 4934 154 67 wie
4443 4930 282 93 goldbe-

3392 5047 270 73 haarte
3715 5049 413 69 lämmlein
4182 5047 586 71 hervorkamen

648 5177 180 73 kein
884 5177 306 72 zweifei
1244 5174 139 73 das
1443 5172 179 73 sind
1674 5172 127 72 die
1852 5172 485 72 hilflosesten
2396 5169 196 71 tiere

650 5291 205 73 doch
909 5289 393 73 versteckt
1348 5288 328 94 jemand
1730 5288 126 71 die
1912 5288 208 71 füsse
2172 5286 261 71 hinter
2486 5281 150 73 den
2684 5281 249 73 ohren

647 5430 88 49 so
785 5406 290 73 rieseln
1128 5404 450 73 rollbalken
1636 5403 523 71 erschrocken
2221 5399 373 71 hinunter

647 5521 142 71 das
841 5521 100 71 ist
992 5542 241 49 unser
1283 5520 231 71 leben

647 5631 133 76 die
830 5633 514 73 zollwächter
1400 5633 352 71 drücken
1807 5633 127 69 bei
1979 5630 229 94 jeder
2259 5628 438 73 haltesteile
2751 5626 178 71 eine
2982 5623 442 93 Stampiglie
3476 5623 141 69 auf
3661 5643 239 49 unser
3950 5621 187 73 herz

648 5752 166 69 und
865 5750 152 69 wir
1068 5748 524 73 schwimmen
1654 5770 149 48 nur
1856 5748 274 70 weiter
2182 5745 183 71 dem
2421 5762 325 72 morgen
2801 5763 94 48 zu

648 5863 359 71 fürwahr
1060 5885 79 49 es
1195 5868 215 65 wäre
1465 5862 431 93 gescheiter
1947 5884 234 49 wenn
2228 5858 473 93 jedermann
2755 5856 145 70 mit
2955 5853 357 73 süssholz
3366 5851 195 73 oder
3612 5850 655 73 kartoffelzucker
4318 5846 455 75 schacherte

647 5982 167 69 teilt
867 5978 201 72 euch
1124 5977 127 73 die
1304 5980 186 70 weit
1544 5978 124 70 ein
1722 5978 78 70 in
1857 5977 141 71 der
2047 5975 127 71 ihr
2227 5977 159 69 labt

652 6121 144 47 uns
852 6099 98 67 ist
1002 6117 82 49 es
1136 6094 240 72 leicht
1429 6095 152 70 wir
1632 6092 251 91 gehen
1939 6090 289 93 täglich
2281 6090 293 90 fünfzig
2624 6088 419 70 kilometer
3095 6107 139 49 aus
3287 6085 128 70 ihr
3466 6083 285 72 hinaus

647 6215 81 68 in
799 6212 313 71 tunnels
1178 6210 141 72 auf
1378 6207 183 73 dem
1627 6209 368 88 rückgrat
2059 6229 151 47 von
2279 6205 290 92 bergen
2638 6200 164 71 und
2875 6202 81 68 in
3026 6200 150 71 den
3241 6199 620 91 schweigsamen
3927 6193 428 75 deutschen
4414 6192 358 73 wäldern

650 6329 151 71 wir
853 6334 293 83 spüren
1202 6324 151 71 den
1410 6322 292 95 geruch
1761 6320 342 72 frischen
2160 6320 339 92 düngers
2553 6317 139 71 auf
2738 6315 149 72 den
2943 6314 301 73 feldern
