3849 4572
1358 405 113 60 210

1920 412 280 54 Leonhard
2226 413 191 53 Frank
2455 435 21 21 ♦
2514 416 108 52 Die
2648 416 364 67 Kriegswiiwe

1364 609 246 72 hinauf.
1645 610 245 72 Wurde
1924 610 607 88 heruntergezogen.
2570 612 319 73 Kletterte
2911 615 235 75 wieder
3170 615 150 72 halb
3344 616 237 78 hinauf.

1363 704 295 80 Erleben,
1692 705 113 69 das
1839 703 227 72 keinen
2106 705 402 74 Widerstand
2542 706 181 72 mehr
2756 706 175 83 fand,
2970 708 472 73 durchströmte
3475 718 106 72 sie.

1458 797 188 71 Noch
1662 795 191 73 bevor
1871 799 92 69 sie
1979 828 148 41 vom
2145 798 242 88 Wagen
2405 800 234 72 wieder
2658 800 375 87 losgerissen
3053 802 254 72 werden
3334 803 247 88 konnte,

1363 889 233 84 beugte
1632 888 137 72 sich
1802 889 113 71 der
1948 889 254 73 Redner
2238 892 195 71 herab
2466 894 135 72 und
2635 893 297 71 berührte
2982 896 120 68 mit
3147 897 204 70 seiner
3398 896 183 77 Hand

1359 981 170 72 sanft
1559 982 183 71 ihren
1777 983 359 71 zerrauften
2170 985 304 73 Scheitel.

1455 1075 184 80 „Red
1675 1076 90 70 du
1799 1076 178 72 nicht
2012 1080 279 80 weiter“,
2328 1080 233 71 drohte
2591 1082 105 69 ein
2729 1079 316 73 Arbeiter.

1449 1167 339 86 Johlende,
1825 1169 481 89 halbwüchsige
2337 1173 351 81 Burschen,
2724 1203 150 42 zum
2921 1173 237 87 Kriege
3204 1175 166 72 noch
3415 1179 166 74 nicht

1360 1261 300 87 tauglich,
1697 1261 256 74 klebten
1986 1263 111 71 auf
2126 1264 126 72 den
2296 1265 690 87 Mauervorsprüngen.

1454 1353 121 72 Ein
1608 1352 618 86 Trambahnführer,
2277 1358 113 71 der
2437 1358 442 72 weiterfahren
2930 1359 233 81 wollte,
3196 1390 237 57 sprang
3463 1394 114 44 von

1356 1448 244 69 seinem
1665 1448 315 71 zwischen
2047 1449 358 73 Menschen
2478 1452 415 85 eingekeilten
2960 1453 240 87 Wagen
3266 1453 310 85 herunter,

1356 1538 268 87 drängte
1653 1540 136 71 sich
1825 1570 132 43 vor.
1994 1542 156 72 Und
2184 1562 438 64 verstummte,
2654 1546 90 71 als
2780 1546 112 71 der
2926 1546 255 72 Redner
3214 1547 230 73 wieder
3477 1550 67 71 be-

1359 1663 200 54 gann:

1455 1725 182 81 „Wie
1671 1726 126 84 ich,
1832 1728 154 73 habt
2020 1729 164 71 auch
2220 1729 101 71 ihr
2363 1730 449 74 rücksichtslos
2846 1733 159 71 nach
3049 1731 206 73 nichts
3289 1734 286 75 anderem

1357 1820 301 83 gestrebt,
1693 1821 91 70 als
1819 1852 69 39 so
1925 1823 123 71 viel
2081 1821 221 87 Erfolg
2337 1825 115 70 wie
2487 1852 123 43 nur
2654 1824 277 86 möglich
2978 1856 80 40 zu
3104 1825 230 82 haben,
3382 1828 152 72 unbe-

1356 1912 348 82 kümmert,
1740 1914 84 71 ob
1872 1915 286 72 dadurch
2205 1918 100 69 ein
2360 1917 389 72 Mitmensch
2805 1919 97 70 ins
2954 1919 164 71 Leid
3169 1921 137 69 und
3350 1921 66 69 in
3472 1923 100 70 das

1356 2004 203 73 Elend
1594 2007 179 72 sank.
1807 2008 139 73 Wie
1972 2008 126 81 ich,
2126 2009 152 72 habt
2302 2009 162 73 auch
2499 2011 97 70 ihr
2631 2011 104 71 die
2760 2009 520 88 erfolgreichsten
3308 2013 226 73 Gewalt-

1355 2101 263 82 tätigen,
1652 2101 104 71 die
1789 2131 103 41 am
1928 2102 272 71 meisten
2235 2102 250 83 Macht,
2520 2103 212 72 Besitz
2765 2106 136 71 und
2932 2106 323 74 Autorität
3299 2106 111 71 auf
3452 2109 119 71 sich

1355 2195 380 84 vereinigen,
1774 2194 89 72 als
1895 2192 407 75 Autoritäten
2337 2196 346 74 anerkannt
2709 2199 137 70 und
2874 2197 397 74 bewundert.
3307 2200 133 72 Wir
3464 2201 107 71 alle

1355 2313 208 42 waren
1584 2285 179 80 stolz,
1780 2316 182 41 wenn
1981 2316 235 41 unsere
2233 2288 287 72 schlecht
2542 2289 342 72 beratenen
2908 2289 252 75 Kinder
3177 2294 394 82 patriotische

1355 2376 276 86 Kampf-
1658 2379 135 71 und
1820 2379 397 72 Mordlieder
2241 2411 259 56 sangen.
2539 2383 155 71 Und
2713 2383 87 71 als
2821 2384 105 70 die
2939 2385 363 87 mächtigen
3327 2387 209 69 Autori-

1352 2484 173 56 täten
1561 2473 101 70 die
1694 2470 315 88 Truppen
2037 2474 425 73 marschieren
2489 2477 234 81 ließen,
2749 2478 284 84 jubelten
3067 2479 117 71 wir
3209 2479 135 71 und
3376 2509 193 43 waren

1354 2563 358 83 begeistert.
1746 2564 135 72 Wir
1914 2567 306 84 jubelten,
2254 2567 92 71 als
2396 2567 106 71 die
2542 2587 207 54 ersten
2782 2570 635 86 Siegesnachrichten
3447 2573 90 69 ein-

1351 2656 214 74 liefen.
1585 2656 137 72 Wir
1736 2660 307 84 jubelten.
2061 2660 328 84 Jubelten!
2408 2661 156 72 Und
2583 2662 400 74 kümmerten
3003 2694 120 42 uns
3143 2666 175 71 nicht
3336 2666 229 79 darum,

1352 2751 126 70 daß
1512 2751 172 71 beim
1718 2751 375 73 Erstürmen
2127 2755 178 71 einer
2338 2754 281 87 Festung
2661 2755 518 86 fünfzigtausend
3224 2759 341 71 Menschen

1352 2848 308 67 zerrissen
1675 2846 277 72 werden.
1973 2844 324 75 Zerrissen
2310 2849 257 71 werden
2593 2850 292 81 mußten,
2913 2851 198 72 damit
3138 2851 203 73 durch
3364 2853 199 70 diesen

1352 2935 369 87 ungeheuer
1733 2939 600 74 verbrecherischen
2353 2942 456 72 maschinellen
2829 2942 360 73 Gewaltakt
3205 2945 104 72 die
3334 2943 196 84 Erfolg-

1354 3031 310 71 reichsten
1700 3032 165 71 noch
1900 3033 181 71 mehr
2117 3034 250 80 Macht,
2403 3036 103 69 die
2530 3036 419 72 Besitzenden
2978 3038 165 74 noch
3170 3037 180 74 mehr
3374 3038 189 70 Besitz

1351 3122 382 74 bekommen
1783 3126 276 71 können.
2127 3126 136 72 Wir
2307 3127 399 72 kümmerten
2752 3160 121 41 uns
2922 3131 177 71 nicht
3143 3132 245 79 darum,
3435 3126 126 73 weil

1350 3217 115 70 wir
1500 3216 194 72 selbst
1731 3218 206 73 nichts
1968 3220 266 72 anderes
2268 3221 90 70 als
2387 3221 112 71 das
2525 3221 358 85 Verlangen
2912 3224 163 72 nach
3100 3224 237 85 Erfolg,
3370 3222 192 71 Besitz

1350 3310 136 70 und
1521 3310 229 72 Macht
1780 3312 68 69 in
1886 3343 119 39 uns
2048 3332 252 66 trugen.
2371 3314 154 71 Und
2569 3314 207 72 dieses
2836 3316 355 87 Verlangen
3238 3318 179 83 logen
3461 3314 101 70 wir

1350 3432 110 40 um
1497 3405 66 67 in
1599 3403 467 73 Patriotismus.
2135 3396 139 80 Wir
2332 3420 260 60 müssen
2627 3409 125 71 den
2788 3410 271 71 Frieden
3092 3410 286 85 bringen.
3442 3405 120 71 Wir

1351 3494 207 74 haben
1585 3497 124 71 den
1732 3495 198 89 Krieg
1948 3499 546 74 mitverschuldet.
2531 3500 137 73 Wir
2683 3503 145 70 sind
2847 3503 291 74 Mörder.
3170 3504 133 70 Wir
3320 3514 240 58 müssen

1345 3619 123 39 uns
1502 3591 494 85 entsündigen.“

1443 3681 443 75 Gefährliches
1907 3685 271 72 Murren
2198 3686 216 71 wuchs
2441 3718 103 50 an,
2564 3688 391 72 verdichtete
2981 3688 133 72 sich
3141 3719 81 39 zu
3247 3683 311 75 einzelnen

1346 3771 385 85 Zornrufen,
1779 3777 106 71 die
1923 3779 134 71 sich
2090 3779 243 72 schnell
2367 3782 659 79 aneinanderreihten,
3076 3781 96 71 bis
3208 3780 231 71 zuletzt
3468 3773 90 70 ein

1347 3867 299 86 einziger,
1669 3869 216 85 langer
1904 3870 249 81 Schrei,
2168 3903 71 39 so
2262 3874 146 71 dick
2428 3876 118 69 wie
2568 3875 113 70 der
2697 3874 195 81 Platz,
2916 3906 150 39 zum
3089 3873 283 73 Himmel
3389 3870 168 79 stieg.
