3397 4572
1269 437 217 55 Glossen

2399 457 100 60 263

1866 2411 74 77 S.
1984 2428 400 63 Friedlaender

259 641 73 57 die
352 636 496 68 Mathematik,über
870 641 213 63 Euklid;
1098 647 65 56 da
1183 650 159 57 sehen

258 718 72 56 die
349 713 197 59 Herren
569 713 484 71 „Metageometer“
1073 723 82 56 die
1183 726 158 57 üblen

256 791 174 67 Folgen
526 788 138 60 ihrer
759 793 579 66 erkenntniskritischen

252 864 496 70 Ahnungslosigkeit.
807 871 265 59 Professor
1105 875 232 61 Einstein

254 947 76 56 hat
372 942 197 57 freilich
602 943 115 57 Zeit
762 970 186 47 genug,
1000 951 143 58 Kant
1188 956 149 57 nicht

251 1046 56 32 zu
336 1019 253 57 studieren
716 1024 67 65 ja,
816 1024 91 58 das
941 1027 395 63 Nichtstudium

251 1098 151 57 Kants
433 1096 145 57 führt
609 1097 158 58 leicht
801 1125 92 33 zur
924 1103 374 62 Weitberühmt-

249 1177 109 54 heit.
388 1173 285 67 Beweglich
707 1176 136 69 klagt
863 1179 295 64 Rathenau:
1192 1184 139 65 „Die

249 1250 28 56 1
291 1261 144 45 ränen
470 1249 89 56 des
594 1250 268 60 Glaubens
885 1258 340 60 vertrocknen
1247 1286 81 34 am

247 1327 149 56 Feuer
425 1327 88 56 des
547 1328 464 63 mechanistischen
1056 1336 272 59 Willens.“

245 1403 157 57 Schön
448 1418 170 55 gesagt
631 1410 14 53 I
710 1405 270 63 Rathenau
1034 1412 86 57 hat
1172 1416 124 55 über-

244 1479 160 67 haupt,
435 1502 89 33 aus
556 1482 197 57 seinem
786 1483 96 58 Stil
931 1511 62 33 zu
1040 1491 284 68 schließen,

242 1558 99 54 eine
390 1555 320 61 himmlische
763 1560 165 60 Seele.
995 1564 108 59 Mit
1154 1569 168 59 dieser

241 1631 170 68 seligen
434 1631 146 59 Seele
602 1634 214 60 bemüht
838 1661 55 34 er
914 1640 126 66 sich,
1059 1643 230 60 Deutsch-

240 1710 105 56 land
373 1710 51 55 in
456 1710 103 56 den
590 1710 163 60 Sattel
793 1738 65 34 zu
893 1733 170 42 setzen
1206 1747 84 33 ver-

240 1785 200 57 mutlich
472 1786 93 58 soll
598 1789 138 57 dann
771 1793 90 56 der
894 1794 108 58 Ritt
1036 1797 278 61 himmelan

237 1861 179 68 gehen?

302 1938 99 55 Der
434 1938 194 71 Kampf
673 1943 91 57 der
811 1945 163 59 Liebe
1027 1973 161 45 gegen
1224 1953 90 57 das

237 2012 306 70 Einmaleins,
578 2019 90 56 des
703 2020 268 60 Glaubens
995 2048 160 46 gegen
1178 2030 101 57 Wis-

237 2114 75 33 sen
362 2094 101 54 und
522 2094 299 70 Mechanik,
882 2101 91 56 des
1032 2104 278 60 Instinktes

236 2189 138 46 gegen
405 2170 98 57 den
538 2171 236 60 Intellekt
818 2178 138 55 zieht
1000 2181 108 56 sich
1143 2184 165 57 durch

235 2242 76 56 das
350 2244 137 58 Buch
537 2247 256 60 hindurch
840 2255 111 56 und
999 2258 309 64 parfümiert

233 2343 45 31 es
317 2321 409 72 weihräucherig.
791 2329 109 57 Der
946 2333 98 57 Stil
1092 2336 65 55 ist
1204 2362 101 33 von

233 2396 121 56 einer
381 2400 136 56 nicht
562 2404 149 56 mehr
755 2429 64 33 zu
866 2407 438 73 übertreffenden,

1390 654 328 72 unfreiwillig
1738 659 298 61 komischen
2065 664 433 73 Ernsthaftigkeit

1389 731 111 56 und
1520 731 213 61 Würde.
1761 736 156 60 Diese
1939 742 356 65 gravitätische
2324 745 145 60 Feier-

1387 805 207 61 lichkeit
1639 811 88 57 hat
1775 816 135 56 noch
1962 817 170 59 nichts
2183 821 171 59 davon
2406 848 59 43 ge-

1387 895 168 54 spürt,
1576 887 103 57 daß
1696 914 119 33 man
1836 916 64 33 an
1919 895 92 57 der
2025 896 332 60 ernsthaften
2376 901 78 57 Hu-

1385 961 350 70 morlosigkeit
1766 969 102 55 den
1892 970 199 58 Narren
2126 972 228 70 erkennt,
2378 980 113 56 und

1383 1036 103 56 daß
1539 1038 128 59 Gott
1721 1045 106 56 und
1881 1046 279 70 Heiligkeit
2204 1051 173 70 längst
2423 1079 65 33 zu

1380 1111 181 59 lachen
1596 1117 269 69 begonnen
1900 1123 185 60 haben.
2149 1129 58 57 In
2241 1131 93 56 der
2367 1131 121 67 Tat,

1379 1192 185 62 gerade
1596 1195 92 55 der
1727 1196 291 62 Behandler
2061 1203 91 56 des
2193 1221 292 45 ernstesten

1378 1264 242 70 Themas,
1656 1294 46 35 z.
1728 1272 61 60 B.
1822 1276 90 56 des
1963 1277 222 69 Lebens,
2221 1282 135 59 kann
2395 1308 91 45 gar

1375 1343 144 57 nicht
1550 1346 163 59 heiter
1745 1372 171 49 genug
1948 1357 127 55 sein.

1450 1442 319 71 Religiosität
1813 1451 149 59 sollte
2006 1455 127 65 sich,
2182 1474 188 42 anstatt
2415 1485 65 33 zu

1370 1520 337 70 schwärmen,
1773 1527 52 56 in
1883 1529 104 57 den
2047 1532 281 65 „Grenzen
2387 1539 94 56 der

1370 1598 175 56 reinen
1613 1600 297 61 Vernunft“
1972 1607 171 59 halten
2207 1614 112 54 und
2382 1615 93 57 das

1370 1673 207 64 „kalte“
1609 1677 320 61 Pflichtideal
1963 1684 167 58 Kants
2173 1686 162 59 lieber
2364 1706 86 41 stu-

1366 1751 176 57 dieren
1573 1753 74 56 als
1680 1760 381 67 wegpredigen.
2097 1761 107 57 Wir
2237 1766 207 67 empfeh-

1364 1827 82 56 len
1496 1830 171 57 Herrn
1722 1832 267 61 Rathenau
2043 1837 132 68 (und
2230 1841 244 71 beiläufig

1361 1905 132 55 auch
1528 1908 196 56 seinem
1759 1910 357 62 Rezensenten
2165 1916 307 75 Mauthner)

1361 1981 84 56 die
1486 1983 340 70 sorgfältigste
1874 1988 225 61 Lektüre
2151 1993 92 58 des
2295 2012 171 42 ersten

1361 2056 238 61 Denkers
1630 2062 94 56 der
1759 2063 327 70 Gegenwart,
2130 2070 94 58 des
2258 2073 208 58 wahren

1357 2133 350 70 Philosophen
1741 2139 155 59 Ernst
1943 2143 231 68 Marcus,
2222 2148 93 56 der
2361 2174 101 34 von

1356 2209 100 59 den
1492 2211 290 69 Zünftlern,
1817 2218 95 57 wie
1944 2244 53 31 es
2030 2221 110 57 sich
2168 2223 185 60 immer
2380 2227 85 57 für

1354 2289 73 55 sie
1459 2289 197 68 gehört,
1689 2296 429 70 totgeschwiegen
2154 2302 147 57 wird.

589 2624 329 93 Notizen

292 2753 204 79 Qustav
537 2753 329 71 foandauer
904 2771 246 58 scßreiht
1186 2781 118 52 min

230 2849 273 66 »Schlechte
541 2861 249 71 Beispiele
830 2868 280 59 verderben
1174 2889 120 51 gute

228 2923 157 64 Sitten.
418 2933 129 59 Dem
561 2938 201 70 Bespiel
778 2942 240 60 Wilhelm
1034 2947 256 68 Bölsches,

228 3004 73 54 der
336 3009 71 55 bei
447 3013 167 59 seinen
642 3017 375 74 Erörterungen
1053 3025 127 56 über
1200 3027 90 56 das

228 3077 176 73 Prinzip
456 3088 87 57 der
594 3098 373 68 gegenseitigen
1023 3100 143 58 Hilfe
1218 3105 71 56 als

227 3173 112 40 ei!ies
365 3161 558 77 Entwicklungsfaktors
961 3201 55 32 es
1042 3194 132 41 trotz
1201 3204 58 43 ge-

227 3247 130 41 nauer
393 3237 248 65 Kenntnis
682 3248 89 57 des
804 3249 355 61 Sachverhalts
1200 3280 58 43 ge-

226 3308 256 63 flissentlich
510 3326 295 64 vermeidet,
829 3328 145 57 Peter
998 3331 284 68 Krapotkin

227 3398 48 36 2«
325 3408 204 51 nennen,
588 3398 125 70 folgt
772 3427 105 33 nun
937 3407 130 57 auch
1126 3408 159 59 Adolf

227 3465 185 94 fjfeisch
439 3492 14 32 *
458 3493 31 33 n
512 3476 188 58 seinem
720 3479 213 60 Aufsatz
961 3484 189 65 „Ethik
1173 3489 108 56 und

226 3535 190 70 bioiogie
434 3554 31 21 “
536 3550 285 74 (Aprilheft
896 3561 91 55 der
1067 3563 210 59 Weißen

280 3651 21 38 r
456 3622 103 59 Das
586 3627 131 61 kann
746 3634 167 59 nichts
940 3661 63 33 an
1032 3639 92 57 der
1154 3639 125 59 Tat-

226 3699 40 37 Sa
268 3707 23 62 5
307 3709 38 34 16
371 3698 195 68 ändern,
602 3707 99 57 daß
729 3710 146 58 Peter
904 3714 284 69 Krapotkin
1227 3719 50 56 in

228 3826 50 43 W
313 3801 33 59 V
412 3775 441 70 wissenschaftlich
910 3790 366 61 bedeutsamen

279 3858 42 33 er
324 3869 11 24 *
335 3864 15 32 c
353 3887 11 19 *
392 3870 83 37 oas
506 3876 162 41 zuerst
701 3863 51 56 in
785 3865 100 56 den
908 3868 186 66 Jahren
1139 3872 138 57 1890

1354 2645 73 58 bis
1477 2649 137 58 1896
1648 2654 292 60 erschienen
1970 2660 80 64 ist,
2079 2663 71 56 im
2182 2663 271 61 Anschluß

1347 2747 64 33 an
1453 2726 99 56 den
1595 2729 214 70 Vortrag
1850 2734 89 56 des
1982 2735 296 71 Theologen
2314 2744 138 57 Prof.

1348 2799 206 59 Kessler
1580 2828 50 33 in
1666 2806 77 57 St.
1771 2809 322 72 Petersburg,
2135 2816 83 56 die
2240 2843 175 53 gegen-

1342 2885 197 72 seitige
1578 2881 153 78 Qilfe
1783 2890 96 53 der
1917 2889 329 62 Individuen
2304 2904 151 52 einer

1342 2960 114 52 und
1489 2961 97 54 der
1627 2962 303 59 nämficßen
1994 2969 108 57 <%rt
2156 2975 291 64 ergänzend

1338 3031 167 56 neben
1577 3034 99 57 den
1750 3040 232 77 {Kampf
2039 3069 118 34 ums
2230 3048 214 60 {Dasein

1336 3130 79 34 zw
1415 3131 20 33 j
1436 3131 59 35 sc
1496 3110 105 57 den
1967 3112 294 68 {lndividueneiner
2262 3130 55 52 und
2351 3131 96 54 der

1338 3187 304 57 nämficßen
1674 3191 114 57 {%rt
1822 3195 196 63 gestellt
2060 3196 103 60 hat.
2229 3201 214 60 Varum

1333 3260 207 59 handelt
1568 3288 52 33 es
1648 3266 108 57 sich
1784 3271 222 57 nämlich
2038 3274 80 57 bei
2150 3275 289 71 Krapotkin

1329 3338 96 56 wie
1481 3338 80 56 bei
1622 3341 243 62 Darwin.
1933 3349 100 55 Die
2088 3351 354 72 Erweiterung

1331 3415 89 55 des
1453 3416 249 70 Prinzips,
1746 3423 93 55 wie
1879 3448 74 33 sie
1990 3427 302 60 Kämmerer
2329 3435 110 56 und

1328 3491 217 58 Bölsche
1589 3497 331 66 vornehmen,
1961 3502 89 56 auf
2081 3505 99 57 den
2215 3506 196 60 Zellver-

1329 3567 135 57 band
1501 3569 93 56 des
1629 3571 360 62 Individuums
2027 3581 109 56 und
2168 3582 85 57 die
2282 3586 117 69 Sym-

1329 3643 141 59 biose
1512 3646 130 58 habe
1682 3672 91 35 vor
1804 3652 157 58 ihnen
2004 3658 86 55 icß
2124 3683 51 33 \n
2211 3663 225 59 meinem

1328 3721 231 58 Vorwort
1616 3749 91 33 zur
1747 3728 281 61 deutschen
2074 3723 365 85 Übersetzung

1326 3821 99 33 von
1460 3801 314 68 Krapotkins
1821 3808 396 74 „Gegenseitige
2250 3817 183 57 Hilfe“

1326 3877 237 58 versucht
1577 3904 13 39 ,*
1601 3881 71 56 sie
1686 3881 217 61 hataber
1914 3890 94 54 mit
2023 3890 119 58 dem
2157 3892 275 67 eigentlich
