3425 4572
1173 456 111 51 Der
1308 456 272 51 Kamerad

2376 453 108 59 237

286 658 161 71 Oder
479 653 144 71 sind
655 652 168 71 doch
857 653 106 70 die
999 654 244 70 andern
1284 653 217 81 krank,
1526 684 186 41 wenn
1740 656 109 78 sie,
1876 672 150 52 statt
2056 653 387 81 „Menschen-

282 751 181 72 salat“
493 776 78 40 zu
598 743 218 82 hören,
837 748 199 83 gierig
1064 747 112 69 das
1204 746 164 86 feige
1388 746 311 72 Gewäsch
1726 748 173 83 jener
1916 747 568 85 zeitgenössischen

286 837 453 87 Kriegsbarden
758 837 465 85 verschlingen,
1243 840 106 70 die
1366 842 118 68 wie
1501 838 481 74 Weinreisende
2009 840 105 71 für
2140 840 104 70 die
2263 838 222 73 Marke

286 931 417 87 „Weltkrieg“
756 931 200 83 emsig
1001 931 66 70 in
1114 930 299 74 Reklame
1459 932 290 80 machen,
1793 934 140 71 weil
1979 936 91 68 sie
2116 931 209 81 dafür,
2368 934 117 70 wie

284 1024 583 75 kommandierende
917 1021 331 83 Generäle,
1302 1028 64 66 in
1415 1024 207 72 Autos
1671 1026 509 86 umhergondeln
2230 1025 254 80 dürfen,

283 1137 156 60 statt,
460 1146 122 40 von
607 1117 208 69 einem
838 1114 332 72 Gefreiten
1199 1115 390 82 beherrscht,
1618 1119 65 70 in
1711 1119 317 84 lehmigen
2048 1118 261 71 Gräben
2337 1119 148 70 dem

282 1211 171 72 Tode
485 1208 357 86 gegenüber
875 1240 79 39 zu
990 1209 228 84 liegen.

368 1302 154 70 Gibt
556 1331 65 41 es
650 1299 283 73 wirklich
969 1299 358 73 Menschen
1360 1331 113 41 aus
1505 1299 249 74 Fleisch
1801 1303 133 70 und
1970 1302 172 81 Blut,
2178 1303 105 70 die
2318 1303 165 70 noch

283 1400 127 67 eine
433 1392 272 85 Zeitung
736 1395 68 68 in
841 1393 102 70 die
970 1392 192 73 Hand
1197 1393 272 72 nehmen
1501 1393 273 82 können,
1803 1395 168 71 ohne
1996 1393 126 72 daß
2147 1395 193 71 ihnen
2371 1396 113 70 der

284 1489 261 70 Schaum
579 1514 113 42 vor
724 1486 147 71 dem
908 1486 217 71 Mund
1157 1486 222 71 stände
1392 1493 30 63 ?
1476 1486 190 71 Kann
1702 1518 146 39 man
1883 1487 283 72 wirklich
2201 1489 110 68 das
2337 1489 148 70 Bild

283 1611 111 40 von
418 1578 534 85 angeschossenen
971 1578 456 82 Zweifüßlern,
1449 1581 105 70 die
1576 1599 185 52 unter
1787 1580 430 73 strömendem
2245 1581 236 83 Regen,

282 1673 100 70 auf
402 1675 168 68 einer
595 1670 460 87 schlammigen
1073 1670 229 82 Wiese,
1327 1673 304 85 langsam,
1655 1672 458 86 stumpfsinnig
2132 1673 349 80 verbluten,

283 1769 80 68 im
381 1763 239 71 Gehirn
637 1782 242 66 tragen,
899 1764 137 70 und
1054 1764 165 70 doch
1239 1764 188 84 ruhig
1444 1766 103 69 die
1562 1764 466 71 Schurkereien
2046 1764 160 71 über
2225 1764 222 71 lücken-

286 1858 157 69 losen
462 1856 575 80 Samariterdienst,
1058 1857 305 70 federnde
1384 1856 523 86 Krankenwagen
1934 1857 136 70 und
2095 1857 188 71 nobel
2310 1877 139 64 tape-

283 1952 177 70 zierte
476 1948 559 86 Schützengräben
1063 1951 192 79 lesen,
1283 1954 118 67 mit
1429 1950 282 72 welchen
1738 1951 173 71 diese
1932 1951 194 71 Kerle
2153 1951 134 70 sich
2314 1952 136 70 mili-

284 2041 197 71 tärfrei
514 2041 258 73 dichten
786 2049 32 63 ?

366 2134 348 71 Menschen
761 2133 235 72 kehren
1043 2133 168 73 heim
1258 2136 117 72 mit
1420 2135 235 80 stillen,
1699 2136 399 72 staunenden
2130 2134 251 85 Augen,
2415 2138 68 68 in

284 2225 186 71 denen
513 2228 110 70 der
656 2225 150 73 Tod
843 2227 136 71 sich
1015 2227 165 71 noch
1214 2225 267 87 spiegelt
1498 2257 17 51 ,*
1563 2229 201 83 gehen
1799 2228 219 80 scheu,
2055 2230 119 69 wie
2208 2227 230 75 Traum-

286 2319 275 79 wandler,
589 2318 207 71 durch
830 2319 348 71 funkelnde
1206 2319 295 71 Straßen.
1552 2321 72 71 In
1660 2321 184 71 ihren
1868 2319 222 73 Ohren
2126 2321 156 69 hallt
2318 2321 165 71 noch

284 2409 98 72 das
396 2411 286 72 tierische
691 2412 407 85 Wutgeheul,
1111 2415 112 68 das
1236 2415 88 68 sie
1338 2413 197 71 selbst
1552 2415 66 69 in
1629 2415 123 71 den
1765 2412 217 71 Orkan
1996 2415 110 69 des
2116 2413 320 71 Trommel-

287 2501 188 72 feuers
509 2505 517 85 hineingebrüllt,
1063 2535 112 40 um
1208 2505 180 71 nicht
1424 2506 250 71 bersten
1708 2538 79 38 zu
1812 2519 257 58 müssen
2095 2535 113 41 vor
2233 2507 251 70 innerer

286 2591 139 74 Not.
496 2596 126 71 Mit
659 2596 262 71 Grauen
957 2596 289 84 bepackt,
1281 2599 116 68 wie
1431 2601 102 68 ein
1559 2597 329 82 Maultier,
1924 2597 298 73 kommen
2255 2601 92 68 sie
2377 2628 104 51 an,

288 2685 109 71 den
428 2708 359 53 erstaunten
822 2689 180 72 Blick
1034 2689 426 81 erstochener,
1496 2690 432 84 erschlagener
1959 2690 239 71 Feinde
2233 2694 86 67 im
2347 2689 89 72 Ge-

289 2780 223 80 wissen,
625 2784 134 69 und
773 2812 216 55 wagen
1004 2783 125 71 den
1147 2783 214 70 Mund
1375 2784 177 69 nicht
1567 2813 78 40 zu
1661 2783 236 80 öffnen,
1914 2784 80 70 da
2008 2783 148 71 alles
2173 2787 306 81 ringsum,

288 2870 70 69 da
382 2870 169 74 Weib
575 2877 136 70 und
739 2876 179 71 Kind
946 2876 217 80 selbst,
1194 2878 115 67 mit
1341 2876 488 85 geschwätziger
1855 2876 281 83 Neugier
2163 2906 124 41 von
2314 2874 125 71 Gra-

289 2981 186 63 naten,
502 2964 415 77 Gasbomben
943 2968 136 70 und
1105 2967 600 86 Bajonettangriffen
1733 2968 384 85 drehorgelt.
2151 2968 89 71 So
2266 2970 214 83 perlen

291 3052 90 72 die
413 3057 410 89 ürlaubstage
867 3091 79 41 an
993 3061 193 71 ihnen
1232 3062 100 79 ab,
1369 3061 136 70 und
1540 3061 105 71 die
1680 3061 348 70 Rückfahrt
2074 3065 65 67 in
2174 3062 123 71 den
2330 3060 151 72 Tod

291 3165 70 51 ist
388 3147 304 92 Erlösung
735 3184 123 42 von
899 3154 114 71 der
1046 3154 266 71 Scham:
1345 3156 104 69 ein
1474 3154 375 84 verkappter
1876 3155 285 84 Feigling
2196 3185 284 54 gewesen

292 3263 66 42 zu
375 3268 124 44 sein
518 3264 184 52 unter
721 3248 123 68 den
861 3245 717 84 Daheimgebliebenen,
1595 3245 103 70 für
1717 3246 101 72 die
1835 3245 269 73 Sterben
2119 3248 135 70 und
2267 3246 212 72 Töten

349 3338 394 84 smeinplätze
777 3340 165 72 ohne
978 3339 280 73 Schauer
1291 3340 359 85 geworden.

372 3422 80 72 So
476 3457 169 56 mags
673 3432 169 71 denn
870 3462 71 40 so
966 3434 157 78 sein,
1144 3434 212 69 meine
1374 3431 249 71 Herren
1645 3431 331 71 Doktoren
1994 3438 14 62 I
2037 3431 81 71 Es
2146 3433 80 69 ist
2250 3431 191 71 ehren-

296 3514 123 80 voll,
435 3519 106 70 der
552 3521 338 75 Tobsucht
909 3525 347 85 bezichtigt
1274 3555 81 39 zu
1370 3525 254 69 werden
1651 3525 214 69 diesen
1886 3522 335 72 Halunken
2248 3554 193 54 gegen-

296 3608 155 80 über,
470 3612 119 83 die,
604 3645 111 41 um
731 3617 129 71 den
880 3616 182 86 Kopf
1081 3649 114 39 aus
1220 3619 115 71 der
1354 3616 302 84 Schlinge
1681 3648 80 38 zu
1789 3616 240 80 ziehen,
2050 3617 104 70 die
2173 3617 263 73 Mensch-

297 3700 108 68 ueit
435 3733 67 40 so
532 3706 270 75 herrlich
838 3710 387 85 abgehärtet,
1262 3710 109 70 das
1401 3709 340 71 Mitleiden
1774 3709 389 85 abgeschafft
2192 3712 137 70 und
2356 3712 123 70 den

298 3782 153 82 Stolz
472 3799 107 70 auf
603 3800 272 74 fremdes
903 3803 161 72 Leid
1084 3803 447 83 eingebürgert
1558 3801 227 82 haben,
1813 3822 172 62 statt,
2117 3804 88 71 als
2236 3808 245 82 einzige

300 3880 218 79 fvlittler
560 3895 310 71 zwischen
907 3895 133 73 Not
1086 3897 134 71 und
1255 3894 247 82 Macht,
1651 3897 112 71 das
1798 3894 332 76 Gewissen
2166 3898 114 71 der
2311 3898 170 71 Welt
