3800 4572
1301 443 114 59 218

1868 446 279 53 Leonhard
2173 446 188 53 Frank
2399 456 21 33 *
2461 446 108 52 Die
2597 443 361 67 Kriegswitwe

1305 647 345 72 Millionen
1697 647 178 71 Liter
1919 643 419 86 dampfendes
2389 643 499 72 Menschenblut
3058 642 241 72 könnte
3351 648 180 71 einen

1306 771 240 57 ganzen
1559 740 142 86 Tag
1711 741 145 84 lang
1867 738 103 73 die
1989 737 423 75 riesenhaften
2422 737 650 85 Wassermengendes
3088 736 443 86 Niagarafalles

1307 854 282 51 ersetzen
1618 834 137 71 und
1782 831 203 72 durch
2008 835 174 67 seine
2213 828 355 74 Sturzkraft
2596 831 125 70 den
2751 828 418 73 elektrischen
3192 827 214 74 Strom
3433 832 100 73 für

1303 931 144 69 eine
1493 955 198 58 ganze
1726 924 339 72 Weltstadt
2098 922 225 74 liefern
2359 982 12 14 .
2403 980 14 12 .
2450 982 13 14 .
2524 924 382 72 Sämtliches
2947 920 428 74 Rollmaterial
3424 926 109 70 der

1306 1019 456 72 Eisenbahnen
1796 1049 126 41 von
1956 1048 156 56 ganz
2138 1018 294 71 Preußen
2460 1019 220 71 würde
2714 1016 178 72 nicht
2916 1015 398 83 ausreichen,
3347 1016 181 75 allein

1306 1114 105 70 die
1435 1113 470 85 losgetrennten
1936 1110 216 87 Köpfe
2175 1112 209 71 dieser
2415 1110 163 73 zehn
2605 1108 344 74 Millionen
2976 1109 419 71 Ermordeten
3428 1116 105 68 auf

1303 1207 234 70 einmal
1556 1236 79 41 zu
1653 1208 516 81 transportieren.
2204 1203 426 74 Zivilisation!
2665 1259 105 15 ...
2806 1202 186 71 Stellt
3010 1202 162 71 euch
3189 1202 125 71 den
3334 1204 157 84 phan-

1305 1301 260 70 tastisch
1598 1298 227 87 langen
1861 1297 495 88 Eisenbahnzug
2399 1328 145 42 vor:
2592 1328 64 39 es
2690 1297 172 70 steht
2897 1296 114 70 der
3052 1315 166 51 erste
3249 1295 281 87 Waggon

1303 1392 202 71 schon
1540 1392 64 70 in
1631 1391 359 80 München,
2025 1394 89 68 im
2140 1391 285 71 Berliner
2451 1387 515 87 Hauptbahnhof
2991 1389 164 71 noch
3191 1387 113 71 der
3330 1390 200 81 letzte,

1302 1486 140 70 und
1474 1485 120 71 alle
1626 1486 147 70 sind
1825 1484 223 82 gefüllt
2088 1488 117 69 mit
2244 1485 285 85 blutigen
2562 1481 623 87 Menschenköpfen.
3250 1481 250 74 Zivilisa-

1302 1580 137 69 tion
1456 1584 133 65 !...
1625 1579 160 70 Man
1805 1578 137 86 lege
1956 1578 106 71 die
2078 1579 163 71 zehn
2261 1578 335 71 Millionen
2615 1604 219 44 armen
2854 1575 400 71 ermordeten
3271 1577 261 72 Mörder

1307 1670 183 87 Kopf
1521 1702 81 41 an
1641 1669 201 88 Kopf,
1881 1669 365 74 Fußsohlen
2281 1701 80 41 an
2396 1669 400 71 Fußsohlen!
2844 1667 132 71 Das
3017 1668 135 85 gibt
3192 1670 141 69 eine
3357 1669 137 71 sech-

1306 1766 438 71 zehntausend
1767 1763 352 73 Kilometer
2138 1763 203 88 lange,
2359 1762 358 72 lückenlose
2742 1761 454 80 Leichenlinie,
3226 1766 103 68 ein
3361 1763 136 71 sech-

1307 1857 438 71 zehntausend
1797 1857 356 71 Kilometer
2201 1857 214 85 langes
2465 1853 202 83 Grab,
2722 1855 110 69 das
2884 1885 158 53 ganz
3086 1855 441 72 Deutschland

1308 1970 375 65 umspannt.
1750 1949 162 73 Eine
1955 1950 465 80 Leichenlinie,
2469 1947 219 73 vorbei
2738 1978 82 40 an
2865 1946 329 81 Wäldern,
3245 1946 283 83 Feldern,

1310 2044 221 72 vorbei
1566 2073 83 41 an
1689 2043 228 81 vielen,
1966 2043 207 71 vielen
2220 2041 301 82 Dörfern,
2562 2072 80 40 an
2676 2041 272 73 Städten
2984 2040 238 80 vorbei,
3259 2041 272 70 Leichen

1310 2138 205 71 durch
1567 2135 213 82 Täler,
1828 2167 80 39 an
1945 2135 405 82 Flußläufen,
2392 2166 101 40 am
2529 2135 518 71 Meeresstrande
3083 2135 280 85 entlang,
3399 2138 133 67 eine

1311 2229 599 73 sechzehntausend
1943 2228 356 74 Kilometer
2426 2228 179 71 nicht
2624 2228 216 71 Meter
2953 2227 358 72 Kilometer
3338 2229 192 83 lange,

1312 2323 365 70 lückenlose
1710 2322 437 71 Leichenlinie
2176 2351 82 41 an
2294 2323 116 70 der
2441 2351 242 55 ganzen
2731 2322 353 70 deutschen
3122 2318 251 74 Grenze
3405 2340 95 52 ent-

1308 2416 172 85 lang,
1532 2416 222 71 herum
1808 2446 110 40 um
1962 2416 106 71 die
2116 2416 321 72 zahllosen
2483 2415 581 84 Ausbuchtungen,
3109 2416 68 69 in
3222 2413 121 72 alle
3387 2413 108 72 Ein-

1313 2509 279 71 schnitte
1639 2510 222 70 hinein
1879 2538 15 42 :
1946 2510 105 69 ein
2095 2509 232 70 Riesen
2355 2553 27 14 -
2413 2509 188 70 Kreis
2623 2551 27 15 -
2670 2506 181 73 Grab
2882 2537 112 40 um
3025 2538 162 55 ganz
3221 2506 272 73 Deutsch-

1313 2603 150 70 land
1499 2600 251 74 herum.
1788 2601 181 84 Kopf
2001 2632 82 41 an
2116 2600 201 85 Kopf,
2354 2599 368 74 Fußsohlen
2756 2631 83 39 an
2874 2599 402 72 Fußsohlen!
3312 2599 182 71 Sechs-

1307 2695 447 72 zehntausend
1796 2695 360 72 Kilometer
2190 2695 312 70 Leichen!
2538 2693 479 72 Zivilisation!“

1404 2810 123 72 Ein
1579 2811 218 71 wildes
1853 2811 422 81 Schluchzen,
2323 2811 112 71 das
2481 2813 120 68 wie
2650 2810 110 71 das
2808 2808 214 73 Bellen
3070 2811 169 69 eines
3277 2807 254 73 Hundes

1310 2905 213 86 klang.
1589 2904 372 86 Aufgelöste
1995 2904 338 72 Gesichter
2379 2905 267 71 drehten
2691 2904 138 71 sich
2865 2904 299 71 einander
3211 2934 100 40 zu.
3375 2900 157 71 Weit

1311 2998 208 72 offene
1536 2998 252 86 Augen.
1825 2998 346 71 Wortloses
2192 2996 264 87 Fragen.
2492 2996 128 73 Die
2637 2996 504 87 Agentenwitwe
3166 2998 112 69 sah
3301 2994 230 72 Farben

1312 3090 271 71 kreisen.
1618 3090 157 71 Und
1801 3090 300 71 taumelte
2133 3092 147 69 dem
2310 3090 600 73 Nächststehenden
2937 3120 77 40 an
3039 3089 105 70 die
3169 3089 210 71 Brust.

1405 3207 135 70 Das
1574 3206 267 72 Gesicht
1874 3208 114 72 der
2020 3207 242 87 Menge
2294 3207 317 71 leuchtete
2642 3206 234 71 wieder
2911 3205 164 72 weiß
3109 3205 131 71 auf.

1411 3324 155 81 „Ich
1584 3355 146 55 sage
1747 3325 190 70 euch:
1965 3355 124 40 von
2105 3325 238 70 diesem
2361 3323 299 71 Zeitalter
2676 3324 115 70 der
2804 3321 315 82 Technik,
3141 3321 391 73 Maschinen,

1312 3417 455 82 Nützlichkeit,
1827 3415 344 88 Ordnung,
2220 3415 474 88 Organisation,
2746 3415 218 72 Presse
3019 3417 137 70 und
3203 3409 329 78 Vernunft,

1313 3541 127 41 von
1486 3513 240 69 diesem
1772 3509 296 74 Zeitalter
2119 3512 111 70 des
2275 3511 358 86 Egoismus,
2685 3512 112 70 des
2841 3508 262 83 Geldes,
3154 3509 111 70 der
3300 3504 231 75 Macht,

1312 3602 275 84 Gewalt,
1623 3605 183 86 Lüge
1833 3606 136 70 und
1994 3605 322 71 Autorität
2349 3605 158 71 wird
2540 3605 210 71 nichts
2785 3605 187 84 übrig
3013 3602 252 73 bleiben
3311 3598 85 70 als
3441 3622 91 42 ein

1312 3696 263 73 Grauen
1625 3697 194 72 davor
1870 3699 136 70 und
2063 3696 106 71 für
2224 3699 105 70 die
2379 3699 169 70 noch
2596 3711 292 70 späteren
2938 3694 449 72 Geschlechter
3441 3714 92 44 ein

1315 3789 407 72 Gelächter.“

1414 3906 101 68 Da
1551 3925 270 63 spannte
1863 3906 113 70 der
2012 3904 265 73 Kellner
2310 3907 107 70 die
2450 3906 200 72 Arme
2680 3936 136 48 aus,
2851 3904 129 72 daß
3028 3904 208 70 hinter
3269 3901 130 69 ihm
3431 3896 103 69 der
