3825 4572
1327 448 104 61 194

1889 450 279 55 Leonhard
2192 450 188 53 Frank
2418 469 23 23 *
2481 449 105 53 Die
2611 449 362 66 Kriegswitwe

1322 654 89 70 du
1445 650 616 84 Betäubungsmittel
2095 649 315 80 nehmen;
2446 647 230 71 einmal
2709 646 237 72 wirken
2979 647 90 70 sie
3091 646 178 71 nicht
3293 647 244 82 mehr,“

1321 745 284 73 flüsterte
1630 744 114 70 der
1768 743 165 71 noch
1959 741 515 73 undurchlittene
2500 740 324 80 Schmerz,
2855 740 113 71 der
2991 739 393 85 empfunden
3407 743 132 69 sein

1322 838 207 72 wollte
1561 835 137 71 und
1728 865 73 40 so
1832 834 122 71 fest
1989 837 66 68 in
2083 833 217 72 Worte
2332 831 365 88 eingepackt
2729 859 147 52 war,
2912 830 127 71 daß
3071 833 172 70 seine
3275 830 266 74 Stimme

1323 961 125 41 von
1482 931 114 69 der
1632 928 438 84 Kriegswitwe
2104 928 177 71 nicht
2314 929 219 83 gehört
2564 927 239 71 wurde.

1416 1038 126 69 Die
1580 1036 579 84 Abzementierung
2202 1036 112 71 des
2349 1035 294 80 Gefühls,
2695 1035 112 68 des
2847 1032 370 71 Schmerzes
3254 1059 124 44 war
3424 1063 77 40 un-

1323 1129 554 87 durchdringlich;
1928 1159 71 40 so
2047 1129 612 85 undurchdringlich
2709 1153 125 44 war
2881 1126 105 70 die
3034 1127 507 70 einzementierte

1322 1223 378 86 Wortplatte
1857 1252 124 40 von
2028 1223 123 71 den
2187 1223 164 71 noch
2390 1224 89 70 im
2513 1219 374 72 dunkelsten
2922 1216 220 73 Geiste
3177 1218 155 69 alter
3364 1218 140 82 Jahr-

1322 1317 314 71 hunderte
1684 1314 366 71 Stehenden
2103 1317 474 68 einzementiert
2626 1315 62 66 in
2740 1313 110 68 das
2904 1310 483 85 empfängliche,
3439 1342 67 53 ge-

1322 1408 672 84 dankenlos-gläubige
2031 1407 250 73 Gehirn
2328 1408 111 70 des
2472 1406 229 69 Volkes
2742 1441 98 45 —,
2890 1403 126 70 daß
3064 1403 113 70 der
3226 1403 166 70 noch
3426 1433 76 41 un-

1321 1501 426 71 durchlittene
1771 1501 305 71 Schmerz
2111 1501 176 72 nicht
2319 1501 138 70 eine
2481 1497 299 72 Sekunde
2814 1498 145 83 lang
2992 1498 62 69 in
3087 1496 99 70 ihr
3208 1494 170 72 Herz
3403 1525 102 42 Vor-

1322 1596 269 83 dringen
1625 1595 258 70 konnte.

1417 1704 133 69 Der
1600 1701 613 74 Gesichtsausdruck
2260 1703 113 68 der
2420 1700 228 73 Witwe
2693 1699 242 80 wurde,
2986 1696 78 71 da
3115 1696 243 71 Gefühl
3410 1699 125 70 und

1323 1794 306 73 Schmerz
1675 1795 179 70 nicht
1896 1794 230 71 fließen
2174 1795 300 77 konnten,
2526 1822 122 42 von
2682 1790 141 85 Tag
2866 1821 79 38 zu
2991 1789 142 85 Tag
3176 1790 358 71 steinerner.

1322 1888 127 71 Die
1474 1888 256 71 Tränen
1765 1888 260 73 wurden
2053 1888 176 71 nicht
2260 1917 148 42 vom
2432 1886 249 71 Herzen
2705 1883 352 86 geschickt;
3092 1884 89 70 sie
3209 1882 184 72 liefen
3421 1914 113 40 von

1322 1981 164 71 oben
1523 2013 156 53 weg.

1406 2089 155 71 Und
1594 2090 111 70 der
1738 2091 229 69 immer
1999 2088 211 71 steifer
2243 2086 336 73 werdende
2617 2084 145 72 Haß
2809 2114 198 55 gegen
3041 2084 125 71 den
3203 2082 199 73 Feind
3435 2084 66 68 be-

1322 2180 240 87 fähigte
1610 2184 111 79 sie,
1782 2185 89 69 im
1920 2183 282 70 Traume
2258 2179 408 86 gegnerische
2718 2179 303 70 Soldaten
3088 2208 78 40 zu
3215 2178 317 84 vergiften,

1321 2275 289 69 Brücken
1646 2306 77 39 zu
1757 2302 345 57 sprengen:
2135 2274 109 70 das
2282 2275 63 68 in
2381 2273 183 71 blaue
2593 2273 189 70 Höhe
2804 2289 344 68 gespannte
3172 2269 329 71 Eisen-Fili-

1322 2397 154 55 gran
1512 2367 148 84 geht
1685 2369 64 68 in
1773 2368 111 70 der
1907 2366 197 71 Mitte
2130 2396 111 41 aus
2269 2367 123 70 den
2422 2364 242 87 Fugen,
2699 2364 180 70 senkt
2912 2363 132 70 sich
3080 2364 301 82 langsam,
3411 2361 122 69 und

1322 2462 103 69 die
1444 2458 343 74 feindliche
1807 2460 296 71 Kolonne
2118 2472 224 66 stürzt,
2362 2457 244 72 verfilzt
2626 2461 65 67 in
2711 2460 102 68 ein
2833 2455 248 73 Gewirr
3100 2485 123 41 von
3238 2455 292 83 Trägern,

1321 2552 292 80 Pferden,
1661 2554 601 82 Munitionswagen,
2312 2550 425 80 Geschützen,
2795 2550 300 70 hinunter
3142 2550 65 68 in
3257 2549 122 68 den
3429 2547 103 69 mit

1319 2645 289 72 Treibeis
1643 2646 329 87 gehenden
2011 2645 239 71 Strom.
2286 2645 145 71 Den
2459 2644 325 79 Soldaten,
2812 2644 111 70 der
2950 2641 133 71 sich
3110 2672 78 39 an
3215 2641 110 70 das
3349 2636 183 74 schief

1321 2740 64 69 in
1404 2739 126 71 den
1550 2739 282 72 Himmel
1853 2740 270 84 ragende
2137 2738 300 71 Eisenteil
2456 2736 452 73 anklammerte
2923 2735 135 70 und
3076 2734 221 80 schrie,
3318 2733 214 70 knallte

1319 2834 91 69 sie
1443 2834 116 69 mit
1594 2834 205 69 einem
1836 2829 932 87 Kinder-Schießgewehrchen
2809 2828 321 71 herunter.

1413 2938 121 74 Ein
1553 2954 382 71 verspäteter
1953 2938 172 73 Brief
2149 2940 110 70 des
2292 2956 173 52 toten
2484 2937 274 71 Mannes
2786 2937 141 73 kam
2955 2966 99 40 an.
3092 2936 132 68 Der
3242 2933 286 74 Schmerz

1319 3051 197 54 setzte
1548 3034 135 70 sich
1730 3035 62 69 in
1840 3034 126 71 den
2000 3032 184 72 Brief
2230 3031 239 81 hinein,
2514 3031 210 71 wollte
2765 3031 116 69 mit
2926 3030 204 85 jedem
3167 3030 230 75 Worte,
3429 3024 98 69 das

1321 3126 104 71 die
1460 3126 167 71 Frau
1662 3128 109 80 las,
1806 3126 99 70 ihr
1938 3128 98 67 ins
2074 3125 169 71 Herz
2276 3126 318 84 springen.

1416 3234 133 70 Das
1581 3264 128 41 war
1742 3233 474 72 abzementiert.

1413 3344 87 69 Er
1544 3345 273 71 erzählte
1853 3374 146 39 vom
2036 3342 583 84 Schützengraben,
2664 3371 148 41 vom
2861 3338 200 73 Feuer
3106 3338 109 70 des
3251 3332 274 76 Feindes,

1322 3467 145 42 vom
1502 3436 219 71 Essen.
1791 3436 154 82 ~Ich
1982 3436 230 71 rauche
2245 3436 146 83 jetzt
2424 3434 145 81 viel,
2620 3435 110 69 das
2763 3451 98 53 tut
2911 3441 179 77 gut“,
3142 3429 244 72 schrieb
3426 3425 102 68 der

1318 3548 132 52 tote
1482 3529 228 72 Mann.
1783 3529 197 81 „Und
2014 3558 182 41 wann
2229 3528 212 71 werde
2472 3528 102 70 ich
2616 3526 149 72 dich
2796 3524 472 72 Wiedersehen?
3331 3511 198 78 Sende

1321 3625 123 69 mir
1476 3625 141 69 eine
1648 3623 262 71 wollene
1938 3622 411 85 Unterjacke;
2386 3651 64 39 es
2485 3622 80 70 ist
2598 3620 127 70 kalt
2760 3619 355 85 geworden.
3151 3614 153 74 Und
3339 3608 189 73 bleibe

1319 3717 124 69 mir
1472 3726 203 60 treu.“

1413 3808 126 70 Die
1571 3810 512 68 einzementierte
2114 3807 204 71 Platte
2351 3806 248 81 rückte;
2652 3805 299 71 Schmerz
2997 3801 197 72 schoß
3234 3796 144 73 heiß
3408 3817 119 45 am.

1326 3900 180 70 Ganz
1540 3900 176 71 kurz.
1750 3901 192 70 Dann
1978 3901 113 69 saß
2123 3901 102 70 die
2249 3900 202 70 Platte
2474 3899 235 71 wieder
2740 3897 144 71 fest.
2920 3896 132 70 Das
3086 3896 137 69 eine
3248 3888 282 74 Sekunde
