3425 4572
878 451 287 54 Leonhard
1187 453 188 52 Frank
1413 475 23 19 *
1475 452 105 55 Die
1607 455 364 68 Kriegswitwe

2433 456 108 59 217

332 656 94 72 die
458 649 378 73 Maschinen
872 678 115 42 aus
1025 650 206 83 Stahl,
1259 653 107 69 die
1391 654 90 70 sie
1518 654 335 82 bedienen,
1883 655 327 73 betrieben
2239 656 301 74 werden?

331 742 320 77 Betrieben
676 743 253 70 werden
964 772 124 42 von
1114 744 116 71 der
1262 743 337 85 Notdurft,
1639 777 124 43 von
1801 750 148 72 dem
1987 748 357 86 Verlangen
2378 753 163 71 nach

328 838 288 79 Achtung
656 834 113 70 der
807 833 532 86 Mitmaschinen,
1394 869 148 45 vom
1565 839 357 89 Verlangen
1958 842 162 72 nach
2153 843 235 83 Besitz,
2430 843 73 74 be-

329 931 233 72 trieben
595 956 124 42 von
756 924 455 85 Gewohnheit,
1245 929 339 87 Egoismus
1629 936 139 70 und
1813 935 204 87 Lüge.
2069 936 204 86 Lüge,
2318 938 66 69 in
2427 938 114 70 der

329 1026 94 71 die
468 1020 409 85 europäische
924 1020 411 73 Menschheit
1385 1026 340 72 ertrunken
1776 1030 102 80 ist,
1925 1059 69 41 so
2032 1030 129 71 daß
2201 1060 65 41 es
2313 1030 226 72 keinen

329 1117 309 82 Europäer
685 1114 184 69 mehr
917 1114 160 83 gibt,
1127 1115 117 71 der
1292 1119 142 70 eine
1475 1121 218 82 eigene
1739 1120 320 88 Meinung
2102 1124 131 81 hat,
2285 1124 253 81 keinen,

337 1209 105 70 der
492 1206 109 70 das
662 1203 207 73 Feuer
914 1205 113 71 der
1072 1205 331 75 Wahrheit
1444 1210 67 71 in
1558 1211 124 72 den
1725 1210 230 89 Augen
2001 1228 270 72 trägt...
2327 1215 211 73 Wenn

327 1302 101 69 das
469 1296 320 73 Vernunft
841 1300 103 78 ist,
1001 1300 172 71 dann
1222 1302 231 72 wollen
1503 1304 114 70 wir
1663 1307 462 87 unvernünftig
2161 1310 156 79 sein,
2364 1310 173 70 dann

326 1393 212 72 wollen
576 1394 114 69 wir
724 1392 402 85 wahnsinnig
1161 1396 158 80 sein,
1357 1396 201 72 damit
1606 1398 106 71 die
1761 1399 472 74 Weltvernunft
2289 1403 137 73 sich
2469 1406 68 68 in

326 1516 111 41 uns
491 1514 101 40 am
651 1483 219 74 Leben
912 1486 281 71 erhalten
1245 1487 188 72 kann.
1490 1490 206 71 Wenn
1738 1492 112 71 das
1892 1495 280 69 nützlich
2214 1497 102 78 ist,
2363 1496 171 71 dann

326 1578 212 73 wollen
563 1578 111 70 wir
700 1589 283 59 unnütze
1010 1578 358 74 Menschen
1396 1584 156 69 sein.
1588 1581 206 75 Wenn
1819 1586 112 71 das
1958 1586 285 71 Resultat
2269 1587 115 71 der
2410 1587 84 73 Or-

326 1671 331 85 ganisation
693 1670 133 70 und
859 1667 324 89 Ordnung
1226 1675 107 79 ist,
1378 1674 129 71 daß
1555 1676 107 70 die
1695 1676 406 74 Menschheit
2147 1680 388 81 verelendet,

326 1765 189 70 blutet
559 1764 135 70 und
738 1764 136 71 sich
907 1765 311 85 abwürgt,
1265 1768 174 71 dann
1471 1768 226 72 wollen
1731 1773 116 67 wir
1890 1770 179 73 diese
2110 1773 428 73 mörderische

326 1855 304 85 Ordnung
656 1883 315 59 sprengen
997 1860 119 68 mit
1143 1858 432 87 Unordnung,
1604 1862 201 71 damit
1831 1863 111 70 der
1961 1862 163 73 Sinn
2149 1865 113 69 des
2284 1864 250 74 Lebens

323 1949 125 70 sich
472 1949 226 70 wieder
724 1949 472 74 manifestieren
1231 1951 191 72 kann.
1456 1952 207 72 Wenn
1691 1952 474 87 Organisation,
2194 1956 340 87 Ordnung,

326 2039 251 82 Gewalt,
615 2041 245 81 Macht,
896 2041 452 85 Gewohnheit,
1385 2045 665 87 Meinungslosigkeit,
2087 2050 202 85 Lüge,
2325 2051 210 71 Besitz

324 2135 122 70 und
488 2133 330 86 Egoismus
851 2191 110 17 ...
992 2135 395 75 Zivilisation
1433 2140 226 86 ergibt,
1707 2142 167 71 dann
1921 2142 225 73 wollen
2180 2147 115 69 wir
2326 2144 211 72 Wilde

323 2229 144 77 sein,
512 2226 223 74 wollen
768 2231 116 68 wir
916 2230 106 69 die
1055 2229 198 72 Liebe
1286 2234 87 67 im
1409 2230 255 75 Herzen
1698 2253 219 66 tragen
1951 2236 137 70 und
2120 2236 111 70 das
2267 2235 268 74 Gesetz:

322 2319 175 81 Jeder
529 2319 161 71 liebe
722 2321 208 84 jeden,
966 2352 71 41 so
1062 2324 160 70 wird
1254 2325 177 83 jeder
1456 2356 126 42 von
1606 2325 162 71 allen
1795 2328 276 85 geliebt.
2102 2385 14 14 .
2149 2386 13 14 .
2198 2330 135 70 Das
2359 2332 175 71 wollt

324 2412 88 71 ihr
442 2412 210 72 nicht?
698 2413 174 72 Habt
906 2415 124 71 den
1066 2417 177 80 Mut,
1279 2417 360 73 Menschen
1672 2451 80 39 zu
1787 2420 364 87 erschlagen
2186 2426 136 68 und
2356 2426 177 69 nicht

324 2522 112 51 den
468 2504 167 82 Mut,
672 2506 360 72 Menschen
1067 2539 78 39 zu
1180 2509 206 71 lieben
1406 2517 30 63 ?
1503 2511 161 72 Weil
1698 2512 101 71 ihr
1832 2513 207 71 lieben
2073 2516 268 80 würdet,
2379 2517 153 71 aber

324 2598 94 69 die
434 2598 270 73 anderen
727 2600 160 71 euch
910 2602 174 71 nicht
1104 2602 230 81 lieben,
1362 2605 279 71 sondern
1657 2619 350 58 ausnützen
2027 2610 135 68 und
2181 2610 349 71 erdrücken

322 2691 292 70 würden?
651 2692 194 71 Wollt
877 2695 179 71 nicht
1084 2695 322 84 Märtyrer
1439 2699 181 68 sein?
1654 2697 102 70 Da
1784 2699 320 83 Märtyrer
2128 2715 401 71 auegenützt,

323 2784 297 81 erdrückt,
667 2789 395 84 eingesperrt
1110 2790 138 71 und
1298 2790 423 85 hingerichtet
1765 2793 252 69 werden
2050 2850 60 15 ..
2143 2851 13 14 .
2189 2852 14 22 ,
2255 2795 139 71 weil
2440 2798 92 68 sie

324 2873 190 74 heben
528 2883 27 64 ?
588 2878 140 71 Wie
746 2879 245 74 kommt
1018 2881 110 70 das
1146 2888 28 62 ?
1210 2881 139 72 Wie
1375 2883 142 70 darf
1540 2884 109 70 das
1668 2914 135 41 sein
1818 2890 29 64 ?
1884 2884 82 71 Es
1992 2885 189 87 fliege
2208 2888 104 70 die
2330 2887 202 87 Frage

323 2972 316 69 donnernd
672 2972 157 69 über
862 2973 125 70 den
1015 2973 292 72 Erdball:
1352 2978 120 67 wie
1509 2975 141 72 darf
1681 2978 111 70 das
1827 2981 157 77 sein,
2020 2979 128 70 daß
2175 2979 352 71 Menschen

323 3061 399 83 hingerichtet
755 3068 277 79 werden,
1067 3068 140 70 weil
1241 3071 93 68 sie
1366 3068 298 71 lieben?“

404 3152 125 72 Der
561 3156 171 71 Blick
782 3160 114 68 der
936 3160 487 86 schweigenden
1460 3162 240 85 Menge
1744 3162 201 85 fragte
1993 3165 231 83 dumpf
2269 3166 259 71 zurück.

323 3241 152 76 Zwei
530 3248 622 89 Equipagenpferde,
1215 3256 313 70 zwischen
1582 3255 355 73 Menschen
1991 3257 353 85 eingekeilt,
2417 3260 72 70 be-

323 3358 221 64 wegten
588 3344 155 70 sich.
812 3346 126 70 Die
983 3346 503 87 Agentenwitwe
1531 3348 207 71 fühlte
1787 3350 375 83 körperlich,
2214 3354 140 79 wie,
2400 3383 127 41 von

323 3428 150 72 inrer
492 3433 177 72 Seele
685 3438 394 85 überglänzt,
1107 3439 106 71 die
1232 3440 347 71 Finsternis
1602 3444 63 69 in
1686 3443 99 70 ihr
1803 3471 114 40 zur
1935 3442 327 72 blendend
2281 3444 246 71 weißen

324 3519 210 76 Häche
562 3530 241 70 wurde.
844 3532 104 71 Ihr
982 3530 267 73 Gesicht
1283 3563 126 41 war
1443 3533 301 84 plötzlich
1776 3536 376 71 tränennaß.

407 3614 126 75 Der
567 3619 263 75 Kellner
862 3626 154 70 warf
1050 3628 104 69 die
1184 3626 192 71 Hand
1411 3657 80 40 an
1526 3627 125 71 den
1682 3627 176 82 Hals,
1895 3628 106 70 die
2031 3631 235 70 andere
2299 3632 66 71 in
2401 3632 124 71 den

327 3702 236 82 Nacken
582 3744 13 39 :
620 3718 174 69 seine
811 3718 230 85 Augen
1060 3721 264 69 wurden
1345 3720 158 85 groß
1528 3720 134 71 und
1686 3721 227 71 sahen:
1944 3720 219 82 „Zehn
2185 3723 340 74 Millionen

326 3792 287 85 Leichen!
670 3807 175 74 Zehn
882 3811 340 72 Millionen
1263 3812 359 73 Menschen
1660 3815 144 70 sind
1841 3817 150 83 jetzt
2029 3820 327 70 verendet.
2393 3820 131 70 Das

327 3889 293 80 fließende
653 3900 150 74 Blut
851 3904 210 71 dieser
1112 3906 161 71 zehn
1326 3905 339 72 Millionen
1715 3906 423 78 Ermordeten
2288 3914 240 81 vierzig
