2549 3595
1252 177 78 62 40

340 325 353 60 imprudence.
733 325 486 49 N'exciteraient-ils
1244 339 91 46 pas
1375 338 62 34 au
1462 325 252 49 contraire
1747 325 216 47 l'intérêt
1990 327 66 45 du
2086 327 130 47 dilet-

340 397 137 45 tante
507 395 43 45 si
569 395 109 46 leur
697 395 155 47 talent
876 409 53 33 se
960 395 198 47 formait
1189 398 125 44 dans
1350 409 57 35 ce
1437 397 187 47 inonde
1657 397 224 61 assoupli
1905 397 114 62 déjà
2047 409 89 49 par
2165 398 73 49 les

345 465 395 61 prédécesseurs
768 468 50 45 et
847 465 147 62 qu'ils
1013 466 292 61 pourraient
1338 466 183 60 élargir
1550 468 220 47 encore?

404 696 127 47 Tout
576 695 223 57 d'abord,
843 710 62 33 au
946 698 400 57 Conservatoire,
1389 700 148 46 avant
1582 696 186 50 d'avoir
1802 698 149 47 mené
1980 698 109 45 leur
2121 696 116 50 rêve

347 765 125 46 dans
505 765 46 46 la
580 766 233 60 musique
842 780 142 47 pure,
1012 767 434 49 immédiatement
1467 767 147 63 après
1646 769 75 47 les
1757 767 177 61 leçons
1964 769 61 44 de
2066 767 169 60 fugue,

345 833 62 47 ils
438 835 222 48 utilisent
683 836 111 47 leur
823 836 166 47 savoir
1013 850 127 46 pour
1172 837 90 47 des
1298 839 158 47 essais
1492 839 359 58 dramatiques,
1867 837 48 47 la
1938 839 198 47 cantate
2151 850 12 47 ;
2188 840 49 47 et

345 905 235 61 toujours
612 908 124 47 dans
763 921 66 33 un
858 907 157 61 esprit
1039 907 186 61 spécial
1256 922 11 35 :
1294 910 47 45 le
1366 910 108 60 prix
1500 910 61 47 de
1591 908 188 50 Rome.

407 1118 385 61 Quelques-uns,
808 1133 125 36 ceux
961 1133 221 46 pourvus
1204 1122 61 45 de
1288 1121 356 60 personnalité,
1669 1134 53 35 se
1749 1121 348 48 familiarisent
2117 1136 118 35 avec

347 1188 90 47 des
449 1190 262 59 partitions
725 1192 140 47 telles
891 1204 96 46 que
1008 1192 47 45 le
1750 1190 160 49 Faust
1926 1193 61 47 de
1346 1193 227 57 Gounod,
1591 1190 235 49 oui'Ham
1836 1190 43 51 le
1887 1195 18 44 t
1919 1192 316 54 d'Aijibroise

345 1258 243 61 Thomas,
616 1274 57 36 ce
697 1264 279 48 normalien
1017 1265 61 47 de
1116 1263 47 47 la
1201 1263 252 59 musique,
1493 1264 125 46 dans
1643 1275 67 35 un
1738 1261 91 51 but
1858 1261 376 53 d'assimilation

348 1326 188 51 forcée.

348 1561 9 12 ,
406 1523 178 60 Après,
617 1527 46 47 le
687 1527 179 48 besoin
891 1530 61 47 de
983 1530 138 47 vivre
1152 1542 64 33 ou
1247 1527 61 47 de
1336 1540 53 33 se
1418 1527 258 60 produire.
1707 1526 97 48 Les
1826 1541 94 33 uns
1940 1542 131 32 nous
2091 1542 111 35 com-

344 1590 138 49 blent
512 1596 61 45 de
606 1597 246 48 mélodies
880 1599 49 47 et
960 1599 62 47 de
1044 1599 165 60 pièces
1239 1611 130 46 pour
1392 1597 167 58 piano.
1576 1596 98 47 Les
1697 1599 186 56 autres,
1904 1599 113 58 plus
2038 1611 193 47 oseurs,

347 1662 269 50 affrontent
645 1667 46 47 le
724 1668 193 48 théâtre
948 1670 49 46 et
1026 1669 46 46 le
1098 1667 179 62 poème
1309 1667 393 59 symphonique.

419 1739 90 57 Paf
537 1738 145 57 suite,
715 1738 42 47 si
787 1754 123 32 vous
936 1740 123 46 allez
1088 1753 126 32 vous
1241 1739 210 53 asseoir,
1483 1737 145 47 l'âme
1655 1737 329 60 prédisposée
2009 1753 61 32 au
2100 1739 118 48 rêve

343 1824 87 33 sur
453 1809 71 47 les
551 1808 300 59 banquettes
870 1811 65 45 du
959 1811 294 55 concert,on
1271 1822 122 31 vous
1416 1808 193 59 impose
1632 1809 62 44 de
1713 1808 149 57 longs
1881 1822 349 45 programmes

344 1884 27 43 à
401 1879 135 48 demi
566 1880 271 55 composés
868 1879 253 47 d'œuvres
1149 1879 145 45 faites
1323 1891 128 45 pour
1479 1879 104 44 être
1615 1877 281 46 entendues
1924 1893 61 31 au
2017 1879 212 51 théâtre.

343 1950 202 47 L'autre
565 1947 173 47 moitié
761 1949 64 45 du
847 1960 321 48 programme
1182 1947 278 59 comprend
1482 1947 90 46 des
1596 1960 197 33 œuvres
1811 1949 124 44 dans
1959 1947 272 60 lesquelles

343 2020 209 48 l'auteur
592 2018 221 60 exprime
853 2018 74 46 les
966 2018 156 47 suites
1156 2016 170 48 d'états
1366 2016 158 47 d'âme
1561 2017 62 47 de
1653 2030 93 33 son
1770 2016 169 58 héros,
1972 2030 65 33 ou
2066 2018 168 47 mieux

345 2104 186 34 encore
579 2102 80 33 ses
696 2090 401 58 pérégrinations
1140 2087 264 58 mentales,
1434 2101 81 33 ses
1566 2087 250 47 émotions
1863 2090 366 57 personnelles,

341 2159 364 63 particulières.

400 2229 85 57 Or,
517 2243 127 33 vous
678 2229 310 59 importe-t-il
1022 2229 62 47 de
1124 2228 186 58 suivre,
1346 2239 61 35 en
1449 2241 84 33 ces
1563 2227 285 59 péripéties,
1874 2241 98 33 une
2000 2228 132 48 fable
2168 2232 62 46 de

340 2302 73 48 La
437 2299 257 57 Fontaine,
729 2299 61 46 de
816 2299 332 46 reconstituer
1176 2312 96 33 une
1303 2297 221 58 tragédie
1549 2298 62 46 de
1638 2295 249 49 Corneille
1918 2312 64 30 ou
2013 2299 61 45 de
2104 2313 127 33 vous

341 2382 272 48 promener
653 2382 88 45 par
780 2372 168 43 monts
989 2369 50 46 et
1072 2382 89 45 par
1200 2382 135 31 vaux
1364 2380 118 33 avec
1515 2380 67 32 un
1624 2366 178 59 poème
1854 2368 376 59 symphonique

340 2453 130 46 pour
489 2439 169 56 guide,
674 2452 66 31 un
761 2438 180 59 poème
962 2439 178 58 rempli
1154 2438 319 47 d'anecdotes
1495 2436 345 59 personnelles
1863 2438 49 45 et
1931 2439 298 48 transmises

341 2510 30 46 à
399 2507 284 49 l'ordinaire
708 2521 89 46 par
820 2507 412 49 l'intermédiaire
1265 2507 386 59 obligatoire,du
1683 2506 311 50 violoncelle.

400 2579 47 47 A
476 2579 119 59 quoi
622 2579 119 55 bon,
781 2591 66 33 un
877 2579 281 57 orchestre,
1192 2591 131 46 pour
1355 2577 221 46 traduire
1603 2589 83 34 ces
1721 2576 213 47 choses?

400 2816 79 47 Un
515 2816 115 46 titre
660 2815 195 59 simple,
894 2813 283 60 évocateur,
1218 2827 63 33 ne
1326 2812 185 62 déplaît
1550 2827 108 47 pas.
1697 2812 128 48 Mais
1862 2816 250 60 pourquoi
2138 2830 60 34 en-

342 2883 206 49 chaîner
570 2885 48 47 le
648 2885 116 47 rêve
786 2887 22 45 ?

399 3078 115 47 Aux
556 3076 244 61 premiers
841 3078 210 47 accords
1105 3078 344 47 donnez-vous
1507 3080 110 45 tout
1658 3079 176 56 entier,
1883 3078 341 50 laissez-vous

339 3147 262 49 conduire.
651 3146 131 47 Mais
830 3145 149 62 qu'on
1026 3145 127 48 évite
1194 3147 61 46 de
1294 3147 225 59 préciser
1552 3147 49 47 et
1636 3147 152 63 qu'on
1825 3161 120 35 vous
1984 3149 149 49 laisse
2177 3151 47 48 le

340 3217 206 55 çharme
575 3219 62 49 de
667 3216 275 61 l'inconnu,
971 3219 61 47 de
1060 3216 304 53 l'Universel
1379 3219 11 47 1

1647 3328 229 51 GABRIEL
1905 3328 195 54 FABRE.
