2549 3595
1201 81 97 82 29

265 245 184 59 santé
494 239 180 81 pluie
717 240 112 82 qui
868 240 345 64 rafraîchit
1258 240 68 62 la
1370 245 170 56 terre
1594 239 346 62 desséchée
1986 257 121 62 par
2151 235 67 65 la

269 333 288 62 chaleur.
625 335 120 59 Dès
795 333 136 61 lors
981 351 159 43 vous
1201 352 153 41 avez
1412 337 147 54 tous
1611 332 93 59 les
1757 329 317 62 éléments
2132 330 88 61 du

266 424 225 79 mythe
523 423 263 70 solaire,
815 424 88 60 tel
934 423 157 80 qu'il
1122 423 199 61 existe
1348 424 160 60 dans
1542 427 149 56 tous
1712 423 92 60 les
1827 422 391 79 répertoires

265 513 478 80 théologiques,
792 520 60 54 et
896 515 158 59 dont
1096 515 58 59 le
1204 520 151 73 type
1406 513 59 61 le
1517 513 146 79 plus
1717 513 241 60 achevé
2008 516 92 57 est
2156 512 61 62 le

270 606 263 58 combat
573 605 336 62 d'Hercule
948 607 60 56 et
1050 606 224 62 Cacus.

352 697 90 59 La
470 696 278 60 filiation
783 696 83 60 du
895 716 108 59 my
1017 697 105 59 the
1157 696 197 60 serait
1398 695 314 61 aisément
1750 695 465 61 reconstituée.

266 789 72 60 Je
371 789 255 62 réserve
660 790 161 56 cette
853 786 135 79 joie
1026 804 128 42 aux
1186 786 286 60 lecteurs
1508 786 78 60 de
1961 785 50 60 Il
2056 804 165 42 vous

266 878 281 77 importe
588 896 147 59 peu,
772 877 273 62 n'est-ce
1083 896 138 59 pas,
1262 896 123 59 que
1425 877 132 60 l'on
1595 877 296 60 rattache
1929 896 71 41 ce
2036 878 148 58 Rots-

268 969 174 60 child
473 973 37 55 à
542 970 231 70 Horus,
810 972 37 57 à
873 969 135 73 Bel,
1036 974 42 56 à
1108 969 388 78 Melquarth,
1533 970 59 59 et
1628 968 209 61 même
1867 970 36 58 à
1933 968 284 72 Oannès,

266 1058 60 60 le
376 1057 487 62 Dieu-Poisson.

348 1150 421 73 Maintenant,
837 1150 245 78 quelles
1136 1169 258 42 raisons
1454 1153 115 58 ont
1637 1150 312 62 conseillé
2004 1153 39 58 à
2098 1167 120 44 nos

265 1240 292 59 hommes
590 1241 209 58 d'Etat
832 1241 354 79 d'imposer
1220 1259 79 42 au
1326 1240 236 80 peuple
1590 1241 62 60 la
1684 1259 316 59 croyance
2028 1259 79 42 en
2130 1260 87 39 un

266 1331 427 61 Rothschild?
725 1331 159 61 D'où
914 1332 179 60 vient
1124 1350 123 61 que
1280 1350 104 42 ces
1412 1331 411 61 laïcisateurs
1855 1336 37 56 à
1907 1336 311 55 outrance

268 1425 111 56 ont
425 1425 287 75 épargné
763 1442 88 40 un
895 1423 210 78 pareil
1155 1429 190 55 conte
1398 1424 77 58 de
1526 1423 344 61 nourrice?
2053 1423 165 58 C'est

265 1513 194 79 qu'ils
514 1519 116 55 ont
692 1514 308 79 compris,
1041 1514 92 61 les
1186 1514 244 60 avisés!
1473 1533 123 60 que
1642 1514 283 60 certains
1962 1514 258 79 mythes

266 1607 281 75 peuvent
580 1604 300 60 dominer
905 1604 371 61 l'attention
1310 1604 85 60 du
1427 1603 235 80 peuple
1691 1607 60 57 et
1778 1604 66 59 la
1869 1603 352 61 détourner

266 1694 77 59 de
363 1696 274 59 fâcheux
670 1713 329 49 examens.
1020 1697 245 58 Durant
1289 1715 123 58 que
1435 1697 132 58 l'on
1592 1696 291 61 déclame
1911 1698 222 57 contre
2157 1694 60 61 le

268 1785 565 69 Diable-Vauvert
873 1804 86 42 ou
1009 1786 60 60 le
1112 1787 550 76 Spectre-Rouge,
1703 1804 65 42 se
1809 1785 411 59 définitivent

265 1876 92 60 les
390 1877 365 61 douzièmes
790 1877 53 60 si
877 1877 563 60 fallacieusement
1482 1876 268 80 appelés
1792 1876 424 79 provisoires.

265 1966 116 60 S'il
414 1967 263 60 advient
719 1969 279 77 quelque
1034 1967 440 78 catastrophe,
1511 1967 93 60 les
1635 1967 293 59 fauteurs
1961 1965 223 80 l'impu-

265 2063 136 54 tent
443 2077 83 42 au
570 2061 475 77 Représentant
1077 2059 77 58 de
1197 2059 431 60 l'Exécration
1670 2056 339 80 publique.
2056 2058 164 59 C'est

264 2147 94 60 lui
391 2167 123 61 que
543 2149 131 60 l'on
710 2150 322 59 découvre
1065 2148 286 61 derrière
1394 2149 250 78 chaque
1689 2148 333 72 scandale,
2057 2147 121 59 cha-

266 2257 122 60 que
438 2239 263 61 sinistre
749 2239 78 60 de
882 2257 103 42 ces
1064 2239 334 60 dernières
1448 2243 264 64 années;
1761 2238 153 60 c'est
1961 2238 94 58 lui
2108 2237 112 78 qui

265 2331 239 58 revient
541 2331 161 59 dans
741 2331 94 61 les
867 2332 221 58 ruines
1122 2331 110 58 des
1265 2321 542 69 Établissements
1851 2328 77 60 de
1973 2328 239 71 crédit;

269 2420 152 66 c'est
452 2421 58 60 le
543 2422 292 60 fantôme
868 2420 426 78 responsable
1327 2421 110 62 des
1478 2421 333 60 malheurs
1851 2418 286 79 publics.

350 2515 238 67 Certes,
623 2531 163 42 vous
814 2519 339 53 trouverez
1188 2516 263 74 étrange
1489 2530 122 60 que
1638 2511 66 77 je
1741 2511 275 60 cherche
2052 2507 166 62 ainsi

268 2608 37 54 à
344 2604 342 59 démonter
725 2604 93 59 les
860 2621 176 41 rares
1082 2602 465 79 imaginations
1591 2602 109 78 qui
1745 2620 164 42 nous
1952 2605 263 57 restent.

270 2694 156 60 Mais
459 2693 59 61 le
560 2694 226 60 devoir
819 2694 110 58 des
974 2698 259 54 savants
1277 2696 93 55 est
1413 2693 78 59 de
1535 2694 362 58 combattre
1938 2690 92 61 les
2074 2691 111 60 Chi-

269 2790 229 70 mères,
546 2793 61 52 et
640 2783 65 79 je
748 2784 134 61 suis
927 2783 327 79 capitaine
1300 2784 162 67 dans
1503 2783 61 61 le
1614 2782 340 78 Régiment
1996 2782 78 59 de
2118 2798 103 43 ces

270 2877 289 59 Persées.
1140 2877 4 59 ■
1693 2895 10 7 *

346 2968 75 59 Je
465 2983 198 61 pense
703 2983 162 50 vous
915 2964 183 63 avoir
1152 2964 388 63 convaincu.
1587 2966 78 58 Et
1716 2963 172 80 puis,
1938 2980 81 43 au
2061 2962 161 61 fond

272 3074 124 61 peu
429 3060 169 57 m'en
632 3057 253 60 chault!
924 3075 36 41 »

352 3150 210 76 Ayant
590 3150 281 60 terminé
893 3150 77 61 M.
993 3147 277 61 Ledrain
1294 3166 65 42 se
1390 3150 122 71 tut,
1538 3151 222 56 contre
1793 3165 70 41 sa
1896 3150 328 58 coutume.

1558 3275 235 60 PIERRE
1825 3276 238 60 VEBER.

2015 3450 31 49 3
