2549 3595
1235 185 78 61 34

324 335 206 60 même
578 335 158 60 dans
784 334 265 61 l'étroite
1096 335 251 77 prison;
1402 332 119 61 elle
1574 331 503 74 s'embrouillait,
2136 339 63 56 te

325 423 362 61 l'écheveau
719 424 108 77 qui
856 442 64 42 se
946 423 375 78 pelotonne;
1358 442 98 40 ses
1486 421 262 61 effluves
1777 439 64 41 se
1866 421 350 73 frottaient,

327 510 478 61 s'incendiaient
855 512 75 59 de
978 512 139 59 leur
1157 512 355 59 rotation...
1550 512 89 58 La
1670 510 251 60 flamme
1956 512 259 72 était...;

328 599 300 74 l'enfer..,
659 599 65 60 la
753 599 362 71 nébuleuse,
1152 619 87 40 un
1270 602 231 58 monde
1532 617 76 42 en
1640 598 340 61 enfance...

411 689 82 57 Le
550 705 238 59 pauvre
841 706 159 60 ange
1059 689 204 60 déchu
1305 687 255 79 jusqu'à
1612 685 174 60 l'état
1830 687 75 58 de
1962 688 261 58 matière

332 779 61 58 et
450 778 319 59 contraint
826 782 38 53 à
917 779 259 77 présent
1227 778 75 59 de
1358 793 288 61 repasser
1703 793 116 60 par
1874 781 209 54 toutes
2131 777 93 60 les

329 866 264 58 formes!
642 866 44 58 11
722 884 77 42 ne
836 866 301 76 jaillirait
1166 867 142 76 plus
1348 872 34 52 à
1420 872 241 52 travers
1698 863 301 79 l'espace,
2060 866 127 58 acti-

329 957 154 55 vant
512 953 59 60 le
597 952 225 61 labeur
852 953 107 59 des
991 955 499 61 constellations.
1524 955 214 57 Dénué
1783 953 77 60 de
1903 971 96 42 ses
2042 953 173 70 ailes,

332 1041 48 59 il
419 1041 385 60 connaîtrait
840 1041 331 61 lui-même
1217 1042 394 60 l'amertume
1658 1041 76 59 de
1783 1041 238 70 brûler,
2069 1059 114 60 pen-

334 1129 153 58 dant
515 1129 106 59 des
654 1129 267 59 milliers
954 1130 75 57 de
1061 1130 242 63 siècles,
1340 1130 211 76 lampe
1590 1127 305 77 solitaire,
1945 1129 273 61 satellite

336 1216 210 60 docile
596 1216 151 59 d'un
800 1223 164 53 astre
1006 1223 245 56 maître.
1306 1219 75 57 Et
1427 1218 143 76 puis
1620 1218 499 59 commencerait
2162 1218 58 61 le

336 1305 155 59 rude
536 1305 231 59 travail
813 1305 75 59 de
936 1307 65 58 la
1044 1307 432 77 rédemption;
1509 1304 65 58 la
1618 1304 169 60 lente
1838 1307 245 74 noyade
2119 1308 106 58 des

333 1393 210 76 pluies
586 1393 297 60 lustrales
917 1394 108 76 qui
1080 1395 289 77 apaisent
1420 1394 59 59 le
1534 1393 107 58 feu
1700 1393 327 71 intérieur,
2063 1412 162 58 pour

333 1482 326 59 recouvrir
706 1481 169 59 enfin
917 1482 148 58 d'un
1108 1487 297 53 manteau
1443 1481 291 58 d'océans
1775 1479 64 59 la
1879 1482 218 58 nudité
2140 1483 84 57 du

334 1569 344 61 minéral...
717 1571 251 58 Ensuite
1000 1569 46 58 il
1080 1569 501 78 entreprendrait
1607 1569 63 59 la
1701 1569 160 58 série
1894 1569 107 58 des
2023 1574 168 55 tenta-

332 1657 161 58 tives
525 1658 359 68 créatrices,
917 1658 258 60 l'œuvre
1207 1658 264 60 délicate
1505 1661 60 56 et
1612 1657 151 58 folle
1800 1658 75 59 de
1915 1658 64 57 la
2022 1663 171 54 trans-

334 1745 346 61 formation
712 1746 52 58 si
799 1748 263 56 souvent
1091 1746 221 58 ruinée
1348 1764 115 58 par
1493 1745 90 58 les
1616 1745 433 76 cataclysmes,
2088 1750 106 56 tou-

334 1831 184 76 jours
536 1832 224 60 refaite
780 1834 127 57 afin
934 1834 73 58 de
1029 1835 323 76 produire,
1381 1850 148 42 avec
1546 1831 58 60 le
1628 1832 196 59 limon
1847 1834 375 76 planétaire,

334 1919 253 78 l'image
610 1921 260 78 capable
903 1921 75 59 de
1009 1922 251 59 refléter
1277 1921 308 76 l'Energie
1618 1921 234 73 divine,
1879 1921 72 59 de
1984 1921 62 59 la
2077 1940 114 59 pen-

339 2025 122 55 ser,
479 2009 74 58 de
583 2009 66 60 la
675 2009 359 68 concevoir,
1071 2010 75 57 de
1178 2014 217 72 porter
1421 2027 77 40 en
1526 2008 94 59 soi
1639 2027 69 39 sa
1724 2010 473 60 résurrection..
2214 2056 10 13 .

334 2098 270 57 Récréer
628 2096 156 64 Dieu
816 2116 148 40 avec
993 2096 75 60 de
1099 2098 63 59 la
1192 2103 188 65 terre,
1415 2114 149 42 avec
1593 2096 246 60 l'Adam
1871 2100 60 57 et
1980 2099 62 60 la
2083 2099 107 58 des-

336 2185 321 58 cendance
689 2185 259 61 d'Adam
971 2188 12 56 !

412 2273 117 58 Car
558 2274 57 57 le
648 2274 301 65 Guetteur
985 2273 212 61 veille.

413 2361 255 76 Chaque
719 2361 125 62 fois
903 2361 257 76 qu'Abel
1217 2361 52 58 si
1324 2361 602 59 douloureusement
1971 2364 258 61 enfanté

334 2448 233 59 réussit
596 2452 38 55 à
663 2466 398 44 consommer
1087 2450 59 58 le
1178 2448 278 60 sacrifice
1484 2450 108 58 des
1618 2450 191 58 fruits
1842 2451 73 58 de
1951 2452 62 57 la
2034 2457 189 67 terre,

441 2540 38 54 à
498 2537 358 74 Renoncer,
969 2554 163 58 pour
1160 2555 119 58 que
1303 2537 223 59 l'essor
1551 2537 75 59 de
1650 2555 113 42 son
1783 2538 139 59 idée
1945 2541 283 77 échappe

332 2629 39 55 à
408 2625 65 57 la
512 2624 266 58 matière
818 2625 60 57 et
925 2630 234 65 monte,
1200 2625 214 58 fumée
1461 2626 463 76 propitiatoire,
1968 2646 143 41 vers
2166 2631 63 59 la

334 2711 284 62 sérénité,
640 2711 107 59 des
775 2712 304 70 vElohim,
1127 2712 425 77 l'implacable
1608 2715 184 57 Frère
1843 2716 222 75 surgit.
2110 2719 114 59 Les

333 2799 299 61 instincts
662 2798 344 63 sollicitent
1035 2801 59 57 et
1122 2803 245 55 tentent
1386 2817 13 54 ;
1421 2803 59 55 et
1504 2800 51 57 si
1574 2800 155 58 Abel
1753 2803 223 58 résiste
1999 2808 37 53 à
2058 2803 171 63 leurs

332 2888 167 73 voix,
540 2888 151 58 Caïn
722 2888 302 63 l'achève.
1065 2886 182 63 Alors
1292 2888 47 57 il
1387 2905 64 41 se
1485 2888 84 57 rit
1599 2889 75 58 de
1708 2889 229 77 l'ange,
1973 2893 212 59 disant
2214 2913 15 46 ;

333 2994 37 37 «
412 2977 91 57 Tu
554 2993 76 41 ne
687 2973 154 61 m'as
883 2975 184 77 point
1108 2975 208 59 donné
1357 2975 148 57 Àbel
1546 2980 38 54 à
1627 2978 261 75 garder;
1950 2980 159 59 mais
2169 2983 60 60 le

333 3081 188 59 corps
549 3064 129 60 seul
709 3063 218 60 d'Abel
959 3065 59 58 et
1046 3064 63 76 je
1138 3062 103 58 l'ai
1274 3064 220 59 enfoui
1524 3064 155 60 dans
1710 3065 58 60 la
1804 3072 244 53 nature.
2097 3092 34 34 »

414 3156 83 56 Le
555 3153 212 59 moine
823 3151 151 59 était
1019 3168 236 46 revenu
1312 3153 156 57 dans
1513 3152 63 58 la
1621 3153 361 75 chapelle...
2036 3158 153 60 Pros-

328 3245 178 58 terné
558 3241 58 58 le
665 3239 152 77 long
869 3239 107 59 des
1021 3239 220 70 dalles,
1289 3241 91 58 les
1415 3241 152 58 bras
1611 3260 76 39 en
1725 3243 199 69 croix,
1979 3245 62 59 la
2089 3246 140 62 face

339 3331 155 58 dans
526 3346 121 42 une
678 3328 208 78 flaque
920 3326 75 60 de
1028 3327 240 79 pleurs,
1301 3327 47 59 il
1378 3330 355 77 gémissait.
1767 3352 33 36 «
1833 3332 149 59 Caïn
2002 3336 11 56 !
2045 3335 150 61 Caïn
2218 3339 13 57 !
