2549 3595
814 369 279 89 LES
1179 374 567 89 LIVRES

374 821 300 67 Typhonia,
702 836 91 52 par
824 823 254 66 Joséphin
1108 826 232 52 Peladan
1374 829 80 65 (E.
1487 831 190 62 Dentu,
1712 833 238 66 éditeur).

365 950 128 61 Peu,
525 953 169 61 parmi
734 953 77 49 les
860 957 326 48 romanciers
1236 959 442 64 contemporains,
1729 964 169 60 parmi
1945 965 75 49 les
2065 967 191 62 jeunes

295 1023 284 63 j'entends,
615 1028 90 45 ont
746 1026 80 47 été
850 1028 141 47 aussi
1023 1028 227 49 discutés
1275 1044 99 47 que
1404 1031 73 49 M.
1510 1033 249 51 Peladan.
1793 1037 42 48 L
1857 1039 227 48 écrivain
2115 1043 63 47 de
2210 1043 46 49 la

301 1098 313 48 Décadence
656 1098 167 49 latine
866 1114 28 34 a
932 1103 183 47 trouvé
1153 1103 93 47 des
1288 1104 340 51 admirateurs
1661 1109 388 52 enthousiastes
2077 1115 49 47 et
2161 1117 94 47 des

305 1170 315 48 détracteurs
649 1172 328 60 passionnés.
998 1172 390 63 Quelques-uns
1415 1176 126 50 l'ont
1571 1179 522 65 hyperboliquement
2115 1186 137 61 loué,

306 1241 224 50 d'autres
550 1241 126 51 l'ont
705 1246 459 60 outrageusement
1188 1247 209 50 insulté.
1421 1250 44 47 Il
1490 1265 28 33 a
1543 1265 174 36 connu
1743 1255 92 48 des
1862 1256 283 62 triomphes
2168 1263 89 61 qui

306 1317 90 46 ont
426 1316 68 46 dû
518 1315 74 48 lui
615 1316 108 48 être
746 1317 155 60 doux,
936 1318 36 47 il
1002 1332 28 35 a
1057 1318 115 50 subi
1213 1320 94 48 des
1350 1324 209 48 avanies
1588 1326 86 62 qui
1703 1326 74 48 lui
1810 1331 89 46 ont
1932 1330 79 48 été
2040 1331 189 51 indiffé-

301 1388 215 59 rentes,?
521 1388 56 61 je
610 1390 155 48 crois.

367 1459 184 56 Quand
582 1475 67 33 un
675 1461 212 49 homme
915 1466 78 44 est
1019 1462 186 63 l'objet
1227 1466 64 48 de
1315 1466 318 52 discussions
1660 1472 140 48 aussi
1824 1476 432 51 contradictoires

303 1532 52 48 et
384 1532 138 48 aussi
545 1533 158 60 vives,
718 1533 37 47 il
780 1534 184 49 mérite
996 1534 225 51 d'attirer
1245 1536 305 53 l'attention.
1579 1542 155 48 Aussi
1759 1546 165 49 sied-il
1941 1562 65 35 au
2036 1550 219 61 critique

304 1606 313 59 scrupuleux
653 1607 64 47 de
747 1604 235 51 l'étudier
1028 1609 50 47 et
1118 1609 63 47 de
1217 1609 255 52 chercher
1503 1616 28 45 à
1564 1614 232 51 démêler
1819 1618 76 48 les
1931 1635 184 35 causes
2161 1625 94 47 des

300 1678 246 51 inimitiés
576 1683 50 44 et
645 1679 96 48 des
776 1680 201 49 amitiés
1005 1680 178 63 qu'ont
1204 1684 324 62 provoquées
1551 1687 76 49 les
1659 1701 207 39 œuvres
1891 1694 50 47 et
1970 1694 283 51 l'individu.

367 1753 137 47 Dans
534 1752 48 47 le
615 1766 88 34 cas
733 1753 193 60 spécial
951 1754 64 47 de
1044 1757 68 45 M.
1134 1753 256 63 Joséphin
1411 1757 250 63 Peladan,
1691 1774 129 36 ceux
1848 1767 88 59 qui
1970 1768 282 48 décernent

300 1823 50 48 le
395 1823 172 49 blâme
609 1824 50 48 et
696 1823 186 62 l'éloge
925 1829 90 44 ont
1054 1826 276 49 considéré
1366 1832 116 58 plus
1517 1837 223 45 souvent
1776 1834 265 52 l'individu
2075 1853 98 48 que
2205 1842 48 47 le

301 1896 316 49 romancier.
645 1895 69 50 Ils
755 1900 91 46 ont
888 1899 180 61 ergoté
1110 1914 89 33 sur
1232 1899 249 52 l'attitude
1518 1904 68 47 du
1627 1919 170 48 mage,
1832 1909 270 65 beaucoup
2136 1915 119 59 plus

304 1981 99 47 que
435 1984 90 33 sur
558 1983 84 34 ses
667 1983 245 47 romans;
946 1970 64 48 ils
1052 1985 134 35 nous
1228 1975 91 46 ont
1359 1974 145 61 parlé
1537 1976 94 49 des
1670 1981 263 49 costumes
1976 1984 68 47 du
2073 1984 100 49 Sar
2202 1988 51 45 et

299 2051 100 50 peu
440 2041 68 47 du
551 2040 117 48 Vice
704 2040 247 63 suprême
986 2056 67 35 ou
1096 2044 64 48 de
1189 2042 320 54 l'lnitiation
1534 2050 395 52 sentimentale.
1959 2054 42 48 Il
2034 2059 78 46 est
2143 2058 112 47 vrai

304 2126 99 47 que
440 2127 86 35 ces
569 2114 172 60 sujets
779 2115 277 47 décoratifs
1087 2117 120 47 sont
1246 2119 391 58 généralement
1661 2125 116 58 plus
1811 2129 319 49 accessibles
2155 2144 100 33 aux

296 2186 145 61 pieds
471 2186 134 61 plats
638 2188 96 60 qui;
760 2187 332 61 remplissent
1120 2192 427 49 communément
1570 2194 76 48 les
1677 2195 261 52 fonctions
1973 2201 63 47 de
2072 2202 179 61 juges.

301 2257 74 48 La
418 2257 207 62 plupart
657 2260 63 47 de
753 2272 88 35 ces
875 2260 317 49 honorables
1226 2261 302 63 chevaliers,
1556 2267 86 61 qui
1664 2270 259 49 semblent
1943 2272 165 50 écrire
2130 2289 123 35 avec

303 2343 67 33 un
399 2329 243 63 plumeau
675 2345 67 34 ou
783 2345 100 34 une
924 2332 203 60 brosse,
1161 2346 56 35 se
1259 2337 353 61 préoccupent
1647 2343 155 46 avant
1835 2343 112 47 tout
1988 2346 63 47 de
2089 2346 163 61 plaire

301 2416 97 33 aux
430 2401 226 49 éditeurs
689 2403 128 47 dont
854 2403 66 47 ils
963 2406 119 47 sont
1118 2404 194 61 parfois
1341 2404 77 50 les
1458 2409 254 60 premiers
1753 2416 240 59 commis,
2027 2417 51 48 et
2112 2418 116 47 lors-

303 2473 151 62 qu'ils
503 2478 90 44 ont
633 2473 127 49 écrit
795 2473 210 51 l'article
1043 2477 63 47 de
1148 2479 320 49 commande
1510 2479 120 50 bien
1660 2484 151 49 tarifé
1846 2488 49 47 et
1926 2496 329 52 grassement

303 2545 148 64 payé,
488 2547 37 47 il
555 2558 66 37 ne
664 2547 115 48 leur
816 2550 142 45 reste
1002 2562 99 47 que
1136 2550 105 47 très
1282 2564 100 47 peu
1424 2550 237 52 d'heures
1691 2571 132 47 pour
1861 2558 93 51 lire
1979 2563 75 47 les
2097 2562 158 49 livres

305 2620 86 61 qui
419 2633 65 33 ne
513 2633 55 34 se
595 2620 436 51 recommandent
1062 2634 99 47 que
1183 2635 91 47 par
1302 2625 349 51 eux-mêmes.

369 2690 41 48 Il
441 2694 80 46 est
554 2691 197 49 certain
794 2705 119 47 que,
955 2707 131 47 pour
1129 2694 64 47 de
1226 2695 312 51 semblables
1571 2714 149 46 gens,
1748 2702 124 49 c'est
1904 2719 102 35 une
2035 2707 220 49 aubaine

306 2776 99 47 que
437 2765 64 46 de
531 2764 269 49 connaître
823 2779 89 33 sur
935 2762 216 54 l'artiste
1175 2766 118 49 telle
1319 2770 367 64 particularité,
1710 2775 118 48 telle
1849 2776 265 60 habitude,
2135 2780 120 49 telle

303 2837 172 49 manie
504 2837 188 49 même.
728 2836 41 50 Il
791 2840 79 46 est
894 2837 107 49 bon
1028 2837 189 51 d'avoir
1249 2841 28 46 à
1308 2840 200 51 décrire
1545 2859 64 33 un
1640 2849 279 62 pourpoint
1941 2851 62 49 de
2028 2851 224 63 velours,

306 2910 93 47 des
430 2909 171 49 bottes
634 2912 28 45 à
701 2910 294 61 entonnoir,
1029 2925 65 33 un
1128 2911 231 62 chapeau
1392 2914 160 50 Louis
1578 2916 139 51 XIII.
1743 2920 119 49 Cela
1885 2926 203 59 permet
2116 2925 112 61 quel-

309 2994 127 47 ques
474 2981 199 61 images
705 2981 117 49 d'un
863 2983 152 47 ordre
1059 2983 202 61 simple,
1303 2985 254 63 quelques
1588 2995 353 61 prosopopées
1971 2996 197 61 faciles,
2202 2999 53 48 et

305 3049 100 50 l'on
435 3056 123 58 peut
584 3053 130 49 ainsi
738 3056 187 49 mettre
949 3069 57 36 sa
1031 3056 312 53 conscience
1369 3070 64 37 en
1459 3074 155 47 repos
1640 3075 61 37 en
1720 3065 202 61 parlant
1951 3069 67 47 du
2044 3084 204 43 roman,

2014 3176 49 51 4.
