<?xml version="1.0" encoding="UTF-8"?>
<alto xmlns:xsi="http://www.w3.org/2001/XMLSchema-instance" xmlns="http://www.loc.gov/standards/alto/ns-v2#" xsi:schemaLocation="http://www.loc.gov/standards/alto/ns-v2# http://www.loc.gov/standards/alto/alto-v2.0.xsd" xmlns:xlink="http://www.w3.org/1999/xlink">
	<Description>
		<MeasurementUnit>mm10</MeasurementUnit>
		<sourceImageInformation>
			<fileName>//fileserver7/IN2-2/Princeton/Batch7/bmtnaas/1893/01/10_01/00000058.tif</fileName>
		</sourceImageInformation>
		<OCRProcessing ID="OCRPROCESSING_1">
			<preProcessingStep>
				<processingSoftware>
					<softwareCreator>CCS Content Conversion Specialists GmbH, Germany</softwareCreator>
					<softwareName>CCS docWorks</softwareName>
					<softwareVersion>6.7-1.24</softwareVersion>
				</processingSoftware>
			</preProcessingStep>
			<ocrProcessingStep>
				<processingSoftware>
					<softwareCreator>ABBYY (BIT Software), Russia</softwareCreator>
					<softwareName>FineReader</softwareName>
					<softwareVersion>10.0</softwareVersion>
				</processingSoftware>
			</ocrProcessingStep>
		</OCRProcessing>
		<OCRProcessing ID="OCRPROCESSING_2">
			<preProcessingStep>
				<processingSoftware>
					<softwareCreator>CCS Content Conversion Specialists GmbH, Germany</softwareCreator>
					<softwareName>CCS docWorks</softwareName>
					<softwareVersion>6.7-1.24</softwareVersion>
				</processingSoftware>
			</preProcessingStep>
			<ocrProcessingStep>
				<processingSoftware>
					<softwareCreator>ABBYY (BIT Software), Russia</softwareCreator>
					<softwareName>NA</softwareName>
				</processingSoftware>
			</ocrProcessingStep>
		</OCRProcessing>
	</Description>
	<Styles>
		<TextStyle ID="TXT_0" FONTSIZE="5" FONTFAMILY="Times New Roman"/>
		<TextStyle ID="TXT_1" FONTSIZE="18" FONTFAMILY="Times New Roman"/>
		<TextStyle ID="TXT_2" FONTSIZE="18" FONTFAMILY="Times New Roman" FONTSTYLE="italics"/>
		<TextStyle ID="TXT_3" FONTSIZE="18" FONTFAMILY="Arial" FONTSTYLE="bold"/>
		<TextStyle ID="TXT_4" FONTSIZE="20" FONTFAMILY="Times New Roman"/>
		<TextStyle ID="TXT_5" FONTSIZE="17" FONTFAMILY="Times New Roman"/>
		<TextStyle ID="TXT_6" FONTSIZE="14" FONTFAMILY="Times New Roman" FONTSTYLE="italics"/>
		<TextStyle ID="TXT_7" FONTSIZE="19" FONTFAMILY="Times New Roman"/>
		<TextStyle ID="TXT_8" FONTSIZE="17" FONTFAMILY="Times New Roman" FONTSTYLE="bold"/>
		<TextStyle ID="TXT_9" FONTSIZE="17" FONTFAMILY="Times New Roman" FONTSTYLE="bold italics"/>
		<TextStyle ID="TXT_10" FONTSIZE="15" FONTFAMILY="Times New Roman" FONTSTYLE="bold"/>
		<ParagraphStyle ID="PAR_CENTER" ALIGN="Center"/>
		<ParagraphStyle ID="PAR_BLOCK" ALIGN="Block"/>
		<ParagraphStyle ID="PAR_RIGHT" ALIGN="Right"/>
		<ParagraphStyle ID="PAR_LEFT" ALIGN="Left"/>
	</Styles>
	<Layout>
		<Page ID="P50" PHYSICAL_IMG_NR="50" HEIGHT="3595" WIDTH="2549" PRINTED_IMG_NR="48" PC="0.885">
			<TopMargin ID="P50_TM00001" HPOS="0" VPOS="0" WIDTH="2549" HEIGHT="213">
				<TextBlock ID="P50_TB00001" HPOS="1250" VPOS="143" WIDTH="77" HEIGHT="67" STYLEREFS="TXT_0 PAR_CENTER">
					<TextLine ID="P50_TL00001" HPOS="1250" VPOS="143" WIDTH="77" HEIGHT="67">
						<String ID="P50_ST00001" HPOS="1250" VPOS="143" WIDTH="77" HEIGHT="67" CONTENT="48" WC="1.00" CC="00"/>
					</TextLine>
				</TextBlock>
			</TopMargin>
			<LeftMargin ID="P50_LM00001" HPOS="0" VPOS="213" WIDTH="323" HEIGHT="3233"/>
			<RightMargin ID="P50_RM00001" HPOS="2226" VPOS="213" WIDTH="323" HEIGHT="3233"/>
			<BottomMargin ID="P50_BM00001" HPOS="0" VPOS="3446" WIDTH="2549" HEIGHT="149"/>
			<PrintSpace ID="P50_PS00001" HPOS="323" VPOS="213" WIDTH="1903" HEIGHT="3233">
				<TextBlock ID="P50_TB00002" HPOS="334" VPOS="297" WIDTH="1892" HEIGHT="894" STYLEREFS="TXT_1 PAR_BLOCK">
					<TextLine ID="P50_TL00002" HPOS="342" VPOS="298" WIDTH="1881" HEIGHT="66">
						<String ID="P50_ST00002" HPOS="342" VPOS="306" WIDTH="74" HEIGHT="46" CONTENT="La" WC="1.00" CC="00"/>
						<SP ID="P50_SP00001" HPOS="416" VPOS="352" WIDTH="28"/>
						<String ID="P50_ST00003" HPOS="444" VPOS="305" WIDTH="157" HEIGHT="47" CONTENT="Jeune" WC="0.97" CC="36009" STYLEREFS="TXT_2"/>
						<SP ID="P50_SP00002" HPOS="601" VPOS="352" WIDTH="41"/>
						<String ID="P50_ST00004" HPOS="642" VPOS="302" WIDTH="249" HEIGHT="62" CONTENT="Belgique" WC="0.99" CC="70002350" STYLEREFS="TXT_2"/>
						<SP ID="P50_SP00003" HPOS="891" VPOS="364" WIDTH="38"/>
						<String ID="P50_ST00005" HPOS="929" VPOS="313" WIDTH="216" HEIGHT="47" CONTENT="propose" WC="1.00" CC="0010050"/>
						<SP ID="P50_SP00004" HPOS="1145" VPOS="364" WIDTH="38"/>
						<String ID="P50_ST00006" HPOS="1183" VPOS="301" WIDTH="48" HEIGHT="45" CONTENT="la" WC="0.60" CC="70"/>
						<SP ID="P50_SP00005" HPOS="1231" VPOS="364" WIDTH="29"/>
						<String ID="P50_ST00007" HPOS="1260" VPOS="301" WIDTH="220" HEIGHT="45" CONTENT="création" WC="0.99" CC="07500000"/>
						<SP ID="P50_SP00006" HPOS="1480" VPOS="364" WIDTH="39"/>
						<String ID="P50_ST00008" HPOS="1519" VPOS="302" WIDTH="28" HEIGHT="43" CONTENT="à" WC="1.00" CC="0"/>
						<SP ID="P50_SP00007" HPOS="1547" VPOS="364" WIDTH="46"/>
						<String ID="P50_ST00009" HPOS="1593" VPOS="298" WIDTH="258" HEIGHT="48" CONTENT="Bruxelles" WC="0.99" CC="076900301"/>
						<SP ID="P50_SP00008" HPOS="1851" VPOS="364" WIDTH="29"/>
						<String ID="P50_ST00010" HPOS="1880" VPOS="298" WIDTH="109" HEIGHT="47" CONTENT="d'un" WC="0.96" CC="0187"/>
						<SP ID="P50_SP00009" HPOS="1989" VPOS="364" WIDTH="41"/>
						<String ID="P50_ST00011" HPOS="2030" VPOS="298" WIDTH="193" HEIGHT="48" CONTENT="théâtre" WC="0.99" CC="4004062"/>
					</TextLine>
					<TextLine ID="P50_TL00003" HPOS="339" VPOS="368" WIDTH="1883" HEIGHT="66">
						<String ID="P50_ST00012" HPOS="339" VPOS="374" WIDTH="195" HEIGHT="60" CONTENT="lyrique" WC="0.99" CC="4070000"/>
						<SP ID="P50_SP00010" HPOS="534" VPOS="434" WIDTH="30"/>
						<String ID="P50_ST00013" HPOS="564" VPOS="373" WIDTH="277" HEIGHT="57" CONTENT="historique" WC="0.99" CC="5743004000"/>
						<SP ID="P50_SP00011" HPOS="841" VPOS="434" WIDTH="41"/>
						<String ID="P50_ST00014" HPOS="882" VPOS="372" WIDTH="84" HEIGHT="60" CONTENT="qui" WC="0.95" CC="903"/>
						<SP ID="P50_SP00012" HPOS="966" VPOS="434" WIDTH="31"/>
						<String ID="P50_ST00015" HPOS="997" VPOS="369" WIDTH="391" HEIGHT="60" CONTENT="représenterait" WC="1.00" CC="00092500550001"/>
						<SP ID="P50_SP00013" HPOS="1388" VPOS="434" WIDTH="37"/>
						<String ID="P50_ST00016" HPOS="1425" VPOS="368" WIDTH="73" HEIGHT="47" CONTENT="les" WC="0.94" CC="654"/>
						<SP ID="P50_SP00014" HPOS="1498" VPOS="434" WIDTH="43"/>
						<String ID="P50_ST00017" HPOS="1541" VPOS="382" WIDTH="197" HEIGHT="33" CONTENT="œuvres" WC="0.99" CC="001601"/>
						<SP ID="P50_SP00015" HPOS="1738" VPOS="434" WIDTH="42"/>
						<String ID="P50_ST00018" HPOS="1780" VPOS="369" WIDTH="61" HEIGHT="46" CONTENT="de" WC="1.00" CC="00"/>
						<SP ID="P50_SP00016" HPOS="1841" VPOS="434" WIDTH="38"/>
						<String ID="P50_ST00019" HPOS="1879" VPOS="369" WIDTH="343" HEIGHT="56" CONTENT="Monteverde," WC="0.82" CC="00005046004"/>
					</TextLine>
					<TextLine ID="P50_TL00004" HPOS="338" VPOS="437" WIDTH="1881" HEIGHT="64">
						<String ID="P50_ST00020" HPOS="338" VPOS="443" WIDTH="250" HEIGHT="57" CONTENT="Scarlatti," WC="0.55" CC="7207837160"/>
						<SP ID="P50_SP00017" HPOS="588" VPOS="500" WIDTH="32"/>
						<String ID="P50_ST00021" HPOS="620" VPOS="440" WIDTH="293" HEIGHT="61" CONTENT="Pergolèse," WC="0.78" CC="0067030202"/>
						<SP ID="P50_SP00018" HPOS="913" VPOS="501" WIDTH="39"/>
						<String ID="P50_ST00022" HPOS="952" VPOS="438" WIDTH="276" HEIGHT="54" CONTENT="Gimarosa," WC="0.70" CC="100064552"/>
						<SP ID="P50_SP00019" HPOS="1228" VPOS="501" WIDTH="32"/>
						<String ID="P50_ST00023" HPOS="1260" VPOS="437" WIDTH="258" HEIGHT="58" CONTENT="Paisiello," WC="0.88" CC="0010100063"/>
						<SP ID="P50_SP00020" HPOS="1518" VPOS="501" WIDTH="33"/>
						<String ID="P50_ST00024" HPOS="1551" VPOS="438" WIDTH="149" HEIGHT="57" CONTENT="Lulli," WC="0.82" CC="000053"/>
						<SP ID="P50_SP00021" HPOS="1700" VPOS="501" WIDTH="31"/>
						<String ID="P50_ST00025" HPOS="1731" VPOS="440" WIDTH="242" HEIGHT="55" CONTENT="Rameau," WC="0.99" CC="1004004"/>
						<SP ID="P50_SP00022" HPOS="1973" VPOS="501" WIDTH="38"/>
						<String ID="P50_ST00026" HPOS="2011" VPOS="439" WIDTH="208" HEIGHT="56" CONTENT="Gossec," WC="0.86" CC="5030000"/>
					</TextLine>
					<TextLine ID="P50_TL00005" HPOS="341" VPOS="510" WIDTH="555" HEIGHT="62">
						<String ID="P50_ST00027" HPOS="341" VPOS="513" WIDTH="202" HEIGHT="59" CONTENT="Grétry," WC="0.54" CC="9770600"/>
						<SP ID="P50_SP00023" HPOS="543" VPOS="572" WIDTH="31"/>
						<String ID="P50_ST00028" HPOS="574" VPOS="510" WIDTH="191" HEIGHT="59" CONTENT="Méhul," WC="0.79" CC="060131"/>
						<SP ID="P50_SP00024" HPOS="765" VPOS="572" WIDTH="34"/>
						<String ID="P50_ST00029" HPOS="799" VPOS="512" WIDTH="97" HEIGHT="45" CONTENT="etc." WC="0.98" CC="0503"/>
					</TextLine>
					<TextLine ID="P50_TL00006" HPOS="402" VPOS="578" WIDTH="1822" HEIGHT="61">
						<String ID="P50_ST00030" HPOS="402" VPOS="583" WIDTH="136" HEIGHT="47" CONTENT="Dans" WC="1.00" CC="0002"/>
						<SP ID="P50_SP00025" HPOS="538" VPOS="630" WIDTH="30"/>
						<String ID="P50_ST00031" HPOS="568" VPOS="583" WIDTH="47" HEIGHT="45" CONTENT="la" WC="0.67" CC="60"/>
						<SP ID="P50_SP00026" HPOS="615" VPOS="630" WIDTH="32"/>
						<String ID="P50_ST00032" HPOS="647" VPOS="583" WIDTH="161" HEIGHT="45" CONTENT="Revue" WC="1.00" CC="00030" STYLEREFS="TXT_2"/>
						<SP ID="P50_SP00027" HPOS="808" VPOS="630" WIDTH="31"/>
						<String ID="P50_ST00033" HPOS="839" VPOS="579" WIDTH="261" HEIGHT="52" CONTENT="socialiste" WC="0.99" CC="0440904800" STYLEREFS="TXT_2"/>
						<String ID="P50_ST00034" HPOS="1106" VPOS="616" WIDTH="12" HEIGHT="23" CONTENT="," WC="1.00" CC="0"/>
						<SP ID="P50_SP00028" HPOS="1118" VPOS="639" WIDTH="32"/>
						<String ID="P50_ST00035" HPOS="1150" VPOS="578" WIDTH="72" HEIGHT="48" CONTENT="M." WC="0.85" CC="02"/>
						<SP ID="P50_SP00029" HPOS="1222" VPOS="639" WIDTH="33"/>
						<String ID="P50_ST00036" HPOS="1255" VPOS="579" WIDTH="231" HEIGHT="47" CONTENT="Rouanet" WC="0.67" CC="4060703"/>
						<SP ID="P50_SP00030" HPOS="1486" VPOS="639" WIDTH="27"/>
						<String ID="P50_ST00037" HPOS="1513" VPOS="579" WIDTH="212" HEIGHT="60" CONTENT="prétend" WC="0.99" CC="0731000"/>
						<SP ID="P50_SP00031" HPOS="1725" VPOS="639" WIDTH="34"/>
						<String ID="P50_ST00038" HPOS="1759" VPOS="593" WIDTH="131" HEIGHT="32" CONTENT="nous" WC="0.99" CC="0002"/>
						<SP ID="P50_SP00032" HPOS="1890" VPOS="639" WIDTH="29"/>
						<String ID="P50_ST00039" HPOS="1919" VPOS="580" WIDTH="237" HEIGHT="59" CONTENT="apporter" WC="0.99" CC="70004606"/>
						<SP ID="P50_SP00033" HPOS="2156" VPOS="639" WIDTH="20"/>
						<String ID="P50_ST00040" HPOS="2176" VPOS="579" WIDTH="48" HEIGHT="46" CONTENT="la" WC="0.52" CC="36"/>
					</TextLine>
					<TextLine ID="P50_TL00007" HPOS="344" VPOS="647" WIDTH="1880" HEIGHT="61">
						<String ID="P50_ST00041" HPOS="344" VPOS="654" WIDTH="171" HEIGHT="45" CONTENT="Vérité" WC="0.99" CC="050001" STYLEREFS="TXT_2"/>
						<SP ID="P50_SP00034" HPOS="515" VPOS="699" WIDTH="23"/>
						<String ID="P50_ST00042" HPOS="538" VPOS="665" WIDTH="92" HEIGHT="33" CONTENT="sur" WC="1.00" CC="000" STYLEREFS="TXT_2"/>
						<SP ID="P50_SP00035" HPOS="630" VPOS="699" WIDTH="41"/>
						<String ID="P50_ST00043" HPOS="671" VPOS="652" WIDTH="44" HEIGHT="46" CONTENT="le" WC="1.00" CC="00" STYLEREFS="TXT_2"/>
						<SP ID="P50_SP00036" HPOS="715" VPOS="699" WIDTH="40"/>
						<String ID="P50_ST00044" HPOS="755" VPOS="652" WIDTH="254" HEIGHT="56" CONTENT="Panama," WC="1.00" CC="0000004" STYLEREFS="TXT_2"/>
						<SP ID="P50_SP00037" HPOS="1009" VPOS="708" WIDTH="31"/>
						<String ID="P50_ST00045" HPOS="1040" VPOS="650" WIDTH="143" HEIGHT="46" CONTENT="entre" WC="1.00" CC="00200"/>
						<SP ID="P50_SP00038" HPOS="1183" VPOS="708" WIDTH="39"/>
						<String ID="P50_ST00046" HPOS="1222" VPOS="651" WIDTH="105" HEIGHT="45" CONTENT="tant" WC="0.97" CC="0716"/>
						<SP ID="P50_SP00039" HPOS="1327" VPOS="708" WIDTH="40"/>
						<String ID="P50_ST00047" HPOS="1367" VPOS="650" WIDTH="62" HEIGHT="46" CONTENT="de" WC="1.00" CC="00"/>
						<SP ID="P50_SP00040" HPOS="1429" VPOS="708" WIDTH="42"/>
						<String ID="P50_ST00048" HPOS="1471" VPOS="649" WIDTH="152" HEIGHT="47" CONTENT="vérité" WC="0.98" CC="050807"/>
						<SP ID="P50_SP00041" HPOS="1623" VPOS="708" WIDTH="38"/>
						<String ID="P50_ST00049" HPOS="1661" VPOS="647" WIDTH="152" HEIGHT="61" CONTENT="qu'on" WC="0.99" CC="06300"/>
						<SP ID="P50_SP00042" HPOS="1813" VPOS="708" WIDTH="35"/>
						<String ID="P50_ST00050" HPOS="1848" VPOS="663" WIDTH="131" HEIGHT="31" CONTENT="nous" WC="0.98" CC="0052"/>
						<SP ID="P50_SP00043" HPOS="1979" VPOS="708" WIDTH="39"/>
						<String ID="P50_ST00051" HPOS="2018" VPOS="649" WIDTH="89" HEIGHT="54" CONTENT="dit," WC="1.00" CC="0020"/>
						<SP ID="P50_SP00044" HPOS="2107" VPOS="708" WIDTH="40"/>
						<String ID="P50_ST00052" HPOS="2147" VPOS="651" WIDTH="52" HEIGHT="45" CONTENT="la" SUBS_TYPE="HypPart1" SUBS_CONTENT="laquelle" WC="0.99" CC="00"/>
						<HYP HPOS="2199" VPOS="651" WIDTH="25" CONTENT="-"/>
					</TextLine>
					<TextLine ID="P50_TL00008" HPOS="339" VPOS="717" WIDTH="1886" HEIGHT="65">
						<String ID="P50_ST00053" HPOS="339" VPOS="722" WIDTH="167" HEIGHT="60" CONTENT="quelle" SUBS_TYPE="HypPart2" SUBS_CONTENT="laquelle" WC="0.99" CC="000622"/>
						<SP ID="P50_SP00045" HPOS="506" VPOS="782" WIDTH="44"/>
						<String ID="P50_ST00054" HPOS="550" VPOS="721" WIDTH="226" HEIGHT="47" CONTENT="choisir?" WC="0.98" CC="07353475"/>
						<SP ID="P50_SP00046" HPOS="776" VPOS="782" WIDTH="24"/>
						<String ID="P50_ST00055" HPOS="800" VPOS="720" WIDTH="73" HEIGHT="47" CONTENT="De" WC="0.89" CC="20"/>
						<SP ID="P50_SP00047" HPOS="873" VPOS="782" WIDTH="38"/>
						<String ID="P50_ST00056" HPOS="911" VPOS="720" WIDTH="74" HEIGHT="48" CONTENT="M." WC="0.81" CC="03"/>
						<SP ID="P50_SP00048" HPOS="985" VPOS="782" WIDTH="44"/>
						<String ID="P50_ST00057" HPOS="1029" VPOS="719" WIDTH="127" HEIGHT="47" CONTENT="Jean" WC="1.00" CC="1000"/>
						<SP ID="P50_SP00049" HPOS="1156" VPOS="782" WIDTH="33"/>
						<String ID="P50_ST00058" HPOS="1189" VPOS="717" WIDTH="224" HEIGHT="59" CONTENT="Volderf," WC="0.78" CC="01100643"/>
						<SP ID="P50_SP00050" HPOS="1413" VPOS="782" WIDTH="34"/>
						<String ID="P50_ST00059" HPOS="1447" VPOS="733" WIDTH="98" HEIGHT="33" CONTENT="une" WC="0.97" CC="321"/>
						<SP ID="P50_SP00051" HPOS="1545" VPOS="782" WIDTH="29"/>
						<String ID="P50_ST00060" HPOS="1574" VPOS="719" WIDTH="170" HEIGHT="60" CONTENT="rapide" WC="0.99" CC="300700"/>
						<SP ID="P50_SP00052" HPOS="1744" VPOS="782" WIDTH="31"/>
						<String ID="P50_ST00061" HPOS="1775" VPOS="731" WIDTH="151" HEIGHT="35" CONTENT="revue" WC="1.00" CC="00020"/>
						<SP ID="P50_SP00053" HPOS="1926" VPOS="782" WIDTH="42"/>
						<String ID="P50_ST00062" HPOS="1968" VPOS="719" WIDTH="66" HEIGHT="45" CONTENT="du" WC="1.00" CC="00"/>
						<SP ID="P50_SP00054" HPOS="2034" VPOS="782" WIDTH="36"/>
						<String ID="P50_ST00063" HPOS="2070" VPOS="719" WIDTH="155" HEIGHT="45" CONTENT="Parti" WC="1.00" CC="00000" STYLEREFS="TXT_2"/>
					</TextLine>
					<TextLine ID="P50_TL00009" HPOS="338" VPOS="790" WIDTH="401" HEIGHT="63">
						<String ID="P50_ST00064" HPOS="338" VPOS="792" WIDTH="203" HEIGHT="47" CONTENT="ouvrier" WC="0.99" CC="2170000" STYLEREFS="TXT_2"/>
						<SP ID="P50_SP00055" HPOS="541" VPOS="839" WIDTH="40"/>
						<String ID="P50_ST00065" HPOS="581" VPOS="790" WIDTH="158" HEIGHT="63" CONTENT="belge." WC="1.00" CC="000004" STYLEREFS="TXT_2"/>
					</TextLine>
					<TextLine ID="P50_TL00010" HPOS="398" VPOS="857" WIDTH="1825" HEIGHT="62">
						<String ID="P50_ST00066" HPOS="398" VPOS="863" WIDTH="136" HEIGHT="46" CONTENT="Dans" WC="1.00" CC="0000"/>
						<SP ID="P50_SP00056" HPOS="534" VPOS="909" WIDTH="42"/>
						<String ID="P50_ST00067" HPOS="576" VPOS="863" WIDTH="47" HEIGHT="46" CONTENT="la" WC="0.68" CC="60"/>
						<SP ID="P50_SP00057" HPOS="623" VPOS="909" WIDTH="38"/>
						<String ID="P50_ST00068" HPOS="661" VPOS="861" WIDTH="180" HEIGHT="47" CONTENT="Plume" WC="0.98" CC="00650" STYLEREFS="TXT_2"/>
						<SP ID="P50_SP00058" HPOS="841" VPOS="909" WIDTH="27"/>
						<String ID="P50_ST00069" HPOS="868" VPOS="875" WIDTH="12" HEIGHT="31" CONTENT=":" WC="0.70" CC="2" STYLEREFS="TXT_2"/>
						<SP ID="P50_SP00059" HPOS="880" VPOS="909" WIDTH="47"/>
						<String ID="P50_ST00070" HPOS="927" VPOS="875" WIDTH="98" HEIGHT="31" CONTENT="une" WC="1.00" CC="000"/>
						<SP ID="P50_SP00060" HPOS="1025" VPOS="909" WIDTH="33"/>
						<String ID="P50_ST00071" HPOS="1058" VPOS="860" WIDTH="217" HEIGHT="59" CONTENT="Posface" WC="0.91" CC="0500000" STYLEREFS="TXT_2"/>
						<SP ID="P50_SP00061" HPOS="1275" VPOS="919" WIDTH="41"/>
						<String ID="P50_ST00072" HPOS="1316" VPOS="861" WIDTH="31" HEIGHT="47" CONTENT="à" WC="0.25" CC="7" STYLEREFS="TXT_2"/>
						<SP ID="P50_SP00062" HPOS="1347" VPOS="919" WIDTH="39"/>
						<String ID="P50_ST00073" HPOS="1386" VPOS="858" WIDTH="201" HEIGHT="47" CONTENT="Vannée" WC="0.99" CC="501000" STYLEREFS="TXT_2"/>
						<SP ID="P50_SP00063" HPOS="1587" VPOS="919" WIDTH="39"/>
						<String ID="P50_ST00074" HPOS="1626" VPOS="857" WIDTH="137" HEIGHT="60" CONTENT="1892," WC="0.49" CC="50683"/>
						<SP ID="P50_SP00064" HPOS="1763" VPOS="919" WIDTH="43"/>
						<String ID="P50_ST00075" HPOS="1806" VPOS="860" WIDTH="62" HEIGHT="45" CONTENT="de" WC="1.00" CC="00"/>
						<SP ID="P50_SP00065" HPOS="1868" VPOS="919" WIDTH="44"/>
						<String ID="P50_ST00076" HPOS="1912" VPOS="858" WIDTH="138" HEIGHT="47" CONTENT="Léon" WC="0.96" CC="3607"/>
						<SP ID="P50_SP00066" HPOS="2050" VPOS="919" WIDTH="39"/>
						<String ID="P50_ST00077" HPOS="2089" VPOS="858" WIDTH="101" HEIGHT="47" CONTENT="Des" SUBS_TYPE="HypPart1" SUBS_CONTENT="Deschamps," WC="0.98" CC="016"/>
						<HYP HPOS="2190" VPOS="858" WIDTH="33" CONTENT="-"/>
					</TextLine>
					<TextLine ID="P50_TL00011" HPOS="337" VPOS="928" WIDTH="1887" HEIGHT="65">
						<String ID="P50_ST00078" HPOS="337" VPOS="933" WIDTH="226" HEIGHT="60" CONTENT="champs," SUBS_TYPE="HypPart2" SUBS_CONTENT="Deschamps," WC="0.98" CC="0794023"/>
						<SP ID="P50_SP00067" HPOS="563" VPOS="993" WIDTH="35"/>
						<String ID="P50_ST00079" HPOS="598" VPOS="945" WIDTH="232" HEIGHT="33" CONTENT="annonce" WC="0.99" CC="0030070"/>
						<SP ID="P50_SP00068" HPOS="830" VPOS="993" WIDTH="35"/>
						<String ID="P50_ST00080" HPOS="865" VPOS="943" WIDTH="97" HEIGHT="47" CONTENT="que" WC="0.96" CC="064"/>
						<SP ID="P50_SP00069" HPOS="962" VPOS="993" WIDTH="30"/>
						<String ID="P50_ST00081" HPOS="992" VPOS="931" WIDTH="70" HEIGHT="45" CONTENT="La" WC="0.98" CC="00" STYLEREFS="TXT_2"/>
						<SP ID="P50_SP00070" HPOS="1062" VPOS="993" WIDTH="27"/>
						<String ID="P50_ST00082" HPOS="1089" VPOS="929" WIDTH="183" HEIGHT="46" CONTENT="Plume" WC="1.00" CC="00000" STYLEREFS="TXT_2"/>
						<SP ID="P50_SP00071" HPOS="1272" VPOS="993" WIDTH="26"/>
						<String ID="P50_ST00083" HPOS="1298" VPOS="929" WIDTH="217" HEIGHT="60" CONTENT="paraîtra" WC="0.99" CC="00202070"/>
						<SP ID="P50_SP00072" HPOS="1515" VPOS="993" WIDTH="30"/>
						<String ID="P50_ST00084" HPOS="1545" VPOS="932" WIDTH="26" HEIGHT="43" CONTENT="à" WC="0.63" CC="3"/>
						<SP ID="P50_SP00073" HPOS="1571" VPOS="993" WIDTH="24"/>
						<String ID="P50_ST00085" HPOS="1595" VPOS="929" WIDTH="155" HEIGHT="60" CONTENT="partir" WC="0.98" CC="005634"/>
						<SP ID="P50_SP00074" HPOS="1750" VPOS="993" WIDTH="41"/>
						<String ID="P50_ST00086" HPOS="1791" VPOS="929" WIDTH="61" HEIGHT="46" CONTENT="de" WC="1.00" CC="00"/>
						<SP ID="P50_SP00075" HPOS="1852" VPOS="993" WIDTH="24"/>
						<String ID="P50_ST00087" HPOS="1876" VPOS="928" WIDTH="199" HEIGHT="60" CONTENT="janvier" WC="0.99" CC="4030606"/>
						<SP ID="P50_SP00076" HPOS="2075" VPOS="993" WIDTH="28"/>
						<String ID="P50_ST00088" HPOS="2103" VPOS="942" WIDTH="121" HEIGHT="34" CONTENT="avec" WC="1.00" CC="0010"/>
					</TextLine>
					<TextLine ID="P50_TL00012" HPOS="334" VPOS="1003" WIDTH="665" HEIGHT="60">
						<String ID="P50_ST00089" HPOS="334" VPOS="1003" WIDTH="140" HEIGHT="57" CONTENT="vingt" WC="0.99" CC="00070"/>
						<SP ID="P50_SP00077" HPOS="474" VPOS="1060" WIDTH="25"/>
						<String ID="P50_ST00090" HPOS="499" VPOS="1016" WIDTH="155" HEIGHT="47" CONTENT="pages" WC="0.97" CC="00926"/>
						<SP ID="P50_SP00078" HPOS="654" VPOS="1063" WIDTH="31"/>
						<String ID="P50_ST00091" HPOS="685" VPOS="1003" WIDTH="60" HEIGHT="44" CONTENT="de" WC="0.93" CC="01"/>
						<SP ID="P50_SP00079" HPOS="745" VPOS="1063" WIDTH="38"/>
						<String ID="P50_ST00092" HPOS="783" VPOS="1004" WIDTH="152" HEIGHT="43" CONTENT="texte." WC="0.99" CC="009003"/>
						<SP ID="P50_SP00080" HPOS="935" VPOS="1063" WIDTH="55"/>
						<String ID="P50_ST00093" HPOS="990" VPOS="1012" WIDTH="9" HEIGHT="10" CONTENT="*" WC="0.39" CC="6"/>
					</TextLine>
					<TextLine ID="P50_TL00013" HPOS="395" VPOS="1067" WIDTH="1825" HEIGHT="62">
						<String ID="P50_ST00094" HPOS="395" VPOS="1072" WIDTH="74" HEIGHT="45" CONTENT="La" WC="1.00" CC="00"/>
						<SP ID="P50_SP00081" HPOS="469" VPOS="1117" WIDTH="28"/>
						<String ID="P50_ST00095" HPOS="497" VPOS="1072" WIDTH="180" HEIGHT="45" CONTENT="Plume" WC="0.99" CC="00004" STYLEREFS="TXT_2"/>
						<SP ID="P50_SP00082" HPOS="677" VPOS="1117" WIDTH="28"/>
						<String ID="P50_ST00096" HPOS="705" VPOS="1073" WIDTH="106" HEIGHT="44" CONTENT="met" WC="1.00" CC="000"/>
						<SP ID="P50_SP00083" HPOS="811" VPOS="1117" WIDTH="24"/>
						<String ID="P50_ST00097" HPOS="835" VPOS="1083" WIDTH="62" HEIGHT="33" CONTENT="en" WC="0.90" CC="01"/>
						<SP ID="P50_SP00084" HPOS="897" VPOS="1117" WIDTH="29"/>
						<String ID="P50_ST00098" HPOS="926" VPOS="1069" WIDTH="150" HEIGHT="47" CONTENT="vente" WC="0.99" CC="40020"/>
						<SP ID="P50_SP00085" HPOS="1076" VPOS="1117" WIDTH="32"/>
						<String ID="P50_ST00099" HPOS="1108" VPOS="1083" WIDTH="12" HEIGHT="32" CONTENT=":" WC="0.82" CC="1"/>
						<SP ID="P50_SP00086" HPOS="1120" VPOS="1117" WIDTH="36"/>
						<String ID="P50_ST00100" HPOS="1156" VPOS="1069" WIDTH="276" HEIGHT="47" CONTENT="Paradoxe" WC="0.99" CC="00050450" STYLEREFS="TXT_2"/>
						<SP ID="P50_SP00087" HPOS="1432" VPOS="1117" WIDTH="29"/>
						<String ID="P50_ST00101" HPOS="1461" VPOS="1083" WIDTH="93" HEIGHT="33" CONTENT="sur" WC="1.00" CC="000" STYLEREFS="TXT_2"/>
						<SP ID="P50_SP00088" HPOS="1554" VPOS="1117" WIDTH="30"/>
						<String ID="P50_ST00102" HPOS="1584" VPOS="1068" WIDTH="246" HEIGHT="59" CONTENT="VAmour," WC="0.70" CC="5007070" STYLEREFS="TXT_2"/>
						<SP ID="P50_SP00089" HPOS="1830" VPOS="1127" WIDTH="32"/>
						<String ID="P50_ST00103" HPOS="1862" VPOS="1079" WIDTH="90" HEIGHT="50" CONTENT="par" WC="1.00" CC="000"/>
						<SP ID="P50_SP00090" HPOS="1952" VPOS="1129" WIDTH="33"/>
						<String ID="P50_ST00104" HPOS="1985" VPOS="1067" WIDTH="235" HEIGHT="62" CONTENT="Adolphe" WC="0.98" CC="7005670"/>
					</TextLine>
					<TextLine ID="P50_TL00014" HPOS="334" VPOS="1144" WIDTH="168" HEIGHT="47">
						<String ID="P50_ST00105" HPOS="334" VPOS="1144" WIDTH="168" HEIGHT="47" CONTENT="Retté." WC="0.71" CC="506004"/>
					</TextLine>
				</TextBlock>
				<TextBlock ID="P50_TB00003" HPOS="1953" VPOS="1227" WIDTH="146" HEIGHT="47" STYLEREFS="TXT_3 PAR_RIGHT">
					<TextLine ID="P50_TL00015" HPOS="1953" VPOS="1227" WIDTH="145" HEIGHT="46">
						<String ID="P50_ST00106" HPOS="1953" VPOS="1227" WIDTH="60" HEIGHT="46" CONTENT="B." WC="0.46" CC="64"/>
						<SP ID="P50_SP00091" HPOS="2013" VPOS="1273" WIDTH="29"/>
						<String ID="P50_ST00107" HPOS="2042" VPOS="1227" WIDTH="56" HEIGHT="46" CONTENT="L." WC="0.74" CC="04"/>
					</TextLine>
				</TextBlock>
				<TextBlock ID="P50_TB00004" HPOS="1060" VPOS="1565" WIDTH="425" HEIGHT="79" STYLEREFS="TXT_4 PAR_CENTER">
					<TextLine ID="P50_TL00016" HPOS="1060" VPOS="1565" WIDTH="425" HEIGHT="79">
						<String ID="P50_ST00108" HPOS="1060" VPOS="1565" WIDTH="425" HEIGHT="79" CONTENT="MÉMENTO" WC="0.99" CC="0722000"/>
					</TextLine>
				</TextBlock>
				<TextBlock ID="P50_TB00005" HPOS="328" VPOS="1721" WIDTH="405" HEIGHT="66" STYLEREFS="TXT_5 PAR_LEFT">
					<TextLine ID="P50_TL00017" HPOS="395" VPOS="1722" WIDTH="338" HEIGHT="56">
						<String ID="P50_ST00109" HPOS="395" VPOS="1722" WIDTH="99" HEIGHT="49" CONTENT="Ont" WC="1.00" CC="040"/>
						<SP ID="P50_SP00092" HPOS="494" VPOS="1771" WIDTH="45"/>
						<String ID="P50_ST00110" HPOS="539" VPOS="1736" WIDTH="123" HEIGHT="42" CONTENT="paru" WC="0.95" CC="7770"/>
						<SP ID="P50_SP00093" HPOS="662" VPOS="1778" WIDTH="34"/>
						<String ID="P50_ST00111" HPOS="696" VPOS="1722" WIDTH="37" HEIGHT="56" CONTENT=":" WC="0.55" CC="4"/>
					</TextLine>
				</TextBlock>
				<TextBlock ID="P50_TB00006" HPOS="323" VPOS="1803" WIDTH="1894" HEIGHT="1254" STYLEREFS="TXT_1 PAR_LEFT">
					<TextLine ID="P50_TL00018" HPOS="394" VPOS="1807" WIDTH="1822" HEIGHT="61">
						<String ID="P50_ST00112" HPOS="394" VPOS="1811" WIDTH="130" HEIGHT="47" CONTENT="Chez" WC="0.97" CC="2605"/>
						<SP ID="P50_SP00094" HPOS="524" VPOS="1858" WIDTH="21"/>
						<String ID="P50_ST00113" HPOS="545" VPOS="1809" WIDTH="174" HEIGHT="47" CONTENT="Perrin" WC="0.72" CC="210650"/>
						<SP ID="P50_SP00095" HPOS="719" VPOS="1858" WIDTH="22"/>
						<String ID="P50_ST00114" HPOS="741" VPOS="1809" WIDTH="49" HEIGHT="47" CONTENT="et" WC="0.45" CC="46"/>
						<SP ID="P50_SP00096" HPOS="790" VPOS="1858" WIDTH="27"/>
						<String ID="P50_ST00115" HPOS="817" VPOS="1809" WIDTH="84" HEIGHT="47" CONTENT="Cie" WC="0.68" CC="360"/>
						<SP ID="P50_SP00097" HPOS="901" VPOS="1858" WIDTH="20"/>
						<String ID="P50_ST00116" HPOS="921" VPOS="1825" WIDTH="11" HEIGHT="30" CONTENT=":" WC="0.97" CC="0"/>
						<SP ID="P50_SP00098" HPOS="932" VPOS="1858" WIDTH="23"/>
						<String ID="P50_ST00117" HPOS="955" VPOS="1809" WIDTH="92" HEIGHT="46" CONTENT="Les" WC="1.00" CC="000" STYLEREFS="TXT_2"/>
						<SP ID="P50_SP00099" HPOS="1047" VPOS="1858" WIDTH="19"/>
						<String ID="P50_ST00118" HPOS="1066" VPOS="1807" WIDTH="254" HEIGHT="61" CONTENT="Disciples" WC="1.00" CC="000000200" STYLEREFS="TXT_2"/>
						<SP ID="P50_SP00100" HPOS="1320" VPOS="1868" WIDTH="325"/>
						<String ID="P50_ST00119" HPOS="1645" VPOS="1845" WIDTH="10" HEIGHT="22" CONTENT="," WC="0.64" CC="3"/>
						<SP ID="P50_SP00101" HPOS="1655" VPOS="1868" WIDTH="15"/>
						<String ID="P50_ST00120" HPOS="1670" VPOS="1820" WIDTH="88" HEIGHT="47" CONTENT="par" WC="0.95" CC="607"/>
						<SP ID="P50_SP00102" HPOS="1758" VPOS="1868" WIDTH="25"/>
						<String ID="P50_ST00121" HPOS="1783" VPOS="1807" WIDTH="61" HEIGHT="48" CONTENT="T." WC="0.79" CC="04"/>
						<SP ID="P50_SP00103" HPOS="1844" VPOS="1868" WIDTH="23"/>
						<String ID="P50_ST00122" HPOS="1867" VPOS="1808" WIDTH="61" HEIGHT="46" CONTENT="de" WC="0.98" CC="00"/>
						<SP ID="P50_SP00104" HPOS="1928" VPOS="1868" WIDTH="22"/>
						<String ID="P50_ST00123" HPOS="1950" VPOS="1807" WIDTH="266" HEIGHT="61" CONTENT='"YVyzewa;' WC="0.57" CC="685012068"/>
					</TextLine>
					<TextLine ID="P50_TL00019" HPOS="329" VPOS="1876" WIDTH="1179" HEIGHT="62">
						<String ID="P50_ST00124" HPOS="329" VPOS="1878" WIDTH="214" HEIGHT="50" CONTENT="Paroles" WC="1.00" CC="6000000" STYLEREFS="TXT_2"/>
						<SP ID="P50_SP00105" HPOS="543" VPOS="1928" WIDTH="28"/>
						<String ID="P50_ST00125" HPOS="571" VPOS="1881" WIDTH="33" HEIGHT="44" CONTENT="à" WC="0.43" CC="5" STYLEREFS="TXT_2"/>
						<SP ID="P50_SP00106" HPOS="604" VPOS="1928" WIDTH="31"/>
						<String ID="P50_ST00126" HPOS="635" VPOS="1879" WIDTH="54" HEIGHT="46" CONTENT="la" WC="1.00" CC="00" STYLEREFS="TXT_2"/>
						<SP ID="P50_SP00107" HPOS="689" VPOS="1928" WIDTH="414"/>
						<String ID="P50_ST00127" HPOS="1103" VPOS="1879" WIDTH="217" HEIGHT="46" CONTENT="Fiancée" WC="1.00" CC="0100300" STYLEREFS="TXT_2"/>
						<String ID="P50_ST00128" HPOS="935" VPOS="1915" WIDTH="10" HEIGHT="21" CONTENT="," WC="1.00" CC="0"/>
						<SP ID="P50_SP00108" HPOS="1320" VPOS="1936" WIDTH="-344"/>
						<String ID="P50_ST00129" HPOS="976" VPOS="1892" WIDTH="89" HEIGHT="46" CONTENT="par" WC="0.96" CC="605"/>
						<SP ID="P50_SP00109" HPOS="1320" VPOS="1938" WIDTH="-225"/>
						<String ID="P50_ST00130" HPOS="1095" VPOS="1877" WIDTH="232" HEIGHT="47" CONTENT="Maurice" WC="0.99" CC="0065001"/>
						<SP ID="P50_SP00110" HPOS="1327" VPOS="1938" WIDTH="30"/>
						<String ID="P50_ST00131" HPOS="1357" VPOS="1876" WIDTH="151" HEIGHT="59" CONTENT="Pujo." WC="0.74" CC="08400"/>
					</TextLine>
					<TextLine ID="P50_TL00020" HPOS="390" VPOS="1947" WIDTH="1538" HEIGHT="59">
						<String ID="P50_ST00132" HPOS="390" VPOS="1950" WIDTH="130" HEIGHT="49" CONTENT="Chez" WC="0.95" CC="8606"/>
						<SP ID="P50_SP00111" HPOS="520" VPOS="1999" WIDTH="38"/>
						<String ID="P50_ST00133" HPOS="558" VPOS="1950" WIDTH="133" HEIGHT="46" CONTENT="Léon" WC="0.98" CC="2800"/>
						<SP ID="P50_SP00112" HPOS="691" VPOS="1999" WIDTH="31"/>
						<String ID="P50_ST00134" HPOS="722" VPOS="1949" WIDTH="183" HEIGHT="50" CONTENT="Vanter" WC="0.97" CC="808705"/>
						<SP ID="P50_SP00113" HPOS="905" VPOS="1999" WIDTH="29"/>
						<String ID="P50_ST00135" HPOS="934" VPOS="1963" WIDTH="11" HEIGHT="31" CONTENT=":" WC="0.38" CC="6"/>
						<SP ID="P50_SP00114" HPOS="945" VPOS="1999" WIDTH="33"/>
						<String ID="P50_ST00136" HPOS="978" VPOS="1947" WIDTH="334" HEIGHT="59" CONTENT="Euryalthes," WC="0.90" CC="00060000003" STYLEREFS="TXT_2"/>
						<SP ID="P50_SP00115" HPOS="1312" VPOS="2006" WIDTH="21"/>
						<String ID="P50_ST00137" HPOS="1333" VPOS="1961" WIDTH="88" HEIGHT="45" CONTENT="par" WC="0.97" CC="007"/>
						<SP ID="P50_SP00116" HPOS="1421" VPOS="2006" WIDTH="32"/>
						<String ID="P50_ST00138" HPOS="1453" VPOS="1947" WIDTH="240" HEIGHT="59" CONTENT="Fuançois" WC="0.46" CC="57578205"/>
						<SP ID="P50_SP00117" HPOS="1693" VPOS="2006" WIDTH="28"/>
						<String ID="P50_ST00139" HPOS="1721" VPOS="1947" WIDTH="207" HEIGHT="48" CONTENT="Couîon." WC="0.71" CC="4007052"/>
					</TextLine>
					<TextLine ID="P50_TL00021" HPOS="389" VPOS="2016" WIDTH="1819" HEIGHT="61">
						<String ID="P50_ST00140" HPOS="389" VPOS="2019" WIDTH="131" HEIGHT="47" CONTENT="Chez" WC="0.97" CC="3504"/>
						<SP ID="P50_SP00118" HPOS="520" VPOS="2066" WIDTH="44"/>
						<String ID="P50_ST00141" HPOS="564" VPOS="2019" WIDTH="221" HEIGHT="48" CONTENT="Simouis" WC="0.59" CC="5300873"/>
						<SP ID="P50_SP00119" HPOS="785" VPOS="2067" WIDTH="48"/>
						<String ID="P50_ST00142" HPOS="833" VPOS="2019" WIDTH="173" HEIGHT="58" CONTENT="Empis" WC="0.83" CC="00034"/>
						<SP ID="P50_SP00120" HPOS="1006" VPOS="2077" WIDTH="32"/>
						<String ID="P50_ST00143" HPOS="1038" VPOS="2032" WIDTH="13" HEIGHT="31" CONTENT=":" WC="1.00" CC="0"/>
						<SP ID="P50_SP00121" HPOS="1051" VPOS="2077" WIDTH="40"/>
						<String ID="P50_ST00144" HPOS="1091" VPOS="2016" WIDTH="489" HEIGHT="61" CONTENT="VEmbarquement" WC="0.77" CC="7360003405000" STYLEREFS="TXT_2"/>
						<SP ID="P50_SP00122" HPOS="1580" VPOS="2077" WIDTH="46"/>
						<String ID="P50_ST00145" HPOS="1626" VPOS="2030" WIDTH="138" HEIGHT="47" CONTENT="pour" WC="0.98" CC="5003" STYLEREFS="TXT_2"/>
						<SP ID="P50_SP00123" HPOS="1764" VPOS="2077" WIDTH="56"/>
						<String ID="P50_ST00146" HPOS="1820" VPOS="2016" WIDTH="240" HEIGHT="59" CONTENT="ailleurs," WC="1.00" CC="007000003" STYLEREFS="TXT_2"/>
						<SP ID="P50_SP00124" HPOS="2060" VPOS="2077" WIDTH="60"/>
						<String ID="P50_ST00147" HPOS="2120" VPOS="2032" WIDTH="88" HEIGHT="45" CONTENT="par" WC="0.98" CC="006"/>
					</TextLine>
					<TextLine ID="P50_TL00022" HPOS="327" VPOS="2085" WIDTH="1881" HEIGHT="62">
						<String ID="P50_ST00148" HPOS="327" VPOS="2089" WIDTH="200" HEIGHT="48" CONTENT="Gabriel" WC="0.97" CC="8087607"/>
						<SP ID="P50_SP00125" HPOS="527" VPOS="2137" WIDTH="24"/>
						<String ID="P50_ST00149" HPOS="551" VPOS="2088" WIDTH="239" HEIGHT="59" CONTENT="Mourey;" WC="0.58" CC="0367066"/>
						<SP ID="P50_SP00126" HPOS="790" VPOS="2147" WIDTH="27"/>
						<String ID="P50_ST00150" HPOS="817" VPOS="2088" WIDTH="156" HEIGHT="45" CONTENT="Bains" WC="0.98" CC="50032" STYLEREFS="TXT_2"/>
						<SP ID="P50_SP00127" HPOS="973" VPOS="2147" WIDTH="31"/>
						<String ID="P50_ST00151" HPOS="1004" VPOS="2089" WIDTH="61" HEIGHT="44" CONTENT="de" WC="1.00" CC="00" STYLEREFS="TXT_2"/>
						<SP ID="P50_SP00128" HPOS="1065" VPOS="2147" WIDTH="28"/>
						<String ID="P50_ST00152" HPOS="1093" VPOS="2100" WIDTH="134" HEIGHT="43" CONTENT="sons," WC="0.98" CC="02054" STYLEREFS="TXT_2"/>
						<SP ID="P50_SP00129" HPOS="1227" VPOS="2147" WIDTH="33"/>
						<String ID="P50_ST00153" HPOS="1260" VPOS="2100" WIDTH="88" HEIGHT="46" CONTENT="par" WC="0.97" CC="006"/>
						<SP ID="P50_SP00130" HPOS="1348" VPOS="2147" WIDTH="29"/>
						<String ID="P50_ST00154" HPOS="1377" VPOS="2085" WIDTH="296" HEIGHT="50" CONTENT="l'Ouvreuse" WC="0.99" CC="0085000810"/>
						<SP ID="P50_SP00131" HPOS="1673" VPOS="2147" WIDTH="30"/>
						<String ID="P50_ST00155" HPOS="1703" VPOS="2088" WIDTH="65" HEIGHT="44" CONTENT="du" WC="0.98" CC="00"/>
						<SP ID="P50_SP00132" HPOS="1768" VPOS="2147" WIDTH="36"/>
						<String ID="P50_ST00156" HPOS="1804" VPOS="2086" WIDTH="183" HEIGHT="60" CONTENT="Cirque" WC="0.98" CC="209700"/>
						<SP ID="P50_SP00133" HPOS="1987" VPOS="2147" WIDTH="54"/>
						<String ID="P50_ST00157" HPOS="2041" VPOS="2086" WIDTH="167" HEIGHT="59" CONTENT="d'Eté;" WC="0.98" CC="032059"/>
					</TextLine>
					<TextLine ID="P50_TL00023" HPOS="325" VPOS="2155" WIDTH="1884" HEIGHT="63">
						<String ID="P50_ST00158" HPOS="325" VPOS="2161" WIDTH="92" HEIGHT="45" CONTENT="Les" WC="0.99" CC="001" STYLEREFS="TXT_2"/>
						<SP ID="P50_SP00134" HPOS="417" VPOS="2206" WIDTH="24"/>
						<String ID="P50_ST00159" HPOS="441" VPOS="2157" WIDTH="119" HEIGHT="46" CONTENT="Bals" WC="1.00" CC="0000" STYLEREFS="TXT_2"/>
						<SP ID="P50_SP00135" HPOS="560" VPOS="2206" WIDTH="25"/>
						<String ID="P50_ST00160" HPOS="585" VPOS="2157" WIDTH="241" HEIGHT="46" CONTENT="travestis" WC="1.00" CC="400200000" STYLEREFS="TXT_2"/>
						<SP ID="P50_SP00136" HPOS="826" VPOS="2206" WIDTH="21"/>
						<String ID="P50_ST00161" HPOS="847" VPOS="2159" WIDTH="49" HEIGHT="43" CONTENT="et" WC="1.00" CC="00" STYLEREFS="TXT_2"/>
						<SP ID="P50_SP00137" HPOS="896" VPOS="2206" WIDTH="30"/>
						<String ID="P50_ST00162" HPOS="926" VPOS="2156" WIDTH="73" HEIGHT="47" CONTENT="les" WC="0.99" CC="002" STYLEREFS="TXT_2"/>
						<SP ID="P50_SP00138" HPOS="999" VPOS="2206" WIDTH="33"/>
						<String ID="P50_ST00163" HPOS="1032" VPOS="2155" WIDTH="259" HEIGHT="47" CONTENT="Tableaux" WC="0.99" CC="40000007" STYLEREFS="TXT_2"/>
						<SP ID="P50_SP00139" HPOS="1291" VPOS="2206" WIDTH="29"/>
						<String ID="P50_ST00164" HPOS="1320" VPOS="2155" WIDTH="204" HEIGHT="47" CONTENT="vivants" WC="0.99" CC="0080450" STYLEREFS="TXT_2"/>
						<SP ID="P50_SP00140" HPOS="1524" VPOS="2206" WIDTH="26"/>
						<String ID="P50_ST00165" HPOS="1550" VPOS="2169" WIDTH="119" HEIGHT="33" CONTENT="sous" WC="0.96" CC="1634" STYLEREFS="TXT_2"/>
						<SP ID="P50_SP00141" HPOS="1669" VPOS="2206" WIDTH="31"/>
						<String ID="P50_ST00166" HPOS="1700" VPOS="2155" WIDTH="48" HEIGHT="46" CONTENT="le" WC="1.00" CC="00" STYLEREFS="TXT_2"/>
						<SP ID="P50_SP00142" HPOS="1748" VPOS="2206" WIDTH="21"/>
						<String ID="P50_ST00167" HPOS="1769" VPOS="2155" WIDTH="190" HEIGHT="49" CONTENT="second" WC="0.99" CC="007000" STYLEREFS="TXT_2"/>
						<SP ID="P50_SP00143" HPOS="1959" VPOS="2206" WIDTH="21"/>
						<String ID="P50_ST00168" HPOS="1980" VPOS="2157" WIDTH="229" HEIGHT="61" CONTENT="Empire," WC="0.99" CC="0320204" STYLEREFS="TXT_2"/>
					</TextLine>
					<TextLine ID="P50_TL00024" HPOS="323" VPOS="2229" WIDTH="588" HEIGHT="62">
						<String ID="P50_ST00169" HPOS="323" VPOS="2244" WIDTH="89" HEIGHT="47" CONTENT="par" WC="0.97" CC="007"/>
						<SP ID="P50_SP00144" HPOS="412" VPOS="2291" WIDTH="29"/>
						<String ID="P50_ST00170" HPOS="441" VPOS="2229" WIDTH="175" HEIGHT="45" CONTENT="Pierre" WC="0.99" CC="000590"/>
						<SP ID="P50_SP00145" HPOS="616" VPOS="2291" WIDTH="32"/>
						<String ID="P50_ST00171" HPOS="648" VPOS="2229" WIDTH="61" HEIGHT="44" CONTENT="de" WC="1.00" CC="00"/>
						<SP ID="P50_SP00146" HPOS="709" VPOS="2291" WIDTH="43"/>
						<String ID="P50_ST00172" HPOS="752" VPOS="2229" WIDTH="70" HEIGHT="44" CONTENT="La" WC="0.56" CC="35"/>
						<SP ID="P50_SP00147" HPOS="822" VPOS="2291" WIDTH="10"/>
						<String ID="P50_ST00173" HPOS="832" VPOS="2241" WIDTH="60" HEIGHT="32" CONTENT="no" WC="0.59" CC="80"/>
						<SP ID="P50_SP00148" HPOS="892" VPOS="2291" WIDTH="10"/>
						<String ID="P50_ST00174" HPOS="902" VPOS="2263" WIDTH="9" HEIGHT="10" CONTENT="." WC="1.00" CC="0"/>
					</TextLine>
					<TextLine ID="P50_TL00025" HPOS="388" VPOS="2295" WIDTH="1823" HEIGHT="62">
						<String ID="P50_ST00175" HPOS="388" VPOS="2298" WIDTH="132" HEIGHT="47" CONTENT="Chez" WC="0.97" CC="5604"/>
						<SP ID="P50_SP00149" HPOS="520" VPOS="2345" WIDTH="35"/>
						<String ID="P50_ST00176" HPOS="555" VPOS="2297" WIDTH="282" HEIGHT="48" CONTENT="Ollendorff" WC="0.73" CC="6261002411"/>
						<SP ID="P50_SP00150" HPOS="837" VPOS="2345" WIDTH="28"/>
						<String ID="P50_ST00177" HPOS="865" VPOS="2311" WIDTH="10" HEIGHT="31" CONTENT=":" WC="0.99" CC="0"/>
						<SP ID="P50_SP00151" HPOS="875" VPOS="2345" WIDTH="49"/>
						<String ID="P50_ST00178" HPOS="924" VPOS="2297" WIDTH="73" HEIGHT="47" CONTENT="Un" WC="0.47" CC="46" STYLEREFS="TXT_2"/>
						<SP ID="P50_SP00152" HPOS="997" VPOS="2345" WIDTH="41"/>
						<String ID="P50_ST00179" HPOS="1038" VPOS="2296" WIDTH="104" HEIGHT="46" CONTENT="ami" WC="0.98" CC="031" STYLEREFS="TXT_2"/>
						<SP ID="P50_SP00153" HPOS="1142" VPOS="2345" WIDTH="36"/>
						<String ID="P50_ST00180" HPOS="1178" VPOS="2295" WIDTH="62" HEIGHT="47" CONTENT="de" WC="1.00" CC="00" STYLEREFS="TXT_2"/>
						<SP ID="P50_SP00154" HPOS="1240" VPOS="2345" WIDTH="27"/>
						<String ID="P50_ST00181" HPOS="1267" VPOS="2295" WIDTH="53" HEIGHT="47" CONTENT="la" WC="0.67" CC="06" STYLEREFS="TXT_2"/>
						<SP ID="P50_SP00155" HPOS="1320" VPOS="2345" WIDTH="40"/>
						<String ID="P50_ST00182" HPOS="1360" VPOS="2296" WIDTH="173" HEIGHT="58" CONTENT="Reine," WC="0.99" CC="307002" STYLEREFS="TXT_2"/>
						<SP ID="P50_SP00156" HPOS="1533" VPOS="2354" WIDTH="45"/>
						<String ID="P50_ST00183" HPOS="1578" VPOS="2310" WIDTH="89" HEIGHT="47" CONTENT="par" WC="0.99" CC="003"/>
						<SP ID="P50_SP00157" HPOS="1667" VPOS="2357" WIDTH="30"/>
						<String ID="P50_ST00184" HPOS="1697" VPOS="2295" WIDTH="130" HEIGHT="48" CONTENT="Paul" WC="0.97" CC="0066"/>
						<SP ID="P50_SP00158" HPOS="1827" VPOS="2357" WIDTH="48"/>
						<String ID="P50_ST00185" HPOS="1875" VPOS="2297" WIDTH="179" HEIGHT="47" CONTENT="Gaulot" WC="0.94" CC="000300"/>
						<SP ID="P50_SP00159" HPOS="2054" VPOS="2357" WIDTH="23"/>
						<String ID="P50_ST00186" HPOS="2077" VPOS="2310" WIDTH="10" HEIGHT="46" CONTENT=";" WC="1.00" CC="0"/>
						<SP ID="P50_SP00160" HPOS="2087" VPOS="2357" WIDTH="33"/>
						<String ID="P50_ST00187" HPOS="2120" VPOS="2300" WIDTH="91" HEIGHT="45" CONTENT="Les" WC="1.00" CC="000" STYLEREFS="TXT_2"/>
					</TextLine>
					<TextLine ID="P50_TL00026" HPOS="331" VPOS="2364" WIDTH="1203" HEIGHT="60">
						<String ID="P50_ST00188" HPOS="331" VPOS="2367" WIDTH="181" HEIGHT="47" CONTENT="Gueux" WC="1.00" CC="00003" STYLEREFS="TXT_2"/>
						<SP ID="P50_SP00161" HPOS="512" VPOS="2414" WIDTH="39"/>
						<String ID="P50_ST00189" HPOS="551" VPOS="2367" WIDTH="64" HEIGHT="44" CONTENT="de" WC="0.69" CC="06" STYLEREFS="TXT_2"/>
						<SP ID="P50_SP00162" HPOS="615" VPOS="2414" WIDTH="342"/>
						<String ID="P50_ST00190" HPOS="957" VPOS="2367" WIDTH="125" HEIGHT="56" CONTENT="Mer," WC="0.98" CC="0272" STYLEREFS="TXT_6"/>
						<String ID="P50_ST00191" HPOS="783" VPOS="2380" WIDTH="86" HEIGHT="44" CONTENT="par" WC="1.00" CC="000"/>
						<SP ID="P50_SP00163" HPOS="1082" VPOS="2424" WIDTH="-177"/>
						<String ID="P50_ST00192" HPOS="905" VPOS="2364" WIDTH="182" HEIGHT="46" CONTENT="Jurien" WC="0.54" CC="417607"/>
						<SP ID="P50_SP00164" HPOS="1087" VPOS="2424" WIDTH="27"/>
						<String ID="P50_ST00193" HPOS="1114" VPOS="2366" WIDTH="61" HEIGHT="44" CONTENT="de" WC="0.99" CC="00"/>
						<SP ID="P50_SP00165" HPOS="1175" VPOS="2424" WIDTH="29"/>
						<String ID="P50_ST00194" HPOS="1204" VPOS="2366" WIDTH="49" HEIGHT="44" CONTENT="la" WC="0.91" CC="10"/>
						<SP ID="P50_SP00166" HPOS="1253" VPOS="2424" WIDTH="29"/>
						<String ID="P50_ST00195" HPOS="1282" VPOS="2366" WIDTH="252" HEIGHT="48" CONTENT="Gravière." WC="0.60" CC="090625603"/>
					</TextLine>
					<TextLine ID="P50_TL00027" HPOS="389" VPOS="2434" WIDTH="1824" HEIGHT="61">
						<String ID="P50_ST00196" HPOS="389" VPOS="2441" WIDTH="46" HEIGHT="43" CONTENT="A" WC="0.72" CC="2"/>
						<SP ID="P50_SP00167" HPOS="435" VPOS="2484" WIDTH="29"/>
						<String ID="P50_ST00197" HPOS="464" VPOS="2436" WIDTH="278" HEIGHT="57" CONTENT="Bruxelles," WC="0.99" CC="0403067074"/>
						<SP ID="P50_SP00168" HPOS="742" VPOS="2493" WIDTH="34"/>
						<String ID="P50_ST00198" HPOS="776" VPOS="2439" WIDTH="26" HEIGHT="42" CONTENT="à" WC="0.39" CC="6"/>
						<SP ID="P50_SP00169" HPOS="802" VPOS="2493" WIDTH="49"/>
						<String ID="P50_ST00199" HPOS="851" VPOS="2434" WIDTH="344" HEIGHT="61" CONTENT="l'imprimerie" WC="1.00" CC="500002000700"/>
						<SP ID="P50_SP00170" HPOS="1195" VPOS="2495" WIDTH="44"/>
						<String ID="P50_ST00200" HPOS="1239" VPOS="2450" WIDTH="161" HEIGHT="33" CONTENT="veuve" WC="0.98" CC="70040"/>
						<SP ID="P50_SP00171" HPOS="1400" VPOS="2495" WIDTH="51"/>
						<String ID="P50_ST00201" HPOS="1451" VPOS="2436" WIDTH="277" HEIGHT="47" CONTENT="Monnom:" WC="0.93" CC="3000100"/>
						<SP ID="P50_SP00172" HPOS="1728" VPOS="2495" WIDTH="30"/>
						<String ID="P50_ST00202" HPOS="1758" VPOS="2437" WIDTH="94" HEIGHT="46" CONTENT="Les" WC="1.00" CC="000" STYLEREFS="TXT_2"/>
						<SP ID="P50_SP00173" HPOS="1852" VPOS="2495" WIDTH="29"/>
						<String ID="P50_ST00203" HPOS="1881" VPOS="2437" WIDTH="217" HEIGHT="47" CONTENT="Amants" WC="0.99" CC="100463" STYLEREFS="TXT_2"/>
						<SP ID="P50_SP00174" HPOS="2098" VPOS="2495" WIDTH="55"/>
						<String ID="P50_ST00204" HPOS="2153" VPOS="2437" WIDTH="60" HEIGHT="48" CONTENT="de" WC="0.75" CC="40" STYLEREFS="TXT_2"/>
					</TextLine>
					<TextLine ID="P50_TL00028" HPOS="332" VPOS="2505" WIDTH="1107" HEIGHT="59">
						<String ID="P50_ST00205" HPOS="332" VPOS="2507" WIDTH="345" HEIGHT="56" CONTENT="Taillemarts," WC="0.80" CC="002000900614" STYLEREFS="TXT_2"/>
						<SP ID="P50_SP00175" HPOS="677" VPOS="2563" WIDTH="32"/>
						<String ID="P50_ST00206" HPOS="709" VPOS="2519" WIDTH="86" HEIGHT="45" CONTENT="par" WC="0.96" CC="009"/>
						<SP ID="P50_SP00176" HPOS="795" VPOS="2564" WIDTH="32"/>
						<String ID="P50_ST00207" HPOS="827" VPOS="2505" WIDTH="226" HEIGHT="46" CONTENT="Maurice" WC="0.99" CC="0066000"/>
						<SP ID="P50_SP00177" HPOS="1053" VPOS="2564" WIDTH="26"/>
						<String ID="P50_ST00208" HPOS="1079" VPOS="2505" WIDTH="360" HEIGHT="47" CONTENT="Desombiaux." WC="0.69" CC="00900603094"/>
					</TextLine>
					<TextLine ID="P50_TL00029" HPOS="390" VPOS="2570" WIDTH="1819" HEIGHT="68">
						<String ID="P50_ST00209" HPOS="390" VPOS="2578" WIDTH="137" HEIGHT="46" CONTENT="Avec" WC="0.97" CC="6900"/>
						<SP ID="P50_SP00178" HPOS="527" VPOS="2624" WIDTH="44"/>
						<String ID="P50_ST00210" HPOS="571" VPOS="2589" WIDTH="97" HEIGHT="33" CONTENT="une" WC="0.97" CC="062"/>
						<SP ID="P50_SP00179" HPOS="668" VPOS="2624" WIDTH="45"/>
						<String ID="P50_ST00211" HPOS="713" VPOS="2575" WIDTH="249" HEIGHT="59" CONTENT="aquarelle" WC="0.99" CC="033062030"/>
						<SP ID="P50_SP00180" HPOS="962" VPOS="2634" WIDTH="43"/>
						<String ID="P50_ST00212" HPOS="1005" VPOS="2575" WIDTH="61" HEIGHT="46" CONTENT="de" WC="0.97" CC="00"/>
						<SP ID="P50_SP00181" HPOS="1066" VPOS="2634" WIDTH="40"/>
						<String ID="P50_ST00213" HPOS="1106" VPOS="2570" WIDTH="224" HEIGHT="52" CONTENT="Maurice" WC="0.99" CC="0069310"/>
						<SP ID="P50_SP00182" HPOS="1330" VPOS="2634" WIDTH="34"/>
						<String ID="P50_ST00214" HPOS="1364" VPOS="2577" WIDTH="173" HEIGHT="55" CONTENT="Denis," WC="0.98" CC="802630"/>
						<SP ID="P50_SP00183" HPOS="1537" VPOS="2634" WIDTH="42"/>
						<String ID="P50_ST00215" HPOS="1579" VPOS="2575" WIDTH="74" HEIGHT="47" CONTENT="M." WC="0.79" CC="04"/>
						<SP ID="P50_SP00184" HPOS="1653" VPOS="2634" WIDTH="43"/>
						<String ID="P50_ST00216" HPOS="1696" VPOS="2574" WIDTH="235" HEIGHT="48" CONTENT="Edouard" WC="0.99" CC="2060070"/>
						<SP ID="P50_SP00185" HPOS="1931" VPOS="2634" WIDTH="30"/>
						<String ID="P50_ST00217" HPOS="1961" VPOS="2577" WIDTH="248" HEIGHT="61" CONTENT="Dujardin" WC="0.73" CC="40005047"/>
					</TextLine>
					<TextLine ID="P50_TL00030" HPOS="332" VPOS="2645" WIDTH="1876" HEIGHT="62">
						<String ID="P50_ST00218" HPOS="332" VPOS="2648" WIDTH="133" HEIGHT="47" CONTENT="vient" WC="0.98" CC="67200"/>
						<SP ID="P50_SP00186" HPOS="465" VPOS="2695" WIDTH="28"/>
						<String ID="P50_ST00219" HPOS="493" VPOS="2649" WIDTH="61" HEIGHT="46" CONTENT="de" WC="1.00" CC="00"/>
						<SP ID="P50_SP00187" HPOS="554" VPOS="2695" WIDTH="33"/>
						<String ID="P50_ST00220" HPOS="587" VPOS="2646" WIDTH="125" HEIGHT="47" CONTENT="faire" WC="0.98" CC="30070"/>
						<SP ID="P50_SP00188" HPOS="712" VPOS="2695" WIDTH="26"/>
						<String ID="P50_ST00221" HPOS="738" VPOS="2645" WIDTH="214" HEIGHT="60" CONTENT="paraître" WC="0.99" CC="00906500"/>
						<SP ID="P50_SP00189" HPOS="952" VPOS="2705" WIDTH="31"/>
						<String ID="P50_ST00222" HPOS="983" VPOS="2645" WIDTH="47" HEIGHT="46" CONTENT="la" WC="0.81" CC="30"/>
						<SP ID="P50_SP00190" HPOS="1030" VPOS="2705" WIDTH="28"/>
						<String ID="P50_ST00223" HPOS="1058" VPOS="2646" WIDTH="230" HEIGHT="59" CONTENT="Réponse" WC="1.00" CC="0100000" STYLEREFS="TXT_2"/>
						<SP ID="P50_SP00191" HPOS="1288" VPOS="2705" WIDTH="32"/>
						<String ID="P50_ST00224" HPOS="1320" VPOS="2645" WIDTH="62" HEIGHT="46" CONTENT="de" WC="0.92" CC="01" STYLEREFS="TXT_2"/>
						<SP ID="P50_SP00192" HPOS="1382" VPOS="2705" WIDTH="28"/>
						<String ID="P50_ST00225" HPOS="1410" VPOS="2645" WIDTH="51" HEIGHT="47" CONTENT="la" WC="0.80" CC="30" STYLEREFS="TXT_2"/>
						<SP ID="P50_SP00193" HPOS="1461" VPOS="2705" WIDTH="30"/>
						<String ID="P50_ST00226" HPOS="1491" VPOS="2646" WIDTH="217" HEIGHT="59" CONTENT="Bergère" WC="0.98" CC="2407700" STYLEREFS="TXT_2"/>
						<SP ID="P50_SP00194" HPOS="1708" VPOS="2705" WIDTH="23"/>
						<String ID="P50_ST00227" HPOS="1731" VPOS="2660" WIDTH="70" HEIGHT="32" CONTENT="au" WC="0.80" CC="04" STYLEREFS="TXT_2"/>
						<SP ID="P50_SP00195" HPOS="1801" VPOS="2705" WIDTH="34"/>
						<String ID="P50_ST00228" HPOS="1835" VPOS="2649" WIDTH="204" HEIGHT="58" CONTENT="Berger." WC="0.98" CC="6099005" STYLEREFS="TXT_2"/>
						<SP ID="P50_SP00196" HPOS="2039" VPOS="2707" WIDTH="28"/>
						<String ID="P50_ST00229" HPOS="2067" VPOS="2649" WIDTH="141" HEIGHT="47" CONTENT="Cette" WC="0.99" CC="02202"/>
					</TextLine>
					<TextLine ID="P50_TL00031" HPOS="328" VPOS="2712" WIDTH="1882" HEIGHT="68">
						<String ID="P50_ST00230" HPOS="328" VPOS="2719" WIDTH="257" HEIGHT="58" CONTENT="plaquette" WC="0.99" CC="007057000"/>
						<SP ID="P50_SP00197" HPOS="585" VPOS="2777" WIDTH="50"/>
						<String ID="P50_ST00231" HPOS="635" VPOS="2715" WIDTH="244" HEIGHT="47" CONTENT="luxueuse" WC="1.00" CC="00000040"/>
						<SP ID="P50_SP00198" HPOS="879" VPOS="2777" WIDTH="43"/>
						<String ID="P50_ST00232" HPOS="922" VPOS="2712" WIDTH="83" HEIGHT="49" CONTENT="n'a" WC="0.99" CC="030"/>
						<SP ID="P50_SP00199" HPOS="1005" VPOS="2777" WIDTH="48"/>
						<String ID="P50_ST00233" HPOS="1053" VPOS="2716" WIDTH="76" HEIGHT="50" CONTENT="été" WC="0.93" CC="773"/>
						<SP ID="P50_SP00200" HPOS="1129" VPOS="2777" WIDTH="50"/>
						<String ID="P50_ST00234" HPOS="1179" VPOS="2716" WIDTH="123" HEIGHT="46" CONTENT="tirée" WC="0.98" CC="43700"/>
						<SP ID="P50_SP00201" HPOS="1302" VPOS="2777" WIDTH="43"/>
						<String ID="P50_ST00235" HPOS="1345" VPOS="2715" WIDTH="113" HEIGHT="60" CONTENT="qu'à" WC="0.96" CC="4636"/>
						<SP ID="P50_SP00202" HPOS="1458" VPOS="2777" WIDTH="43"/>
						<String ID="P50_ST00236" HPOS="1501" VPOS="2716" WIDTH="60" HEIGHT="46" CONTENT="55" WC="0.76" CC="40"/>
						<SP ID="P50_SP00203" HPOS="1561" VPOS="2777" WIDTH="45"/>
						<String ID="P50_ST00237" HPOS="1606" VPOS="2716" WIDTH="349" HEIGHT="60" CONTENT="exemplaires." WC="1.00" CC="090000350004"/>
						<SP ID="P50_SP00204" HPOS="1955" VPOS="2777" WIDTH="49"/>
						<String ID="P50_ST00238" HPOS="2004" VPOS="2716" WIDTH="140" HEIGHT="47" CONTENT="Nous" WC="0.97" CC="4062"/>
						<SP ID="P50_SP00205" HPOS="2144" VPOS="2777" WIDTH="37"/>
						<String ID="P50_ST00239" HPOS="2181" VPOS="2731" WIDTH="29" HEIGHT="49" CONTENT="y" WC="1.00" CC="9"/>
					</TextLine>
					<TextLine ID="P50_TL00032" HPOS="331" VPOS="2786" WIDTH="949" HEIGHT="59">
						<String ID="P50_ST00240" HPOS="331" VPOS="2787" WIDTH="330" HEIGHT="47" CONTENT="reviendrons" WC="0.99" CC="90070507240"/>
						<SP ID="P50_SP00206" HPOS="661" VPOS="2834" WIDTH="26"/>
						<String ID="P50_ST00241" HPOS="687" VPOS="2800" WIDTH="61" HEIGHT="32" CONTENT="au" WC="1.00" CC="00"/>
						<SP ID="P50_SP00207" HPOS="748" VPOS="2834" WIDTH="30"/>
						<String ID="P50_ST00242" HPOS="778" VPOS="2786" WIDTH="241" HEIGHT="59" CONTENT="prochain" WC="0.98" CC="06643006"/>
						<SP ID="P50_SP00208" HPOS="1019" VPOS="2845" WIDTH="25"/>
						<String ID="P50_ST00243" HPOS="1044" VPOS="2786" WIDTH="236" HEIGHT="46" CONTENT="numéro." WC="0.98" CC="6683004"/>
					</TextLine>
					<TextLine ID="P50_TL00033" HPOS="383" VPOS="2855" WIDTH="1818" HEIGHT="63">
						<String ID="P50_ST00244" HPOS="383" VPOS="2860" WIDTH="72" HEIGHT="44" CONTENT="La" WC="0.62" CC="70"/>
						<SP ID="P50_SP00209" HPOS="455" VPOS="2904" WIDTH="25"/>
						<String ID="P50_ST00245" HPOS="480" VPOS="2856" WIDTH="353" HEIGHT="57" CONTENT="Bibliothèque" WC="0.99" CC="407431471000"/>
						<SP ID="P50_SP00210" HPOS="833" VPOS="2913" WIDTH="32"/>
						<String ID="P50_ST00246" HPOS="865" VPOS="2856" WIDTH="65" HEIGHT="48" CONTENT="du" WC="1.00" CC="00"/>
						<SP ID="P50_SP00211" HPOS="930" VPOS="2913" WIDTH="39"/>
						<String ID="P50_ST00247" HPOS="969" VPOS="2855" WIDTH="205" HEIGHT="58" CONTENT="journal" WC="0.99" CC="2007002"/>
						<SP ID="P50_SP00212" HPOS="1174" VPOS="2913" WIDTH="34"/>
						<String ID="P50_ST00248" HPOS="1208" VPOS="2855" WIDTH="211" HEIGHT="61" CONTENT="Sempre" WC="0.93" CC="010100" STYLEREFS="TXT_2"/>
						<SP ID="P50_SP00213" HPOS="1419" VPOS="2916" WIDTH="33"/>
						<String ID="P50_ST00249" HPOS="1452" VPOS="2856" WIDTH="212" HEIGHT="57" CONTENT="Avanti," WC="0.82" CC="3000260" STYLEREFS="TXT_2"/>
						<SP ID="P50_SP00214" HPOS="1664" VPOS="2916" WIDTH="34"/>
						<String ID="P50_ST00250" HPOS="1698" VPOS="2858" WIDTH="27" HEIGHT="44" CONTENT="à" WC="0.59" CC="4"/>
						<SP ID="P50_SP00215" HPOS="1725" VPOS="2916" WIDTH="50"/>
						<String ID="P50_ST00251" HPOS="1775" VPOS="2856" WIDTH="270" HEIGHT="60" CONTENT="Livourne," WC="0.79" CC="420270002"/>
						<SP ID="P50_SP00216" HPOS="2045" VPOS="2916" WIDTH="58"/>
						<String ID="P50_ST00252" HPOS="2103" VPOS="2872" WIDTH="66" HEIGHT="46" CONTENT="pu" SUBS_TYPE="HypPart1" SUBS_CONTENT="publie" WC="0.96" CC="07"/>
						<HYP HPOS="2169" VPOS="2872" WIDTH="32" CONTENT="-"/>
					</TextLine>
					<TextLine ID="P50_TL00034" HPOS="325" VPOS="2923" WIDTH="1886" HEIGHT="62">
						<String ID="P50_ST00253" HPOS="325" VPOS="2927" WIDTH="101" HEIGHT="46" CONTENT="blie" SUBS_TYPE="HypPart2" SUBS_CONTENT="publie" WC="0.97" CC="8700"/>
						<SP ID="P50_SP00217" HPOS="426" VPOS="2973" WIDTH="30"/>
						<String ID="P50_ST00254" HPOS="456" VPOS="2941" WIDTH="10" HEIGHT="32" CONTENT=":" WC="1.00" CC="0"/>
						<SP ID="P50_SP00218" HPOS="466" VPOS="2973" WIDTH="41"/>
						<String ID="P50_ST00255" HPOS="507" VPOS="2926" WIDTH="173" HEIGHT="46" CONTENT="Primo" WC="0.98" CC="70040" STYLEREFS="TXT_2"/>
						<SP ID="P50_SP00219" HPOS="680" VPOS="2973" WIDTH="29"/>
						<String ID="P50_ST00256" HPOS="709" VPOS="2926" WIDTH="157" HEIGHT="44" CONTENT="Passo" WC="0.78" CC="02304" STYLEREFS="TXT_2"/>
						<SP ID="P50_SP00220" HPOS="866" VPOS="2973" WIDTH="39"/>
						<String ID="P50_ST00257" HPOS="905" VPOS="2923" WIDTH="86" HEIGHT="47" CONTENT="aW" WC="0.59" CC="08" STYLEREFS="TXT_2"/>
						<SP ID="P50_SP00221" HPOS="991" VPOS="2973" WIDTH="30"/>
						<String ID="P50_ST00258" HPOS="1021" VPOS="2925" WIDTH="284" HEIGHT="47" CONTENT="Anarchia." WC="0.93" CC="200000003" STYLEREFS="TXT_2"/>
						<SP ID="P50_SP00222" HPOS="1305" VPOS="2973" WIDTH="40"/>
						<String ID="P50_ST00259" HPOS="1345" VPOS="2926" WIDTH="98" HEIGHT="46" CONTENT="Les" WC="0.97" CC="106"/>
						<SP ID="P50_SP00223" HPOS="1443" VPOS="2973" WIDTH="34"/>
						<String ID="P50_ST00260" HPOS="1477" VPOS="2927" WIDTH="362" HEIGHT="58" CONTENT="souscriptions" WC="1.00" CC="6030003000042"/>
						<SP ID="P50_SP00224" HPOS="1839" VPOS="2985" WIDTH="24"/>
						<String ID="P50_ST00261" HPOS="1863" VPOS="2930" WIDTH="26" HEIGHT="43" CONTENT="à" WC="0.10" CC="8"/>
						<SP ID="P50_SP00225" HPOS="1889" VPOS="2985" WIDTH="40"/>
						<String ID="P50_ST00262" HPOS="1929" VPOS="2931" WIDTH="130" HEIGHT="43" CONTENT="cette" WC="1.00" CC="00002"/>
						<SP ID="P50_SP00226" HPOS="2059" VPOS="2985" WIDTH="29"/>
						<String ID="P50_ST00263" HPOS="2088" VPOS="2927" WIDTH="93" HEIGHT="47" CONTENT="bro" SUBS_TYPE="HypPart1" SUBS_CONTENT="brochure" WC="0.97" CC="820"/>
						<HYP HPOS="2181" VPOS="2927" WIDTH="30" CONTENT="-"/>
					</TextLine>
					<TextLine ID="P50_TL00035" HPOS="327" VPOS="2994" WIDTH="1517" HEIGHT="63">
						<String ID="P50_ST00264" HPOS="327" VPOS="2998" WIDTH="155" HEIGHT="47" CONTENT="chure" SUBS_TYPE="HypPart2" SUBS_CONTENT="brochure" WC="0.98" CC="05600"/>
						<SP ID="P50_SP00227" HPOS="482" VPOS="3045" WIDTH="34"/>
						<String ID="P50_ST00265" HPOS="516" VPOS="2994" WIDTH="62" HEIGHT="63" CONTENT="(0," WC="0.68" CC="350"/>
						<SP ID="P50_SP00228" HPOS="578" VPOS="3057" WIDTH="34"/>
						<String ID="P50_ST00266" HPOS="612" VPOS="2994" WIDTH="60" HEIGHT="49" CONTENT="25" WC="0.23" CC="78"/>
						<SP ID="P50_SP00229" HPOS="672" VPOS="3057" WIDTH="27"/>
						<String ID="P50_ST00267" HPOS="699" VPOS="2994" WIDTH="152" HEIGHT="61" CONTENT="cent.)" WC="0.99" CC="005020"/>
						<SP ID="P50_SP00230" HPOS="851" VPOS="3057" WIDTH="36"/>
						<String ID="P50_ST00268" HPOS="887" VPOS="2997" WIDTH="113" HEIGHT="46" CONTENT="sont" WC="0.98" CC="5400"/>
						<SP ID="P50_SP00231" HPOS="1000" VPOS="3057" WIDTH="24"/>
						<String ID="P50_ST00269" HPOS="1024" VPOS="3010" WIDTH="178" HEIGHT="45" CONTENT="reçues" WC="0.98" CC="005546"/>
						<SP ID="P50_SP00232" HPOS="1202" VPOS="3057" WIDTH="31"/>
						<String ID="P50_ST00270" HPOS="1233" VPOS="3011" WIDTH="63" HEIGHT="38" CONTENT="au" WC="0.34" CC="93"/>
						<SP ID="P50_SP00233" HPOS="1296" VPOS="3057" WIDTH="23"/>
						<String ID="P50_ST00271" HPOS="1319" VPOS="2997" WIDTH="193" HEIGHT="46" CONTENT="bureau" WC="0.99" CC="807000"/>
						<SP ID="P50_SP00234" HPOS="1512" VPOS="3057" WIDTH="22"/>
						<String ID="P50_ST00272" HPOS="1534" VPOS="2997" WIDTH="63" HEIGHT="44" CONTENT="du" WC="1.00" CC="00"/>
						<SP ID="P50_SP00235" HPOS="1597" VPOS="3057" WIDTH="26"/>
						<String ID="P50_ST00273" HPOS="1623" VPOS="2996" WIDTH="221" HEIGHT="59" CONTENT="journal." WC="0.98" CC="30665033"/>
					</TextLine>
				</TextBlock>
				<TextBlock ID="P50_TB00007" HPOS="1920" VPOS="3120" WIDTH="160" HEIGHT="48" STYLEREFS="TXT_7 PAR_RIGHT">
					<TextLine ID="P50_TL00036" HPOS="1920" VPOS="3120" WIDTH="160" HEIGHT="48">
						<String ID="P50_ST00274" HPOS="1920" VPOS="3120" WIDTH="59" HEIGHT="47" CONTENT="B." WC="1.00" CC="00"/>
						<SP ID="P50_SP00236" HPOS="1979" VPOS="3167" WIDTH="43"/>
						<String ID="P50_ST00275" HPOS="2022" VPOS="3122" WIDTH="58" HEIGHT="46" CONTENT="L." WC="1.00" CC="00"/>
					</TextLine>
				</TextBlock>
				<TextBlock ID="P50_TB00008" HPOS="1276" VPOS="3252" WIDTH="788" HEIGHT="61" STYLEREFS="TXT_8 PAR_RIGHT">
					<TextLine ID="P50_TL00037" HPOS="1276" VPOS="3254" WIDTH="787" HEIGHT="59">
						<String ID="P50_ST00276" HPOS="1276" VPOS="3258" WIDTH="70" HEIGHT="48" CONTENT="Le" WC="1.00" CC="00" STYLEREFS="TXT_9"/>
						<SP ID="P50_SP00237" HPOS="1346" VPOS="3306" WIDTH="43"/>
						<String ID="P50_ST00277" HPOS="1389" VPOS="3254" WIDTH="202" HEIGHT="53" CONTENT="Gérant" WC="1.00" CC="020002" STYLEREFS="TXT_9"/>
						<SP ID="P50_SP00238" HPOS="1591" VPOS="3307" WIDTH="31"/>
						<String ID="P50_ST00278" HPOS="1622" VPOS="3269" WIDTH="18" HEIGHT="36" CONTENT=":" WC="0.15" CC="8" STYLEREFS="TXT_10"/>
						<SP ID="P50_SP00239" HPOS="1640" VPOS="3307" WIDTH="46"/>
						<String ID="P50_ST00279" HPOS="1686" VPOS="3254" WIDTH="56" HEIGHT="55" CONTENT="L." WC="0.66" CC="33" STYLEREFS="TXT_10"/>
						<SP ID="P50_SP00240" HPOS="1742" VPOS="3309" WIDTH="47"/>
						<String ID="P50_ST00280" HPOS="1789" VPOS="3255" WIDTH="274" HEIGHT="58" CONTENT="BERNARD." WC="0.98" CC="30446604" STYLEREFS="TXT_10"/>
					</TextLine>
				</TextBlock>
				<TextBlock ID="P50_TB00009" HPOS="624" VPOS="3396" WIDTH="1280" HEIGHT="50" STYLEREFS="TXT_10 PAR_CENTER">
					<TextLine ID="P50_TL00038" HPOS="624" VPOS="3398" WIDTH="1280" HEIGHT="48">
						<String ID="P50_ST00281" HPOS="624" VPOS="3405" WIDTH="99" HEIGHT="33" CONTENT="JMP." WC="0.65" CC="5080"/>
						<SP ID="P50_SP00241" HPOS="723" VPOS="3438" WIDTH="29"/>
						<String ID="P50_ST00282" HPOS="752" VPOS="3408" WIDTH="237" HEIGHT="38" CONTENT="NOIZETTE," WC="0.71" CC="535002026"/>
						<SP ID="P50_SP00242" HPOS="989" VPOS="3446" WIDTH="26"/>
						<String ID="P50_ST00283" HPOS="1015" VPOS="3398" WIDTH="45" HEIGHT="48" CONTENT="8," WC="0.79" CC="40"/>
						<SP ID="P50_SP00243" HPOS="1060" VPOS="3446" WIDTH="28"/>
						<String ID="P50_ST00284" HPOS="1088" VPOS="3407" WIDTH="91" HEIGHT="29" CONTENT="RUE" WC="0.95" CC="265"/>
						<SP ID="P50_SP00244" HPOS="1179" VPOS="3446" WIDTH="27"/>
						<String ID="P50_ST00285" HPOS="1206" VPOS="3405" WIDTH="521" HEIGHT="36" CONTENT="CAMPAGKE-PREMIKRE," WC="0.61" CC="500007830772068810"/>
						<SP ID="P50_SP00245" HPOS="1727" VPOS="3446" WIDTH="27"/>
						<String ID="P50_ST00286" HPOS="1754" VPOS="3407" WIDTH="150" HEIGHT="30" CONTENT="PARIS." WC="1.00" CC="000030"/>
					</TextLine>
				</TextBlock>
			</PrintSpace>
		</Page>
	</Layout>
</alto>
