3233 4244
305 3881 70 52 50

303 404 304 55 Verwaltung.
642 400 213 45 Kleinere
878 397 348 55 Verfehlungen
1251 393 62 45 im
1340 392 114 46 Dorf
1476 393 97 44 und

304 480 44 43 in
391 480 80 42 der
504 476 172 44 Fabrik
715 475 188 43 werden
945 485 94 30 von
1082 468 357 56 Dorfgerichten
1475 466 96 43 und

304 548 494 56 Genossengerichten
833 547 125 43 ohne
991 545 129 54 jedes
1157 542 170 43 Gesetz
1362 538 211 46 beurteilt

301 627 95 43 und
431 625 81 43 mit
548 622 263 46 Geldstrafe
845 619 220 56 gesühnt.
1141 616 213 44 Kleinere
1387 613 183 46 Strafen

301 701 82 42 der
405 696 353 56 Volksgerichte
791 693 191 43 werden
1018 691 125 44 nicht
1176 687 281 52 vollstreckt,
1494 687 51 42 be-

301 773 148 43 ruhen
490 771 101 43 also
631 768 47 43 in
722 768 80 43 der
844 766 231 43 Tatsache
1115 763 82 44 der
1228 759 342 54 Verurteilung.

301 846 160 44 Kleine
485 843 181 46 Strafen
703 842 227 43 bestehen
964 839 121 43 auch
1109 837 46 43 in
1181 835 82 44 der
1279 834 294 52 Versetzung

300 933 85 31 aus
421 919 152 43 einem
610 915 181 45 Betrieb
826 913 47 43 in
915 913 138 43 einen
1087 910 210 43 anderen
1332 908 96 42 und
1462 906 108 44 dem

300 992 284 45 Abarbeiten
617 988 221 57 geringer
873 981 456 59 Gefängnisstrafen.
1379 980 191 53 Zeugen

300 1067 187 44 werden
512 1067 126 41 ohne
662 1063 85 43 Eid
769 1072 327 39 vernommen,
1114 1056 178 45 falsche
1312 1055 258 53 Aussagen

299 1144 110 42 aber
443 1139 202 46 bestraft.

300 1284 86 44 Die
427 1279 320 57 Gefängnisse
794 1276 166 45 führen
1002 1275 47 43 in
1091 1274 81 44 der
1213 1268 358 58 Sowjet-Union

299 1359 90 43 den
437 1356 183 43 Namen
671 1347 554 59 Besserungsanstalten.
1288 1345 142 43 Jeder
1481 1342 60 45 Ge-

297 1432 205 54 fangene
555 1428 80 44 hat
681 1423 321 46 Arbeitsrecht
1056 1422 96 43 und
1208 1417 362 56 Arbeitspflicht.

299 1507 396 54 Ausgenommen
746 1498 105 45 sind
901 1510 87 30 nur
1037 1494 75 45 die
1158 1492 281 58 politischen
1481 1489 60 45 Ge-

296 1581 254 54 fangenen.
600 1576 62 43 Es
687 1573 116 43 wird
836 1569 312 56 fabrikmäßig
1181 1581 60 30 an
1266 1567 304 43 modernsten

296 1651 282 47 Maschinen
612 1646 270 58 gearbeitet.
932 1643 287 57 Ungelernte
1252 1641 191 43 werden
1476 1651 94 30 von

296 1727 227 44 Meistern
558 1722 260 56 angelernt.
884 1715 282 47 Arbeitszeit
1199 1715 108 44 acht
1341 1713 230 46 Stunden.

299 1802 84 43 Als
418 1798 133 44 Lohn
592 1794 208 46 erhalten
845 1793 73 44 die
954 1790 314 55 Gefangenen
1310 1788 73 43 die
1419 1787 154 43 Hälfte

299 1877 82 43 des
440 1867 528 49 Gewerkschaftstarifs.
1054 1864 78 46 Sie
1195 1863 191 44 werden
1451 1860 120 45 auch

297 1947 253 48 außerhalb
601 1945 84 45 des
722 1940 346 57 Gefängnisses
1118 1953 56 29 zu
1214 1938 190 44 halbem
1439 1936 131 44 Lohn

297 2019 300 57 beschäftigt.
668 2016 84 45 Bei
802 2013 428 48 Schwerarbeitern
1280 2010 116 45 wird
1446 2009 128 57 jeder

299 2094 348 57 Gefängnistag
711 2090 192 57 doppelt
965 2088 187 57 gezählt
1216 2086 96 43 und
1376 2084 197 44 bezahlt.

299 2171 171 46 Urlaub
504 2168 117 44 wird
654 2165 74 46 bei
762 2166 135 55 guter
920 2164 226 53 Führung
1167 2174 96 30 von
1288 2160 194 55 Anfang
1513 2171 58 31 an

297 2245 72 45 bis
404 2256 56 31 zu
494 2240 97 46 drei
614 2240 162 56 Tagen
812 2236 256 45 monatlich
1103 2235 235 56 gegeben.
1382 2234 164 43 Jahres-

297 2317 164 45 urlaub
487 2315 254 44 außerdem
771 2317 51 39 14
845 2312 142 55 Tage,
1012 2310 187 43 Bauern
1227 2309 140 43 einen
1391 2307 182 43 Monat.

300 2395 91 42 Der
433 2390 187 44 Besuch
668 2400 96 32 von
799 2385 311 45 Verwandten
1160 2382 61 45 ist
1266 2381 214 46 zweimal
1527 2381 47 43 in

299 2469 81 43 der
399 2465 178 44 Woche
600 2464 233 54 gestattet.
884 2458 153 46 Briefe
1061 2458 96 44 und
1183 2457 172 43 Pakete
1381 2456 193 44 können

299 2542 124 43 ohne
473 2536 238 46 Kontrolle
775 2533 204 56 beliebig
1043 2532 65 45 oft
1170 2530 245 58 geschickt
1477 2530 98 43 und

299 2615 291 56 empfangen
639 2611 205 43 werden.
917 2607 87 44 Die
1053 2606 314 57 Gefangenen
1418 2604 157 45 bilden

299 2701 86 32 aus
417 2687 132 44 ihren
576 2683 194 46 Kreisen
804 2682 107 44 eine
944 2681 267 57 juristische
1235 2678 340 55 Kommission,

300 2761 75 44 die
423 2761 141 43 berät.
647 2756 250 57 Tägliches
948 2753 449 46 Beschwerderecht
1451 2751 124 45 beim

299 2834 251 46 Vorsteher
584 2833 84 43 des
705 2829 361 56 Gefängnisses.
1118 2829 93 43 Der
1244 2827 335 45 Staatsanwalt

300 2909 110 45 muß
451 2907 215 45 zweimal
705 2903 314 47 wöchentlich
1061 2904 86 43 das
1190 2902 267 56 Gefängnis
1499 2903 52 42 be-

301 2984 195 54 suchen,
529 2980 331 46 kontrollieren
883 2979 96 45 und
1006 2977 272 45 mündliche
1302 2977 244 44 Beschwer-

301 3059 92 45 den
427 3055 466 59 entgegennehmen.
948 3053 130 44 Nach
1114 3053 81 43 der
1228 3052 173 43 halben
1437 3050 118 45 Straf-

301 3133 88 44 zeit
422 3133 225 43 kommen
682 3129 75 46 die
793 3128 315 57 Gefangenen
1143 3125 353 59 grundsätzlich
1532 3124 47 43 in

300 3208 75 44 ein
426 3205 453 57 Uebergangshaus,
929 3203 47 44 in
1025 3203 107 44 dem
1185 3203 69 43 sie
1301 3201 91 44 fast
1442 3199 137 44 keine

300 3280 441 56 Beschränkungen
765 3279 173 43 haben.
974 3278 115 43 Dort
1112 3276 208 46 erhalten
1346 3275 69 44 sie
1438 3275 141 56 jeden

303 3354 292 47 Sonnabend
644 3353 172 44 Abend
864 3351 71 45 bis
985 3351 199 55 Montag
1233 3350 105 43 früh
1391 3349 188 44 Urlaub.

304 3430 85 43 Die
424 3427 315 58 Gefangenen
789 3426 208 45 erhalten
1045 3425 143 53 jeden
1222 3425 99 56 Tag
1366 3422 214 46 zweimal

303 3516 201 32 warmes
569 3504 169 53 Essen,
809 3506 69 41 IV2
939 3500 150 44 Pfund
1145 3500 111 44 Brot
1319 3500 97 43 und
1472 3499 107 44 Tee.

304 3577 391 47 Schwerarbeiter
744 3576 219 57 doppelte
1011 3575 268 44 Portionen.
1366 3572 188 46 Bekösti-

304 3665 132 44 gung
470 3651 98 44 und
602 3648 421 58 Arbeitskleidung
1056 3647 106 45 sind
1197 3646 260 46 kostenlos.
1514 3647 65 43 Im

304 3727 198 56 übrigen
555 3728 167 55 tragen
777 3725 75 45 die
901 3723 312 57 Gefangenen
1264 3722 99 43 ihre
1411 3722 170 57 eigene

1658 388 247 56 Kleidung.
1992 386 283 57 Gefangene
2328 385 165 44 dürfen
2559 385 136 43 unter
2759 378 170 47 keinen

1656 463 298 45 Umständen
2002 462 293 55 geschlagen
2340 459 205 44 werden.
2628 454 302 58 Schlagende

1655 538 194 43 Beamte
1898 537 189 43 werden
2143 534 81 44 mit
2275 532 263 56 Gefängnis
2589 529 191 45 bestraft
2834 528 95 42 und

1654 611 251 44 Vorsteher
1938 608 254 44 außerdem
2227 607 257 44 entlassen.
2542 604 85 42 Die
2652 603 183 44 Strafen
2860 602 73 42 für

1655 682 452 57 Ungebührlichkeit
2148 682 81 43 der
2263 679 315 55 Gefangenen
2620 677 229 43 bestehen
2883 674 47 43 in

1653 758 292 42 verkürztem
1973 754 171 46 Urlaub
2168 754 98 43 und
2286 749 480 56 Arbeitsentziehung
2796 749 137 43 nebst

1655 830 188 43 Fortfall
1893 830 81 43 der
2022 826 410 58 entsprechenden
2473 824 236 55 Löhnung
2760 821 70 45 bis
2876 834 57 31 zu

1656 908 23 39 7
1697 904 177 55 Tagen.
1900 903 173 43 Ferner
2091 901 62 44 im
2164 900 172 43 Verbot
2357 899 85 43 des
2459 895 472 56 Besuchsempfangs

1654 978 98 43 und
1766 975 259 45 Einzelhaft
2042 974 70 44 bis
2133 988 54 29 zu
2208 973 129 44 einer
2351 973 191 43 Woche.
2575 970 86 43 Die
2675 969 259 44 Einzelhaft

1655 1051 126 42 kann
1823 1063 87 29 nur
1950 1049 81 43 mit
2064 1046 371 56 Genehmigung
2477 1046 84 43 des
2599 1044 302 56 Gefangenen-

1656 1125 206 53 sowjets,
1899 1122 84 44 des
2008 1122 165 42 Arztes
2209 1120 96 43 und
2341 1120 84 43 des
2450 1117 358 46 Staatsanwalts
2832 1129 76 30 ver-

1655 1199 147 54 hängt
1827 1196 204 44 werden.
2083 1194 85 44 Die
2202 1194 200 44 höchste
2436 1191 262 44 Einzelhaft
2729 1191 47 43 in
2812 1202 123 45 ganz

1656 1272 245 43 schweren
1927 1268 160 45 Fällen
2121 1267 60 45 ist
2214 1266 75 44 ein
2314 1267 179 43 Monat.
2550 1266 49 42 In
2636 1266 80 43 der
2741 1262 195 45 Freizeit

1655 1345 158 44 bilden
1849 1342 74 45 die
1959 1341 315 56 Gefangenen
2309 1338 343 46 verschiedene
2693 1337 242 43 kulturelle

1656 1418 149 43 Zirkel
1828 1420 134 40 unter
1987 1416 199 54 Leitung
2209 1427 94 32 von
2328 1416 220 43 Lehrern.
2601 1413 92 43 Der
2717 1411 191 44 dramati-

1656 1493 115 43 sche
1804 1491 148 44 Zirkel
1994 1489 135 56 spielt
2168 1489 139 55 jeden
2350 1488 198 43 zweiten
2590 1487 98 54 Tag
2723 1486 212 43 Theater.

1656 1566 365 54 Analphabeten
2063 1562 288 44 bekommen
2393 1559 277 46 Unterricht.
2749 1559 48 42 In
2840 1557 96 44 drei

1655 1641 227 43 Monaten
1918 1638 107 43 sind
2059 1635 302 58 gewöhnlich
2397 1635 75 45 die
2502 1633 405 46 Elementarkennt-

1656 1715 131 44 nisse
1837 1712 318 56 beigebracht.
2223 1708 61 47 Es
2335 1709 99 57 gibt
2482 1709 152 45 ferner
2669 1707 148 44 Zirkel
2867 1708 71 42 für

1658 1787 185 54 Politik,
1910 1784 322 55 Oekonomie,
2298 1784 226 43 Literatur
2586 1783 96 43 und
2750 1780 162 45 Berufs-

1655 1860 304 55 fortbildung,
1994 1858 147 44 sowie
2167 1856 148 45 Zirkel
2348 1856 72 44 für
2444 1855 137 56 Sport
2615 1854 97 43 und
2737 1854 201 44 Schach.

1656 1935 137 43 Auch
1846 1931 373 58 Gesangschöre
2266 1931 190 44 werden
2507 1928 221 57 gebildet.
2793 1928 146 43 Jedes

1658 2008 265 55 Gefängnis
1971 2008 80 43 hat
2097 2006 107 45 eine
2239 2004 266 44 Bibliothek
2544 2015 97 32 von
2690 2004 249 42 mehreren

1655 2083 203 44 tausend
1884 2081 199 45 Bänden
2117 2083 135 41 unter
2285 2077 418 46 fachmännischer
2726 2076 214 56 Leitung,

1658 2157 147 45 Radio
1854 2157 47 44 in
1955 2157 91 44 den
2097 2156 173 43 Zellen.
2345 2154 137 44 Auch
2535 2152 212 45 mehrere
2798 2150 114 44 Kino-

1656 2231 358 57 vorstellungen
2064 2231 164 43 finden
2268 2230 140 56 jeden
2450 2229 168 43 Monat
2667 2229 121 41 statt.
2855 2226 87 43 Die

1659 2305 315 56 Gefangenen
2028 2305 190 43 werden
2276 2303 102 44 also
2444 2302 91 43 den
2600 2312 188 45 ganzen
2843 2300 100 54 Tag

1659 2380 204 44 sinnvoll
1898 2380 96 43 und
2031 2378 236 56 praktisch
2294 2375 287 57 beschäftigt
2604 2376 98 42 und
2728 2373 214 44 kulturell

1658 2453 311 56 ausgebildet.
2040 2453 142 44 Jeder
2228 2451 279 54 Gefangene
2554 2448 116 45 wird
2722 2450 44 54 je
2821 2448 122 43 nach

1659 2531 109 43 dem
1810 2528 163 54 Beruf,
2014 2528 92 43 den
2154 2540 50 31 er
2251 2526 181 56 gelernt
2484 2524 115 45 oder
2639 2524 178 56 gehabt
2850 2523 93 54 hat,

1660 2603 122 45 nach
1824 2603 81 45 der
1946 2601 215 45 Strafzeit
2200 2601 44 43 in
2295 2598 156 46 einem
2500 2597 185 46 Betrieb
2732 2597 116 44 oder
2896 2596 47 43 in

1659 2677 156 44 einem
1858 2677 126 42 Büro
2026 2673 267 57 angestellt.
2360 2672 86 44 Die
2488 2671 202 55 Leitung
2731 2672 84 42 des
2853 2669 60 46 Ge-

1660 2751 276 57 fängnisses
1978 2751 80 43 hat
2098 2749 87 45 das
2228 2748 165 55 Recht,
2431 2745 74 46 bei
2547 2748 134 55 guter
2716 2745 229 56 Führung

1661 2827 75 44 die
1760 2825 152 46 Strafe
1946 2825 122 45 nach
2102 2824 222 55 eigenem
2360 2823 256 42 Ermessen
2653 2820 70 45 bis
2759 2819 77 45 auf
2872 2819 75 43 die

1661 2902 157 44 Hälfte
1860 2913 57 31 zu
1951 2899 227 45 erlassen.
2246 2897 86 44 Die
2368 2895 170 45 Waren
2587 2908 88 30 aus
2726 2895 91 43 den
2855 2893 60 45 Ge-

1660 2973 408 58 fängnisfabriken
2119 2972 191 44 werden
2360 2983 110 32 vom
2506 2968 335 47 Staatshandel
2891 2980 57 31 zu

1663 3052 91 43 den
1805 3048 218 45 üblichen
2078 3045 190 46 Preisen
2321 3045 260 43 erworben.
2648 3044 93 43 Der
2789 3043 125 43 Mehr-

1663 3124 191 57 gewinn
1898 3121 101 46 darf
2034 3134 86 32 nur
2161 3133 80 32 zur
2275 3119 260 56 Erhaltung
2564 3119 98 43 und
2688 3118 229 44 Verbesse-

1663 3213 123 43 rung
1827 3199 82 43 der
1943 3195 325 57 Gefängnisse
2300 3194 247 44 verwandt
2590 3192 204 44 werden.
2863 3191 85 45 Die

1663 3272 282 58 politischen
1971 3270 315 56 Gefangenen
2312 3269 156 43 haben
2495 3266 106 45 kein
2627 3265 323 44 Arbeitsrecht

1664 3349 96 43 und
1786 3346 137 46 keine
1947 3345 356 57 Arbeitspflicht
2328 3342 95 45 und
2451 3345 197 41 müssen
2679 3340 100 44 sich
2804 3340 146 44 selbst

1665 3420 344 56 beschäftigen.
2067 3417 257 57 Hingegen
2359 3416 59 43 ist
2451 3415 146 43 ihnen
2633 3413 75 45 die
2742 3412 208 56 Bildung

1665 3496 267 44 kultureller
1966 3493 149 45 Zirkel
2149 3493 98 45 und
2282 3491 400 57 Sportausübung
2716 3490 233 56 gestattet.

1665 3571 200 44 Lektüre
1918 3568 212 46 erhalten
2186 3567 70 45 sie
2309 3566 79 44 auf
2440 3565 100 44 ihre
2595 3563 178 45 Kosten
2829 3562 120 45 nach

1664 3646 194 57 eigener
1899 3643 246 46 Auswahl.
2219 3641 152 46 Briefe
2412 3641 98 43 und
2545 3638 172 46 Pakete
2759 3638 191 43 können

1664 3720 146 44 ihnen
1846 3717 204 57 beliebig
2084 3714 247 60 geschickt
2364 3716 207 43 werden.
