3233 4244
2856 3890 69 51 57

261 410 273 51 Armenien
584 410 87 50 hat
713 409 99 50 sich
858 409 92 48 das
988 408 282 49 Verfahren
1315 406 104 50 und
1458 406 80 50 die

260 492 316 50 technischen
628 489 234 63 Anlagen
919 489 127 48 dazu
1103 488 164 49 sofort
1317 486 223 65 gekauft.

261 573 97 48 Die
378 573 197 48 Pariser
599 570 202 50 werden
829 569 107 50 also
962 568 122 49 bald
1111 568 176 49 frische
1309 566 229 51 Forellen

262 673 89 29 aus
400 652 113 49 dem
574 650 270 51 Sewansee
900 668 149 31 essen
1103 648 220 49 können.
1417 646 123 50 Eine

261 730 422 66 Ichthyologische
709 729 197 51 Station
946 732 86 47 mit
1068 730 119 49 zwei
1214 728 327 48 Professoren

262 813 214 48 arbeitet
496 832 60 28 an
575 810 90 50 der
680 812 236 47 weiteren
936 808 364 63 Kultivierung.
1319 808 95 49 Die
1423 806 89 50 Tra-

262 892 155 66 gödie
439 892 90 49 der
544 890 183 51 letzten
737 889 421 65 Vergangenheit
1168 889 166 50 dieses
1346 888 195 49 Landes

264 974 132 48 kann
425 992 109 29 man
557 972 182 48 daraus
760 989 270 44 ermessen,
1054 969 99 50 daß
1174 969 148 50 allein
1348 969 85 50 bei
1454 968 90 49 der

264 1052 287 50 Kreisstadt
567 1050 289 51 Leninakan
873 1052 173 48 25000
1056 1049 304 51 Vollwaisen
1377 1057 140 42 unter-

264 1133 244 63 gebracht
534 1132 128 49 sind.
725 1130 85 50 Sie
836 1130 205 49 werden
1074 1149 108 30 zum
1209 1128 106 51 Teil
1348 1132 87 45 mit
1459 1148 58 43 pe-

1622 406 230 50 kuniärer
1878 405 399 64 Unterstützung
2302 409 140 46 eines
2468 406 421 50 amerikanischen

1623 485 379 50 Hilfskomitees
2040 504 59 29 zu
2126 484 408 49 Textilarbeitern
2574 485 317 64 ausgebildet

1623 565 101 50 und
1771 569 172 60 später
1985 568 45 45 in
2080 565 89 48 der
2212 565 230 62 dortigen
2487 564 404 49 Riesen-Textil-

1624 645 183 50 Fabrik
1842 645 290 65 angestellt.
2193 645 105 48 Das
2338 645 111 50 sind
2487 645 80 48 die
2597 644 175 63 Opfer,
2813 646 80 49 die

1624 726 150 49 durch
1821 726 80 49 die
1946 725 425 50 nationalistische
2415 724 287 63 Regierung
2747 725 147 60 (1917

1625 808 79 48 bis
1742 806 149 63 1920)
1952 809 62 46 im
2068 805 155 64 Krieg
2279 809 88 46 mit
2424 805 89 48 der
2555 804 180 49 Türkei
2795 805 100 48 und

1626 885 261 64 Georgien
1920 885 300 51 entstanden
2247 884 125 61 sind,
2399 885 157 48 bevor
2581 884 79 49 die
2689 883 180 64 Sowjet-

1626 968 160 48 macht
1847 967 97 48 den
2006 965 332 64 endgültigen
2400 964 212 49 Frieden
2673 964 76 49 für
2809 965 90 48 das

1628 1049 183 48 schöne
1836 1048 142 48 Land
2004 1047 102 49 und
2141 1049 138 47 seine
2311 1044 206 65 fleißige
2548 1045 352 62 Bevölkerung

1630 1129 153 48 schuf.

266 1358 351 101 Bilder
688 1396 175 63 aus
937 1356 379 101 Odessa

265 1504 329 57 Herwarth
635 1504 247 57 Walden

266 1614 159 56 Die
490 1612 609 58 Kinderstadt

268 1708 148 50 Dicht
442 1727 91 31 vor
561 1707 89 49 der
671 1707 152 49 Stadt
849 1707 64 48 44
936 1706 181 59 Villen,
1141 1704 211 59 Gärten,
1380 1704 141 50 Fabri-

269 1789 110 58 ken,
407 1788 214 51 Schulen
650 1788 104 50 und
779 1788 146 51 keine
953 1788 178 50 Kirche
1165 1816 39 4 —
1233 1787 81 48 die
1334 1786 185 49 Kinder-

269 1869 266 50 kommune
566 1890 100 29 von
694 1869 225 50 Odessa.
979 1866 415 52 Einwohnerzahl
1419 1867 131 48 2100

268 1949 208 50 Kinder.
530 1949 210 50 Waisen
767 1949 90 50 der
881 1947 547 63 Interventionskriege
1463 1946 90 49 der

270 2031 379 49 Kulturmächte
694 2031 103 49 und
843 2031 91 49 der
971 2031 267 63 Pogrome.
1333 2028 95 48 Die
1466 2026 57 50 Er-

1390 2096 8 8 •
1402 2096 8 8 •

269 2112 296 50 wachsenen
604 2112 116 50 sind
756 2132 61 30 zu
856 2111 193 49 zählen.
1103 2110 87 49 Ein
1230 2129 122 44 paar
1376 2107 174 60 Arzte,

270 2196 80 47 ein
389 2214 122 43 paar
535 2192 201 55 Lehrer,
776 2195 80 47 ein
882 2212 123 44 paar
1030 2188 523 52 Fabrikinstrukteure

270 2273 102 50 und
443 2275 165 62 einige
679 2271 698 65 Verwaltungsbeamtinnen.
1456 2270 97 48 Die

271 2352 195 51 Kinder
490 2372 101 31 von
618 2353 28 49 5
673 2353 78 50 bis
782 2353 61 49 17
862 2352 185 64 Jahren
1073 2351 218 49 wohnen
1317 2350 120 49 nach
1465 2348 89 50 der

270 2433 333 52 Nationalität
618 2454 305 37 zusammen,
937 2435 242 63 sprechen
1197 2432 103 50 und
1317 2432 170 50 lernen
1504 2433 49 46 in

271 2516 134 51 ihrer
421 2516 412 65 Muttersprache.
850 2516 120 49 Drei
983 2515 229 50 Stunden
1229 2512 325 65 praktischer,

271 2598 104 49 vier
411 2595 234 52 Stunden
683 2595 366 52 theoretischer
1085 2593 294 52 Unterricht.
1459 2593 95 50 Um

271 2681 31 47 6
328 2677 108 52 Uhr
462 2677 282 62 aufstehen,
769 2699 103 29 von
899 2678 29 49 7
950 2677 78 50 bis
1055 2680 29 47 8
1106 2677 106 50 Uhr
1238 2675 320 66 Gymnastik,

273 2760 134 49 dann
447 2760 288 51 Unterricht
779 2764 87 45 mit
909 2762 140 47 einer
1084 2757 197 51 Stunde
1327 2756 203 63 Mittags-

273 2860 172 46 pause.
486 2840 96 52 Um
609 2841 128 50 zehn
764 2840 107 51 Uhr
897 2840 176 51 schläft
1099 2841 83 50 die
1210 2837 350 51 Kinderstadt.

274 2922 137 50 Nach
455 2924 31 47 7
524 2922 184 63 Jahren
746 2921 424 51 Schulunterricht
1212 2924 30 47 3
1278 2920 152 65 Jahre
1473 2918 58 50 be-

273 3002 395 51 rufstechnische
696 3002 327 51 Hochschule.
1078 3002 95 50 Die
1209 3001 193 50 Kinder
1437 3020 93 29 wer-

274 3085 99 48 den
406 3087 48 61 je
492 3085 122 49 nach
642 3084 244 50 Auswahl
920 3085 90 49 der
1047 3081 512 67 psychotechnischen

274 3165 225 66 Prüfung
549 3169 50 47 in
647 3165 289 66 Tischlerei,
981 3165 332 62 Schlosserei,
1360 3162 174 52 Schnei-

275 3247 151 60 derei,
464 3247 379 51 Schumacherei
891 3247 105 50 und
1040 3245 364 51 Buchbinderei
1450 3264 85 29 aus-

274 3329 244 63 gebildet.
574 3329 204 64 Völlige
806 3327 495 65 Selbstverwaltung
1327 3326 103 50 und
1456 3326 80 50 kol-

275 3409 362 49 lektivistische
697 3407 198 51 Arbeit.
970 3409 96 49 Die
1132 3407 430 51 Kinderfabriken

276 3490 225 51 arbeiten
547 3491 79 50 für
662 3491 82 50 die
789 3493 214 62 eigenen
1041 3490 387 63 Einrichtungen
1475 3489 89 49 der

275 3571 337 51 Kinderstadt
649 3573 101 49 und
796 3573 77 49 für
910 3571 288 52 Behörden.
1271 3571 153 65 Jeder
1463 3570 67 51 Ge-

276 3654 257 62 genstand
584 3658 63 45 ist
697 3658 47 45 in
797 3654 100 49 den
957 3655 212 62 eigenen
1214 3653 349 50 Werkstätten

276 3754 101 31 von
417 3735 98 50 den
544 3734 228 52 Kindern
811 3735 311 64 hergestellt.
1183 3735 98 50 Die
1317 3734 246 51 Gewinne

1630 1415 88 29 aus
1763 1395 111 49 dem
1911 1392 227 52 Verkauf
2180 1412 99 30 von
2316 1392 187 50 Waren
2546 1392 203 50 werden
2795 1411 82 29 aus-

1632 1473 280 51 schließlich
1938 1494 85 29 zur
2046 1473 388 63 Verbesserung
2466 1472 102 50 und
2592 1472 283 50 Verschöne-

1632 1575 128 36 rung-
1797 1555 89 48 der
1917 1553 332 50 Kinderstadt
2283 1552 305 51 verwendet.
2649 1552 96 48 Die
2782 1552 93 50 Ver-

1630 1635 223 62 waltung
1890 1633 273 64 entspricht
2199 1653 162 43 genau
2399 1632 113 50 dem
2546 1631 361 63 Staatssystem

1634 1715 89 48 der
1749 1713 414 64 Sowjet-Union.
2224 1713 104 50 Der
2354 1712 264 50 Präsident
2655 1712 90 50 der
2771 1712 103 50 Sow-

1629 1799 98 59 jets
1766 1795 90 48 der
1893 1793 347 50 ukrainischen
2262 1793 204 59 Kinder,
2503 1813 98 29 von
2639 1792 147 50 ihnen
2824 1813 57 43 ge-

1633 1875 163 62 wählt,
1859 1877 78 47 ein
1996 1873 329 65 achtjähriges
2385 1875 217 49 blondes
2667 1873 242 49 Mädchen

1636 1959 87 45 mit
1749 1955 308 63 kühlklugen
2093 1955 103 49 und
2230 1955 126 49 doch
2391 1954 308 49 fanatischen
2725 1952 186 64 Augen

1636 2036 135 50 führt
1815 2035 123 49 mich
1983 2035 150 49 durch
2183 2035 81 49 die
2309 2034 345 50 ukrainischen
2700 2034 212 48 Häuser.

1637 2116 105 51 Der
1775 2116 332 51 Riesenbund
2137 2115 268 61 Schlüssel,
2445 2116 97 48 den
2582 2119 72 45 sie
2691 2115 84 49 bei
2813 2114 100 49 sich

1637 2200 146 60 trägt,
1825 2195 160 51 öffnet
2028 2195 93 49 alle
2159 2194 179 50 Türen.
2425 2194 65 49 Es
2527 2196 133 62 zeigt
2705 2196 85 46 mit
2826 2192 59 49 be-

1638 2276 268 51 sonderem
1933 2275 138 52 Stolz
2108 2276 99 50 den
2236 2274 537 66 Sowjetsitzungssaal,
2818 2274 96 49 den

1638 2356 132 51 Klub
1798 2359 86 47 mit
1910 2356 199 51 Klavier
2135 2356 104 50 und
2264 2356 97 50 den
2389 2355 199 49 Bildern
2616 2355 89 49 der
2724 2354 165 50 Staats-

1639 2437 183 50 führer.
1893 2436 84 51 Sie
2022 2436 161 50 macht
2226 2435 84 51 auf
2353 2435 81 49 die
2479 2434 288 50 Ehrentafel
2813 2434 78 49 auf-

1639 2519 266 57 merksam,
1943 2517 82 50 auf
2062 2517 90 50 der
2206 2521 48 46 in
2300 2516 258 65 goldenen
2598 2516 200 50 Lettern
2837 2515 80 49 die

1641 2599 193 50 Namen
1855 2600 92 49 der
1966 2599 409 63 abgegangenen
2398 2596 193 51 Kinder
2608 2595 311 51 verzeichnet

1642 2681 128 64 sind,
1807 2681 81 50 die
1925 2700 55 31 es
2013 2680 151 51 schon
2198 2699 57 29 zu
2290 2689 155 40 etwas
2471 2677 239 65 gebracht
2734 2677 185 51 haben.

1642 2761 96 50 Die
1766 2761 82 50 auf
1873 2761 89 50 der
1986 2760 310 51 Universität
2320 2761 171 47 weiter
2516 2759 256 49 studieren
2795 2757 126 50 oder

1643 2846 146 47 einen
1856 2841 492 64 Funktionärposten
2420 2844 49 45 in
2540 2840 91 49 der
2691 2840 188 49 kommu-

1643 2923 272 50 nistischen
1975 2923 162 48 Partei
2198 2921 302 50 bekommen
2563 2920 163 50 haben
2795 2920 126 48 oder

1644 3005 101 50 sich
1771 3004 154 49 schon
1952 3006 242 47 sonstwie
2221 3001 254 51 öffentlich
2508 3001 273 65 betätigen.
2836 3000 85 51 Sie

1644 3090 136 60 zeigt
1817 3085 92 50 das
1935 3085 419 58 Pionierzimmer,
2385 3085 48 47 in
2472 3083 113 49 dem
2625 3083 80 49 die
2730 3081 193 50 Kinder

1646 3168 122 49 nach
1829 3170 138 47 einer
2025 3166 324 50 bestimmten
2404 3163 352 64 Prüfungszeit
2820 3163 99 50 sich

1644 3248 234 63 politisch
1911 3245 202 51 schulen
2147 3245 106 50 und
2288 3244 187 49 bilden.
2552 3241 65 51 Es
2662 3245 136 61 zeigt
2842 3243 80 48 die

1647 3328 372 52 Schlafzimmer
2070 3347 101 30 von
2230 3325 321 65 peinlichster
2605 3323 314 64 Sauberkeit,

1647 3410 82 50 die
1757 3409 115 65 jede
1895 3408 210 64 Gruppe
2126 3428 100 30 von
2255 3409 63 48 10
2339 3406 225 50 Kindern
2587 3405 162 50 selbst
2767 3405 158 64 völlig

1647 3494 48 46 in
1721 3490 255 64 Ordnung
2013 3489 115 51 hält.
2185 3488 108 49 Wir
2324 3488 166 64 gehen
2528 3490 49 46 in
2615 3486 80 51 die
2721 3485 174 66 Speise-

1647 3571 121 59 säle,
1797 3574 47 47 in
1872 3571 166 50 denen
2061 3570 81 50 die
2164 3569 194 51 Kinder
2377 3570 120 50 nach
2517 3568 406 64 Altersgruppen

1647 3673 284 31 zusammen
1976 3671 165 31 essen.
2229 3650 91 50 Mit
2357 3654 162 47 einem
2556 3649 369 65 rhythmischen

2033 3730 192 64 (Guten
2246 3730 131 65 Tag)
2403 3730 166 51 werde
2596 3730 71 50 ich
2693 3728 232 66 begrüßt.
