4597 6553
523 6139 11 8 V
3094 6130 11 10 t

231 6179 345 71 Anzeigen
642 6181 275 56 werden
986 6181 188 56 nicht
1247 6181 538 71 aufgenommen
1855 6189 35 46 /
1958 6173 569 61 Verantwortlich
2593 6173 113 55 für
2784 6173 109 55 die
2962 6171 549 69 Schriftleitung:
3595 6167 298 58 Lothar
3963 6167 388 72 Schreyer

231 6296 244 68 Verlag
541 6296 130 58 Der
740 6296 232 59 Sturm
1033 6298 73 57 G.
1152 6313 91 41 m.
1284 6296 61 58 b.
1389 6298 78 56 H.
1536 6308 36 46 /
1641 6294 234 58 Berlin
1917 6294 88 58 W
2046 6300 36 50 9
2148 6306 37 44 /
2253 6289 262 60 Druck:
2583 6288 367 57 Druckerei
3013 6288 112 57 für
3187 6286 474 73 Bibliophilen
3731 6303 32 37 /
3834 6284 234 58 Berlin
4108 6283 126 57 NO
4279 6286 70 51 18

221 130 2557 142 KUNSTAUSSTELLUNG
2920 130 464 139 DER
3529 130 807 139 STURM

222 336 442 75 BERLIN
720 336 107 73 W
874 346 43 65 9
995 358 42 51 /
1115 333 743 76 POTSDAMER
1916 331 515 78 STRASSE
2498 345 217 62 134a
2793 355 46 52 /
2915 335 173 72 AM
3152 331 745 76 POTSDAMER
3956 331 380 78 PLATZ

221 468 452 60 Geoffnet
724 468 364 77 taglich
1138 485 170 41 von
1359 468 188 61 10—6
1608 467 181 61 Uhr
1829 484 36 45 /
1909 468 462 75 Sonntags
2422 484 176 42 von
2654 467 64 59 11
2732 467 112 57 —2
2894 467 180 59 Uhr
3128 487 31 37 /
3213 465 642 61 Monatlicher
3905 465 436 63 Wechsel

223 744 514 87 Hundertste
797 743 541 110 Ausstellung

223 895 396 73 September
661 900 146 51 1921

223 1090 242 83 Zchn
524 1090 251 106 Jahre
839 1090 288 83 Sturm
1171 1113 51 58 /
1264 1088 604 85 Gesamtschau

2393 743 603 84 Hunderterste
3055 739 539 110 Ausstellung

2395 893 302 58 Oktober
2741 898 143 51 1921

2393 1063 207 88 Nell
2641 1063 386 88 Walden

2390 1256 610 88 Gesamtschau
3064 1259 139 85 des
3267 1256 291 88 Sturm

1792 1559 583 76 Tageskarte
2434 1559 37 57 2
2531 1559 248 59 Mark

227 2194 1662 125 STURM-ABENDE
1983 2199 28 71 J
2037 2214 32 39 e
2094 2199 39 56 d
2159 2214 34 39 e
2216 2214 46 39 n
2316 2197 346 56 Mittwoch
2690 2204 31 47 7
2741 2195 22 34 s
2763 2194 32 57 /
2795 2234 22 34 4
2844 2195 143 58 Uhr
3015 2197 73 58 in
3120 2199 117 54 der
3269 2199 649 71 Kunstausstellung
3947 2202 132 54 Der
4109 2202 232 54 Sturm

227 2476 369 93 Standige
646 2475 578 72 Mitwirkende:
1307 2466 323 87 Rudolf
1713 2466 400 87 Rlumner
2176 2498 40 48 /
2284 2475 427 72 Rezitation

1305 2624 452 83 Herwarth
1822 2620 377 87 Walden
2252 2651 42 49 /
2347 2629 255 71 Musik

227 2835 247 56 Karten
504 2840 53 60 8,
587 2840 32 50 6
652 2835 140 55 und
821 2840 37 48 4
889 2834 191 56 Mark
1114 2849 86 41 an
1229 2834 115 54 der
1375 2832 440 56 Abendkasse
1845 2832 141 56 und
2016 2832 99 56 im
2143 2834 437 56 Vorverkauf
2602 2834 811 72 Sturm-Buchhandlung
3442 2832 31 59 /
3496 2835 397 58 Potsdamcr
3925 2839 232 56 Strafie
4186 2844 105 51 138
4307 2854 34 39 a

228 3502 245 111 Dcr
558 3501 406 113 Sturm
1024 3541 56 70 /
1134 3501 409 108 Berlin

228 3687 479 91 Auswartige
759 3685 647 92 Ausstellungen:

229 3860 464 74 New'York
731 3858 23 93 /
798 3861 209 72 Paris
1044 3858 27 93 /
1113 3860 425 73 Hannover

227 4368 131 54 Der
438 4360 233 57 Sturm
751 4361 423 56 iibernimmt
1254 4360 106 55 die
1426 4360 527 71 Veranstaltung
2033 4375 138 42 von

228 4483 232 58 Sturm
471 4478 578 70 -Ausstellungen
1115 4473 518 75 (Gesamtschau
1699 4476 142 56 und
1906 4476 267 56 Einzel-

228 4593 536 73 ausstellungen)
846 4593 74 56 in
1000 4593 183 56 alien
1262 4592 278 57 Stadten
1621 4592 142 57 und
1845 4592 328 55 Landern.

227 4713 131 56 Der
439 4712 234 56 Sturm
751 4707 372 59 vermittelt
1203 4722 168 41 nur
1452 4707 129 56 den
1650 4707 312 56 Verkauf
2033 4722 140 41 von

227 4827 300 59 Werken
587 4827 116 56 der
756 4824 337 64 Kiinstler,
1155 4822 107 56 die
1315 4837 69 41 er
1445 4820 213 58 durch
1719 4822 229 71 eigene
2000 4822 173 56 Aus-

227 4944 385 67 stellungen
654 4939 397 59 anerkennt.

229 5425 399 108 Standige
687 5418 663 90 Verkaufsstelle
1411 5420 130 83 fur
1602 5417 388 110 Graphik

227 5596 244 70 Vcrlag
513 5596 132 54 Der
686 5594 233 56 Sturm
963 5593 75 57 G.
1067 5608 90 41 m.
1187 5591 61 56 b.
1278 5591 83 56 H.

229 5711 398 56 Potsdamer
669 5710 232 57 Strafie
943 5713 112 52 134
1074 5725 37 39 a
1151 5720 36 45 /
1231 5704 427 61 Gartenhaus
1698 5701 224 59 rechts
1951 5703 59 56 II

2400 3501 845 145 Neuanzeigen
3305 3533 173 81 Der
3541 3531 291 85 Sturm

2401 3704 855 79 Sturm'BiJderbucher

2400 3900 77 56 V.
2520 3900 210 56 Maler
2772 3902 117 56 des
2931 3902 639 73 Expressionismus

2403 4022 69 53 15
2515 4017 457 58 Farbdrucke:
3035 4019 396 73 Kandinsky
3473 4017 20 73 /
3539 4019 278 73 Chagall
3863 4036 166 40 usw.

2401 4110 112 61 100
2554 4110 189 59 Mark

2405 4312 277 72 Farbige
2726 4310 474 58 Kunstdrucke

2405 4484 205 56 Louis
2650 4483 442 57 Marcoussis:
3146 4478 320 77 Aquarell

2403 4576 74 61 15
2516 4576 193 59 Mark

2406 4754 168 55 Kurt
2613 4750 415 59 Schwitters:
3068 4745 566 76 Merzzeichnung
3673 4762 76 42 ra

2406 4845 73 63 15
2518 4845 186 59 Mark

2904 4930 4 62 ■
2941 4930 5 6 '
2984 4943 34 38 r
3715 4947 7 6 '
3781 4930 4 62 '
3817 4940 10 52 i
4044 4940 7 19 5
4084 4930 4 62 1

2403 5006 261 57 Rudolf
2701 5004 328 56 Bliimner

2737 5091 8 14 r
2841 5080 12 23 J

2405 5123 130 54 Der
2579 5119 185 58 Geist
2806 5119 117 56 des
2965 5118 376 57 Kubismus
3382 5118 142 56 und
3568 5118 107 56 die
3717 5118 257 54 Ktinste

2403 5211 117 61 Mit
2559 5211 477 74 Abbildungen

2401 5309 76 59 20
2516 5307 188 60 Mark

2403 5500 120 61 Die
2565 5499 517 78 Reproduktion
3133 5499 125 57 der
3309 5497 391 74 Zeichnung
3754 5497 424 68 „Ohnmacht
4228 5500 127 60 der

2958 5612 139 42 von
3124 5594 170 59 Paul
3321 5594 161 59 Klee
3522 5594 73 57 in
3634 5594 159 59 Heft
3819 5594 39 59 8
3900 5594 286 77 erfolgte
4227 5595 125 59 mit

2401 5692 512 75 Genehmigung
2952 5709 137 42 von
3133 5692 184 59 Hans
3358 5688 589 63 Goltz-Miinchen.
