2784 3914
2336 3697 139 76 89

196 320 175 69 LA
477 320 435 80 CITE.

1141 325 66 74 V
1263 328 71 74 O
1395 330 101 74 L.
1603 333 61 76 5

1837 335 66 72 N
1969 335 66 74 U
2098 335 130 77 M.
2312 341 61 71 5

344 590 47 36 se
414 575 254 56 trouvait,
692 594 138 33 nous
852 579 182 51 dirons
1056 582 123 62 plus
1202 583 90 51 bas
1313 587 296 63 pourquoi)
1646 607 94 46 pas
1766 603 122 38 tout
1912 590 28 51 à
1964 592 103 50 fait
2088 609 68 33 au
2178 593 198 56 milieu,

343 659 132 51 mais
503 678 73 32 un
601 679 103 46 peu
732 679 114 35 vers
872 664 50 50 la
948 665 185 52 droite.
1164 667 77 50 La
1268 669 167 52 chaire
1462 672 60 50 de
1547 673 160 52 vérité
1735 693 61 33 en
1824 675 213 64 briques
2064 695 48 33 se
2140 679 240 50 trouvait

343 762 27 30 a
391 745 197 61 gauche
610 747 131 50 dans
761 748 43 49 le
825 748 193 52 chœur.
1042 749 71 51 Le
1134 752 133 50 banc
1288 754 62 51 de
1369 758 348 52 communion
1740 775 74 36 est
1835 761 160 50 d'une
2016 763 363 62 composition

343 830 271 63 originale,
638 851 142 44 pour
803 834 222 64 laquelle
1051 837 47 48 la
1123 837 184 63 brique
1330 853 48 37 et
1404 842 42 52 le
1471 843 155 51 chêne
1650 858 98 37 ont
1772 844 76 51 été
1876 860 503 50 avantageusement

344 916 293 63 employés;
673 935 141 45 pour
849 919 48 49 la
929 919 161 64 petite
1123 936 152 48 porte
1307 926 93 61 qui
1434 927 175 51 donne
1645 929 133 51 accès
1811 947 68 33 au
1914 931 196 56 chœur,
2147 950 72 33 on
2253 951 27 32 a
2317 951 61 32 eu

344 1017 205 33 recours
579 1018 66 33 au
677 1002 78 51 fer
784 1017 48 36 et
861 1021 66 33 au
959 1004 173 58 chêne,
1165 1025 49 31 ce
1242 1008 93 64 qui
1364 1011 103 49 crée
1498 1012 129 51 dans
1656 1015 301 54 l'ensemble
1988 1016 74 52 du
2093 1017 179 51 chœur
2304 1036 72 32 un

343 1084 163 51 motif
536 1086 225 64 étrange.
797 1088 44 50 Il
874 1103 72 36 est
981 1107 139 35 assez
1151 1093 301 63 particulier
1481 1115 99 46 que
1612 1111 127 38 cette
1768 1114 154 49 porte
1955 1101 75 51 ait
2062 1102 86 50 des
2181 1102 197 52 formes

344 1170 312 52 totalement
677 1172 268 52 distinctes
964 1176 60 51 de
1044 1177 144 50 celles
1208 1180 93 62 qui
1319 1178 370 65 prédominent
1708 1185 133 51 dans
1861 1187 44 49 le
1929 1199 199 38 restant
2149 1187 73 51 du
2243 1187 133 51 banc

343 1256 60 48 de
435 1258 367 56 communion,
835 1274 48 36 et
912 1279 71 31 on
1013 1279 63 33 ne
1105 1266 286 61 comprend
1419 1284 93 46 pas
1540 1271 273 61 pourquoi
1841 1271 219 51 Desmet
2091 1290 62 32 ne
2185 1272 68 51 l'a
2284 1290 94 47 pas

343 1357 192 46 conçue
560 1356 122 37 tout
705 1361 62 35 en
792 1345 172 51 chêne.

499 1426 91 51 On
623 1427 115 51 doit
770 1430 289 51 considérer
1089 1449 202 34 comme
1325 1451 99 35 une
1457 1437 282 53 trouvaille
1768 1439 250 52 heureuse
2051 1440 70 52 les
2154 1455 224 37 ressauts

343 1511 295 62 angulaires
665 1514 92 62 qui
786 1528 98 36 ont
912 1515 183 52 fourni
1126 1535 72 33 un
1228 1521 374 63 emplacement
1631 1523 99 50 très
1759 1525 277 51 favorable
2065 1544 108 33 aux
2204 1528 172 49 douze

343 1608 195 39 statues
565 1599 73 49 du
667 1601 220 61 superbe
913 1601 204 51 chemin
1146 1604 61 53 de
1233 1605 49 50 la
1310 1606 143 50 croix
1481 1606 363 64 spécialement
1872 1611 198 50 dessiné
2100 1629 67 33 au
2196 1611 180 51 fusain

343 1698 94 46 par
463 1681 190 52 Albert
678 1684 211 52 Servaes
913 1704 140 46 pour
1079 1689 48 49 la
1152 1689 243 63 chapelle.
1425 1693 89 49 On
1542 1711 27 31 a
1597 1694 100 51 fait
1726 1695 257 51 autrefois
2009 1697 279 64 beaucoup
2316 1698 60 49 de

343 1765 145 52 bruit
511 1782 198 36 autour
732 1770 61 50 de
814 1783 129 38 cette
966 1789 174 33 œuvre
1164 1774 59 51 de
1245 1775 160 51 haute
1429 1778 196 56 valeur,
1653 1780 303 61 expression
1983 1782 72 49 du
2082 1798 114 34 sens
2224 1783 125 49 artis-

344 1852 143 62 tique
517 1853 249 63 religieux
797 1855 262 52 moderne.
1095 1858 205 65 Malgré
1331 1860 352 64 l'opposition
1714 1863 278 65 énergique
2023 1867 73 49 du
2129 1865 246 51 révérend

342 1935 119 51 Père
480 1937 242 57 Gérome,
743 1940 320 65 philosophe
1085 1944 60 50 de
1165 1962 197 39 renom,
1385 1948 335 51 connaisseur
1740 1951 87 49 des
1846 1951 195 62 grands
2060 1953 311 64 mystiques,

474 2022 320 53 d'amateurs
821 2026 138 50 d'art
986 2041 48 37 et
1061 2028 131 51 d'un
1220 2031 166 61 grand
1414 2032 222 49 nombre
1667 2033 59 50 de
1755 2033 197 64 figures
1980 2052 234 34 connues
2243 2038 132 50 dans

342 2106 42 49 le
414 2108 196 50 monde
644 2109 290 64 artistique,
971 2112 299 52 l'étroitesse
1302 2114 216 64 d'esprit
1550 2118 94 61 qui
1678 2117 203 63 régente
1914 2119 61 55 de
2009 2137 100 35 nos
2142 2121 151 63 jours
2324 2122 50 50 la

342 2191 293 64 figuration
671 2194 85 51 des
789 2196 163 63 sujets
983 2197 159 51 sacrés
1176 2217 27 32 a
1237 2217 61 32 eu
1333 2201 43 49 le
1411 2201 190 51 dessus.
1639 2202 72 51 Le
1744 2205 108 49 seul
1888 2206 207 51 chemin
2130 2207 60 50 de
2225 2208 146 49 croix

341 2277 129 51 d'un
499 2280 281 50 sentiment
808 2280 399 54 véritablement
1237 2299 47 36 et
1313 2286 418 62 profondément
1762 2288 251 64 religieux
2045 2292 174 62 parmi
2252 2305 122 37 tous

338 2379 128 33 ceux
493 2363 85 50 des
604 2363 175 64 églises
805 2366 61 49 de
892 2366 460 65 l'agglomération
1380 2371 292 51 anversoise
1698 2390 27 33 a
1753 2373 72 51 dû
1852 2373 104 51 être
1982 2373 180 53 écarté.

497 2447 142 51 Avec
673 2467 50 32 ce
757 2450 395 58 chef-d'œuvre,
1189 2453 48 50 la
1273 2453 228 64 chapelle
1538 2474 27 32 a
1601 2457 166 63 perdu
1805 2475 102 33 une
1941 2459 137 63 pièce
2115 2461 61 53 de
2211 2461 163 51 haute

342 2534 190 49 valeur.
557 2534 219 64 Depuis,
802 2536 241 64 disparut
1063 2537 286 64 également
1372 2541 43 50 le
1435 2558 246 47 panneau
1702 2542 61 51 de
1785 2544 212 52 Servaes
2018 2547 193 61 auquel
2234 2563 139 35 nous

342 2634 164 34 jvons
539 2619 99 50 fait
673 2620 229 51 allusion
938 2634 121 38 tout
1093 2622 26 50 à
1155 2622 194 51 l'heure
1383 2638 49 36 et
1463 2625 111 63 qui,
1612 2626 60 51 de
1705 2645 96 45 par
1835 2645 54 33 sa
1922 2631 316 63 conception
2272 2631 102 51 très

342 2702 305 59 décorative,
680 2706 299 62 produisait
1011 2724 99 33 une
1141 2707 268 65 puissante
1438 2710 311 64 impression
1781 2716 420 51 monumentale.

494 2789 239 65 Lorsque
753 2790 79 52 M.
859 2791 461 54 Fierens-Gevaert
1341 2813 27 30 a
1391 2795 94 55 dit,
1510 2795 27 50 à
1559 2814 202 45 propos
1782 2798 61 50 de
1866 2812 128 38 cette
2018 2817 193 40 œuvre,
2237 2800 134 65 qu'il

334 2892 135 31 nous
489 2874 120 51 faut
630 2889 272 37 retourner
921 2876 293 64 jusqu'aux
1236 2879 192 63 grands
1448 2879 327 53 décorateurs
1796 2883 86 51 des
1902 2883 177 63 églises
2098 2885 276 52 italiennes

338 2958 71 50 du
444 2958 139 52 XIV
588 2968 14 15 e
635 2973 49 37 et
718 2960 71 50 du
823 2960 112 51 XV
940 2968 14 16 e
988 2960 183 60 siècles,
1208 2981 139 45 pour
1382 2975 283 45 retrouver,
1706 2965 235 63 exprimé
1976 2986 68 33 au
2078 2986 197 47 moyen
2310 2970 63 51 de

339 3043 160 63 lignes
529 3058 48 37 et
606 3044 61 51 de
696 3045 256 57 couleurs,
986 3063 99 34 une
1114 3047 139 63 égale
1282 3047 230 53 sincérité
1543 3049 132 51 dans
1705 3049 44 55 le
1780 3052 284 52 sentiment
2097 3054 269 65 religieux,

341 3128 30 49 il
399 3146 27 33 a
449 3129 261 64 peut-être
733 3130 269 52 surestimé
1025 3132 48 49 la
1098 3132 184 50 beauté
1307 3133 60 51 de
1391 3134 48 50 la
1465 3132 186 58 forme,
1679 3134 132 52 mais
1835 3155 112 33 non
1973 3138 158 64 point
2156 3139 189 51 l'inten-

339 3213 89 51 sité
451 3214 73 51 du
548 3215 298 51 sentiment.

493 3309 107 51 Peu
625 3312 61 50 de
712 3326 168 50 temps
905 3313 146 64 après
1075 3313 363 54 l'enlèvement
1462 3316 72 51 du
1559 3316 205 51 chemin
1790 3318 62 50 de
1876 3318 147 51 croix
2053 3321 61 49 de
2138 3321 230 56 Servaes,

339 3395 45 49 la
405 3395 232 64 chapelle
658 3397 247 51 subissait
929 3416 100 32 une
1054 3412 146 37 autre
1223 3412 141 51 perte
1387 3401 93 63 qui
1503 3400 75 50 lui
1601 3400 88 52 fut
1714 3420 219 46 presque
1959 3406 138 50 aussi
2121 3406 244 51 sensible:

341 3481 38 49 le
403 3480 184 64 départ
610 3482 71 50 du
704 3482 115 62 père
842 3483 224 51 Jérôme.
