2784 3914
2423 3654 104 77 81

349 1172 64 71 A
487 1169 457 76 PROPOS
1015 1169 145 74 DE
1221 1169 609 84 QUELQUES
1896 1167 510 78 ŒUVRES

776 1339 638 77 D'AUGUSTE
1523 1342 460 75 DESMET

1046 1503 657 46 INGÉNIEUR-ARCHITECTE

500 1799 248 52 Pendant
776 1799 325 64 longtemps,
1130 1816 52 34 ce
1210 1797 89 54 fut
1327 1797 227 66 opinion
1583 1813 268 42 courante,
1883 1799 126 52 chez
2038 1815 155 40 nous,
2226 1796 175 65 qu'un

341 1899 186 51 expert
557 1885 134 52 dans
722 1885 124 51 l'art
876 1885 62 53 de
969 1885 51 51 la
1049 1884 368 52 construction
1449 1903 62 33 ne
1541 1884 230 65 pouvait
1799 1883 104 52 être
1935 1884 159 63 rangé
2124 1884 176 65 parmi
2331 1884 72 49 les

341 1971 221 56 artistes,
705 1970 87 52 dès
820 1970 136 66 qu'il
988 1970 146 52 avait
1164 1970 179 65 acquis
1374 1971 44 51 le
1449 1970 120 52 titre
1600 1968 655 66 d'ingénieur-architecte.
2293 1969 110 52 Car

340 2058 211 52 d'avoir
579 2057 104 53 fait
710 2059 72 51 les
809 2058 155 52 dures
993 2072 48 38 et
1070 2057 169 52 sèches
1265 2057 180 52 études
1475 2057 346 64 d'ingénieur,
1854 2055 281 66 paraissait
2164 2055 206 52 inconci-

340 2144 158 51 liable
539 2161 122 35 avec
702 2144 46 51 le
790 2143 445 66 développement
1277 2143 61 52 de
1379 2140 227 68 qualités
1648 2142 320 66 artistiques,
2131 2140 123 52 bien
2296 2158 104 46 que

343 2231 261 52 l'histoire
642 2231 64 52 de
744 2231 124 50 l'art
909 2229 267 52 fournisse
1216 2229 71 52 les
1326 2246 222 49 preuves
1587 2228 62 52 de
1690 2246 51 34 ce
1783 2244 103 49 que
1928 2241 124 38 tous
2093 2228 71 51 les
2204 2225 200 66 grands

343 2330 393 38 constructeurs
760 2317 74 51 du
861 2316 147 66 passé
1037 2316 140 52 aient
1202 2314 77 52 été
1305 2317 70 49 les
1401 2314 295 65 ingénieurs
1723 2316 61 52 de
1812 2314 112 51 leur
1950 2312 224 66 époque.

499 2440 72 52 Et
598 2440 239 66 quoique
866 2440 62 51 de
955 2457 100 34 nos
1080 2439 169 66 jours,
1279 2457 96 48 par
1403 2438 133 53 suite
1564 2439 61 52 de
1652 2439 51 51 la
1731 2438 232 52 division
1994 2435 289 56 inévitable
2312 2436 89 52 des

335 2525 183 53 études
542 2526 262 52 devenues
830 2525 254 66 toujours
1111 2525 124 65 plus
1261 2524 316 66 complexes,
1608 2524 36 52 il
1671 2542 36 48 y
1733 2523 74 53 ait
1832 2524 63 52 de
1921 2523 178 52 moins
2127 2539 62 36 en
2218 2521 181 54 moins

338 2613 62 51 de
433 2610 353 68 probabilités
820 2612 64 54 de
919 2612 120 52 voir
1073 2629 49 35 se
1157 2610 202 52 former
1394 2610 87 52 des
1519 2610 203 51 artistes
1756 2609 139 52 aussi
1933 2608 466 52 universellement

336 2698 181 58 doués,
572 2716 53 34 ce
678 2698 123 52 n'en
858 2709 75 40 est
986 2714 96 49 pas
1135 2698 178 51 moins
1365 2695 283 54 consolant
1703 2694 62 51 de
1818 2694 121 51 voir
1996 2712 74 33 un
2129 2694 239 65 aspirant-

335 2784 276 52 architecte
640 2784 132 52 faire
800 2784 87 52 des
914 2783 182 53 études
1124 2782 346 67 d'ingénieur.

498 2909 132 52 Bien
658 2926 104 47 que
791 2909 51 50 la
870 2907 203 66 qualité
1102 2906 332 66 d'ingénieur
1463 2906 61 52 de
1554 2905 316 53 l'architecte
1901 2904 246 63 Auguste
2178 2904 223 50 Desmet

339 2995 136 52 n'ait
500 3013 97 47 pas
623 2994 174 52 exercé
828 3013 101 33 une
956 2994 268 52 influence
1252 2991 424 68 prépondérante
1707 3009 88 33 sur
1823 2990 146 51 celles
1999 2989 61 52 de
2090 3006 75 35 ses
2196 3005 207 36 œuvres

332 3083 139 50 dont
504 3095 131 40 cette
670 3080 156 52 étude
862 3080 258 65 s'occupe,
1159 3078 263 68 peut-être
1460 3097 36 47 y
1534 3076 146 54 a-t-il
1718 3074 344 67 précisément
2100 3074 193 53 intérêt
2333 3075 61 52 de

331 3182 189 38 mettre
546 3186 52 33 ce
626 3168 122 52 titre
776 3186 62 33 en
865 3165 243 54 évidence
1138 3165 114 52 afin
1281 3166 61 51 de
1369 3180 250 50 prouver,
1755 3163 42 52 si
1825 3161 104 52 cela
1955 3160 131 53 était
2116 3160 279 53 nécessaire

338 3272 199 39 encore,
668 3272 103 45 que
797 3254 70 52 les
894 3253 399 52 connaissances
1318 3250 255 66 positives
1600 3263 48 41 et
1676 3248 199 53 froides
1902 3249 62 52 de
1990 3247 317 66 l'ingénieur
2335 3266 65 35 ne

342 3488 126 75 LA
575 3488 368 75 CITE.
1205 3481 749 78 AVRIL-MAI
2063 3481 336 78 1925
