2852 4280
1118 326 269 38 MERCURE
1427 324 245 35 MUSICAL
1710 324 70 35 ET
1822 322 43 36 S.
1907 321 37 37 I.
1984 321 56 37 M.

504 336 128 50 1124

508 488 158 51 cette
695 483 154 72 ligne
882 479 78 71 (la
988 478 155 72 ligne
1174 470 341 71 limitative,
1548 487 233 39 comme
1810 466 277 75 l'appelle
2119 466 235 72 Blake),
2384 465 58 57 la
2472 465 158 75 ligne

510 565 143 56 dure
680 569 58 51 et
767 562 187 56 effilée
982 560 80 55 du
1087 558 309 72 jugement
1423 557 61 52 et
1512 553 73 54 de
1612 552 58 55 la
1696 550 320 70 certitude,
2030 555 61 51 et
2119 567 152 39 vous
2286 548 343 75 supprimez

507 647 58 54 la
598 646 94 55 vie
728 644 190 55 même
946 663 13 49 ;
996 644 136 51 tout
1167 643 280 49 retourne
1482 635 150 56 dans
1665 634 54 56 le
1744 634 180 55 chaos
1945 638 89 66 ;et
2058 633 59 56 la
2150 632 158 73 ligne
2331 633 82 56 du
2430 632 188 55 Tout-

511 727 275 56 Puissant
814 723 126 56 doit
968 722 123 54 être
1118 719 145 55 tirée
1288 736 100 38 sur
1414 734 66 39 ce
1505 717 182 54 chaos
1712 720 189 51 avant
1927 733 117 55 que
2069 714 273 56 hommes
2368 713 238 57 etbêtes

506 808 265 72 puissent
803 803 235 57 exister.
1073 826 22 29 »

621 889 238 55 Strauss
904 902 97 38 me
1044 883 225 57 semble
1315 900 292 55 manquer
1653 880 73 56 de
1773 898 65 38 ce
1882 880 312 74 jugement
2239 884 61 51 et
2348 879 74 56 de
2468 883 161 52 cette

506 968 296 59 certitude
835 966 104 74 qui
971 966 128 55 voit
1132 966 58 55 la
1223 966 155 73 ligne
1411 963 343 71 limitative,
1790 968 61 51 et
1885 963 146 55 c'est
2064 981 154 54 pour
2249 962 127 56 cela
2408 978 118 57 que
2559 978 68 40 sa

506 1052 273 71 musique
795 1051 336 72 submerge,
1147 1066 137 38 sans
1316 1048 223 56 colorer
1571 1046 229 73 l'esprit
1833 1047 74 54 de
1938 1063 92 38 ses
2061 1063 246 56 propres
2338 1062 285 39 nuances.

504 1134 77 56 Ce
614 1133 155 55 n'est
802 1150 106 54 pas
941 1131 148 73 qu'il
1120 1129 150 58 n'ait
1303 1148 117 37 une
1452 1127 261 57 certaine
1745 1127 264 56 habileté
2044 1127 73 54 de
2149 1126 164 55 main
2346 1132 61 49 et
2440 1126 188 73 qu'on

503 1232 74 38 ne
615 1213 198 73 puisse
852 1213 125 64 dire
1016 1212 148 72 qu'il
1203 1212 230 55 dessine
1471 1211 160 68 bien,
1673 1227 234 38 comme
1946 1227 77 37 on
2064 1214 147 67 peut
2251 1209 376 56 reconnaître

502 1315 66 37 ce
601 1296 192 56 talent
826 1314 78 36 au
938 1293 311 57 Président
1282 1294 72 55 de
1387 1291 366 58 l'Académie
1788 1291 232 73 Royale
2055 1293 103 69 (i).

621 1377 149 56 Mais
805 1377 158 56 aussi
997 1376 139 56 bien
1170 1395 115 54 que
1321 1381 137 49 tout
1492 1374 53 56 le
1581 1373 197 57 dessin
1814 1373 203 75 soigné
2053 1380 59 50 et
2149 1391 139 38 sans
2323 1373 95 57 vie
2456 1374 73 56 de

508 1461 183 56 Grotte
945 1461 93 53 des
1161 1460 77 54 Néréides
1239 1462 92 51 est
1332 1458 83 55 de
1416 1456 252 57 moindre
1702 1456 210 56 valeur
1946 1474 117 54 que
2097 1474 66 38 ce
2199 1454 251 75 grossier
2484 1454 115 75 grif-

502 1545 256 70 fonnage
786 1543 78 54 où
893 1541 199 56 Rodin
1120 1541 259 54 enferme
1407 1540 59 54 la
1492 1540 96 55 vie
1617 1538 150 56 dans
1795 1556 85 38 un
1907 1538 72 56 de
2006 1556 97 38 ces
2129 1538 239 73 rapides
2398 1538 230 56 dessins

503 1642 78 37 au
623 1641 219 56 crayon
883 1623 192 55 tracés
1115 1641 153 54 pour
1306 1621 170 56 saisir
1515 1622 258 73 quelque
1814 1626 391 51 mouvement
2248 1620 81 57 du
2370 1621 255 72 modèle,

503 1706 149 56 ainsi
678 1706 59 55 la
762 1705 228 56 science
1015 1703 282 58 musicale
1326 1705 71 54 de
1425 1705 259 70 Strauss,
1712 1721 153 55 pour
1890 1702 48 56 si
1965 1703 236 74 soignée
2229 1708 60 50 et
2317 1703 310 56 fastueuse

504 1787 211 74 qu'elle
753 1787 135 70 soit,
926 1806 74 36 ne
1035 1786 173 56 laisse
1246 1786 221 71 qu'une
1505 1804 195 56 vague
1736 1785 195 73 image
1970 1786 151 55 dans
2157 1783 249 75 l'esprit,
2446 1804 179 56 parce

504 1888 116 54 que
653 1888 62 36 ce
748 1871 154 53 n'est
935 1870 221 71 qu'une
1188 1869 193 72 image
1412 1867 317 57 inanimée.
1767 1869 220 73 Quand
2018 1885 79 38 on
2130 1874 198 50 rentre
2361 1869 144 55 chez
2536 1867 88 57 soi

506 1951 170 71 après
710 1950 169 56 avoir
910 1951 209 53 écouté
1151 1950 58 54 la
1242 1950 275 71 musique
1551 1951 71 53 de
1658 1950 259 68 Strauss,
1951 1950 53 54 le
2039 1968 255 38 cerveau
2326 1955 91 51 est
2451 1950 145 56 silen-

506 2031 189 70 cieux,
744 2031 58 55 la
849 2030 280 57 mémoire
1176 2032 289 55 n'entend
1510 2030 145 71 rien,
1705 2030 307 57 sensation
2060 2031 292 74 analogue
2402 2032 34 55 à
2483 2031 145 57 celle

506 2114 183 71 qu'on
727 2112 377 73 éprouverait
1141 2114 171 71 après
1358 2114 124 54 être
1520 2115 173 70 passé
1730 2114 226 54 devant
1993 2133 117 37 une
2147 2116 224 70 grande
2408 2115 188 56 illumi-

507 2195 227 68 nation,
761 2196 169 70 après
953 2195 174 55 s'être
1148 2195 202 55 saturé
1376 2195 72 56 de
1471 2195 288 70 couleurs,
1785 2196 175 73 après
1981 2195 169 56 avoir
2172 2197 126 54 erré
2322 2215 77 38 au
2422 2196 206 59 milieu

506 2276 101 55 des
640 2293 240 56 nuages.
908 2275 150 56 Mais
1092 2281 136 50 tout
1264 2281 89 50 est
1388 2276 124 69 fini,
1547 2275 42 55 il
1622 2276 140 56 n'en
1795 2281 155 51 reste
1984 2294 110 56 pas
2129 2283 164 50 trace
2312 2300 11 47 ;
2361 2279 127 56 rien
2522 2279 106 73 qui

507 2357 152 55 fasse
691 2357 200 55 battre
922 2357 54 55 le
1006 2357 189 73 pouls.
1232 2359 93 54 On
1358 2357 162 73 parle
1553 2375 147 38 avec
1731 2357 188 56 calme
1952 2360 83 55 du
2067 2359 87 56 vif
2185 2359 240 72 intérêt,
2459 2363 76 55 de
2566 2361 61 56 la

506 2439 275 54 curiosité
818 2440 102 71 qui
955 2441 92 71 s'y
1082 2440 299 55 attachait
1411 2462 10 33 :
1459 2441 177 55 chose
1670 2441 276 56 nouvelle
1983 2459 115 55 que
2134 2441 123 56 l'on
2293 2443 129 55 doit
2456 2444 171 73 juger

504 2538 138 35 sans
686 2520 160 72 parti
891 2521 139 71 pris,
1077 2521 299 55 merveille
1423 2521 150 56 dans
1618 2540 108 36 son
1773 2540 177 55 genre
1978 2545 12 47 ;
2039 2523 151 55 mais
2234 2524 54 56 le
2335 2531 292 66 moment,

502 2600 368 57 l'inévitable
908 2601 214 56 frisson
1158 2603 103 72 qui
1299 2622 79 35 va
1416 2603 158 55 droit
1613 2622 121 36 aux
1772 2604 263 71 moelles,
2074 2605 59 55 la
2171 2605 143 56 voix
2352 2608 281 56 nouvelle

504 2700 116 54 que
645 2683 121 54 l'on
793 2684 223 54 semble
1042 2685 372 55 reconnaître
1442 2686 207 70 quand
1675 2704 78 37 on
1780 2686 267 56 l'entend
2075 2705 153 54 pour
2253 2688 59 54 la
2340 2689 293 71 première

502 2765 131 62 fois,
673 2768 77 53 où
788 2771 89 50 est
917 2773 134 49 tout
1090 2766 124 56 cela
1245 2773 23 49 ?
1307 2769 60 55 Si
1405 2768 198 72 j'étais
1640 2769 134 72 plus
1811 2769 252 56 sensible
2103 2771 36 54 à
2173 2770 60 56 la
2295 2770 340 60 littérature

503 2848 141 70 qu'à
682 2848 57 54 la
779 2849 291 72 musique,
1110 2850 56 70 je
1207 2868 94 37 me
1341 2850 183 73 figure
1565 2868 115 55 que
1720 2851 57 72 je
1816 2851 271 73 pourrais
2126 2871 95 38 me
2289 2854 346 72 passionner

504 2945 153 54 pour
696 2929 255 56 Strauss.
1000 2932 49 53 Il
1092 2932 234 54 m'offre
1371 2933 101 54 des
1514 2949 139 38 sons
1694 2951 232 38 comme
1966 2933 60 56 la
2067 2934 358 72 littérature,
2482 2937 152 55 mais

506 3008 204 71 j'aime
748 3010 203 56 mieux
987 3012 107 55 lire
1129 3012 60 54 la
1225 3012 345 57 littérature
1608 3019 60 50 et
1707 3033 117 53 que
1862 3033 144 37 mon
2042 3015 204 56 oreille
2271 3018 213 56 écoute
2502 3036 99 39 seu-

504 3089 225 56 lement
760 3093 57 53 la
847 3111 295 54 musique.

624 3172 236 54 Strauss
898 3193 93 37 me
1028 3177 261 71 rappelle
1326 3178 225 70 parfois
1589 3179 72 56 de
1700 3179 269 74 Quincey
2013 3198 78 37 ou
2134 3180 225 75 Sidney
2394 3183 236 72 Dobell,

510 3253 220 72 parfois
765 3254 266 56 Gustave
1065 3258 242 56 Moreau
1339 3277 77 36 ou
1447 3260 230 58 Arnold
1708 3262 272 70 Bôcklin,
2014 3267 60 51 et
2105 3264 58 71 je
2195 3263 119 56 sais
2345 3282 117 55 que
2493 3272 140 51 tous

511 3351 94 38 ces
634 3351 171 36 noms
836 3342 104 48 ont
972 3356 72 37 eu
1072 3338 125 56 leur
1227 3340 179 56 heure
1437 3342 400 58 d'adoration.
1871 3346 159 54 Tous
2059 3351 108 49 ont
2197 3347 436 59 certainement

511 3415 101 55 des
649 3415 255 70 qualités
941 3418 102 61 qui
1080 3420 131 55 font
1249 3422 83 54 les
1387 3426 221 69 grands
1659 3426 239 55 artistes
1926 3450 14 48 ;
1979 3432 156 66 tous,
2174 3446 74 37 en
2286 3429 103 56 des
2423 3450 210 54 genres

601 3622 62 49 (1)
695 3623 56 40 H.
788 3622 319 55 Bougucreau.
1136 3628 239 54 président
1403 3635 55 36 de
1491 3633 45 40 !a
1566 3630 179 43 Société
1781 3635 81 39 des
1892 3632 201 45 Artistes
2126 3636 216 52 français,
2375 3637 63 41 du
2481 3640 155 49 temps

511 3682 60 40 où
598 3685 31 38 il
660 3686 164 41 vivait,
858 3685 66 40 lui
950 3690 134 44 aussi,
1117 3693 284 39 connaissait
1431 3694 41 39 le
1505 3695 166 40 dessin.
1705 3694 75 52 (N.
1810 3696 94 41 des.
1932 3696 73 59 T.)
