2852 4280
488 348 130 63 1184

1100 364 262 35 MERCURE
1400 366 241 37 MUSICAL
1675 370 69 34 ET
1785 371 40 34 S.
1867 372 32 35 I.
1939 374 57 34 M.

488 512 472 71 pressionner,—
976 532 231 37 comme
1231 516 160 55 aussi
1426 535 108 39 son
1571 520 296 59 habitude
1886 526 72 55 de
1975 525 173 72 jouer
2183 546 102 40 sur
2318 532 303 73 plusieurs

485 591 214 72 pianos
711 596 148 53 dans
875 595 54 54 le
946 595 192 54 même
1156 604 261 64 concert,
1433 601 72 53 de
1523 601 80 72 rej
1616 607 128 52 eter
1753 623 94 38 ses
1857 606 275 59 cheveux
2143 629 75 37 en
2237 614 219 57 arrière
2468 635 148 37 avec

485 691 83 37 un
600 681 387 50 mouvement
1019 677 311 74 olympien
1350 701 13 49 ;
1410 684 154 54 niais
1590 703 95 38 ces
1720 694 477 70 extravagances
2246 715 74 37 ne
2367 699 214 73 l'empê-

485 756 238 55 chaient
734 775 108 52 pas
854 759 365 57 d'atteindre
1237 780 78 37 au
1332 764 356 72 sublime,de
1707 772 395 58 transformer
2115 794 106 38 son
2240 778 373 61 instrument

483 852 71 37 en
598 854 82 37 un
724 840 472 68 pandémonium
1217 844 103 54 des
1339 847 275 69 passions
1640 851 336 74 humaines,
1999 858 73 53 de
2107 856 249 60 devenir
2388 863 54 56 le
2474 865 139 71 plus

480 917 360 73 scrupuleux
871 920 331 75 interprète
1236 925 104 56 des
1373 946 238 40 œuvres
1645 934 292 72 d'autrui,
1957 943 210 67 quand
2200 941 42 55 il
2272 944 54 56 le
2351 948 256 56 voulait.

528 1079 17 16 v
592 997 163 57 Liszt
781 1018 60 38 se
865 1004 227 54 servait
1116 1006 73 55 de
1213 1009 343 70 préférence
1583 1015 101 53 des
1708 1015 216 72 pianos
1950 1021 72 54 de
2046 1021 59 56 la
2129 1025 236 57 maison
2392 1029 217 72 Erard,

478 1080 78 54 où
575 1079 44 54 il
638 1082 167 55 avait
828 1082 222 59 débuté
1072 1105 74 37 en
1169 1090 270 57 arrivant
1462 1095 34 53 à
1518 1095 169 56 Paris
1710 1104 58 49 et
1792 1119 147 37 avec
1960 1103 85 56 les
2066 1106 168 55 chefs
2256 1110 73 55 de
2348 1110 262 63 laquelle

475 1159 41 53 il
540 1161 150 56 était
715 1165 276 71 toujours
1023 1169 115 54 très
1161 1170 94 56 lie.
1284 1174 151 54 î»iais
1459 1194 77 37 au
1561 1178 168 71 fond,
1755 1181 59 55 la
1838 1185 231 70 qualité
2094 1189 73 53 de
2193 1189 414 62 l'instrument

474 1240 82 56 lui
592 1242 314 74 importait
941 1267 139 53 peu,
1116 1254 256 54 sachant
1409 1256 144 56 tirer
1590 1260 71 55 de
1698 1263 235 58 chacun
1967 1267 54 54 le
2055 1272 338 57 maximum
2431 1278 74 55 de
2539 1297 68 37 sa

471 1322 315 72 puissance
826 1347 73 36 en
937 1333 285 72 sonorité,
1264 1338 72 53 de
1377 1355 65 39 sa
1480 1341 230 58 variété
1749 1364 74 36 en
1862 1348 240 58 timbre.
2146 1353 53 54 Il
2234 1354 85 56 lui
2359 1358 246 71 plaisait

470 1405 193 57 même
699 1410 73 55 de
805 1415 456 72 communiquer
1294 1419 319 61 l'étincelle
1649 1428 73 54 de
1757 1446 108 39 son
1899 1433 171 70 génie
2106 1453 77 38 au
2218 1438 137 71 plus
2390 1444 212 70 caduc,

469 1504 101 37 car
612 1489 42 53 il
697 1494 308 68 possédait
1049 1496 54 55 le
1146 1501 256 69 pouvoir
1447 1507 279 73 magique
1773 1513 72 53 de
1891 1514 55 53 le
1989 1517 362 75 galvaniser,
2400 1526 74 54 de
2517 1526 85 55 lui

469 1584 16 36 1
499 1571 137 52 endi
650 1588 30 35 e
713 1592 82 35 un
828 1573 234 58 instant
1099 1584 171 51 toute
1304 1601 108 38 son
1448 1587 288 59 ancienne
1772 1593 322 72 splendeur
2122 1601 10 53 !

582 1651 263 70 j'aurais
866 1659 207 70 voulu,
1099 1679 115 54 que
1238 1681 65 38 ce
1326 1669 276 70 pouvoir,
1628 1691 99 37 ma
1750 1675 205 72 plume
1978 1679 148 57 l'eût
2150 1684 449 64 suffisamment

466 1748 159 38 aussi
658 1753 152 53 pour
841 1736 148 59 faire
1024 1759 232 41 revivre
1289 1747 59 55 la
1381 1749 185 72 figure
1600 1754 49 54 si
1683 1762 354 68 attrayante
2072 1769 60 50 et
2169 1768 139 71 déjà
2339 1790 261 51 presque

470 1818 306 54 iabuleuse
802 1820 81 54 du
907 1842 22 28 «
954 1841 88 35 roi
1068 1825 104 55 des
1195 1828 292 71 pianistes
1513 1856 42 48 »,
1583 1837 138 56 telle
1746 1857 117 53 que
1887 1842 59 71 je
1970 1843 103 57 l'ai
2097 1865 235 43 connue
2380 1856 219 57 adorée

465 1912 77 36 ou
581 1899 370 58 combattue.
992 1904 60 56 Si
1089 1907 58 71 je
1185 1928 94 37 me
1318 1915 177 54 rends
1532 1919 435 69 parfaitement
2007 1937 244 64 compte
2289 1952 117 49 que
2445 1937 152 57 dans

464 1992 108 38 son
600 1982 301 55 ensemble
929 1985 109 55 elle
1067 1994 89 48 est
1185 1992 122 53 très
1335 1999 314 70 tronquée,
1677 2002 58 71 je
1762 2022 96 37 me
1887 2009 239 56 console
2155 2031 73 37 en
2257 2035 95 37 me
2381 2037 180 45 rappe-

462 2056 129 55 lant
629 2077 109 38 son
776 2065 403 60 authenticité
1218 2078 59 48 et
1316 2092 66 38 sa
1419 2077 298 61 sincérité.
1760 2086 94 56 En
1892 2088 115 56 fait
2047 2093 73 55 de
2564 2122 32 37 e

461 2156 61 35 m
546 2157 259 57 imagine
842 2164 117 52 que
996 2167 95 37 ces
1127 2156 260 68 qualités
1424 2159 367 63 fournissent
1826 2168 399 75 l'équivalent
2263 2182 82 55 du
2381 2204 214 39 «verre

461 2236 103 53 qui
602 2239 38 36 n
666 2227 91 50 est
794 2243 109 53 pas
940 2233 190 69 grand
1160 2255 21 29 »
1214 2234 71 57 de
1317 2239 226 57 Musset
1574 2246 9 52 !

1917 2337 72 54 A.
2030 2337 82 54 De
2153 2337 288 54 Bertha.
