2852 4280
896 268 173 47 ÉCHOS
1106 280 70 34 ET
1209 280 319 35 NOUVELLES

2156 286 128 52 1217

168 440 259 61 Salisburg
459 449 131 51 pour
623 430 241 50 chercher
896 444 75 32 un
1004 443 101 48 peu
1139 426 64 49 de
1236 425 274 50 fraîcheur.
1548 426 107 47 Peu
1689 425 64 48 de
1778 429 174 61 temps
1985 430 167 62 après,
2177 447 81 33 sur-

168 512 110 49 vint
318 503 325 56 Scikaneder,
681 500 47 47 le
766 498 257 49 directeur
1061 495 71 48 du
1170 494 232 48 meilleur
1439 494 205 48 théâtre
1680 494 67 48 de
1785 492 276 68 Salisburg.
2083 496 43 49 Il
2157 498 128 50 était

170 576 138 55 armé
338 575 156 50 d'une
529 567 261 58 ombrelle,
824 565 134 48 mais
991 564 169 64 quelle
1193 561 246 51 ombrelle
1465 566 10 43 !
1510 562 164 64 Large
1708 575 201 37 comme
1941 578 73 33 un
2047 564 153 52 dôme
2232 571 53 45 et

170 646 155 52 solide
357 655 200 37 comme
570 654 74 34 un
675 639 174 60 pont!.
864 633 82 50 On
963 636 126 60 peut
1120 630 252 63 imaginer
1387 630 186 47 l'accès
1606 627 260 51 d'hilarité
1889 645 101 48 que
2011 647 274 50 provoqua

172 719 133 48 cette
339 708 296 68 apparition
671 703 169 66 parmi
873 702 73 48 les
982 699 128 50 trois
1145 698 181 65 jeunes
1360 712 126 50 gens
1510 702 10 43 !
1560 697 298 62 Justement
1895 699 32 49 à
1961 713 57 35 ce
2053 707 235 45 moment

172 783 244 68 quelques
449 779 210 64 gouttes
691 773 154 48 d'eau
882 769 416 51 commencèrent
1334 767 33 48 à
1401 767 221 48 tomber.
1661 767 72 48 Le
1767 767 101 48 trio
1903 782 176 48 pressa
2111 768 48 50 le
2195 786 93 47 pas

170 867 127 52 pour
316 852 199 46 rentrer
537 847 31 47 à
587 844 52 49 la
661 842 218 54 maison,
902 838 133 51 mais
1056 837 190 63 l'orage
1269 834 169 50 éclata
1459 849 129 33 avec
1608 849 102 35 une
1731 835 231 50 extrême
1983 837 230 49 violence
2234 843 54 44 et

172 933 195 38 comme
396 913 310 53 Scikaneder
736 908 128 52 était
893 906 207 65 proche,
1132 919 127 33 avec
1287 918 94 34 son
1396 903 250 50 immense
1674 904 203 62 parasol
1904 919 128 45 rose,
2061 905 74 50 les
2162 906 127 49 trois

172 992 175 63 jeunes
386 999 124 51 gens
548 999 53 33 se
640 978 366 68 précipitèrent
1047 989 118 34 vers
1202 973 75 48 lui
1315 987 132 49 pour
1485 971 248 51 réclamer
1771 988 58 33 sa
1867 975 307 61 protection.
2218 976 71 49 Le

172 1056 310 52 bonhomme
504 1067 64 33 ne
583 1067 54 33 se
652 1050 58 48 fit
728 1061 94 51 pas
837 1045 151 65 prier.
1009 1044 43 49 Il
1067 1041 142 51 offrit
1226 1055 95 34 son
1336 1042 120 47 bras
1472 1041 32 47 à
1517 1040 52 48 la
1592 1055 137 34 sœur
1745 1041 62 48 de
1832 1041 196 51 Mozart
2051 1047 52 44 et
2120 1042 169 51 invita

173 1122 197 54 celui-ci
404 1122 32 49 à
479 1120 128 49 faire
653 1117 65 49 de
751 1116 169 50 même
959 1126 127 34 avec
1119 1110 188 48 l'autre
1340 1108 155 64 jeune
1528 1122 268 50 personne,
1832 1110 63 48 de
1928 1110 226 49 manière
2187 1126 101 48 que

173 1196 198 50 chacun
398 1192 96 64 pût
522 1191 109 47 être
659 1187 32 47 à
718 1186 214 48 couvert
960 1181 47 48 le
1035 1180 177 48 mieux
1239 1177 240 65 possible.

273 1263 212 54 Mozart,
515 1260 30 47 à
570 1253 253 60 l'arrivée,
850 1267 66 33 ne
943 1248 170 51 savait
1139 1262 96 50 pas
1261 1246 80 48 s'il
1357 1246 177 49 devait
1561 1246 268 50 remercier
1853 1246 47 48 le
1927 1247 185 51 maître
2138 1262 151 48 parce

174 1346 98 51 que
297 1326 285 53 l'ombrelle
610 1318 394 71 providentielle
1029 1317 184 49 l'avait
1242 1314 206 65 garanti
1476 1315 63 49 de
1566 1315 135 49 l'eau
1730 1329 66 35 ou
1824 1329 151 49 parce
2004 1315 184 64 qu'elle
2214 1314 75 48 lui

174 1398 142 52 avait
333 1395 189 66 permis
559 1392 199 50 d'avoir
794 1406 74 33 un
902 1389 123 64 long
1058 1390 55 45 et
1151 1385 142 49 doux
1331 1383 235 63 colloque
1602 1398 127 34 avec
1763 1383 52 47 la
1835 1381 154 65 jeune
2026 1383 100 49 fille
2163 1383 127 63 qu'il

176 1465 179 52 aimait
389 1464 342 50 ardemment.

273 1536 177 49 Douze
483 1547 93 34 ans
609 1530 114 65 plus
756 1528 136 58 tard,
927 1522 329 56 Scikaneder,
1292 1536 95 49 par
1418 1535 73 33 un
1524 1535 135 48 coup
1692 1520 70 48 du
1795 1524 125 53 sort,
1955 1519 131 48 était
2119 1519 170 48 réduit

176 1604 29 44 à
235 1604 51 49 la
319 1602 198 49 misère.
555 1599 43 48 Il
633 1611 190 50 songea
858 1595 31 48 à
922 1594 276 48 s'adresser
1233 1590 32 47 à
1301 1590 198 47 Mozart
1533 1592 52 43 et
1622 1588 165 63 après,
1813 1586 248 63 quelques
2091 1586 200 63 paroles

176 1672 220 57 timides,
435 1671 195 47 Mozart
664 1682 65 33 ne
761 1666 202 62 l'ayant
996 1677 94 50 pas
1122 1674 246 43 reconnu,
1402 1657 36 48 il
1470 1656 212 65 rappela
1713 1657 51 47 la
1796 1656 150 47 scène
1979 1655 71 48 du
2088 1652 206 66 parasol

176 1756 127 34 rose.
336 1740 148 49 Cette
515 1733 274 54 évocation
818 1733 60 49 fit
910 1733 265 47 sursauter
1203 1729 47 47 le
1282 1726 349 63 compositeur
1660 1729 52 44 et
1743 1724 47 49 le
1820 1723 97 50 mit
1947 1738 66 32 en
2041 1722 122 48 telle
2192 1721 101 63 joie

177 1825 99 48 que
316 1821 131 51 pour
488 1806 357 62 récompenser
888 1798 311 52 Scikaneder
1241 1795 36 49 il
1320 1793 181 51 écrivit
1545 1792 365 64 spécialement
1954 1804 130 49 pour
2124 1789 73 47 lui
2242 1788 52 47 la

189 1877 148 51 Flûte
568 1874 211 50 enchantée.
780 1873 136 60 Lorsque
955 1869 47 48 le
1043 1865 160 50 vieux
1244 1864 186 48 maître
1472 1864 229 53 mourut,
1735 1859 36 48 il
1811 1858 262 49 demanda
2105 1872 100 47 que
2243 1855 51 47 la

176 1944 228 50 fameuse
445 1940 246 52 ombrelle
738 1940 83 49 fut
850 1938 179 65 portée
1057 1936 33 49 à
1118 1936 199 47 Mozart
1346 1931 91 64 qui
1463 1931 52 49 la
1543 1944 249 34 conserva
1819 1926 168 65 parmi
2013 1926 74 49 les
2114 1939 150 34 souve-

177 2013 104 49 nirs
301 2013 73 48 les
396 2011 116 65 plus
536 2011 144 47 chers
704 2009 63 48 de
789 2023 58 33 sa
868 2008 252 63 jeunesse.

376 2264 384 53 Aix-les-bains.

278 2372 484 55 L'administration
794 2371 71 48 du
901 2368 175 51 Grand
1113 2364 171 51 Cercle
1316 2359 432 54 d'Aix-les-bains
1781 2373 30 33 a
1843 2354 196 66 engagé
2070 2353 65 48 de
2168 2364 96 36 nou-

179 2460 134 34 veau
357 2444 47 47 le
450 2442 103 49 trio
597 2438 239 66 lyonnais
883 2436 242 64 composé
1171 2433 65 50 de
1285 2432 124 48 MM.
1458 2428 226 49 Amédée
1735 2423 271 56 Reuchsel,
2054 2418 240 67 pianiste,

182 2512 225 51 Maurice
461 2508 270 58 Reuchsel,
784 2505 296 58 violoniste,
1131 2508 53 44 et
1239 2500 196 50 Arthur
1490 2495 180 59 Ticier,
1724 2490 390 56 violoncelliste,
2166 2500 130 51 pour

181 2596 100 35 une
310 2580 182 49 séance
522 2578 62 48 de
615 2577 237 63 musique
882 2575 64 49 de
977 2573 245 49 chambre
1251 2569 90 65 qui
1372 2583 30 33 a
1430 2583 64 32 eu
1523 2565 102 48 lieu
1654 2564 47 47 le
1733 2575 63 49 14
1824 2560 226 48 octobre.
2082 2557 71 49 Le
2181 2569 87 49 pro-

182 2664 245 51 gramme,
455 2649 105 47 très
584 2645 319 52 habilement
932 2640 258 66 composé,
1219 2634 323 67 comprenait
1567 2634 49 48 le
1642 2631 99 50 trio
1768 2646 65 32 en
1861 2631 54 45 ut
1940 2626 201 50 mineur
2167 2627 52 44 et
2246 2624 52 45 la

182 2721 181 45 sonate
391 2733 65 32 en
794 2714 56 61 fa
569 2714 177 64 (piano
772 2718 52 44 et
854 2711 197 61 violon)
1080 2711 66 48 de
1176 2706 319 55 Beethoven,
1524 2704 51 47 la
1603 2704 183 45 sonate
1818 2696 175 65 (piano
2020 2697 50 43 et
2101 2692 169 47 violon-

183 2786 144 61 celle)
353 2789 52 44 et
431 2785 47 48 le
506 2784 101 48 trio
633 2800 66 33 en
1277 2780 72 49 mi
822 2781 173 50 bémol
1020 2776 283 53 d'Amédée
1332 2770 271 52 Reuchsel.

282 2855 71 48 Le
400 2852 176 64 public
623 2867 31 32 a
700 2850 475 64 particulièrement
1237 2839 250 69 applaudi
1547 2837 268 48 l'andante
1875 2832 65 48 de
1998 2829 52 47 la
2116 2829 180 46 sonate

183 2922 117 50 d'A.
322 2919 251 50 Reuchsel
605 2923 52 45 et
697 2919 47 49 le
807 2918 216 50 Scherzo
1048 2917 64 48 de
1143 2916 51 48 la
1226 2914 183 47 sonate
1442 2909 64 49 de
1541 2904 301 50 Beethoven
1872 2913 131 51 pour
2034 2897 168 62 lequel
2234 2905 67 33 on

182 2991 223 48 réclama
435 2991 167 47 même
631 3005 73 33 un
1299 2985 91 51 bis.

388 3187 155 61 Lyon.

287 3294 75 50 La
405 3292 172 49 saison
619 3289 203 65 lyrique
866 3290 124 47 s'est
1034 3288 216 47 ouverte
1292 3281 48 49 le
1387 3292 61 48 13
1493 3275 228 56 octobre,
1767 3286 66 32 au
1877 3261 427 56 Grand-Théâtre

188 3363 64 50 de
281 3363 164 58 Lyon,
474 3374 94 47 par
593 3374 103 32 une
723 3358 284 48 excellente
1034 3347 414 70 représentation
1476 3345 65 48 de
1566 3342 51 49 la
1650 3337 239 64 Valkyrie
1917 3347 125 36 avec
2068 3336 47 44 le
2141 3342 126 51 gran

188 3430 184 50 artiste
409 3429 202 49 Imbart
648 3427 65 50 de
747 3427 51 47 la
835 3427 155 56 Tour,
1029 3424 164 47 Mmes
1231 3419 245 48 Claessens
1512 3416 52 46 et
1604 3411 203 62 Paquot
1844 3405 191 61 d'Assy
2069 3402 130 47 dans
2234 3402 72 41 les

188 3499 134 49 rôles
344 3496 322 65 principaux.
1628 3546 8 8 .
1909 3543 14 14 ,
2067 3538 14 9 ,
2153 3533 39 28 r

291 3568 98 47 Les
421 3565 216 63 reprises
671 3565 35 48 d
1242 3563 239 56 'Hamlet,
1000 3561 66 49 de
2017 3558 241 62 Mignon,
1377 3552 63 48 de
1696 3546 57 47 de
2050 3542 65 44 de
2153 3542 123 40 Lava-

209 3634 121 50 leria
504 3633 231 57 Rusticana,
736 3636 56 44 etc.
793 3631 251 48 servirent
1072 3628 64 48 de
1162 3623 192 51 débuts
1379 3634 70 32 ou
1476 3618 62 47 de
1565 3617 226 45 rentrées
1819 3612 30 47 à
1875 3612 148 45 notre
2051 3614 198 38 emmen
2279 3610 27 33 e
