2852 4280
897 268 424 47 JEAN-PHILIPPE
1355 271 228 39 RAMEAU

2296 338 0 0 1145

164 430 137 66 trop
317 421 143 71 loin,
477 416 301 76 lorsqu'ils
794 415 384 58 concluaient
1197 419 73 56 de
1287 417 58 58 là
1363 420 36 55 à
1414 420 300 62 l'absence
1733 428 71 55 de
1822 433 171 54 toute
2011 433 285 58 émotion.

242 506 243 57 Comme
506 508 139 50 tous
662 500 85 57 les
766 499 342 72 musiciens,
1129 500 276 58 Rameau
1425 522 36 36 a
1480 510 343 55 commencé
1842 529 109 54 par
1970 516 333 70 apprendre

165 590 59 59 la
249 585 361 78 grammaire
639 583 74 58 de
741 602 109 38 son
878 588 96 50 art
1005 602 11 35 :
1046 602 81 36 on
1153 581 87 59 lui
1268 603 37 38 a
1333 585 278 75 enseigné
1639 589 54 57 le
1721 609 142 40 nom
1893 595 103 56 des
2023 602 191 66 notes,
2243 599 60 56 la

168 669 350 62 distinction
558 669 104 57 des
700 666 211 56 modes
948 670 61 52 et
1051 665 104 56 des
1194 670 160 67 tons,
1392 666 56 58 le
1485 669 291 77 chiffrage
1815 678 103 54 des
1956 682 245 55 accords
2241 685 59 52 et

167 757 124 55 leur
323 749 240 76 emploi.
599 749 151 57 Mais
781 748 44 56 il
854 765 76 39 ne
962 765 61 39 se
1054 746 266 59 satisfait
1352 768 110 55 pas
1495 753 102 56 des
1628 757 312 74 préceptes
1970 767 60 50 et
2049 762 103 55 des
2166 781 101 56 pro-

167 838 171 57 cédés
367 835 186 74 qu'on
581 833 85 57 lui
695 837 258 53 montre.
985 830 161 56 C'est
1174 830 54 57 le
1256 834 301 72 pourquoi
1587 837 102 73 qui
1717 838 328 76 l'inquiète.
2077 864 21 31 «
2128 844 140 74 Quel-

169 937 145 57 ques
347 919 243 72 progrès
624 937 118 54 que
774 915 61 57 la
866 911 280 75 musique
1162 911 89 59 ait
1286 914 152 57 faits
1465 915 249 76 jusques
1748 922 34 54 à
1815 942 170 53 nous,
2003 924 42 56 il
2077 927 223 56 semble

169 1022 115 55 que
313 1002 228 73 l'esprit
574 1021 36 37 a
638 1002 96 54 été
765 998 198 60 moins
992 995 249 59 curieux
1272 998 138 56 d'en
1439 1003 393 71 approfondir
1860 1005 85 58 les
1979 1008 323 58 véritables

168 1085 316 79 principes,
544 1085 35 55 à
635 1101 234 39 mesure
926 1099 117 55 que
1100 1079 245 59 l'oreille
1400 1088 93 51 est
1550 1085 270 59 devenue
1875 1089 251 60 sensible
2183 1108 121 40 aux

169 1168 388 61 merveilleux
601 1167 178 56 effets
823 1167 75 57 de
943 1169 96 51 cet
1085 1167 96 52 art
1211 1185 14 49 ;
1273 1164 74 56 de
1391 1171 161 52 sorte
1597 1168 185 72 qu'on
1827 1178 146 66 peut
2018 1173 124 57 dire
2187 1192 116 55 que

171 1254 55 56 la
254 1251 200 57 raison
482 1270 42 54 y
553 1268 35 37 a
630 1251 192 72 perdu
874 1248 74 56 de
978 1263 93 40 ses
1100 1245 212 72 droits,
1341 1248 205 57 tandis
1564 1268 117 55 que
1696 1251 392 74 l'expérience
2103 1254 93 73 s'y
2213 1259 90 53 est

172 1333 241 75 acquise
461 1333 261 74 quelque
771 1328 314 60 autorité»
1137 1331 109 68 (i).
1296 1329 160 57 C'est
1503 1331 59 55 là
1608 1351 84 37 un
1740 1332 282 61 désordre
2049 1337 147 74 qu'il
2229 1355 75 37 ne

171 1422 146 72 peut
341 1416 245 58 souffrir
615 1437 10 35 :
652 1414 42 56 il
718 1417 262 71 dépense
1001 1431 85 38 un
1110 1411 184 58 effort
1312 1418 62 52 et
1390 1432 85 37 un
1493 1413 120 56 zèle
1630 1413 377 76 incroyables
2023 1419 35 55 à
2074 1418 233 57 réduire

173 1505 217 54 autant
409 1498 149 76 qu'il
601 1517 62 38 se
706 1515 223 57 pourra
971 1494 59 58 la
1046 1501 141 67 part
1204 1497 75 55 de
1321 1494 414 74 l'expérience,
1753 1516 150 55 pour
1926 1498 147 57 faire
2101 1502 206 70 régner

174 1585 149 58 dans
367 1583 60 57 la
474 1581 278 75 musique
799 1578 226 60 entière
1071 1578 221 59 l'ordre
1339 1583 62 52 et
1447 1578 60 57 la
1552 1578 187 57 clarté
1788 1582 72 55 de
1882 1581 59 56 la
1964 1582 344 74 géométrie.

173 1689 22 31 «
220 1667 88 56 La
333 1663 279 77 musique
639 1670 92 50 est
757 1681 120 41 une
905 1661 231 57 science
1164 1661 105 75 qui
1298 1659 130 59 doit
1456 1659 170 58 avoir
1654 1662 103 56 des
1785 1663 186 73 règles
1998 1662 311 71 certaines;

174 1769 94 39 ces
300 1750 187 73 règles
522 1747 250 59 doivent
807 1748 126 55 être
964 1745 181 58 tirées
1179 1746 147 57 d'un
1359 1742 271 76 principe
1661 1743 266 71 évident,
1962 1751 60 51 et
2055 1765 65 37 ce
2152 1745 128 73 prin-

176 1832 128 75 cipe
334 1850 78 38 ne
441 1837 149 68 peut
624 1832 178 73 guère
835 1847 155 39 nous
1024 1830 126 56 être
1183 1846 200 40 connu
1416 1844 141 39 sans
1588 1826 54 57 le
1675 1845 237 38 secours
1946 1830 104 54 des
2082 1827 194 56 mathé-

176 1915 322 75 matiques.
540 1912 180 57 Aussi
761 1911 217 74 dois-je
1020 1929 229 39 avouer
1289 1927 120 56 que
1448 1908 377 56 nonobstant
1867 1915 173 51 toute
2092 1907 191 74 l'expé-

176 2001 193 56 rience
411 2016 116 55 que
567 1996 59 74 je
666 1995 259 76 pouvais
990 1995 216 56 m'être
1246 1992 244 75 acquise
1532 1992 152 56 dans
1724 1992 59 55 la
1823 1991 297 74 musique,
2161 2009 152 54 pour

177 2081 211 59 l'avoir
423 2080 318 75 pratiquée
775 2079 274 75 pendant
1085 2096 119 38 une
1241 2095 165 38 assez
1441 2075 218 73 longue
1696 2074 155 57 suite
1889 2075 72 56 de
1997 2080 218 66 temps,
2252 2091 65 37 ce

177 2166 154 56 n'est
360 2165 343 71 cependant
732 2181 118 55 que
878 2179 112 56 par
1016 2160 56 57 le
1101 2176 240 41 secours
1372 2156 104 60 des
1504 2157 513 73 mathématiques
2048 2175 115 53 que
2192 2171 125 40 mes

178 2248 159 58 idées
370 2265 62 37 se
465 2251 139 52 sont
638 2244 416 71 débrouillées,
1089 2248 63 53 et
1185 2260 120 57 que
1335 2241 61 57 la
1428 2240 249 58 lumière
1708 2258 42 54 y
1783 2258 36 36 a
1851 2239 249 55 succédé
2134 2239 34 54 à
2200 2255 117 38 une

179 2330 262 57 certaine
468 2328 324 71 obscurité,
821 2328 151 55 dont
996 2326 60 75 je
1081 2344 75 38 ne
1181 2322 437 77 m'apercevais
1644 2340 109 55 pas
1771 2325 398 70 auparavant.
2191 2341 22 30 »
2233 2321 80 67 (2)

295 2415 159 56 C'est
489 2432 75 38 en
597 2430 97 40 ces
728 2416 225 52 termes
986 2429 118 56 que
1141 2411 275 55 Rameau
1452 2408 143 55 s'est
1631 2406 254 56 d'abord
1918 2405 142 72 posé
2093 2402 55 56 le
2181 2420 102 55 pro-

179 2496 214 72 blème,
431 2500 61 52 et
529 2495 150 75 qu'il
713 2495 81 55 l'a
830 2493 198 57 résolu
1062 2510 112 58 par
1208 2491 56 57 le
1300 2491 265 74 système
1602 2488 218 73 exposé
1858 2489 149 53 dans
2044 2503 106 38 son
2186 2502 98 54 pre-

181 2580 144 56 mier
369 2597 285 56 ouvrage,
701 2576 106 75 qui
850 2582 185 69 parut
1080 2594 76 38 en
1203 2589 169 59 1722.
1420 2574 98 56 On
1560 2569 131 58 voit
1738 2589 138 53 que,
1921 2573 135 52 tout
2083 2584 231 38 comme

182 2664 307 70 Decartes,
522 2664 332 69 Mersenne,
887 2656 251 61 Leibniz
1190 2678 79 37 ou
1303 2656 206 70 Euler,
1538 2654 43 55 il
1611 2672 73 37 ne
1703 2658 124 51 met
1844 2669 110 56 pas
1970 2669 83 37 un
2082 2649 231 54 instant

183 2764 70 38 en
320 2747 186 55 doute
558 2744 56 56 le
665 2743 184 57 vieux
902 2744 218 74 dogme
1174 2743 104 54 des
1331 2734 497 79 Pythagoriciens
1857 2756 9 33 :
1922 2733 57 56 la
2039 2728 274 73 musique

183 2829 224 56 entière
455 2827 128 58 doit
618 2828 124 57 être
776 2825 235 59 réduite
1060 2827 35 54 à
1123 2842 119 39 une
1277 2819 418 60 combinaison
1731 2818 73 54 de
1842 2814 279 58 nombres
2150 2833 13 48 ;
2201 2810 109 56 elle

184 2917 88 52 est
303 2909 477 75 l'arithmétique
813 2910 81 56 du
926 2929 130 50 son,
1089 2924 235 40 comme
1353 2902 296 74 l'optique
1679 2905 90 51 est
1800 2899 58 55 la
1889 2893 320 77 géométrie
2242 2893 72 54 de

184 2996 56 55 la
268 2996 247 57 lumière
544 3016 14 49 ;
590 2999 61 51 et
681 2992 43 58 il
752 3012 76 37 ne
859 2993 251 56 cherche
1142 3008 109 56 pas
1282 2993 174 53 autre
1486 2987 177 54 chose
1695 3001 115 54 que
1843 2982 71 53 de
1943 2979 59 55 la
2032 2982 284 49 remettre

186 3098 75 40 au
292 3098 148 55 rang
472 3096 118 57 que
620 3077 85 56 lui
738 3076 308 74 assignent
1077 3074 87 56 les
1195 3077 252 53 savants
1481 3069 80 56 du
1594 3083 219 56 moyen
1847 3065 126 70 âge,
2007 3058 193 76 parmi
2234 3056 82 56 les

186 3163 255 57 sciences
494 3161 534 72 mathématiques.
1087 3156 155 57 Rien
1298 3156 74 55 de
1425 3168 282 40 nouveau
1763 3147 149 56 dans
1966 3149 159 50 cette
2178 3159 104 37 con-

186 3246 259 75 ception;
482 3244 152 59 mais
671 3261 154 58 pour
864 3242 225 58 arriver
1128 3258 79 39 au
1244 3241 114 54 but
1397 3234 150 78 qu'il
1584 3251 61 38 se
1682 3247 277 58 propose,
1997 3227 42 54 il
2077 3223 119 58 suit
2233 3241 83 38 un

187 3330 232 57 chemin
474 3330 150 73 qu'il
677 3330 144 55 s'est
878 3328 165 56 tracé
1099 3322 333 69 lui-même,
1488 3323 60 51 et
1603 3318 81 55 où
1739 3319 171 51 toute
1965 3310 20 54 1
2009 3304 308 61 harmonie

184 3415 281 54 moderne
497 3431 35 38 a
560 3413 174 73 passé
767 3412 173 72 après
971 3408 102 57 lui.
1949 3476 10 8 .
2154 3471 9 10 .
2272 3467 11 11 .

298 3495 203 58 L'idée
539 3493 270 73 féconde,
849 3495 96 56 fut
985 3495 73 54 de
1095 3490 194 74 partir
1327 3488 82 56 du
1446 3481 376 78 phénomène
1860 3476 104 76 qui
1999 3471 318 77 paraissait

306 3620 63 50 (i)
498 3619 149 41 Traité
840 3620 51 38 de
993 3617 262 41 l'harmonie
1565 3615 168 41 réduite
1947 3615 28 40 à
2050 3625 79 28 son
2257 3611 61 54 pri
1711 3601 166 52 (1722),
1904 3598 194 54 préface,
2128 3605 20 41 3
2191 3605 29 40 P
2224 3604 27 25 a
2253 3622 24 20 o
2281 3601 24 27 e
2308 3618 10 11 *

306 3683 64 48 („}
502 3683 146 39 Traité
842 3684 50 38 de
949 3680 133 48 l'harmonie,
1083 3679 108 54 préface,
1192 3686 14 41 5
1207 3683 37 19 e
1245 3685 123 45 page.

2107 3768 21 38 3
