2852 4280
1067 259 177 38 FRANZ
1277 264 155 36 LISTZ

2309 337 0 0 1163

299 430 24 31 «
346 408 142 56 Mon
532 405 125 58 ami
684 407 12 57 1
747 425 76 39 ne
870 423 98 41 me
1015 408 234 60 refusez
1294 431 113 56 pas
1452 433 67 42 ce
1565 421 230 59 service
1820 426 13 57 !
1885 445 152 42 vous
2083 450 233 55 pouvez

195 491 332 62 facilement
560 488 154 58 faire
746 489 61 56 la
840 489 406 76 commission,
1283 513 104 41 car
1419 506 221 56 autant
1674 525 118 54 que
1825 508 60 74 je
1918 529 97 40 me
2049 518 269 72 rappelle

195 592 142 42 vous
366 571 188 58 aimez
582 572 86 57 les
695 572 185 58 belles
908 572 273 61 toilettes
1211 582 61 51 et
1300 577 58 75 je
1387 579 123 60 suis
1537 587 136 57 sûre
1702 606 117 57 que
1847 609 152 42 vous
2028 596 288 61 choisirez

193 657 149 61 bien.
367 676 24 32 »

299 738 53 57 Il
384 756 37 39 a
452 736 152 58 fallu
637 756 118 55 que
786 738 61 75 je
879 738 89 60 lui
1000 739 147 59 cède
1181 747 61 51 et
1278 761 119 56 que
1442 746 61 75 je
1534 748 87 59 lui
1653 762 307 65 promette
1993 778 102 40 ma
2135 764 179 59 visite

191 837 146 66 pour
358 819 58 59 le
441 821 448 58 surlendemain
915 840 157 58 pour
1096 822 88 58 lui
1211 828 214 58 rendre
1453 839 243 68 compte
1724 837 73 57 de
1823 858 145 41 mon
1989 845 200 58 achat.
2211 851 84 56 Or

192 911 150 56 deux
375 902 213 57 heures
625 905 174 71 après
835 922 143 40 mon
1018 905 237 74 départ,
1275 910 110 56 elle
1420 913 201 58 rendit
1655 916 179 61 l'âme
1871 922 150 59 dans
2055 925 84 58 les
2173 930 141 57 bras

192 986 330 72 d'Adolphe
553 986 268 71 Ollivier,
851 988 55 56 le
935 988 154 56 frère
1119 991 181 56 cadet
1333 993 82 56 du
1443 999 194 68 grand
1667 999 307 77 historien,
2013 1009 103 71 qui
2147 1030 128 38 mon-

190 1068 110 63 tait
332 1068 139 56 chez
504 1068 112 58 elle
647 1073 139 53 tous
817 1070 85 57 les
932 1071 169 74 jours
1133 1089 155 56 pour
1319 1076 170 56 avoir
1520 1080 73 56 de
1623 1099 93 39 ses
1731 1087 327 59 nouvelles.
2109 1094 209 71 Quant

190 1159 33 54 à
256 1151 139 71 moi,
436 1156 190 67 ayant
667 1153 253 56 exécuté
958 1155 561 72 scrupuleusement
1546 1179 93 39 ses
1665 1166 225 73 ordres,
1928 1169 217 73 j'avais
2183 1176 107 55 l'in-

190 1235 227 59 tention
450 1235 74 56 de
553 1233 85 56 lui
667 1241 212 67 porter
906 1236 86 57 les
1025 1237 404 60 échantillons
1461 1244 104 56 des
1595 1247 174 58 robes
1800 1250 250 60 choisies
2083 1274 231 42 comme

190 1315 198 62 c'était
435 1333 299 57 convenu,
781 1317 212 75 quand
1039 1336 81 40 on
1166 1317 137 60 vint
1350 1322 427 77 m'apprendre
1824 1335 62 53 et
1932 1352 69 39 sa
2046 1344 159 51 mort
2246 1345 68 51 et

188 1419 102 41 son
314 1404 429 70 enterrement,
770 1402 230 58 devant
1025 1402 177 59 avoir
1222 1402 122 60 lieu
1368 1406 152 57 dans
1542 1409 61 57 la
1625 1413 263 58 matinée
1913 1416 81 58 du
2018 1434 33 57 7
2078 1420 235 59 février.

190 1482 265 77 Quoique
482 1481 16 73 j
511 1501 30 39 e
569 1480 163 61 fusse
760 1485 468 71 profondément
1260 1486 206 75 affligé
1495 1490 37 55 à
1560 1510 178 40 cause
1768 1496 73 56 de
1867 1498 60 56 la
1957 1499 359 74 disparition

190 1568 67 57 de
281 1571 159 50 cette
466 1564 296 59 véritable
788 1569 178 71 amie,
991 1569 58 72 je
1073 1570 324 57 m'abstins
1427 1574 307 58 d'assister
1759 1578 35 56 à
1818 1595 109 40 son
1954 1584 235 70 convoi,
2216 1602 101 39 car

187 1649 234 73 jusqu'à
450 1648 60 55 la
543 1655 162 51 mort
737 1649 74 57 de
846 1669 145 38 mon
1043 1653 142 72 père
1223 1651 223 74 j'avais
1491 1673 118 39 une
1650 1661 281 56 aversion
1990 1663 326 59 invincible

188 1736 200 50 contre
424 1730 87 57 les
549 1731 368 59 funérailles.

1947 1792 6 12 (

295 1814 93 54 En
404 1814 201 57 raison
623 1816 75 56 de
718 1815 455 76 l'insignifiance
1190 1827 334 64 apparente
1557 1823 73 56 de
1660 1823 59 56 la
1750 1825 280 73 maladie,
2059 1828 85 57 les
2175 1828 115 61 Olli-

186 1894 119 57 vier
322 1913 72 38 ne
412 1896 324 58 voulurent
757 1915 111 56 pas
884 1898 301 73 inquiéter
1207 1900 387 60 inutilement
1613 1904 54 56 le
1689 1927 22 29 «
1739 1907 85 55 roi
1852 1909 103 55 des
1978 1908 289 72 pianistes
2294 1932 23 30 »

191 1976 245 58 D'autre
461 1984 163 67 part,
649 1979 61 56 la
734 1985 160 51 mort
922 1982 244 55 deMme
1193 1983 165 56 Liszt
1386 1983 89 57 fui
1500 1985 50 56 si
1575 1988 293 57 soudaine
1895 1990 149 73 qu'il
2070 2011 73 37 ne
2169 2011 111 54 pou-

187 2059 126 56 vait
355 2077 110 56 pas
516 2060 226 59 arriver
786 2064 36 55 à
865 2068 201 70 temps
1109 2083 156 55 pour
1306 2065 475 61 l'enterrement.
1828 2070 171 66 Mais,
2023 2074 293 74 quelques

186 2140 157 73 jours
366 2143 196 72 après,
579 2143 58 72 je
665 2144 96 56 fus
790 2147 271 71 prévenu
1090 2147 150 75 qu'il
1269 2149 152 56 était
1452 2150 35 55 à
1517 2150 191 73 Paris,
1725 2150 240 59 installé
1995 2157 150 54 dans
2166 2157 120 73 l'ap-

186 2228 339 67 partement
560 2227 74 56 de
667 2243 67 38 sa
766 2229 161 55 mère
960 2234 63 50 et
1059 2229 150 74 qu'il
1242 2230 183 58 serait
1460 2234 299 56 enchanté
1795 2236 72 55 de
1899 2253 96 38 me
2028 2238 284 57 recevoir.

187 2305 160 55 Dans
371 2324 95 39 ces
492 2308 343 57 conditions
858 2317 175 51 notre
1058 2317 294 53 entrevue
1374 2332 75 38 ne
1475 2316 256 71 pouvait
1758 2317 126 56 être
1909 2336 117 56 que
2051 2321 104 55 des
2178 2318 135 75 plus

187 2388 300 57 cordiales.
518 2392 83 56 Le
629 2393 284 56 souvenir
941 2396 73 54 de
1042 2393 59 57 la
1128 2397 174 56 chère
1333 2397 251 57 défunte
1612 2416 152 39 nous
1791 2402 338 72 rapprocha
2155 2399 127 77 rapi-

188 2469 234 57 dement
452 2477 61 49 et
543 2472 58 73 je
630 2473 55 56 le
714 2476 215 72 voyais
958 2495 258 54 presque
1245 2483 140 51 tous
1415 2478 85 57 les
1529 2481 244 56 matins.
1806 2482 170 56 Nous
2004 2483 172 56 fîmes
2206 2486 104 54 des

186 2568 230 40 courses
444 2556 303 57 ensemble
775 2578 14 50 ;
822 2563 60 50 et
912 2557 94 57 s'il
1033 2564 173 68 reçut
1233 2580 119 37 une
1380 2561 330 57 invitation
1740 2564 74 55 de
1842 2562 258 75 quelque
2128 2564 145 56 musi-

186 2632 124 57 cien
346 2636 274 57 désireux
657 2639 74 55 de
765 2657 62 37 se
863 2641 148 56 faire
1047 2643 291 56 entendre
1374 2661 110 55 par
1518 2667 22 28 «
1565 2644 201 56 l'abbé
1801 2644 164 56 Liszt
1990 2667 22 30 »
2048 2644 40 56 il
2121 2647 151 56 m'en-

184 2732 169 39 mena
383 2735 148 40 avec
560 2718 103 57 lui.
687 2722 78 56 Ce
797 2722 95 56 fut
924 2722 153 57 ainsi
1108 2742 118 55 que
1255 2724 328 74 j'entendis
1617 2727 177 56 César
1813 2728 202 55 Frank
2045 2732 61 51 et
2136 2727 139 56 Lefè-

184 2797 361 76 bure-Wély,
587 2801 85 57 les
714 2804 160 58 deux
915 2806 336 72 organistes
1291 2807 85 57 les
1416 2808 136 73 plus
1593 2811 335 54 renommés
1970 2808 238 57 d'alors.
2251 2811 54 54 A

184 2879 125 56 vrai
341 2882 147 71 dire,
521 2883 72 56 ils
625 2904 75 38 ne
733 2905 154 38 nous
917 2888 244 73 plurent
1193 2890 65 55 ni
1289 2891 149 70 l'un,
1458 2891 61 54 ni
1557 2890 239 72 l'autre,
1824 2911 83 36 vu
1938 2891 61 56 la
2028 2891 276 57 subtilité

187 2959 75 56 du
280 2963 255 71 premier
568 2971 61 53 et
648 2965 320 60 l'afféterie
990 2972 82 56 du
1091 2973 244 69 second,
1357 2991 118 54 peu
1496 2991 73 37 en
1589 2978 252 67 rapport
1862 2990 147 38 avec
2028 2973 55 55 le
2103 2990 169 39 carac-

184 3043 120 56 tère
352 3047 316 71 grandiose
719 3051 74 57 de
841 3051 130 57 leur
1019 3052 388 59 instrument.
1461 3055 164 56 Liszt
1675 3055 150 56 était
1877 3074 78 37 au
2006 3055 298 57 contraire

186 3127 287 58 enchanté
502 3132 81 55 du
609 3131 100 72 jeu
738 3135 73 56 de
837 3136 313 57 Théodore
1179 3137 203 56 Ritter
1410 3138 151 56 dans
1587 3156 82 37 un
1696 3144 279 49 concerto
2011 3138 72 56 de
2110 3138 145 55 Hum-

184 3208 130 71 mel,
334 3212 248 56 exécuté
614 3216 142 55 chez
790 3219 360 73 Pasdeloup.
1173 3220 99 56 Un
1303 3220 139 70 soir,
1472 3219 43 55 il
1546 3238 95 38 me
1673 3221 203 56 donna
1907 3220 396 56 rendez-vous

184 3288 136 58 chez
338 3291 53 57 le
409 3292 206 74 prince
633 3297 344 59 Alexandre
997 3300 404 75 Czartorisky.
1427 3301 52 56 Il
1498 3304 128 71 m'y
1642 3304 286 71 présenta
1948 3302 35 54 à
2002 3304 156 53 Mme
2178 3301 126 56 Mer

186 3373 524 77 cy-d'Argenteau,
751 3400 117 37 une
888 3384 103 55 des
1006 3384 431 72 professionnel
1463 3389 202 68 beauty
1697 3386 83 55 du
1818 3385 222 54 second
2078 3381 224 74 empire

186 3457 57 51 et
270 3455 34 54 à
327 3457 78 55 M.
435 3459 194 57 Emile
657 3461 265 58 Ollivier.
952 3466 91 55 De
1068 3484 144 37 mon
1239 3466 154 69 côté,
1421 3465 59 72 je
1504 3465 284 57 l'amenai
1815 3466 151 56 dans
1992 3465 58 54 la
2074 3464 226 55 famille

187 3533 70 58 de
271 3555 140 39 mon
428 3541 121 55 ami
565 3542 219 59 Michel
802 3546 631 75 d'Asantchewsky,le
1451 3549 406 72 compositeur
1874 3547 426 70 russe,devenu

186 3616 131 72 plus
355 3624 138 56 tard
534 3625 301 58 directeur
875 3630 82 55 du
997 3630 447 56 conservatoire
1485 3631 74 55 de
1599 3629 619 70 Saint-Pétersbourg.
