2852 4280
975 335 243 35 RICHARD
1256 336 241 37 STRAUSS

2164 345 128 51 1123

189 498 118 38 une
339 479 205 72 espèce
578 477 72 56 de
684 472 429 57 commentaire
1148 472 249 59 continu
1430 476 148 55 dans
1611 475 103 57 des
1745 480 171 52 notes
1949 495 78 38 au
2057 479 107 55 bas
2198 484 102 54 des

190 579 201 56 pages,
417 576 122 38 non
564 574 116 38 une
706 553 266 58 création
997 553 276 56 nouvelle
1300 553 149 56 dans
1473 572 84 37 un
1581 559 173 52 autre
1776 560 113 52 art.
1917 557 88 56 La
2029 560 272 73 musique

191 642 185 57 essaie
415 640 362 72 d'exprimer
811 636 258 72 quelque
1107 636 177 55 chose
1322 635 104 73 qui
1463 635 251 58 n'existe
1751 655 109 55 pas
1896 658 75 36 en
2006 640 106 70 soi,
2152 642 148 57 mais

194 727 149 55 dans
368 726 85 55 les
481 727 159 51 mots
670 720 80 57 du
778 724 191 66 texte;
997 717 108 57 elle
1131 736 75 37 ne
1235 722 343 68 transporte
1605 719 215 72 jamais
1848 739 90 38 ses
1966 727 158 51 mots
2154 724 147 58 dans

194 807 72 58 de
294 805 304 57 nouvelles
626 801 251 75 régions,
909 800 152 57 ainsi
1089 818 116 54 que
1233 799 60 55 la
1322 800 273 75 musique
1623 820 75 38 en
1726 807 90 51 est
1845 804 265 73 capable.
2143 805 127 57 L'in-

191 887 286 75 géniosité
509 904 143 39 avec
683 881 254 75 laquelle
969 899 95 37 ces
1093 881 288 56 éléments
1409 886 139 52 sont
1578 882 250 59 associés
1858 890 90 51 est
1977 887 323 58 semblable

194 973 37 54 à
259 971 139 55 celle
430 988 114 53 que
576 967 256 72 dépense
861 983 84 38 un
975 961 241 75 policier
1247 964 72 56 de
1348 981 214 39 roman
1592 965 35 55 à
1654 984 219 55 propos
1903 969 73 54 de
2005 985 107 38 son
2141 988 120 37 com-

193 1053 148 73 plot.
376 1054 111 54 Les
519 1049 206 57 motifs
755 1051 137 51 sont
924 1045 172 56 tissés
1127 1063 149 38 avec
1305 1045 55 56 le
1390 1045 135 74 plus
1555 1049 190 71 grand
1773 1049 129 54 soin
1928 1070 13 49 ;
1975 1047 68 56 ils
2075 1050 193 56 revien-

194 1139 165 66 nent,
407 1152 61 36 se
515 1131 276 70 croisent,
839 1134 139 51 sont
1025 1127 325 70 combinés,
1397 1127 203 72 brisés,
1649 1130 243 70 exaltés,
1941 1131 360 59 deviennent

194 1218 55 54 le
274 1215 235 74 sanglot
537 1215 101 55 des
663 1228 243 57 vagues,
933 1229 79 37 ou
1036 1209 55 54 le
1116 1227 109 38 son
1252 1210 101 55 des
1380 1209 230 56 cloches
1638 1209 72 57 de
1734 1210 279 74 mariage,
2038 1213 70 55 ils
2135 1214 131 71 ajou-

194 1303 131 53 tent
364 1300 100 55 des
500 1295 297 73 italiques,
837 1295 101 55 des
975 1291 359 73 majuscules
1371 1293 36 53 à
1442 1295 136 52 tous
1613 1293 83 55 les
1731 1293 200 72 points
1968 1295 79 55 du
2082 1300 176 51 conte
2282 1317 16 51 ;

195 1381 52 56 le
287 1384 148 53 tissu
473 1383 89 51 est
602 1376 246 58 emmêlé
886 1380 61 51 et
985 1375 231 71 chaque
1254 1373 197 55 maille
1488 1373 154 57 tient
1677 1375 201 56 ferme.
1920 1375 147 56 Mais
2104 1378 194 71 qu'est

195 1464 52 56 le
280 1463 87 71 suj
379 1467 59 50 et
471 1460 302 55 lui-même
804 1464 22 51 ?
862 1455 220 70 Gentil,
1115 1455 266 73 vulgaire
1413 1460 61 51 et
1505 1455 519 73 impressionnant,
2057 1463 61 48 et
2151 1459 147 53 dans

197 1544 382 74 l'expression
602 1542 298 55 l'élément
927 1540 143 56 d'un
1093 1538 132 56 fait.
1252 1539 112 53 Les
1385 1542 173 50 notes
1581 1555 73 37 ne
1676 1536 207 56 vivent
1907 1555 107 55 pas
2038 1539 262 55 chacune

198 1629 71 56 de
298 1628 128 53 leur
457 1625 94 56 vie
581 1622 386 58 individuelle
994 1643 14 48 ;
1042 1620 137 55 elles
1210 1623 109 52 ont
1350 1619 96 55 été
1478 1620 397 54 coordonnées
1906 1635 74 37 en
2009 1637 115 37 vue
2157 1620 144 54 d'un

198 1708 247 68 dessein,
490 1723 230 39 comme
762 1722 152 54 pour
956 1718 433 57 accompagner
1430 1718 117 37 une
1587 1699 142 56 voix
1771 1699 103 74 qui
1915 1700 164 71 parle
2119 1704 60 51 et
2220 1700 82 56 les

195 1797 156 51 mots
384 1790 144 56 d'un
556 1790 229 72 poème.

312 1874 94 55 En
435 1869 275 74 musique
739 1870 239 56 Strauss
1006 1868 100 56 n'a
1133 1884 109 55 pas
1272 1865 222 56 d'idées
1522 1864 106 72 qui
1661 1863 192 56 soient
1883 1864 102 55 des
2013 1862 293 73 principes

200 1957 475 56 fondamentaux
713 1953 78 71 (je
825 1969 160 39 veux
1021 1948 123 57 dire
1181 1949 72 55 de
1287 1947 253 73 grandes
1574 1945 159 56 idées
1769 1963 76 36 au
1879 1943 170 73 point
2086 1944 71 56 de
2190 1962 117 37 vue

199 2037 265 68 musical,
506 2053 74 37 en
621 2036 212 54 dehors
875 2032 72 57 de
985 2032 127 56 leur
1150 2032 209 71 portée
1395 2047 154 55 pour
1586 2025 414 74 l'intelligence
2039 2030 59 51 et
2138 2027 73 56 de
2248 2027 59 54 la

199 2121 206 54 valeur
445 2117 243 72 qu'elles
729 2119 108 52 ont
881 2116 81 54 du
1003 2113 173 72 point
1220 2113 71 55 de
1333 2130 118 36 vue
1491 2127 122 38 non
1654 2108 268 70 musical)
1968 2113 60 50 et
2068 2105 42 56 il
2150 2107 157 56 force

199 2199 323 58 l'intensité
567 2201 70 54 de
679 2216 108 38 son
829 2194 343 75 expression
1215 2196 36 53 à
1291 2211 176 39 cause
1510 2193 72 56 de
1624 2210 108 36 son
1774 2208 259 54 manque
2074 2188 233 57 naturel

200 2281 417 75 d'inspiration
660 2279 300 56 musicale.
1007 2278 217 56 Elevez
1268 2278 134 55 zéro
1446 2276 36 54 à
1524 2274 58 56 la
1623 2272 311 57 neuvième
1977 2270 329 74 puissance,

198 2385 73 38 en
299 2363 324 71 définitive,
650 2380 150 38 vous
826 2363 251 54 obtenez
1102 2361 133 54 zéro
1362 2362 60 52 et
1449 2358 238 56 Strauss
1715 2353 155 57 bâtit
1896 2371 145 38 avec
2067 2354 71 55 de
2154 2352 153 57 l'eau

200 2451 60 52 et
297 2446 112 56 fait
448 2447 80 55 du
565 2444 141 73 pain
744 2461 145 38 avec
929 2443 71 56 de
1037 2442 59 56 la
1131 2439 320 74 poussière.
1494 2438 124 55 Tod
1653 2437 122 56 und
1818 2436 366 71 Verklàrung
2220 2438 90 51 est

200 2549 84 38 un
316 2533 170 52 vaste
522 2528 496 70 développement
1052 2541 135 39 vers
1220 2522 257 74 quelque
1520 2522 174 55 chose
1728 2517 103 74 qui
1863 2536 73 37 ne
1975 2517 166 56 vient
2179 2532 131 56 pas,

203 2612 58 55 la
292 2612 386 73 préparation
712 2610 144 55 d'un
889 2607 200 56 milieu
1122 2625 79 37 ou
1235 2622 196 38 aucun
1464 2607 251 52 contour
1747 2597 188 75 précis
1967 2616 74 37 ne
2071 2601 145 67 peut
2248 2613 62 37 se

204 2692 349 71 distinguer,
614 2709 84 36 un
739 2691 235 54 théâtre
1014 2690 79 54 où
1134 2687 58 56 la
1233 2686 95 56 vie
1369 2704 76 36 ne
1484 2688 145 68 peut
1671 2687 197 50 entrer
1893 2702 14 47 ;
1949 2679 53 55 le
2042 2678 267 55 créateur

202 2775 100 54 n'a
340 2791 107 55 pas
487 2775 93 53 été
621 2772 246 73 capable
908 2770 291 58 d'animer
1238 2787 65 37 ce
1342 2768 217 55 monde
1600 2765 81 55 du
1719 2762 209 56 souffle
1968 2761 71 54 de
2077 2759 58 55 la
2173 2757 94 57 vie
2291 2777 18 51 ;

204 2861 200 51 toutes
431 2856 83 56 les
544 2855 268 56 couleurs
843 2856 71 55 de
943 2852 346 57 l'orchestre
1318 2848 336 74 employées
1684 2861 228 39 comme
1940 2858 116 39 une
2084 2839 226 73 palette

203 2956 150 38 nous
386 2939 383 72 submergent
805 2939 72 54 de
910 2936 156 56 leurs
1101 2950 245 57 propres
1381 2931 244 56 ardeurs
1657 2932 61 51 et
1755 2927 70 55 de
1858 2925 155 55 leurs
2047 2937 220 56 vagues
2295 2941 12 33 :

203 3040 79 38 on
321 3021 182 56 dirait
542 3039 116 37 une
699 3020 328 56 avalanche
1069 3019 177 55 d'eau
1285 3013 103 74 qui
1427 3031 61 38 se
1529 3008 303 77 précipite,
1875 3005 148 55 mais
2062 3006 139 53 hors
2240 3003 71 55 de

207 3107 156 51 cette
406 3120 123 38 mer
572 3102 314 55 démontée
928 3101 70 71 çà
1039 3105 60 49 et
1140 3099 59 54 là
1238 3115 118 38 une
1397 3110 227 58 pauvre
1663 3088 190 75 petite
1893 3085 252 57 mélodie
2184 3083 128 55 lève

207 3185 59 56 la
302 3185 124 56 tête
462 3189 60 50 et
558 3184 228 73 grimpe
824 3185 35 53 à
898 3181 157 57 demi
1092 3179 347 73 submergée
1473 3193 136 38 vers
1643 3191 83 37 un
1760 3172 150 55 bout
1949 3168 71 55 de
2056 3168 146 54 mât.
2241 3165 73 72 Je

210 3284 180 56 pense
420 3267 34 54 à
484 3270 135 52 tous
649 3266 83 55 les
760 3266 263 73 peintres
1052 3264 103 73 qui
1185 3266 108 52 ont
1324 3260 205 72 essayé
1560 3257 73 55 de
1662 3252 243 76 peindre
1934 3267 137 39 sans
2100 3247 212 69 dessin,

210 3354 60 51 et
301 3350 35 53 à
363 3353 136 50 tous
527 3347 84 56 les
637 3347 262 74 peintres
928 3346 103 74 qui
1060 3350 106 51 ont
1195 3344 207 72 essayé
1431 3341 71 56 de
1531 3336 259 58 dessiner
1821 3332 231 73 d'après
2080 3330 56 54 la
2164 3328 152 72 règle

212 3436 59 51 et
297 3431 58 55 la
379 3448 249 52 mesure,
656 3435 60 51 et
741 3430 57 72 je
824 3449 95 36 me
945 3426 261 75 rappelle
1232 3422 500 59 l'avertissement
1759 3417 71 56 de
1856 3415 187 56 Blake
2071 3435 10 33 :
2110 3433 22 29 «
2159 3407 158 59 Celui

212 3513 103 73 qui
345 3513 319 73 n'imagine
696 3530 108 56 pas
838 3514 71 54 de
941 3511 134 74 plus
1106 3510 150 56 foits
1287 3513 61 50 et
1380 3505 294 57 meilleurs
1705 3499 196 69 traits,
1933 3515 115 37 une
2077 3492 242 59 lumière

212 3595 133 74 plus
388 3595 154 55 forte
584 3600 61 50 et
691 3593 298 57 meilleure
1033 3610 116 55 que
1193 3589 143 57 celle
1379 3605 115 55 que
1538 3601 91 40 ses
1671 3599 159 57 yeux
1872 3575 345 76 périssables
2260 3577 60 50 et

210 3676 244 56 mortels
500 3683 265 67 peuvent
814 3676 148 70 voir,
1012 3671 322 74 n'imagine
1381 3669 126 56 rien
1557 3667 81 55 du
1684 3667 197 51 tout...
1933 3655 344 76 Supprimez
