2852 4280
848 340 422 52 JEAN-PHILIPPE
1310 337 226 38 RAMEAU

2261 385 0 0 1159

144 527 51 55 la
216 506 444 68 dernièremain
677 511 61 51 et
918 519 67 38 sa
1000 494 259 64 mélodie
1275 494 165 74 juste
1451 496 156 59 dans
1625 496 55 54 le
1698 498 269 54 moment
1985 511 119 55 que
2117 493 117 56 l'au-

146 616 123 47 teur
303 596 181 58 d'une
518 587 267 75 tragédie
820 604 39 53 y
895 587 124 53 met
1055 581 85 54 les
1174 578 199 56 rimes.
1402 578 266 73 Jusqu'à
1703 595 66 39 ce
1803 576 235 58 dernier
2070 574 193 74 point,

144 689 54 56 la
216 679 198 59 raison
433 694 37 37 a
489 690 139 41 sans
650 687 159 41 cesse
832 666 95 57 été
947 665 60 53 la
1028 677 332 56 compagne
1383 661 81 54 du
1486 660 348 69 sentiment,
1854 658 81 55 l'a
1954 658 311 73 piovoqué

147 761 260 69 d'abord,
448 756 135 75 puis
621 751 232 69 éclairé,
894 745 207 73 dirigé,
1143 741 287 71 contrôlé,
1470 742 244 72 corrigé.
1755 742 159 55 Tout
1953 740 53 57 le
2044 738 221 57 travail

147 870 32 37 a
249 846 94 55 été
410 836 331 79 prémédité
811 837 62 51 et
939 826 298 58 surveillé.
1309 823 107 58 S'il
1487 823 235 71 réussit,
1793 825 250 53 l'œuvre
2118 840 146 38 aura

147 947 108 43 une
315 922 221 61 beauté
600 916 305 76 régulière,
948 930 118 37 une
1108 907 243 57 chaleur
1393 912 315 64 contenue,
1751 925 84 37 un
1875 910 389 52 mouvement

148 1006 385 66 harmonieux
561 1025 13 50 ;
602 1006 138 54 tout
765 1018 41 54 y
832 1013 130 40 sera
989 991 244 70 achevé,
1261 988 236 74 poussé,
1526 988 225 70 décidé;
1780 1006 230 38 aucune
2037 987 230 68 ombre,

150 1110 220 45 aucune
412 1084 362 61 incertitude
804 1103 14 49 ;
861 1095 117 40 une
1021 1093 148 55 pure
1211 1072 269 69 lumière,
1524 1076 249 67 partout
1821 1071 320 71 répandue;
2184 1088 83 36 un

156 1175 279 76 équilibre
459 1169 343 68 stable,une
820 1160 387 74 dépendance
1233 1155 341 72 rigoureuse
1601 1154 73 54 de
1699 1156 201 51 toutes
1915 1152 84 55 les
2023 1151 246 72 parties,

150 1278 109 42 une
285 1254 237 61 solidité
551 1272 35 35 a
613 1250 302 71 l'epreuve
945 1242 104 56 des
1077 1239 222 56 siècles.

223 1342 154 57 C'est
412 1336 140 58 bien
586 1330 153 60 ainsi
772 1345 118 57 que
927 1326 274 54 Rameau
1235 1317 238 74 conçoit
1508 1317 58 56 la
1601 1316 293 71 musique.
1967 1314 301 72 Pourquoi

153 1428 145 56 donc
336 1422 85 55 les
461 1411 486 77 contemporains
986 1405 207 58 ont-ils
1234 1404 95 53 été
1370 1401 48 55 si
1458 1400 122 56 fort
1620 1399 252 56 étonnés
1901 1404 23 49 ?
1968 1396 301 73 Pourquoi

152 1505 264 61 n'ont-ils
451 1521 109 55 pas
595 1496 216 60 trouvé
847 1489 239 61 naturel
1121 1488 191 73 qu'un
1347 1481 290 59 musicien
1671 1482 133 54 vînt
1841 1480 126 56 leur
2002 1477 168 58 offrir
2204 1496 68 37 ce

153 1590 171 75 qu'ils
348 1584 336 75 exigeaient
715 1580 72 56 de
815 1579 156 55 leurs
998 1574 273 55 hommes
1300 1569 71 54 de
1399 1566 210 55 lettres
1638 1570 23 48 ?
1691 1564 42 54 C
1759 1568 89 50 est
1878 1564 39 53 d
1941 1561 190 56 aboid
2157 1578 116 52 que

155 1677 77 53 les
256 1676 201 53 autres
482 1663 436 75 compositeurs
942 1662 138 52 sont
1106 1653 123 57 loin
1257 1648 232 59 d'avoir
1515 1645 223 58 d'aussi
1764 1649 202 51 vastes
1994 1640 278 58 desseins.

157 1757 75 56 Ils
260 1754 127 56 s'en
417 1750 327 58 remettent
777 1747 35 53 à
842 1744 125 55 leur
1002 1736 270 68 instinct,
1304 1750 82 39 ou
1417 1733 34 53 à
1482 1730 127 56 leur
1639 1729 235 54 adresse
1919 1723 323 74 profession-

157 1837 144 60 nelle
329 1858 14 49 ;
374 1832 212 75 depuis
613 1830 53 56 le
698 1842 109 41 xvi
809 1839 23 24 e
858 1823 196 70 siècle,
1083 1820 43 55 il
1154 1837 75 38 ne
1258 1817 126 55 s'en
1414 1819 92 51 est
1535 1829 111 55 pas
1672 1808 314 57 rencontré
2015 1825 84 36 un
2151 1804 126 54 seul

157 1938 145 55 pour
335 1913 273 61 réfléchir
642 1908 465 77 profondément
1143 1919 100 38 sur
1277 1918 112 37 son
1423 1902 116 50 art.
1576 1891 179 58 Aussi
1790 1895 198 50 a-t-on
2021 1886 258 74 quelque

158 2003 166 71 peine
341 2002 35 53 à
393 1993 392 78 comprendre
802 2007 117 56 que
934 2007 66 37 ce
1037 1983 222 60 travail
1276 1982 75 55 de
1367 1984 174 51 notes
1558 1975 201 74 puisse
1775 1973 125 54 être
1916 1989 84 37 un
2016 1966 265 58 exercice

160 2088 68 55 de
265 2081 248 75 l'esprit.
543 2081 81 53 Et
665 2077 238 56 d'autre
941 2074 141 70 part
1121 2068 53 55 le
1216 2065 148 74 goût
1403 2058 318 73 classique,
1738 2054 107 75 qui
1883 2058 93 51 est
2015 2051 154 56 celui
2208 2049 74 56 de

161 2170 643 63 Rameau,commence
833 2157 34 53 à
892 2168 228 60 passer.
1139 2151 85 54 La
1251 2147 343 56 littérature
1618 2159 61 36 se
1705 2138 174 54 laisse
1902 2131 250 59 envahir
2173 2149 109 55 par

160 2251 49 57 le
243 2247 350 67 sentiment,
635 2243 148 56 dont
825 2241 313 53 Rousseau
1174 2237 64 51 et
1277 2228 256 57 Diderot
1571 2228 139 51 sont
1748 2220 87 56 les
1872 2218 263 72 apôtres,
2169 2214 85 55 lar-

161 2336 278 67 moyants
466 2332 62 52 et
555 2326 306 71 fougueux
887 2326 141 49 tour
1056 2317 36 54 à
1120 2321 139 49 tour
1287 2333 11 35 :
1331 2308 152 57 ainsi
1510 2303 332 75 s'explique
1870 2300 54 55 le
1950 2298 202 56 succès
2180 2295 104 56 des

162 2411 540 76 opéras-comiques
754 2403 240 59 italiens
1068 2397 104 75 qui
1224 2393 277 75 apaisent
1553 2393 161 52 cette
1766 2383 116 58 soif
1925 2382 359 56 d'émotions

162 2497 181 55 vives.
387 2495 88 54 La
514 2490 274 72 musique
829 2482 295 74 française
1163 2478 102 56 n'a
1304 2474 157 59 suivi
1501 2491 84 54 qu
1610 2472 36 53 à
1686 2468 290 56 distance.
2020 2464 78 54 Ce
2137 2478 83 55 qu
2244 2464 41 48 il

163 2577 188 57 fallait
383 2596 78 36 au
492 2589 136 42 xvn
631 2585 21 25 e
668 2570 194 68 siècle,
894 2565 273 73 Lullyl'a
1197 2559 141 56 bien
1367 2556 238 68 deviné,
1621 2551 173 68 mais,
1826 2563 151 59 pour
2008 2544 277 70 ménager

163 2680 89 38 ses
283 2660 308 57 auditeurs
622 2661 61 51 et
715 2655 287 54 s'assurer
1032 2650 84 54 du
1148 2643 223 69 succès,
1404 2641 43 54 il
1478 2639 127 55 s'en
1638 2634 154 56 tient
1825 2632 35 54 à
1892 2646 116 40 une
2034 2642 117 56 ma]
2161 2628 124 52 este

165 2763 131 50 nue,
339 2760 118 38 une
497 2735 321 77 simplicité
861 2726 449 63 rudimentaire.
1356 2725 90 54 La
1484 2717 276 71 musique
1802 2713 75 56 de
1916 2726 201 39 raison
2159 2711 126 49 doit

167 2827 33 54 à
236 2827 270 54 Rameau
543 2840 108 37 son
688 2819 417 64 achèvement,
1143 2829 67 38 sa
1246 2803 355 79 perfection.
1644 2798 51 55 Il
1732 2792 251 60 termine
2021 2792 36 52 à
2091 2803 193 57 peine,

167 2907 216 73 qu'une
434 2910 170 52 autre
654 2901 176 56 mode
878 2896 296 67 survient,
1221 2887 433 74 triomphante.
1708 2876 151 58 Mais
1922 2874 110 55 elle
2094 2885 189 57 passe.

167 2990 272 56 L'œuvre
471 2989 143 54 dure
644 3006 10 34 :
688 2985 108 55 elle
828 2986 89 51 est
975 2975 315 72 classique.

1646 3036 238 56 Louis
1931 3036 285 56 Laloy.
