3472 4407
1789 204 0 0 346

183 298 224 48 mittelter
452 299 301 63 Gegensätze;
802 298 97 48 der
948 295 315 51 trauernde
1311 296 237 47 Dichter
1595 295 108 48 und

183 376 164 46 seine
375 375 311 65 Stimmung
718 375 132 65 geht
889 374 108 48 ihm
1029 374 174 62 völlig
1235 373 254 48 darüber
1525 373 149 47 verlo-

179 450 168 65 ren*).
379 453 136 47 Diese
544 451 386 49 vorherrschende
950 451 299 62 Hinneigung
1279 450 83 47 auf
1383 449 79 48 das
1494 449 212 47 Einzelne

184 527 160 49 finden
370 529 82 45 wir
474 527 110 49 aber
607 529 113 47 auch
746 529 82 47 auf
849 527 123 49 seine
1001 526 262 65 geistlichen
1288 525 258 48 Tonwerke
1569 525 109 47 über-

183 613 189 55 tragen;
401 605 204 63 weniger
634 605 81 47 auf
738 606 121 46 seine
882 605 194 53 Messen,
1106 619 71 30 wo
1207 602 71 47 die
1299 602 113 47 Sitte
1440 602 148 47 seiner
1608 602 99 47 Zeit

186 681 87 47 und
321 682 147 47 zumal
512 684 143 45 seines
686 682 284 49 Wohnortes
1012 679 155 64 (Rom)
1210 680 70 48 ein
1322 686 258 57 strengeres
1609 680 63 48 An-

186 757 241 47 schliessen
459 774 57 32 an
546 757 70 49 die
644 757 321 49 vorhandenen
996 759 198 45 Formen
1224 755 270 57 erheischte,
1537 756 63 47 als
1630 756 81 47 auf

187 835 123 47 seine
343 835 301 65 Behandlung
681 836 223 48 einzelner
934 835 157 48 Theile
1132 834 80 47 der
1241 834 210 47 Psalmen
1494 832 90 49 und
1625 834 80 47 der

187 928 80 30 aus
297 911 135 47 ihnen
464 929 258 47 gezogenen
752 912 331 65 Responsorien
1123 910 89 48 und
1242 910 324 64 Antiphonien.

313 988 162 55 „Nicht
504 987 176 50 minder
709 990 230 53 berühmt,
981 988 63 47 als
1080 1004 64 38 er,
1188 1004 96 30 war
1317 987 108 47 Karl
1457 986 245 56 Gesualdo,

186 1065 137 47 Fürst
361 1081 82 32 von
483 1066 194 53 Venosa,
716 1066 63 47 als
821 1063 591 65 Madrigalen-Componist.
1468 1063 115 47 Eine
1622 1063 81 47 der

191 1141 477 49 hervorstechendsten
711 1142 527 65 Eigentümlichkeiten
1287 1141 81 47 der
1415 1141 287 63 Madrigalen

187 1217 142 48 dieses
357 1217 207 50 Meisters
596 1218 152 49 beteht
794 1220 42 47 in
879 1218 309 64 Anwendung
1230 1218 141 64 grell
1416 1218 255 47 missklin-

187 1293 217 65 gender
433 1296 529 57 Tonverhältnisse,
992 1296 170 47 deren
1188 1295 316 64 Auflösung
1531 1295 171 62 (wenn

187 1371 77 48 sie
311 1371 52 49 in
413 1372 583 65 Zusammenklängen
1054 1372 418 64 hervortreten)
1529 1371 172 48 durch

188 1458 448 47 unerwarteten,
667 1451 380 49 melodischen
1078 1449 374 56 Fortschritt,
1481 1457 135 41 statt
1642 1466 61 30 zu

1668 1504 4 10 t

188 1524 344 66 beruhigen,
575 1546 101 29 nur
719 1529 97 47 mit
864 1528 362 65 geschärfter
1270 1527 342 63 Ilerbigkeit
1654 1527 49 48 in

186 1602 91 49 das
320 1603 115 48 Ohr
475 1603 212 66 dringt;
732 1606 40 47 in
802 1604 473 64 Zusammenstellung
1313 1603 80 48 der
1431 1604 274 49 fremdesten

184 1679 459 66 Zusammenklänge,
666 1682 120 48 seien
809 1683 62 47 sie
894 1683 115 48 auch
1036 1681 354 55 wohllautende,
1415 1681 69 48 bei
1509 1682 197 47 welcher

189 1757 82 47 wir
300 1757 249 65 vergebens
577 1758 114 48 nach
722 1759 124 49 einer
874 1759 185 49 inneren
1085 1758 259 65 Beziehung
1373 1759 58 47 im
1457 1759 138 47 Sinne
1625 1757 81 48 der

186 1834 255 49 Harmonik
461 1834 132 65 jener
615 1837 96 47 Zeit
736 1837 223 56 forschen,
982 1837 43 48 in
1049 1836 175 48 reicher
1242 1836 306 64 Anwendung
1571 1836 106 48 chro-

186 1912 242 48 matischer
456 1914 145 55 Töne,
642 1914 71 49 die
752 1916 83 47 wir
871 1919 150 60 später
1050 1914 249 47 wiederum
1341 1922 132 39 unter
1503 1913 202 48 anderen

184 1989 196 56 Namen,
424 1990 44 46 in
507 1990 343 49 verschiedener
876 1990 262 65 Beziehung
1167 1990 256 64 gebraucht
1454 1990 153 49 finden

184 2065 107 49 alles
318 2067 365 63 Eigenschaften,
708 2069 171 48 welche
899 2068 137 48 deren
1054 2068 308 62 Ausführung
1384 2068 120 48 ohne
1525 2084 181 47 genaue

183 2143 340 66 Vorbereitung
553 2145 151 55 seinen
729 2145 307 50 Mitlebenden
1070 2147 83 48 fast
1183 2145 260 65 unmöglich
1476 2145 227 58 machten,

184 2219 186 50 diesen
410 2222 138 48 aber
589 2223 173 48 durch
794 2224 249 48 Neuheit
1081 2223 251 48 dennoch
1377 2224 161 47 einen
1570 2224 133 47 Reiz

183 2298 359 63 gewährten,
586 2299 99 50 der
725 2300 78 49 sie
846 2302 174 47 leicht
1059 2318 96 31 zur
1202 2300 500 65 Ueberschätzung

183 2375 387 66 verleitete**).
603 2378 157 48 Durch
786 2379 115 48 allen
925 2378 137 65 jenen
1087 2378 228 48 Aufwand
1340 2394 83 32 von
1448 2379 226 47 Kunstmit-

182 2453 87 47 teln
310 2453 130 47 sucht
469 2453 81 48 der
579 2455 201 57 Meister,
823 2457 144 63 gleich
1010 2457 101 47 dem
1143 2457 247 54 Marenzio,
1433 2455 70 49 die
1534 2457 168 47 Worte

182 2529 146 48 seiner
371 2530 189 49 Dichter
597 2549 52 31 zu
692 2534 168 57 malen,
899 2551 87 30 nur
1024 2534 101 48 dass
1166 2551 50 30 er
1255 2533 140 56 nicht,
1438 2534 84 47 wie
1553 2534 149 64 jener,

181 2606 142 47 durch
356 2608 409 51 Bilderreichthum
795 2628 262 47 angezogen
1089 2610 132 57 wird,
1251 2610 141 49 durch
1423 2612 168 55 starke,
1625 2610 50 50 be-

183 2685 170 47 stimmt
375 2689 394 62 ausgesprochene
785 2689 391 66 Empfindungen,
1198 2689 195 48 sondern
1419 2689 141 48 durch
1581 2690 96 47 sinn-

182 2761 150 52 reiche
363 2764 408 66 Gedankenspiele,
802 2783 80 32 aus
909 2768 145 48 denen
1085 2766 71 49 die
1179 2768 169 56 Worte
1371 2766 97 49 Tod
1500 2766 90 49 und
1613 2768 58 47 Le-

182 2839 103 56 ben,
316 2840 121 57 Qual
470 2841 89 49 und
589 2844 224 57 Wollust,
851 2844 215 48 Schmerz
1095 2844 91 48 und
1219 2844 197 57 Freude,
1453 2845 85 47 wie
1566 2845 62 48 sie
1658 2845 41 47 in

181 2916 219 65 witzigem
435 2919 358 66 Wechselspiele
832 2921 277 49 verflochten
1147 2921 91 49 und
1283 2921 217 49 einander
1542 2930 130 57 entge-

178 3001 259 58 gengesetzt
478 2995 115 60 sind,
635 3014 84 32 von
762 2999 92 48 ihm
903 2999 248 65 aufgefasst
1194 2999 202 57 werden,
1438 2999 141 48 damit
1619 3000 80 57 sie,

178 3071 142 49 durch
352 3074 128 48 Töne
511 3074 169 57 belebt,
722 3078 110 62 grell
864 3076 327 50 hervortreten.
1477 3078 121 48 War
1628 3078 70 48 bei

177 3149 228 49 Marenzio
435 3150 43 48 in
507 3151 479 69 Uebereinstimmuiig
1015 3154 77 48 des
1114 3154 207 66 Anfangs
1351 3154 91 48 und
1466 3155 233 48 Schlusses

177 3226 70 48 die
271 3227 172 50 Tonart
468 3230 271 50 mindestens
762 3233 64 48 als
849 3236 181 45 äussere
1054 3233 273 64 Einfassung
1357 3234 115 47 noch
1503 3234 167 48 vorhan-

177 3302 103 59 den,
309 3321 48 32 so
388 3306 110 48 fehlt
527 3307 98 50 eine
653 3310 152 48 solche
836 3310 70 48 bei
930 3311 169 47 seinem
1127 3311 265 47 fürstlichen
1415 3311 252 49 Nebenbuh-

179 3381 64 47 ler
272 3382 147 65 völlig,
462 3385 89 47 und
596 3403 86 30 nur
720 3387 116 47 nach
878 3386 101 50 dem
1010 3387 211 49 Schlüsse
1256 3391 247 63 vermögen
1534 3389 84 48 wir
1645 3407 52 30 zu

181 3459 285 58 bestimmen,
502 3461 100 50 dass
648 3464 79 48 das
763 3465 150 49 Werk
955 3465 126 48 einer
1118 3466 175 48 Tonart
1334 3466 247 65 angehöre.
1637 3468 61 46 So

175 3536 215 48 schreitet
419 3539 178 49 Venosa
635 3541 42 48 in
715 3544 145 47 einem
894 3542 238 56 Gedichte,
1179 3542 157 49 dessen
1367 3545 183 63 Anfang
1597 3561 99 32 vom

174 3612 196 50 Sterben
401 3615 59 48 im
490 3617 242 50 Schmerze
760 3620 143 58 redet,
934 3621 57 47 im
1017 3621 139 47 Basse
1185 3621 142 48 durch
1358 3622 131 49 einen
1522 3622 176 49 kleinen

184 3691 223 57 Ilalblon,
436 3694 174 49 sodann
640 3697 129 49 einen
799 3715 187 48 grossen
1012 3699 105 59 fort,
1147 3700 42 47 in
1214 3699 87 49 den
1324 3701 158 48 Tönen
1511 3699 190 59 cis-c-h;

257 3860 38 48 *)
323 3862 53 33 Ist
406 3861 64 34 das
498 3861 107 34 nicht
633 3861 36 33 in
701 3861 65 34 der
795 3862 361 37 declamatorischen
1177 3866 434 49 Gesang-Composition
1640 3869 65 35 der

308 3922 177 33 Neueren
516 3921 78 34 und
622 3921 188 34 Neuesten
838 3924 138 45 gerade
1005 3925 139 34 wieder
1186 3925 92 36 eben
1321 3939 41 23 so
1400 3929 64 34 der
1489 3929 97 43 Fall,
1626 3929 78 34 und

310 3982 48 33 ist
388 3981 183 35 demnach
609 3981 130 35 diese
768 3981 70 35 Art
864 3993 74 23 von
967 3983 228 36 Fortschritt
1221 3985 106 34 nicht
1355 3987 58 33 ein
1444 3998 108 35 arger
1579 3987 102 35 Rück-

302 4041 159 35 schritt?

216 4108 61 48 **)
307 4110 160 36 Mutatis
495 4111 197 37 mutandis
736 4111 120 45 Alles,
887 4113 71 33 wie
985 4113 133 35 heute!

645 4175 15 15 *

2219 255 16 24 I
2293 256 8 10 ''
2394 251 10 30 I
2475 251 42 28 r|
2557 251 20 24 1

1781 296 80 47 der
1892 298 130 47 harle
2055 298 250 63 Dreiklang
2334 314 84 32 von
2446 295 68 51 eis
2541 298 204 63 beginnt,
2774 299 81 47 der
2884 300 315 48 Sext-Accord
3231 300 83 47 auf

1795 373 153 64 dfolgt
1978 374 110 57 ihm,
2120 374 90 48 und
2240 375 168 47 diesem
2440 375 201 47 schliesst
2668 375 83 48 der
2781 375 129 48 harte
2940 375 254 65 Dreiklang
3222 393 85 32 von

1779 449 31 49 h
1837 450 91 48 sich
1960 466 75 41 an,
2064 451 102 47 dem
2192 451 249 47 wiederum
2467 451 81 47 der
2569 451 315 49 Sext-Accord
2919 453 125 62 folgt,
3075 453 82 48 auf
3179 453 96 48 dem-

1779 526 155 48 selben
1967 527 287 58 Grundtone,
2294 529 112 47 aber
2450 529 80 47 mit
2572 527 80 49 der
2690 529 175 48 kleinen
2897 530 130 47 Terz.
3082 530 136 47 Diese
3263 530 43 48 in

1779 604 106 63 lang
1913 605 321 47 verhallenden
2266 606 159 47 Tönen
2464 605 324 48 erscheinende
2817 606 146 47 Reihe
3000 623 85 30 von
3114 607 160 47 Zusam-

1779 680 303 66 menklängen
2106 698 185 48 vermag
2317 698 81 31 uns
2422 681 79 48 das
2526 682 258 47 bestimmte
2808 682 170 49 Gefühl
3005 682 155 49 keiner
3183 685 92 46 Ton-

1779 764 72 40 art
1876 774 52 30 zu
1960 757 256 57 erwecken,
2254 775 72 31 am
2359 757 250 49 mindesten
2641 759 69 47 die
2741 759 203 64 Ahnung
2987 760 121 47 eines
3138 759 141 48 künfti-

1779 850 87 47 gen
1890 835 234 47 Schlusses
2153 835 42 48 in
2284 836 433 47 amit
2385 835 82 47 der
2488 851 187 49 grossen
2700 836 130 56 Terz,
2860 835 200 49 welcher
3081 835 85 49 den
3193 853 84 48 gan-

1774 929 80 30 zen
1886 912 183 65 Gesang
2099 912 209 49 beendet.

1905 990 114 54 „Die
2056 997 259 56 genannten
2348 990 185 47 Meister
2572 990 169 47 ahnten
2784 988 71 49 die
2883 988 424 65 Notwendigkeit,

1776 1065 62 47 sie
1870 1066 177 48 fühlten
2079 1067 79 47 das
2186 1066 263 48 Bedürfniss
2479 1067 122 47 eines
2630 1066 201 49 anderen
2856 1068 346 64 Ton-Systems,
3226 1067 80 48 das

1778 1142 76 47 für
1884 1143 71 47 die
1986 1145 295 62 Darstellung
2310 1145 82 47 der
2432 1143 318 50 individuellen
2779 1145 128 63 Züge
2949 1143 78 49 des
3055 1145 251 47 Gemüthes

1777 1218 71 49 die
1871 1221 217 63 nöthigen
2113 1221 141 47 Mittel
2281 1221 169 47 besitzt.
2479 1222 75 46 Sie
2580 1221 175 47 fühlten
2787 1220 69 48 die
2883 1221 424 63 Unzulänglichkeit

1777 1295 77 48 des
1885 1297 117 47 alten
2033 1298 216 65 Systems,
2291 1297 90 48 und
2412 1297 151 48 indem
2604 1298 62 49 sie
2704 1314 44 30 es
2779 1297 114 48 nach
2925 1297 102 48 dem
3058 1298 140 47 Sinne
3227 1297 79 48 des

1778 1373 118 49 allen
1924 1375 310 63 griechischen
2263 1392 54 31 zu
2348 1375 348 48 durchbrechen
2728 1376 296 56 vermeinten,
3063 1375 150 48 halfen
3242 1376 64 47 sie

1781 1451 80 48 das
1896 1469 117 30 neue
2044 1453 81 47 mit
2155 1453 206 55 fördern,
2402 1470 45 30 es
2487 1470 81 30 aus
2597 1453 102 47 dem
2732 1453 118 47 alten
2882 1452 167 50 heraus
3079 1470 89 30 neu
3198 1469 81 31 con-

1778 1529 214 55 struiren,
2032 1529 79 49 das
2150 1529 148 49 indess
2332 1547 52 31 zu
2416 1529 320 65 vollständiger
2766 1529 320 65 Erscheinung
3124 1537 92 41 erst
3244 1529 58 49 im

1781 1606 258 48 Volksliede
2068 1607 214 48 kommen
2312 1608 146 55 sollte,
2500 1623 71 32 wo
2601 1607 73 48 die
2704 1607 161 48 beiden
2896 1607 307 65 Richtungen,
3234 1606 72 49 die

1778 1683 321 65 volksmässige
2130 1683 90 50 und
2253 1684 347 61 kunstmässige,
2629 1684 93 47 sich
2752 1684 281 64 gegenseitig
3062 1688 241 59 ergänzen,

1778 1761 92 48 und
1900 1761 121 49 dann
2052 1762 181 48 hieraus
2262 1763 90 47 sich
2385 1763 70 47 ein
2487 1780 138 30 neues
2648 1762 330 48 Musiktreiben
3010 1762 92 48 und
3132 1761 143 49 Musik-

1779 1838 261 66 empfinden
2072 1856 82 32 von
2183 1841 140 47 selbst
2661 1866 6 5 •

1896 1917 61 46 Es
1993 1917 54 47 ist
2084 1916 217 57 bekannt,
2345 1917 102 47 dass
2477 1917 143 47 dieses
2658 1917 276 47 realistische
2963 1916 198 48 Streben
3199 1914 106 50 bald

1779 1994 41 47 in
1865 1993 71 48 ein
1976 2011 113 47 ganz
2130 1994 176 49 krasses
2345 1996 190 47 Extrem
2577 2002 245 49 ausartete,
2861 1994 153 49 indem
3063 2011 106 32 man
3211 1993 92 48 sich

1779 2071 121 48 nicht
1924 2071 131 48 mehr
2084 2071 249 66 begnügte,
2364 2072 78 48 das
2467 2072 199 48 einzelne
2690 2072 141 48 Wort
2854 2072 142 47 durch
3022 2071 158 64 irgend
3204 2071 103 48 eine

1777 2148 256 66 Wendung
2084 2149 394 59 hervorzuheben,
2531 2149 198 49 sondern
2779 2167 47 31 es
2874 2166 137 47 sogar
3060 2148 243 48 äusserlich

1777 2225 145 47 durch
1956 2227 220 47 Farben
2206 2227 249 56 illuslrirte,
2478 2244 34 31 z.
2539 2228 49 47 B.
2614 2227 176 54 Wiese,
2820 2227 151 53 Laub,
2996 2225 142 47 Wald
3169 2229 137 60 grün,

1776 2303 169 48 andere
1970 2303 187 57 Worte,
2187 2304 144 48 ihrem
2364 2305 138 47 Sinne
2531 2303 348 66 entsprechend,
2908 2303 121 57 roth,
3058 2303 106 63 gelb
3194 2302 113 48 oder

1774 2379 110 51 blau
1913 2380 152 50 malte.

1892 2459 260 64 Uebrigens
2193 2460 167 64 gingen
2403 2459 138 48 schon
2587 2459 71 47 die
2687 2457 331 49 Niederländer
3061 2457 71 48 bei
3175 2455 130 49 ihren

1777 2538 254 47 weltlichen
2058 2537 370 66 Compositionen
2454 2538 40 47 in
2520 2537 86 48 den
2629 2537 399 63 Nachahmungen
3053 2534 82 48 der
3157 2535 150 47 Natur

1777 2614 91 48 und
1899 2615 81 47 der
2011 2615 260 65 Ereignisse
2299 2615 77 49 des
2408 2615 254 47 weltlichen
2685 2615 183 47 Lebens
2891 2613 143 49 durch
3061 2613 71 48 die
3155 2612 147 49 Musik

1776 2692 104 48 sehr
1910 2693 121 54 weit,
2061 2709 162 32 wovon
2254 2693 83 47 wir
2367 2693 58 47 im
2449 2693 268 63 Jahrgange
2742 2692 119 48 VIII.
2884 2693 83 47 Nr.
2996 2690 65 50 19
3094 2689 81 48 der
3197 2689 80 48 Nie-

1776 2770 370 49 derrheinischen
2178 2772 370 62 Musik-Zeitung
2580 2770 118 64 (vom
2732 2770 46 49 5.
2802 2770 89 49 Mai
2922 2768 164 65 1860)
3119 2768 70 48 bei
3215 2769 57 47 Ge-

1776 2848 228 63 legenheit
2035 2848 81 48 der
2146 2849 199 65 Anzeige
2388 2866 82 30 von
2512 2849 50 47 F.
2606 2848 300 48 Commer's
2944 2846 130 49 Band
3103 2846 89 49 XII
3222 2845 81 48 der

1793 2923 204 52 Collectio
2248 2923 296 52 Musicorum
2665 2925 252 50 Batavorum
2918 2925 169 65 schlagende
3088 2924 107 65 Beispiele
3222 2938 81 34 aus

1776 3004 209 48 Clemens
2013 3005 299 66 Jannequin's
2914 3004 94 49 Les
3156 3001 103 52 Cris
2867 3004 142 48 Nicol.
3041 3001 261 50 Gombert's

1771 3080 68 50 Le
1962 3080 151 51 Chant
2300 3081 80 50 des
2389 3081 194 66 Oyseaux,
2584 3081 156 66 Jannequin's
2935 3080 92 50 und

1778 3159 66 49 du
1960 3158 99 52 lievre
2060 3160 177 65 gegeben
2270 3160 148 48 haben
2527 3161 148 47 lauter
2705 3160 394 65 mehrstimmigen
3132 3159 143 48 Gesän-

1771 3255 105 46 gen,
1925 3239 176 47 welche
2150 3238 73 49 die
2266 3238 306 49 realistischen
2618 3238 90 48 und
2750 3238 277 64 pittoresken
3058 3239 248 47 Tonsetzer

1771 3332 190 31 unserer
1990 3316 129 65 Tage
2160 3316 310 49 überraschen
2510 3319 179 46 müssen
2740 3316 90 47 und
2874 3316 98 49 ihre
3004 3314 302 49 lächerlichen

1773 3394 385 66 Behauptungen,
2205 3394 101 48 dass
2350 3394 71 48 die
2450 3394 243 48 Tonkunst
2733 3401 92 41 erst
2865 3394 144 48 durch
3039 3394 76 53 .sie
3154 3409 50 31 zu
3244 3391 41 49 ei-

1772 3488 103 30 nem
1918 3470 413 50 bedeutsamen
2361 3471 151 49 Inhalt
2540 3471 294 65 gekommen,
2864 3471 135 64 lustig
3029 3487 155 48 genug
3211 3470 63 47 Lü-

1771 3567 87 47 gen
1887 3550 186 48 strafen.

2051 3742 101 54 Der
2191 3741 183 55 wiener
2414 3741 609 70 Männer-Gesangverein.

1894 3861 96 48 Aus
2030 3860 103 49 dem
2191 3869 245 40 neunten
2478 3858 477 51 Jahresberichte
2997 3857 79 50 des
3119 3857 191 48 Vereins

1778 3937 118 66 (vom
1936 3938 42 49 1.
2008 3938 207 49 October
2263 3937 145 50 1862
2454 3938 66 47 bis
2569 3937 42 48 1.
2643 3936 207 49 October
2897 3935 184 66 1863),
3124 3935 188 49 verfasst

1778 4034 85 31 von
1910 4017 84 48 Dr.
2023 4017 60 48 H.
2115 4034 84 31 von
2232 4017 181 64 Billing,
2456 4016 41 49 d.
2540 4017 48 47 Z.
2627 4015 351 58 Schriftführer,
3019 4013 169 50 theilen
3229 4012 82 50 wir

1778 4092 211 67 folgende
2017 4093 309 50 Nachrichten
2355 4110 85 33 von
2472 4093 369 65 allgemeinerem
2872 4093 224 49 Interesse
3127 4091 93 49 mit.
