3472 4407
345 160 1428 208 Niederrheinische
1925 170 1143 264 Musik-Zeitung

985 468 117 116 für
1183 468 559 121 Itrastfretrak
1798 473 142 119 traft
1996 475 397 122 Mnstler.

159 699 392 75 Herausgegeben
598 724 90 33 von
739 708 239 50 Professor
1906 704 69 59 L.
2133 705 265 79 Bischoff.
1605 713 175 68 Verlag
1834 716 81 49 der
2902 722 375 67 Buchhandlung.

227 852 83 54 Nr.
352 852 82 56 44.

1412 852 177 78 KÖLN,
1631 862 72 55 31.
1746 862 215 56 October
2004 865 138 55 1803.

2818 871 76 54 XI.
2935 873 270 71 Jahrgang.

252 1031 228 37 Inhalt.

536 1033 239 36 Rückblicke
802 1038 70 31 auf
896 1036 70 36 den
996 1038 214 35 Realismus
1238 1040 37 33 in
1304 1039 66 36 der
1397 1042 140 36 Musik.
1646 1042 77 34 Der
1750 1043 141 34 wiener
1916 1044 465 42 Manner-Gesangverein
2410 1045 331 41 (Jahresbericht).
2854 1049 76 33 Der
2956 1049 210 37 Salzunejer
3193 1052 91 34 Sän-

147 1091 163 46 Gerchor
339 1092 37 32 in
413 1092 226 47 Thüringen.
684 1096 82 33 Von
802 1097 70 35 £r.
903 1099 51 34 M.
1088 1099 144 34 Hector
1261 1100 147 34 Berlioz
1437 1101 93 35 über
1561 1099 157 37 Gluck's
1749 1101 160 47 System.
2045 1105 127 34 Erstes
2201 1105 458 38 Gesellschafts-Concert
2687 1108 38 34 in
2753 1109 102 34 Köln
2887 1110 49 33 im
2967 1110 228 36 Gürzenich.

156 1152 170 46 Pages-
362 1152 94 34 und
491 1153 184 36 Unterh
691 1166 21 23 a
724 1155 12 34 1
748 1157 178 45 tungsb
938 1157 12 33 1
961 1163 71 30 att
1074 1157 201 47 (Freiburg
1303 1160 51 33 im
1383 1160 195 47 Breisgau,
1609 1161 165 35 Concert
1802 1174 72 24 von
1904 1163 151 47 August
2084 1165 162 47 Kömpel
2352 1166 136 44 Triest,
2518 1166 131 36 Alfred
2678 1167 99 36 Jacll
2784 1195 7 15 f
2823 1167 340 49 Musikzustände).

241 1384 317 55 Rückblicke
603 1386 91 53 auf
731 1386 95 54 den
867 1387 281 56 Realismus
1188 1388 52 55 in
1282 1390 92 54 der
1414 1390 177 55 Musik.

274 1526 85 47 Die
404 1534 119 40 erste
569 1526 440 68 Berücksichtigung
1054 1529 81 49 der
1177 1533 316 49 Textesworte
1544 1534 142 48 durch

156 1602 312 50 musicalische
495 1604 316 48 Declamation
842 1605 153 49 finden
1021 1607 82 47 wir
1136 1607 70 49 bei
1238 1609 102 48 dem
1365 1610 215 48 Gründer
1609 1611 80 47 der

153 1681 364 50 venetianischen
548 1682 186 58 Schule,
763 1684 174 48 Adrian
966 1685 281 66 Willaert(f
1277 1686 190 66 1563);
1497 1689 81 48 der
1600 1690 59 47 Ge-

153 1776 115 47 sang
299 1759 112 48 wird
442 1776 101 31 zum
569 1760 129 47 Theil
727 1761 256 64 syllabisch,
1013 1762 57 49 da
1101 1780 49 31 er
1178 1765 92 47 sich
1303 1765 101 48 dem
1431 1768 147 47 Texte
1609 1783 52 32 an-

152 1837 217 49 schliesst.
401 1837 85 47 Die
508 1836 199 66 jüngere
738 1839 226 49 römische
993 1841 168 47 Schule
1192 1841 188 65 beginnt
1411 1842 167 50 bereits
1609 1844 81 48 der

157 1915 310 48 Deutlichkeit
510 1915 78 48 des
628 1915 436 51 Wort-Ausdrucks
1107 1917 79 50 das
1227 1920 340 49 Künstlerische
1609 1921 22 47 d
1632 1908 15 17 v
1642 1938 48 31 er

157 1994 139 47 Form
320 2010 53 29 zu
397 1992 174 65 opfern.
600 1992 290 50 Namentlich
915 2002 91 41 trat
1034 1995 111 48 aber
1175 1997 43 47 in
1248 1997 87 47 den
1368 1999 320 48 weltlichen

159 2070 373 65 Compositionen
562 2070 80 47 mit
670 2070 125 48 einer
820 2072 85 47 Art
927 2089 82 32 von
1032 2074 408 64 Nothwendigkeit
1464 2075 78 48 das
1564 2076 100 47 Stre-

157 2149 106 54 ben,
292 2146 103 48 dem
428 2149 138 47 Sinne
595 2149 78 47 des
705 2150 184 56 Textes,
927 2150 67 65 ja,
1034 2151 77 47 des
1150 2152 232 47 einzelnen
1417 2154 189 48 Wortes
1636 2171 52 31 zu

156 2227 232 61 genügen,
426 2225 181 56 hervor,
647 2226 148 47 zumal
835 2227 190 47 seitdem
1055 2226 73 50 die
1158 2229 271 48 Chromatik
1467 2231 222 47 erfunden

162 2301 93 47 und
286 2301 143 62 geübt
458 2301 172 48 wurde.

275 2377 65 47 Im
376 2377 185 48 Dienste
592 2377 81 48 der
706 2378 166 47 Kirche
903 2396 96 31 war
1030 2380 70 48 die
1124 2381 241 48 Tonkunst
1393 2383 192 49 Stimme
1615 2383 78 49 des

161 2455 192 48 Wortes
377 2456 157 47 Gottes
566 2455 92 48 und
688 2456 144 47 seines
863 2457 63 47 als
951 2457 132 48 Dank
1115 2457 112 50 oder
1253 2460 132 57 Bitte,
1413 2461 137 48 Jubel
1581 2462 112 47 oder

247 2520 8 8 ♦

160 2533 146 63 Klage
338 2532 313 48 austönenden
686 2533 312 49 Wiederhalls
1027 2536 60 47 im
1119 2536 242 49 Gemüthe.
1402 2538 288 49 Namentlich

160 2626 98 32 war
287 2610 71 48 die
386 2615 151 59 später
566 2611 194 65 erfolgte
791 2612 319 48 harmonische
1135 2613 318 50 Construction
1477 2632 114 49 ganz
1614 2634 52 47 ge-

160 2688 169 65 eignet,
359 2687 71 48 die
461 2688 392 64 geheimnissvolle
885 2691 168 47 Pracht
1081 2691 77 48 des
1190 2691 308 51 katholischen
1533 2695 160 48 Cultus

160 2784 53 29 zu
246 2766 220 48 erhöhen.
522 2766 129 48 Aber
691 2767 75 47 für
809 2767 71 48 die
913 2768 295 66 Darstellung
1237 2770 77 48 des
1350 2771 239 65 bewegten
1622 2773 46 47 In-

165 2843 133 59 halts,
329 2844 198 47 welcher
555 2844 59 49 im
649 2844 146 50 Volke
824 2846 213 65 lebendig
1067 2847 130 57 wird,
1234 2865 97 32 war
1364 2848 63 49 sie
1463 2850 231 49 durchaus

162 2922 327 65 ungenügend.
527 2923 85 47 Die
642 2931 148 43 ersten
823 2924 235 49 Versuche
1087 2924 240 50 innerhalb
1355 2926 77 48 des
1463 2928 118 47 alten
1611 2930 55 63 Sy-

161 3007 155 47 stems,
350 3001 463 63 Darstellungsmittel
839 3002 76 47 für
938 3002 99 48 eine
1068 3002 338 51 individuellere
1426 3006 267 63 Zeichnung

160 3093 53 31 zu
245 3077 260 63 gewinnen,
536 3077 191 48 wurden
758 3077 143 49 durch
934 3079 72 49 die
1037 3079 268 51 Chromatik
1337 3083 226 62 gemacht.
1613 3085 78 46 Bei

162 3154 197 65 Cyprian
385 3154 55 49 de
463 3156 125 47 Rore
618 3156 90 47 und
734 3156 237 49 Orlandus
994 3158 167 48 Lassus
1191 3159 79 64 gilt
1298 3159 62 49 sie
1390 3161 162 48 immer
1576 3162 114 48 noch

161 3248 88 31 nur
278 3232 63 48 als
366 3232 142 48 Mittel
540 3233 124 47 einer
686 3233 459 51 charakteristischen
1171 3237 308 66 Umfärbung,
1512 3238 69 48 bei
1606 3238 85 48 den

164 3309 326 57 Venetianern,
514 3312 276 48 namentlich
811 3313 184 48 Johann
1022 3314 220 56 Gabrieli,
1275 3316 95 48 hilft
1398 3317 62 47 sie
1484 3316 207 66 dagegen

160 3388 139 48 schon
326 3388 80 55 das
429 3389 89 47 alte
540 3389 177 65 System
744 3391 105 48 weit
874 3391 115 49 über
1021 3392 98 49 ihre
1144 3394 378 64 ursprünglichen
1547 3396 115 47 Grän-

160 3481 80 33 zen
269 3466 164 48 hinaus
462 3467 258 48 erweitern.

280 3544 77 47 Bei
414 3543 103 50 dem
562 3546 209 63 genialen
824 3546 342 57 Chromatiker,
1222 3547 102 49 dem
1368 3548 322 65 Zeitgenossen

161 3619 259 59 Gabrieli's,
442 3623 128 48 Luca
593 3623 230 48 Marenzio
847 3622 51 66 (-{*
928 3623 179 66 1599),
1133 3624 80 49 der
1235 3626 61 47 sie
1321 3627 41 47 in
1387 3627 152 47 seinen
1567 3628 100 47 welt-

159 3698 147 49 lichen
331 3699 258 66 Gesängen,
617 3700 154 49 seinen
802 3700 304 66 Madrigalen,
1136 3703 412 48 ausserordentlich
1581 3706 83 47 häu-

161 3777 61 64 fig
246 3778 260 58 anwendet,
528 3779 140 48 bildet
689 3779 71 48 die
783 3780 177 47 Tonart
983 3780 240 65 eigentlich
1248 3798 88 31 nur
1357 3782 87 48 den
1464 3783 227 55 Rahmen,

159 3854 241 50 innerhalb
425 3855 159 50 dessen
611 3858 205 48 Gränzen
847 3874 48 31 er
926 3858 99 48 eine
1048 3858 144 48 Reihe
1224 3859 344 65 mannigfacher
1599 3860 91 49 und

159 3932 266 64 lebendiger
457 3933 151 48 Bilder
637 3934 276 56 entwickelt,
952 3934 93 50 und
1086 3937 274 47 namentlich
1393 3937 143 48 durch
1567 3938 122 48 seine

159 4009 205 48 fremden
409 4010 91 47 und
534 4014 414 61 ungewöhnlichen
979 4013 404 65 Ausweichungen
1415 4014 101 48 dem
1549 4015 139 47 Sinne

159 4088 90 47 und
282 4088 152 48 Geiste
465 4089 81 48 der
579 4090 168 49 Worte
776 4093 189 62 gerecht
994 4109 51 31 zu
1078 4092 185 48 werden
1295 4093 210 49 trachtet.
1553 4094 102 48 Win-

1760 1380 159 48 terfeld
2326 1384 85 47 Th.
2452 1381 71 68 II.)
2569 1392 102 55 sagt
2711 1384 226 50 darüber:
2997 1388 160 53 „Denn
3208 1388 81 48 auf

1764 1458 427 57 Wort-Ausdruck,
2234 1459 288 66 lebendigen,
2554 1460 236 65 möglichst
2820 1461 366 59 anschaulichen,
3231 1464 53 48 ist

1760 1535 93 47 sein
1884 1536 221 64 eigenstes
2133 1538 195 47 Streben
2357 1538 246 63 gerichtet;
2650 1554 80 32 aus
2759 1539 79 47 der
2871 1539 68 48 bei
2970 1540 92 47 ihm
3092 1543 164 47 vorwal-

1761 1611 163 49 tenden
1956 1613 229 64 Richtung
2215 1614 81 48 auf
2320 1614 79 48 das
2424 1615 211 47 Einzelne
2668 1623 165 40 musste
2857 1632 45 31 es
2925 1615 91 48 ihm
3044 1618 203 48 notwen-

1761 1689 75 63 dig
1868 1689 328 65 hervorgehen.
2246 1691 135 49 Nicht
2410 1699 134 47 etwa,
2575 1693 101 47 dass
2706 1709 65 38 er,
2803 1694 83 47 wie
2917 1693 70 48 die
3019 1695 181 47 Meister
3227 1713 52 30 zu

1761 1768 211 63 Anfange
1996 1768 76 47 des
2094 1768 348 48 siebenzehnten
2465 1770 353 56 Jahrhunderts,
2848 1773 328 62 vorzugsweise
3200 1789 53 48 ge-

1761 1845 196 47 trachtet
1997 1845 139 55 hätte,
2177 1846 86 47 den
2305 1846 181 65 Gesang
2528 1846 80 49 der
2640 1848 123 47 Rede
2801 1848 141 47 näher
2980 1865 50 31 zu
3072 1849 208 65 bringen,

1760 1920 103 49 dass
1892 1938 48 30 er
1970 1921 238 48 derselben
2234 1922 96 49 ihre
2353 1922 413 64 eigentümlichen
2789 1924 162 59 Laute,
2983 1925 84 47 wie
3091 1926 190 49 erhöhte

1763 1999 487 66 Gemütsbewegung
2281 2000 61 47 sie
2373 2000 289 63 mannigfach
2693 2002 207 63 gestaltet
2925 2001 88 48 und
3039 2002 138 56 färbt,
3201 2004 53 47 ab-

1761 2077 271 47 zulauschen
2056 2079 203 62 gesucht.
2291 2079 129 47 Auch
2453 2079 141 47 hierin
2619 2079 54 47 ist
2702 2080 90 47 ihm
2826 2079 322 49 unabsichtlich
3177 2081 77 48 Vie-

1759 2154 62 47 les
1850 2155 253 63 gelungen:
2133 2155 130 47 allein
2296 2155 79 48 das
2400 2155 230 63 bezeugen
2655 2156 84 47 alle
2762 2156 122 47 seine
2913 2156 175 48 Werke
3113 2159 63 45 als
3200 2157 79 49 das

1761 2231 236 64 Hauptziel
2020 2232 145 46 seiner
2192 2232 354 47 künstlerischen
2565 2232 276 64 Thätigkeit,
2865 2232 79 47 das
2966 2234 77 47 hat
3067 2250 48 31 er
3138 2235 142 47 durch

1761 2309 266 62 Bewegung
2060 2307 90 49 und
2180 2310 165 54 Maass,
2375 2309 142 47 durch
2547 2310 444 63 Zusammenklänge
3021 2311 90 47 und
3143 2312 111 47 melo-

1761 2385 153 48 dische
1947 2386 313 65 Wendungen
2290 2405 50 28 zu
2373 2387 234 47 erreichen
2639 2389 206 62 gesucht,
2880 2387 100 49 dass
3002 2389 150 63 jedem
3186 2390 69 47 ein-

1760 2463 154 47 zelnen
1956 2463 262 49 Wortbilde
2260 2463 82 49 der
2382 2480 83 32 von
2511 2465 88 47 ihm
2645 2465 253 63 gewählten
2944 2466 217 48 Gedichte
3204 2469 69 45 ein

1763 2540 500 56 übereinstimmendes,
2307 2541 41 47 in
2387 2542 92 47 sich
2511 2542 344 47 verständliches
2884 2543 194 47 Tonbild
3123 2545 157 62 gesellt

1763 2617 166 48 werde.
1987 2618 82 47 Mit
2111 2620 215 47 erhöhter
2357 2618 330 65 Lebendigkeit
2729 2620 94 47 tritt
2860 2621 81 46 auf
2966 2620 121 48 diese
3123 2621 157 48 Weise

1761 2696 69 47 ein
1869 2696 128 63 jedes
2042 2696 80 47 der
2166 2696 165 56 Bilder,
2376 2714 81 30 von
2497 2696 144 48 denen
2686 2696 70 48 die
2789 2697 303 47 Liebeslieder
3134 2698 146 49 seiner

1760 2773 98 47 Zeit
1887 2773 90 47 und
2008 2773 143 49 seines
2183 2773 165 51 Volkes
2378 2775 158 47 erfüllt
2564 2773 115 55 sind,
2721 2773 42 49 in
2806 2775 152 47 seinen
2998 2776 282 63 Madrigalen

1760 2867 80 31 vor
1883 2867 83 32 uns
2010 2852 98 47 hin:
2151 2851 80 48 der
2274 2852 140 48 Glanz
2456 2852 194 47 schöner
2688 2853 179 61 Augen,
2909 2853 231 47 zärtliches
3179 2855 75 47 Gir-

1763 2945 96 39 ren,
1890 2928 78 49 das
1997 2930 180 63 Spielen
2221 2930 135 47 leicht
2394 2928 232 64 bewegter
2654 2930 309 54 Lichtwellen,
3007 2930 83 47 wie
3119 2946 44 31 es
3193 2931 86 47 den

1763 3007 157 47 Tönen
1947 3006 275 65 überhaupt,
2249 3007 84 47 wie
2353 3007 146 47 seiner
2516 3006 95 48 Zeit
2635 3006 288 56 namentlich,
2941 3010 220 59 vergönnt
3182 3008 94 47 sein

1764 3083 184 56 konnte,
1978 3100 46 31 es
2055 3085 315 54 darzustellen,
2400 3083 88 48 und
2521 3083 119 47 nicht
2667 3085 141 46 selten
2839 3085 79 46 mit
2947 3085 304 48 überraschen-

1763 3161 80 48 der
1874 3162 410 47 Anschaulichkeit.
2323 3162 80 48 Oft
2433 3154 166 55 freilich
2631 3161 112 47 wird
2775 3162 78 47 das
2884 3162 264 62 allgemeine
3182 3163 96 47 Bild

1761 3239 145 47 seines
1937 3239 240 49 Gedichtes
2217 3239 141 47 durch
2394 3238 393 48 Wortmelodieen
2831 3239 175 47 solcher
3036 3242 83 44 Art
3162 3241 116 47 auch

1763 3317 132 65 völlig
1924 3317 239 55 verlöscht,
2192 3318 85 47 wie
2306 3333 45 31 es
2381 3317 272 47 namentlich
2686 3317 40 47 in
2756 3317 147 47 seiner
2931 3318 349 64 vierstimmigen

1764 3394 301 65 Behandlung
2095 3411 82 32 von
2207 3396 254 47 Pelrarca's
2500 3393 309 48 zweihundert
2839 3394 414 65 neunundsechszig-

1760 3479 113 41 stem
1903 3473 219 46 Sonnette
2152 3472 256 63 geschehen
2438 3472 66 47 ist.
2540 3471 152 48 Wenn
2723 3471 78 48 der
2831 3472 235 47 verwaiste
3099 3472 184 47 Dichter

1761 3548 103 50 dort
1902 3551 42 47 in
1987 3549 153 47 seinen
2178 3551 159 45 letzten
2376 3549 93 47 drei
2503 3548 168 47 Versen
2714 3556 117 57 sagt,
2874 3548 101 48 dass
3017 3586 16 19 „
3055 3549 107 55 „der
3193 3549 58 47 Ge-

1760 3643 113 49 sang
1902 3627 82 48 der
2015 3627 210 65 Vöglein,
2257 3627 71 47 die
2359 3624 256 50 blühenden
2641 3627 150 54 Auen,
2822 3626 70 47 die
2921 3634 119 40 zarte
3073 3626 182 48 Erschei-

1763 3723 123 47 nung
1906 3706 211 57 schöner,
2142 3704 220 49 keuscher
2389 3706 177 45 Frauen
2598 3721 87 29 nur
2714 3704 99 49 eine
2839 3704 166 47 Wüste
3036 3704 91 46 ihm
3158 3704 123 64 zeige

1761 3782 90 48 und
1884 3782 148 56 wilde,
2062 3798 243 49 grausame
2751 3797 48 32 so
2829 3782 52 47 ist
2911 3780 78 47 der
3020 3780 231 47 Tonkünst-

1760 3862 63 47 ler
1849 3860 190 49 bemüht
2062 3877 229 47 gewesen,
2315 3859 126 65 jedes
2465 3858 147 48 dieser
2635 3859 226 47 einzelnen
2889 3858 147 47 Bilder
3068 3858 79 47 mit
3170 3859 111 47 aller

1761 3938 348 56 Bestimmtheit,
2152 3938 70 47 die
2251 3938 91 46 ihm
2375 3953 85 29 nur
2488 3935 211 65 gelingen
2744 3935 193 55 mochte,
2983 3951 81 30 uns
3095 3951 78 31 vor
3203 3934 80 48 das

1757 4017 102 47 Ohr
1891 4015 89 49 und
2010 4032 50 32 so
2090 4032 78 32 vor
2197 4017 70 47 ein
2300 4015 176 47 inneres
2502 4014 132 64 Auge
2658 4031 49 30 zu
2737 4013 203 63 bringen.
2973 4013 60 47 Es
3055 4013 226 48 erwächst

1757 4094 89 47 ihm
1881 4093 204 48 dadurch
2118 4093 98 48 eine
2249 4093 140 47 Reihe
2427 4090 344 55 schneidender,
2813 4090 141 49 durch
3001 4089 145 50 nichts
3190 4107 73 32 ver-

2989 4167 70 48 44
