2268 3739
146 177 74 46 146

588 174 306 43 L'ORCHESTRE
927 192 52 26 ET
1012 192 77 27 LES
1124 193 311 28 INSTRUMENTS
1469 195 24 26 A
1527 194 173 27 CORDES

139 278 55 40 de
216 279 151 41 violon
387 289 41 31 et
448 294 88 27 une
559 280 132 42 basse
712 291 101 31 sont
834 283 246 41 seulement
1103 285 278 52 employées;
1407 284 185 53 parfois,
1618 297 172 28 comme
1813 285 113 40 dans
1949 285 63 40 les
2032 289 106 39 trois

142 356 180 32 sonates
343 348 54 40 de
420 349 12 40 1
454 348 139 56 Opéra
625 357 149 47 qninta
798 351 54 40 de
875 351 151 49 Vitali,
1052 366 86 27 une
1171 353 117 40 viole
1311 367 57 27 ou
1390 367 87 27 une
1511 353 117 41 viola
1665 353 85 41 alta
1775 362 66 32 est
1874 355 235 52 employée
2128 369 8 36 ;

139 417 115 39 mais
275 431 144 27 aucun
442 419 199 52 exemple
663 419 54 40 de
739 428 110 32 cette
873 429 117 32 sorte
1012 420 110 41 n'est
1143 427 153 36 trouvé
1319 423 111 40 dans
1455 435 171 28 aucune
1646 422 76 40 des
1742 422 113 40 deux
1877 423 260 41 collections

141 484 54 40 de
218 484 191 52 Purcell,
436 499 56 28 ou
515 487 112 39 dans
651 487 63 40 les
738 496 179 32 sonates
937 489 53 40 de
1013 489 182 49 Corelli,
1227 496 56 35 où
1313 504 56 27 on
1392 491 193 52 emploie
1609 490 246 41 seulement
1877 491 63 41 les
1961 492 177 40 violons

142 553 240 42 au-dessus
398 555 53 40 de
472 553 40 41 la
537 554 146 41 basse.
710 554 62 41 Le
792 555 77 41 fait
891 570 85 39 que
996 557 62 40 les
1081 571 186 39 moyens
1290 558 222 42 d'obtenir
1533 573 87 27 une
1639 559 234 41 harmonie
1892 560 101 52 plus
2016 574 92 27 com-

140 622 116 51 plète
279 636 46 27 se
342 631 174 32 montre
536 623 110 40 dans
670 623 62 40 les
755 625 186 39 recueils
968 627 195 47 anciens,
1189 627 111 41 dans
1333 628 76 40 des
1433 630 321 50 compositions
1776 628 155 42 datant
1961 628 177 42 d'avant

139 690 40 39 le
202 691 152 39 milieu
371 691 58 40 du
450 703 86 28 xvii
541 696 14 16 e
578 691 145 48 siècle,
746 692 147 40 tandis
919 706 83 38 que
1035 692 40 40 la
1100 695 139 50 partie
1271 694 53 40 de
1346 697 115 40 viole
1484 696 171 42 semble
1690 701 90 37 être
1808 698 201 40 devenue
2029 698 107 40 hors

139 757 25 39 d
184 770 140 37 usage
358 771 100 27 vers
482 759 39 39 la
558 757 60 41 fin
654 759 58 40 du
746 760 146 47 siècle,
919 760 109 40 offre
1062 775 86 27 une
1187 764 202 40 curieuse
1425 767 318 52 contre-partie
1780 770 21 35 à
1842 766 38 40 la
1922 767 216 41 tendance

139 831 261 48 remarquée
423 827 112 40 dans
559 827 38 40 la
623 830 207 50 musique
865 830 185 50 d'église
1074 831 226 49 italienne,
1324 841 40 32 et
1397 837 21 36 à
1444 834 38 40 la
1509 834 253 53 préférence
1796 836 75 51 qui
1910 832 65 55 s'y
2003 835 108 41 déve-

138 894 170 52 loppait
331 909 113 39 pour
466 896 12 40 1
497 896 165 54 emploi
694 898 52 40 de
770 898 113 40 deux
905 899 100 40 voix
1044 899 54 41 de
1121 913 193 40 soprano
1356 915 76 27 sur
1454 917 86 26 une
1563 903 132 41 basse
1717 903 152 41 vocale
1893 917 56 27 ou
1973 905 141 40 instru-

138 964 210 41 mentale.
392 964 31 40 Il
454 974 65 32 est
552 965 264 53 impossible
835 966 53 41 de
911 967 94 41 dire
1042 983 103 26 avec
1169 970 192 53 quelque
1390 973 212 39 certitude
1626 974 35 38 si
1688 973 40 39 la
1753 974 208 51 musique
1982 973 153 41 vocale

138 1034 133 39 suivit
296 1033 38 40 la
372 1035 207 51 musique
617 1036 343 40 instrumentale
983 1037 111 41 dans
1117 1047 111 32 cette
1249 1041 113 50 voie,
1404 1054 57 26 ou
1484 1042 35 38 si
1543 1054 47 27 ce
1612 1039 65 41 fut
1712 1039 40 41 le
1780 1044 220 38 contraire
2023 1056 10 34 ;
2058 1042 78 40 des

138 1115 189 38 preuves
350 1101 308 53 justificatives
682 1103 315 43 sembleraient
1030 1107 207 52 indiquer
1256 1122 86 38 que
1370 1109 63 40 les
1455 1110 289 52 productions
1771 1112 364 40 instrumentales

138 1169 147 42 furent
308 1171 101 51 plus
432 1171 476 43 vraisemblablement
927 1175 132 41 celles
1082 1178 76 50 qui
1181 1177 223 42 lancèrent
1432 1178 40 40 la
1496 1178 132 41 mode
1649 1193 9 34 ;
1684 1180 113 40 mais
1821 1188 109 32 cette
1953 1182 182 50 priorité

136 1237 199 42 effective
371 1248 64 32 est
468 1240 53 40 de
559 1246 86 36 très
682 1256 84 38 peu
802 1243 334 53 d'importance,
1169 1252 233 48 comparée
1423 1262 54 26 au
1500 1246 78 42 fait
1610 1247 105 41 hors
1749 1249 52 40 de
1827 1249 135 40 doute
1986 1263 86 38 que
2095 1249 38 40 la

136 1307 311 42 combinaison
480 1309 54 41 de
564 1310 112 40 deux
712 1313 163 50 parties
900 1312 158 43 hautes
1097 1328 104 27 avec
1223 1329 86 27 une
1348 1317 120 40 seule
1501 1315 131 42 basse
1654 1330 112 39 pour
1800 1317 62 40 les
1898 1327 238 43 supporter

136 1377 106 39 était
265 1390 53 26 en
341 1390 146 38 vogue
525 1380 114 40 dans
663 1388 144 33 toutes
844 1390 141 33 sortes
1020 1383 54 40 de
1097 1385 222 52 musique,
1345 1385 100 52 plus
1476 1385 315 52 spécialement
1823 1399 54 26 en
1902 1386 137 41 Italie.
2064 1386 69 41 En

136 1448 145 38 même
305 1454 160 44 temps,
501 1460 57 27 on
581 1448 92 41 doit
697 1462 45 27 se
766 1453 210 38 souvenir
999 1465 85 38 que
1104 1453 111 40 dans
1239 1453 62 40 les
1319 1455 216 50 premiers
1560 1455 251 50 spécimens
1827 1454 53 40 de
1900 1463 65 31 cet
1985 1469 125 27 arran-

138 1523 180 41 gement
343 1515 63 40 les
430 1518 164 49 parties
632 1520 308 39 constitutives
974 1520 78 40 des
1075 1520 258 41 harmonies
1367 1535 54 26 ne
1456 1520 208 42 faisaient
1687 1536 79 38 pas
1790 1523 343 52 complètement

136 1581 167 50 défaut,
329 1587 120 36 étant
472 1583 198 42 fournies
692 1601 79 37 par
793 1587 40 39 la
856 1586 132 42 basse
1010 1588 126 52 jouée
1156 1602 76 27 sur
1251 1589 39 39 le
1312 1590 196 40 clavecin
1531 1603 56 27 ou
1609 1588 186 53 l'orgue,
1817 1591 53 41 de
1893 1592 101 40 telle
2017 1601 118 33 sorte

137 1663 86 40 que
242 1651 38 40 la
306 1653 166 39 ténuité
503 1653 54 40 de
576 1653 131 41 l'effet
730 1668 55 26 ne
807 1658 183 49 pouvait
1009 1656 179 53 frapper
1210 1656 238 43 l'auditeur
1482 1659 224 41 ordinaire
1728 1660 173 52 jusqu'à
1926 1659 186 55 l'appari-

136 1721 92 38 tion
252 1719 53 40 de
328 1720 38 39 la
386 1720 200 42 chanson
610 1724 201 49 anglaise
835 1728 21 35 à
879 1726 207 50 reprises,
1108 1728 93 50 qui,
1226 1725 166 42 n'étant
1423 1740 78 40 pas
1526 1734 343 46 accompagnée,
1894 1739 175 32 montre
2095 1731 38 40 la

136 1788 312 41 combinaison
481 1789 112 41 dans
630 1799 122 33 toute
785 1806 45 26 sa
865 1798 212 46 pauvreté
1110 1808 90 27 non
1236 1795 274 42 dissimulée.
1541 1795 64 42 La
1630 1806 208 32 coutume
1861 1797 275 54 d'employer

135 1858 107 39 trois
273 1858 176 40 violons
485 1862 113 37 dans
633 1863 218 38 certaines
882 1863 167 51 parties
1080 1861 138 55 (tutti)
1247 1874 42 31 et
1321 1865 316 52 spécialement
1670 1866 112 41 dans
1822 1867 64 40 les
1919 1870 216 49 premiers

138 1935 311 32 mouvements
472 1928 78 39 des
583 1936 260 33 ouvertures
879 1928 180 54 d'opéra
1087 1930 170 42 semble
1288 1936 90 37 être
1406 1946 142 27 venue
1587 1933 52 40 de
1662 1933 206 53 l'époque
1903 1935 54 40 de
1978 1934 119 42 Lulli
2123 1948 8 37 ;

136 2008 47 26 ce
205 2008 72 26 cas
298 2008 45 26 se
365 2000 204 48 présente
589 1996 112 41 dans
725 2010 81 27 son
824 1996 290 58 Bellérophon
1121 2032 9 16 ,
1167 2009 41 32 et
1231 2001 110 40 dans
1378 2001 231 52 beaucoup
1633 1999 194 44 d'autres
1860 2004 197 41 endroits
2077 2012 56 34 où

134 2063 63 39 les
221 2064 101 51 cinq
354 2068 177 47 portées
553 2065 78 40 des
654 2067 294 40 instruments
973 2072 21 35 à
1019 2069 154 40 cordes
1191 2070 110 40 dans
1322 2070 63 40 les
1409 2084 20 24 «
1451 2071 143 51 pleins
1616 2083 19 24 »
1662 2084 215 39 passages
1898 2082 101 32 sont
2020 2088 87 26 mar-

136 2136 136 47 quées
296 2132 76 40 des
397 2133 104 40 clefs
534 2135 230 40 suivantes
781 2146 8 29 :
815 2135 38 40 la
892 2135 86 40 clef
1006 2136 52 40 de
1076 2137 65 39 sol
1163 2150 76 28 sur
1262 2138 38 40 la
1333 2138 118 51 ligne
1482 2139 237 44 inférieure
1742 2142 52 40 de
1820 2142 38 40 la
1893 2146 165 48 portée,
2095 2143 39 39 la

135 2199 86 40 clef
239 2200 26 39 d
284 2206 42 33 ut
346 2213 77 28 sur
442 2201 39 40 la
501 2205 146 37 même
666 2202 138 52 ligne,
827 2206 39 37 la
886 2203 86 41 clef
990 2202 89 42 d'ut
1102 2218 75 27 sur
1199 2206 39 40 la
1257 2208 189 40 seconde
1474 2209 120 51 ligne
1614 2209 88 53 (ces
1722 2213 108 38 trois
1851 2211 146 50 lignes
2015 2216 120 36 étant

134 2268 301 42 évidemment
456 2270 63 40 les
543 2271 148 50 lignes
707 2271 78 41 des
812 2271 213 55 violons),
1047 2273 39 41 la
1110 2273 87 41 clef
1214 2275 26 39 d
1246 2272 8 14 9
1258 2281 45 33 ut
1326 2276 90 40 àla
1442 2277 124 52 place
1588 2279 247 42 habituelle
1855 2293 76 28 sur
1953 2280 39 40 la
2015 2281 120 50 ligne

134 2338 59 40 du
216 2337 169 48 milieu,
411 2351 114 39 pour
548 2339 38 39 la
611 2340 133 49 viole,
769 2349 42 32 et
833 2340 39 40 la
897 2341 86 41 clef
997 2342 54 40 de
1079 2343 52 51 fa
1161 2346 22 36 à
1215 2341 203 45 l'endroit
1441 2345 200 43 habituel
1665 2362 112 38 pour
1801 2349 62 40 les
1888 2348 154 41 basses
2065 2363 73 27 sur

132 2408 40 39 la
198 2409 247 51 quatrième
486 2409 137 50 ligne,
649 2415 151 47 portée
832 2410 251 42 inférieure.
1118 2412 124 53 Déjà,
1277 2413 89 40 lors
1392 2413 54 41 de
1483 2428 82 28 son
1585 2415 249 57 Agrippine
1841 2448 9 18 ,
1888 2416 202 42 Ilaendel
2114 2433 21 25 a

134 2476 163 52 adopté
320 2486 65 32 cet
417 2488 316 41 arrangement
773 2481 74 51 qui
879 2494 45 27 se
966 2490 174 32 montre
1174 2495 159 28 encore
1372 2483 110 41 dans
1515 2484 126 41 l'acte
1682 2485 106 52 qu'il
1829 2500 21 26 a
1890 2488 104 38 écrit
2026 2500 112 38 pour

132 2543 148 42 Muzio
315 2545 195 50 Scevola,
551 2547 114 40 dans
709 2547 170 50 Ottone,
906 2548 267 42 Alessandro
1214 2549 396 54 (commencement
1648 2554 59 40 du
1740 2554 231 41 deuxième
2007 2554 128 54 acte),

133 2613 127 40 Siroe
282 2611 270 56 (ouverture)
588 2623 41 32 et
666 2614 195 43 Orlando
883 2632 15 34 ;
921 2625 41 33 et
984 2618 112 40 dans
1118 2617 205 42 Bérénice
1345 2628 40 32 et
1407 2619 277 43 Faramondo
1691 2656 9 18 ,
1724 2625 129 38 écrits
1882 2637 99 27 vers
2005 2625 39 40 la
2071 2623 60 42 fin

134 2682 54 40 de
212 2683 39 38 la
273 2683 181 51 période
483 2684 53 40 de
575 2697 69 27 ses
668 2689 173 47 opéras,
867 2686 29 40 il
939 2684 162 44 n'avait
1136 2701 80 38 pas
1247 2701 158 28 encore
1441 2689 269 43 abandonné
1752 2701 110 32 cette
1898 2693 233 50 habitude,

134 2752 75 51 qui
240 2751 145 40 devait
410 2756 91 36 être
524 2752 101 52 plus
642 2766 57 27 ou
720 2755 148 39 moins
891 2755 106 40 hors
1020 2756 55 40 de
1097 2756 130 40 mode
1250 2761 21 35 à
1293 2766 109 31 cette
1421 2763 190 48 époque.

189 2818 323 53 L'Angleterre
541 2820 65 42 fut
642 2832 338 42 apparemment
1011 2824 40 40 la
1091 2825 122 40 seule
1237 2829 228 49 exception
1505 2832 21 35 à
1548 2829 39 39 la
1613 2829 120 50 règle
1762 2832 75 49 qui
1856 2831 171 41 voulait
2051 2845 85 39 que

133 2888 113 40 dans
267 2888 180 53 l'opéra,
468 2903 172 28 comme
660 2891 197 49 ailleurs,
880 2892 63 40 les
966 2893 256 41 harmonies
1242 2893 171 42 fussent
1436 2897 207 52 remplies
1663 2912 80 38 par
1762 2898 63 40 les
1845 2900 292 41 instruments

135 2961 22 35 à
183 2956 123 52 clefs,
329 2957 186 42 laissant
539 2959 246 42 seulement
806 2975 54 26 au
882 2961 263 42 violoncelle
1165 2971 40 32 et
1228 2966 21 36 à
1274 2963 40 40 la
1334 2964 288 42 contrebasse
1644 2966 245 42 l'émission
1909 2968 78 41 des
2009 2978 127 32 notes

133 3025 224 42 effectives
381 3027 54 40 de
458 3027 40 40 la
520 3031 141 49 partie
685 3029 54 40 de
762 3029 39 40 la
826 3029 148 49 basse,
1001 3039 40 32 et
1065 3032 92 39 rien
1174 3031 53 40 de
1250 3032 116 52 plus.
1390 3031 195 53 L'usage
1604 3036 54 39 de
1679 3034 172 42 fournir
1872 3036 62 41 les
1957 3038 149 41 harmo-

135 3096 95 40 nies
250 3095 111 40 dans
385 3096 69 41 les-
477 3097 211 41 récitatifs
710 3111 90 28 non
825 3104 341 47 accompagnés,
1194 3114 54 26 au
1272 3113 162 40 moyen
1457 3102 58 40 du
1537 3104 264 41 violoncelle
1824 3114 41 31 et
1893 3105 53 41 de
1969 3106 39 40 la
2034 3119 75 28 con-

131 3163 200 42 trebasse
426 3179 142 38 usage
609 3168 75 51 qui
708 3170 205 48 atteignit
933 3181 81 27 son
1038 3173 170 45 apogée
1228 3182 83 27 aux
1332 3177 143 45 temps
1497 3171 52 40 de
1578 3171 191 54 Lindley
1794 3182 42 33 et
1869 3173 265 52 Dragonetti

208 3246 54 27 ne
282 3243 105 42 peut
409 3248 80 38 pas
512 3238 90 38 être
623 3241 176 47 reporté
821 3237 101 52 plus
945 3237 90 41 loin
1060 3250 85 39 que
1175 3238 39 39 la
1239 3240 217 50 première
1479 3242 141 48 partie
1651 3241 59 40 du
1733 3256 68 25 xix
1804 3247 15 17 e
1841 3243 155 49 siècle;
2022 3245 113 40 mais

131 3302 31 38 il
186 3310 65 31 est
270 3300 175 42 difficile
468 3304 53 39 de
558 3304 93 40 dire
688 3309 21 35 à
746 3305 147 52 quelle
915 3310 174 48 époque
1110 3306 170 41 reculée
1299 3307 29 39 il
1350 3321 21 26 a
1404 3307 103 40 bien
1540 3323 59 37 pu
1629 3314 158 37 naître.
1813 3309 68 43 Au
1919 3320 142 45 temps
2084 3313 54 40 de

136 3368 220 52 Haendel,
381 3383 54 28 en
458 3370 116 52 effet,
599 3371 196 54 l'emploi
830 3375 278 41 du-clavecin
1132 3377 106 40 était
1257 3377 225 40 universel
1502 3390 53 27 en
1585 3376 263 52 Angleterre
1884 3382 120 39 aussi
2028 3380 103 43 bien

135 3436 100 54 qu'à
260 3438 254 52 l'étranger.
545 3439 63 42 La
641 3444 196 49 position
858 3443 76 41 des
970 3446 293 40 instruments
1293 3449 22 37 à
1340 3445 153 41 cordes
1514 3459 75 27 sur
1611 3446 195 53 lesquels
1830 3462 57 27 on
1907 3450 100 52 joue
2027 3463 105 29 avec

134 3502 40 44 la
199 3508 121 41 main
340 3516 65 33 est
435 3509 193 53 quelque
653 3525 84 38 peu
761 3514 215 40 curieuse.
