2268 3739
564 180 308 43 L'ORCHESTRE
907 191 51 28 ET
992 190 77 28 LES
1103 190 317 30 INSTRUMENTS
1451 193 25 25 A
1509 192 177 28 CORDES

2061 197 74 39 143

108 286 130 53 faire
259 286 242 55 imprimer
522 285 26 41 à
570 296 89 29 mes
674 280 139 55 frais,
839 294 57 27 ou
918 280 42 41 si
970 279 54 57 je
1043 280 159 42 décide
1241 280 199 41 Vauteur
1463 280 111 42 àme
1600 281 145 42 livrer
1776 296 82 29 son
1893 296 168 40 œuvre,
2096 286 42 53 je

114 369 67 28 me
193 356 140 55 ferai
355 369 57 28 un
429 355 171 56 plaisir
617 352 54 42 de
690 364 108 28 vous
813 349 214 43 traduire
1051 352 62 40 les
1136 350 233 54 chapitres
1392 350 80 55 qui
1486 352 279 53 pourraient
1795 366 110 27 vous
1945 354 169 41 intéres-

112 439 77 28 ser
208 442 14 35 ;
248 425 34 41 il
311 426 132 54 parle
468 425 290 54 longuement
777 419 114 42 delà
912 420 284 41 corrélation
1222 426 131 35 entre
1373 420 43 40 la
1441 421 206 55 musique
1663 427 45 34 et
1730 421 65 42 les
1818 429 165 43 astres,
2009 421 131 44 l'état

115 495 165 51 d'âme,
302 501 84 36 etc.
411 493 92 43 J'ai
525 490 221 43 demandé
767 493 26 39 à
817 491 202 41 l'auteur
1039 491 74 40 s'il
1134 492 190 54 croyait
1337 491 25 39 à
1387 489 268 42 l'évocation
1688 491 78 40 des
1786 491 168 55 esprits
1978 506 90 40 par
2093 494 45 40 la

114 567 202 54 musique
338 577 13 30 :
373 564 33 40 il
428 563 84 40 m'a
545 560 204 55 répondu
781 560 112 56 qu'il
901 575 50 42 y
988 560 127 42 avait
1153 559 78 42 des
1253 558 155 57 djinns
1445 559 80 55 qui
1550 559 294 54 présidaient
1865 563 26 39 à
1929 567 100 35 tous
2073 561 64 42 les

115 649 269 38 morceaux,
410 636 113 40 mais
544 632 132 57 qu'on
714 646 54 28 ne
792 633 62 40 les
890 631 165 56 voyait
1081 644 86 40 pas
1179 646 15 35 ;
1219 630 33 40 il
1284 643 26 27 a
1345 628 254 56 cependant
1641 643 144 28 connu
1817 644 58 27 un
1916 632 221 40 musicien

113 710 72 52 qui
210 708 161 55 voyait
392 703 208 57 toujours
620 705 39 39 le
682 702 130 57 djinn
836 701 58 42 du
916 700 127 41 mode
1068 715 20 25 «
1120 700 181 42 raharvi
1332 714 39 36 »,
1392 698 36 42 il
1451 700 41 39 le
1527 698 221 42 montrait
1785 698 115 43 dans
1940 714 57 27 un
2033 702 103 40 coin

113 776 55 42 de
188 778 45 40 la
254 776 114 41 salle
389 781 44 35 et
453 787 53 27 en
530 774 125 40 avait
671 771 287 58 grand'peur
973 782 17 42 ;
1017 769 204 42 d'autres
1242 769 278 41 musulmans
1555 767 140 42 m'ont
1718 768 191 56 affirmé
1930 770 43 41 la
1997 770 141 41 même

113 846 146 41 chose.
280 844 54 42 Je
369 856 108 29 vous
497 843 157 41 envoie
671 856 58 27 un
752 841 188 41 numéro
961 839 55 42 de
1038 845 134 36 notre
1193 839 153 42 Revue
1369 837 156 50 arabe,
1562 841 55 37 où
1651 850 47 29 se
1728 844 214 35 trouvent
1980 852 134 40 repro-

115 915 147 41 duites
285 913 254 56 d'antiques
560 925 169 43 orgues
748 924 239 44 grecques,
1012 909 179 55 d'après
1212 922 58 28 un
1293 910 95 40 très
1424 908 161 40 ancien
1609 908 257 40 manuscrit
1899 920 87 42 que
2025 922 113 27 nous

115 996 163 30 venons
302 982 53 41 de
372 981 259 44 découvrir.
661 981 121 42 C'est
806 982 44 41 la
871 979 266 42 traduction
1158 978 141 42 arabe
1322 977 105 41 d'un
1451 978 180 40 certain
1653 976 184 42 nombre
1852 976 288 55 d'opuscules

113 1065 134 43 grecs
268 1065 83 28 sur
374 1053 64 40 les
456 1051 214 49 sciences,
698 1058 43 34 et
767 1051 33 41 il
805 1064 49 42 y
877 1063 52 28 en
949 1063 26 28 a
999 1051 105 53 cinq
1118 1062 83 28 sur
1226 1049 44 40 la
1303 1048 218 55 musique.
1549 1047 137 42 Trois
1716 1054 110 35 sont
1846 1046 229 43 attribués
2112 1048 27 40 à

116 1136 58 27 un
196 1122 177 42 certain
398 1121 223 52 Myrthos
649 1134 56 27 ou
730 1119 264 57 Myristhos
1016 1119 83 55 (les
1129 1118 123 42 deux
1283 1131 128 29 noms
1446 1131 48 28 se
1522 1117 261 55 trouvent);
1814 1117 37 42 il
1886 1129 112 30 nous
2020 1131 27 27 a
2070 1117 71 42 été

115 1191 276 56 impossible,
420 1204 54 28 vu
494 1192 44 40 la
556 1190 224 55 pauvreté
802 1190 55 41 de
879 1195 132 35 notre
1033 1188 306 56 bibliothèque
1360 1201 82 29 sur
1472 1194 118 35 cette
1610 1187 209 52 matière,
1859 1186 280 50 d'identifier

112 1267 69 35 cet
213 1266 219 37 auteur...

167 1331 38 41 A
228 1343 100 28 mon
351 1336 164 36 retour
529 1329 54 42 de
607 1343 104 28 mon
734 1330 110 55 long
863 1340 183 43 voyage
1068 1327 115 42 dans
1207 1327 280 50 l'intérieur,
1506 1326 92 56 j'ai
1637 1324 167 43 trouvé
1828 1326 45 41 la
1913 1326 228 40 brochure

113 1400 53 42 de
190 1401 69 42 M.
282 1401 224 50 Rouanet,
541 1413 83 43 que
646 1413 110 28 vous
775 1413 107 42 ave\
908 1411 50 29 eu
983 1397 306 57 lobligeance
1318 1397 55 42 de
1396 1397 264 54 m'envoyer
1675 1407 16 42 ;
1713 1394 92 57 j'ai
1837 1396 155 40 craint
2029 1394 113 55 qu'il

115 1482 53 29 ne
177 1468 84 58 fût
280 1469 99 43 bien
403 1470 106 41 tard
527 1483 121 41 pour
669 1483 53 27 en
746 1469 169 42 rendre
935 1474 191 48 compte.

179 1538 200 57 Veuille{
410 1540 187 55 agréer,
622 1545 122 38 etc...

1373 1632 150 42 D.M.
1557 1632 351 51 COLLANGETTE,

881 1727 213 34 Professeur
1112 1726 43 34 de
1181 1726 184 43 physique
1388 1729 18 30 à
1430 1726 134 34 l'Ecole
1586 1726 45 34 de
1653 1724 189 36 Médecine
1865 1724 44 35 de
1933 1724 204 43 Beyrouth.

116 1995 375 43 L'Orchestre
514 1998 58 40 et
591 1995 86 43 les
708 1995 390 44 instruments
1119 1995 33 43 à
1184 1998 208 41 cordes
1424 1996 32 45 à
1477 1995 262 56 l'époque
1782 1999 69 42 de
1876 1996 265 45 Haendel

933 2069 58 38 et
1032 2065 68 43 de
1141 2066 174 42 Bach.

155 2196 58 32 Un
237 2196 144 33 abonné
404 2195 43 32 de
468 2198 33 31 la
523 2196 117 32 Revue
660 2194 168 33 musicale
849 2202 86 27 veut
954 2194 85 34 bien
1067 2205 93 22 nous
1196 2204 161 32 envoyer
1381 2193 152 34 l'article
1556 2193 160 40 suivant,
1745 2194 63 42 qui
1832 2205 18 22 a
1883 2205 71 24 une
1977 2194 162 35 sérieuse

112 2248 137 31 valeur.
272 2245 103 34 Nous
401 2257 157 31 croyons
582 2246 146 41 réparer
761 2257 47 21 un
831 2245 131 41 simple
984 2245 102 33 oubli
1116 2245 45 33 de
1185 2252 105 26 notre
1312 2245 204 33 honorable
1540 2245 293 41 correspondant
1855 2252 33 26 et
1911 2245 185 42 répondre
2120 2247 19 31 à

112 2307 55 23 ses
190 2306 151 33 propres
380 2296 202 34 intentions
615 2306 43 24 en
693 2297 165 42 ajoutant
882 2307 72 31 que
976 2307 40 23 ce
1039 2295 127 35 travail
1194 2303 52 26 est
1272 2306 72 22 une
1366 2295 93 33 libre
1486 2295 209 34 traduction
1719 2295 85 33 d'un
1839 2295 168 42 chapitre
2041 2296 42 34 de
2107 2299 32 31 la

112 2349 71 31 très
206 2348 122 32 bonne
351 2347 138 43 Oxford
511 2347 148 42 History
682 2347 42 42 of
735 2347 114 32 music
866 2346 171 43 (Oxford,
1058 2354 37 27 at
1118 2349 60 31 the
1215 2346 208 34 Clarendon
1451 2348 138 41 Press).

168 2437 147 42 Avant
339 2438 39 41 la
399 2436 63 43 fin
484 2438 111 41 delà
620 2438 182 53 période
816 2438 54 41 de
893 2438 123 41 Bach
1038 2447 42 32 et
1100 2438 53 41 de
1172 2438 219 51 Haendel,
1412 2438 294 53 l'expression
1728 2451 20 26 «
1771 2439 227 40 orchestre
2012 2452 93 27 com-

112 2507 90 53 plet
226 2521 20 25 »
272 2509 92 52 qui,
385 2508 55 40 de
463 2521 82 28 nos
568 2509 139 52 jours,
736 2517 67 32 est
825 2516 278 33 exactement
1137 2509 224 52 comprise
1383 2508 54 41 de
1460 2506 40 42 la
1527 2513 147 36 même
1697 2510 200 39 manière
1930 2521 81 40 par
2034 2516 102 32 tous

112 2577 64 40 les
197 2578 259 48 musiciens,
483 2579 142 38 aurait
649 2582 67 36 été
736 2575 164 44 définie
933 2577 134 42 d'une
1090 2579 200 40 manière
1313 2577 234 42 différente
1590 2593 81 38 par
1693 2579 173 40 chacun
1891 2578 54 41 de
1980 2591 106 28 ceux
2112 2581 23 36 à

112 2648 76 51 qui
238 2660 56 27 on
331 2648 143 39 aurait
509 2647 222 41 demandé
772 2647 54 40 de
865 2646 275 54 l'expliquer.
1186 2646 153 42 L'idée
1380 2648 216 41 moderne
1634 2648 106 41 d'un
1787 2661 131 39 corps
1970 2645 83 42 fixe
2092 2655 41 32 et

110 2715 249 41 invariable
397 2716 340 42 d'instruments
769 2717 142 41 divisé
951 2731 55 27 en
1044 2731 197 39 groupes
1285 2727 41 32 et
1365 2724 212 48 composé
1618 2720 56 40 de
1710 2719 82 41 tels
1827 2732 56 26 ou
1927 2717 82 41 tels
2044 2718 67 38 ins-

108 2794 220 33 truments
369 2786 281 53 particuliers
693 2787 164 40 n'avait
881 2800 80 40 pas
984 2801 160 27 encore
1181 2789 91 51 pris
1296 2786 143 43 forme
1471 2792 21 36 à
1534 2787 206 53 l'époque
1776 2787 53 40 de
1853 2800 71 27 ces
1957 2784 172 52 grands

113 2859 198 38 maîtres.
337 2854 39 41 A
399 2854 218 43 l'examen
655 2854 106 43 d'un
780 2856 145 51 grand
950 2856 190 41 nombre
1172 2857 78 40 des
1284 2871 226 38 ouvrages
1545 2858 55 40 de
1638 2856 137 48 Bach,
1812 2855 53 40 de
1909 2853 222 48 Haendel,

112 2925 54 40 de
216 2923 118 42 leurs
376 2925 343 52 prédécesseurs
760 2934 41 33 et
841 2926 52 41 de
930 2925 119 42 leurs
1086 2929 364 51 contemporains
1473 2961 10 18 ,
1540 2927 30 40 il
1610 2935 66 33 est
1714 2925 179 42 évident
1939 2937 87 40 que
2066 2923 65 40 les

112 2995 328 51 compositeurs
457 3008 56 27 ne
529 3008 47 28 se
596 2996 222 40 sentaient
842 2994 176 52 obligés
1046 3009 54 27 en
1123 3010 174 27 aucune
1319 2998 216 50 manière,
1573 2996 113 40 dans
1716 3007 173 29 aucune
1912 2994 141 53 partie
2076 2992 55 40 de

112 3062 119 42 leurs
254 3066 343 51 compositions,
615 3063 277 55 d'employer
914 3066 39 40 la
978 3066 172 42 totalité
1173 3066 59 41 du
1255 3080 132 39 corps
1406 3066 78 42 des
1509 3068 297 39 instruments
1837 3063 291 42 d'orchestre.

114 3131 68 42 En
206 3146 46 28 ce
292 3135 75 51 qui
390 3147 217 28 concerne
636 3134 64 41 les
736 3136 296 41 instruments
1056 3140 22 36 à
1119 3136 157 41 cordes
1312 3150 57 27 au
1401 3136 146 51 grand
1580 3135 211 53 complet,
1829 3141 224 33 rarement
2076 3131 54 40 ils

113 3200 282 45 s'écartèrent
417 3203 55 41 de
498 3203 171 52 l'usage
689 3204 134 53 qu'on
844 3219 56 28 en
935 3204 79 42 fait
1036 3219 161 28 encore
1220 3204 287 55 aujourd'hui
1532 3220 8 34 ;
1564 3207 114 38 mais
1711 3204 54 41 ils
1793 3203 64 41 les
1886 3203 246 40 divisèrent

112 3283 55 28 en
189 3271 112 42 deux
323 3286 213 39 groupes,
566 3288 59 27 un
648 3275 54 40 de
724 3274 176 42 violons
931 3283 43 33 et
1008 3290 61 26 un
1091 3275 54 41 de
1163 3275 157 52 violes,
1347 3275 119 41 alors
1504 3273 131 55 qu'ils
1655 3273 209 42 faisaient
1901 3270 212 53 générale

114 3349 119 32 ment
254 3342 125 52 jouer
401 3342 63 41 les
482 3341 292 43 violoncelles
792 3353 42 33 et
855 3344 64 41 les
942 3344 312 42 contrebasses
1279 3349 23 36 à
1326 3344 240 51 l'unisson,
1601 3348 21 36 à
1643 3344 186 40 l'octave
1857 3342 64 41 les
1945 3355 84 27 uns
2052 3342 78 40 des

117 3418 164 32 autres.
307 3409 38 41 A
364 3409 169 53 l'égard
558 3412 53 42 de
628 3412 198 54 l'emploi
843 3414 78 40 des
938 3415 294 40 instruments
1253 3418 23 36 à
1291 3422 120 43 vent,
1438 3427 58 28 on
1517 3428 23 26 a
1563 3411 285 55 quelquefois
1870 3413 112 39 émis
2005 3409 106 53 l'opi-

117 3479 108 40 nion
249 3492 85 38 que
358 3479 96 41 leur
477 3481 128 41 choix
625 3483 107 40 était
754 3485 208 38 restreint
981 3497 81 39 par
1084 3483 63 40 les
1167 3483 257 41 conditions
1448 3483 200 40 diverses
1687 3481 113 40 dans
1820 3478 240 53 lesquelles
2080 3490 47 27 se

117 3545 151 43 faisait
293 3546 234 43 l'audition
552 3549 53 40 de
628 3549 119 42 leurs
771 3553 326 50 compositions
1117 3560 42 33 et
1183 3552 39 41 le
1242 3551 190 42 nombre
1455 3552 78 41 des
1556 3551 294 42 instruments
1881 3547 248 53 employés.
