2269 3797
425 206 238 35 QUELQUES
697 196 297 37 NOUVEAUTÉS
1028 205 57 26 DE
1119 205 52 26 LA
1204 198 311 35 LITTÉRATURE
1550 208 267 28 ALLEMANDE

2061 214 68 38 151

289 366 291 55 Quelques
630 364 363 44 nouveautés
1035 362 68 43 de
1135 362 57 43 la
1232 362 335 45 littérature
1600 365 325 44 allemande

868 445 106 32 sur
1000 432 55 43 la
1089 431 290 56 Musique.

175 568 63 43 La
263 569 243 42 littérature
542 568 255 41 allemande
837 582 22 27 a
882 567 181 54 produit
1083 568 166 41 durant
1284 582 71 28 ces
1377 578 156 44 quatre
1565 571 202 43 derniers
1791 576 116 40 mois
1930 574 104 44 bien
2051 593 85 38 peu

120 640 54 40 de
197 640 157 40 choses
376 640 344 39 intéressantes:
743 639 78 40 des
845 647 199 44 comptes
1066 639 165 41 rendus
1255 653 76 27 sur
1350 640 78 40 des
1452 640 309 53 phénomènes
1782 644 237 43 littéraires
2036 661 100 29 sont

121 708 101 42 faits
257 708 344 51 régulièrement
644 708 174 52 chaque
855 709 218 50 semaine,
1108 718 42 32 et
1189 722 225 40 personne
1437 724 56 26 ne
1516 708 91 44 s'en
1642 717 164 37 étonne
1832 713 7 40 !
1865 713 63 43 Le
1952 716 184 53 profane

120 778 134 40 lisant
286 778 62 40 les
372 778 219 52 journaux
616 778 211 52 spéciaux
863 791 115 39 pour
999 793 27 38 y
1047 780 99 40 voir
1168 779 64 41 les
1268 780 197 51 grandes
1489 780 305 53 publications
1834 785 54 40 de
1908 785 41 41 la
1983 788 153 41 saison

120 848 241 41 trouverait
384 851 21 36 à
424 849 129 51 peine
585 861 61 27 un
682 861 200 38 ouvrage
905 846 297 48 satisfaisant,
1229 848 111 42 dont
1362 850 29 40 il
1413 852 203 51 pourrait
1651 852 94 41 dire
1766 863 7 29 :
1797 866 19 25 «
1841 852 69 42 En
1929 856 119 41 voilà
2072 872 60 26 un

122 917 75 52 qui
218 916 173 41 dévoile
411 916 78 41 des
512 926 164 32 secrets
702 919 8 39 !
732 929 20 26 »
778 917 169 53 Depuis
966 917 40 41 le
1028 918 110 41 livre
1179 918 55 41 de
1254 917 148 43 Guido
1428 919 137 42 Adler
1588 934 77 28 sur
1698 921 197 43 Richard
1915 924 221 53 Wagner,

120 1001 145 27 aucun
288 1001 81 39 pas
392 988 246 53 important
662 987 70 42 n'a
760 991 69 37 été
843 985 94 43 fait.

173 1056 89 42 Des
286 1056 133 42 livres
444 1058 153 40 aidant
622 1061 21 37 à
668 1056 198 42 célébrer
906 1055 176 43 Mozart
1133 1070 176 29 comme
1352 1058 39 42 le
1426 1058 133 42 héros
1582 1060 60 41 du
1666 1061 166 41 monde
1870 1064 205 51 musical,
2099 1065 39 53 je

120 1128 83 39 cite
237 1126 63 40 La
331 1126 74 41 Vie
421 1128 51 39 de
490 1126 170 41 Mozart
684 1159 8 17 ,
718 1141 55 27 en
799 1140 18 38 3
825 1130 14 18 e
856 1126 169 42 édition
1039 1125 331 56 (L'Harmonie,
1395 1128 153 41 Berlin
1581 1129 116 52 W.),
1717 1145 82 39 par
1820 1130 142 44 Louis
1997 1133 140 50 Nohl,

121 1205 41 32 et
198 1194 188 42 Mozarts
421 1195 144 42 Kunst
602 1197 76 40 der
706 1196 385 41 Instrumentation
1128 1197 133 49 (l'Art
1284 1200 317 41 instrumental
1634 1201 54 40 de
1980 1218 82 38 par
2098 1204 40 42 le

118 1264 37 41 D
161 1269 15 18 r
195 1263 132 52 Egon
357 1265 54 41 de
435 1264 355 55 Komarczynski
823 1267 124 50 (chez
968 1265 191 42 Charles
1199 1265 277 56 Griininger,
1504 1267 243 57 Stuttgart)
1774 1283 9 38 ;
1823 1272 113 42 dans
1960 1287 70 28 ces
2062 1288 51 27 ou-

117 1347 179 38 vrages,
320 1333 175 43 Mozart
517 1344 66 32 est
605 1336 244 51 vulgarisé.
872 1335 64 42 Le
960 1336 112 54 style
1096 1347 159 31 savant
1290 1352 21 26 a
1349 1336 120 43 forcé
1486 1339 64 41 les
1574 1339 265 43 Allemands
1860 1347 21 35 à
1908 1348 121 36 créer
2051 1358 87 27 une

118 1402 143 43 forme
284 1404 297 54 d'exposition
604 1406 226 49 nouvelle,
848 1408 76 51 qui
948 1408 85 40 soit
1059 1411 21 35 à
1106 1407 40 41 la
1167 1412 154 48 portée
1340 1408 54 40 de
1418 1416 116 33 tous.
1556 1408 64 41 Ce
1644 1411 74 52 qui
1741 1419 65 32 est
1824 1411 40 40 la
1886 1412 123 51 règle
2023 1426 115 39 pour

120 1473 64 41 les
207 1474 213 52 Français
444 1484 66 32 est
532 1488 161 28 encore
710 1489 87 28 une
817 1477 232 51 exception
1073 1489 113 40 pour
1209 1477 64 40 les
1300 1475 279 44 Allemands.
1604 1476 37 43 L
1660 1493 153 27 œuvre
1833 1480 225 55 classique
2082 1482 56 40 de

122 1542 62 41 M.
212 1542 108 43 Otto
331 1543 116 56 Jahn
470 1558 56 27 ne
542 1546 185 52 pouvait
746 1549 92 38 être
852 1546 72 41 lue
944 1559 87 39 que
1053 1560 80 39 par
1149 1547 78 40 des
1244 1549 415 48 gensconnaissant
1676 1549 97 41 l'art
1790 1550 188 41 musical
1999 1561 8 38 ;
2034 1552 104 41 c'est

122 1625 55 26 en
202 1612 91 41 cela
317 1627 85 38 que
425 1613 230 52 l'ouvrage
678 1615 54 40 de
750 1613 63 41 M.
839 1613 121 43 Nohl
981 1629 22 26 a
1030 1614 233 55 beaucoup
1290 1616 54 42 de
1377 1619 171 39 mérite.
1577 1616 95 42 Son
1706 1619 113 53 style
1853 1633 47 27 se
1920 1620 49 41 lit
1990 1619 126 43 facile-

122 1690 122 31 ment
271 1692 8 37 ;
315 1682 29 40 il
378 1684 115 39 évite
516 1683 63 41 les
619 1682 222 42 banalités
877 1693 41 32 et
957 1684 63 41 les
1045 1684 115 41 lieux
1202 1698 252 29 communs.
1501 1686 143 42 Toute
1685 1688 39 40 la
1769 1687 269 56 biographie
2072 1700 66 32 est

120 1747 228 44 d'ailleurs
376 1757 232 46 parsemée
637 1752 106 41 d'un
769 1753 177 53 pathos,
973 1751 132 43 d'une
1125 1753 230 43 sublimité
1378 1765 235 39 soutenue,
1641 1757 222 42 devenant
1893 1769 245 32 monotone

122 1822 22 36 à
170 1818 39 40 la
235 1818 183 52 longue.
443 1819 63 43 Le
531 1822 105 52 plan
656 1830 66 32 est
742 1822 176 53 simple.
946 1822 31 40 Il
1002 1833 65 31 est
1091 1825 90 38 vrai
1216 1837 86 39 que
1326 1825 39 40 la
1387 1828 249 39 connexion
1656 1827 54 40 de
1733 1827 40 40 la
1798 1829 70 40 vie
1888 1832 248 38 extérieure

121 1887 54 40 de
197 1886 174 43 Mozart
391 1897 41 32 et
456 1890 53 40 de
536 1903 71 27 ses
628 1904 177 27 œuvres
829 1900 65 31 est
920 1891 169 53 parfois
1110 1893 228 49 éclaircie;
1364 1896 114 39 mais
1499 1895 113 41 dans
1632 1896 39 40 la
1694 1898 205 51 peinture
1920 1898 55 41 de
1998 1913 46 27 sa
2065 1901 71 39 vie

120 1956 234 43 dominent
381 1958 64 41 les
477 1961 292 40 contrariétés
792 1969 41 32 et
856 1961 40 40 la
922 1961 202 47 lumière,
1148 1963 126 40 tâche
1302 1963 178 41 difficile
1503 1978 115 39 pour
1640 1964 224 44 l'écrivain
1886 1982 87 38 que
1995 1969 55 40 de
2072 1984 44 26 ra-

120 2036 152 31 conter
293 2027 79 41 des
394 2026 103 43 faits
530 2030 75 51 qui
640 2043 46 26 se
717 2034 215 48 répètent,
968 2039 95 32 tout
1094 2045 55 27 en
1172 2032 277 42 demandant
1483 2048 88 27 une
1594 2037 261 51 expression
1887 2039 226 40 continuel-

118 2095 166 42 lement
305 2098 163 40 variée.
495 2097 97 41 Une
627 2100 252 40 contrainte
917 2112 55 28 en
1005 2100 180 50 résulte,
1213 2116 59 26 un
1306 2110 76 32 ton
1407 2103 263 54 pathétique
1692 2106 170 41 violent
1887 2109 75 50 qui
1987 2121 126 28 carac-

118 2166 132 39 térise
285 2166 40 40 la
362 2166 179 53 plupart
577 2167 78 41 des
687 2167 310 54 biographies.
1037 2169 50 55 Je
1123 2184 55 27 ne
1208 2171 214 41 voudrais
1446 2187 80 38 pas
1566 2173 95 42 dire
1694 2189 116 38 pour
1847 2176 92 41 cela
1975 2191 85 38 que
2095 2178 40 40 la

118 2232 268 56 biographie
421 2238 133 39 écrite
586 2251 81 39 par
689 2236 62 41 M.
786 2236 122 43 Nohl
931 2236 113 44 n'est
1072 2253 81 39 pas
1178 2239 149 42 lisible
1347 2253 8 39 ;
1393 2244 116 39 mais
1549 2243 85 41 elle
1658 2258 113 28 vous
1804 2244 118 43 lasse
1955 2262 60 26 un
2051 2261 86 39 peu

118 2317 81 39 par
233 2304 40 41 le
312 2305 164 52 pathos
503 2308 76 51 qui
619 2307 199 42 domine.

169 2372 178 53 Malgré
369 2375 40 40 le
432 2384 76 33 ton
532 2377 251 52 populaire,
819 2378 39 52 je
881 2380 114 38 crois
1019 2392 88 39 que
1141 2393 49 27 ce
1213 2380 125 52 livre,
1376 2394 106 28 avec
1516 2396 70 27 ses
1619 2384 246 41 anecdotes
1910 2395 41 32 et
1994 2386 121 42 histo-

118 2444 150 40 riettes
292 2457 106 28 sans
422 2443 78 52 fin,
519 2454 67 32 est
608 2444 234 56 beaucoup
868 2457 97 44 trop
986 2450 159 40 estimé
1168 2463 55 27 en
1246 2449 287 53 Allemagne.

171 2512 152 53 Quant
356 2519 22 36 à
421 2516 24 39 Y
451 2514 87 41 Art
572 2517 50 39 de
658 2515 27 41 V
689 2516 383 43 Instrumentation
1105 2521 50 39 de
1189 2519 173 56 Mozart
1403 2537 81 38 par
1507 2522 40 41 le
1585 2522 36 41 D
1627 2528 15 17 r
1679 2523 132 52 Egon
1855 2525 53 40 de
1948 2525 157 41 Komar-

112 2583 199 51 czynski,
331 2584 189 41 l'auteur
542 2599 22 26 a
581 2588 127 39 réuni
732 2592 88 35 très
840 2587 279 44 brièvement
1141 2590 113 42 dans
1273 2605 47 27 ce
1341 2594 130 39 traité
1488 2592 64 41 les
1571 2593 209 41 résultats
1801 2594 54 40 de
1874 2595 259 41 recherches

115 2656 213 47 récentes,
354 2662 41 33 et
419 2662 94 33 tout
538 2655 38 40 le
599 2656 164 41 monde
786 2670 164 39 pourra
974 2659 80 41 lire
1077 2673 47 27 ce
1155 2660 109 41 livre
1294 2675 106 27 sans
1431 2660 251 44 difficultés.
1724 2663 142 53 Après
1903 2667 125 39 avoir
2063 2665 48 40 dé-

115 2726 176 36 montré
311 2722 63 41 les
397 2724 288 42 innovations
709 2726 293 43 audacieuses
1028 2729 55 41 de
1118 2729 175 43 Mozart
1315 2741 270 32 concernant
1621 2732 446 53 l'instrumentation,
2095 2743 41 32 et

114 2803 47 27 ce
181 2805 57 38 qu
258 2791 30 40 il
312 2793 106 39 était
441 2793 251 50 lui-même,
732 2796 61 40 lui
818 2799 76 50 qui
919 2812 21 26 a
966 2803 97 36 créé
1086 2799 39 40 le
1146 2799 262 43 fondement
1451 2815 76 28 sur
1566 2802 148 52 lequel
1752 2803 159 41 s'élève
1951 2804 97 39 l'art
2081 2803 54 40 de

117 2861 152 39 traiter
292 2860 258 44 l'orchestre
573 2864 55 40 tel
652 2878 87 39 que
758 2864 107 43 l'ont
888 2881 139 37 conçu
1052 2867 192 52 Berlioz,
1267 2870 196 42 Richard
1497 2871 206 51 Wagner
1725 2881 41 31 et
1799 2871 137 50 Liszt,
1976 2871 62 41 M.
2082 2872 53 40 de

118 2928 353 56 Komarczynski
492 2935 129 38 attire
637 2943 128 32 notre
785 2939 218 40 attention
1021 2952 77 27 sur
1115 2939 62 40 les
1200 2940 165 52 phases
1390 2940 276 52 historiques
1682 2941 54 39 de
1753 2939 97 43 l'art
1870 2942 52 39 de
1940 2940 174 42 l'instru-

115 3001 245 40 mentation
384 3001 104 41 chez
511 3001 190 51 Mozart,
724 3003 107 54 qu'il
857 3008 89 40 suit
969 3006 398 45 affectueusement
1391 3015 22 36 à
1437 3019 170 33 travers
1628 3022 72 29 ses
1721 3015 175 49 opéras,
1922 3012 182 52 sympho-

111 3069 96 40 nies
230 3078 41 33 et
292 3073 209 51 musique
524 3077 150 37 sacrée
691 3088 9 35 ;
736 3083 40 32 et
812 3074 105 43 c'est
952 3077 38 41 là
1027 3078 106 53 qu'il
1172 3093 115 27 nous
1327 3083 207 50 présente
1572 3081 55 40 de
1667 3079 113 42 fines
1820 3079 314 44 observations

111 3138 233 42 nouvelles
369 3154 86 39 que
475 3141 11 39 1
506 3154 58 28 on
588 3152 104 42 peut
717 3145 212 50 regarder
948 3160 175 28 comme
1143 3148 78 41 des
1253 3147 104 43 faits
1378 3152 169 51 acquis.

167 3206 169 43 Mozart
357 3224 51 26 en
431 3225 167 41 voyage
618 3214 24 38 à
674 3212 182 55 Prague
878 3213 194 55 (Mozart
1103 3217 81 42 auf
1202 3219 77 40 der
1319 3219 135 41 Reise
1484 3219 114 41 nach
1622 3217 154 56 Prag),
1802 3234 80 38 par
1919 3219 214 42 Edouard

110 3274 190 53 Màrike,
325 3293 28 26 n
373 3294 22 26 a
418 3294 144 27 aucun
583 3292 184 43 rapport
784 3298 105 27 avec
913 3285 39 41 la
978 3286 249 42 littérature
1247 3302 77 27 sur
1353 3288 40 40 la
1438 3290 225 52 musique,
1698 3289 42 52 je
1776 3290 123 52 parle
1934 3291 52 39 ici
2028 3289 105 41 d'un

113 3359 197 40 ouvrage
347 3355 88 35 très
470 3351 160 42 délicat
665 3353 54 40 de
752 3357 154 50 poésie
940 3356 270 53 allemande,
1254 3358 120 52 plein
1407 3357 132 42 d'une
1586 3359 231 41 tendresse
1856 3360 275 47 charmante,

113 3415 25 39 d
160 3431 85 26 une
279 3420 147 48 gaieté
448 3422 256 52 tranquille,
731 3423 105 42 d'un
872 3425 178 53 parfum
1072 3427 215 40 délicieux
1322 3436 42 32 et
1395 3428 292 49 enchanteur,
1719 3431 251 50 exprimant
2002 3427 132 41 d'une

115 3490 197 40 manière
335 3500 95 32 tout
454 3492 262 52 ineffaçable
741 3495 63 41 les
826 3498 127 39 traits
977 3497 117 42 doux
1119 3507 41 32 et
1193 3498 258 53 idylliques,
1484 3498 64 41 les
1580 3499 191 52 qualités
1799 3497 334 42 merveilleuses

116 3565 41 31 et
179 3559 124 48 gaies
322 3560 59 40 du
404 3567 220 36 caractère
643 3563 55 40 de
713 3563 175 43 Mozart
905 3577 9 39 ;
934 3564 280 44 n'existe-t-il
1232 3567 114 41 donc
1366 3581 81 38 pas
1472 3582 59 26 un
1555 3568 182 41 homme
1762 3581 172 27 comme
1957 3566 176 41 Baude-
