<?xml version="1.0" encoding="UTF-8"?>
<alto xmlns:xsi="http://www.w3.org/2001/XMLSchema-instance" xmlns="http://www.loc.gov/standards/alto/ns-v2#" xsi:schemaLocation="http://www.loc.gov/standards/alto/ns-v2# http://www.loc.gov/standards/alto/alto-v2.0.xsd" xmlns:xlink="http://www.w3.org/1999/xlink">
	<Description>
		<MeasurementUnit>mm10</MeasurementUnit>
		<sourceImageInformation>
			<fileName>//fileserver7/IN2-2/Princeton/bmtnabj/1906/03/15_01/00000182.tif</fileName>
		</sourceImageInformation>
		<OCRProcessing ID="OCRPROCESSING_1">
			<preProcessingStep>
				<processingSoftware>
					<softwareCreator>CCS Content Conversion Specialists GmbH, Germany</softwareCreator>
					<softwareName>CCS docWorks</softwareName>
					<softwareVersion>6.7-1.20</softwareVersion>
				</processingSoftware>
			</preProcessingStep>
			<ocrProcessingStep>
				<processingSoftware>
					<softwareCreator>ABBYY (BIT Software), Russia</softwareCreator>
					<softwareName>FineReader</softwareName>
					<softwareVersion>10.0</softwareVersion>
				</processingSoftware>
			</ocrProcessingStep>
		</OCRProcessing>
	</Description>
	<Styles>
		<TextStyle ID="TXT_0" FONTSIZE="4" FONTFAMILY="Gotham-Light"/>
		<TextStyle ID="TXT_1" FONTSIZE="13" FONTFAMILY="Times New Roman"/>
		<TextStyle ID="TXT_2" FONTSIZE="14" FONTFAMILY="Times New Roman" FONTSTYLE="bold"/>
		<TextStyle ID="TXT_3" FONTSIZE="15" FONTFAMILY="Times New Roman"/>
		<TextStyle ID="TXT_4" FONTSIZE="15" FONTFAMILY="Times New Roman" FONTSTYLE="italics"/>
		<TextStyle ID="TXT_5" FONTSIZE="7" FONTFAMILY="Unknown" FONTSTYLE="bold"/>
		<TextStyle ID="TXT_6" FONTSIZE="34" FONTFAMILY="Arial"/>
		<ParagraphStyle ID="PAR_LEFT" ALIGN="Left"/>
		<ParagraphStyle ID="PAR_CENTER" ALIGN="Center"/>
		<ParagraphStyle ID="PAR_RIGHT" ALIGN="Right"/>
	</Styles>
	<Layout>
		<Page ID="P24" PHYSICAL_IMG_NR="24" HEIGHT="3739" WIDTH="2268" PRINTED_IMG_NR="162" PC="0.894">
			<TopMargin ID="P24_TM00001" HPOS="0" VPOS="0" WIDTH="2268" HEIGHT="241">
				<TextBlock ID="P24_TB00001" HPOS="135" VPOS="199" WIDTH="71" HEIGHT="38" STYLEREFS="TXT_0 PAR_LEFT">
					<TextLine ID="P24_TL00001" HPOS="206" VPOS="237" WIDTH="0" HEIGHT="0">
						<String ID="P24_ST00001" HPOS="206" VPOS="237" WIDTH="0" HEIGHT="0" CONTENT="162" WC="1.00" CC="000"/>
					</TextLine>
				</TextBlock>
				<TextBlock ID="P24_TB00002" HPOS="813" VPOS="207" WIDTH="621" HEIGHT="31" STYLEREFS="TXT_1 PAR_CENTER">
					<TextLine ID="P24_TL00002" HPOS="813" VPOS="208" WIDTH="621" HEIGHT="30">
						<String ID="P24_ST00002" HPOS="813" VPOS="209" WIDTH="326" HEIGHT="29" CONTENT="PUBLICATIONS" WC="0.99" CC="343411603060"/>
						<SP ID="P24_SP00001" HPOS="1139" VPOS="238" WIDTH="36"/>
						<String ID="P24_ST00003" HPOS="1175" VPOS="208" WIDTH="259" HEIGHT="28" CONTENT="NOUVELLES" WC="0.99" CC="534600002"/>
					</TextLine>
				</TextBlock>
			</TopMargin>
			<LeftMargin ID="P24_LM00001" HPOS="0" VPOS="241" WIDTH="130" HEIGHT="3313"/>
			<RightMargin ID="P24_RM00001" HPOS="2129" VPOS="241" WIDTH="139" HEIGHT="3313"/>
			<BottomMargin ID="P24_BM00001" HPOS="0" VPOS="3554" WIDTH="2268" HEIGHT="185"/>
			<PrintSpace ID="P24_PS00001" HPOS="130" VPOS="241" WIDTH="1999" HEIGHT="3313">
				<TextBlock ID="P24_TB00003" HPOS="780" VPOS="298" WIDTH="675" HEIGHT="49" STYLEREFS="TXT_2 PAR_CENTER">
					<TextLine ID="P24_TL00003" HPOS="780" VPOS="299" WIDTH="675" HEIGHT="48">
						<String ID="P24_ST00004" HPOS="780" VPOS="300" WIDTH="187" HEIGHT="47" CONTENT="Musique" WC="0.99" CC="4300020"/>
						<SP ID="P24_SP00002" HPOS="967" VPOS="347" WIDTH="28"/>
						<String ID="P24_ST00005" HPOS="995" VPOS="299" WIDTH="218" HEIGHT="47" CONTENT="Française" WC="0.99" CC="442215105"/>
						<SP ID="P24_SP00003" HPOS="1213" VPOS="347" WIDTH="26"/>
						<String ID="P24_ST00006" HPOS="1239" VPOS="299" WIDTH="216" HEIGHT="37" CONTENT="ancienne." WC="0.99" CC="062036334"/>
					</TextLine>
				</TextBlock>
				<TextBlock ID="P24_TB00004" HPOS="130" VPOS="380" WIDTH="1999" HEIGHT="778" STYLEREFS="TXT_3 PAR_RIGHT">
					<TextLine ID="P24_TL00004" HPOS="186" VPOS="380" WIDTH="547" HEIGHT="54">
						<String ID="P24_ST00007" HPOS="186" VPOS="380" WIDTH="222" HEIGHT="42" CONTENT="Viennent" WC="0.99" CC="00136064"/>
						<SP ID="P24_SP00004" HPOS="408" VPOS="422" WIDTH="23"/>
						<String ID="P24_ST00008" HPOS="431" VPOS="381" WIDTH="53" HEIGHT="40" CONTENT="de" WC="0.75" CC="40"/>
						<SP ID="P24_SP00005" HPOS="484" VPOS="422" WIDTH="22"/>
						<String ID="P24_ST00009" HPOS="506" VPOS="385" WIDTH="193" HEIGHT="49" CONTENT="paraître" WC="0.99" CC="30340540"/>
						<SP ID="P24_SP00006" HPOS="699" VPOS="434" WIDTH="25"/>
						<String ID="P24_ST00010" HPOS="724" VPOS="392" WIDTH="9" HEIGHT="31" CONTENT=":" WC="0.44" CC="5"/>
					</TextLine>
					<TextLine ID="P24_TL00005" HPOS="185" VPOS="446" WIDTH="1943" HEIGHT="58">
						<String ID="P24_ST00011" HPOS="185" VPOS="449" WIDTH="65" HEIGHT="41" CONTENT="LA" WC="0.47" CC="55" STYLEREFS="TXT_1"/>
						<SP ID="P24_SP00007" HPOS="250" VPOS="490" WIDTH="32"/>
						<String ID="P24_ST00012" HPOS="282" VPOS="449" WIDTH="218" HEIGHT="42" CONTENT="CHANSON" WC="0.99" CC="5700003" STYLEREFS="TXT_1"/>
						<SP ID="P24_SP00008" HPOS="500" VPOS="491" WIDTH="33"/>
						<String ID="P24_ST00013" HPOS="533" VPOS="450" WIDTH="66" HEIGHT="40" CONTENT="DE" WC="0.81" CC="30" STYLEREFS="TXT_1"/>
						<SP ID="P24_SP00009" HPOS="599" VPOS="491" WIDTH="32"/>
						<String ID="P24_ST00014" HPOS="631" VPOS="450" WIDTH="119" HEIGHT="41" CONTENT="BELE" WC="0.93" CC="0020" STYLEREFS="TXT_1"/>
						<SP ID="P24_SP00010" HPOS="750" VPOS="491" WIDTH="33"/>
						<String ID="P24_ST00015" HPOS="783" VPOS="449" WIDTH="154" HEIGHT="49" CONTENT="AELIS," WC="0.84" CC="003006" STYLEREFS="TXT_1"/>
						<SP ID="P24_SP00011" HPOS="937" VPOS="498" WIDTH="21"/>
						<String ID="P24_ST00016" HPOS="958" VPOS="458" WIDTH="81" HEIGHT="46" CONTENT="par" WC="0.95" CC="660" STYLEREFS="TXT_4"/>
						<SP ID="P24_SP00012" HPOS="1039" VPOS="504" WIDTH="22"/>
						<String ID="P24_ST00017" HPOS="1061" VPOS="449" WIDTH="37" HEIGHT="41" CONTENT="le" WC="0.74" CC="05" STYLEREFS="TXT_4"/>
						<SP ID="P24_SP00013" HPOS="1098" VPOS="504" WIDTH="12"/>
						<String ID="P24_ST00018" HPOS="1110" VPOS="452" WIDTH="189" HEIGHT="39" CONTENT="trouvère" WC="0.99" CC="62030003" STYLEREFS="TXT_4"/>
						<SP ID="P24_SP00014" HPOS="1299" VPOS="504" WIDTH="20"/>
						<String ID="P24_ST00019" HPOS="1319" VPOS="449" WIDTH="151" HEIGHT="40" CONTENT="Baude" WC="0.81" CC="35000" STYLEREFS="TXT_4"/>
						<SP ID="P24_SP00015" HPOS="1470" VPOS="504" WIDTH="35"/>
						<String ID="P24_ST00020" HPOS="1505" VPOS="448" WIDTH="49" HEIGHT="39" CONTENT="de" WC="1.00" CC="00" STYLEREFS="TXT_4"/>
						<SP ID="P24_SP00016" HPOS="1554" VPOS="504" WIDTH="36"/>
						<String ID="P24_ST00021" HPOS="1590" VPOS="447" WIDTH="42" HEIGHT="40" CONTENT="la" WC="0.60" CC="07" STYLEREFS="TXT_4"/>
						<SP ID="P24_SP00017" HPOS="1632" VPOS="504" WIDTH="38"/>
						<String ID="P24_ST00022" HPOS="1670" VPOS="446" WIDTH="207" HEIGHT="50" CONTENT="Quarière" WC="0.99" CC="00000000" STYLEREFS="TXT_4"/>
						<String ID="P24_ST00023" HPOS="1882" VPOS="479" WIDTH="9" HEIGHT="17" CONTENT="," WC="0.66" CC="3"/>
						<SP ID="P24_SP00018" HPOS="1891" VPOS="504" WIDTH="38"/>
						<String ID="P24_ST00024" HPOS="1929" VPOS="447" WIDTH="199" HEIGHT="51" CONTENT="élégante" WC="0.99" CC="60770000"/>
					</TextLine>
					<TextLine ID="P24_TL00006" HPOS="133" VPOS="514" WIDTH="1996" HEIGHT="57">
						<String ID="P24_ST00025" HPOS="133" VPOS="518" WIDTH="220" HEIGHT="41" CONTENT="brochure" WC="1.00" CC="00000340"/>
						<SP ID="P24_SP00019" HPOS="353" VPOS="559" WIDTH="23"/>
						<String ID="P24_ST00026" HPOS="376" VPOS="519" WIDTH="54" HEIGHT="40" CONTENT="de" WC="1.00" CC="00"/>
						<SP ID="P24_SP00020" HPOS="430" VPOS="559" WIDTH="24"/>
						<String ID="P24_ST00027" HPOS="454" VPOS="530" WIDTH="48" HEIGHT="39" CONTENT="23" WC="0.26" CC="68"/>
						<SP ID="P24_SP00021" HPOS="502" VPOS="569" WIDTH="28"/>
						<String ID="P24_ST00028" HPOS="530" VPOS="532" WIDTH="154" HEIGHT="39" CONTENT="pages," WC="0.98" CC="049007"/>
						<SP ID="P24_SP00022" HPOS="684" VPOS="571" WIDTH="43"/>
						<String ID="P24_ST00029" HPOS="727" VPOS="531" WIDTH="104" HEIGHT="28" CONTENT="avec" WC="1.00" CC="0000"/>
						<SP ID="P24_SP00023" HPOS="831" VPOS="571" WIDTH="23"/>
						<String ID="P24_ST00030" HPOS="854" VPOS="526" WIDTH="138" HEIGHT="33" CONTENT="textes" WC="1.00" CC="000300"/>
						<SP ID="P24_SP00024" HPOS="992" VPOS="571" WIDTH="41"/>
						<String ID="P24_ST00031" HPOS="1033" VPOS="520" WIDTH="230" HEIGHT="39" CONTENT="musicaux" WC="1.00" CC="04000020"/>
						<SP ID="P24_SP00025" HPOS="1263" VPOS="571" WIDTH="37"/>
						<String ID="P24_ST00032" HPOS="1300" VPOS="516" WIDTH="123" HEIGHT="54" CONTENT="(chez" WC="1.00" CC="00000"/>
						<SP ID="P24_SP00026" HPOS="1423" VPOS="571" WIDTH="37"/>
						<String ID="P24_ST00033" HPOS="1460" VPOS="515" WIDTH="229" HEIGHT="54" CONTENT="Alphonse" WC="1.00" CC="00000130"/>
						<SP ID="P24_SP00027" HPOS="1689" VPOS="571" WIDTH="37"/>
						<String ID="P24_ST00034" HPOS="1726" VPOS="514" WIDTH="193" HEIGHT="55" CONTENT="Picard)." WC="1.00" CC="00000003"/>
						<SP ID="P24_SP00028" HPOS="1919" VPOS="571" WIDTH="38"/>
						<String ID="P24_ST00035" HPOS="1957" VPOS="515" WIDTH="36" HEIGHT="42" CONTENT="L" WC="1.00" CC="9"/>
						<String ID="P24_ST00036" HPOS="1999" VPOS="515" WIDTH="130" HEIGHT="44" CONTENT='"étude' WC="0.97" CC="767700" STYLEREFS="TXT_4"/>
					</TextLine>
					<TextLine ID="P24_TL00007" HPOS="132" VPOS="585" WIDTH="1994" HEIGHT="57">
						<String ID="P24_ST00037" HPOS="132" VPOS="587" WIDTH="201" HEIGHT="54" CONTENT="métrique" WC="0.99" CC="50400060" STYLEREFS="TXT_4"/>
						<SP ID="P24_SP00029" HPOS="333" VPOS="641" WIDTH="23"/>
						<String ID="P24_ST00038" HPOS="356" VPOS="587" WIDTH="58" HEIGHT="40" CONTENT="du" WC="0.78" CC="04"/>
						<SP ID="P24_SP00030" HPOS="414" VPOS="641" WIDTH="21"/>
						<String ID="P24_ST00039" HPOS="435" VPOS="595" WIDTH="113" HEIGHT="32" CONTENT="texte" WC="0.99" CC="10022"/>
						<SP ID="P24_SP00031" HPOS="548" VPOS="641" WIDTH="24"/>
						<String ID="P24_ST00040" HPOS="572" VPOS="596" WIDTH="67" HEIGHT="31" CONTENT="est" WC="0.99" CC="003"/>
						<SP ID="P24_SP00032" HPOS="639" VPOS="641" WIDTH="20"/>
						<String ID="P24_ST00041" HPOS="659" VPOS="587" WIDTH="105" HEIGHT="40" CONTENT="faite" WC="1.00" CC="00000"/>
						<SP ID="P24_SP00033" HPOS="764" VPOS="641" WIDTH="20"/>
						<String ID="P24_ST00042" HPOS="784" VPOS="601" WIDTH="81" HEIGHT="38" CONTENT="par" WC="1.00" CC="000"/>
						<SP ID="P24_SP00034" HPOS="865" VPOS="641" WIDTH="22"/>
						<String ID="P24_ST00043" HPOS="887" VPOS="587" WIDTH="58" HEIGHT="41" CONTENT="R." WC="0.69" CC="32"/>
						<SP ID="P24_SP00035" HPOS="945" VPOS="641" WIDTH="30"/>
						<String ID="P24_ST00044" HPOS="975" VPOS="587" WIDTH="154" HEIGHT="53" CONTENT="Meyer" WC="0.89" CC="00500"/>
						<SP ID="P24_SP00036" HPOS="1129" VPOS="641" WIDTH="25"/>
						<String ID="P24_ST00045" HPOS="1154" VPOS="602" WIDTH="8" HEIGHT="35" CONTENT=";" WC="0.42" CC="5"/>
						<SP ID="P24_SP00037" HPOS="1162" VPOS="641" WIDTH="27"/>
						<String ID="P24_ST00046" HPOS="1189" VPOS="587" WIDTH="25" HEIGHT="41" CONTENT="Y" WC="0.15" CC="8" STYLEREFS="TXT_4"/>
						<SP ID="P24_SP00038" HPOS="1214" VPOS="641" WIDTH="6"/>
						<String ID="P24_ST00047" HPOS="1220" VPOS="587" WIDTH="108" HEIGHT="41" CONTENT="essai" WC="0.99" CC="40002" STYLEREFS="TXT_4"/>
						<SP ID="P24_SP00039" HPOS="1328" VPOS="641" WIDTH="14"/>
						<String ID="P24_ST00048" HPOS="1342" VPOS="585" WIDTH="386" HEIGHT="57" CONTENT="d'interprétation," WC="1.00" CC="07357000016062009" STYLEREFS="TXT_4"/>
						<SP ID="P24_SP00040" HPOS="1728" VPOS="642" WIDTH="44"/>
						<String ID="P24_ST00049" HPOS="1772" VPOS="600" WIDTH="80" HEIGHT="37" CONTENT="par" WC="1.00" CC="000"/>
						<SP ID="P24_SP00041" HPOS="1852" VPOS="642" WIDTH="20"/>
						<String ID="P24_ST00050" HPOS="1872" VPOS="585" WIDTH="39" HEIGHT="54" CONTENT="J." WC="0.80" CC="03" STYLEREFS="TXT_1"/>
						<SP ID="P24_SP00042" HPOS="1911" VPOS="642" WIDTH="42"/>
						<String ID="P24_ST00051" HPOS="1953" VPOS="585" WIDTH="173" HEIGHT="51" CONTENT="Bédier," WC="0.94" CC="0000004"/>
					</TextLine>
					<TextLine ID="P24_TL00008" HPOS="131" VPOS="653" WIDTH="1998" HEIGHT="55">
						<String ID="P24_ST00052" HPOS="131" VPOS="654" WIDTH="257" HEIGHT="54" CONTENT="professeur" WC="1.00" CC="0000000000"/>
						<SP ID="P24_SP00043" HPOS="388" VPOS="708" WIDTH="23"/>
						<String ID="P24_ST00053" HPOS="411" VPOS="670" WIDTH="54" HEIGHT="26" CONTENT="au" WC="1.00" CC="00"/>
						<SP ID="P24_SP00044" HPOS="465" VPOS="708" WIDTH="21"/>
						<String ID="P24_ST00054" HPOS="486" VPOS="655" WIDTH="185" HEIGHT="52" CONTENT="Collège" WC="0.99" CC="0104800"/>
						<SP ID="P24_SP00045" HPOS="671" VPOS="708" WIDTH="19"/>
						<String ID="P24_ST00055" HPOS="690" VPOS="656" WIDTH="53" HEIGHT="40" CONTENT="de" WC="1.00" CC="00"/>
						<SP ID="P24_SP00046" HPOS="743" VPOS="708" WIDTH="39"/>
						<String ID="P24_ST00056" HPOS="782" VPOS="656" WIDTH="168" HEIGHT="40" CONTENT="France" WC="0.99" CC="400300"/>
						<SP ID="P24_SP00047" HPOS="950" VPOS="708" WIDTH="24"/>
						<String ID="P24_ST00057" HPOS="974" VPOS="667" WIDTH="9" HEIGHT="38" CONTENT=";" WC="1.00" CC="0"/>
						<SP ID="P24_SP00048" HPOS="983" VPOS="708" WIDTH="23"/>
						<String ID="P24_ST00058" HPOS="1006" VPOS="656" WIDTH="151" HEIGHT="41" CONTENT="Yétude" WC="0.82" CC="730000" STYLEREFS="TXT_4"/>
						<SP ID="P24_SP00049" HPOS="1157" VPOS="708" WIDTH="46"/>
						<String ID="P24_ST00059" HPOS="1203" VPOS="655" WIDTH="199" HEIGHT="41" CONTENT="musicale" WC="0.99" CC="60703700" STYLEREFS="TXT_4"/>
						<String ID="P24_ST00060" HPOS="1408" VPOS="690" WIDTH="8" HEIGHT="17" CONTENT="," WC="0.59" CC="4"/>
						<SP ID="P24_SP00050" HPOS="1416" VPOS="708" WIDTH="42"/>
						<String ID="P24_ST00061" HPOS="1458" VPOS="670" WIDTH="82" HEIGHT="38" CONTENT="par" WC="1.00" CC="000"/>
						<SP ID="P24_SP00051" HPOS="1540" VPOS="708" WIDTH="33"/>
						<String ID="P24_ST00062" HPOS="1573" VPOS="654" WIDTH="62" HEIGHT="40" CONTENT="M." WC="0.79" CC="04"/>
						<SP ID="P24_SP00052" HPOS="1635" VPOS="708" WIDTH="39"/>
						<String ID="P24_ST00063" HPOS="1674" VPOS="653" WIDTH="151" HEIGHT="41" CONTENT="Pierre" WC="1.00" CC="000000"/>
						<SP ID="P24_SP00053" HPOS="1825" VPOS="708" WIDTH="24"/>
						<String ID="P24_ST00064" HPOS="1849" VPOS="653" WIDTH="174" HEIGHT="54" CONTENT="Aubry." WC="0.79" CC="041240"/>
						<SP ID="P24_SP00054" HPOS="2023" VPOS="708" WIDTH="42"/>
						<String ID="P24_ST00065" HPOS="2065" VPOS="654" WIDTH="64" HEIGHT="43" CONTENT="De" WC="0.61" CC="52"/>
					</TextLine>
					<TextLine ID="P24_TL00009" HPOS="134" VPOS="722" WIDTH="1995" HEIGHT="54">
						<String ID="P24_ST00066" HPOS="134" VPOS="724" WIDTH="83" HEIGHT="40" CONTENT="tels" WC="0.99" CC="0020"/>
						<SP ID="P24_SP00055" HPOS="217" VPOS="764" WIDTH="23"/>
						<String ID="P24_ST00067" HPOS="240" VPOS="738" WIDTH="131" HEIGHT="26" CONTENT="noms" WC="1.00" CC="0000"/>
						<SP ID="P24_SP00056" HPOS="371" VPOS="764" WIDTH="17"/>
						<String ID="P24_ST00068" HPOS="388" VPOS="733" WIDTH="42" HEIGHT="32" CONTENT="et" WC="0.79" CC="04"/>
						<SP ID="P24_SP00057" HPOS="430" VPOS="765" WIDTH="22"/>
						<String ID="P24_ST00069" HPOS="452" VPOS="725" WIDTH="54" HEIGHT="39" CONTENT="de" WC="1.00" CC="00"/>
						<SP ID="P24_SP00058" HPOS="506" VPOS="765" WIDTH="18"/>
						<String ID="P24_ST00070" HPOS="524" VPOS="724" WIDTH="123" HEIGHT="41" CONTENT="telles" WC="0.99" CC="602000"/>
						<SP ID="P24_SP00059" HPOS="647" VPOS="765" WIDTH="19"/>
						<String ID="P24_ST00071" HPOS="666" VPOS="729" WIDTH="308" HEIGHT="47" CONTENT="compétences" WC="1.00" CC="00000500000"/>
						<SP ID="P24_SP00060" HPOS="974" VPOS="776" WIDTH="24"/>
						<String ID="P24_ST00072" HPOS="998" VPOS="726" WIDTH="363" HEIGHT="40" CONTENT="recommandent" WC="1.00" CC="000000000000"/>
						<SP ID="P24_SP00061" HPOS="1361" VPOS="776" WIDTH="47"/>
						<String ID="P24_ST00073" HPOS="1408" VPOS="724" WIDTH="324" HEIGHT="42" CONTENT="suffisamment" WC="1.00" CC="060000000000"/>
						<SP ID="P24_SP00062" HPOS="1732" VPOS="776" WIDTH="41"/>
						<String ID="P24_ST00074" HPOS="1773" VPOS="731" WIDTH="111" HEIGHT="33" CONTENT="cette" WC="0.99" CC="00600"/>
						<SP ID="P24_SP00063" HPOS="1884" VPOS="776" WIDTH="44"/>
						<String ID="P24_ST00075" HPOS="1928" VPOS="722" WIDTH="176" HEIGHT="53" CONTENT="publica" SUBS_TYPE="HypPart1" SUBS_CONTENT="publication." WC="0.99" CC="0202300"/>
						<HYP HPOS="2104" VPOS="722" WIDTH="25" CONTENT="-"/>
					</TextLine>
					<TextLine ID="P24_TL00010" HPOS="132" VPOS="794" WIDTH="110" HEIGHT="38">
						<String ID="P24_ST00076" HPOS="132" VPOS="794" WIDTH="110" HEIGHT="38" CONTENT="tion." SUBS_TYPE="HypPart2" SUBS_CONTENT="publication." WC="0.98" CC="64004"/>
					</TextLine>
					<TextLine ID="P24_TL00011" HPOS="188" VPOS="897" WIDTH="1941" HEIGHT="58">
						<String ID="P24_ST00077" HPOS="188" VPOS="898" WIDTH="244" HEIGHT="41" CONTENT="CHANSONS" WC="1.00" CC="16000000" STYLEREFS="TXT_1"/>
						<SP ID="P24_SP00064" HPOS="432" VPOS="939" WIDTH="33"/>
						<String ID="P24_ST00078" HPOS="465" VPOS="912" WIDTH="206" HEIGHT="28" CONTENT="PATOISES" WC="0.82" CC="50402001" STYLEREFS="TXT_1"/>
						<SP ID="P24_SP00065" HPOS="671" VPOS="940" WIDTH="33"/>
						<String ID="P24_ST00079" HPOS="704" VPOS="914" WIDTH="59" HEIGHT="26" CONTENT="DU" WC="0.44" CC="64" STYLEREFS="TXT_1"/>
						<SP ID="P24_SP00066" HPOS="763" VPOS="940" WIDTH="34"/>
						<String ID="P24_ST00080" HPOS="797" VPOS="898" WIDTH="255" HEIGHT="50" CONTENT="PÉRIGORD," WC="0.80" CC="040100047" STYLEREFS="TXT_1"/>
						<SP ID="P24_SP00067" HPOS="1052" VPOS="948" WIDTH="42"/>
						<String ID="P24_ST00081" HPOS="1094" VPOS="914" WIDTH="96" HEIGHT="26" CONTENT="avec" WC="0.97" CC="9020" STYLEREFS="TXT_4"/>
						<SP ID="P24_SP00068" HPOS="1190" VPOS="948" WIDTH="23"/>
						<String ID="P24_ST00082" HPOS="1213" VPOS="900" WIDTH="249" HEIGHT="55" CONTENT="adaptation" WC="0.99" CC="0006293046" STYLEREFS="TXT_4"/>
						<SP ID="P24_SP00069" HPOS="1462" VPOS="955" WIDTH="43"/>
						<String ID="P24_ST00083" HPOS="1505" VPOS="914" WIDTH="50" HEIGHT="25" CONTENT="en" WC="1.00" CC="00" STYLEREFS="TXT_4"/>
						<SP ID="P24_SP00070" HPOS="1555" VPOS="955" WIDTH="34"/>
						<String ID="P24_ST00084" HPOS="1589" VPOS="914" WIDTH="92" HEIGHT="26" CONTENT="vers" WC="1.00" CC="1000" STYLEREFS="TXT_4"/>
						<SP ID="P24_SP00071" HPOS="1681" VPOS="955" WIDTH="22"/>
						<String ID="P24_ST00085" HPOS="1703" VPOS="898" WIDTH="144" HEIGHT="40" CONTENT="blancs" WC="1.00" CC="100000" STYLEREFS="TXT_4"/>
						<SP ID="P24_SP00072" HPOS="1847" VPOS="955" WIDTH="32"/>
						<String ID="P24_ST00086" HPOS="1879" VPOS="913" WIDTH="52" HEIGHT="25" CONTENT="au" WC="0.62" CC="07" STYLEREFS="TXT_4"/>
						<SP ID="P24_SP00073" HPOS="1931" VPOS="955" WIDTH="40"/>
						<String ID="P24_ST00087" HPOS="1971" VPOS="897" WIDTH="158" HEIGHT="53" CONTENT="rythme" WC="1.00" CC="004000" STYLEREFS="TXT_4"/>
					</TextLine>
					<TextLine ID="P24_TL00012" HPOS="131" VPOS="966" WIDTH="1990" HEIGHT="54">
						<String ID="P24_ST00088" HPOS="131" VPOS="967" WIDTH="179" HEIGHT="41" CONTENT="musical" WC="0.99" CC="6100090" STYLEREFS="TXT_4"/>
						<String ID="P24_ST00089" HPOS="317" VPOS="999" WIDTH="8" HEIGHT="16" CONTENT="," WC="0.62" CC="3"/>
						<SP ID="P24_SP00074" HPOS="325" VPOS="1015" WIDTH="20"/>
						<String ID="P24_ST00090" HPOS="345" VPOS="968" WIDTH="250" HEIGHT="41" CONTENT="traduction" WC="1.00" CC="3000300300"/>
						<SP ID="P24_SP00075" HPOS="595" VPOS="1015" WIDTH="24"/>
						<String ID="P24_ST00091" HPOS="619" VPOS="968" WIDTH="189" HEIGHT="41" CONTENT="littérale" WC="0.99" CC="325600031"/>
						<SP ID="P24_SP00076" HPOS="808" VPOS="1015" WIDTH="16"/>
						<String ID="P24_ST00092" HPOS="824" VPOS="982" WIDTH="80" HEIGHT="38" CONTENT="par" WC="1.00" CC="000"/>
						<SP ID="P24_SP00077" HPOS="904" VPOS="1020" WIDTH="22"/>
						<String ID="P24_ST00093" HPOS="926" VPOS="966" WIDTH="114" HEIGHT="52" CONTENT="Eug." WC="0.64" CC="3603"/>
						<SP ID="P24_SP00078" HPOS="1040" VPOS="1020" WIDTH="23"/>
						<String ID="P24_ST00094" HPOS="1063" VPOS="967" WIDTH="281" HEIGHT="42" CONTENT="Chaminade" WC="0.93" CC="005000000"/>
						<SP ID="P24_SP00079" HPOS="1344" VPOS="1020" WIDTH="22"/>
						<String ID="P24_ST00095" HPOS="1366" VPOS="977" WIDTH="42" HEIGHT="32" CONTENT="et" WC="0.71" CC="05"/>
						<SP ID="P24_SP00080" HPOS="1408" VPOS="1020" WIDTH="19"/>
						<String ID="P24_ST00096" HPOS="1427" VPOS="968" WIDTH="50" HEIGHT="41" CONTENT="E." WC="0.80" CC="03"/>
						<SP ID="P24_SP00081" HPOS="1477" VPOS="1020" WIDTH="28"/>
						<String ID="P24_ST00097" HPOS="1505" VPOS="967" WIDTH="140" HEIGHT="41" CONTENT="Casse" WC="0.99" CC="50000"/>
						<SP ID="P24_SP00082" HPOS="1645" VPOS="1020" WIDTH="22"/>
						<String ID="P24_ST00098" HPOS="1667" VPOS="966" WIDTH="238" HEIGHT="54" CONTENT="(brochure" WC="1.00" CC="000400200"/>
						<SP ID="P24_SP00083" HPOS="1905" VPOS="1020" WIDTH="23"/>
						<String ID="P24_ST00099" HPOS="1928" VPOS="966" WIDTH="53" HEIGHT="42" CONTENT="de" WC="1.00" CC="00"/>
						<SP ID="P24_SP00084" HPOS="1981" VPOS="1020" WIDTH="20"/>
						<String ID="P24_ST00100" HPOS="2001" VPOS="971" WIDTH="49" HEIGHT="47" CONTENT="67" WC="0.97" CC="00"/>
						<SP ID="P24_SP00085" HPOS="2050" VPOS="1020" WIDTH="26"/>
						<String ID="P24_ST00101" HPOS="2076" VPOS="982" WIDTH="45" HEIGHT="37" CONTENT="p." WC="0.81" CC="03"/>
					</TextLine>
					<TextLine ID="P24_TL00013" HPOS="135" VPOS="1035" WIDTH="1022" HEIGHT="54">
						<String ID="P24_ST00102" HPOS="135" VPOS="1049" WIDTH="104" HEIGHT="28" CONTENT="avec" WC="1.00" CC="0000"/>
						<SP ID="P24_SP00086" HPOS="239" VPOS="1077" WIDTH="29"/>
						<String ID="P24_ST00103" HPOS="268" VPOS="1037" WIDTH="224" HEIGHT="51" CONTENT="musique," WC="1.00" CC="00020024"/>
						<SP ID="P24_SP00087" HPOS="492" VPOS="1088" WIDTH="27"/>
						<String ID="P24_ST00104" HPOS="519" VPOS="1041" WIDTH="22" HEIGHT="35" CONTENT="à" WC="0.59" CC="4"/>
						<SP ID="P24_SP00088" HPOS="541" VPOS="1088" WIDTH="23"/>
						<String ID="P24_ST00105" HPOS="564" VPOS="1036" WIDTH="144" HEIGHT="52" CONTENT="Paris," WC="0.99" CC="000304"/>
						<SP ID="P24_SP00089" HPOS="708" VPOS="1088" WIDTH="31"/>
						<String ID="P24_ST00106" HPOS="739" VPOS="1036" WIDTH="103" HEIGHT="41" CONTENT="chez" WC="1.00" CC="0000"/>
						<SP ID="P24_SP00090" HPOS="842" VPOS="1088" WIDTH="24"/>
						<String ID="P24_ST00107" HPOS="866" VPOS="1035" WIDTH="291" HEIGHT="54" CONTENT="Champion)." WC="1.00" CC="2000000244"/>
					</TextLine>
					<TextLine ID="P24_TL00014" HPOS="189" VPOS="1103" WIDTH="1035" HEIGHT="53">
						<String ID="P24_ST00108" HPOS="189" VPOS="1103" WIDTH="126" HEIGHT="42" CONTENT="Nous" WC="0.99" CC="0040"/>
						<SP ID="P24_SP00091" HPOS="315" VPOS="1145" WIDTH="35"/>
						<String ID="P24_ST00109" HPOS="350" VPOS="1105" WIDTH="288" HEIGHT="41" CONTENT="reviendrons" WC="1.00" CC="00020400025"/>
						<SP ID="P24_SP00092" HPOS="638" VPOS="1146" WIDTH="23"/>
						<String ID="P24_ST00110" HPOS="661" VPOS="1119" WIDTH="77" HEIGHT="26" CONTENT="sur" WC="0.98" CC="060"/>
						<SP ID="P24_SP00093" HPOS="738" VPOS="1146" WIDTH="21"/>
						<String ID="P24_ST00111" HPOS="759" VPOS="1118" WIDTH="71" HEIGHT="27" CONTENT="ces" WC="1.00" CC="000"/>
						<SP ID="P24_SP00094" HPOS="830" VPOS="1146" WIDTH="20"/>
						<String ID="P24_ST00112" HPOS="850" VPOS="1105" WIDTH="114" HEIGHT="41" CONTENT="deux" WC="1.00" CC="0000"/>
						<SP ID="P24_SP00095" HPOS="964" VPOS="1146" WIDTH="24"/>
						<String ID="P24_ST00113" HPOS="988" VPOS="1118" WIDTH="236" HEIGHT="38" CONTENT="ouvrages." WC="1.00" CC="000000001"/>
					</TextLine>
				</TextBlock>
				<TextBlock ID="P24_TB00005" HPOS="1346" VPOS="3404" WIDTH="614" HEIGHT="53" STYLEREFS="TXT_3 PAR_RIGHT">
					<TextLine ID="P24_TL00015" HPOS="1350" VPOS="3406" WIDTH="609" HEIGHT="48">
						<String ID="P24_ST00114" HPOS="1350" VPOS="3407" WIDTH="57" HEIGHT="40" CONTENT="Le" WC="0.78" CC="31" STYLEREFS="TXT_4"/>
						<SP ID="P24_SP00096" HPOS="1407" VPOS="3447" WIDTH="32"/>
						<String ID="P24_ST00115" HPOS="1439" VPOS="3406" WIDTH="161" HEIGHT="41" CONTENT="Gérant" WC="0.98" CC="060630" STYLEREFS="TXT_4"/>
						<SP ID="P24_SP00097" HPOS="1600" VPOS="3447" WIDTH="26"/>
						<String ID="P24_ST00116" HPOS="1626" VPOS="3423" WIDTH="11" HEIGHT="24" CONTENT=":" WC="1.00" CC="0" STYLEREFS="TXT_4"/>
						<SP ID="P24_SP00098" HPOS="1637" VPOS="3447" WIDTH="31"/>
						<String ID="P24_ST00117" HPOS="1668" VPOS="3408" WIDTH="53" HEIGHT="40" CONTENT="A." WC="0.94" CC="01" STYLEREFS="TXT_1"/>
						<SP ID="P24_SP00099" HPOS="1721" VPOS="3448" WIDTH="36"/>
						<String ID="P24_ST00118" HPOS="1757" VPOS="3408" WIDTH="202" HEIGHT="46" CONTENT="REBECQ." WC="0.72" CC="4060052" STYLEREFS="TXT_1"/>
					</TextLine>
				</TextBlock>
				<TextBlock ID="P24_TB00006" HPOS="771" VPOS="3519" WIDTH="722" HEIGHT="35" STYLEREFS="TXT_5 PAR_CENTER">
					<TextLine ID="P24_TL00016" HPOS="772" VPOS="3520" WIDTH="721" HEIGHT="34">
						<String ID="P24_ST00119" HPOS="772" VPOS="3520" WIDTH="99" HEIGHT="27" CONTENT="Poitiers." WC="0.98" CC="670584530"/>
						<SP ID="P24_SP00100" HPOS="871" VPOS="3547" WIDTH="17"/>
						<String ID="P24_ST00120" HPOS="888" VPOS="3532" WIDTH="16" HEIGHT="5" CONTENT="-" WC="0.55" CC="4"/>
						<SP ID="P24_SP00101" HPOS="904" VPOS="3547" WIDTH="14"/>
						<String ID="P24_ST00121" HPOS="918" VPOS="3521" WIDTH="81" HEIGHT="27" CONTENT="Société" WC="0.98" CC="0730663"/>
						<SP ID="P24_SP00102" HPOS="999" VPOS="3548" WIDTH="18"/>
						<String ID="P24_ST00122" HPOS="1017" VPOS="3523" WIDTH="104" HEIGHT="31" CONTENT="française" WC="0.99" CC="205742244"/>
						<SP ID="P24_SP00103" HPOS="1121" VPOS="3554" WIDTH="14"/>
						<String ID="P24_ST00123" HPOS="1135" VPOS="3524" WIDTH="148" HEIGHT="29" CONTENT="d'lmprimerie" WC="0.99" CC="616874027314"/>
						<SP ID="P24_SP00104" HPOS="1283" VPOS="3554" WIDTH="17"/>
						<String ID="P24_ST00124" HPOS="1300" VPOS="3524" WIDTH="23" HEIGHT="25" CONTENT="et" WC="0.91" CC="10"/>
						<SP ID="P24_SP00105" HPOS="1323" VPOS="3554" WIDTH="17"/>
						<String ID="P24_ST00125" HPOS="1340" VPOS="3526" WIDTH="25" HEIGHT="24" CONTENT="de" WC="0.23" CC="95"/>
						<SP ID="P24_SP00106" HPOS="1365" VPOS="3554" WIDTH="21"/>
						<String ID="P24_ST00126" HPOS="1386" VPOS="3524" WIDTH="107" HEIGHT="26" CONTENT="Librairie." WC="0.99" CC="1055503203"/>
					</TextLine>
				</TextBlock>
				<ComposedBlock ID="P24_CB00001" HPOS="891" VPOS="1981" WIDTH="486" HEIGHT="346" STYLEREFS="TXT_6 PAR_LEFT" TYPE="Illustration">
					<GraphicalElement ID="P24_CB00001_SUB" HPOS="891" VPOS="1981" WIDTH="486" HEIGHT="346"/>
				</ComposedBlock>
			</PrintSpace>
		</Page>
	</Layout>
</alto>
