2557 3286
239 377 88 19 woran
349 371 42 27 das
413 372 62 36 läge.
517 372 59 36 (Die
597 371 60 27 Luft
677 371 90 25 bildete
785 380 48 16 nur
857 371 52 25 eine
929 380 62 25 ganz
1010 370 82 27 kleine

240 406 73 28 obere
327 409 66 27 Ecke
407 411 36 26 im
457 410 88 35 Bilde.)
576 409 106 27 Böcklin
697 409 42 25 bat
752 409 52 25 sich
819 409 88 25 Kreide
922 419 43 15 aus
979 409 51 25 und
1045 419 46 24 zog

240 445 39 26 die
289 448 61 26 Luft
365 456 77 20 etwas
455 449 121 30 herunter,
592 448 51 26 und
654 448 109 34 sogleich
774 447 44 25 sah
833 447 41 25 das
886 448 54 24 Bild
951 447 74 35 fertig
1039 443 51 29 und

240 485 186 37 wirkungsvoll
440 498 55 21 aus,
516 487 51 27 und
587 487 39 25 die
644 485 165 35 Ausführung
827 486 41 25 des
883 486 207 35 Vordergrundes,

240 523 39 26 die
294 526 64 26 auch
373 533 47 20 erst
433 525 192 36 bedeutungslos
639 525 93 30 schien,
751 525 88 26 wurde
856 534 51 16 nun
921 524 168 26 hinreichend.

298 564 106 27 Böcklin
418 565 99 31 meinte,
533 575 23 16 es
567 564 72 26 käme
650 574 53 15 nun
716 573 42 26 gar
774 564 69 25 nicht
853 564 86 25 weiter
949 562 90 26 darauf
1051 573 38 19 an,

239 600 33 26 ob
281 603 154 27 Burckhardt
443 604 39 26 die
493 603 59 27 Luft
562 614 79 15 warm
652 603 55 35 gelb
718 602 59 26 oder
787 602 54 25 kalt
851 602 73 29 halte,
935 611 91 25 genug,
1038 600 51 26 dafs

240 648 25 16 er
278 641 43 26 das
335 642 73 26 Licht
421 642 124 31 bewahre,
564 642 51 26 und
635 643 51 25 sein
699 641 53 26 Bild
769 641 66 26 wird
852 641 88 25 immer
958 641 70 25 einen
1042 639 36 26 fer-

239 678 67 35 tigen
317 680 126 27 Eindruck
458 682 112 26 machen.
588 682 47 25 Die
645 680 73 27 Farbe
731 680 34 26 sei
779 680 38 25 bei
830 679 65 35 jeder
907 679 92 25 Malart
1012 685 77 19 etwas

239 717 163 33 Sekundäres,
417 720 52 26 und
481 720 101 36 beginnt
598 730 56 16 man
668 719 46 26 mit
728 729 61 25 ganz
799 718 126 25 neutralen
935 719 89 23 Tönen
1038 716 51 26 und

239 753 71 29 führt
323 757 40 26 die
377 758 74 26 Farbe
465 759 49 30 ein,
531 768 77 17 wenn
621 768 59 16 man
693 758 39 26 die
747 757 83 26 Licht-
848 756 50 25 und
912 756 164 25 Schattenwir-

240 793 70 37 kung
325 803 46 19 erst
386 796 54 27 klar
458 798 51 31 hat,
527 807 27 16 so
573 797 101 27 werden
695 796 40 26 die
755 795 84 26 feinen
857 794 160 35 Uebergänge
1039 792 51 26 und

239 834 144 26 Mitteltöne
398 835 51 26 sich
464 846 51 15 von
528 835 73 26 selbst
614 835 111 26 machen.
759 833 87 26 Durch
860 833 41 25 das
916 833 96 25 Suchen
1026 833 63 24 nach

239 870 100 28 kleinen
355 874 120 25 Tönchen
486 874 52 25 und
549 884 32 16 zu
592 874 107 25 subtilen
710 873 208 33 Abstimmungen
926 871 95 25 verliert
1032 880 57 15 man

239 910 27 25 in
279 911 43 25 der
332 912 77 34 Regel
423 912 38 25 die
476 911 89 26 frische
576 912 131 34 Wirkung
719 911 52 25 und
782 910 129 35 plastische
921 910 168 33 Erscheinung

239 948 41 25 des
295 949 87 25 Bildes.

295 986 106 25 Böcklin
426 987 85 35 sprach
537 996 50 15 von
614 986 43 25 der
681 986 217 25 himmlischen
924 984 61 26 und
1012 984 62 26 irdi-

239 1025 89 25 schen
349 1024 105 30 Liebe,
471 1025 40 25 die
528 1033 61 25 ganz
610 1024 156 25 entschieden
785 1022 47 27 auf
846 1023 51 26 hell
918 1022 50 25 und
988 1022 100 30 dunkel,

239 1061 51 25 und
305 1071 80 15 warm
404 1061 51 25 und
474 1061 52 26 kalt
547 1062 43 24 hin
605 1061 160 35 komponiert
782 1062 42 25 sei.
857 1063 62 24 Nun
934 1061 84 25 hätten
1036 1061 53 26 sich

238 1099 62 24 viele
313 1100 69 23 Töne
397 1099 136 26 verändert:
548 1100 41 24 das
601 1100 91 25 Fleisch
707 1100 33 24 sei
751 1100 55 34 gelb
818 1100 137 34 geworden
968 1105 55 24 etc.,
1037 1099 51 26 und

239 1136 65 25 doch
325 1136 77 26 bleibe
422 1138 43 25 das
486 1137 53 25 Bild
559 1138 88 25 immer
667 1138 25 25 in
714 1139 145 29 Harmonie,
881 1137 97 26 behalte
1002 1138 87 25 immer

239 1176 65 26 volle
318 1175 138 36 Wirkung.

296 1216 164 26 Armenino
482 1215 90 37 spricht
592 1216 27 25 in
636 1216 92 25 seinem
747 1215 76 27 Werk
846 1215 49 27 viel
918 1225 51 16 von
993 1216 77 26 Leim-

239 1255 131 27 malerei.
394 1257 31 25 Er
438 1254 64 28 lebte
516 1265 31 16 zu
557 1254 67 27 Ende
638 1254 76 27 dieser
725 1255 99 37 Epoche
835 1254 53 27 und
902 1265 32 16 an
948 1254 42 27 der
997 1257 92 25 Grenze

239 1295 42 27 der
294 1305 89 21 neuen,
398 1294 41 27 der
454 1294 155 27 Oelmalerei.
642 1294 44 36 (Er
700 1295 119 26 erinnerte
833 1294 52 27 sich
899 1295 68 26 noch
980 1295 92 26 Tinto-

239 1343 82 19 retto
335 1336 34 26 als
384 1336 65 26 alten
464 1337 79 25 Mann
557 1334 104 36 gesehen
675 1344 29 16 zu
718 1334 102 36 haben.)
861 1336 87 24 Wenn
968 1335 65 25 auch
1051 1334 39 25 die

239 1376 120 26 Kenntnis
375 1376 41 27 der
431 1375 148 28 Oelmalerei
592 1375 79 25 schon
682 1374 72 36 lange
765 1375 65 26 nach
840 1374 86 26 Italien
940 1373 151 36 gekommen

240 1424 63 22 war,
317 1425 28 17 so
360 1416 100 26 dauerte
473 1425 23 17 es
511 1414 88 38 gewifs
613 1414 68 27 noch
694 1414 72 37 lange
780 1414 62 31 Zeit,
863 1414 36 26 bis
914 1414 33 26 sie
962 1414 51 26 sich
1028 1414 52 26 voll-

240 1456 98 36 ständig
354 1456 203 30 acclimatisierte,
576 1455 53 26 und
643 1455 65 26 ohne
723 1453 107 28 Zweifel
845 1453 100 28 dauerte
958 1453 39 27 die
1011 1454 66 26 Leim-

240 1494 98 27 malerei
352 1496 67 27 noch
432 1497 72 35 lange
519 1495 79 26 neben
612 1494 41 27 der
667 1494 147 27 Oelmalerei
828 1493 59 27 fort.
900 1510 34 4 —
945 1493 147 37 Corregio

240 1531 43 27 hat
302 1536 90 33 gewifs
410 1536 66 27 noch
496 1536 47 26 viel
560 1536 26 26 in
603 1534 156 27 Leimfarben
778 1534 102 37 gemalt,
901 1534 65 26 denn
984 1544 23 16 es
1026 1536 67 24 wäre

241 1580 69 19 sonst
324 1576 70 26 nicht
408 1586 30 16 zu
452 1575 133 37 begreifen,
603 1575 50 27 wie
667 1585 34 22 er,
721 1575 33 27 als
769 1585 25 16 er
813 1575 47 26 den
874 1573 107 37 Auftrag
995 1573 99 30 bekam,

241 1609 40 27 die
293 1614 97 37 Kuppel
404 1616 27 25 in
444 1615 121 27 Pannaal
579 1614 79 27 fresco
673 1625 29 16 zu
716 1615 91 30 malen,
826 1614 57 27 dort
897 1614 82 37 gleich
992 1613 46 26 mit
1053 1613 42 26 der

241 1657 92 26 ganzen
349 1656 148 26 Virtuosität
516 1656 64 26 eines
598 1656 161 26 routinierten
778 1654 176 27 Freskomalers
972 1652 123 27 auftreten

241 1685 103 33 konnte.

301 1733 143 33 Cennini,
463 1741 53 30 sagt
527 1735 120 30 Böcklin,
666 1735 34 26 sei
719 1740 72 21 unter
808 1735 49 25 den
870 1733 165 27 Malbüchern
1053 1731 42 27 das

244 1768 72 32 beste,
331 1772 67 27 doch
412 1773 79 28 kenne
506 1785 24 16 er
545 1774 39 27 die
599 1774 149 27 Oelmalerei
763 1774 67 26 noch
844 1773 78 27 nicht.

300 1811 50 25 Das
366 1814 69 26 Buch
449 1814 94 26 enthält
557 1814 49 26 viel
624 1813 130 37 Humbug.
794 1816 32 24 So
841 1823 19 17 z.
881 1815 37 25 B.:
939 1823 58 16 man
1016 1816 80 22 müsse

244 1846 64 27 beim
322 1851 103 27 Formen
444 1864 50 16 von
509 1856 101 23 Statuen
629 1854 26 25 di
673 1863 101 27 persone
793 1853 26 25 di
835 1852 119 37 riguardo
973 1852 47 26 den
1036 1852 60 37 Gips

244 1890 45 20 mit
303 1889 112 28 Rosenöl
430 1893 112 26 tränken.
583 1894 131 25 Besonders
733 1893 46 26 toll
797 1893 33 25 sei
845 1893 41 25 das
906 1892 70 26 letzte
991 1891 105 37 Kapitel,

245 1924 55 32 das,
320 1938 25 16 w
348 1930 7 25 i
357 1939 13 17 e
387 1933 12 32 j
400 1941 13 16 a
416 1931 16 26 k
434 1942 33 16 OD
488 1932 156 27 Burckhardt
662 1933 89 30 meint,
770 1931 89 37 gewifs
874 1932 38 26 ein
928 1932 100 25 anderer
1041 1930 56 26 dem

244 1961 34 25 Ce
280 1967 71 26 nnini
365 1979 56 18 zum
436 1974 72 34 Spott
522 1973 142 36 angehängt
677 1972 70 27 habe.

301 2005 87 29 Wenn
402 2020 58 17 man
476 2012 25 25 in
515 2011 196 27 Leimfarben
725 2011 62 27 malt
802 2011 52 27 und
868 2020 19 17 z.
902 2012 26 25 B.
944 2011 71 25 einen
1028 2008 72 37 Kopf

245 2041 159 33 darzustellen
419 2050 77 32 hätte,
510 2061 28 16 so
550 2056 81 22 müsse
644 2062 59 16 man
717 2051 46 26 mit
774 2051 115 26 leichtem
900 2050 142 27 Antuschen
1057 2049 42 26 der

261 2083 97 27 chatten
373 2087 123 37 beginnen
515 2092 53 25 und
587 2102 50 16 von
656 2092 81 25 diesen
756 2100 43 17 aus
820 2091 26 25 in
866 2090 41 26 das
922 2090 73 26 Licht
1013 2089 86 26 hinein

245 2121 170 33 modellieren.
455 2132 75 24 Dann
548 2131 56 26 aber
622 2141 51 17 von
692 2131 56 26 dem
768 2131 117 26 Lichtton
904 2128 122 37 beginnen
1045 2128 53 26 und

244 2161 93 26 zurück
348 2163 35 28 bis
395 2167 26 26 in
429 2168 49 26 den
489 2171 114 25 Schatten
612 2171 171 30 modellieren,
798 2171 36 25 bis
843 2169 98 27 endlich
950 2169 38 25 die
995 2167 104 27 Malerei

268 2204 12 17 c
283 2201 43 25 hef
338 2202 53 29 hat.
432 2209 63 25 Man
515 2214 81 22 müsse
614 2210 39 27 bei
671 2210 171 27 Leimmalerei
862 2218 61 28 ganz
943 2207 156 27 entschieden

245 2240 98 30 wissen,
357 2253 53 17 was
425 2256 59 17 man
498 2249 64 31 will,
576 2259 69 17 sonst
659 2250 66 26 wird
739 2259 24 17 es
777 2250 92 30 nichts;
885 2248 53 26 und
951 2248 88 26 immer
1052 2256 48 17 nur

245 2278 14 18 a
261 2283 28 17 -r
303 2281 91 28 starkes
406 2286 86 27 Relief
502 2287 41 27 des
554 2289 79 26 Bildes
649 2290 37 36 (d.
697 2291 24 25 h.
735 2290 84 25 Licht-
832 2288 52 26 und
896 2287 204 27 Schattenvertei-

255 2319 16 17 u
272 2318 45 32 ng)
330 2320 163 32 hinarbeiten.
514 2329 62 24 Man
588 2328 85 27 könne
688 2330 79 29 nicht,
781 2329 50 26 wie
845 2328 40 26 bei
899 2328 41 25 der
951 2326 149 27 Oelmalerei

245 2357 30 18 au
278 2360 11 16 r
302 2355 57 30 dem
373 2362 69 28 Bilde
456 2367 164 28 ausschlafen.

559 2460 22 26 6.
597 2461 139 36 September
752 2461 45 26 68.

244 2541 28 27 Fr
299 2520 35 37 i°
337 2522 33 18 nri
370 2520 2 48 .
372 2522 22 20 ta
454 2522 117 32 Böcklin,
587 2524 41 26 der
639 2526 75 26 heute
729 2527 93 26 wieder
835 2526 115 27 draufsen
965 2525 39 27 bei
1018 2525 83 27 seinen

457 2570 63 22 war,
535 2563 85 27 indem
635 2575 24 16 er
673 2564 89 32 hoffte,
777 2576 25 16 er
813 2566 83 26 könne
910 2566 67 27 noch
988 2563 48 29 auf
1045 2565 57 26 dem

246 2618 25 28 fa
290 2596 64 52 d^n
358 2602 12 16 6
390 2605 9 15 1
495 2611 16 24 g
513 2602 141 27 eD^eDenen
665 2605 159 27 unbemalten
835 2606 77 26 Stuck
924 2605 177 31 weitermalen,

246 2662 50 26 und
327 2667 6 22 1
399 2635 79 28 Bxiert
479 2660 7 9 '
501 2640 74 27 Selbst
589 2642 39 26 die
639 2646 68 24 Kom
709 2645 127 35 enpunkte
851 2646 40 26 des
903 2646 199 36 Durchpausens,

311 2676 13 15 a
327 2677 17 16 «
360 2680 25 17 er
399 2675 45 26 mit
459 2677 56 28 dem
526 2680 80 27 Pinsel
620 2682 105 27 darüber
740 2684 97 31 wusch,
852 2686 77 26 nahm
940 2695 24 17 er
979 2695 67 17 zwar
1061 2684 41 27 das

1169 372 170 33 krystallische
1348 372 191 27 Kalkhäutehen
1550 372 59 32 fort,
1619 375 56 25 aber
1686 376 46 25 mit
1739 377 54 25 ihm
1803 377 65 26 auch
1877 378 47 27 alle
1932 379 94 31 Glätte,

1169 410 52 25 und
1235 420 23 15 es
1273 410 114 27 entstand
1401 410 111 27 dadurch
1531 412 39 26 ein
1585 422 29 16 so
1628 414 88 25 rauher
1727 415 97 31 Grund,
1844 416 53 26 dafs
1917 427 24 16 er
1955 420 70 24 nicht

1169 448 93 26 darauf
1272 449 82 25 malen
1365 449 94 25 konnte
1473 450 52 26 und
1540 450 41 26 das
1593 450 152 27 betreffende
1756 453 75 26 Stück
1846 455 94 27 wieder
1955 467 53 22 weg-

1167 487 132 25 schneiden
1314 487 98 26 mufste.
1444 488 90 34 (Liefse
1548 499 24 15 es
1586 490 53 25 sich
1653 491 71 24 nicht
1735 492 93 25 wieder
1842 493 63 34 glatt
1920 493 104 38 klopfen

1169 525 50 25 und
1233 525 65 25 dann
1315 525 93 26 darauf
1417 526 87 26 weiter
1515 526 110 36 malen?)
1640 531 49 23 Das
1700 528 177 29 Auftrocknen
1891 532 41 26 des
1946 540 79 20 ersten

1168 563 78 25 Bildes
1261 564 31 24 ist
1305 573 61 25 ganz
1377 564 199 27 unberechenbar
1590 576 46 16 vor
1649 567 53 25 sich
1715 577 137 27 gegangen.
1895 572 45 25 Die
1955 572 69 31 Luft,

1168 602 39 24 die
1222 603 135 34 Cypressen
1377 603 50 25 und
1448 603 74 25 andre
1537 606 94 24 Bäume
1649 604 91 28 kamen
1754 616 40 21 so,
1813 609 51 25 wie
1879 609 106 28 Böcklin
2001 620 22 17 es

1167 646 116 19 erwartet
1303 641 76 25 hatte.
1421 642 45 24 Die
1481 642 173 27 Schattenseite
1675 643 40 26 des
1731 646 95 25 Hauses
1846 647 58 26 aber
1921 658 29 16 zu
1966 650 57 29 hell,

1167 678 60 25 weil
1242 688 24 15 er
1283 678 26 25 in
1327 679 47 24 den
1392 679 116 26 Schatten
1526 681 48 25 viel
1592 682 46 25 mit
1658 681 66 27 Kalk
1738 685 136 33 gemischte
1894 688 72 25 Töne
1980 698 29 24 ge-

1167 716 103 26 braucht
1283 717 76 25 hatte.

1225 755 47 25 Die
1282 756 85 24 Wiese
1382 756 30 24 ist
1426 756 47 25 viel
1487 766 30 15 zu
1531 757 50 26 hell
1597 758 49 26 und
1661 759 127 27 weifslich
1802 763 145 34 geworden,
1963 764 60 26 weil

1167 792 105 26 Böcklin
1291 803 28 16 zu
1333 794 55 25 sehr
1402 794 48 26 auf
1465 795 48 25 den
1531 796 190 36 dunkelgrauen
1736 800 135 26 Grundton
1885 802 41 25 des
1941 803 80 26 Bildes

1167 832 129 35 gerechnet
1310 832 76 31 hatte,
1409 833 42 25 der
1466 843 53 16 nun
1534 836 48 25 viel
1600 836 152 27 weifslicher
1770 838 191 36 aufgetrocknet
1982 842 39 30 ist,

1167 870 33 25 als
1220 880 24 15 er
1259 870 124 36 geglaubt.
1418 874 33 22 So
1471 874 86 25 stehen
1575 876 58 32 jetzt
1653 874 38 28 die
1709 876 90 26 vorher
1817 879 205 36 hellgelbgrünen

1167 908 92 30 Flecke,
1274 918 43 17 wo
1329 909 42 26 der
1380 910 108 36 niedrige
1500 913 81 25 Rasen
1592 914 125 26 zwischen
1731 915 48 26 den
1789 916 111 28 höheren
1911 918 112 27 Pflanzen

1167 946 107 27 sichtbar
1290 957 67 21 war,
1372 948 34 26 als
1421 949 175 36 dunkelgrüne
1614 952 86 27 Flecke
1719 953 47 26 auf
1783 956 81 26 einem
1885 957 125 28 weifslich-

1166 995 93 25 grauen
1274 987 86 25 Grund
1375 996 24 16 u.
1407 997 19 17 s.
1433 998 35 15 w.

1225 1023 106 27 Böcklin
1345 1026 99 31 meinte,
1464 1036 23 15 es
1505 1028 88 26 würde
1609 1030 53 26 ihm
1681 1031 48 26 viel
1748 1034 70 24 mehr
1838 1038 99 26 nützen,
1956 1035 68 26 hätte

1167 1062 77 26 erden
1254 1063 86 26 Grund
1352 1063 98 27 einfach
1463 1069 64 31 grün
1538 1068 138 33 gestrichen
1687 1071 52 24 und
1751 1071 40 26 die
1797 1073 228 37 Ausschmückung

1167 1101 47 25 den
1228 1103 255 34 Temperaretouchen
1499 1104 147 29 überlassen.
1678 1110 41 24 An
1738 1109 57 27 dem
1809 1112 120 26 vorderen
1949 1116 75 23 Grase

1167 1140 54 25 sind
1236 1141 63 25 auch
1314 1140 61 26 viele
1389 1143 209 35 Veränderungen
1612 1155 46 16 vor
1671 1147 54 25 sich
1741 1158 136 27 gegangen.
1919 1152 46 26 Die
1980 1151 47 27 auf

1167 1178 47 26 den
1238 1183 94 31 grünen
1354 1180 130 26 Mittelton
1509 1182 40 25 des
1574 1185 86 25 Grases
1687 1185 168 37 aufgesetzten
1876 1190 147 36 hellgrünen

1167 1218 94 26 Striche
1274 1217 54 27 sind
1347 1228 43 25 gar
1408 1220 70 24 nicht
1498 1221 70 25 mehr
1584 1232 30 15 zu
1632 1224 75 26 sehen
1721 1226 53 24 und
1794 1227 85 26 bilden
1900 1230 47 25 mit
1967 1229 56 26 dem

1169 1256 129 27 Mittelton
1317 1257 54 26 eine
1388 1258 191 27 unmodellierte
1593 1261 179 29 Farbenfläche.
1813 1266 49 25 Die
1883 1266 140 37 tiefgrauen

1168 1296 144 26 Mitteltöne
1327 1296 41 36 (zu
1379 1296 80 26 denen
1473 1298 41 24 der
1525 1299 135 26 Grundton
1671 1300 100 27 benutzt
1782 1305 103 34 wurde)
1897 1306 54 26 sind
1962 1317 61 23 ganz

1168 1334 63 27 blafs
1252 1333 196 38 aufgetrocknet,
1473 1337 53 25 und
1551 1337 39 25 die
1614 1338 94 27 darauf
1725 1342 126 34 gemalten
1874 1344 149 36 hellgrünen

1168 1375 90 25 Halme
1278 1373 54 26 sind
1350 1373 106 27 dunkler
1481 1375 34 25 als
1538 1376 43 25 der
1602 1377 95 27 Grund.
1739 1380 47 24 Die
1807 1380 90 27 blauen
1920 1384 103 26 Blumen

1171 1414 103 35 (Smalte
1291 1413 53 26 und
1357 1414 185 35 Morellensalz)
1563 1415 106 27 dunkler
1687 1416 35 27 als
1742 1419 171 36 Chromgrün,
1933 1422 90 27 ebenso

1170 1454 39 26 die
1228 1453 137 36 hellgelben
1385 1453 104 26 Blumen
1508 1454 171 36 (Goldocker)
1699 1455 48 27 fast
1765 1457 90 27 ebenso
1874 1460 95 27 dunkel
1989 1462 34 25 als

1171 1493 42 27 das
1228 1497 77 32 grüne
1319 1494 68 25 Gras.
1410 1493 74 35 (Hier
1502 1492 96 27 könnte
1616 1494 92 34 jedoch
1725 1497 66 25 auch
1806 1497 42 26 das
1868 1498 155 28 Aufblassen

1171 1532 40 27 des
1226 1535 81 24 Grüns
1321 1531 89 28 Grund
1424 1531 61 27 dazu
1496 1532 73 36 sein.)
1590 1534 28 24 In
1633 1532 42 27 der
1686 1534 140 37 Beziehung
1837 1537 106 27 äufserte
1958 1540 65 25 auch

1172 1571 113 31 Böcklin,
1304 1571 39 27 die
1364 1570 83 28 Ocker
1465 1570 100 28 werden
1583 1572 80 26 durch
1680 1573 179 36 Flüssigkeiten
1880 1576 32 35 (z.
1933 1579 25 24 B.
1975 1579 48 26 Oel

1172 1612 59 27 oder
1244 1614 100 24 Wasser
1358 1610 57 36 etc.)
1435 1612 85 35 wenig
1539 1610 104 26 dunkler
1662 1614 115 33 gemacht
1796 1614 33 26 als
1844 1615 34 26 sie
1896 1616 35 26 im
1945 1618 78 25 rohen

1172 1651 123 28 Zustande
1309 1650 64 31 sind,
1393 1650 120 26 trocknen
1526 1650 76 26 daher
1616 1647 64 30 auch
1693 1652 70 25 nicht
1777 1663 28 16 so
1819 1653 49 27 viel
1880 1655 76 26 heller
1970 1655 53 29 auf.

1172 1692 99 27 Andere
1289 1690 88 27 Farben
1396 1690 109 36 dagegen
1526 1689 107 27 erleiden
1650 1691 26 25 in
1695 1690 92 28 diesem
1801 1692 51 27 Fall
1870 1693 154 29 bedeutende

1172 1731 214 35 Veränderungen.

1232 1771 80 25 Beim
1327 1769 120 27 Prozefs
1462 1768 47 27 des
1521 1767 226 29 Auftrocknens
1759 1769 73 27 selbst
1842 1771 112 27 bemerkt
1966 1783 58 16 man

1174 1810 136 36 folgenden
1324 1811 131 35 Vorgang:
1476 1819 42 16 am
1531 1807 134 37 folgenden
1680 1810 67 35 Tage
1761 1808 111 28 bemerkt
1886 1821 68 21 man,
1969 1812 54 27 dafs

1175 1850 59 26 über
1247 1851 85 25 Nacht
1347 1849 41 26 der
1402 1848 134 27 Grundton
1554 1847 51 27 und
1620 1848 69 26 mehr
1702 1850 67 24 noch
1789 1849 39 26 die
1842 1850 91 26 Farben
1947 1857 78 22 etwas

1175 1890 106 26 dunkler
1295 1889 135 36 geworden
1449 1888 61 26 sind.
1557 1890 74 23 Dann
1651 1897 78 27 gegen
1750 1888 90 27 Abend
1858 1890 41 25 des
1920 1891 105 27 zweiten

1174 1931 76 35 Tages
1266 1929 100 27 werden
1380 1928 39 26 die
1433 1928 45 26 mit
1492 1926 82 27 Weifs
1588 1928 152 35 gemischten
1753 1928 53 26 und
1824 1928 59 27 dick
1902 1931 125 35 gemalten

1175 1970 97 25 Lichter
1292 1968 75 27 heller
1386 1968 51 26 und
1459 1966 170 28 halbtrocken.
1674 1968 50 25 Am
1741 1968 119 27 nächsten
1879 1970 67 35 Tage
1963 1971 64 25 sieht

1175 2019 58 16 man
1255 2009 78 25 schon
1356 2007 108 27 einzelne
1483 2006 49 27 hell
1554 2005 203 38 aufgetrocknete
1778 2007 104 27 Flecken
1903 2009 52 26 und
1975 2020 40 16 ver-

1176 2048 127 26 schiedene
1317 2046 116 27 trockene
1448 2046 90 27 Stellen
1557 2056 41 16 am
1612 2046 73 26 Rand
1698 2056 51 17 von
1763 2049 81 34 jenem
1858 2050 170 35 vorgestrigen

1176 2087 155 26 Kalkansatz.
1365 2088 49 24 Am
1428 2097 25 26 4.
1470 2086 35 25 bis
1524 2095 22 25 5.
1559 2087 67 35 Tage
1642 2086 29 25 ist
1686 2086 78 26 schon
1779 2085 48 28 fast
1842 2088 58 26 alles
1915 2089 113 28 trocken.

1178 2128 41 35 (Es
1234 2136 54 17 war
1301 2126 54 25 sehr
1366 2135 104 16 warmes
1484 2125 128 26 trockenes
1624 2127 98 24 Wetter
1733 2126 50 26 und
1799 2126 39 27 die
1849 2129 81 25 Sonne
1945 2129 83 26 schien

1177 2167 46 26 den
1238 2175 93 26 ganzen
1343 2166 54 34 Tag
1411 2164 60 27 über
1485 2174 30 17 an
1530 2165 39 25 die
1583 2165 133 27 Rückseite
1731 2166 42 26 der
1786 2166 125 28 bemalten
1918 2169 110 36 Wand.)

1234 2205 105 26 Böcklin
1350 2205 98 26 bereute
1459 2204 48 27 auf
1517 2205 70 26 einen
1595 2215 93 26 grauen
1699 2206 88 26 Grund
1798 2207 92 35 gemalt
1905 2217 29 17 zu
1949 2208 80 27 haben

1176 2244 53 27 und
1247 2244 55 27 will
1321 2244 103 37 künftig
1441 2255 46 16 nur
1502 2244 47 27 auf
1564 2245 72 26 einen
1654 2255 62 27 ganz
1735 2245 104 27 weifsen
1857 2248 174 36 Freskogrund

1177 2285 95 31 malen;
1290 2283 31 27 da
1338 2284 88 26 würde
1446 2294 58 16 man
1518 2285 52 25 sich
1590 2285 59 26 über
1667 2285 41 26 das
1724 2285 176 28 Auftrocknen
1914 2288 70 27 nicht
2003 2299 28 17 so

1177 2325 126 27 täuschen.
1343 2326 93 24 Bäume
1455 2324 52 27 und
1526 2324 121 28 dunklere
1664 2327 99 25 Massen
1783 2326 114 38 überlege
1919 2338 24 16 er
1966 2328 68 28 dann

1178 2371 46 20 erst
1238 2365 45 25 mit
1295 2365 66 25 einer
1375 2365 126 26 dünneren
1513 2365 60 27 oder
1586 2365 116 27 dickeren
1713 2368 65 34 Lage
1793 2367 125 32 Schwarz,
1932 2371 22 33 je
1968 2371 65 26 nach

1178 2404 64 27 ihrer
1255 2404 162 32 Dunkelheit,
1439 2404 78 27 damit
1531 2404 42 27 der
1587 2405 88 27 Grund
1696 2405 106 37 gedeckt
1815 2408 83 26 werde
1913 2409 53 26 und
1980 2410 54 26 ihm

1178 2444 39 26 die
1238 2444 117 26 Schatten
1379 2444 94 27 dunkel
1498 2444 106 30 bleiben.
1651 2446 58 26 Und
1733 2446 26 26 in
1780 2446 78 27 dieser
1882 2449 88 27 Weise
1990 2450 44 26 hat

1179 2483 106 27 Böcklin
1299 2484 66 26 auch
1379 2485 78 27 schon
1471 2485 66 27 beim
1552 2487 91 26 andern
1658 2487 67 26 Bilde
1739 2486 141 37 begonnen,
1900 2490 90 25 Emaus
2005 2500 30 16 zu

1179 2524 82 26 malen
1275 2524 52 26 und
1342 2525 31 25 ist
1387 2535 53 17 nun
1460 2526 111 37 weniger
1588 2525 48 28 auf
1646 2526 152 38 Farbenspiel
1813 2537 173 29 ausgegangen
2001 2530 34 26 als

1179 2563 119 28 vielmehr
1312 2564 48 27 auf
1370 2564 84 28 Relief
1464 2566 51 26 und
1531 2566 131 37 plastische
1675 2568 177 36 Erscheinung.

1237 2604 79 26 Noch
1334 2605 39 25 ein
1390 2605 152 28 Uebelstand
1559 2607 67 26 beim
1647 2607 173 27 Freskomalen
1837 2608 54 27 sind
1912 2608 39 27 die
1972 2610 43 25 An-

1181 2647 80 23 sätze
1275 2644 54 27 und
1344 2655 60 16 man
1417 2645 65 28 mufs
1504 2647 55 26 sehr
1575 2647 67 26 Acht
1662 2647 90 36 geben,
1774 2647 54 27 dafs
1848 2648 35 26 sie
1898 2648 53 26 sich
1971 2648 65 26 auch

1181 2684 63 36 glatt
1257 2685 147 37 vereinigen.

1213 2880 0 0 41
