2557 3286
1088 342 130 48 AUS
1253 342 248 56 „LIEDER
1536 333 127 56 FÜR

1139 453 68 31 Bist
1232 452 42 31 du
1297 452 109 37 braun,
1430 451 63 31 bist
1516 452 44 31 du
1582 451 116 32 blond?

1136 505 44 31 Ist
1204 514 35 21 es
1263 504 149 37 schwarz,
1436 503 40 31 ist
1500 514 35 21 es
1559 503 82 38 blau,

1277 555 71 31 dein
1372 555 114 41 Auge?

953 609 54 31 Ich
1030 608 88 32 weifs
1143 619 34 21 es
1201 608 92 38 nicht,
1318 608 82 30 doch
1424 607 59 31 lieb
1506 607 49 30 ich
1580 607 84 30 seine
1688 607 83 31 reine
1796 607 88 31 Tiefe

954 661 65 30 und
1043 660 73 31 bete
1140 659 89 32 deine
1253 658 113 32 wilden
1389 659 110 31 Haare
1524 669 48 20 an.

1138 754 68 31 Bist
1230 752 43 32 du
1297 753 81 38 mild,
1403 752 62 32 bist
1488 751 43 33 du
1555 751 87 32 hart?

1136 806 44 31 Ist
1204 816 34 21 es
1262 805 144 32 liebreich
1431 804 78 32 oder
1533 803 160 44 spöttisch,

1275 858 71 31 dein
1371 857 101 32 Herz?

953 912 52 32 Ich
1029 912 88 32 weifs
1142 922 34 21 es
1201 911 89 39 nicht,
1316 911 82 32 doch
1422 910 86 32 dank
1531 909 50 32 ich
1605 909 73 31 dem
1704 907 181 38 Geschicke,

953 966 70 31 dafs
1047 965 73 32 ich's
1145 976 37 20 zu
1207 965 134 31 meinem
1365 965 105 30 Herrn
1494 962 64 32 und
1581 962 112 42 Sieger
1716 960 160 33 auserkor.

1135 1060 68 31 Bist
1228 1060 42 31 du
1294 1063 119 33 untreu,
1438 1057 62 31 bist
1525 1057 42 31 du
1590 1056 99 32 treu?-

1135 1111 79 38 Ach,
1237 1121 68 22 was
1329 1110 70 32 thut
1422 1110 66 37 das,

1273 1163 32 31 in
1329 1163 56 30 der
1407 1161 92 38 That,

952 1217 42 31 da
1018 1216 106 32 deiner
1147 1215 172 33 Schönheit
1342 1215 93 31 Lohn
1459 1214 48 30 für
1532 1213 100 32 meine
1655 1212 98 32 Liebe
1776 1212 110 31 immer

952 1270 46 31 als
1022 1270 111 31 Krone
1157 1268 134 31 meinem
1314 1266 157 32 kühnsten
1494 1265 166 32 Wunsche
1684 1265 63 42 gilt.

1195 1441 451 50 NEVERMORE

951 1559 126 36 Komm,
1103 1567 103 21 armes
1231 1557 90 36 Herz,
1346 1555 81 31 mein
1451 1553 127 33 Freund
1602 1553 30 30 in
1656 1553 79 30 Lust
1759 1552 64 31 und
1847 1553 126 38 Leiden,

950 1609 65 32 bau
1039 1609 112 31 deinen
1175 1607 229 42 Siegesbogen,
1429 1606 59 30 wie
1513 1615 33 21 er
1570 1604 79 31 warl

946 1667 91 28 .streu
1060 1661 148 41 ranzigen
1232 1658 195 32 Weihrauch
1451 1657 57 30 auf
1529 1656 61 30 den
1613 1655 171 42 Trugaltar
1789 1657 6 28 1

951 1714 61 31 den
1037 1711 159 42 Abgrund
1220 1710 59 31 lafs
1303 1709 55 31 mit
1382 1708 131 32 Blumen
1538 1707 66 31 sich
1627 1707 173 31 bekleiden!

950 1766 127 35 Komm,
1103 1772 104 22 armes
1231 1763 92 36 Herz,
1347 1761 83 30 mein
1453 1758 128 33 Freund
1605 1759 30 31 in
1659 1759 80 31 Lust
1762 1758 64 32 und
1849 1758 125 32 Leiden.

950 1849 193 41 Verjüngter
1165 1848 133 37 Kantor,
1324 1847 90 42 singe
1438 1847 133 32 fromme
1595 1846 112 32 Lieder
1712 1846 5 30 1

950 1901 196 31 verstimmte
1171 1899 106 42 Orgel,
1302 1900 123 31 stimme
1448 1900 151 41 Hymnen
1623 1898 51 30 an!

950 1952 143 32 schmink
1118 1951 89 33 deine
1231 1951 147 38 Runzeln,
1403 1951 77 32 alter
1503 1951 173 36 Sakristan,

951 2006 56 31 mit
1030 2005 132 32 Decken
1186 2004 177 38 schmücke,
1386 2013 100 32 graue
1509 2002 120 38 Wand,
1655 2001 70 32 dich
1748 2000 129 33 wieder!

951 2058 193 42 Verjüngter
1168 2057 131 37 Kantor,
1325 2056 89 43 singe
1436 2056 136 32 fromme
1596 2054 120 32 Lieder.

951 2144 76 33 Und
1051 2144 104 36 läutet,
1181 2142 38 31 all
1243 2142 46 31 ihr
1313 2142 151 37 Schellen,
1490 2138 189 39 Glöckchen,
1702 2137 149 38 Glocken,

952 2198 59 30 das
1035 2194 185 33 Unerhoffte
1244 2195 39 30 ist
1307 2194 57 31 mir
1387 2204 64 21 nun
1474 2191 163 43 geglückt:

953 2249 30 32 in
1007 2248 101 32 meine
1132 2248 100 30 Arme
1256 2247 74 30 hielt
1353 2246 49 32 ich
1425 2255 35 21 es
1485 2243 162 43 gedrückt,

952 2300 59 32 das
1037 2298 109 39 Glück,
1171 2298 58 31 das
1248 2297 97 43 jeden
1368 2296 173 32 Menschen
1565 2295 84 31 flieht
1673 2292 216 33 erschrocken.

953 2353 75 30 Nun
1051 2351 103 37 läutet,
1180 2349 39 32 all
1242 2349 46 32 ihr
1312 2348 151 39 Schellen,
1489 2347 190 37 Glöckchen,
1703 2343 157 33 Glocken!

953 2437 70 31 Das
1048 2435 102 33 Glück
1174 2435 40 31 ist
1237 2434 121 31 Nachts
1381 2443 55 22 zur
1460 2432 86 33 Seite
1570 2431 57 32 mir
1650 2438 185 33 gegangen;

953 2488 84 31 doch
1061 2506 45 5 —
1132 2487 58 32 das
1214 2486 200 42 Verhängnis
1439 2485 74 32 übte
1538 2485 84 30 seine
1647 2481 117 38 Macht,

955 2541 56 30 der
1033 2541 118 30 Wurm
1176 2543 78 37 nagt
1276 2539 31 30 in
1332 2539 56 30 der
1411 2536 127 38 Frucht,
1562 2536 49 31 ich
1634 2534 52 30 bin
1711 2531 146 39 erwacht,

953 2592 66 32 und
1044 2603 40 20 an
1109 2591 56 31 der
1188 2591 97 31 Liebe
1309 2594 78 37 nagt
1412 2586 318 41 Gewissensbangen.

954 2644 70 30 Das
1049 2642 102 32 Glück
1175 2643 39 31 ist
1237 2641 121 32 Nachts
1383 2651 54 21 zur
1461 2640 85 31 Seite
1570 2638 58 32 mir
1652 2646 179 33 gegangen.

1499 2839 0 0 52
