2557 3286
712 1671 475 49 FRANZÖSISCHE
1221 1670 316 44 GEDICHTE

810 1753 184 29 DEUTSCH
1015 1751 79 28 VON
1114 1749 107 29 KARL
1241 1745 196 30 KLAMMER

626 1834 1000 64 WUNDERABENDDÄMMERUNG

932 1931 128 33 NACH
1084 1927 233 34 VERLAINE

661 2036 199 41 Erinnerung
883 2035 54 31 mit
961 2033 55 32 der
1036 2033 219 37 Dämmerung
1278 2028 41 31 im
1341 2025 110 33 Bunde

661 2089 123 42 erglüht
808 2088 62 32 und
894 2087 76 32 bebt
994 2097 52 20 am
1069 2082 134 33 Himmel
1225 2082 30 30 in
1279 2080 60 31 den
1362 2078 162 31 Flammen

661 2140 56 32 der
741 2142 171 40 Hoffnung,
937 2138 65 38 ach,
1027 2137 48 32 die
1100 2137 64 29 fern
1188 2134 41 30 im
1253 2129 233 43 Hintergrunde

661 2193 100 42 gleich
786 2194 82 31 einer
891 2190 109 33 Wand
1024 2188 88 37 steht,
1137 2186 81 31 einer
1241 2183 247 37 wundersamen,

660 2256 52 21 wo
737 2246 132 31 Blumen
892 2244 120 36 blühen,
1037 2237 127 35 duftend
1188 2236 101 37 bunte,

660 2297 66 32 und
749 2297 139 38 Dahlien,
913 2296 101 37 Lilien,
1037 2292 121 42 Tulpen
1181 2289 63 31 und
1268 2287 171 42 Cyklamen

661 2350 49 31 ein
735 2350 100 31 Gitter
859 2349 74 31 müd
957 2343 252 37 umschwanken;
1232 2341 30 31 in
1287 2341 55 30 der
1366 2339 112 31 Runde

660 2402 88 32 ziehn
771 2402 55 32 mit
849 2398 214 34 berauschend
1086 2396 149 33 krankem
1259 2392 113 32 Hauch
1395 2402 182 21 zusammen

662 2455 48 31 die
734 2456 104 36 Düfte,
864 2453 120 32 schwer
1008 2451 62 32 und
1095 2446 123 39 schwül,
1242 2445 48 31 die
1314 2444 57 31 mir
1394 2444 177 31 benahmen

662 2507 100 42 gleich
787 2507 65 31 Gift
875 2506 61 31 den
959 2505 83 36 Sinn,
1067 2501 68 32 dafs
1159 2500 83 30 Herz
1265 2496 63 32 und
1351 2496 79 32 Hirn
1454 2496 158 34 erlahmen

661 2570 66 21 von
750 2559 141 37 Dahlien,
915 2557 101 37 Lilien,
1040 2554 120 41 Tulpen
1183 2550 63 32 und
1271 2548 182 43 Cyklamen,

661 2611 49 32 bis
735 2612 84 32 dann
841 2621 39 22 zu
903 2610 82 31 einer
1008 2605 177 34 Ohnmacht
1208 2602 137 32 schmilzt
1367 2601 42 32 im
1433 2601 130 33 Grunde

661 2664 198 42 Erinnerung
882 2663 55 31 mit
961 2661 54 32 der
1038 2661 217 36 Dämmerung
1277 2655 42 31 im
1342 2655 112 30 Bunde
1470 2680 6 6 .
1493 2680 6 6 .
1516 2681 6 5 .

713 1538 40 11 MAX
764 1538 85 13 KLINGER,
860 1534 133 16 TÄNZERINNEN,
1005 1535 67 11 BRONZE

1201 2860 0 0 51
