2557 3286
828 387 103 45 DIE
968 388 233 48 GANZE
1237 392 191 47 WELT

702 494 66 30 Wo
792 494 98 42 hängt
914 495 55 31 der
991 497 119 40 gröfste
1135 498 230 43 Bilderbogen?

702 545 87 30 Beim
812 545 186 38 Kaufmann,
1022 548 128 30 Kinder!
1175 551 189 41 ungelogen!

702 595 75 30 Man
801 595 129 30 braucht
954 597 68 29 blos
1048 598 145 31 draufsen
1217 601 89 30 stehn
1330 613 37 18 zu
1391 603 128 39 bleiben,

702 644 93 31 kuckt
819 646 117 30 einfach
961 647 95 30 durch
1081 647 48 31 die
1153 649 263 41 Ladenscheiben,

703 695 40 30 da
768 695 77 30 sieht
867 706 73 20 man
964 697 81 31 ohne
1061 698 73 31 alles
1160 700 79 30 Geld

702 744 48 30 die
774 755 99 30 ganze
895 747 94 30 Welt.

702 826 74 31 Man
801 827 78 30 sieht
902 828 48 30 die
974 829 138 31 braunen
1136 831 247 41 Kaffeebohnen;

702 876 48 30 die
774 878 153 37 wachsen,
952 890 50 19 wo
1027 880 48 30 die
1099 882 92 30 Affen
1215 884 141 31 wohnen.

701 928 75 29 Man
800 928 77 29 sieht
901 929 55 30 auf
976 930 202 38 Waschblau,
1201 933 75 30 Reis
1299 935 63 30 und
1386 937 148 33 Mandeln

701 978 147 29 Kameele
872 984 88 25 unter
982 981 128 31 Palmen
1133 984 149 37 wandeln,

701 1028 63 29 und
788 1028 85 31 einen
898 1029 124 32 Ochsen
1045 1041 82 31 ganz
1149 1033 134 40 bepackt

702 1078 54 30 mit
779 1078 249 33 Fleischextrakt.

701 1161 64 30 Am
788 1161 147 43 Eingang
958 1163 75 31 aber
1056 1164 82 30 lehnt
1162 1175 38 20 ne
1223 1166 103 30 Leiter

702 1212 54 31 mit
778 1213 115 37 Hasen,
918 1214 149 30 Hühnern
1091 1216 62 29 und
1177 1226 37 20 so
1239 1217 111 38 weiter,

702 1263 62 31 und
788 1265 174 31 manchmal
984 1266 99 41 hängt
1105 1277 40 20 an
1168 1267 85 31 ihren
1276 1268 156 40 Sprossen

702 1316 47 31 ein
772 1317 122 41 grofser
917 1317 118 38 Hirsch,
1060 1327 80 32 ganz
1163 1319 252 41 totgeschossen;

704 1368 82 31 dann
809 1368 119 32 kommt
951 1370 82 30 so'n
1057 1370 113 30 kleiner
1193 1370 208 30 Hundemann

703 1420 63 31 und
790 1420 186 43 schnuppert
1000 1421 83 31 dran.

777 1592 123 48 DAS
937 1590 304 51 RICHTIGE
1278 1589 195 48 PFERD

706 1703 81 31 Wer
811 1703 127 32 schenkt
961 1704 56 31 mir
1040 1705 48 30 ein
1110 1702 177 42 lebendiges
1311 1700 99 37 Pferd,

707 1756 79 30 mein
810 1756 241 41 Schaukelpferd
1075 1756 38 30 ist
1136 1753 155 43 garnichts
1314 1756 83 33 wert,

707 1817 33 21 es
764 1807 54 31 hat
842 1818 36 21 so
904 1808 84 31 steife
1011 1807 106 37 Beine;

707 1869 33 20 es
766 1861 126 40 stampft
916 1860 87 37 nicht,
1027 1859 77 31 frifst
1126 1858 88 37 nicht,
1237 1856 125 32 wiehert
1385 1855 87 36 nicht,

707 1911 63 31 und
793 1912 103 31 macht
920 1912 85 31 solch
1029 1911 138 31 ledernes
1193 1909 131 36 Gesicht,

707 1964 63 29 und
794 1963 86 31 weifs
904 1963 88 38 nicht,
1016 1973 66 20 was
1106 1962 47 31 ich
1176 1961 105 31 meine.

707 2048 105 30 Wenn
836 2048 56 30 mir
917 2048 53 29 der
994 2045 295 31 Weihnachtsmann
1314 2043 45 30 ein
1382 2041 101 37 Pferd,

707 2099 49 32 ein
779 2098 132 32 wirklich
934 2098 141 40 richtiges
1099 2096 93 30 Pferd
1215 2095 148 36 beschert,

708 2151 82 30 dann
813 2151 55 30 reit
890 2150 48 31 ich
961 2149 75 31 über
1060 2148 46 30 die
1130 2146 127 37 Brücke,

707 2203 63 30 und
794 2203 72 29 reite
890 2201 96 30 durch
1010 2200 59 31 den
1092 2198 202 32 Kiefernforst

708 2253 78 32 nach
809 2253 168 31 Vehlefanz
999 2251 63 30 und
1086 2249 182 32 Haselhorst

707 2305 63 31 und
794 2305 79 31 noch
897 2304 68 31 fünf
984 2303 106 41 grofse
1113 2300 122 32 Stücke.

708 2391 93 29 Dann
824 2389 51 30 bin
898 2387 46 32 ich
968 2387 104 30 mitten
1096 2386 29 29 in
1148 2383 54 30 der
1225 2382 95 37 Welt;

709 2441 41 30 da
773 2441 75 31 such
871 2439 47 31 ich
941 2438 57 31 mir
1020 2438 46 30 ein
1094 2434 167 33 Haberfeld

708 2492 63 31 und
794 2492 80 30 lasse
898 2490 79 31 mein
999 2486 171 34 Pferdchen
1193 2495 121 32 grasen.

708 2543 74 32 Und
806 2544 95 29 dann:
927 2541 81 31 dann
1031 2538 110 32 reitich
1165 2546 55 22 ans
1243 2536 102 31 Ende
1369 2536 55 31 der
1449 2538 93 39 Welt,

709 2606 50 19 wo
784 2595 55 30 der
861 2595 90 29 Riese
976 2592 59 31 den
1057 2589 217 41 Regenbogen
1297 2588 69 37 hält,

708 2656 42 20 un
751 2646 20 30 d
795 2665 43 3 —
862 2645 102 31 schick
988 2642 76 32 euch
1088 2651 37 21 ne
1148 2640 317 40 Ansichtspostkarte!

1196 2838 0 0 23
