2410 3990
1025 243 364 36 BIBLIOGRAPHIE

2115 250 95 50 217

192 359 221 49 permettra
448 357 48 37 de
525 356 199 52 répondre
752 368 95 26 sans
876 355 196 51 ambages
1100 353 22 40 à
1151 368 78 25 une
1257 356 190 50 question
1477 356 98 51 qu'il
1605 356 165 40 invitait
1799 370 75 26 son
1904 358 202 39 auditoire
2141 360 56 38 lui-

192 427 134 38 même
348 424 22 40 à
391 425 180 39 discuter
592 437 100 27 avec
713 424 71 38 lui.
810 422 362 47 Habituellement,
1204 437 53 25 on
1290 425 189 39 raisonne
1507 425 101 39 ainsi
1643 437 7 26 :
1682 426 53 38 La
1766 427 190 50 musique
1984 431 61 35 est
2073 441 53 26 un
2155 433 62 34 art

190 495 244 45 d'émotion,
459 507 53 26 un
536 498 62 35 art
620 495 49 38 de
690 494 238 44 sentiment,
954 493 48 38 de
1025 493 164 39 charme
1211 493 35 38 &
1268 493 48 38 de
1338 493 239 39 délicatesse
1594 505 6 35 ;
1626 506 47 27 or
1693 494 37 39 la
1752 495 150 38 femme
1923 499 61 35 est
2000 509 71 38 par
2087 497 109 39 excel-

190 564 114 39 lence
327 577 54 26 un
404 564 82 39 être
509 564 48 38 de
580 563 225 38 sentiment
822 573 7 36 ;
855 562 36 39 la
920 561 239 40 délicatesse
1189 562 34 38 &
1252 561 34 39 le
1317 561 165 40 charme
1511 566 97 35 sont
1636 576 63 25 ses
1727 562 234 53 privilèges.
1994 564 223 40 Comment

191 646 42 25 se
255 632 120 40 fait-il
396 634 108 37 donc
527 646 77 37 que
626 632 56 39 les
706 632 171 38 femmes
900 644 49 25 ne
966 631 134 39 soient
1116 643 71 39 pas
1203 643 50 26 au
1277 631 175 50 premier
1473 643 102 40 rang
1597 632 129 51 parmi
1750 632 56 39 les
1822 633 327 51 compositeurs?

190 702 26 38 Il
241 715 64 25 me
328 701 153 39 semble
505 714 77 38 que
605 705 64 35 cet
691 700 317 39 enchaînement
1029 699 151 39 d'idées
1203 712 21 26 a
1246 712 54 26 un
1332 700 185 52 principe
1540 700 110 39 faux.
1676 703 103 43 Que,
1813 714 103 38 pour
1944 703 83 37 être
2050 716 53 26 un
2134 704 81 38 bon

191 771 292 51 compositeur,
511 770 25 38 il
559 770 106 39 faille
687 770 170 38 d'abord
879 769 195 52 posséder
1096 782 78 25 une
1196 770 156 50 grande
1380 768 149 40 faculté
1557 768 243 47 d'émotion,
1833 783 54 26 un
1910 783 112 27 cœur
2045 771 68 51 qui
2137 773 80 37 soit

190 854 24 25 «
236 841 49 37 de
314 852 114 26 verre
450 852 105 39 pour
576 838 133 53 gémir
731 852 39 32 »,
797 839 81 39 cela
902 843 61 35 est
985 839 48 38 de
1055 842 116 36 toute
1194 838 196 38 évidence
1408 849 6 36 ;
1447 838 99 39 c'est
1575 838 35 38 le
1633 851 113 27 cœur
1768 839 68 51 qui
1860 839 72 39 fait
1954 840 37 38 le
2014 839 201 41 musicien

192 909 90 51 plus
304 921 145 27 encore
473 908 97 52 qu'il
603 921 49 26 ne
681 907 71 40 fait
779 908 215 46 l'orateur;
1027 908 34 38 8c
1090 907 82 38 l'on
1203 911 97 47 peut
1328 907 84 38 dire
1440 919 78 39 que
1549 907 38 38 ni
1617 907 250 45 Beethoven,
1902 909 38 38 ni
1972 909 168 45 Mozart,
2175 910 40 38 ni

191 978 203 39 Schubert
434 978 35 39 &
503 977 256 45 Schumann,
797 977 39 38 ni
873 976 175 52 Chopin,
1088 976 40 38 ni
1165 975 122 40 César
1323 976 168 46 Franck,
1530 976 39 38 ni
1606 977 218 45 Massenet,
1864 977 39 38 ni
1938 977 277 48 Saint-Saëns,

191 1047 208 39 n'eussent
420 1046 63 39 été
505 1059 43 26 ce
571 1046 120 51 qu'ils
714 1050 110 42 sont,
844 1046 63 38 s'il
925 1046 72 52 n'y
1013 1045 112 39 avait
1142 1058 47 26 eu
1206 1058 48 25 en
1272 1058 78 26 eux
1366 1045 176 52 quelque
1566 1046 123 38 chose
1711 1046 49 38 de
1782 1046 196 51 l'exquise
1994 1047 225 39 sensibilité

189 1116 67 50 qui
280 1113 236 41 caractérise
538 1115 56 38 les
618 1114 186 39 femmes.
830 1114 103 38 Mais
956 1114 107 39 voici
1088 1127 53 26 un
1165 1114 187 52 principe
1373 1114 84 51 qui,
1484 1112 22 41 à
1528 1127 76 26 nos
1624 1128 124 39 yeux,
1775 1114 143 40 éclaire
1935 1116 37 38 la
1994 1116 192 50 question
2207 1128 7 26 :

188 1185 55 38 En
269 1185 204 51 musique,
499 1184 31 39 si
553 1197 55 26 on
630 1184 164 38 s'arrête
817 1182 22 40 à
862 1182 213 40 l'émotion
1099 1184 34 38 8c
1156 1184 31 38 si
1211 1196 53 26 on
1289 1196 49 26 ne
1361 1196 51 26 va
1436 1196 71 39 pas
1530 1184 90 51 plus
1643 1184 98 45 loin,
1768 1196 54 26 on
1845 1188 62 34 est
1930 1184 211 52 incapable
2170 1186 49 38 de

187 1253 97 39 faire
307 1254 136 38 même
465 1266 54 26 un
543 1253 144 39 devoir
709 1252 191 40 d'écolier
926 1265 7 25 :
961 1252 25 38 il
1009 1252 86 40 faut
1116 1256 115 35 autre
1253 1252 124 40 chose
1393 1255 6 37 !
1427 1252 308 40 Innombrables
1757 1257 95 35 sont
1874 1253 56 39 les
1959 1266 103 40 gens
2084 1267 77 38 que
2183 1254 36 39 la

187 1323 188 51 musique
397 1322 137 39 émeut
556 1323 102 38 dans
681 1322 108 38 leurs
811 1321 92 52 plus
932 1321 164 39 intimes
1125 1321 272 52 profondeurs
1425 1322 35 38 8c
1489 1321 67 52 qui
1589 1321 116 40 n'ont
1730 1322 148 51 jamais
1910 1335 53 38 pu
1993 1321 125 41 écrire
2141 1335 78 26 une

186 1405 105 39 page
327 1391 203 40 avouable
563 1391 82 53 (ex.
690 1403 7 26 :
729 1391 90 52 J.-J.
860 1391 245 51 Rousseau).
1145 1391 244 51 Composer,
1429 1391 99 39 c'est
1563 1391 252 46 construire;
1848 1391 99 39 c'est
1980 1391 144 40 établir
2149 1393 70 37 des

185 1464 174 49 rapports
382 1464 113 36 entre
518 1462 70 37 des
611 1459 199 40 éléments
834 1459 288 48 immatériels;
1149 1473 49 25 en
1222 1473 54 25 un
1300 1463 103 42 mot,
1430 1460 99 39 c'est
1551 1472 144 39 penser
1717 1473 100 26 avec
1839 1460 70 39 des
1932 1458 285 41 abstractions.

185 1530 71 45 Or,
282 1530 58 38 les
364 1530 172 38 femmes
559 1542 49 26 en
631 1528 215 40 sont-elles
869 1528 218 52 capables?
1110 1528 102 39 Elles
1236 1528 212 40 s'arrêtent
1469 1527 22 40 à
1513 1528 231 46 l'émotion,
1771 1527 249 41 c'est-à-dire
2041 1542 50 26 au
2120 1529 99 39 seuil

185 1600 49 38 de
256 1599 104 39 l'art.
385 1597 118 41 Voilà
525 1598 205 52 pourquoi
754 1598 96 38 elles
872 1601 182 48 peuvent
1076 1598 83 38 être
1182 1599 70 37 des
1274 1597 265 40 exécutantes
1561 1599 49 37 de
1633 1598 122 38 haute
1779 1598 154 43 valeur,
1960 1599 33 38 8c
2017 1598 202 51 pourquoi

186 1667 93 39 elles
302 1671 95 36 sont
420 1680 173 39 presque
615 1669 189 50 toujours
827 1666 233 40 inférieures
1083 1668 101 38 dans
1207 1666 37 40 la
1266 1667 292 51 composition.

190 1900 73 40 Le
280 1899 357 53 pittoresque
654 1899 245 41 musical
916 1900 32 40 à
964 1899 391 53 l'Exposition.
1372 1900 144 53 (Paris,
1533 1898 177 40 éditions
1723 1900 48 38 de
1785 1899 22 38 Y
1815 1898 209 41 Humanité
2035 1899 181 46 nouvelle,

308 1981 60 39 15,
395 1980 68 27 rue
485 1969 70 38 des
578 1967 316 54 Saints-Pères.)

299 2076 105 38 Sous
427 2088 44 26 ce
493 2076 108 44 titre,
628 2076 54 38 M.
710 2076 189 38 Edmond
922 2075 128 53 Bailly
1068 2088 104 26 nous
1188 2075 99 39 offre
1305 2088 54 26 un
1376 2075 146 39 travail
1539 2075 68 52 qui
1625 2088 22 26 a
1665 2088 53 26 un
1737 2075 76 39 réel
1832 2074 148 40 intérêt
1997 2076 197 38 documen-

188 2144 99 40 taire
308 2145 35 39 &
365 2146 103 38 dont
490 2145 38 38 la
543 2142 149 41 leéture
715 2148 61 35 est
792 2144 80 40 fort
887 2144 204 53 agréable,
1112 2157 120 39 parce
1254 2144 95 52 qu'à
1371 2145 36 38 la
1425 2143 289 53 reproduétion
1731 2144 231 53 graphique
1981 2145 70 38 des
2070 2145 126 38 instru-

187 2218 136 34 ments
345 2215 34 37 &
402 2211 21 41 à
445 2213 37 39 la
497 2213 190 40 notation
704 2215 49 37 de
771 2214 230 39 nombreux
1016 2214 79 38 airs
1112 2211 369 53 caractéristiques,
1501 2213 174 40 l'auteur
1689 2227 23 25 a
1729 2214 82 51 pris
1828 2214 89 38 soin
1934 2213 202 52 d'ajouter
2151 2215 70 38 des

187 2283 193 52 légendes
395 2283 150 39 locales
562 2284 33 38 &
608 2284 71 37 des
691 2283 294 52 témoignages
998 2283 336 52 d'explorateurs.
1350 2283 25 38 Il
1390 2283 240 38 mentionne
1644 2286 92 35 tout
1750 2295 42 26 ce
1807 2282 98 51 qu'il
1920 2295 21 26 a
1955 2295 55 38 pu
2023 2283 195 38 observer

187 2365 70 26 sur
278 2352 37 39 la
338 2352 189 51 musique
549 2353 70 38 des
642 2351 252 53 Sénégalais,
920 2354 70 37 des
1014 2352 258 39 Dahoméens
1296 2352 49 46 &,
1371 2365 48 26 en
1437 2351 181 53 général,
1637 2352 70 38 des
1724 2352 221 51 peuplades
1961 2352 48 38 de
2025 2351 197 51 l'Afrique

187 2420 46 54 (y
250 2421 180 51 compris
453 2420 304 54 Madagascar),
783 2425 106 35 cette
911 2425 103 35 terre
1037 2421 201 51 classique
1260 2422 53 38 du
1330 2421 207 39 tambour.
1557 2420 28 39 Il
1600 2434 21 25 a
1637 2420 148 39 trouvé
1800 2421 108 38 aussi
1925 2418 22 41 à
1962 2420 143 52 glaner
2121 2421 101 38 dans

188 2503 75 26 nos
292 2490 184 40 colonies
503 2490 414 46 d'Extrême-Orient,
950 2492 101 37 dont
1073 2491 58 38 les
1160 2491 186 51 produits
1368 2490 267 52 s'étageaient
1663 2502 68 26 sur
1758 2490 36 38 le
1821 2493 168 35 versant
2016 2492 118 36 ouest
2168 2490 52 38 du

188 2558 249 41 Trocadéro.
463 2559 26 39 Il
511 2559 167 39 conclut
700 2563 197 48 pourtant
920 2573 77 38 que
1019 2559 34 39 le
1076 2559 253 52 pittoresque
1352 2559 172 39 musical
1546 2572 21 26 a
1589 2558 62 40 été
1673 2572 110 25 assez
1806 2562 271 48 pauvrement
2093 2557 110 53 repré-

190 2629 113 38 senté
324 2627 22 40 à
369 2628 289 51 l'Exposition.
685 2629 56 38 La
764 2628 267 52 compétence
1053 2642 66 25 me
1142 2629 259 50 manquerait
1423 2641 103 38 pour
1548 2629 136 38 suivre
1707 2629 54 37 M.
1788 2627 129 52 Bailly
1946 2629 101 37 dans
2075 2627 147 39 l'étude

189 2699 49 38 de
259 2701 95 35 tous
377 2710 65 26 ces
464 2698 133 51 objets
620 2697 228 52 exotiques,
875 2699 103 38 dont
1000 2697 200 52 plusieurs
1223 2711 66 25 me
1312 2699 227 50 paraissent
1560 2697 235 52 appartenir
1816 2695 23 40 à
1860 2696 36 39 la
1926 2696 205 52 catégorie
2152 2697 70 37 des

189 2767 145 39 choses
358 2767 68 50 qui
450 2766 89 39 font
562 2768 52 37 du
639 2766 111 39 bruit
773 2766 135 52 plutôt
930 2765 94 53 qu'à
1046 2766 97 40 celle
1165 2768 70 37 des
1259 2766 273 39 instruments
1554 2766 67 51 qui
1646 2765 90 39 font
1757 2766 49 38 de
1827 2765 37 39 la
1881 2765 203 51 musique.
2098 2765 43 51 Je
2157 2777 65 26 me

190 2836 127 38 borne
338 2834 22 40 à
383 2835 177 52 signaler
581 2835 37 39 la
640 2836 254 51 publication
917 2849 80 26 aux
1019 2836 301 39 connaisseurs.
1346 2838 140 43 Quant
1507 2848 81 26 aux
1609 2834 198 40 mélodies
1830 2834 140 39 notées
1994 2846 71 39 par
2084 2834 54 38 M.
2157 2833 62 45 8.,

183 2906 41 50 je
246 2904 213 39 désirerais
482 2904 55 39 les
560 2906 196 37 entendre
774 2905 118 51 jouer
914 2917 71 39 par
1007 2918 53 26 un
1084 2904 299 53 phonographe
1406 2905 67 51 qui
1502 2904 56 39 les
1587 2904 130 39 aurait
1747 2903 220 39 recueillies
1996 2915 68 27 sur
2092 2902 128 52 place.

190 2973 323 53 Photographie,
539 2986 104 39 pour
664 2973 56 39 les
743 2973 271 40 instruments
1032 2986 6 36 ;
1065 2974 330 52 phonographie,
1421 2986 104 40 pour
1545 2974 57 38 les
1625 2974 78 38 airs
1729 2986 7 26 :
1769 2973 92 39 telle
1890 2986 65 26 me
1984 2972 129 52 paraît
2141 2972 82 38 être

189 3042 37 39 la
260 3042 150 40 double
445 3041 195 40 méthode
676 3043 69 51 qui
782 3043 196 51 s'impose
1012 3042 261 53 aujourd'hui
1309 3041 22 41 à
1366 3044 233 51 quiconque
1634 3047 99 35 veut
1767 3043 155 38 étudier
1957 3041 37 40 la
2035 3041 189 51 musique

190 3113 205 50 exotique.

1964 3180 26 38 I.

859 3375 106 45 Ont
996 3387 146 45 paru
1178 3374 338 46 récemment
1553 3388 12 31 :

306 3487 46 38 R.
379 3487 164 38 STROHL
571 3500 7 25 :
603 3487 191 42 Bilitis
817 3487 165 54 (poème
1006 3501 49 26 en
1087 3501 43 26 12
1156 3489 146 38 chants
1325 3489 149 39 extrait
1496 3490 69 37 des
1594 3502 25 25 «
1639 3488 218 39 Chansons
1885 3489 49 37 de
1963 3487 129 38 Bilitis
2120 3500 24 24 »
2174 3487 47 37 de

194 3556 131 39 Pierre
361 3557 151 50 Louys,
545 3557 272 39 illustrations
851 3558 49 38 de
928 3557 151 46 Notor,
1119 3570 11 25 1
1166 3557 83 40 vol.
1282 3558 49 38 de
1366 3569 72 28 102
1470 3571 57 38 p.,
1560 3569 139 27 encres
1728 3558 48 37 de
1805 3557 182 38 diverses
2017 3555 200 45 couleurs,

193 3624 126 46 Paris,
338 3624 158 40 Toledo
518 3625 172 46 éditeur,
710 3638 67 39 32,
796 3639 159 26 avenue
971 3628 49 37 de
1036 3625 197 54 l'Opéra).
1323 3626 116 39 Cette
1455 3626 253 52 publication
1726 3625 126 52 plaira
1867 3638 80 26 aux
1964 3623 257 52 bibliophiles

193 3706 72 39 par
287 3706 74 26 son
385 3693 191 53 élégance
600 3694 178 47 raffinée,
804 3695 35 39 8c
862 3707 80 27 aux
963 3694 224 40 musiciens
1209 3694 222 40 affranchis
1453 3696 70 38 des
1546 3708 24 26 «
1599 3694 190 52 préjugés
1817 3708 23 24 »
1870 3685 161 48 d'École
2060 3706 72 39 par
2160 3705 61 27 ses
