2653 3991
413 472 734 129 FIGARISME
1229 477 172 124 ET
1488 472 797 129 SOCIALISME

359 954 100 60 En
491 973 91 42 un
613 957 218 76 temps
861 958 84 58 où
978 957 49 59 il
1058 957 212 59 arrive
1301 955 215 60 même
1552 955 37 59 à
1626 977 28 34 «
1687 955 118 60 des
1853 954 108 60 fils
1996 954 80 60 de
2125 953 278 74 famille,

276 1033 217 76 pleins
525 1035 79 59 de
632 1035 152 60 sève
816 1038 63 57 et
908 1037 80 59 de
1022 1037 208 71 santé,
1274 1052 153 43 avec
1460 1035 176 59 deux
1665 1037 146 57 cent
1852 1034 184 59 mille
2072 1032 222 61 francs
2326 1034 77 59 de

276 1114 183 59 rente
474 1114 78 59 de
571 1114 487 78 s'interrompre
1082 1117 79 58 de
1192 1117 63 57 la
1274 1115 249 59 lecture
1551 1115 42 58 d
1597 1114 522 73 'Auteuil-Long
2124 1118 279 67 champs

275 1209 172 60 pour
496 1194 122 60 lire
661 1195 61 59 le
770 1198 358 58 Socialiste
1169 1195 79 60 de
1273 1195 88 59 M.
1397 1194 270 61 Guesde
1697 1211 85 42 ou
1823 1193 63 58 la
1914 1198 230 55 Revue
2187 1198 180 55 socia-

279 1275 149 58 liste
461 1273 80 60 de
572 1273 86 60 M.
689 1274 219 60 Malon
943 1296 28 34 »
1005 1273 110 79 (1),
1149 1275 47 59 il
1236 1277 99 57 est
1371 1274 258 59 naturel
1662 1289 127 60 que
1822 1273 116 60 des
1968 1272 433 72 littérateurs,

277 1352 219 58 moins
550 1353 158 60 bien
760 1355 248 70 rentés,
1065 1354 219 60 moins
1340 1354 155 59 bien
1550 1354 324 76 portants,
1931 1353 82 63 et,
2077 1352 325 76 peut-être

275 1447 167 60 pour
473 1433 166 58 cette
680 1433 223 58 raison
953 1432 239 73 même,
1225 1433 37 58 à
1303 1432 65 59 la
1415 1432 131 59 fois
1603 1432 220 59 moins
1875 1429 395 78 passionnés
2322 1430 79 59 de

277 1512 184 75 sport
508 1513 64 58 et
615 1529 93 42 un
755 1529 128 60 peu
922 1513 155 76 plus
1127 1513 278 60 curieux
1453 1512 117 59 des
1615 1512 448 76 phénomènes
2110 1510 259 59 intellec-

272 1590 179 60 tuels
497 1590 358 74 ambiants,
906 1609 80 42 en
1035 1593 314 58 viennent
1395 1592 37 58 à
1481 1593 332 75 s'occuper
1862 1592 79 57 de
1980 1590 65 60 la
2090 1589 308 78 question

277 1670 263 61 sociale.
576 1672 53 58 Il
661 1672 167 58 n'est
858 1672 186 71 point
1090 1673 78 58 de
1215 1672 278 76 critique
1527 1670 441 75 dramatique,
1998 1670 79 59 de
2118 1669 280 76 critique

275 1749 308 74 musical,
623 1750 80 60 de
745 1750 283 78 critique
1077 1750 165 60 d'art
1273 1753 63 57 et
1368 1752 79 57 de
1479 1749 283 76 critique
1800 1749 318 59 littéraire
2159 1749 112 75 qui
2316 1766 81 42 ne

275 1844 71 42 se
378 1828 128 60 soit,
539 1829 352 61 découvert
921 1847 130 43 une
1082 1830 305 60 vocation
1419 1829 218 60 subite
1670 1830 64 58 et
1777 1846 132 42 une
1960 1828 222 58 subite
2225 1844 130 42 com-

271 1907 273 77 pétence
594 1910 78 60 de
722 1910 395 78 sociologue.
1155 1910 100 60 On
1305 1912 99 57 est
1444 1909 373 78 sociologue
1867 1908 529 71 unanimement,

271 2004 258 45 comme
578 2007 84 42 on
722 1990 160 59 était
928 1990 506 60 unanimement
1488 1989 236 76 enragé
1775 1992 62 56 et
1889 1988 508 60 unanimement

268 2067 465 75 tuberculeux,
756 2087 117 60 par
893 2070 523 72 enthousiasme,
1446 2069 37 59 à
1499 2069 300 78 l'époque
1823 2069 115 59 des
1969 2068 428 60 découvertes

272 2145 80 61 de
380 2147 187 59 Koch
596 2149 64 59 et
693 2149 80 59 de
804 2149 304 60 Pasteur.

347 2225 85 61 Ce
465 2227 389 76 préambule
886 2229 167 59 n'est
1081 2244 122 61 pas
1234 2228 80 58 de
1340 2229 145 75 trop
1519 2228 56 58 si
1606 2228 133 60 l'on
1780 2228 156 60 veut
1985 2225 406 78 s'expliquer

267 2322 128 60 que
435 2308 87 58 M.
555 2307 80 61 de
685 2309 345 76 Wyzewa,
1063 2308 480 77 gentilhomme
1585 2308 303 77 polonais
1933 2311 63 55 et
2040 2305 321 61 collabora-

263 2387 151 58 teur
440 2387 90 59 du
563 2392 263 71 Figaro
832 2435 17 25 ,
874 2388 92 60 ait
991 2388 160 60 écrit
1182 2406 92 42 un
1303 2388 167 60 livre
1495 2406 116 42 sur
1625 2394 58 55 te
1707 2389 444 60 Mouvement
2177 2391 184 55 socia-

268 2467 150 58 liste
449 2482 86 44 en
563 2472 304 68 Europe.

342 2545 88 61 M.
467 2547 80 58 de
576 2548 346 76 Wyzewa,
955 2547 281 77 critique
1270 2547 166 59 d'art
1466 2549 62 59 et
1560 2548 282 76 critique
1871 2545 342 73 littéraire,
2236 2544 157 61 s'est

263 2625 198 72 senti,
496 2627 165 58 dans
689 2627 61 59 le
781 2628 209 76 grand
1020 2627 261 59 trouble
1315 2627 114 77 qui
1471 2628 156 58 s'est
1654 2625 263 78 emparé
1963 2627 116 58 des
2121 2624 267 78 esprits,

262 2721 131 43 une
450 2704 296 62 fonction
797 2707 242 59 sociale
1098 2725 12 40 :
1175 2707 156 59 celle
1380 2707 80 59 de
1517 2723 303 45 rassurer
1875 2707 67 58 la
2002 2707 383 58 conscience

260 2783 396 80 bourgeoise
670 2788 221 58 contre
905 2787 443 77 l'inquiétude
1362 2787 363 59 croissante
1740 2787 83 59 où
1848 2787 123 58 elle
1998 2786 97 59 vit
2118 2786 115 58 des
2247 2801 109 61 pro-

260 2864 151 78 grès
442 2867 89 58 du
566 2867 398 59 socialisme.
1000 2867 173 59 Tout
1209 2867 60 59 le
1303 2868 240 58 monde
1578 2867 128 59 sait
1757 2883 126 60 que
1922 2883 166 60 pour
2128 2882 264 42 remuer

253 2944 320 78 jusqu'au
604 2946 162 62 fond
788 2948 63 58 la
882 2947 382 59 conscience
1291 2947 419 77 bourgeoise,
1734 2946 659 60 douzearticlesdans

258 3026 22 58 1
293 3042 31 42 Q
340 3031 261 69 Figaro
619 3027 333 61 suffisent.
968 3027 88 59 M.
1079 3028 86 58 W
1170 3045 229 59 yzewa
1416 3045 37 41 a
1471 3028 160 62 écrit
1648 3028 124 58 dan
1785 3045 29 40 s
1828 3027 60 58 le
2184 3026 207 58 douze

260 3106 287 61 articles.
582 3108 84 59 Et
698 3107 58 60 si
788 3108 133 59 l'on
954 3108 158 76 peut
1136 3125 80 42 en
1235 3108 207 60 croire
1469 3108 59 60 le
1559 3107 416 77 témoignage
2006 3106 79 59 de
2105 3107 89 58 M.
2213 3108 132 57 Ana-

256 3184 131 61 tole
416 3186 249 61 France
691 3188 113 76 (2),
839 3187 116 77 qui
987 3205 37 42 a
1052 3187 307 77 toujours
1389 3203 118 61 par
1536 3188 235 59 nature
1818 3186 100 59 été
1950 3184 267 79 disposé
2257 3202 135 42 aux

317 3344 68 63 (1)
422 3346 219 48 Téodor
679 3349 67 46 de
1352 3348 265 60 Wyzewa
1095 3363 18 32 :
1164 3347 78 47 Le
1286 3351 367 43 mouvement
1696 3346 291 47 socialiste
2034 3358 68 36 en

256 3421 54 48 p.
342 3408 47 47 5.

319 3466 69 61 (2)
422 3469 136 51 Voir
585 3470 50 48 le
660 3473 200 59 Temps
896 3471 73 49 du
1002 3471 63 49 30
1095 3470 234 64 janvier.
