2653 3991
1218 221 75 63 69

191 352 249 73 naisse,
500 353 48 59 il
599 352 145 60 faut
792 367 130 63 que
971 349 403 76 disparaisse
1425 353 142 58 tout
1610 369 66 42 ce
1710 350 197 78 qu'on
1950 365 37 42 a
2032 345 208 61 voulu
2273 360 43 59 y

190 434 235 57 mettre
476 433 165 58 d'art
698 433 65 59 et
806 445 126 64 que
965 429 181 58 seule
1206 430 296 60 subsiste
1533 432 63 57 la
1635 432 289 73 besogne
1957 428 78 59 de
2090 423 194 77 l'ingé-

195 513 215 58 nieur.

270 593 123 60 Ces
425 592 531 77 incomparables
1007 590 338 79 aqueducs
1392 590 157 59 dont
1578 590 98 59 les
1710 607 145 42 arcs
1900 586 414 64 maintenant

193 670 260 60 désolés
501 688 169 42 vous
713 672 320 76 poignent
1084 669 492 72 d'admiration,
1629 686 107 41 ces
1789 670 224 57 routes
2043 665 114 78 qui
2202 666 114 56 ont

190 750 238 60 résisté
452 750 35 59 à
513 752 142 57 tant
687 752 386 76 d'épreuves
1105 752 64 58 et
1206 748 330 61 semblent
1569 749 185 58 avoir
1797 746 284 78 quelque
2114 744 200 60 chose

193 832 80 58 de
320 832 64 58 la
423 832 237 58 beauté
711 832 79 58 de
845 829 441 71 l'immuable,
1334 832 63 55 et
1450 846 107 41 ces
2094 825 185 74 gigan-

189 913 296 74 tesques,
503 909 254 60 dénués
788 910 179 60 enfin
988 910 80 60 de
1097 909 183 61 leurs
1313 909 405 70 ornements,
1754 905 215 78 quelle
2002 903 224 61 sévère
2254 903 62 57 et

194 990 387 60 souveraine
614 992 333 75 grandeur
976 990 137 60 s'en
1144 989 267 76 dégage.

271 1070 125 59 Car
439 1069 103 60 s'il
583 1069 102 60 fut
717 1070 165 59 dans
936 1069 62 60 le
1049 1069 241 60 monde
1326 1086 85 40 un
1447 1068 239 76 peuple
1747 1065 113 78 qui
1892 1083 82 42 ne
2030 1063 286 76 comprit

191 1149 140 60 rien
360 1149 36 58 à
423 1149 302 78 l'art,qui
754 1149 60 60 le
845 1149 112 58 nia
989 1149 79 58 de
1099 1152 186 55 toute
1317 1164 119 42 son
1469 1147 442 77 intelligence,
1936 1162 70 42 ce
2039 1144 102 58 fut
2162 1143 154 59 bien

190 1229 292 72 celui-là,
518 1230 63 59 et
616 1229 382 60 vainement
1027 1246 170 59 pour
1224 1244 105 42 me
1360 1227 364 59 combattre
1759 1224 367 77 sondais-je
2173 1239 142 43 mes

191 1309 352 60 souvenirs
597 1309 134 60 afin
811 1310 79 59 de
953 1312 271 57 trouver
1292 1324 134 44 une
1496 1307 245 77 grande
1814 1322 225 43 œuvre
2123 1304 191 71 d'art,

190 1389 323 72 romaine,
547 1392 187 56 autre
767 1389 195 59 chose
990 1406 129 59 que
1158 1388 62 60 le
1251 1387 237 59 travail
1522 1387 158 58 d'un
1723 1385 221 60 habiie
1994 1383 321 78 praticien

190 1468 348 61 subissant
576 1469 97 60 les
721 1469 371 60 influences
1132 1468 324 61 hellènes.
1488 1468 76 58 Je
1596 1465 301 61 fouillais
1934 1465 382 59 vainement

189 1549 207 71 aussi,
444 1549 99 60 les
577 1549 266 59 musées
901 1548 320 74 romains,
1268 1549 162 57 dont
1470 1550 155 56 tous
1663 1547 97 58 les
1804 1544 510 61 chefs-d'œuvre

189 1632 151 56 sont
370 1646 84 42 au
487 1629 219 59 moins
740 1629 116 59 des
887 1629 223 76 copies
1141 1629 332 59 d'œuvres
1501 1625 395 78 étrangères.
1939 1624 154 60 Seul
2132 1623 146 59 l'An-

188 1708 224 60 tinous
445 1710 101 59 est
567 1726 93 42 un
691 1710 156 75 type
880 1726 331 56 nouveau,
1242 1708 172 60 mais
1447 1708 160 76 qu'y
1638 1705 171 61 a-t-il
1841 1707 80 58 de
1943 1705 260 60 romain
2235 1721 79 41 en

188 1787 95 58 lui
306 1787 30 58 ?

2053 1852 6 10 t

265 1867 130 59 Les
425 1867 325 59 Romains
790 1884 81 44 ne
903 1867 226 59 furent
1162 1884 127 60 que
1322 1864 604 79 d'incomparables
1976 1864 303 60 construc-

188 1947 218 69 teurs;
443 1947 148 59 leur
628 1948 239 58 travail
908 1947 382 76 technique,
1334 1947 225 77 quand
1590 1947 48 58 il
1671 1948 102 57 est
1817 1944 373 60 déshabillé
2236 1944 79 59 de

190 2043 120 42 son
339 2027 269 76 oripeau
651 2028 189 72 d'art,
891 2030 301 74 apparaît
1235 2029 177 59 alors
1441 2027 398 71 seulement,
1874 2042 70 42 ce
1990 2024 164 79 qu'il
2190 2025 124 71 est,

189 2107 391 61 admirable.
633 2107 442 72 Maintenant,
1110 2124 108 42 ces
1246 2108 255 71 ruines,
1535 2124 109 41 ces
1686 2105 368 78 squelettes
2085 2104 231 61 tristes

190 2187 62 56 et
303 2185 181 72 fiers,
541 2203 68 42 se
665 2188 306 60 dressent
1028 2185 351 63 farouches
1418 2187 290 58 témoins
1757 2202 85 42 au
1872 2184 237 60 milieu
2143 2184 80 60 de
2250 2184 65 59 la

188 2264 221 76 plaine
439 2265 154 77 plus
619 2267 215 72 triste,
868 2267 154 76 plus
1054 2284 228 44 morne
1326 2270 63 59 et
1431 2267 156 77 plus
1620 2265 258 60 désolée
1929 2264 266 79 qu'eux.
2231 2264 84 60 Et

186 2361 106 42 me
331 2344 447 62 rémémorant
825 2347 156 59 bien
1033 2363 129 60 que
1199 2348 78 58 de
1317 2348 147 60 hier
1500 2348 144 57 tant
1689 2345 80 60 de
1803 2345 351 60 souvenirs
2195 2345 117 77 qui

184 2424 442 75 paraissaient
682 2425 149 77 déjà
894 2425 58 60 si
1033 2425 294 74 anciens,
1409 2442 106 43 me
1571 2424 409 62 demandant
2035 2441 158 43 avec
2248 2423 66 60 la

185 2503 249 60 crainte
467 2505 344 77 angoissée
844 2505 80 60 de
956 2522 81 43 ne
1068 2523 119 60 pas
1216 2509 271 57 trouver
1517 2505 79 60 de
1627 2505 300 78 réponse,
1982 2504 332 78 pourquoi

186 2598 80 42 en
326 2599 281 58 somme,
668 2587 166 58 cette
887 2585 211 60 Rome
1145 2587 114 76 qui
1310 2604 82 42 ne
1450 2585 400 78 correspond
1875 2585 39 59 à
1958 2602 217 42 aucun
2231 2584 80 60 de

186 2677 146 42 mes
373 2662 216 59 désirs
638 2662 449 62 intellectuels
1145 2665 222 60 séduit
1433 2664 370 79 cependant
1860 2681 111 42 ma
2030 2663 278 72 rêverie,

180 2738 272 76 j'arrive
506 2742 37 57 à
595 2744 167 59 cette
820 2743 225 60 sévère
1096 2745 386 60 conclusion
1507 2763 12 40 :
1554 2745 211 59 Rome
1817 2761 131 43 non
1980 2744 153 76 plus
2184 2761 127 59 que

184 2820 183 58 toute
398 2823 185 57 autre
609 2822 198 59 chose
862 2823 270 60 défunte
1176 2842 81 42 ne
1317 2843 69 42 se
1414 2825 294 60 relèvera
1752 2824 80 60 de
1856 2842 74 42 sa
1972 2825 220 72 ruine,
2249 2825 63 59 et

185 2895 236 63 l'Italie
467 2899 159 60 dont
682 2900 123 60 elle
852 2903 99 57 est
976 2902 195 59 l'âme
1226 2907 100 56 est
1379 2922 91 41 un
1515 2921 167 61 pays
1734 2905 174 58 mort
1935 2904 65 60 et
2048 2905 266 58 sentant

186 2977 546 77 effroyablement
762 2980 63 59 la
875 2982 345 76 charogne,
1256 2984 250 78 malgré
1536 2985 98 59 les
1680 2984 476 60 soubressauts
2195 2985 117 77 qui

185 3055 299 77 l'agitent
504 3093 76 6 —
597 3058 471 62 soubressauts
1097 3063 115 75 qui
1239 3081 81 42 ne
1348 3066 149 57 sont
1520 3079 128 61 que
1679 3063 100 60 les
1806 3063 506 61 tumultueuses

184 3135 247 61 mêlées
464 3137 116 61 des
607 3138 405 61 helminthes
1066 3142 116 75 qui
1212 3142 65 59 la
1308 3142 336 61 dévorent.
1677 3143 168 58 Sans
1877 3161 119 42 son
2053 3146 226 74 putres-

184 3219 147 56 cent
363 3218 305 61 diadème
699 3219 209 61 Rome
933 3237 80 44 ne
1047 3222 201 59 serait
1290 3223 246 77 qu'une
1566 3223 160 61 ville
1757 3222 252 62 infâme
2043 3227 64 58 et
2154 3242 158 43 sans

184 3294 264 62 intérêt.

263 3375 68 60 Si
367 3377 62 76 je
472 3394 103 42 me
608 3379 331 73 retourne,
967 3380 68 78 je
1066 3382 213 61 verrai
1312 3383 61 61 le
1421 3386 305 72 Capitole
1767 3384 290 63 derrière
2090 3386 226 77 lequel

176 3453 69 77 je
278 3455 236 63 devine
547 3476 128 43 une
694 3459 102 59 vie
829 3477 231 43 encore
1093 3463 398 75 grouillante
1522 3464 309 61 dominée
1858 3466 198 76 parle
2085 3468 193 62 Quiri-

179 3542 125 54 nal
335 3574 74 5 —
434 3540 62 59 et
520 3539 155 78 plus
706 3539 139 61 loin
890 3540 397 79 l'agonisant
1657 3563 11 41 :
1718 3546 65 59 la
1825 3546 158 61 ville
2011 3548 116 76 qui
2159 3551 157 57 veut
