2296 3807
894 209 120 29 ESSAI
1049 212 86 28 SUR
1169 214 51 26 LA
1255 214 151 27 GAMME

2080 217 78 47 577

191 289 134 52 Mais,
345 293 93 40 dira
461 299 225 48 peut-être
702 311 59 26 un
781 301 232 52 musicien,
1034 303 330 43 l'intervention
1378 306 77 42 des
1477 308 379 54 mathématiques
1879 309 160 42 s'étant
2060 310 96 53 déjà

137 360 223 53 produite,
395 364 117 39 est-il
551 363 103 42 bien
688 367 107 40 utile
828 369 53 40 de
919 370 39 40 la
1000 374 263 41 renouveler
1283 379 14 37 ?
1321 374 149 53 Qu'on
1514 391 70 27 me
1623 388 216 43 permette
1863 379 55 41 de
1941 380 219 53 répondre

137 442 160 28 encoie
336 445 71 38 pai
441 447 86 26 une
552 438 334 49 comparaison.
920 438 173 53 Certes,
1119 457 58 26 un
1211 445 193 40 écrivain
1428 456 105 41 peut
1557 448 232 54 employer
1809 449 63 41 les
1894 459 118 31 mots
2035 450 54 40 de
2113 463 47 27 sa

137 498 166 52 langue
336 503 296 51 uniquement
668 504 25 40 d
715 511 130 47 après
879 508 10 39 1
911 522 154 39 usage,
1093 525 104 28 sans
1222 528 46 27 se
1305 520 271 49 préoccuper
1615 532 60 26 un
1713 520 169 40 instant
1906 519 77 41 des
2006 519 83 41 lois
2110 520 53 40 de

138 567 97 42 leur
256 567 243 44 formation
526 603 9 18 ,
555 575 113 39 mais
687 576 35 38 si
748 584 101 32 tous
874 577 63 41 les
960 583 220 39 écrivains
1200 597 54 26 en
1279 587 177 40 usaient
1481 587 131 48 ainsi,
1639 588 38 39 la
1701 588 166 51 langue
1885 603 55 26 ne
1960 590 203 52 pourrait

137 651 221 39 manquer
376 639 54 41 de
454 654 47 26 se
539 656 272 40 corrompre.
835 644 66 42 Ne
919 657 186 42 peut-on
1128 665 79 39 pas
1246 655 203 41 craindre
1470 653 105 55 qu'il
1606 657 101 40 n'en
1733 657 101 40 aille
1856 658 54 40 de
1934 662 146 37 même
2105 658 53 41 de

137 706 41 40 la
210 709 209 51 musique
443 711 35 39 si
503 710 64 41 les
592 715 243 40 musiciens
859 729 46 27 se
927 717 351 46 désintéressent
1311 723 55 41 de
1389 724 38 40 la
1453 730 165 46 genèse
1648 726 78 40 des
1765 739 105 28 sons
1911 729 245 40 musicaux.

137 774 36 42 C
192 784 66 32 est
282 777 11 40 1
314 779 273 51 étymologie
610 781 78 42 des
714 793 116 32 mots
866 785 53 41 de
943 786 38 40 la
1018 788 167 52 langue
1219 793 216 40 musicale
1468 793 107 52 qu'il
1609 793 130 52 s'agit
1781 795 220 49 d'établir,
2027 805 40 33 et
2091 796 67 41 s'il

137 859 28 26 n
182 853 65 32 est
261 859 80 38 pas
367 847 338 54 indispensable
729 866 59 39 qu
806 854 84 40 elle
913 857 86 39 soit
1019 870 174 29 connue
1216 860 54 40 de
1294 869 100 32 tous
1418 875 106 28 ceux
1549 864 75 51 qui
1646 864 172 52 parlent
1842 873 110 32 cette
1975 865 178 52 langue,

137 913 28 40 il
202 923 66 32 est
292 929 57 27 au
385 918 149 40 moins
564 923 21 36 à
611 920 231 43 souhaiter
865 937 59 39 qu
943 925 84 41 elle
1063 941 55 27 ne
1140 929 83 40 soit
1259 943 81 38 pas
1365 939 131 32 tenue
1520 945 113 39 pour
1653 933 155 41 inutile
1837 948 79 38 par
1938 947 106 28 ceux
2081 937 75 50 qui

136 984 268 51 enseignent
426 995 112 33 cette
560 988 167 52 langue
750 1005 83 28 aux
859 1002 168 33 autres.

193 1052 98 42 Une
316 1063 124 33 autie
464 1056 225 53 objection
712 1069 66 31 est
800 1065 21 36 à
845 1063 219 50 craindre,
1082 1068 165 45 moins,
1270 1077 110 31 cette
1403 1068 101 50 fois,
1531 1083 112 39 pour
1665 1071 190 40 l'auteur
1872 1073 57 40 du
1949 1073 107 40 livre
2070 1087 86 39 que

137 1134 113 40 pour
272 1122 11 40 1
305 1132 157 33 auteur
501 1125 58 41 du
583 1138 176 43 compte
784 1131 156 41 rendu.
963 1131 86 43 Les
1071 1136 276 50 spécialistes
1369 1139 150 40 voient
1541 1140 337 49 généralement
1898 1139 103 43 d'un
2025 1157 97 26 mau-

132 1193 96 39 vais
251 1192 75 40 œil
350 1207 60 26 un
435 1207 19 25 «
481 1204 204 33 amateur
708 1210 19 25 »
753 1200 148 51 parler
924 1201 78 41 des
1028 1203 159 41 choses
1223 1205 54 40 de
1319 1205 95 41 leur
1451 1206 270 53 profession.
1760 1209 30 40 Il
1825 1223 54 28 en
1903 1225 21 25 a
1947 1212 204 51 toujours

133 1264 68 37 été
225 1262 130 50 ainsi,
378 1270 42 33 et
440 1263 39 41 le
501 1266 215 51 reproche
739 1267 384 56 d'incompétence
1146 1273 60 40 lui
1225 1282 66 32 est
1316 1280 232 37 sûrement
1567 1282 190 36 réservé.

190 1327 165 54 Quand
381 1331 191 43 Pasteur
603 1347 51 28 en
680 1337 94 41 vint
795 1341 20 36 à
841 1339 238 53 appliquer
1109 1345 22 36 à
1155 1341 40 41 la
1220 1343 229 42 médecine
1471 1345 124 50 (avec
1619 1347 148 52 quelle
1787 1348 224 51 prudence
2037 1347 35 55 î)
2092 1350 64 40 les

136 1404 334 48 conséquences
510 1402 54 41 de
604 1416 70 28 ses
703 1405 289 44 découvertes
1027 1423 54 27 en
1115 1411 162 41 chimie
1300 1420 40 32 et
1363 1425 55 28 en
1439 1412 214 52 biologie,
1679 1415 226 51 plusieurs
1928 1418 226 41 médecins

136 1470 295 50 méprisèrent
456 1470 63 41 les
545 1470 294 45 affirmations
861 1476 54 41 de
932 1477 188 42 l'intrus.
1147 1478 55 42 Et
1227 1489 210 43 pourtant
1462 1482 63 40 les
1544 1482 227 42 médecins
1791 1498 55 26 ne
1863 1483 270 44 s'accordent-

135 1537 55 41 ils
204 1551 81 39 pas
310 1542 22 36 à
357 1544 280 37 reconnaître
654 1542 284 53 aujourd'hui
964 1560 85 40 que
1069 1556 65 32 cet
1160 1550 379 52 ((incompétent»
1563 1566 21 25 a
1611 1553 238 40 renouvelé
1870 1553 96 41 leur
1983 1556 171 41 science

136 1614 41 33 et
200 1606 98 42 leur
320 1616 66 33 art
411 1607 15 40 ?

191 1675 174 49 Certes,
382 1678 39 39 le
442 1689 158 31 savant
625 1682 74 51 qui
718 1692 186 42 apporte
922 1683 113 41 dans
1053 1684 10 40 1
1083 1686 132 40 étude
1235 1686 104 41 d'un
1357 1697 64 32 art
1443 1688 62 41 les
1523 1689 241 43 habitudes
1777 1689 183 56 d'esprit
1977 1694 177 51 puisées

134 1745 114 41 dans
287 1746 108 40 celle
433 1746 132 42 d'une
604 1751 172 40 science
819 1757 234 46 étrangère
1077 1763 104 43 peut
1206 1766 222 32 rarement
1456 1771 45 26 se
1530 1759 144 40 flatter
1696 1760 53 40 de
1774 1761 158 40 rendre
1957 1760 20 40 à
2000 1771 65 32 cet
2089 1772 65 31 art

134 1814 78 40 des
236 1816 191 40 services
452 1818 76 50 qui
550 1819 275 51 approchent
848 1820 54 40 de
926 1835 106 27 ceux
1056 1837 85 38 que
1170 1823 187 43 Pasteur
1380 1840 22 25 a
1429 1827 165 41 rendus
1628 1832 20 36 à
1675 1828 39 41 la
1740 1830 243 41 médecine.
2011 1830 114 42 Pour-

136 1892 93 32 tant
245 1898 56 27 ne
317 1893 196 44 peut-on
536 1900 80 38 pas
637 1900 19 27 s
677 1890 224 40 autoriser
923 1890 54 41 de
997 1900 64 31 cet
1078 1893 201 52 exemple
1303 1908 111 39 pour
1436 1895 245 41 demander
1712 1898 285 53 simplement
2018 1904 19 36 à
2062 1903 90 37 être

132 1953 198 41 entendu
355 1967 104 28 avec
477 1955 222 42 tolérance
717 1962 14 35 ?
756 1957 122 42 Ceux
902 1962 76 50 qui
1002 1974 54 26 ne
1079 1962 155 52 jugent
1258 1960 131 44 d'une
1409 1966 186 51 opinion
1620 1980 86 39 que
1723 1966 174 54 d'après
1917 1968 38 41 le
1980 1981 103 28 nom
2102 1969 53 40 de

132 2022 113 41 celui
264 2023 76 52 qui
362 2022 39 41 la
426 2025 197 41 soutient
647 2035 193 44 peuvent
857 2041 114 29 nous
993 2028 172 43 refuser
1181 2031 40 40 la
1242 2033 154 51 parole
1416 2044 8 37 ;
1448 2035 113 39 mais
1585 2039 21 35 à
1625 2048 106 28 ceux
1756 2037 75 52 qui
1850 2046 156 32 savent
2027 2051 129 38 peser

132 2105 88 26 une
242 2091 98 41 idée
364 2105 114 39 pour
497 2107 55 28 en
574 2097 232 50 apprécier
828 2097 40 40 la
893 2098 154 41 valeur
1067 2112 177 40 propre,
1272 2100 275 43 abstraction
1571 2102 103 42 faite
1696 2104 55 41 de
1769 2104 39 41 la
1830 2119 225 38 personne
2079 2108 75 51 qui

132 2157 218 53 l'énonce,
377 2175 114 29 nous
514 2164 351 52 demanderons,
891 2180 55 27 en
971 2168 266 53 appliquant
1261 2173 22 36 à
1308 2170 40 40 la
1373 2176 288 48 compétence
1685 2187 46 27 ce
1755 2187 86 40 que
1864 2174 39 41 le
1926 2179 130 48 poète
2092 2175 62 42 dit

135 2230 55 40 de
212 2227 116 54 l'âge
346 2241 9 29 :

965 2317 134 33 Audite
1122 2328 19 22 o
1169 2318 184 34 mentibus
1380 2321 141 41 aequis,

570 2364 204 39 Aeneadae,
799 2375 88 24 neve
908 2369 87 31 haec
1020 2368 135 33 nostris
1180 2376 210 33 spectentur
1415 2372 43 31 ab
1483 2371 119 39 annis,

571 2413 102 41 Quae
694 2415 163 34 ferimus.

1140 2592 13 39 I

185 2719 238 55 Exposons
444 2721 188 45 d'abord
654 2725 40 41 la
720 2726 171 42 théorie
911 2727 53 41 de
985 2726 191 43 l'auteur
1199 2736 41 33 et
1263 2729 39 40 le
1331 2729 106 53 plan
1461 2731 58 40 du
1541 2731 125 42 livre.

186 2789 62 42 Le
270 2791 235 52 problème
529 2797 21 36 à
578 2795 214 41 résoudre
817 2805 66 32 est
908 2797 176 40 celui-ci
1109 2811 8 26 :
1144 2796 161 53 Quelle
1328 2808 104 43 peut
1452 2803 92 38 être
1564 2799 207 53 l'origine
1788 2802 54 41 de
1866 2803 39 41 la
1936 2818 183 37 gamme
2138 2807 16 39 ?

128 2859 234 54 Pourquoi
387 2865 356 51 comprend-elle
767 2867 192 40 certains
981 2880 109 28 sons
1113 2867 145 52 plutôt
1282 2881 85 39 que
1388 2869 197 41 d'autres
1606 2874 14 36 ?

183 2928 64 42 La
291 2931 213 42 méthode
544 2947 81 38 par
667 2934 194 53 laquelle
898 2935 193 42 l'auteur
1113 2936 148 40 étudie
1305 2950 46 28 ce
1386 2937 232 53 problème
1643 2938 112 43 n'est
1778 2956 81 38 pas
1881 2942 41 41 la
1946 2943 210 41 méthode

127 2998 252 54 historique
404 3015 7 26 :
440 3001 63 42 les
522 3002 266 43 documents
813 3006 75 51 qui
913 3018 115 28 nous
1046 3013 166 33 restent
1234 3005 54 41 de
1311 3006 250 53 l'antiquité
1583 3022 54 28 ne
1660 3019 99 32 sont
1778 3024 80 39 pas
1882 3025 123 28 assez
2026 3012 130 41 clairs

126 3081 114 38 pour
259 3079 240 42 permettre
522 3071 55 42 de
603 3082 226 32 remonter
854 3078 21 36 à
897 3074 40 41 la
964 3088 158 28 source
1148 3088 104 28 avec
1272 3076 216 41 certitude
1514 3088 8 40 ;
1549 3077 227 43 d'ailleurs
1797 3093 71 28 ces
1888 3081 268 42 documents

125 3140 247 40 consistent
402 3149 176 34 surtout
601 3156 54 27 en
680 3145 131 40 écrits
835 3142 54 42 de
910 3144 288 47 théoriciens,
1225 3152 41 33 et
1300 3147 94 38 rien
1417 3159 55 28 ne
1491 3161 169 38 prouve
1685 3163 86 38 que
1807 3149 119 41 leurs
1962 3150 194 42 théories

134 3208 119 40 aient
273 3212 69 38 été
366 3209 204 42 d'accord
597 3226 104 27 avec
720 3213 39 40 la
777 3215 208 51 pratique
1012 3225 9 39 ;
1047 3213 28 40 il
1097 3222 65 32 est
1185 3215 166 50 permis
1375 3215 53 41 de
1446 3213 74 55 n'y
1541 3218 99 40 voir
1655 3231 87 38 que
1766 3218 77 42 des
1869 3221 289 51 conceptions

134 3276 56 41 de
201 3274 171 56 l'esprit
385 3293 85 38 que
484 3284 191 39 certains
687 3296 218 39 penseurs
916 3283 311 52 prétendaient
1238 3284 197 52 imposer
1447 3299 84 27 aux
1543 3288 193 50 artistes,
1760 3290 114 38 mais
1896 3289 261 53 auxquelles

129 3345 68 41 les
220 3359 180 30 œuvres
425 3351 259 53 artistiques
717 3353 158 40 réelles
898 3353 309 41 demeuraient
1230 3357 275 47 étrangères.

184 3415 66 42 Ce
273 3417 113 41 n'est
407 3432 80 39 pas
507 3434 90 28 non
630 3422 101 52 plus
765 3422 41 40 la
831 3422 211 42 méthode
1065 3422 274 53 analytique,
1366 3426 75 50 qui
1460 3425 280 42 consisterait
1765 3431 21 35 à
1811 3427 261 42 rechercher
2095 3429 62 42 les

128 3484 220 44 éléments
371 3489 185 53 simples
576 3491 112 40 dont
724 3501 102 32 sont
849 3493 273 40 constituées
1143 3491 63 41 les
1235 3506 206 36 gammes
1477 3496 243 40 existantes
1740 3507 8 37 ;
1774 3497 230 51 problème
2036 3500 98 40 inso-

124 3554 138 55 luble,
288 3561 22 37 à
346 3572 133 28 cause
502 3559 53 42 de
579 3559 270 44 l'arbitraire
873 3563 75 51 qui
969 3561 287 42 visiblement
1280 3563 254 51 intervient,
1559 3578 55 27 au
1646 3568 148 39 moins
1810 3568 347 51 partiellement,
