2296 3807
642 206 337 29 PUBLICATIONS
1014 209 53 27 ET
1099 201 276 36 EXÉCUTIONS
1411 209 261 28 NOUVELLES

2094 209 72 39 573

139 299 368 50 Garde-Meuble,
532 309 76 32 ont
632 301 118 41 leurs
776 303 119 47 toits,
922 299 276 46 c'est-à-dire
1222 303 358 54 quelques-unes
1603 303 54 41 de
1680 303 121 41 leurs
1838 301 145 52 lignes
2006 303 138 51 princi-

141 371 143 52 pales,
324 369 241 49 déformés,
604 370 278 41 déshonorés
906 385 80 38 par
1006 385 87 27 une
1114 372 198 41 horrible
1345 374 256 49 végétation
1644 372 54 41 de
1739 372 132 51 longs
1912 380 164 45 tuyaux
2116 371 51 40 de

140 439 254 41 cheminées
409 447 40 33 et
466 453 80 39 par
564 454 59 26 un
647 439 146 53 jardin
817 440 231 52 suspendu
1065 454 114 39 pour
1196 442 38 41 le
1255 440 94 43 café
1366 440 103 43 d'un
1488 441 118 46 club,
1629 450 41 32 et
1691 455 104 29 sans
1820 455 85 41 que
1926 453 238 43 personne,

141 509 58 40 du
235 517 131 40 reste,
392 512 226 48 proteste?

197 576 151 42 «Tant
373 591 85 39 que
481 576 232 54 l'exemple
731 578 186 40 viendra
950 579 113 40 ainsi
1089 592 20 26 «
1135 579 99 41 d'en
1258 580 108 41 haut
1387 593 20 25 »
1432 581 54 40 de
1510 589 94 32 tant
1636 579 283 43 d'amoralité
1959 593 56 28 ou
2042 577 100 43 d'im-

138 646 205 42 moralité
366 646 268 53 esthétique,
661 654 95 33 tant
778 658 22 28 ((
822 644 132 55 qu'en
973 647 109 42 haut
1103 661 19 25 »
1151 654 184 45 régnera
1359 649 101 52 plus
1481 663 56 28 ou
1564 651 146 40 moins
1740 663 87 28 une
1865 649 101 42 telle
1994 648 151 41 indiffé-

138 729 130 28 rence
291 729 53 28 en
370 717 185 40 matière
579 715 55 42 de
656 724 112 33 cette
788 717 209 50 religion,
1020 717 40 41 la
1084 719 191 50 religion
1299 719 53 40 de
1378 717 110 42 l'Art
1521 727 42 33 et
1586 719 62 41 du
1672 719 139 49 Beau,
1837 732 55 28 ou
1920 722 143 37 même
2100 727 65 32 cet

139 785 217 41 athéisme
374 790 22 35 à
421 785 96 41 leur
539 785 137 51 égard
698 785 109 41 dont
823 788 244 49 témoigne,
1093 788 104 40 chez
1223 802 60 26 un
1304 790 36 38 si
1360 788 143 50 grand
1530 788 205 49 nombre,
1759 802 87 28 une
1879 797 118 32 sorte
2019 788 120 40 d'hor-

141 868 102 27 reur
275 854 54 41 de
365 862 122 33 toute
516 854 268 54 eurythmie,
886 868 99 29 «en
1008 856 82 41 bas
1114 868 40 39 »,
1193 870 87 39 que
1316 859 257 40 saurait-on
1615 857 110 41 faire
1764 856 133 42 d'une
1931 857 233 41 éducation

139 923 255 53 esthétique
428 928 16 35 ?
469 936 20 24 »

197 991 36 41 A
257 1005 70 27 ces
360 990 138 43 fortes
522 1001 41 32 et
587 993 266 42 excellentes
877 995 194 52 paroles,
1093 993 247 55 j'ajouterai
1362 1009 86 28 une
1471 997 137 51 petite
1628 995 320 42 contribution.
1974 993 60 42 M.
2053 995 110 55 Jean

140 1060 152 42 Lahor
334 1061 138 41 sait-il
516 1075 86 39 que
645 1063 114 41 dans
806 1064 63 40 les
908 1064 145 41 écoles
1093 1066 236 50 primaires
1353 1065 54 42 de
1430 1065 40 41 la
1493 1065 103 41 ville
1620 1065 52 40 de
1697 1065 144 49 Paris,
1867 1077 114 40 pour
2011 1077 47 28 ce
2087 1066 74 51 qui

138 1143 218 28 concerne
373 1130 374 51 l'enseignement
775 1133 54 40 de
869 1133 39 40 la
954 1134 208 52 musique
1192 1134 170 47 vocale,
1389 1134 27 40 il
1439 1150 26 37 y
1489 1149 21 25 a
1535 1149 60 25 un
1615 1134 280 40 vandalisme
1930 1133 101 41 bien
2060 1134 103 52 plus

140 1213 138 38 grave
300 1213 161 28 encore
482 1213 86 40 que
588 1200 113 41 celui
726 1200 107 54 qu'il
851 1211 195 42 regrette
1063 1204 35 38 si
1116 1203 269 52 justement?
1402 1202 82 41 J'ai
1512 1217 105 27 sous
1643 1203 62 40 les
1722 1216 111 40 yeux
1850 1216 88 28 une
1960 1205 202 39 centaine

143 1269 53 40 de
221 1270 132 51 petits
376 1282 238 28 morceaux
639 1270 54 40 de
716 1268 137 44 chant
877 1275 21 36 à
923 1271 224 53 plusieurs
1168 1274 166 50 parties
1357 1286 54 26 en
1438 1276 86 36 tête
1549 1272 209 52 desquels
1777 1285 56 27 on
1856 1272 48 40 lit
1925 1285 8 26 :
1966 1284 19 25 «
2009 1270 153 42 Inscrit

138 1352 74 26 sur
231 1337 41 41 la
295 1337 93 41 liste
405 1338 72 40 des
501 1352 213 41 ouvrages
731 1339 174 50 fournis
930 1347 307 47 gratuitement
1255 1348 82 47 par
1357 1340 41 41 la
1425 1340 101 41 ville
1548 1341 49 39 de
1617 1340 130 40 Paris
1770 1343 22 36 à
1811 1355 63 25 ses
1896 1340 135 40 écoles
2051 1355 84 25 com-

141 1406 207 41 munales.
378 1420 19 24 »
420 1406 64 42 Ce
508 1416 98 32 sont
630 1408 115 41 donc
768 1408 78 41 des
873 1408 310 42 «fournitures
1207 1409 250 53 classiques
1479 1422 19 25 »
1519 1422 105 28 avec
1641 1408 282 53 l'estampille
1944 1408 214 42 officielle.

142 1474 65 43 Or
223 1489 47 28 ce
294 1477 260 52 répertoire,
576 1490 193 40 presque
806 1477 108 42 d'un
937 1477 109 42 bout
1071 1482 22 37 à
1115 1478 171 48 l'autre,
1325 1486 65 33 est
1427 1483 206 46 étrange.
1656 1477 48 55 Je
1724 1491 55 27 ne
1818 1479 114 40 crois
1970 1491 80 39 pas
2077 1491 85 40 que

166 1546 142 39 amais
362 1559 58 27 on
463 1559 47 27 se
550 1548 85 39 soit
663 1548 167 51 permis
877 1547 54 40 de
971 1548 153 40 traiter
1164 1548 101 52 plus
1303 1546 239 41 librement
1584 1547 62 40 les
1683 1545 363 42 chefs-d'œuvre.
2092 1546 69 42 Un

140 1615 191 41 homme
351 1614 103 42 s'est
477 1620 250 45 rencontré,
748 1615 187 53 capable
957 1616 54 41 de
1031 1625 95 32 tout
1149 1616 319 52 entreprendre
1490 1625 41 32 et
1554 1616 53 40 de
1628 1624 95 32 tout
1747 1628 115 37 oser,
1888 1628 113 39 pour
2020 1624 120 32 trans-

143 1683 168 42 former
334 1697 86 29 une
443 1685 215 41 mazurka
682 1685 54 41 de
759 1684 181 54 Chopin
963 1686 132 49 (vous
1115 1686 214 40 entendez
1355 1684 103 42 bien
1481 1698 8 26 :
1526 1700 80 24 une
1627 1684 199 40 mazurka
1858 1692 113 47 pour
1990 1684 168 55 piano),

138 1767 54 27 en
215 1753 85 41 duo
323 1754 123 40 vocal
451 1786 9 16 ,
482 1768 105 27 avec
610 1754 79 40 des
707 1754 177 53 paroles
905 1754 107 41 d'un
1030 1754 61 40 M.
1116 1753 247 42 Gravollet.
1380 1753 59 41 M.
1454 1754 172 41 Drouin
1640 1777 51 5 —
1716 1752 101 43 c'est
1839 1754 321 41 sansdouteun

137 1828 88 36 très
242 1822 197 42 honnête
458 1823 198 51 homme,
681 1825 113 38 mais
818 1823 38 53 je
878 1823 200 41 dénonce
1102 1837 70 26 ses
1196 1825 159 39 crimes
1383 1825 252 39 musicaux!
1659 1832 131 32 —est
1811 1823 187 41 l'auteur
2018 1823 53 40 de
2095 1833 65 32 cet

138 1901 318 42 arrangement
475 1908 9 34 ;
507 1901 41 32 et
566 1891 60 42 M.
654 1892 174 41 Drouin
852 1902 65 31 est
938 1905 19 25 «
976 1895 257 50 inspecteur
1256 1893 52 40 de
1333 1891 372 52 l'enseignement
1721 1893 59 40 du
1800 1892 133 41 chant
1960 1893 113 40 dans
2097 1893 62 40 les

138 1961 144 42 écoles
307 1962 311 41 communales
642 1974 38 27 ».
708 1961 63 41 Le
795 1966 146 37 même
959 1961 64 42 M.
1049 1961 171 42 Drouin
1243 1962 138 53 prend
1418 1962 39 41 la
1481 1961 172 42 célèbre
1685 1961 216 41 Sérénade
1929 1962 54 40 de
2013 1960 116 43 Schu-

140 2029 113 50 bert,
275 2039 40 31 et
336 2030 28 40 il
382 2045 27 38 y
432 2032 146 51 ajoute
597 2044 86 27 une
701 2030 194 41 seconde
912 2032 155 51 partie,
1093 2044 103 27 avec
1219 2030 79 41 des
1312 2030 176 54 paroles
1507 2030 57 41 du
1584 2034 144 36 même
1746 2028 241 42 Gravollet.
2008 2029 151 41 Droits

136 2099 277 41 d'exécution
437 2108 41 33 et
498 2100 54 40 de
576 2100 256 40 traduction
874 2104 200 36 réservés
1110 2113 115 39 pour
1251 2109 99 31 tous
1371 2113 125 39 pays.
1533 2099 38 40 A
1594 2112 71 28 ces
1687 2096 114 44 deux
1824 2100 224 52 exemples
2073 2098 83 54 j'en

138 2170 206 51 pourrais
367 2169 173 53 joindre
562 2170 128 50 vingt
715 2177 151 33 autres
889 2169 56 40 du
973 2171 144 38 même
1135 2182 153 37 genre.
1309 2167 62 43 M.
1399 2168 198 42 Laurent
1620 2168 54 41 de
1699 2168 133 47 Rillé,
1858 2168 109 40 dont
1991 2169 38 40 le
2052 2182 104 27 nom

136 2235 145 53 figure
305 2251 123 28 assez
446 2246 189 33 souvent
652 2251 55 27 en
728 2241 87 37 tête
837 2238 54 40 de
915 2251 70 27 ces
1010 2236 193 48 feuilles,
1227 2235 160 43 n'a-t-il
1415 2251 80 39 pas
1512 2236 273 42 transformé
1804 2250 54 28 en
1880 2237 152 41 choral
2054 2251 104 27 avec

134 2316 432 43 accompagnement
588 2307 53 40 de
665 2307 181 52 harpes,
874 2315 195 44 quatuor
1089 2310 21 36 à
1129 2307 174 47 cordes,
1320 2306 352 48 contre-chants,
1693 2315 111 41 etc.,
1829 2305 193 52 l'adagio
2048 2307 53 40 de
2116 2307 39 40 la

134 2373 162 42 Sonate
315 2389 51 26 en
388 2381 44 34 ut
449 2385 25 36 %
494 2375 169 40 mineur
681 2375 54 41 de
755 2374 257 42 Beethoven
1029 2379 15 36 ?
1077 2373 87 42 Les
1183 2375 146 41 élèves
1349 2375 78 40 des
1449 2375 144 41 écoles
1627 2375 309 41 communales
1952 2375 54 41 de
2030 2375 128 41 Paris

134 2453 77 32 ont
232 2444 161 41 chanté
416 2444 109 48 cela,
624 2458 56 27 au
703 2444 272 51 Trocadéro,
1076 2444 113 40 dans
1214 2458 88 26 une
1324 2448 158 36 séance
1506 2444 247 41 solennelle
1777 2444 64 40 !...
1883 2443 122 42 Vous
2029 2457 129 28 savez

133 2515 335 48 certainement,
483 2513 234 42 Monsieur
725 2512 290 56 JeanLahor,
1036 2527 87 39 que
1136 2515 36 39 si
1190 2512 317 42 Schumannet
1520 2513 324 41 Mendelssohn
1859 2523 78 31 ont
1947 2518 212 48 composé

135 2584 78 40 des
237 2585 146 51 pièces
403 2596 114 40 pour
540 2585 134 51 piano
696 2596 106 28 sans
823 2582 197 54 paroles,
1048 2582 105 42 c'est
1173 2596 86 39 que
1283 2584 193 39 certains
1500 2584 267 40 sentiments
1791 2580 367 44 indéfinissables

136 2666 55 27 ne
220 2661 207 33 trouvent
466 2653 96 40 leur
597 2654 262 51 expression
902 2652 222 53 adéquate
1144 2665 86 39 que
1253 2652 112 40 dans
1385 2652 40 40 le
1448 2665 83 39 pur
1554 2651 197 51 langage
1787 2652 259 53 mélodique
2068 2663 9 39 ;
2118 2652 38 40 la

135 2724 225 51 musique,
388 2735 110 40 pour
537 2722 39 41 le
610 2723 236 48 musicien,
873 2730 65 33 est
977 2721 101 53 plus
1117 2721 133 40 claire
1289 2734 86 39 que
1410 2721 38 40 la
1488 2721 152 52 parole
1672 2735 8 26 :
1708 2721 39 40 la
1779 2721 154 52 parole
1972 2735 55 26 ne
2071 2730 87 31 sert

136 2796 146 36 même
302 2791 103 53 qu'à
430 2789 273 43 l'obscurcir.
731 2789 79 49 Or,
837 2791 112 40 dans
985 2790 40 41 le
1048 2791 241 52 répertoire
1310 2803 86 40 que
1432 2787 69 55 j'ai
1545 2802 105 29 sous
1681 2790 63 41 les
1785 2803 130 40 yeux,
1942 2791 38 52 je
2003 2799 155 33 trouve

137 2865 22 37 à
183 2861 173 53 chaque
388 2862 170 40 instant
581 2860 77 41 des
679 2862 146 50 pièces
848 2859 370 42 instrumentales
1256 2858 54 41 de
1347 2857 265 43 Schumann
1635 2859 16 49 (
1658 2857 142 42 Chant
1833 2860 50 39 de
1902 2860 254 55 printemps,

136 2930 176 41 Pauvre
335 2930 207 52 orphelin
636 2929 61 41 sic
720 2932 8 37 !
833 2928 143 42 Chant
998 2928 50 40 de
1070 2942 218 35 vacances,
1315 2926 192 42 Histoire
1547 2927 190 41 curieuse
1745 2959 7 17 ,
1777 2937 101 42 etc.,
1903 2937 67 33 etc
1991 2928 81 54 )et
2105 2930 54 42 de

135 2998 343 49 Mendelssohn,
498 2998 323 42 transformées
835 3012 55 27 en
913 2998 129 48 duos,
1068 3011 103 28 avec
1194 2997 77 41 des
1295 2998 177 52 paroles
1491 2998 53 40 de
1561 2996 113 41 MM.
1693 2996 253 56 Petit-Jean
1970 3012 57 28 ou
2045 2997 85 43 Gra-

134 3069 151 41 vollet.
314 3068 125 42 Vous
459 3071 262 39 connaissez
739 3067 283 42 l'admirable
1044 3066 144 41 Adieu
1210 3067 54 40 de
1289 3064 223 44 Schubert
1535 3080 8 26 :
1570 3067 39 41 le
1635 3068 114 39 voici
1770 3067 285 51 transformé,
2080 3083 80 38 par

134 3137 62 41 M.
214 3137 173 42 Drouin
405 3136 300 50 l'honorable,
733 3152 55 27 en
803 3137 99 49 trio,
922 3151 104 27 avec
1042 3136 115 41 deux
1171 3137 165 52 parties
1361 3137 75 52 qui
1460 3136 210 41 chantent
1688 3149 54 28 en
1756 3147 312 41 commençant
2094 3151 18 24 «
2136 3143 22 36 à

136 3206 174 43 bouche
331 3206 167 42 fermée
523 3220 76 28 »...
620 3206 62 42 M.
710 3207 212 41 Bouchor
1021 3219 86 40 que
1131 3206 38 52 je
1193 3207 92 39 suis
1310 3209 96 48 prêt
1428 3210 21 35 à
1468 3206 253 52 proclamer
1738 3206 183 40 homme
1944 3206 53 41 de
2022 3207 137 41 talent

137 3285 41 33 et
203 3277 55 41 de
286 3282 111 46 goût
421 3278 151 51 quand
597 3276 29 41 il
651 3290 54 28 ne
730 3276 206 54 s'occupe
968 3289 80 39 pas
1073 3276 114 40 ainsi
1208 3274 53 41 de
1290 3276 208 51 musique
1599 3289 21 27 a
1645 3278 122 50 prêté
1790 3275 63 41 les
1877 3277 146 39 mains
2048 3279 21 37 à
2088 3290 71 27 ces

137 3346 363 53 tripatouillages
531 3347 366 52 systématiques.
924 3344 101 53 Que
1048 3345 134 52 dis-je
1206 3345 16 39 ?
1262 3344 28 40 il
1334 3341 93 43 s'en
1450 3353 65 32 est
1538 3343 79 42 fait
1640 3358 87 26 une
1762 3344 244 52 spécialité.
2032 3344 127 42 Voici

139 3427 19 26 «
178 3413 24 43 Y
207 3415 217 48 Alouette,
442 3417 66 38 air
526 3415 54 40 de
601 3415 196 41 clavecin
814 3415 54 41 de
890 3414 220 51 Rameau,
1131 3427 105 27 avec
1255 3414 153 52 poésie
1427 3413 53 40 de
1498 3413 60 41 M.
1583 3413 209 41 Bouchor
1806 3426 20 25 »
1842 3427 9 35 ;
1869 3422 41 32 et
1928 3426 19 26 «
1961 3412 25 41 Y
1992 3412 167 42 Amour

136 3483 116 54 filial
258 3518 9 18 ,
291 3486 66 39 air
369 3485 54 40 de
441 3484 40 41 la
502 3497 212 28 romance
733 3485 54 41 de
810 3485 238 52 Benjamin
1063 3484 112 41 dans
1196 3483 38 40 le
1249 3482 155 55 Joseph
1421 3483 54 41 de
1492 3481 156 42 Méhul
1670 3480 162 56 (1807),
1857 3495 103 28 avec
1980 3483 178 53 paroles

137 3554 54 40 de
211 3553 62 41 M.
298 3554 212 42 Bouchor
529 3567 19 25 »
573 3568 8 35 ;
608 3563 41 32 et
672 3567 19 25 «
714 3553 29 42 Y
746 3553 138 41 Arbre
922 3555 51 39 de
1013 3554 40 40 la
1093 3553 145 40 liberté
1276 3553 54 40 de
1372 3550 161 55 Grétry
1574 3551 162 54 (1799),
1762 3566 105 28 avec
1903 3553 176 53 paroles
2103 3554 53 40 de
