2296 3807
779 211 145 28 COURS
961 211 57 26 DU
1054 200 204 35 COLLÈGE
1293 206 56 26 DE
1383 203 173 28 FRANCE

163 211 78 71 568

161 314 134 39 toises
320 321 37 35 »,
381 320 45 27 ce
469 307 74 51 qui
579 306 213 50 équivaut
834 306 22 36 à
896 298 338 43 l'introduction
1253 296 54 40 de
1343 295 166 40 danses
1541 289 251 50 nouvelles,
1835 302 73 26 car
1950 302 55 27 en
2048 288 126 44 Crète

161 381 39 39 le
236 379 131 40 chant
387 373 172 42 n'allait
581 386 80 40 pas
686 385 106 29 sans
815 371 39 40 la
880 370 155 40 danse.
1061 365 121 42 C'est
1205 365 116 41 donc
1348 378 60 27 un
1432 371 66 32 art
1523 361 76 53 qui
1619 374 22 26 a
1662 358 178 42 évolué.

213 446 64 41 La
310 445 139 40 danse
489 445 116 39 avait
640 442 113 41 deux
797 440 157 41 modes
996 435 304 54 d'expression
1324 448 7 26 :
1356 433 64 41 les
1455 434 290 38 mouvements
1752 460 8 14 ,
1801 444 123 35 yavr,g
2049 437 40 32 et
2118 429 59 42 les

159 514 183 52 figures,
358 532 48 37 ay
561 510 237 52 (Athénée,
816 509 113 50 210).
947 507 88 41 Dès
1053 506 11 41 1
1084 506 191 50 origine,
1293 508 21 36 à
1330 516 55 28 en
1402 502 141 41 croire
1559 499 266 52 Plutarque,
1846 510 71 27 ces
1938 509 18 25 «
1974 494 165 53 figures
2156 515 16 20 »

159 586 163 39 étaient
366 588 87 36 très
504 579 297 43 nombreuses
826 593 9 35 ;
877 577 113 41 dans
1030 588 70 29 ses
1143 574 171 54 Propos
1342 572 50 40 de
1422 570 110 42 table
1569 568 114 54 (VIII,
1711 584 38 37 3,
1780 565 82 54 10),
1890 567 28 39 il
1940 565 78 42 fait
2044 567 89 41 dire
2156 573 19 36 à

159 652 284 52 Phrynichus
467 662 8 28 :
518 648 105 42 «La
658 649 138 40 danse
837 644 85 43 m'a
957 645 148 42 fourni
1131 651 155 34 autant
1309 642 55 41 de
1385 639 171 53 figures
1583 638 166 53 qu'une
1781 635 183 42 sombre
1990 640 185 48 tempête

159 721 243 41 déchaînée
421 719 180 41 soulève
617 718 54 40 de
693 729 170 39 vagues
882 729 77 27 sur
980 715 36 39 la
1036 727 95 27 mer
1152 713 79 50 (1).
1249 724 21 25 »
1291 709 70 42 En
1385 710 107 52 quoi
1516 704 431 45 consistaient-elles
1966 708 16 36 ?
2003 702 115 44 C'est
2135 720 42 27 ce

161 804 86 38 que
279 803 114 27 nous
420 802 54 27 ne
511 800 163 29 savons
714 799 95 40 pas.
845 784 64 42 Ce
935 785 77 51 qui
1053 784 145 51 paraît
1236 781 184 47 certain,
1447 775 104 44 c'est
1571 790 87 39 que
1679 776 40 40 la
1743 788 21 26 «
1787 775 141 40 danse
1947 786 19 26 »
2003 776 174 51 antique

160 860 233 51 exprimait
421 858 200 51 toujours
643 869 79 39 par
744 855 77 40 des
846 852 212 42 attitudes
1084 851 293 53 appropriées
1401 862 61 27 un
1485 859 174 40 groupe
1695 845 54 41 de
1773 845 269 40 sentiments
2065 852 40 32 et
2126 845 49 40 de

160 927 102 42 faits
286 927 283 41 déterminés.
594 923 261 54 Incapables
872 922 54 41 de
948 922 95 40 dire
1061 934 47 28 ce
1128 917 161 56 qu'elle
1307 920 105 40 était
1432 916 277 49 réellement,
1730 927 115 29 nous
1866 925 206 41 pouvons
2088 913 88 42 dire

160 1010 55 27 au
239 998 148 38 moins
420 1009 47 27 ce
487 992 160 55 qu'elle
670 992 154 42 n'était
844 1005 97 40 pas.

221 1070 39 34 i°
281 1062 142 42 D'une
446 1062 128 51 façon
597 1061 224 52 générale,
849 1060 84 41 elle
957 1060 153 40 restait
1130 1061 237 47 étrangère
1392 1059 22 37 à
1435 1056 39 40 la
1500 1053 221 43 virtuosité
1749 1052 222 54 technique
2008 1065 169 29 comme

160 1133 107 41 celle
291 1134 52 39 de
366 1146 81 27 nos
468 1132 240 40 ballerines
738 1130 256 47 modernes,
1030 1127 242 53 lesquelles
1296 1125 213 42 cultivent
1531 1137 86 28 une
1644 1132 119 33 sorte
1786 1123 55 40 de
1864 1123 313 53 gymnastique

162 1200 228 51 abstraite,
416 1209 235 45 purement
673 1200 268 47 décorative,
965 1197 227 48 idéalisée,
1220 1209 106 27 sans
1344 1202 185 45 rapport
1625 1206 178 28 comme
1826 1193 220 40 certaines
2067 1205 83 39 sym-

161 1270 191 53 phonies
451 1283 104 28 avec
587 1283 60 27 un
671 1270 112 52 sujet
807 1275 180 35 servant
1003 1267 55 41 de
1080 1266 166 41 thème.

217 1353 20 26 2
245 1344 13 17 0
280 1338 89 40 Pas
388 1339 50 39 de
456 1339 229 54 pirouettes
705 1344 36 34 et
763 1338 51 39 de
836 1341 286 36 mouvements
1143 1339 226 37 tournants
1376 1363 8 11 .
1404 1331 188 43 —Lord
1614 1332 150 53 Byron
1785 1332 196 41 trouvait
2005 1331 39 41 la
2062 1330 115 42 valse

160 1407 300 53 inesthétique
481 1423 8 33 ;
517 1408 103 40 chez
646 1407 62 40 les
729 1405 155 51 Grecs,
908 1406 29 41 il
961 1405 191 42 n'aurait
1172 1417 81 40 pas
1274 1416 54 28 eu
1352 1407 21 35 à
1399 1402 218 41 formuler
1639 1416 87 27 une
1753 1402 102 41 telle
1876 1402 210 52 critique.

160 1475 89 41 Pas
273 1476 53 40 de
343 1475 169 55 pointes
533 1484 40 32 et
594 1479 145 37 même
759 1475 54 40 de
832 1473 301 54 demi-pointes
1140 1505 8 16 ,
1171 1473 93 40 cela
1286 1485 54 27 va
1364 1485 107 27 sans
1494 1471 117 40 dire.

219 1559 18 36 3
243 1550 18 17 0
288 1544 87 41 Pas
395 1545 50 39 de
459 1544 93 40 solo
578 1543 276 55 orchestique.
952 1542 123 41 Tous
1099 1543 63 40 les
1185 1550 315 32 mouvements
1541 1548 104 33 sont
1684 1538 233 43 collectifs.
1953 1538 197 43 L'exhibi-

161 1616 92 39 tion
269 1612 104 42 d'un
392 1614 419 40 danseur-virtuose
831 1621 219 43 occupant
1072 1616 22 36 à
1119 1611 61 41 lui
1205 1610 95 41 seul
1325 1609 236 42 l'orcheste
1578 1617 41 33 et
1643 1607 252 44 l'attention
1932 1609 59 41 du
2036 1608 141 54 public

159 1688 73 35 eût
248 1687 68 36 été
331 1684 217 39 contraire
563 1686 22 36 à
600 1682 169 52 l'esprit
785 1682 59 40 du
870 1681 188 48 théâtre,
1075 1694 115 39 pour
1206 1680 78 41 des
1309 1681 176 39 raisons
1506 1677 315 43 nombreuses.
1850 1677 72 43 On
1942 1678 63 41 les
2026 1678 151 41 devine

164 1751 268 41 facilement.

214 1835 24 35 4
242 1825 17 17 0
278 1819 89 41 Pas
386 1819 326 41 d'enlacements
719 1851 8 8 .
750 1818 103 41 —Il
874 1818 94 41 faut
992 1831 45 28 se
1061 1816 169 53 figurer
1253 1818 64 40 les
1340 1818 223 41 danseurs
1585 1831 129 37 grecs
1738 1832 59 26 un
1821 1831 86 39 peu
1931 1831 172 28 comme
2120 1817 57 41 les

159 1888 203 53 Basques
400 1889 108 40 dont
531 1889 123 52 parle
677 1888 151 41 Pierre
850 1887 102 42 Loti
976 1887 113 40 dans
1128 1886 266 41 Ramuntcho
1402 1918 7 9 .
1436 1885 64 42 Le
1523 1895 191 40 contact,
1740 1887 113 41 dans
1878 1887 39 40 la
1942 1887 208 51 chorégra-

159 1958 103 51 phie
298 1957 232 51 moderne,
569 1960 122 38 vient
733 1957 54 40 de
820 1971 47 26 ce
909 1970 87 39 que
1041 1956 77 41 des
1153 1955 189 42 femmes
1384 1957 192 40 dansent
1616 1969 107 28 avec
1745 1956 79 41 des
1855 1956 225 49 hommes,
2104 1969 73 40 par

159 2026 181 52 couples
365 2040 10 35 ;
407 2040 49 26 or
482 2026 28 40 il
540 2023 72 55 n'y
635 2040 21 26 a
682 2039 80 39 pas
785 2026 53 40 de
870 2025 191 41 femmes
1100 2026 144 51 parmi
1269 2025 62 40 les
1366 2029 257 37 exécutants
1667 2025 59 40 du
1764 2025 174 41 théâtre
1974 2038 117 39 grec.
2118 2023 57 42 Le

160 2104 174 32 contact
359 2097 108 39 tient
501 2096 120 40 aussi
647 2099 21 36 à
693 2095 78 41 des
794 2095 121 41 idées
934 2097 75 51 qui
1032 2096 195 40 forment
1251 2094 245 54 l'antipode
1520 2094 58 41 du
1599 2096 201 51 principe
1822 2095 231 51 religieux.

220 2177 14 39 5
244 2169 17 17 0
294 2164 89 40 Pas
418 2165 50 39 de
496 2170 285 35 mouvements
815 2164 187 54 rapides.
1025 2163 108 41 —ll
1156 2172 67 33 est
1246 2162 130 42 facile
1419 2164 55 40 de
1509 2165 97 39 voir
1643 2166 247 51 pourquoi.
1940 2164 63 41 La
2042 2165 133 40 danse

159 2244 189 42 grecque
372 2241 65 32 est
461 2233 82 40 liée
562 2247 54 26 au
640 2232 150 53 chant,
818 2235 75 50 qui
917 2233 237 41 lui-même
1172 2242 65 32 est
1255 2233 56 40 lié
1334 2247 56 26 au
1415 2233 177 53 rythme
1613 2233 79 41 des
1711 2233 196 53 paroles.
1930 2233 62 42 Le
2010 2233 166 53 rythme

161 2302 77 40 des
256 2302 193 52 paroles,
473 2300 109 42 base
605 2302 53 41 de
691 2310 96 33 tout
806 2302 40 41 le
867 2310 131 40 reste,
1025 2315 46 28 se
1095 2304 226 51 marquait
1344 2317 81 38 par
1445 2303 78 40 des
1541 2301 159 42 brèves
1719 2312 41 31 et
1783 2303 79 40 des
1884 2303 206 51 longues.
2114 2301 59 41 La

162 2369 148 49 brève,
339 2371 222 50 analogue
586 2375 21 36 à
626 2384 87 28 une
736 2371 174 48 croche,
934 2373 106 40 était
1064 2372 39 40 le
1129 2385 19 25 «
1168 2381 144 44 temps
1353 2373 195 51 premier
1568 2385 39 26 ».
1635 2371 65 42 Or
1724 2372 64 41 les
1813 2370 138 44 Grecs
1973 2381 76 33 ont
2070 2372 105 41 suivi

162 2453 172 27 comme
370 2440 248 40 immuable
658 2440 39 40 la
736 2440 120 51 règle
891 2441 54 40 de
989 2440 346 42 l'indivisibilité
1376 2441 60 41 du
1479 2450 145 44 temps
1657 2443 211 51 premier.
1895 2441 69 43 En
1987 2440 188 43 d'autres

164 2517 176 42 termes,
384 2509 55 40 ils
476 2510 255 49 ignoraient
773 2509 40 40 la
853 2508 181 51 double,
1074 2510 41 40 la
1153 2510 146 52 triple,
1325 2510 41 40 la
1392 2510 252 53 quadruple
1681 2511 160 41 croche
1862 2520 41 33 et
1927 2512 63 41 les
2013 2525 20 25 «
2058 2518 118 34 notes

164 2577 276 50 d'agrément
465 2589 38 36 »,
530 2578 75 52 qui
626 2585 100 33 sont
750 2592 56 26 au
827 2580 221 39 contraire
1068 2578 243 42 l'essentiel
1335 2580 113 40 dans
1469 2580 39 40 la
1533 2580 142 41 danse
1695 2581 236 41 moderne.
1961 2579 113 44 D'où
2100 2591 77 30 une

163 2645 137 41 danse
334 2650 21 36 à
382 2655 311 32 mouvements
717 2647 220 40 modérés.

219 2719 46 36 6°
286 2713 67 42 En
387 2715 163 40 dehors
585 2715 78 41 des
687 2716 211 41 attitudes
922 2715 210 54 capables
1157 2714 266 57 d'exprimer
1446 2720 194 40 certains
1663 2724 115 37 états
1812 2720 288 54 psychiques,
2126 2716 49 41 ils

166 2785 211 40 aimaient
401 2785 62 40 les
487 2787 250 50 symétries,
763 2785 63 40 les
851 2787 284 51 oppositions
1162 2802 7 25 :
1197 2787 54 41 de
1271 2787 40 41 là
1336 2785 264 55 Xeurythmie
1606 2820 10 17 ,
1635 2789 88 41 due
1742 2792 125 38 aussi
1890 2794 22 36 à
1938 2790 40 40 la
2003 2800 146 30 concor-

164 2853 138 40 dance
322 2853 77 40 des
424 2863 312 31 mouvements
762 2868 105 27 avec
890 2855 39 40 le
950 2855 192 53 rythme,
1169 2860 23 36 à
1211 2856 177 49 l'ordre,
1413 2872 54 26 au
1492 2858 143 41 calme
1669 2867 41 33 et
1746 2863 22 35 à
1809 2859 41 41 la
1891 2860 220 52 plasticité
2129 2855 48 41 de

166 2921 276 51 l'ensemble,
467 2926 21 36 à
513 2922 39 40 la
574 2928 165 35 netteté
762 2924 77 40 des
860 2926 304 50 proportions,
1192 2929 21 36 à
1239 2925 40 41 la
1303 2924 163 43 beauté
1490 2929 73 51 qui
1589 2941 55 27 en
1662 2928 166 41 résulte
1853 2932 22 37 à
1900 2926 41 43 la
1966 2927 84 42 fois
2073 2938 104 42 pour

167 2989 63 41 les
251 3003 113 39 yeux
385 2999 40 31 et
447 3004 113 38 pour
579 2992 331 50 l'intelligence.
937 2992 163 43 Platon
1129 2993 140 51 (Lozs,
1297 3009 47 35 11,
1369 2996 153 52 653-4)
1548 2995 79 43 fait
1647 2998 55 39 de
1721 2996 286 55 l'eurythmie
2030 2997 38 40 le
2090 2995 65 54 pri-

165 3059 145 49 vilège
333 3059 52 39 de
409 3056 212 45 l'homme
655 3061 291 41 raisonnable
978 3060 100 55 (par
1101 3065 260 51 opposition
1396 3079 84 26 aux
1519 3075 316 33 mouvements
1872 3067 78 41 des
1974 3068 201 40 animaux

164 3128 112 39 dans
300 3128 117 40 leurs
435 3128 161 50 ébats).
624 3128 122 42 Pour
768 3130 77 50 lui,
872 3130 284 54 l'eurythmie
1175 3141 66 32 est
1260 3133 186 42 l'œuvre
1469 3135 55 41 de
1549 3135 38 40 la
1613 3137 169 48 raison,
1807 3145 41 33 et
1874 3137 40 41 la
1938 3138 150 39 raison
2117 3140 60 33 est

164 3195 179 51 l'image
366 3197 53 39 de
442 3195 111 42 Dieu
576 3211 10 35 ;
612 3197 281 54 l'eurythmie
914 3209 65 32 est
1002 3201 113 40 donc
1152 3201 165 41 divine.
1352 3202 256 54 Xénophon
1629 3205 178 41 déclare
1832 3220 87 39 que
1942 3208 94 39 rien
2069 3201 103 44 n'est

163 3265 100 52 plus
287 3266 244 51 important
554 3280 86 38 que
663 3265 160 43 l'ordre
837 3279 7 36 ;
867 3277 41 32 et
927 3282 174 28 comme
1124 3271 201 53 exemple
1340 3272 179 42 d'ordre
1538 3272 181 54 parfait,
1742 3275 29 41 il
1789 3277 83 40 cite
1893 3275 40 42 la
1950 3275 139 42 danse
2104 3272 71 41 des

163 3334 177 41 chœurs
364 3336 231 50 tragiques
617 3333 11 54 (
635 3335 316 56 Economiques
959 3369 8 17 ,
990 3354 97 32 VIII,
1118 3354 38 35 3,
1188 3339 84 51 10).
