1549 2540
302 2220 59 32 202

1015 660 141 30 Horst
1189 652 225 35 Fröhlich

263 265 80 31 Welt
367 261 191 39 aufgegeben
584 259 62 38 hat,
683 256 80 31 doch
788 256 66 30 eine
878 253 58 30 Art
959 247 283 40 Weltmittelpunkt,
1278 244 169 31 außerhalb

266 311 108 30 dessen
395 308 64 31 sich
483 306 56 31 das
560 305 89 30 weite
669 301 110 31 Nichts
803 299 151 31 erstreckt.
998 297 43 30 Es
1062 294 71 31 sind
1157 293 48 30 die
1228 292 109 30 letzten
1361 290 88 31 Reste

266 356 54 31 des
344 353 255 39 Egozentrismus
624 346 298 42 (Weltanschauung
946 345 54 29 mit
1024 341 68 31 dem
1118 339 51 30 Ich
1195 337 45 31 als
1264 334 169 33 Weltmittel-

267 401 119 38 punkt).
434 399 71 29 Erst
530 396 49 30 die
605 391 305 35 Relativitätstheorie
935 389 77 30 lehrt
1038 395 68 29 uns,
1133 384 61 30 daß
1223 383 48 30 die
1296 381 80 31 Welt
1402 381 49 29 ein

265 444 220 41 grenzenloser
506 443 97 30 Raum
624 440 49 38 ist,
695 441 32 29 in
749 437 69 31 dem
840 436 49 30 die
912 435 128 29 Materie
1063 428 250 41 ungleichmäßig
1334 424 117 32 verteilt

266 494 41 29 ist
325 491 66 31 und
409 490 59 30 den
487 497 40 22 zu
545 485 170 32 übersehen
734 482 65 31 und
817 490 40 22 zu
876 478 242 32 durchforschen
1138 484 59 22 uns
1217 482 60 22 nur
1387 470 65 30 Teil

269 537 139 37 gegeben
431 536 48 29 ist.
523 534 42 29 So
588 531 78 31 lehrt
689 539 59 21 uns
772 527 78 31 auch
884 525 54 31 der
960 522 264 36 Kommunismus,
1258 527 59 21 uns
1353 517 85 29 einzu-

268 583 139 37 gliedern
426 581 44 30 als
491 581 48 28 ein
558 577 65 32 Teil
642 578 32 29 in
694 575 49 31 die
760 570 264 40 Weltgeschichte,
1045 569 81 29 ohne
1144 563 226 34 Größenwahn
1390 560 64 31 und

272 629 81 30 ohne
370 624 287 38 Kleingläubigkeit,
677 630 52 21 um
745 620 49 30 für
810 626 93 23 unser
918 615 66 31 Teil
1002 614 48 31 die
1065 613 81 30 Welt
1162 621 40 21 zu
1218 608 155 38 begreifen
1391 606 63 31 und

333 682 40 22 zu
390 670 181 34 verändern.

332 1070 300 66 Achetez!
1218 1056 201 61 Lisez!

340 1222 325 172 „Le
752 1211 668 148 Phare“

573 1448 191 51 Revue
806 1438 389 53 Communiste

576 1546 64 48 de
699 1542 179 50 Suisse
935 1535 264 54 Romande

347 1684 314 61 Directeur:
704 1676 165 62 Jules
906 1667 526 66 Humbert-Droz.

350 1837 243 39 Abonnnement
618 1833 69 39 Frs.
704 1833 82 36 B.
811 1838 61 39 par
893 1837 116 33 annee,
1037 1825 68 37 Frs.
1128 1825 76 39 I.
1232 1823 31 35 Ie
1289 1820 145 36 namfero.

586 1949 209 40 Redaction
822 1947 38 35 et
887 1941 320 39 administration:

353 2048 79 38 Rue
460 2044 41 37 P.
520 2043 43 36 H.
583 2041 154 46 Mathey
756 2038 58 43 27,
844 2036 52 37 La
913 2034 133 37 Chaux
1065 2032 48 37 de
1132 2029 138 43 Fonds,
1298 2027 140 37 Suisse,
