1581 2540
1236 2250 60 32 219

118 278 152 30 ALTE:
306 278 64 29 Das
392 286 67 21 war
483 277 81 29 noch
587 276 147 35 schöner!

116 322 199 39 JUNGE:
348 322 50 31 Ich
419 321 134 31 verbiete
574 322 49 31 dir
644 348 7 7 .
674 347 8 7 .
706 350 7 6 .

118 369 152 31 ALTE:
304 369 63 37 Reg
391 367 70 30 dich
484 367 85 31 nicht
590 377 37 22 so
650 370 65 30 auf!

116 414 183 37 JUNGE
335 413 202 39 (schreiend):
569 414 74 31 Was
665 416 48 29 ich
736 417 115 39 mache,
872 418 73 38 geht
967 418 69 32 dich
1057 428 59 30 gar
1136 421 100 31 nichts
1259 430 50 21 an.

159 460 50 29 Ich
230 459 54 30 bin
305 459 81 30 doch
407 460 80 29 mein
511 460 122 37 eigener
652 461 90 31 Herr.

117 504 136 30 ALTE
287 504 139 39 (zynisch
448 504 123 39 ruhig):
604 505 67 31 Sieh
694 508 60 29 mal
775 517 50 30 an,
847 508 42 31 du
911 510 61 30 bist
993 511 58 30 mir
1075 511 175 40 überhaupt
1271 522 37 21 so

158 550 147 30 komisch.
346 549 63 39 Sag
426 550 71 39 mal,
518 550 61 31 bist
598 551 41 30 du
661 553 80 30 etwa
760 553 208 40 schwanger?

116 595 181 38 JUNGE
317 595 161 38 (ebenfalls
497 597 139 38 zynisch)
646 606 6 21 :
681 598 75 39 Nee,
778 598 57 32 das
852 600 115 38 gerade
985 602 93 31 nicht.
1120 604 51 30 Du
1190 604 118 40 denkst,

158 641 70 30 weil
254 641 47 30 ich
329 649 36 22 so
392 641 115 30 schnell
534 642 136 31 heiraten
696 644 75 31 will.
819 645 59 40 Na,
917 646 140 40 dagegen
1084 649 68 38 gibt
1178 659 31 21 es
1236 651 73 31 heut

156 686 204 31 Gottseidank
380 686 121 31 bessere
523 687 108 31 Mittel.

118 731 136 32 ALTE
308 732 169 40 (wütend):
528 734 139 38 Sprichst
693 736 41 31 du
762 737 80 31 diese
869 738 135 38 Sprache
1028 741 77 30 auch
1132 751 39 21 zu
1197 741 109 32 deinen

155 779 191 30 Liebhabern
355 779 15 29 ?

113 823 198 38 JUNGE:
344 825 36 36 Je
402 825 160 40 nachdem,
584 828 86 30 wie’s
691 828 114 38 gerade
825 830 48 32 ist.

115 868 136 31 ALTE
270 870 229 40 (hoheitsvoll):
529 872 50 31 Da
595 875 93 29 war’s
708 874 81 31 doch
809 885 39 21 zu
868 886 126 22 unserer
1011 879 68 30 Zeit
1096 880 120 31 anders.
1257 882 49 30 Da

156 924 66 21 war
245 925 31 20 es
299 918 142 37 verpönt,
466 917 103 32 davon
594 928 40 21 zu
658 920 158 38 sprechen.
863 922 48 30 Da
934 922 75 32 hielt
1031 934 71 21 man
1127 926 52 31 auf
1202 928 104 30 seinen

156 961 65 31 Ruf.
263 961 78 39 Pfui,
361 962 42 30 du
421 962 97 31 stellst
538 963 69 31 dich
626 966 29 38 ja
674 966 55 31 mit
750 966 68 31 dem
840 967 96 32 Pöbel
956 969 51 31 auf
1026 971 66 30 eine
1112 971 92 34 Stufe.

112 1009 198 37 JUNGE:
340 1010 67 31 Wie
426 1011 100 40 Vater,
545 1022 92 22 wenn
658 1024 31 20 er
707 1016 56 30 mit
783 1016 49 31 die
852 1016 122 33 Mädels
995 1028 56 21 aus
1071 1020 67 30 dem
1159 1020 146 32 Geschäft

155 1054 130 39 losgeht.

112 1099 153 31 ALTE:
298 1101 57 30 Ein
379 1102 97 31 Mann
498 1103 81 31 kann
602 1106 64 30 sich
692 1106 55 32 das
768 1110 161 40 gestatten,
952 1120 91 21 wenn
1066 1122 31 21 es
1120 1114 77 29 auch
1221 1114 84 30 nicht

155 1146 96 29 schön
273 1148 47 30 ist.

111 1190 181 36 JUNGE
333 1193 77 38 (sich
438 1195 202 40 schüttelnd):
678 1197 62 40 Oh,
769 1200 160 31 ekelhaftes
957 1202 81 31 Pack
1065 1204 66 30 seid
1159 1205 49 30 ihr
1236 1230 36 7 ..
1296 1229 8 7 .

155 1236 56 38 (Es
230 1237 149 40 klingelt.)

115 1279 133 33 ALTE
269 1282 159 41 (schnell):
460 1286 80 31 Still!
563 1286 38 32 da
622 1289 117 32 kommt
758 1300 74 22 wer.
866 1293 169 31 Erwartest
1056 1295 41 30 du
1118 1297 186 37 jemanden?

152 1326 72 31 Wer
244 1329 59 30 soll
325 1329 39 31 da
387 1331 165 32 kommen?

110 1371 182 36 JUNGE
325 1376 125 39 (lacht):
478 1378 105 31 Warte
605 1380 80 31 doch
707 1381 53 33 ab!

110 1417 177 37 (Herein
323 1423 58 30 tri
393 1423 35 31 11
463 1425 36 29 ei
511 1434 20 20 n
568 1425 41 30 Si
622 1435 20 30 p
656 1427 75 31 oof
740 1427 32 31 fi
785 1439 17 20 z
814 1430 10 29 i
837 1439 50 22 er.
1003 1432 84 40 Beg
1099 1435 47 30 rü
1159 1435 20 30 ß
1192 1444 21 22 u
1224 1436 77 39 ng.)

110 1461 164 33 BEIDE
314 1466 197 33 DAMEN
558 1470 287 43 (durcheinander):
891 1476 90 41 Nein,
1028 1487 38 21 so
1102 1482 200 30 unerwartet!

150 1508 68 31 Wie
239 1520 57 21 uns
318 1512 55 31 das
395 1514 88 40 freut,
517 1517 47 30 ein
587 1526 82 29 ganz
691 1519 130 32 seltener
842 1522 129 40 Besuch,
1005 1524 89 31 dafür
1117 1526 88 31 desto
1225 1528 63 30 will-

150 1554 183 34 kommener.

108 1602 90 31 DIE
230 1605 181 36 JUNGE
435 1609 74 38 (ruft
531 1610 97 40 dann)
638 1602 4 56 :
675 1613 151 31 Kommen
848 1614 48 31 Sie
919 1625 57 21 uns
999 1626 38 20 zu
1061 1618 163 40 verhaften,
1247 1618 53 40 uh,

150 1648 98 33 dieses
268 1651 128 31 Gesicht
419 1678 6 6 .
450 1679 6 5 ,
480 1679 7 7 .

108 1697 90 31 DIE
233 1698 136 33 ALTE
406 1702 156 38 (ernstlich
587 1705 230 38 erschrocken):
851 1706 86 32 Aber
960 1707 120 40 Agathe
1103 1733 7 7 .
1134 1734 6 6 .
1165 1733 6 7 .

107 1743 103 33 DER
244 1745 260 33 OFFIZIER
539 1748 157 40 (lachend)
706 1760 5 20 :
747 1752 166 40 Vielleicht,
939 1754 160 31 sicherlich
1125 1757 85 29 einen
1234 1766 64 21 von

147 1789 109 30 beiden
278 1813 6 6 .
309 1813 6 7 .
340 1814 6 6 .
379 1793 73 37 (Mit
471 1794 81 29 einer
572 1793 160 38 eleganten
753 1797 212 40 Verbeugung
985 1809 56 22 zur
1061 1801 113 38 Alten.)

106 1836 91 30 DIE
226 1837 136 31 ALTE
384 1841 145 36 (versteht
545 1842 81 38 jetzt,
645 1844 47 29 ein
710 1844 187 38 glückliches
917 1847 161 39 Lächeln):
1108 1849 76 39 Wie,
1203 1860 93 21 wenn

148 1882 49 30 Sie
223 1891 59 21 uns
310 1884 185 40 einsperren,
522 1896 66 21 wer
614 1888 91 39 weiß,
734 1889 40 30 ob
802 1891 85 30 nicht
915 1893 176 31 schutzlose
1119 1895 177 40 Geschöpfe

147 1928 60 29 wie
226 1929 59 29 wir
306 1938 61 21 von
390 1931 98 30 selber
510 1931 141 32 kommen
674 1957 6 6 .
704 1957 6 7 .
734 1957 7 7 .

106 1972 275 33 OFFIZIER:
419 1976 50 30 Ich
498 1978 85 30 stelle
609 1980 80 29 mich
717 1981 63 29 voll
809 1982 63 29 und
899 1992 80 29 ganz
1017 1994 57 22 zur
1101 1987 195 40 Verfügung.

148 2017 115 32 Soweit
284 2029 31 22 es
336 2022 30 29 in
389 2022 114 30 meiner
524 2023 107 33 Macht
651 2025 81 39 liegt.

108 2062 87 30 DIE
234 2064 135 32 ALTE
409 2067 121 38 (lächelt
557 2070 210 40 schelmisch):
807 2073 51 30 Ob
885 2084 72 21 man
984 2076 82 31 nicht
1095 2082 62 28 erst
1186 2081 108 35 prüfen

147 2108 61 30 soll
231 2133 68 9 ...

108 2153 239 34 AGATHE:
382 2158 84 32 Aber
489 2159 115 42 Mama,
629 2164 168 31 Vertrauen
821 2175 99 29 gegen
945 2168 177 33 Vertrauen.
