1628 2540
276 2225 55 31 174

288 268 57 32 das
367 269 114 30 soziale
504 267 99 31 Leben
626 269 193 36 eingetreten.
863 268 136 30 Leichter
1023 269 45 30 als
1090 269 49 31 die
1162 269 182 40 Arbeiterin,
1369 270 104 38 häufig

288 314 171 31 verdummt
478 312 97 32 durch
595 313 230 31 Unwissenheit
844 313 65 31 und
927 314 280 39 Gleichgültigkeit,
1227 315 194 38 ahnungslos
1441 316 30 30 in

288 360 78 30 allen
384 358 183 39 politischen
584 359 134 39 Dingen,
735 359 53 30 hat
806 359 49 30 die
871 359 303 41 Sowjetangestellte,
1191 360 59 31 fast
1266 369 100 29 gegen
1384 362 86 30 ihren

287 404 120 39 Willen,
430 404 59 30 den
512 404 79 39 Weg
614 404 54 31 des
689 404 103 31 Heiles
816 404 144 40 betreten,
984 405 160 40 profitiert,
1169 406 81 30 ohne
1273 406 65 30 sich
1362 405 109 31 dessen

286 450 127 30 bewußt
436 459 40 21 zu
500 450 135 39 werden,
659 459 63 21 von
748 450 59 31 den
831 450 176 31 Wohltaten
1033 450 54 31 der
1110 450 241 39 proletarischen
1377 451 76 32 Revo-

285 496 109 30 lution.
440 495 115 31 Etliche
577 505 63 21 von
666 495 103 31 diesen
791 495 209 39 Angestellten
1024 496 101 30 haben
1148 497 128 38 gelernt,
1299 497 65 30 sich
1389 499 82 29 einer

284 541 196 31 fruchtbaren
506 540 143 39 Aufgabe
674 541 205 39 hinzugeben,
906 542 100 38 einige
1031 542 72 30 sind
1129 551 40 21 zu
1193 542 181 31 wertvollen
1401 542 53 31 Mit-

285 586 224 31 arbeiterinnen
534 596 39 21 an
599 586 69 31 dem
692 587 122 38 großen
840 587 109 30 Werke
974 587 54 30 der
1052 587 138 30 sozialen
1216 587 181 39 Schöpfung
1421 598 34 29 ge-

283 632 141 30 worden.

340 723 35 31 V.
403 724 84 29 Der
514 723 317 39 Abschaffung
860 723 75 31 der
961 723 191 32 Klassen
1181 725 229 38 entgegen.

366 781 65 30 Das
449 780 219 39 proletarische
685 781 124 38 Regime
826 780 65 40 übt,
907 781 71 30 weil
996 791 33 20 es
1044 781 254 38 vernunftgemäß
1316 781 65 31 tmd
1397 781 58 31 fort-

281 826 168 30 schrittlich
470 827 49 38 ist,
539 834 97 30 sogar
656 826 51 30 auf
728 826 49 31 die
795 826 183 30 feindlichen
998 826 130 31 Klassen
1151 828 87 28 einen
1260 828 209 30 erneuernden

284 872 122 30 Einfluß
428 881 56 22 aus
503 872 66 30 und
587 872 81 31 zieht
688 872 82 30 diese
790 874 32 28 in
842 872 58 29 den
921 872 108 30 immer
1047 873 106 29 weiter
1171 872 188 31 werdenden
1380 872 88 33 Kreis

283 917 55 32 der
362 917 139 31 sozialen
528 917 180 31 Harmonie.
755 918 109 30 Dieses
891 917 189 39 Phänomen,
1108 917 98 31 dieses
1235 917 153 39 Ergebnis
1415 917 54 31 der

282 963 242 39 proletarischen
552 963 151 39 Diktatur,
740 962 55 31 das
822 962 50 31 auf
900 962 58 31 den
985 964 99 29 ersten
1110 962 193 39 Augenblick
1330 963 139 39 paradox

281 1009 99 38 wirkt,
402 1008 184 31 wiederholt
608 1009 66 30 sich
698 1009 51 30 auf
771 1008 78 31 allen
872 1007 158 32 Gebieten.
1076 1008 76 31 Dies
1173 1009 40 30 ist
1236 1009 78 30 auch
1338 1009 50 30 die
1410 1009 40 30 Ur-

281 1054 100 39 sache,
408 1053 139 31 weshalb
576 1054 67 39 jene
672 1054 163 39 Elemente,
865 1054 51 30 die
942 1054 66 30 sich
1037 1054 180 38 hartnäckig
1246 1054 55 30 der
1328 1054 137 30 sozialen

281 1100 170 30 Harmonie
477 1100 167 40 entziehen,
672 1100 99 30 sowie
797 1099 49 31 die
871 1099 162 30 innerhalb
1062 1099 54 30 der
1140 1108 99 21 neuen
1267 1099 201 31 Gesellschaft

280 1146 81 30 noch
381 1145 204 31 befindlichen
604 1145 204 31 Hindernisse
827 1145 50 30 für
898 1145 48 30 die
966 1144 219 39 proletarische
1205 1144 182 39 Gleichheit,
1408 1145 59 30 wie

280 1190 267 31 Anachronismen
571 1192 155 29 anmuten.
771 1191 66 30 Das
861 1190 271 31 kommunistische
1156 1190 113 31 Gefühl
1294 1192 40 29 ist
1357 1190 110 31 bereits

279 1237 32 30 in
333 1237 57 30 alle
409 1236 122 31 Herzen
552 1236 242 38 eingedrungen.

362 1282 129 31 Freilich
509 1282 81 39 sind,
608 1291 71 21 vom
698 1281 163 31 absoluten
881 1281 222 31 theoretischen
1123 1281 193 38 Standpunkt
1333 1291 66 30 aus,
1419 1281 48 30 die

279 1328 130 32 Klassen
435 1328 82 31 noch
542 1328 84 31 nicht
651 1328 98 38 völlig
773 1327 198 39 abgeschafft.
1018 1326 95 31 Lenin
1140 1327 116 39 betont,
1283 1336 33 22 es
1342 1326 124 31 werden

278 1373 83 31 noch
377 1373 92 38 lange
484 1373 99 30 neben
601 1373 68 29 dem
686 1372 183 31 Proletariat
886 1372 96 30 kleine
998 1372 159 38 begüterte
1173 1373 121 29 Bauern
1311 1372 154 38 bestehen,

279 1419 130 31 Klassen
428 1418 115 39 geben;
573 1418 87 30 mehr
677 1418 91 39 noch,
788 1428 33 20 es
841 1417 68 39 gibt
926 1418 82 30 noch
1028 1418 108 30 immer
1155 1417 119 38 Spuren
1295 1418 54 30 der
1369 1417 77 31 Bour-

277 1465 118 38 geoisie
416 1463 75 40 und,
512 1463 103 40 leider,
635 1463 55 31 des
708 1463 210 38 bourgeoisen
938 1462 131 31 Geistes.
1111 1463 149 30 Tatsache
1279 1462 110 39 jedoch
1411 1464 54 29 ist:

278 1513 114 36 mögen
412 1510 49 30 die
479 1510 111 30 letzten
609 1509 227 30 überlebenden
856 1509 174 38 Bourgeois
1051 1509 82 29 eines
1152 1507 134 31 anderen
1306 1507 159 31 Zeitalters

277 1555 80 31 nach
377 1555 143 30 Belieben
538 1556 66 29 eine
621 1554 81 31 Welt
718 1554 49 31 für
783 1554 65 30 sich
867 1554 115 38 bilden,
1000 1554 131 38 einerlei,
1150 1562 65 21 nun
1232 1554 71 31 sind
1331 1555 63 28 sie
1423 1562 41 29 es,

278 1602 49 30 die
347 1611 63 21 von
432 1601 56 30 der
507 1601 121 38 großen
651 1600 118 39 Straße,
802 1599 48 31 die
881 1608 72 21 zum
975 1599 101 30 Leben
1098 1599 64 30 und
1194 1608 56 21 zur
1270 1599 194 31 Zivilisation

276 1648 93 38 führt,
388 1646 214 38 fortgestoßen
620 1645 81 31 sind.

358 1693 62 30 Die
437 1691 198 39 Hauptsache
655 1691 54 30 ist:
739 1691 49 30 die
806 1690 207 39 Werktätigen
1033 1690 75 31 aller
1127 1689 187 39 Kategorien
1333 1689 72 31 sind
1424 1698 40 21 zu

276 1740 83 29 einer
377 1738 133 39 großen,
529 1736 238 32 harmonischen
789 1736 223 39 organisierten
1033 1735 125 31 Familie
1177 1736 158 40 vereinigt,
1357 1737 32 29 in
1411 1734 53 30 der

275 1785 50 30 die
345 1784 143 31 früheren
508 1783 160 30 sinnlosen
690 1782 223 31 Unterschiede
934 1782 89 29 rasch
1043 1780 245 31 verschwinden.
1330 1780 114 38 Körper-

275 1831 78 31 liche
371 1830 65 30 und
453 1830 130 38 geistige
600 1827 108 31 Arbeit
724 1827 123 31 werden
864 1827 208 38 gleichmäßig
1090 1826 149 40 verlangt,
1257 1825 137 37 belohnt,
1412 1834 34 29 ge-

275 1876 121 30 schützt
418 1875 65 30 und
504 1874 147 39 geachtet.
694 1874 53 29 Bei
771 1883 58 20 uns
851 1873 69 39 gibt
943 1883 32 20 es
997 1872 87 31 keine
1105 1872 235 39 „Verdammten
1364 1870 97 31 dieser

277 1921 108 40 Erde“,
406 1921 85 30 keine
510 1921 108 29 Parias
637 1919 95 32 mehr.

357 1968 66 29 Das
446 1967 90 30 Wort
560 1964 245 41 „Towaritsch“,
829 1964 151 39 Genosse,
1003 1963 128 31 verleiht
1155 1963 98 31 dieser
1276 1962 184 39 gewaltigen

278 2012 237 31 Brüderlichkeit
542 2012 59 30 den
627 2010 149 38 richtigen
802 2008 173 40 Ausdruck,
1003 2009 167 38 ermangelt
1196 2008 53 29 der
1274 2006 186 39 juridischen

277 2057 97 39 Kälte,
434 2058 53 30 des
536 2055 316 33 individualistischen
905 2055 168 38 Egoismus
1123 2054 54 30 der
1226 2053 232 39 Bezeichnung:

277 2103 169 39 „Bürger“.
489 2104 109 29 Dieses
619 2102 92 31 Wort
733 2100 175 31 bezeichnet
930 2101 84 30 nicht
1034 2100 78 31 bloß
1135 2099 50 30 die
1207 2097 175 39 Mitglieder
1406 2098 54 31 der

275 2148 140 38 gleichen
439 2148 181 38 politischen
646 2147 109 39 Partei,
780 2156 31 21 es
836 2149 39 29 ist
898 2146 84 31 nicht
1005 2155 37 21 so
1067 2144 157 39 begrenzt,
1249 2144 136 31 sondern
1410 2144 49 31 be-
