1628 2540
286 2195 52 31 178

306 243 174 30 vermöchte
507 243 98 31 dieses
632 244 191 39 tiefliegende
848 247 97 30 Uebel
972 257 234 32 anszumerzen;
1244 251 96 32 daher
1364 253 68 38 gibt
1458 264 30 20 es

305 288 81 30 noch
404 290 107 28 immer
528 288 302 42 Heereslieferanten,
851 292 48 31 die
917 294 55 30 mit
990 293 203 39 Spekulanten
1212 296 97 32 kleine
1326 298 162 32 Geschäfte

304 333 136 38 machen,
458 333 120 40 Aerzte,
596 335 49 30 die
660 335 66 31 ihre
741 337 244 32 Unterschriften
1001 340 172 41 verkaufen,
1190 341 99 32 Leiter
1303 352 63 21 von
1384 345 90 30 öffent-

304 378 98 31 lichen
419 378 258 42 Warenhäusern,
697 382 48 30 die
763 382 156 39 Staatsgut
936 385 183 38 vergeuden.
1160 387 91 31 Doch
1268 389 40 29 ist
1326 389 40 30 all
1384 390 104 32 diesen

304 423 111 30 Leuten
437 425 193 31 unerbittlich
652 426 55 31 der
726 427 94 40 Krieg
840 429 110 31 erklärt
969 431 141 40 worden,
1132 432 66 31 eine
1218 432 82 32 hohe
1322 434 96 31 Strafe
1439 438 33 28 be-

303 467 94 33 droht
417 469 57 31 alle
494 471 66 38 jene
581 469 141 40 Agenten
745 472 53 32 der
819 473 165 41 Autorität,
1006 476 48 31 die
1078 478 65 30 sich
1166 478 248 33 Bestechlichkeit
1435 491 34 20 zu-

301 514 148 31 schulden
473 516 141 31 kommen
639 518 109 39 lassen,
772 519 49 32 ihr
844 519 191 33 Verbrechen
1060 523 80 30 wird
1164 524 45 31 als
1233 525 56 31 das
1311 526 175 40 schwerste,

302 561 272 31 unverzeihlichste
598 572 61 21 von
686 564 79 30 allen
791 566 141 39 erachtet,
969 566 40 32 da
1044 577 33 21 es
1112 568 49 31 die
1186 570 208 33 Grundfesten
1432 575 53 29 des

301 605 117 31 Staates
440 607 139 38 angreift.
623 608 57 31 Die
702 609 257 42 Bestechlichkeit,
981 613 79 31 einst
1080 613 49 32 die
1150 615 102 40 Regel,
1274 618 40 29 ist
1335 618 89 31 heute
1445 629 40 20 zu

299 650 98 31 einem
416 651 363 35 Ausnahmeverbrechen
798 657 180 36 geworden.

383 697 214 40 Merkwürdig
612 700 40 30 ist
669 700 91 40 noch,
780 701 61 31 daß
861 702 99 32 dieses
976 704 192 32 Verbrechen
1186 706 59 32 fast
1262 709 50 29 nie
1329 718 62 22 von
1411 709 55 31 Pro-

298 740 141 32 letariern
461 742 163 40 begangen
645 745 91 40 wird,
758 747 136 31 sondern
917 748 59 31 fast
998 749 107 32 immer
1126 760 62 22 von
1212 752 185 42 Bourgeois,
1420 765 63 20 von

298 787 151 39 einstigen
466 789 176 40 Polizisten,
659 791 174 41 Offizieren,
851 793 176 33 Finanziers
1045 795 75 31 oder
1136 796 190 42 Kaufleuten,
1343 799 50 32 die
1407 801 75 35 sich,

298 832 157 32 bisweilen
472 843 97 29 sogar
585 836 202 39 aufrichtigen
804 838 148 41 Herzens,
971 839 54 32 der
1040 841 280 42 Sowjetregierung
1338 855 57 21 zur
1411 848 54 28 Ver-

297 878 121 38 fügung
436 880 129 39 gestellt,
586 881 80 30 doch
686 883 81 30 noch
786 884 84 30 nicht
887 884 49 31 die
955 885 67 31 Zeit
1039 886 154 39 gefunden
1213 889 109 40 haben,
1343 891 65 30 sich
1428 893 54 29 der

296 924 244 37 eingefleischten
564 926 105 32 Laster
690 928 84 31 ihrer
796 928 108 32 Klasse
926 940 40 21 zu
991 932 182 39 entledigen.
1216 934 172 33 Betrachtet
1409 946 72 22 man

296 969 86 30 einen
405 969 174 40 derartigen
600 972 194 33 Kommissar
816 974 76 32 oder
913 977 87 30 einen
1023 978 207 41 unehrlichen,
1252 981 229 39 gewalttätigen

295 1013 98 32 Leiter
409 1024 112 31 genau,
541 1026 37 21 so
596 1018 82 30 wird
696 1028 71 21 man
786 1020 32 30 in
838 1020 63 30 ihm
920 1022 89 31 meist
1027 1024 89 30 einen
1135 1024 170 40 Günstling
1327 1026 53 31 des
1401 1029 79 30 alten

294 1060 150 40 Regimes,
470 1061 59 31 fast
553 1063 50 30 nie
626 1065 87 29 einen
739 1065 185 32 Proletarier
948 1067 173 32 entdecken.
1167 1070 100 32 Wenn
1294 1073 79 31 einst
1397 1073 82 31 diese

294 1105 110 31 letzten
429 1106 209 40 bourgeoisen
664 1109 153 32 Miasmen
842 1113 122 38 vertilgt
988 1115 65 29 sein
1077 1114 136 40 Werden,
1237 1117 81 30 wird
1343 1127 33 22 es
1401 1119 78 30 auch

293 1151 55 31 mit
366 1151 54 31 der
438 1153 248 33 Bestechlichkeit
704 1156 64 30 und
786 1156 193 40 Korruption
997 1168 40 21 zu
1058 1160 87 31 Ende
1161 1162 76 30 sein.

291 1241 63 31 VII.
381 1243 85 30 Das
491 1245 343 33 intellektuelle
856 1248 170 33 Niveau
1054 1250 75 32 der
1153 1252 323 34 Gesellschaft.

373 1298 69 35 Wir
456 1300 101 32 haben
572 1311 64 22 nun
653 1303 112 32 bereits
778 1306 184 39 gewichtige
980 1307 154 33 Elemente
1149 1310 54 31 des
1218 1311 96 31 durch
1331 1312 49 31 die
1394 1314 66 30 wirt-

290 1344 176 33 schaftliche
487 1346 172 33 Gleichheit
680 1350 65 30 und
767 1350 91 31 deren
882 1351 114 33 direkte
1017 1354 117 38 Folgen
1157 1356 141 31 erzielten
1322 1357 153 32 ethischen

292 1389 197 33 Fortschritts
508 1393 143 37 gesehen.
691 1395 75 31 Eine
783 1396 193 38 ungeheuere
993 1399 185 32 Revolution
1196 1402 78 31 auch
1293 1403 52 30 auf
1362 1403 113 31 diesem

291 1434 111 32 Gebiet
419 1437 53 30 hat
488 1438 65 29 sich
571 1439 175 38 vollzogen.
783 1441 68 32 Wir
866 1442 114 31 wollen
999 1454 64 21 nun
1081 1446 52 29 auf
1150 1447 96 30 einem
1265 1448 133 32 anderen
1416 1449 40 31 Ge-

290 1480 62 31 biet
372 1481 58 31 den
450 1483 160 38 Vergleich
631 1485 154 31 zwischen
806 1487 68 30 dem
894 1488 209 39 bourgeoisen
1122 1491 124 32 Westen
1267 1494 65 30 und
1352 1494 55 31 der
1425 1504 33 22 so-

289 1528 175 36 genannten
490 1530 255 37 sowjetischen
771 1532 146 32 Barbarei
941 1534 117 33 ziehen.
1104 1536 41 31 Es
1170 1537 124 32 handelt
1317 1540 66 30 sich
1409 1541 65 30 hier

291 1580 50 21 um
365 1572 56 30 das
442 1573 212 32 intellektuelle
675 1576 64 30 und
762 1577 134 31 ethische
917 1579 118 31 Niveau
1060 1581 53 30 der
1135 1582 202 35 Gesellschaft
1357 1586 42 29 im
1423 1586 39 31 all-

285 1619 171 35 gemeinen.

371 1666 58 29 Die
454 1667 193 37 ungeheuere
671 1668 108 31 Arbeit
805 1669 54 32 des
885 1670 253 34 Kommissariats
1161 1674 50 31 für
1235 1674 237 42 Volksbildung,

287 1709 56 32 das
364 1720 40 22 zu
425 1712 182 31 Tausenden
628 1713 131 32 Schulen
780 1715 74 31 aller
875 1715 94 32 Arten
991 1719 55 30 mit
1065 1719 139 31 wirklich
1226 1720 49 31 für
1296 1721 56 31 das
1373 1724 99 36 große

285 1755 101 32 Leben
412 1758 240 31 erzieherischen
679 1760 222 38 Programmen
927 1763 181 40 begründet,
1135 1765 100 31 dürfte
1260 1776 57 22 zur
1341 1767 131 39 Genüge

286 1801 132 32 bekannt
437 1805 75 29 sein.
553 1804 202 39 Desgleichen
773 1807 86 30 wohl
878 1808 77 30 auch
976 1808 56 32 das
1049 1810 165 39 gewaltige
1232 1811 238 41 Unternehmen,

284 1846 57 32 das
364 1848 146 40 anstrebt,
533 1850 107 30 etliche
661 1851 119 39 siebzig
803 1852 163 32 Millionen
988 1854 233 40 Analphabeten
1245 1857 91 39 lesen,
1360 1858 95 31 schrei-

285 1892 69 40 ben,
374 1894 132 31 rechnen
526 1895 64 30 und
610 1895 115 32 denken
745 1907 41 20 zu
806 1897 113 32 lehren.
958 1899 75 31 Man
1054 1902 80 30 weiß
1157 1911 50 21 um
1229 1902 48 31 die
1298 1902 103 32 bisher
1420 1906 49 29 nie

286 1938 221 38 dagewesenen
534 1941 133 40 Kredite,
696 1942 49 30 die
769 1943 50 31 für
845 1944 296 33 Unterrichtswesen
1167 1948 141 38 gewährt
1333 1949 135 41 werden,

285 1984 65 29 und
367 1994 51 20 um
437 1985 48 30 die
502 1988 154 37 günstige,
675 1987 98 31 schier
790 1988 189 40 bevorzugte
995 1991 82 39 Lage
1095 1992 55 31 der
1166 1993 182 31 Lehrkräfte.
1377 1995 90 32 Doch

286 2028 139 34 bedeutet
449 2031 107 31 alldies
578 2033 82 29 noch
684 2033 114 31 nichts:
832 2045 32 21 es
887 2036 57 37 gilt
968 2036 56 32 das
1046 2037 210 39 Alltagsleben
1280 2048 40 21 zu
1344 2040 106 32 berück-

283 2073 161 39 sichtigen.
490 2077 58 31 Die
572 2077 232 32 Universitätler
837 2083 113 36 mögen
985 2083 168 40 verzeihen,
1189 2083 80 31 doch
1303 2086 81 30 wird
1418 2087 48 30 die

286 2119 135 38 Bildung
445 2122 81 30 eines
550 2123 169 30 modernen
743 2124 111 32 Volkes
878 2127 88 30 mehr
988 2129 80 29 noch
1094 2128 44 30 als
1164 2129 96 30 durch
1286 2130 47 32 die
1356 2132 109 30 Schale
