1617 2540
1290 2198 64 45 179

154 253 64 22 von
242 243 54 31 der
319 244 116 38 Presse,
469 243 58 31 den
551 243 138 31 sozialen
712 243 236 39 Bedingungen,
983 242 59 30 den
1067 241 279 40 Unterhaltungen,

157 290 55 30 mit
229 289 98 31 denen
345 289 56 32 das
418 289 78 32 Volk
513 290 85 30 seine
615 289 231 31 Mußestunden
865 288 134 40 ausfüllt,
1018 288 176 31 beeinflußt.
1234 288 34 30 In
1287 288 60 31 den

155 335 258 39 kapitalistischen
444 335 121 31 Staaten
594 335 95 31 findet
718 335 56 31 das
803 335 183 30 Proletariat
1015 334 55 31 der
1098 334 105 31 Städte
1230 335 115 37 gerade

156 381 82 31 noch
255 381 77 40 Zeit,
350 381 48 32 die
414 381 196 39 Feuilletons,
628 381 59 30 den
706 381 208 30 Gerichtssaal
933 380 64 31 und
1015 380 50 31 die
1082 380 131 31 Skandal
1218 380 129 30 Chronik

155 427 195 38 irgendeines
371 427 98 40 „Petit
490 426 151 37 Journal“
664 427 76 30 oder
760 427 82 29 eines
865 426 139 39 „Matin“
1026 435 40 21 zu
1088 427 92 38 lesen,
1203 435 32 21 es
1256 425 91 30 sucht

155 474 104 29 seinen
280 474 94 30 Trost
393 473 79 30 über
492 472 56 31 das
569 472 97 30 Elend
686 472 54 30 des
761 472 133 30 Daseins
914 474 41 28 im
975 472 83 31 Kino
1079 472 77 30 oder
1175 473 40 29 im
1238 472 90 30 Wirts-

156 519 87 30 haus.
287 519 53 31 Bei
364 518 59 31 den
446 517 238 39 Kleinbürgern,
717 516 219 41 Angestellten,
971 517 144 30 Beamten
1150 518 38 30 ist
1222 527 31 21 es
1289 517 57 30 das

156 564 134 32 Gleiche.
331 565 64 30 Der
415 564 111 38 Bauer,
546 562 55 31 der
619 562 83 31 lesen
721 562 105 39 lernte,
846 562 54 31 hat
920 562 44 31 oft
983 563 54 30 mit
1056 563 143 38 zwanzig
1220 562 125 39 Jahren,

155 619 57 22 aus
230 611 127 37 Mangel
376 620 40 21 an
436 609 146 39 Uebung,
602 608 112 31 bereits
731 608 116 30 wieder
865 608 73 30 alles
958 608 137 30 Erlernte
1113 617 173 29 vergessen.

237 663 76 32 Hier
333 664 156 38 hingegen
511 663 81 30 kann
613 671 71 20 man
705 662 85 30 nicht
811 661 117 40 umhin,
951 662 50 31 die
1020 662 250 38 Reichhaltigkeit
1292 665 54 28 der

154 710 151 38 geistigen
339 709 156 38 Nahrung
530 717 40 21 zu
606 707 201 40 bewundern,
843 707 50 31 die
927 707 114 38 täglich
1077 707 68 30 dem
1183 707 161 31 Publikum

155 754 268 40 Sowjetrußlands
442 754 135 38 geboten
599 752 90 32 wird.

237 804 58 30 Die
319 803 90 31 Krise
444 803 31 29 in
511 801 55 30 der
590 799 263 39 Papierindustrie
888 799 133 38 gebietet
1046 798 214 40 Sparsamkeit,
1298 798 49 31 die

155 850 172 38 Zeitungen
342 848 71 31 sind
428 847 51 30 auf
494 848 67 29 eine
576 846 79 30 Seite
670 844 197 39 beschränkt;
938 844 64 31 und
1018 844 152 39 dennoch,
1186 851 53 23 wo
1255 844 92 31 fände

154 904 72 22 man
249 896 96 28 etwas
367 892 277 38 Inhaltsreicheres,
667 891 45 30 als
735 891 67 30 eine
823 891 150 30 Nummer
996 890 55 31 der
1073 890 174 39 „Prawda“
1270 891 75 29 oder

155 940 55 31 der
233 939 200 40 „Iswestia“?
479 938 77 30 Statt
580 936 233 32 sensationeller
836 936 65 30 und
924 936 111 30 hohler
1058 936 175 30 Interviews
1258 936 87 30 einen

153 985 155 39 praktisch
326 983 226 40 angewandten
569 983 122 32 Kursus
708 982 55 31 der
778 981 327 41 Nationalökonomie,
1121 983 73 29 statt
1211 982 134 30 Morden

154 1031 66 31 und
237 1030 134 31 anderen
389 1029 194 31 Verbrechen
602 1029 59 30 den
680 1027 132 31 Anblick
830 1027 54 31 des
903 1027 180 38 langsamen
1103 1026 141 31 Aufbaus
1263 1028 83 37 jener

154 1076 81 31 noch
256 1077 50 30 nie
325 1075 173 39 gesehenen
521 1074 111 31 Sache:
666 1074 53 31 des
742 1073 241 39 proletarischen
1006 1072 126 31 Staates.
1175 1072 78 31 Statt
1274 1074 54 29 süß-

153 1122 99 31 lichen
274 1121 260 38 nichtssagenden
557 1119 188 31 Feuilletons
767 1121 66 29 eine
854 1119 82 31 Rede
958 1119 111 30 Lenins
1095 1118 76 31 oder
1193 1119 152 38 Trotzkis,

155 1168 48 30 die
225 1167 181 32 Resolution
429 1167 84 30 eines
534 1166 205 38 Kongresses,
763 1164 77 32 oder
863 1164 58 31 den
945 1164 100 31 Inhalt
1067 1165 83 30 einer
1173 1164 155 39 diplomati-

153 1213 94 30 schen
272 1212 96 38 Note;
404 1213 73 30 statt
501 1211 55 31 der
580 1211 334 40 „gesellschaftlichen“
938 1210 141 32 Chronik
1104 1210 139 31 Berichte
1269 1211 76 29 über

154 1258 59 30 den
246 1258 187 38 gewaltigen
468 1257 207 31 historischen
700 1257 191 38 Zweikampf
924 1256 155 30 zwischen
1105 1255 241 39 Imperialismus

154 1304 65 30 und
235 1304 191 38 Proletariat,
442 1305 73 28 statt
529 1303 328 30 Geschäftsannoncen
874 1302 100 30 Daten
992 1302 78 30 über
1086 1302 49 30 die
1152 1301 193 30 Produktion

154 1349 55 31 der
233 1349 275 39 Sowjetindustrie,
545 1350 73 29 statt
644 1347 400 39 Liebeskorrespondenzen
1070 1346 275 39 Ankündigungen

154 1394 328 39 gewerkschaftlicher,
531 1394 249 39 künstlerischer,
831 1394 179 38 politischer
1056 1392 287 39 Versammlungen.

155 1439 112 39 Radck,
297 1440 166 39 Bucharin,
493 1439 248 40 Lunatscharski,
771 1439 190 39 Siemachko,
991 1439 142 39 Lomow,
1164 1439 179 39 Sinowjew,

153 1486 135 40 Trotzki,
324 1485 160 31 bisweilen
511 1486 79 30 auch
616 1485 105 39 Lenin,
759 1485 66 31 dies
861 1484 71 31 sind
968 1484 50 31 die
1042 1484 211 37 Journalisten
1291 1484 54 30 der

153 1531 230 39 Sowjetpresse.
428 1531 49 31 Sie
511 1531 89 39 legen
637 1531 54 31 der
725 1531 194 30 öffentlichen
946 1530 152 38 Meinung
1122 1530 66 31 ihre
1211 1530 115 30 Abrech-

153 1585 125 30 nungen
298 1585 68 29 vor,
386 1577 167 38 verlangen
575 1577 90 31 dafür
686 1576 158 32 Mitarbeit
865 1576 64 31 und
950 1577 65 31 Rat.
1058 1577 111 29 Derart
1190 1576 154 30 erwecken

152 1624 45 29 sie
219 1623 32 30 in
274 1622 54 30 der
351 1622 105 31 Masse
479 1623 55 30 das
558 1623 149 30 Interesse
728 1622 50 31 für
800 1622 57 31 das
880 1622 241 32 Kollektivleben
1145 1621 54 31 der
1222 1622 122 38 großen

152 1667 184 33 Kommune.
379 1667 76 31 Und
476 1668 84 30 nicht
582 1678 60 20 nur
661 1669 33 29 in
719 1668 58 30 den
800 1667 228 39 Hauptstädten
1051 1667 90 39 spielt
1164 1667 49 31 die
1236 1667 107 30 Presse

154 1712 83 32 diese
254 1713 101 31 Rolle:
386 1713 50 31 die
453 1713 199 31 vierhundert
670 1714 173 38 Zeitungen
863 1714 56 30 der
936 1712 243 40 Provinzstädte,
1199 1714 29 38 ja
1247 1721 96 30 sogar

154 1758 49 31 die
223 1758 54 31 der
296 1758 118 31 kleinen
434 1759 126 30 Flecken
581 1759 102 30 halten
703 1759 66 30 sich
790 1759 275 39 verhältnismäßig
1085 1759 55 30 mit
1159 1758 87 31 mehr
1267 1759 76 29 oder

155 1805 134 38 weniger
325 1804 109 39 Erfolg
470 1805 50 29 auf
557 1803 68 30 dem
661 1804 140 37 gleichen
837 1804 233 30 intellektuellen
1107 1805 128 29 Niveau.
1284 1804 59 30 Die

153 1850 171 38 Zeitungen
348 1850 127 30 werden
498 1849 58 30 viel
581 1848 132 38 gelesen.
760 1849 49 30 Sie
833 1850 142 29 kommen
1000 1850 32 29 in
1058 1850 50 29 die
1132 1849 132 38 Sowjets
1288 1851 54 28 der

153 1895 123 39 Dörfer,
309 1904 38 21 an
370 1895 49 30 die
440 1895 106 38 Front,
578 1895 31 30 in
632 1894 48 31 die
702 1894 128 39 Etappe,
861 1895 46 29 sie
927 1894 126 31 werden
1077 1896 31 29 in
1131 1894 124 31 Städten
1277 1894 66 31 und

155 1941 134 31 Dörfern
304 1951 39 20 an
359 1940 48 31 die
423 1941 132 29 Mauern
571 1940 235 39 angeschlagen,
822 1939 59 31 den
897 1939 234 39 Analphabeten
1149 1942 193 37 vorgdesen,

152 1989 33 30 in
204 1987 59 31 den
282 1986 98 33 Klubs
399 1986 64 31 und
482 1986 58 30 den
560 1986 265 38 Bildungskursen
844 1986 50 30 für
914 1985 204 30 Erwachsene
1136 1985 206 39 besprochen.

237 2037 62 31 Auf
322 2046 68 30 uns,
415 2036 48 31 die
486 2038 60 29 wir
569 2046 65 21 nun
658 2036 97 31 schon
781 2045 40 21 an
847 2036 83 31 diese
954 2036 107 30 Presse
1084 2036 153 37 gewöhnt
1261 2037 82 39 sind,

155 2083 126 31 machen
302 2083 49 31 die
369 2082 232 31 französischen
620 2083 180 38 Zeitungen,
820 2091 97 29 sogar
937 2081 49 31 die
1006 2081 257 42 sozialistischen,
1284 2085 59 28 den

156 2129 155 32 Eindruck
334 2129 53 30 des
411 2128 102 31 Todes
538 2128 64 31 und
627 2129 53 30 der
703 2128 200 38 Verwesung,
927 2128 65 31 ihre
1016 2127 128 32 Lektüre
1169 2129 91 31 treibt
1285 2139 58 20 uns
