1549 2540
266 2208 57 32 210

258 259 187 31 ERNST:
478 257 58 32 Ruf
558 257 74 30 nur!
676 257 98 38 (Haut
795 257 64 31 ihm
881 257 67 30 eine
971 257 114 37 runter,
1109 255 93 39 pfeift,
1226 255 48 30 ein
1300 254 139 31 Schatten

298 304 105 31 taucht
422 303 81 31 noch
525 302 60 39 auf,
608 303 44 31 sie
672 302 91 30 fallen
784 302 76 30 über
880 302 60 31 den
962 301 183 31 Buchhalter
1165 301 64 30 her.
1273 301 63 30 Der
1355 299 85 32 stößt

298 350 88 29 einen
407 348 192 39 würgenden
621 348 77 31 Laut
719 356 59 22 aus
800 347 65 30 und
886 349 99 30 stürzt
1008 356 40 21 zu
1070 345 117 32 Boden.
1234 346 58 30 Die
1314 345 125 31 Andern

299 394 77 30 über
400 394 63 30 ihn.
479 403 13 21 j
512 394 76 30 Man
612 393 73 31 hört
710 392 144 33 Keuchen
880 392 65 31 und
971 391 180 40 Strampeln,
1178 391 83 30 dann
1287 391 58 30 ists
1369 390 66 31 still

296 440 98 31 Ernst
414 439 65 31 und
497 439 55 30 der
570 438 123 31 Andere
712 438 48 39 ab,
781 438 185 30 Buchhalter
985 438 95 31 bleibt
1099 436 124 40 liegen.)

259 506 99 39 (Zwei
381 506 124 38 Jungen
526 504 138 32 huschen
687 504 77 31 über
785 503 50 31 die
856 503 117 39 Bühne,
997 503 54 32 der
1072 504 68 30 eine
1161 503 95 38 beugt
1277 502 65 32 sich
1366 502 76 30 über

261 551 58 31 den
344 551 108 39 Toten,
479 551 53 30 der
557 549 112 32 andere
692 549 63 32 hält
781 548 165 32 Ausschau
968 549 79 30 nach
1073 549 105 30 hinten
1204 548 63 31 und
1292 548 74 30 läuft
1390 548 53 29 hin

768 595 65 31 und
853 595 78 38 her.)

259 661 249 31 ZWEITER
539 660 197 39 JUNGE:
767 661 51 30 Na
838 659 125 40 schnell,
984 669 67 21 was
1071 661 40 30 ist
1132 661 55 29 mit
1209 659 91 31 dem?

261 707 204 32 ERSTER
490 706 197 38 JUNGE:
714 707 61 38 Du,
793 706 55 30 der
863 706 52 30 hat
931 707 69 28 ’nen
1016 705 82 30 Stich
1115 706 32 29 in
1166 704 68 31 dem
1250 704 86 31 Hals.
1373 704 69 30 Ver«

303 753 125 38 dämmt,
445 753 54 29 der
513 752 97 30 blutet
626 752 81 30 noch
725 753 60 29 wie
801 753 48 29 ein
867 751 149 31 Schwein.

261 798 249 31 ZWEITER
544 797 197 38 JUNGE:
776 797 49 30 Da
848 796 126 32 werden
1000 797 44 29 sie
1068 796 201 30 auch'nichts
1295 796 77 30 dran
1396 804 34 29 ge-

302 843 102 31 lassen
423 843 112 39 haben,
555 843 90 30 was?

261 889 204 32 ERSTER
490 888 181 38 JUNGE
700 887 187 40 (kichernd):
915 887 59 31 Die
989 887 129 38 Zigarre
1133 889 39 28 ist
1188 887 81 29 noch
1286 886 83 30 nicht
1385 887 60 29 mal

302 943 81 29 ganz
405 942 230 30 ausgegangen.

262 979 248 31 ZWEITER
545 978 198 38 JUNGE:
778 979 97 38 Bring
901 980 44 29 sie
969 979 56 30 mit
1049 977 66 32 und
1140 978 64 30 sieh
1230 977 89 40 nach,
1347 977 41 31 ob
1414 985 33 22 er

299 1026 79 30 etwa
398 1024 176 39 Zigaretten
594 1034 53 21 wo
668 1024 62 31 hat.

263 1070 203 32 ERSTER
495 1070 181 38 JUNGE
709 1070 67 38 (der
799 1069 74 31 alles
893 1068 226 39 durchwühlt):
1150 1069 51 30 Ich
1221 1068 82 31 linde
1323 1068 123 31 absolut

303 1116 109 30 nichts.

263 1161 249 31 ZWEITER
543 1158 198 40 JUNGE:
773 1160 50 30 Na
846 1160 113 30 weißte
981 1169 77 30 was,
1082 1159 83 31 dann
1188 1160 106 30 ziehen
1317 1160 58 30 wir
1399 1159 50 30 die

305 1206 100 31 Stiefel
425 1207 50 38 ab,
494 1206 49 31 die
563 1206 71 31 sind
653 1205 203 32 Gottseidank
875 1205 81 31 noch
978 1205 87 32 dran.

265 1252 202 32 ERSTER
500 1251 197 38 JUNGE:
731 1251 112 31 Komm
866 1250 55 32 hilf
944 1252 63 29 mit.
1053 1251 89 39 (Man
1164 1250 72 32 hört
1260 1250 146 39 poltern.)

352 1318 100 39 (Das
487 1318 149 31 Ganze
670 1317 337 31 verschwindet
1044 1318 53 30 im
1134 1317 227 38 Dunkeln.)

266 1379 62 39 (An
345 1379 56 31 der
417 1380 102 30 linken
536 1380 78 30 Seite
632 1379 55 31 der
705 1379 109 31 Bühne
832 1379 212 31 dämmert
1119 1378 186 31 halbdunkel
1383 1380 66 29 eine

265 1424 248 39 Gefängniszelle
532 1424 59 31 auf.
632 1425 77 30 Eine
727 1424 146 39 Pritsche,
895 1424 53 31 auf
967 1424 56 31 der
1042 1426 75 29 zwei
1138 1424 179 39 Gefangene
1338 1425 108 38 liegen.

266 1471 64 30 Der
352 1471 67 30 eine
442 1471 39 30 ist
505 1471 71 38 jetzt
598 1470 74 30 halb
696 1470 209 38 aufgerichtet,
930 1471 91 29 atmet
1044 1470 120 31 schwer
1187 1470 67 30 und
1277 1470 81 31 fährt
1381 1471 66 30 sich

265 1515 77 31 über
362 1515 49 31 die
432 1515 92 38 Stirn,
546 1515 46 31 als
613 1524 92 21 wenn
727 1524 32 21 er
778 1515 88 29 einen
887 1515 160 30 schweren
1069 1515 116 30 Traum
1205 1515 242 38 wegscheuchen

428 1560 115 30 wollte.
590 1561 62 30 Der
675 1559 113 31 andere
813 1561 40 29 ist
875 1569 65 21 nun
964 1560 79 30 auch
1068 1560 216 38 aufgewacht.)

267 1627 102 31 DER
394 1626 212 31 ZWEITE
632 1625 358 32 GEFANGENE:
1015 1625 86 31 Bleib
1117 1626 49 30 da.
1202 1626 74 31 Was
1291 1628 40 30 ist
1345 1626 104 31 denn?

306 1672 140 39 Mensch,
467 1672 118 31 machst
606 1671 41 31 du
667 1672 86 30 einen
774 1671 111 32 Krach.

266 1718 103 31 DER
400 1717 166 32 ERSTE
599 1717 342 31 GEFANGENE
975 1717 181 39 (murmelt):
1190 1717 61 30 Mir
1272 1718 39 30 ist
1331 1727 37 21 so
1390 1726 60 30 eng

306 1772 52 21 um
377 1762 49 31 die
444 1763 101 30 Brust.
586 1762 42 31 So
647 1764 222 37 eingezwängt.
910 1763 56 38 (Er
983 1762 66 31 will
1066 1762 169 31 auffstehen
1255 1763 64 31 und
1336 1764 113 29 schreit

305 1808 64 30 laut
391 1808 59 39 auf,
469 1807 179 40 erschreckt,
668 1807 62 32 daß
749 1810 84 29 einer
851 1808 101 31 neben
971 1809 62 30 ihm
1051 1808 97 39 liegt.)

266 1853 247 32 ZWEITER
548 1853 377 32 GEFANGENER
960 1854 122 38 (richtet
1103 1854 66 30 sich
1193 1854 91 38 hoch,
1308 1853 65 31 hält
1396 1854 53 30 ihn

302 1899 58 31 fest
381 1898 65 31 und
465 1898 142 32 schüttelt
627 1899 85 39 ihn):
743 1899 99 39 Heda,
865 1908 31 22 es
917 1899 91 38 spukt
1028 1900 96 39 wohl,
1145 1900 90 31 was?
1276 1898 112 31 Komm
1409 1908 40 22 zu

309 1945 57 30 dir.
407 1945 61 38 Du,
487 1944 107 30 besinn
612 1945 70 30 dich
759 1945 138 39 Mensch,
916 1944 56 31 das
988 1945 129 31 Theater
1134 1946 54 30 mit
1206 1945 48 31 dir

268 1994 203 32 ERSTER
503 1992 377 31 GEFANGENER
913 1991 94 38 (wird
1037 2000 82 30 ganz
1151 1990 88 31 wach
1274 1989 64 31 und
1369 1990 81 31 sinkt

308 2039 185 39 vornüber):
524 2038 40 30 Es
583 2040 38 29 ist
639 2039 59 29 mir
715 2047 40 20 zu
774 2046 61 29 eng
853 2037 74 30 hier.
968 2037 123 38 (Stöhnt
1110 2037 80 37 auf):
1220 2035 50 30 Ich
1289 2036 74 30 muß
1385 2035 65 31 hier

311 2094 82 30 raus,
408 2086 88 29 sonst
510 2084 104 30 werde
628 2084 49 29 ich
695 2082 81 31 noch
791 2082 148 31 verrückt.
977 2082 42 30 Es
1034 2083 40 30 ist
1088 2091 37 21 so
1141 2089 69 29 eng.
1248 2080 41 31 Es
1307 2081 62 39 legt
1383 2082 66 30 sich

310 2132 60 29 wie
392 2132 47 28 ein
462 2129 186 31 Eisenreifen
670 2138 50 21 um
744 2129 86 30 einen
864 2126 64 31 und
960 2127 51 30 auf
1033 2127 49 31 die
1105 2126 100 30 Brust.
1246 2126 99 31 Wenn
1378 2136 71 21 man
