1575 2540
1211 2207 61 35 201

101 247 136 39 trachtet,
257 247 75 30 wirr
351 247 63 31 und
433 246 169 38 rückläufig
623 246 149 31 erscheint
793 247 64 30 und
876 250 61 29 erst
955 249 40 30 im
1016 249 273 38 Zusammenhang

101 293 53 30 der
171 293 224 31 Geschehnisse
412 293 66 29 ihre
496 291 209 38 aufsteigende
724 293 85 31 Linie
827 293 137 32 enthüllt.
1005 295 57 30 Die
1083 295 121 31 Einheit
1224 296 63 29 und

101 338 170 31 Relativität
297 339 53 30 des
375 336 374 34 Raum-Zeit-Gedankens
774 339 39 32 ist
840 339 48 31 die
913 340 183 39 Grundlage
1123 341 55 30 der
1205 341 68 32 Rela-

101 384 231 30 tivitätstheorie
369 383 125 31 sowohl
532 383 59 30 wie
630 383 54 30 der
720 385 282 31 materialistischen
1040 386 231 31 Geschichtsauf-

99 429 137 39 fassung.

182 475 103 30 Indem
311 475 54 30 der
388 474 255 32 Kommunismus
680 474 48 31 die
753 475 150 32 Dialektik
938 477 52 30 des
1027 478 259 31 raum-zeitlichen

101 520 394 39 Entwicklungsprozesses
517 519 138 40 begreift,
678 520 62 31 löst
762 531 32 21 er
816 522 65 30 sich
906 531 55 21 aus
986 522 53 32 der
1062 524 147 31 Starrheit
1232 524 54 30 der

100 566 103 40 Maße,
227 568 32 29 in
285 567 48 30 die
356 566 65 30 sich
446 567 109 28 immer
588 566 86 30 mehr
709 566 53 31 der
786 567 221 38 Kapitalismus
1040 571 136 36 verengt.
1223 571 63 29 Der

99 611 217 38 Kapitalismus
352 612 79 29 kann
457 611 257 39 Vergangenheit,
750 611 189 39 Gegenwart
964 613 65 30 und
1056 614 135 32 Zukunft
1226 625 60 21 nur

99 657 81 30 noch
205 658 54 29 mit
283 656 268 39 kapitalistischem
578 656 95 31 Maße
698 666 129 21 messen.
875 658 88 30 Seine
989 658 157 40 Ideologie
1171 663 40 30 ist
1237 663 49 29 ein

99 703 111 30 starres
229 703 114 30 Gerüst
358 701 181 39 geworden,
557 703 31 28 in
608 701 56 31 das
681 712 31 21 er
731 703 48 30 die
797 712 99 29 ganze
912 703 81 32 Welt
1011 714 125 29 pressen
1153 707 132 38 möchte,

100 747 81 30 ohne
194 749 43 29 sie
251 748 154 38 begreifen
422 757 39 20 zu
478 747 132 30 können.
647 748 65 30 Das
730 748 181 31 Proletariat
925 750 75 30 muß
1017 752 65 29 sich
1099 760 56 21 aus
1171 752 113 30 diesem

98 792 114 31 Gerüst
230 793 140 30 befreien.
410 793 43 30 Im
474 792 215 31 dialektischen
710 793 120 31 Prozeß
852 794 54 30 des
924 794 266 41 Klassenkampfes
1209 798 75 30 muß

99 847 31 21 es
156 837 163 40 begreifen,
345 847 67 21 was
438 838 54 31 der
517 839 293 30 wissenschaftliche
836 839 151 32 Forscher
1012 842 32 30 in
1073 841 67 31 dem
1167 842 98 32 Wider-

97 884 85 29 streit
202 884 52 30 der
273 883 313 31 wissenschaftlichen
605 883 200 39 Hypothesen
825 886 64 29 und
908 886 152 31 Theorien
1080 887 124 39 begriff:
1236 889 48 30 die

97 928 275 33 Veränderlichkeit
396 929 64 30 und
484 929 171 31 Relativität
677 930 85 32 nicht
785 940 60 21 nur
869 931 54 31 der
947 941 40 21 zu
1021 934 262 30 messenden

97 974 152 39 Dinge,
287 974 137 30 sondern
454 973 53 31 der
546 975 125 30 Maßs
683 976 39 29 tä
734 975 20 30 b
768 985 15 21 e
820 976 109 31 selber.
979 978 75 30 Was
1082 981 123 35 gestern
1235 981 48 30 ein

97 1019 129 30 Zeichen
247 1019 54 31 der
320 1020 95 38 Kraft,
435 1020 40 30 ist
496 1020 90 30 heute
607 1021 64 30 eins
693 1020 54 32 der
769 1021 167 32 Schwäche
957 1023 308 38 (Konzentrationsbe-

97 1073 134 29 wegung
249 1067 31 28 in
299 1064 54 31 der
370 1065 176 39 Industrie),
564 1075 68 21 was
649 1068 122 36 gestern
791 1068 48 30 ein
859 1068 192 40 Fortschritt,
1070 1070 39 31 ist
1127 1070 89 31 heute
1235 1073 48 29 ein

96 1109 189 31 Rückschritt
303 1110 209 38 (Parlament).
551 1111 76 31 War
647 1112 155 31 einstmals
822 1113 48 30 die
889 1114 204 38 Bourgeoisie
1113 1117 66 30 eine
1197 1125 68 22 revo-

96 1154 158 40 lutionäre,
273 1164 37 21 so
330 1156 40 29 ist
388 1157 45 29 sie
451 1156 90 31 heute
560 1157 68 31 eine
647 1157 191 32 reaktionäre
858 1159 107 31 Klasse
986 1161 180 37 geworden.
1208 1162 74 30 War

96 1201 42 29 sie
156 1201 153 29 einstmals
325 1210 63 21 von
407 1202 54 30 der
478 1201 183 32 Geschichte
681 1204 192 39 ausersehen,
894 1205 49 30 die
959 1206 180 31 Herrschaft
1159 1217 38 20 an
1216 1208 65 30 sich

95 1254 39 20 zu
151 1246 103 29 reißen
273 1246 64 29 und
356 1246 49 31 die
424 1247 223 40 Entwicklung,
666 1258 92 21 wenn
778 1250 76 30 auch
875 1251 76 30 über
970 1251 70 31 Blut
1059 1253 65 29 und
1141 1253 140 40 Leichen,

94 1291 310 31 vorwärtszutreiben
430 1292 64 30 und
519 1302 63 21 von
607 1295 49 29 ihr
680 1296 311 38 vorwärtsgetrieben
1018 1307 40 21 zu
1082 1298 135 40 werden,
1244 1309 37 20 so

94 1335 80 31 wird
196 1336 44 29 sie
263 1335 97 40 heute,
384 1338 124 30 morsch
532 1339 65 30 und
621 1340 62 29 faul
707 1342 60 29 wie
790 1342 44 29 sie
858 1343 49 39 ist,
931 1352 63 21 von
1020 1343 54 30 der
1098 1343 182 32 Geschichte

96 1381 245 38 hinabgestoßen
367 1383 125 31 werden
520 1385 32 30 in
581 1385 59 31 den
668 1386 194 40 Untergang,
891 1389 31 29 in
951 1389 58 29 den
1038 1390 44 30 sie
1110 1390 95 30 selbst
1232 1390 48 32 die

94 1427 101 38 junge,
217 1427 213 32 aufstrebende
452 1430 108 31 Klasse
583 1430 54 32 des
659 1432 197 31 Proletariats
878 1443 40 21 zu
941 1435 111 30 stoßen
1075 1436 102 31 droht.

176 1481 57 29 Die
249 1481 203 38 Bourgeoisie
468 1484 52 30 hat
537 1484 49 30 die
602 1484 182 40 lebendigen
804 1487 102 31 Kräfte
925 1488 54 31 der
997 1489 104 31 Masse
1120 1499 56 22 aus
1193 1490 86 31 ihren

96 1525 309 41 Lebensgrundlagen
429 1528 224 40 heransgelöst.
699 1531 42 31 So
762 1533 105 38 wenig
891 1533 47 31 die
963 1535 58 30 alte
1044 1535 163 32 Mechanik
1231 1537 48 30 die

93 1571 167 31 künstliche
277 1573 168 39 Trennung
462 1585 62 21 von
543 1576 146 39 „Masse“
707 1578 65 30 und
792 1579 126 38 „Kraft“
937 1590 39 20 zu
995 1581 200 32 überwinden
1215 1592 48 21 ver-

92 1616 129 39 mochte,
240 1616 48 31 die
305 1622 61 28 erst
384 1619 49 31 die
450 1620 307 33 Relativitätstheorie
774 1624 172 31 überwand
1021 1636 37 20 so
1076 1629 103 37 wenig
1197 1628 80 30 kann

93 1661 52 30 der
168 1662 218 38 Kapitalismus
410 1665 49 30 die
483 1667 112 30 Natur-
619 1668 65 30 und
708 1669 266 33 Menschenkräfte
998 1672 116 31 wieder
1136 1674 140 30 vereinen

92 1707 64 30 und
177 1707 54 30 das
253 1707 110 31 Gesetz
384 1710 82 32 ihrer
487 1711 106 31 beider
613 1713 173 39 Erhaltung
807 1716 137 40 erfüllen,
967 1717 56 30 das
1045 1721 60 28 erst
1127 1718 55 31 das
1203 1719 56 30 Pro-

92 1752 115 30 letariat
229 1752 125 31 erfüllen
376 1755 90 31 kann.

172 1802 61 30 Um
254 1802 66 30 ihre
341 1804 106 31 Macht
468 1804 63 30 und
554 1804 57 31 den
635 1805 143 32 Glauben
800 1817 38 20 an
861 1808 66 31 ihre
948 1810 108 31 Macht
1078 1811 134 31 aufrecht
1235 1821 40 21 zu

91 1847 143 39 erhalten,
255 1848 79 31 stellt
355 1850 48 30 die
424 1851 204 37 Bourgeoisie
647 1851 57 30 das
724 1853 122 37 Kapital
869 1854 32 29 in
923 1854 58 31 den
1004 1856 196 38 Mittelpunkt
1221 1858 54 29 der

89 1901 120 29 ganzen
229 1892 89 32 Welt.
360 1895 70 30 Von
451 1895 113 30 diesem
585 1896 213 38 Mittelpunkte
821 1907 55 21 aus
898 1900 90 30 sucht
1009 1902 43 29 sie
1077 1901 54 30 das
1153 1902 122 31 Weltall

90 1947 39 21 zu
154 1937 238 41 durchdringen,
417 1949 61 29 um,
502 1951 67 20 was
593 1942 44 30 sie
659 1942 84 32 nicht
768 1942 229 41 durchdringen
1021 1947 90 38 kann,
1137 1947 48 31 die
1210 1957 49 21 ver-

89 1992 140 28 gangene
256 1984 318 33 ur-kommunistische
610 1987 64 31 und
711 1987 49 31 die
795 1989 181 31 kommende
1002 1991 273 34 kommunistische

89 2028 88 41 Welt,
207 2029 108 31 kurzer
341 2031 94 29 Hand
463 2031 45 31 als
535 2033 274 41 nichtexistierend,
849 2035 44 30 als
931 2036 205 33 unendlichen
1174 2039 101 32 leeren

89 2074 95 30 Raum
217 2084 39 21 zu
290 2076 183 38 übergehen.
519 2078 42 30 So
595 2079 128 32 braucht
757 2081 78 30 auch
868 2081 47 31 die
939 2082 335 34 Newton-Galileische

89 2119 140 40 Theorie,
254 2121 140 31 obsclion
416 2124 43 29 sie
483 2123 48 31 die
553 2124 96 32 Lehre
669 2135 62 21 von
753 2126 55 31 der
831 2126 79 32 Erde
932 2128 44 30 als
1000 2128 197 39 Mittelpunkt
1220 2132 53 29 der
