1581 2540
293 2227 52 31 186

347 267 62 35 DIE
434 257 308 45 REVOLUTIONÄRE
768 261 140 38 PRESSE
935 261 73 37 UND
1037 260 72 36 DAS
1136 258 236 38 FEUILLETON

347 328 57 30 Dis
429 324 437 33 historisch-materialistische
889 323 98 31 Kritik
1010 322 54 31 der
1086 320 258 39 kapitalistischen
1369 319 80 31 Welt

266 377 40 28 ist
326 374 103 29 bisher
448 374 55 28 mit
522 372 89 29 kaum
633 371 96 29 einem
750 369 90 30 Wort
861 378 39 20 an
922 369 48 29 die
993 367 174 31 Institution
1190 367 52 30 des
1265 365 184 30 Feuilletons

266 420 238 37 herangetreten.

350 464 87 30 Audi
463 463 48 31 die
536 463 305 36 Arbeiterzeitungen
867 459 100 31 haben
992 468 40 21 an
1057 459 112 30 diesem
1195 457 121 38 Wesen,
1343 456 108 30 dessen

267 509 212 32 Ueberschrift
498 507 208 41 „Feuilleton“
726 506 85 31 heißt
830 505 65 30 und
915 504 108 31 dessen
1044 502 197 40 Eingeweide
1260 503 110 38 „Reiz“
1391 502 46 29 ent-

267 556 102 30 halten
393 555 109 39 sollen,
526 554 99 31 nichts
649 552 218 31 Wesentliches
890 550 157 39 geändert.
1091 550 90 30 Ganz
1204 548 171 30 besonders
1399 546 53 30 der

271 601 112 39 Begriff
400 600 110 40 „Reiz“
585 599 54 31 der
654 598 100 30 nichts
771 597 45 30 als
833 596 231 37 Abwechslung
1081 595 149 37 bedeutet,
1248 595 40 29 ist
1303 595 30 28 in
1352 593 101 30 keiner

268 647 178 37 Beziehung
468 646 239 29 revolutioniert.

353 693 41 29 Es
423 691 117 31 besteht
568 691 72 29 aber
670 692 108 28 immer
805 688 86 31 mehr
919 687 48 30 die
994 686 261 38 Notwendigkeit,
1284 684 170 30 bestimmte

270 738 136 38 Gebiete,
428 737 50 30 die
498 740 90 27 sonst
609 734 90 32 allein
720 735 33 29 in
776 733 139 31 Büchern
938 732 65 30 und
1025 731 211 30 Zeitschriften
1258 731 88 29 ihren
1369 729 85 30 Platz

269 783 123 39 fanden,
419 785 32 29 in
479 782 54 31 der
559 781 215 39 Tagespresse,
803 780 67 29 also
896 779 49 29 für
971 778 100 38 große
1098 774 273 32 unterschiedliche
1399 774 38 30 Ar-

273 829 200 38 beiterkreise,
498 828 32 30 in
557 828 54 29 der
634 827 246 36 Arbeiterpresse
915 833 39 20 zu
991 824 145 29 erörtern.
1181 821 94 30 Nicht
1308 820 70 31 weil
1413 821 43 28 sie

272 874 146 40 plötzlich
446 874 161 38 politische
633 872 148 30 Themata
807 869 137 39 wurden,
973 868 136 30 sondern
1136 867 71 30 weil
1235 866 55 30 das
1316 865 139 30 Ausmaß

272 921 55 30 der
363 919 200 39 eigentlichen
587 917 111 30 Politik
733 917 63 29 und
818 914 187 33 Wirtschaft,
1039 915 44 28 sie
1107 913 87 30 heute
1230 910 227 31 unmittelbarer

273 966 65 30 und
358 965 166 30 deutlicher
543 966 33 28 in
599 962 48 32 die
666 962 144 31 Grenzen
832 961 54 30 des
907 960 198 38 allgemeinen
1187 957 66 30 also
1275 955 182 40 politischen

273 1013 164 29 Interesses
459 1009 178 31 einbezieht.
682 1008 51 30 Ich
755 1007 94 30 denke
873 1006 89 30 dabei
985 1014 39 21 an
1047 1004 58 30 den
1128 1004 156 37 gesamten
1307 1002 151 37 Komplex

273 1058 146 37 geistiger
435 1056 111 37 Dinge.
586 1053 87 31 Auch
691 1053 49 31 die
755 1052 136 30 Polemik
907 1051 64 30 und
988 1050 191 37 Erörterung
1197 1048 76 31 über
1288 1048 179 29 bestimmte-.

275 1103 119 38 Fragen
413 1103 32 28 in
463 1101 59 30 den
539 1101 139 31 Künsten
696 1099 111 37 gehört
825 1097 104 38 dahin,
947 1096 74 30 alles
1039 1095 65 38 das,
1122 1096 32 28 in
1173 1094 68 30 dem
1260 1093 101 31 tiefere
1377 1093 66 29 wirt-

273 1148 176 30 schaftliche
482 1146 64 30 und
578 1145 184 31 historische
784 1141 288 38 Zusammenhänge
1103 1141 82 29 noch
1208 1148 40 21 zu
1271 1138 188 38 analysieren

275 1194 130 30 bleiben.
451 1194 90 28 Denn
565 1192 48 29 die
635 1189 204 38 Behandlung
862 1188 122 30 solcher
1006 1187 102 37 Dinge
1131 1185 99 30 dürfte
1253 1185 49 30 für
1324 1183 59 30 den
1406 1183 36 30 Ar-

277 1239 172 30 beiterieser
470 1248 50 19 um
542 1246 37 21 so
602 1235 181 39 plötzlicher
806 1234 65 30 und
893 1231 282 32 unverständlicher
1195 1230 127 38 wirken,
1345 1229 44 30 als
1412 1237 33 29 ge-

278 1285 73 30 rade
375 1284 65 30 hier
464 1281 141 33 keinerlei
631 1281 200 30 theoretische
858 1279 75 30 oder
959 1278 77 30 auch
1062 1286 60 21 nur
1145 1276 152 30 sachliche
1324 1275 138 36 Klärung

277 1329 210 40 systematisch
504 1328 202 38 vorausging.
746 1326 67 29 Den
833 1323 265 39 Ausgangspunkt
1115 1322 50 31 für
1180 1321 106 31 solche
1303 1321 102 37 Dinge

278 1385 72 21 zum
379 1375 146 38 Beispiel:
554 1382 66 22 was
647 1374 79 28 etwa
755 1371 45 31 als
828 1370 227 31 revolutionäre
1082 1368 100 31 Kunst
1210 1366 175 31 anzusehen
1414 1366 48 36 ist,

280 1421 76 30 oder
376 1420 83 30 nicht
540 1421 108 28 nimmt
670 1427 70 21 man
762 1416 90 30 heute
873 1425 54 21 aus
950 1415 54 30 der
1026 1414 96 39 Mitte,
1147 1413 97 29 bezw.
1268 1412 54 30 der
1344 1410 100 38 Gegen-

279 1470 81 28 wart
385 1465 54 30 der
464 1465 261 36 Erscheinungen,
760 1463 59 29 wie
844 1463 43 28 sie
914 1460 53 30 der
993 1460 99 29 Zufall
1119 1458 64 30 und
1221 1458 66 30 ihre
1313 1456 132 38 Tagesbe-

282 1512 138 37 deutung
447 1510 97 39 (nicht
571 1509 65 30 ihre
663 1507 238 36 revolutionäre)
938 1506 31 29 in
1006 1505 54 30 das
1089 1502 286 39 Betrachtimgsfeld
1412 1502 53 29 der

282 1558 171 37 Zeitungen
474 1556 93 29 rückt.
611 1554 66 30 Das
698 1553 73 37 liegt
792 1553 40 29 im
855 1550 111 30 Wesen
990 1550 118 37 dessen,
1129 1559 66 19 was
1218 1549 55 29 das
1296 1547 167 30 Feuilleton

283 1601 185 32 traditionell
487 1599 175 31 erforderte.

365 1648 41 30 Es
429 1646 82 38 fragt
536 1645 64 31 sich
625 1654 73 29 nun,
734 1644 40 29 ob
800 1643 50 29 auf
876 1643 81 29 diese
981 1641 100 29 Weise
1107 1640 54 30 der
1184 1639 139 37 Klärung
1358 1637 108 39 irgend

284 1696 81 28 einer
384 1693 96 31 Sache
498 1690 169 39 irgendwie
687 1689 124 39 gedient
830 1688 65 30 sein
916 1686 103 31 kann?
1061 1685 52 30 Ob
1136 1684 54 31 das
1211 1684 179 38 Feuilleton,
1411 1684 56 28 das

282 1741 66 29 eine
369 1736 195 40 bürgerliche
585 1734 313 37 Presseeinrichtung,
921 1742 62 21 von
1008 1730 213 39 bürgerlichen
1246 1728 203 38 Bildungsvor-

282 1785 227 37 aussetzungen
534 1780 186 40 ausgehend,
744 1781 67 29 eine
833 1778 136 30 Tribüne
994 1777 50 30 für
1068 1776 49 30 die
1140 1775 139 38 Klärung
1303 1774 82 30 eines
1409 1773 39 30 Ge-

284 1832 94 29 bietes
404 1830 65 29 sein
494 1829 90 37 kann,
609 1836 52 20 wo
686 1826 88 30 alle
797 1825 292 36 Voraussetzungen
1114 1822 105 30 bisher
1243 1820 100 30 haben
1369 1818 98 30 fehlen

284 1878 124 28 müssen
426 1874 65 31 und
506 1874 104 37 wenig
625 1871 203 31 Vorarbeiten
846 1869 65 31 und
927 1867 261 32 materialistische
1205 1865 65 32 und
1286 1865 182 30 historische

288 1920 298 40 Begriffskiärimgen
612 1917 166 31 bestehen?
823 1916 65 30 Das
912 1914 169 30 Feuilleton
1168 1912 29 31 d.
1222 1912 30 31 h.
1277 1910 55 30 der
1354 1909 115 30 hierfür

287 1970 30 28 in
336 1967 99 38 Frage
451 1963 182 33 kommende
650 1963 96 31 Raum
767 1962 113 30 könnte
899 1960 71 30 sehr
987 1959 85 30 wohl
1091 1968 40 20 zu
1150 1959 96 29 einem
1265 1955 120 38 großen
1405 1955 63 30 Teil

288 2023 39 20 zu
352 2011 127 32 solchen
506 2008 301 40 Begriffsklärungen
834 2006 109 30 dienen
1037 2014 31 21 es
1094 2004 82 37 fragt
1202 2003 64 29 sich
1294 2010 68 29 nur,
1391 2002 78 28 nach

288 2058 135 30 welchen
446 2056 168 31 Methoden
637 2053 64 31 und
723 2053 165 30 bewußten
910 2051 159 30 Zwecken.

371 2104 57 29 Die
447 2100 234 40 eigentümliche
703 2098 149 31 Dialektik
873 2097 54 30 der
947 2093 381 38 Verfallserscheinungen,
1347 2095 60 28 wie
1427 2093 43 29 sie

292 2150 51 29 auf
367 2150 157 35 geistigem
550 2147 111 30 Gebiet
686 2144 112 38 gerade
823 2153 37 22 so
885 2143 74 30 kraß
985 2144 30 28 in
1040 2142 49 29 die
1115 2139 109 37 Augen
1248 2139 63 31 tritt
1336 2139 59 29 wie
1420 2137 50 30 auf
