1589 2540
1240 2225 62 38 207

121 256 290 33 MÄDCHEN:
440 258 75 39 Nee,
536 258 40 31 da
595 268 68 21 war
683 268 32 21 er
734 259 78 31 auch
833 259 72 31 nich
926 259 58 31 bei.

120 303 141 32 FRAU
296 304 109 39 (seufzt
428 304 65 30 und
516 304 143 32 schüttelt
682 305 135 31 scheints
852 305 49 32 die
925 306 198 39 Erinnerung
1148 306 49 39 ab,
1232 306 81 38 fragt

159 348 115 40 dann):
304 350 48 31 Sie
370 351 117 28 warten
506 350 85 30 wohl
613 351 51 30 auf
682 350 147 40 jemand?

121 394 289 32 MÄDCHEN:
439 395 48 39 Ja,
505 395 99 31 schon
623 397 48 29 ein
690 406 76 29 paar
784 397 93 39 Tage.
918 397 51 31 Ich
988 398 122 30 komme
1128 398 109 31 immer
1255 407 58 21 zur

160 441 139 39 gleichen
317 442 67 29 Zeit
402 441 64 38 her,
485 442 60 29 wie
562 441 49 30 ich
630 442 119 31 bestellt
767 442 64 40 bin,
852 443 75 31 aber
945 443 145 32 niemand
1110 454 41 20 zu
1169 444 104 31 sehen.

120 486 155 32 FRAU:
308 487 83 30 Geht
414 486 96 30 Ihnen
532 495 39 21 so
593 487 61 30 wie
677 488 68 38 mir,
767 488 82 30 mich
872 489 101 31 haben
997 490 45 30 sie
1065 490 78 30 auch
1168 492 144 28 umsonst

160 532 183 31 herbestellt.
419 531 76 31 Und
516 531 56 31 das
590 532 83 30 wird
692 533 87 30 wohl
797 534 82 30 noch
900 534 78 30 öfter
997 544 36 21 so
1053 534 137 32 werden.

118 584 291 32 MÄDCHEN:
440 584 49 32 Sie
510 584 115 31 suchen
645 586 87 30 wohl
753 586 108 31 Arbeit
869 588 15 29 ?

118 631 155 31 FRAU:
304 631 122 30 Wissen
448 631 50 30 Sie
518 630 81 31 denn
619 631 140 31 welche?

120 675 291 32 MÄDCHEN:
438 677 92 38 Nein,
551 676 57 30 das
625 677 93 39 nicht,
736 677 49 31 bei
804 687 61 21 uns
881 679 40 31 ist
938 679 102 31 nichts
1057 689 39 21 zu
1116 680 102 31 holen.
1259 681 51 31 Ich

159 722 114 31 arbeite
294 722 39 30 da
353 722 119 30 drüben
494 723 32 28 in
547 722 55 30 der
622 722 324 35 Schokoladenfabrik.

118 766 155 32 FRAU:
303 768 49 30 Da
371 767 71 31 sind
462 767 49 31 Sie
530 768 30 38 ja
579 770 58 35 gut
656 767 88 32 dran.

118 819 290 32 MÄDCHEN:
438 821 61 40 Na,
520 821 48 31 ich
588 822 82 30 weiß
692 822 93 30 nicht.
816 823 69 31 Wir
903 824 126 31 werden
1049 826 87 30 wohl
1159 826 57 31 alle
1237 827 73 31 bald

158 866 160 31 aufhören.
361 867 174 38 Deswegen
567 866 54 32 bin
653 868 50 30 ich
736 868 78 30 auch
846 870 56 30 mit
936 870 75 31 hier.
1054 871 67 32 Wir
1153 872 157 32 brauchen

157 912 98 39 einen,
277 911 55 32 der
350 912 48 31 bei
419 922 59 21 uns
499 911 51 32 die
570 912 97 32 Sache
689 914 113 39 richtig
822 917 32 29 in
875 915 95 40 Gang
991 916 114 40 bringt.

117 957 155 31 FRAU:
305 957 68 31 Ach
392 967 38 21 so

117 1001 274 32 MÄDCHEN
436 1004 234 40 (fortfahrend):
715 1005 101 32 Wenn
861 1007 51 30 die
955 1008 103 31 Firma
1103 1010 83 30 dann
1230 1013 80 29 etwa

156 1047 155 31 schließen
334 1049 75 39 will,
434 1058 37 22 so
496 1050 102 30 lassen
621 1052 61 30 wir
706 1061 58 21 uns
790 1052 55 31 das
870 1052 85 32 nicht
977 1054 140 38 gefallen.
1166 1056 144 31 Darüber

156 1093 70 30 sind
244 1095 59 29 wir
321 1103 58 21 uns
398 1094 99 32 schon
517 1096 57 31 alle
594 1097 93 38 einig.

116 1146 155 32 FRAU:
305 1147 51 31 Ich
380 1148 118 42 dächte,
534 1149 50 31 Sie
606 1151 127 30 müßten
758 1151 176 41 überhaupt
956 1153 71 32 froh
1052 1155 75 40 sein,
1163 1156 62 31 daß
1261 1157 48 31 Sie

157 1191 107 32 Arbeit
287 1193 110 32 haben.
440 1194 51 31 Ich
515 1195 83 31 weiß
620 1197 93 38 nicht,
738 1197 49 31 ich
809 1198 115 32 könnte
947 1199 56 31 das
1026 1201 85 31 nicht
1133 1202 88 31 mehr
1243 1204 49 29 mit-

155 1237 137 31 machen.
335 1239 51 30 Ich
407 1239 62 31 hab
492 1240 178 40 Erfahrung
692 1242 80 32 drin.

115 1281 289 34 MÄDCHEN:
439 1285 60 40 Na,
523 1286 48 31 bei
595 1296 61 22 uns
679 1287 122 33 dürften
825 1289 50 32 Sie
908 1291 96 31 damit
1037 1292 85 32 nicht
1154 1294 153 33 kommen.

155 1327 68 31 Wir
239 1329 113 31 wissen
371 1329 66 40 alle,
456 1341 69 21 was
541 1333 60 31 wir
619 1343 40 21 zu
678 1335 54 30 tun
752 1334 111 32 haben.

115 1380 155 32 FRAU:
299 1383 49 39 Ja,
367 1384 40 39 ja,
428 1387 62 29 erst
508 1386 132 32 wunder
659 1389 61 30 wie
741 1388 81 32 oben
844 1399 83 31 raus,
948 1392 66 30 und
1035 1392 82 32 dann
1139 1393 101 32 Sassen
1263 1396 44 29 sie

155 1426 85 31 einen
261 1427 106 32 sitzen.

114 1470 290 35 MÄDCHEN:
431 1476 124 32 Wissen
575 1478 58 40 Sie,
656 1479 49 31 die
724 1480 57 31 das
799 1490 107 32 sagen,
926 1482 49 31 die
995 1485 108 30 trauen
1121 1485 66 30 sich
1207 1486 98 31 schon

153 1526 62 21 von
237 1517 126 41 Anfang
386 1530 39 21 an
448 1522 102 31 nichts
572 1533 50 22 zu.
668 1525 43 31 So
745 1527 107 31 kämen
887 1529 60 30 wir
980 1529 85 31 nicht
1098 1532 114 30 weiter.
1256 1533 49 30 Da

153 1563 126 30 müßten
298 1564 48 31 Sie
365 1570 61 29 erst
444 1568 61 30 mal
525 1569 59 31 den
605 1570 136 32 Schaller
758 1573 94 31 reden
872 1574 108 32 hören.

113 1607 155 32 FRAU:
295 1609 84 41 Was,
400 1612 58 31 den
479 1613 158 33 Schaller?

114 1660 288 35 MÄDCHEN:
436 1666 39 37 Ja
498 1669 115 38 gewiß,
637 1670 48 30 ich
710 1672 115 37 glaube
849 1673 40 39 ja,
915 1674 77 31 Paul
1016 1675 87 31 rufen
1127 1679 45 29 sie
1195 1677 54 31 ihn
1273 1679 30 38 ja

151 1707 115 31 immer.
306 1708 127 34 Kennen
453 1712 48 31 Sie
519 1713 53 32 ihn
593 1714 82 31 denn
694 1717 103 30 auch?

112 1753 138 32 FRAU
281 1755 122 42 (lacht):
433 1760 108 31 Leider
558 1762 40 37 ja.
640 1763 43 31 Er
699 1765 41 30 ist
760 1765 134 32 nämlich
912 1769 81 30 mein
1014 1769 108 32 Mann.
1164 1771 73 30 Und
1258 1772 43 30 sie

151 1799 99 31 haben
271 1801 54 31 ihn
346 1808 179 35 vorgestern
548 1807 199 39 eingesperrt.

111 1850 273 33 MÄDCHEN
415 1855 192 39 (betroffen):
637 1856 113 31 Davon
768 1859 115 30 wissen
901 1862 61 29 wir
981 1863 30 38 ja
1029 1872 59 29 gar
1106 1863 109 31 nichts.
1256 1864 42 32 Im

147 1896 81 31 Blatt
249 1896 53 32 hat
323 1898 81 33 doch
427 1900 77 30 auch
525 1901 101 32 nichts
647 1903 180 37 gestanden.
872 1905 62 39 (Sie
955 1908 80 31 sieht
1058 1908 48 32 die
1127 1910 82 30 Frau
1235 1913 63 36 an.)

110 1950 139 31 FRAU
283 1952 93 38 (lacht
396 1952 184 42 höhnisch):
613 1955 80 32 Sehn
715 1956 57 32 Sie.
817 1959 65 30 Das
903 1960 40 30 ist
965 1961 76 31 eben
1065 1962 48 31 die
1133 1962 163 33 Kamerad«

149 1997 99 30 schaft
271 1997 75 31 oder
369 1998 186 43 Solidarität,
581 2002 57 30 wie
659 2002 49 30 ihr
730 2002 56 32 das
809 2006 102 30 nennt.
955 2006 51 31 Ich
1029 2008 75 30 muß
1128 2009 83 31 mich
1234 2010 66 32 hier

150 2043 176 32 rumstellen
349 2044 65 31 und
438 2044 123 42 betteln,
585 2047 95 32 damit
701 2051 189 38 wenigstens
914 2051 49 31 die
986 2052 118 32 Kinder
1128 2055 85 32 nicht
1236 2066 62 22 ver«

150 2087 142 39 hungern
318 2113 7 7 .
348 2114 8 7 .
379 2114 7 7 .
421 2090 75 32 Und
521 2093 51 30 auf
598 2094 48 30 die
671 2094 108 32 Straße
803 2096 103 32 werde
939 2098 49 30 ich
1023 2100 79 29 auch
1138 2103 160 37 geworfen

148 2133 136 33 werden.
