1549 2540
300 2245 61 30 228

486 233 203 37 NOTIZEN
722 232 98 36 UND
848 226 421 42 BESPRECHUNGEN

286 292 324 30 SCHWARZ-WEISS-ROTE
629 289 224 27 ERINNERUNGEN

1091 917 129 34 Julian
1256 917 190 31 Gumperz

357 335 59 24 „Aus
437 334 68 19 diesen
525 331 97 21 Grinden
641 331 36 18 hat
696 334 43 18 vor,
760 327 94 20 während

308 360 40 20 und
375 359 50 20 nach
451 359 45 18 dem
521 356 74 20 Putsch
621 355 43 19 sich
689 354 45 19 kein
769 355 75 21 einiger-

308 385 70 19 maßen
402 383 95 25 politisch
521 380 132 24 denkt.ihiger
678 379 84 19 Mensch
785 378 58 18 beson-

307 416 45 17 nen,
375 409 37 19 das
433 405 233 25 Unterfangen-»Kapps
688 403 31 20 als
741 402 113 24 gefährlich

308 435 40 19 und
382 432 124 21 verderblich
541 428 124 21 abziüehnen
679 442 66 5 ....
794 426 61 19 Diese

308 459 120 23 Ablehnung
444 457 80 19 hindert
541 461 38 13 uns
595 454 75 19 ehrlich
696 453 90 19 national
802 456 39 17 emp-

308 484 108 19 findenden
440 480 113 21 Deutschen
579 479 61 23 nicht,
665 477 56 19 offen
744 482 37 14 vor
805 475 51 19 aller

307 508 52 20 Welt
378 506 158 23 anzuerkennen,
555 504 40 19 daß
613 503 33 19 die
664 501 107 20 Mehrzahl
790 502 64 20 derer,

308 534 33 19 die
366 538 26 14 an
417 532 34 19 der
476 529 147 23 Vorbereitung
656 527 40 19 und
721 525 134 23 Ausführung

308 559 34 19 des
367 556 158 20 Unternehmens
556 553 91 23 beteiligt
679 555 90 21 gewesen
801 549 53 22 sind,

308 583 40 19 und
365 582 65 23 derer,
446 581 32 19 die
494 579 51 20 nach
560 577 121 21 vollendeter
697 574 98 21 Tatsache
812 574 44 18 ihre

310 607 56 20 Hilfe
389 612 36 13 zur
448 604 119 24 Verfügung
591 602 86 23 stellten,
701 605 34 14 um
757 599 98 19 schweres

311 632 74 19 Unheil
412 636 25 13 zu
463 629 103 23 verhüten,
593 632 37 14 aus
658 626 64 19 einem
748 623 108 20 reinen

309 656 97 23 edlen,
461 659 55 14 von
569 647 287 24 Vaterlandsliebe

308 680 160 21 erfüllten
485 679 120 19 Herzen
621 674 106 26 gehandelt
743 673 64 19 haben
818 673 3 28 .
834 673 4 28 .
851 673 3 28 .

309 707 44 19 Wie
378 705 50 19 ohne
451 703 69 20 Fichte
543 701 40 20 und
607 699 174 22 Schleiermacher,
806 696 50 19 ohne

311 731 79 21 Körner
409 729 40 19 und
469 727 65 20 Arndt
552 727 33 19 ein
606 725 52 20 1813
678 729 25 14 zu
721 724 64 19 einem
803 720 41 20 Miß-

310 755 79 24 erfolge
409 755 54 18 hätte
484 752 78 19 werden
584 750 84 23 können,
691 754 23 13 so
735 747 52 19 wird
807 747 51 17 auch

311 781 21 19 in
352 779 88 20 Zukunft
461 778 32 19 ein
517 775 125 24 Rückschlag
662 772 89 25 möglich
772 771 85 23 bleiben,

311 805 37 19 wie
366 804 36 19 wir
420 803 34 19 ihn
472 802 57 19 heute
547 806 36 13 vor
602 799 64 19 einem
685 797 61 24 Jahre
763 796 94 22 erlebten,

312 835 55 13 wenn
392 828 37 19 wir
453 827 54 19 nicht
531 824 118 23 rechtzeitig
673 823 37 18 den
736 821 67 19 Boden
827 822 21 17 be-

313 854 61 20 reiten
422 853 59 19 Das
509 851 29 19 sei
564 854 71 14 unsere
663 847 63 20 Lehre
752 851 36 14 aus
815 846 45 17 dem

313 880 31 18 13,
365 878 60 19 März
444 876 52 20 1920
511 874 4 31 .
532 874 4 31 .
552 874 22 20 .“
798 893 48 12 inol

394 901 99 20 Deutsche
508 900 87 22 Zeitung
610 903 45 14 vom
672 897 31 18 13.
721 896 60 18 Marz
798 896 60 16 1921.

336 933 42 26 Sk
400 931 61 27 sind
483 938 48 19 zur
553 930 119 25 Einsicht
693 929 165 33 gekommen;

287 971 66 25 auch
393 969 27 26 in
458 968 179 26 Deutschland
675 967 97 32 genügt
810 965 47 25 das

287 1007 133 31 „Schwert
449 1013 33 18 an
509 1004 100 26 meiner
637 1003 113 26 Linken“
780 1002 76 25 allein

287 1045 82 31 nicht;
388 1053 28 17 es
432 1043 62 26 muß
512 1042 66 26 auch
594 1042 134 31 besungen
744 1040 114 25 werden.

290 1081 63 27 Eine
372 1082 81 25 Front
472 1087 84 26 genau
576 1077 211 35 ausgerichteter,
806 1075 54 27 und

290 1121 136 24 strammer
449 1116 171 34 preußischer
644 1114 155 26 Uniformen
821 1121 26 17 er-

290 1157 67 25 freut
385 1155 74 33 jeden
487 1154 98 26 ehrlich
614 1152 116 26 national
757 1150 90 33 empfin-

291 1194 101 25 denden
407 1192 160 30 Deutschen;
582 1198 45 17 um
643 1190 63 25 aber
721 1188 42 26 die
778 1187 85 34 große

291 1231 92 25 Masse
407 1238 32 17 zu
465 1229 173 31 überzeugen,
665 1227 68 25 dazu
756 1227 106 24 müssen

292 1268 43 25 die
353 1267 108 26 Dichter
480 1266 54 25 und
552 1265 43 25 die
613 1263 188 32 Philosophen,
821 1261 42 26 die

293 1303 177 34 Journalisten
492 1303 53 25 und
567 1302 43 25 die
631 1301 168 32 Pädagogen,
821 1298 42 26 die

294 1342 99 26 Pfaffen
418 1340 71 26 nicht
515 1348 33 17 zu
573 1345 148 26 vergessen,
748 1345 50 17 vor
822 1336 43 25 die

292 1379 94 25 Front.
421 1378 56 24 Der
495 1376 40 26 13.
551 1377 76 24 März
642 1375 65 25 1920
723 1380 60 19 war
801 1373 62 24 eine

293 1415 184 31 Frühgeburt.
496 1413 76 25 Doch
580 1411 189 26 Deutschland
776 1410 37 25 ist
819 1409 44 25 ein

294 1453 163 26 fruchtbares
486 1450 80 31 Land,
594 1449 71 25 nicht
691 1448 52 26 wie
769 1446 80 27 Frank-

294 1489 72 27 reich
396 1486 245 35 zeugungsunfähig
672 1486 54 24 und
759 1485 91 32 degene-

295 1527 71 25 riert.
419 1525 62 26 Und
520 1524 77 32 Kapp
606 1538 10 5 -
625 1522 141 33 Säuglinge
806 1520 59 26 sind

295 1564 92 25 immer
420 1562 68 26 noch
520 1561 27 25 in
580 1560 97 26 diesem
701 1559 87 25 Lande
819 1558 47 25 der

295 1599 163 29 Kinderhilfe
480 1597 111 33 kräftige
614 1597 53 25 und
689 1594 177 33 lebensfähige

294 1639 102 26 Wesen.
424 1637 78 31 „Was
521 1636 78 31 Kapp
616 1633 106 34 gewollt
740 1633 51 29 hat,
808 1639 57 18 war

296 1676 112 24 erhaben
427 1674 53 25 und
498 1673 64 29 rein,
581 1671 54 26 und
651 1670 122 26 niemand
791 1670 75 25 unter

294 1720 50 18 uns
368 1711 70 25 wird
462 1711 119 31 leugnen,
614 1708 52 26 daß
701 1707 71 26 seine
795 1705 71 26 Ziele

296 1750 66 25 auch
379 1749 42 26 dk
437 1747 125 33 unsrigen
578 1746 83 26 sind.“
676 1745 104 33 (Dtsch.
795 1743 70 33 Ztg.)

294 1787 51 25 Die
370 1784 190 34 Kapp-Kinder
583 1783 110 25 rühmen
718 1782 42 25 die
786 1782 79 24 Taten

296 1825 45 25 des
375 1823 100 25 Vaters.
518 1822 35 25 So
588 1819 82 27 feiern
705 1819 37 26 sie
777 1818 88 26 seinen

297 1862 168 30 Namenstag,

345 1900 43 26 Sk
408 1900 83 24 kauen
512 1898 71 25 nicht
604 1905 50 18 nur
675 1905 33 17 an
730 1897 57 24 dem
809 1895 57 25 Heu

296 1938 47 25 der
360 1934 218 35 Vergangenheit.
613 1934 41 25 Sie
681 1934 100 25 fressen
802 1933 63 24 auch

297 1983 47 18 aus
364 1975 47 24 der
430 1973 101 31 Krippe
550 1973 46 24 der
616 1971 166 33 Gegenwart.
816 1970 51 24 Die

296 2011 143 33 aufgelöste
465 2007 324 33 Nationalversammlung,
825 2006 42 26 die

300 2047 255 34 Reichstagswahlen
593 2053 61 18 vom
684 2046 23 24 6.
728 2044 69 32 Juni,
827 2044 41 25 die

300 2085 148 33 Regierung
467 2085 46 25 der
531 2084 87 25 Herrn
635 2082 181 26 Fehrenbach;
835 2081 33 25 ist

299 2124 48 25 das
378 2121 102 26 nichts?
517 2121 56 26 Der
601 2119 179 32 „Mißerfolg“
808 2125 60 19 vom

302 2161 38 24 13.
364 2159 78 25 März
467 2159 62 25 1920
552 2158 85 25 warnt
661 2164 40 18 am
727 2156 39 28 13.
791 2156 77 24 März

302 2197 59 25 1921
389 2203 61 18 nur:
473 2196 47 24 das
543 2195 33 25 ist
599 2194 70 24 nicht
694 2193 70 25 alles.
804 2192 64 25 Man

897 287 44 26 hat
959 286 71 26 nicht
1048 286 119 24 umsonst
1187 284 35 25 im
1241 282 111 26 Großen
1370 280 99 33 Kriege

897 325 100 25 warten
1027 323 99 32 gelernt
1159 320 54 26 und
1246 320 71 25 nicht
1349 320 119 24 umsonst

898 361 56 26 sich
973 360 54 26 und
1046 359 113 26 anderen
1178 358 42 25 die
1238 355 158 28 Erkenntnis
1416 362 52 18 von

898 399 47 25 der
964 397 64 31 Zeit,
1048 396 42 26 die
1108 396 43 25 für
1171 403 49 17 uns
1241 393 116 30 arbeitet,
1375 399 79 26 vorge-

898 435 78 30 führt,
1020 434 43 26 Sie
1089 434 99 25 warten
1217 432 66 26 auch
1311 431 76 25 heute
1415 429 54 26 und

898 473 86 25 lassen
1006 472 66 26 auch
1093 470 76 26 heute
1244 468 52 26 wie
1317 467 98 26 damals

899 510 42 25 die
961 508 57 26 Zeit
1038 510 42 24 für
1100 507 56 27 sich
1185 505 124 27 arbeiten.
1346 504 46 26 Bis
1422 511 47 18 zur

898 547 102 33 großen
1016 545 141 27 Offensive.
1192 544 61 25 Und
1270 542 44 26 bis
1331 549 59 18 zum
1408 548 46 25 gro-

899 585 50 24 ßen
969 581 253 28 Zusammenbruch:
1242 588 33 18 an
1295 580 83 25 einem
1397 578 54 26 kom-

902 621 109 26 menden
1034 621 38 25 13.
1095 620 86 27 März.

945 659 45 25 Bis
1010 667 33 17 zu
1063 658 58 25 dem
1140 657 79 31 Tage,
1238 656 34 24 da
1290 654 83 26 einem
1392 659 83 19 neuen

901 698 77 31 Kapp
999 696 69 25 nicht
1088 694 41 26 ein
1150 694 96 32 Legien
1265 693 53 25 und
1338 691 71 26 nicht
1429 690 41 25 ein

901 733 122 33 Crispien
1052 733 65 25 oder
1147 731 138 26 Ledebour
1313 727 143 35 gegenüber-

908 772 88 25 stehen
1019 769 77 30 wird,
1119 768 115 27 sondern
1255 767 43 25 die
1320 766 91 26 Masse
1432 765 46 25 der

908 808 140 26 deutschen
1068 806 129 31 Arbeiter,
1216 805 42 25 die
1275 804 47 25 mit
1340 804 77 31 Kapp
1436 809 28 18 zu-

907 846 85 33 gleich
1020 844 43 26 die
1098 851 84 25 ganze
1215 841 167 33 bürgerliche
1408 839 52 26 Ord-

908 891 72 24 nung
1002 880 221 27 niederzuwerfen
1247 879 102 26 willens
1373 877 66 26 sind.

1024 962 149 27 FAHNEN
1198 961 154 27 HERAUS!

938 1002 50 25 Am
1008 1002 40 28 21.
1068 1000 78 25 März
1166 999 39 26 las
1223 1006 61 17 man
1303 998 27 25 in
1349 997 50 25 den
1417 995 43 26 Zei-

905 1041 108 30 tungen:
1035 1037 93 31 „Dank
1148 1037 46 24 des
1215 1034 261 33 Reichspräsidenten

906 1084 33 17 an
977 1075 111 25 Fürsten
1129 1081 53 18 von
1220 1072 144 30 Hatzfeld“,
1405 1070 70 33 „Das

907 1112 178 26 Ministerium
1110 1111 45 25 des
1181 1110 94 25 Innern
1301 1108 56 33 gibt
1381 1107 96 30 Befehl,

906 1149 134 27 sämtliche
1060 1147 212 33 Dienstgebäude
1293 1154 33 17 zu
1348 1145 128 32 flaggen“,

907 1187 66 31 „Die
1004 1187 148 31 Regierung
1190 1184 72 33 plant
1300 1183 74 26 einen
1404 1182 61 26 feier-

907 1225 84 25 lichen
1009 1224 122 31 Umzug“
1148 1230 25 18 u.
1193 1230 22 20 s.
1232 1222 16 25 f.

939 1263 56 24 Das
1018 1263 72 23 wäre
1112 1259 71 25 nicht
1203 1258 92 26 weiter
1315 1256 147 26 bemerkens-

907 1300 74 29 wert,
997 1305 77 19 wenn
1089 1297 79 25 Fürst
1185 1295 127 31 Hatzfeld,
1331 1302 80 24 sagen
1427 1292 52 27 wir

908 1336 74 25 einen
1009 1333 295 32 Kommunistenputsch
1340 1331 139 26 inszeniert

908 1374 54 25 und
992 1373 47 25 mit
1072 1371 99 26 starker
1202 1370 79 25 Hand
1311 1368 168 26 unterdrückt

908 1411 77 30 hätte,
1001 1417 76 18 wenn
1093 1409 71 25 Herr
1178 1415 52 18 von
1248 1407 75 27 Kahr
1338 1406 35 25 im
1392 1405 87 25 Adlon

909 1447 165 33 abgestiegen
1093 1446 66 25 oder
1175 1453 49 24 gar
1241 1444 43 25 die
1299 1442 180 34 leidgebeugte

910 1484 122 28 Kaiserin
1056 1484 83 25 durch
1164 1482 56 25 eine
1242 1480 237 33 Verjüngungskur

909 1521 99 26 wieder
1032 1517 283 35 fortpflanzungsfähig
1338 1516 142 34 geworden

916 1559 85 24 wäre.
1019 1557 43 25 All
1071 1557 62 24 dem
1142 1562 59 19 war
1209 1556 133 24 indessen
1352 1554 77 26 nicht
1440 1561 42 17 so.

910 1594 132 26 Vielmehr
1080 1594 44 24 hat
1166 1593 42 25 die
1239 1591 86 27 Hälfte
1356 1591 46 26 der
1433 1591 32 25 Be-

910 1632 111 26 wohner
1056 1630 72 26 einer
1165 1630 47 25 seit
1242 1637 38 23 ca.
1308 1630 47 25 150
1384 1628 97 33 Jahren

910 1668 206 34 „preußischen“
1159 1667 114 26 Provinz
1315 1667 82 25 durch
1439 1665 41 26 die

913 1705 185 33 Abstimmung
1131 1705 129 25 bekundet
1357 1704 51 25 daß
1443 1702 39 27 sie

910 1744 101 31 künftig
1029 1743 43 26 auf
1092 1742 47 26 das
1157 1742 157 32 Vergnügen
1333 1740 147 30 verzichtet,

911 1781 106 25 deutsch
1037 1788 33 17 zu
1093 1779 63 26 sein.

945 1819 35 25 Es
1008 1817 57 34 gibt
1093 1817 74 25 keine
1194 1815 121 33 Begriffe,
1353 1815 42 25 die
1432 1815 47 26 das

913 1857 64 24 Maß
1020 1862 53 19 von
1126 1851 261 28 Geistverlassenheit
1429 1852 53 25 und

911 1892 154 33 politischer
1124 1890 358 33 Verantwortungslosigkeit

911 1929 191 26 kennzeichnen
1129 1929 121 30 könnten,
1277 1927 47 25 das
1353 1926 114 26 erforder-

913 1967 50 25 lich
985 1967 42 29 ist,
1049 1966 80 26 damit
1151 1973 60 18 man
1233 1964 42 25 die
1296 1964 43 25 für
1360 1964 121 25 deutsche

914 2004 133 25 Patrioten
1095 2003 131 33 geradezu
1283 1999 199 28 vernichtenden

914 2038 351 34 Abstimmungsergebnisse
1322 2037 27 27 in
1396 2038 68 26 Ober-

914 2078 127 26 schlesien
1066 2079 38 25 als
1130 2076 92 33 „Sieg“
1247 2074 156 27 bezeichnen
1429 2074 53 27 und

914 2115 80 26 feiern
1014 2116 76 24 kann.

945 2152 57 25 Den
1038 2151 140 26 deutschen
1213 2149 199 27 Kommunisten
1448 2150 33 25 ist

915 2191 46 24 das
982 2190 85 25 weiße
1088 2188 80 25 Polen
1190 2194 31 17 so
1241 2187 51 26 lieb
1314 2187 50 25 wie
1385 2186 97 26 Noske.
