1580 2540
1240 2208 56 34 223

117 247 275 35 OFFIZIER:
421 245 78 39 Aha,
518 244 59 30 den
595 244 117 31 kennen
731 245 60 29 wir
807 244 108 30 schon.
955 244 136 38 Bringen
1110 243 50 31 Sie
1177 244 52 29 ihn
1249 251 59 22 nur

159 294 189 31 inzwischen
372 299 125 23 voraus.
544 290 65 31 Der
634 289 111 31 andere
770 290 80 30 hafs
873 289 87 31 wohl
985 289 85 32 nicht
1096 289 87 31 mehr
1209 290 99 37 nötig,

155 339 90 32 was?

118 388 202 33 ERSTER
356 385 122 32 SIPO
520 384 94 39 (noch
642 385 95 31 außer
763 384 117 40 Atem):
920 385 89 39 Nein,
1038 384 79 30 Herr
1147 384 159 30 Leutnant,

155 434 74 31 War
250 434 66 29 eine
337 431 138 31 schwere
496 430 163 30 Situation.

115 480 274 33 OFFIZIER:
423 479 48 38 Ja,
495 478 49 30 ich
569 478 96 30 kenne
690 478 65 30 das.
792 478 92 31 Freut
908 478 89 30 mich.
1033 478 187 39 Belohnung
1244 478 62 30 soll

155 527 83 31 nicht
264 524 187 32 ausbleiben.

428 585 78 31 Die
541 585 138 30 Szene
713 585 278 30 verdunkelt.

115 650 98 38 (Vorn
237 650 30 29 in
288 647 57 30 der
367 646 90 31 Mitte
478 645 95 32 bleibt
595 647 49 30 ein
666 645 180 40 mattheller,
870 645 304 40 halbkreisförmiger
1197 647 106 31 Raum.

502 692 48 30 Da
571 692 104 30 hinein
697 692 64 32 tritt
783 691 130 39 Paul.)

115 760 139 31 PAUL
282 758 131 40 (spricht
441 767 70 21 zum
538 758 177 38 Publikum)
725 767 6 21 :
769 757 163 31 Genossen
971 758 65 30 und
1071 757 234 31 Genossinnen!

156 806 76 30 Man
257 804 133 38 verfolgt
416 812 68 30 uns,
511 803 70 30 weil
607 805 60 29 wir
694 803 49 31 die
767 803 208 39 Werktätigen
1004 804 74 31 aller
1104 804 121 31 Länder
1249 814 57 20 zur

154 851 108 32 Klasse
302 849 115 40 bilden,
460 849 94 31 ihnen
596 851 49 29 ins
686 849 199 31 Bewußtsein
929 850 97 38 rufen,
1069 850 62 30 daß
1172 852 44 28 sie
1259 851 45 29 als

152 896 186 38 Werktätige
376 897 208 37 gemeinsame
624 895 180 39 Interessen,
845 897 206 36 gemeinsame
1091 896 121 38 Leiden,
1253 906 34 28 ge-

155 944 166 29 meinsame
365 941 165 38 Aufgaben
578 941 65 31 und
690 941 148 31 Pflichten
889 941 111 32 haben.
1045 941 68 32 Wir
1159 942 146 38 glauben,

155 987 64 31 und
264 987 56 31 das
365 989 40 29 ist
450 996 110 21 unsere
606 986 349 40 Unüberwindlichkeit,
1003 988 61 30 daß
1112 989 60 29 wir
1220 988 85 30 nicht

154 1033 162 31 Millionen
341 1033 272 30 Einzelmenschen
636 1033 54 31 mit
713 1032 293 32 Sonderwünschen
1030 1033 64 30 und
1120 1033 167 31 Sonderver-

153 1079 216 38 zWeiflungen,
393 1078 136 31 sondern
553 1079 66 30 eine
647 1080 119 37 einzige
790 1079 164 38 lebendige
978 1080 186 38 organische
1190 1080 115 37 Masse,

152 1125 65 30 eine
236 1124 230 31 Gemeinschaft
485 1124 81 39 sind,
587 1124 54 31 der
659 1125 181 38 werktätige
859 1125 66 30 und
944 1124 109 32 darum
1075 1125 90 31 allein
1186 1125 101 30 lebens-

151 1170 102 39 fähige
271 1170 65 30 und
354 1169 293 40 lebensberechtigte
669 1170 65 30 Teil
753 1170 55 31 der
827 1170 194 32 Menschheit
1040 1171 80 31 sind.
1163 1171 140 31 Obwohl

152 1216 51 30 auf
228 1225 58 21 uns
311 1215 56 31 das
391 1215 207 31 menschliche
623 1216 101 30 Leben
749 1216 65 31 und
838 1217 77 30 auch
942 1218 84 29 seine
1051 1218 81 29 noch
1158 1217 145 39 zufällige

151 1261 226 39 Organisation
400 1261 56 31 der
478 1261 84 32 Staat
583 1262 81 38 ruht,
687 1262 137 31 besitzen
847 1264 57 29 wir
929 1262 82 31 doch
1034 1263 84 30 nicht
1142 1263 49 30 die
1212 1266 73 28 staat-

152 1307 77 30 liche
252 1307 115 31 Macht.
412 1308 64 30 Der
497 1307 84 31 Staat
602 1308 154 38 bekämpft
778 1317 58 21 uns
859 1308 65 31 und
945 1308 66 31 will
1033 1317 60 22 uns
1117 1309 184 38 vernichten,

150 1352 71 30 weil
245 1362 31 22 er
300 1353 76 30 eben
401 1353 84 30 keine
508 1353 230 32 Gemeinschaft
761 1355 48 29 ist.
856 1354 59 31 Die
939 1354 163 31 Millionen
1129 1355 155 39 Einzelper-

151 1406 108 32 sonen,
275 1399 50 29 die
337 1399 91 30 heute
441 1399 82 30 noch
539 1399 119 38 Träger
675 1399 99 31 dieser
787 1400 179 30 staatlichen
983 1400 106 30 Macht
1104 1401 81 38 sind,
1201 1401 98 31 haben

151 1442 49 32 die
224 1444 286 39 tausendfältigsten
536 1445 170 31 Interessen
732 1446 239 31 untereinander
998 1446 65 30 und
1091 1446 80 31 doch
1199 1447 102 31 halten

151 1489 44 30 sie
218 1489 65 31 sich
308 1498 179 23 zusammen
511 1490 99 32 durch
636 1491 57 31 das
717 1493 76 37 eine,
819 1491 56 31 das
901 1493 43 29 sie
969 1492 169 39 verbindet,
1165 1493 57 30 den
1249 1493 35 29 Be-

149 1535 68 38 sitz,
238 1534 56 32 das
311 1535 132 39 Kapital,
462 1536 57 31 das
537 1536 174 39 Eigentum.
751 1537 100 31 Besitz
870 1537 54 30 hat
942 1538 74 30 aber
1035 1539 31 29 in
1085 1538 86 31 ihren
1190 1538 111 38 Augen

148 1588 61 22 nur
229 1580 95 40 Wert,
347 1590 93 22 wenn
463 1591 33 22 er
518 1583 65 30 sich
608 1582 115 31 abhebt
744 1592 73 21 vom
842 1583 128 39 andern,
993 1593 92 21 wenn
1110 1583 56 31 der
1188 1584 113 30 andere

148 1626 151 31 nichts
318 1627 118 31 besitzt.
476 1628 176 39 Deswegen
669 1630 125 29 müssen
814 1630 60 29 wir
891 1639 65 20 arm
976 1630 66 30 und
1059 1630 148 30 besitzlos
1224 1632 75 36 sein,

150 1670 164 40 deswegen
331 1674 125 29 müssen
474 1675 60 28 wir
553 1674 144 31 arbeiten.
738 1674 90 31 Denn
846 1683 65 22 wer
930 1675 90 30 heute
1037 1676 31 29 in
1088 1675 211 30 Deutschland

149 1716 136 39 arbeitet,
312 1717 55 31 der
391 1717 111 31 besitzt
525 1718 110 30 nichts.
682 1719 64 31 Der
770 1720 96 29 muß
893 1720 145 39 arbeiten,
1066 1730 50 21 um
1144 1721 87 30 Lohn
1258 1730 40 20 zu

149 1761 180 31 bekommen
350 1763 66 30 und
435 1772 39 21 zu
494 1762 96 30 leben.
634 1763 42 30 So
696 1764 72 30 sind
786 1766 59 29 wir
866 1765 49 30 die
935 1766 110 31 Klasse
1065 1766 54 31 der
1140 1766 141 30 Arbeiten-

150 1806 67 30 den.
266 1806 68 31 Wir
360 1808 99 38 gehen
487 1807 171 39 zugrunde,
688 1810 84 31 nicht
800 1809 58 30 alle
886 1811 45 29 als
960 1811 237 38 Gemeinschaft,
1226 1821 53 21 son-

149 1851 74 30 dern
247 1851 85 37 jeder
356 1853 136 30 einzelne
516 1853 32 29 in
577 1852 98 32 dieser
702 1853 237 41 Gemeinschaft,
977 1865 89 22 wenn
1104 1867 108 20 unsere
1238 1858 39 30 Ge-

149 1895 180 32 meinschaft
345 1898 84 30 nicht
447 1897 144 39 lebendig
608 1898 90 39 wird,
717 1908 37 21 so
775 1898 144 40 lebendig
936 1902 90 38 wird,
1047 1902 61 29 daß
1127 1904 44 28 sie
1190 1903 108 30 Macht

149 1941 52 31 hat
220 1942 178 38 gegenüber
418 1942 109 41 denen,
549 1943 48 32 die
619 1953 37 21 an
678 1943 59 32 den
758 1944 102 31 Besitz
880 1945 146 40 glauben,
1049 1947 64 30 und
1136 1948 89 31 dafür
1248 1950 50 30 bis

148 1996 57 21 zur
231 1988 211 39 Vernichtung
467 1988 151 40 kämpfen.
666 1991 91 30 Denn
784 1991 112 38 gerade
925 1991 49 31 die
1002 1993 205 32 menschliche
1238 1995 40 30 Ge-

148 2033 179 31 meinschaft
351 2034 65 30 und
439 2034 59 31 wir
523 2035 47 31 als
593 2035 150 39 Arbeiter,
768 2037 81 30 wir
874 2037 165 31 wollen
1066 2039 230 41 arbeiten,

149 2077 80 32 denn
250 2079 50 31 die
319 2079 177 39 werktätige
516 2080 118 41 Arbeit,
656 2082 48 30 die
723 2081 69 32 füllt
814 2092 59 22 uns
894 2092 66 30 aus,
984 2083 49 31 die
1052 2086 103 30 macht
1176 2096 59 21 uns
1256 2098 40 19 zu

148 2123 190 39 glücklichen
366 2125 177 41 Menschen,
570 2129 44 29 sie
640 2129 39 30 ist
704 2128 60 30 wie
793 2128 56 32 das
875 2129 161 39 lebendige
1063 2131 112 40 Leben,
1204 2143 91 20 wenn
