2712 3906
1358 3630 123 87 270

283 3657 58 34 LA
379 3647 129 45 CITÉ.

2218 3657 140 36 AVRIL
2408 3647 114 44 1923

360 333 134 55 qu'ils
526 352 58 27 ne
617 348 106 32 sont
754 350 85 36 pas
872 334 121 52 pires
1026 350 91 36 que
1150 331 43 45 la
1225 331 189 55 plupart
1449 333 83 43 des
1565 332 194 53 galeries
1793 333 334 53 spécialement
2160 336 275 42 construites

357 425 121 38 pour
505 407 65 46 les
595 410 247 50 peintures.

497 482 141 43 Leurs
676 481 147 51 salles,
867 481 60 44 de
966 481 285 45 dimensions
1288 497 270 37 moyennes,
1599 495 107 32 sont
1744 481 243 53 agréables
2025 487 28 40 à
2089 486 104 41 voir
2232 495 45 32 et
2316 500 118 27 nous

358 574 205 27 sommes
596 566 179 34 surtout
807 554 148 54 pleins
989 555 328 53 d'indulgence
1349 574 58 26 en
1440 567 230 42 songeant
1701 555 192 53 qu'elles
1924 557 223 45 n'étaient
2178 575 85 36 pas
2298 557 115 45 desti-

359 634 110 41 nées
494 634 27 40 à
548 630 96 44 leur
668 629 249 45 utilisation
944 629 211 46 actuelle.

497 705 76 43 On
600 708 99 40 voit
727 722 127 26 assez
880 705 108 43 bien
1017 706 43 42 la
1090 707 215 52 majorité
1336 705 83 44 des
1446 704 133 45 toiles
1609 705 117 44 dans
1753 722 91 26 une
1872 707 107 43 vive
2007 705 192 47 lumière
2227 707 203 45 latérale.

360 780 87 43 Les
477 797 183 26 œuvres
692 783 263 40 maîtresses
989 797 82 31 ont
1103 783 72 40 été
1205 781 96 43 fort
1333 778 288 48 habilement
1652 779 185 53 placées
1867 798 59 26 au
1957 781 123 44 bord
2116 781 81 45 des
2233 782 201 45 fenêtres

360 865 46 33 et
432 858 213 39 montées
672 871 75 26 sur
773 853 261 45 charnières
1062 854 59 44 de
1150 855 139 52 façon
1316 858 27 40 à
1369 857 98 41 être
1491 870 115 28 vues
1631 871 108 27 sous
1768 863 103 35 tous
1899 854 65 45 les
1992 855 172 53 angles.

496 929 66 42 Ce
598 929 230 52 dispositif
864 929 221 43 améliore
1119 929 329 45 sensiblement
1482 929 262 53 l'éclairage
1779 929 110 44 d'un
1926 929 199 46 tableau.
2165 931 103 44 Une
2305 935 102 49 pein-

362 1015 98 34 ture
487 1003 195 46 inclinée
708 1007 28 40 à
767 1003 80 44 30°
877 1004 62 44 du
967 1022 102 26 mur
1095 1006 156 50 reçoit,
1283 1022 56 25 en
1371 1004 128 49 effet,
1532 1003 124 45 deux
1682 1006 107 42 tiers
1819 1004 58 44 de
1906 1004 103 53 plus
2038 1004 58 45 de
2125 1005 191 44 lumière
2345 1023 89 36 que

358 1081 35 41 si
426 1077 86 45 elle
542 1090 68 32 est
638 1081 147 50 posée
814 1081 27 40 à
871 1077 111 54 plat.

496 1152 76 44 On
601 1152 110 47 s'est
739 1156 155 40 même
920 1156 169 50 inspiré
1118 1154 60 42 de
1205 1166 73 31 cet
1306 1153 252 52 expédient
1589 1154 116 43 dans
1733 1156 225 41 certaines
1986 1154 135 45 salles
2150 1158 28 40 à
2208 1154 227 53 éclairage

360 1227 161 44 latéral
551 1244 56 28 en
638 1228 214 45 donnant
878 1245 90 27 une
998 1229 152 51 légère
1179 1228 271 43 inclinaison
1479 1246 91 26 aux
1598 1246 124 26 murs
1752 1229 61 45 de
1840 1230 118 42 côté.
1993 1227 88 45 Les
2110 1229 219 44 tableaux
2359 1231 76 51 qui

359 1319 32 35 y
422 1314 107 31 sont
562 1302 248 43 accrochés
841 1316 107 32 sont
981 1304 157 42 mieux
1170 1301 190 45 éclairés
1395 1320 89 36 que
1520 1306 36 40 si
1588 1302 66 43 les
1690 1317 126 30 murs!
1851 1305 171 42 étaient
2057 1307 29 40 à
2120 1303 137 53 angle
2294 1303 135 51 droit,

360 1378 116 42 mais
504 1376 44 43 le
573 1394 102 25 mur
706 1377 61 43 du
797 1377 117 43 fond
944 1388 117 32 reste
1091 1380 212 50 toujours
1329 1376 278 45 inutilisable
1637 1389 46 32 et
1712 1376 66 46 les
1806 1378 210 43 visiteurs
2046 1395 48 26 se
2125 1392 190 35 causent
2344 1396 91 27 une

359 1453 120 51 gêne
507 1450 234 44 mutuelle.

495 1526 75 43 Un
602 1526 144 45 mode
776 1525 278 53 d'éclairage
1082 1526 102 52 plus
1214 1526 287 52 scientifique
1533 1545 89 35 que
1650 1528 43 42 le
1723 1527 201 54 plafond
1955 1530 117 41 vitré
2104 1540 69 31 est
2201 1527 116 44 celui
2349 1545 85 35 par

360 1599 283 50 lanterneau,
682 1603 225 50 composé
943 1600 59 44 de
1037 1601 202 43 fenêtres
1271 1600 244 44 verticales
1550 1600 116 45 dans
1699 1601 45 44 la
1776 1604 148 50 partie
1959 1601 205 47 centrale
2197 1601 240 45 surélevée

363 1674 63 44 du
454 1677 97 41 toit.

497 1749 136 44 Avec
664 1766 55 26 ce
753 1749 244 53 dispositif,
1033 1749 44 45 la
1110 1750 191 44 lumière
1334 1750 59 42 de
1426 1750 179 53 chaque
1636 1752 201 42 verrière
1868 1750 221 47 verticale
2122 1766 68 33 est
2223 1753 214 51 projetée

361 1840 76 27 sur
467 1823 42 44 le
539 1841 103 26 mur
673 1826 181 50 opposé
883 1835 60 38 et,
976 1827 36 40 si
1041 1824 66 45 les
1138 1824 159 54 angles
1327 1837 107 32 sont
1465 1827 375 50 soigneusement
1870 1824 211 51 calculés,
2117 1825 66 44 les
2216 1825 221 45 tableaux

362 1897 196 45 doivent
598 1901 96 41 être
734 1898 426 45 convenablement
1202 1897 201 46 éclairés.
1448 1898 119 45 Mais
1608 1899 29 45 il
1680 1898 112 51 faut,
1836 1907 192 43 surtout,
2074 1917 50 27 se
2165 1899 168 55 garder
2377 1900 59 45 de

359 1975 142 40 vitrer
542 1973 42 42 la
624 1976 152 49 partie
815 1973 206 44 centrale
1061 1973 63 44 du
1165 1976 97 41 toit.
1305 1974 294 49 Autrement,
1643 1992 61 26 un
1750 1974 87 46 flot
1882 1975 59 43 de
1983 1976 193 42 lumière
2214 1975 220 43 verticale

363 2047 162 43 tombe
549 2065 60 26 au
635 2046 154 44 milieu
816 2046 61 44 de
900 2047 42 44 la
969 2049 130 51 pièce
1125 2051 75 49 qui
1228 2065 50 26 se
1303 2058 165 33 trouve
1492 2047 103 52 plus
1623 2047 193 44 éclairée
1844 2064 90 36 que
1961 2048 66 45 les
2051 2064 127 29 murs
2204 2061 47 32 et
2279 2048 160 44 donne

362 2120 66 46 les
461 2125 177 40 mêmes
672 2125 351 41 inconvénients
1060 2122 60 43 de
1151 2121 430 45 réfléchissements.

502 2196 161 43 Même
697 2213 117 26 avec
849 2197 42 42 le
929 2196 200 53 plafond
1165 2196 139 54 plein,
1344 2206 119 35 cette
1501 2197 240 51 méthode,
1780 2198 108 46 bien
1927 2215 90 36 que
2053 2201 285 41 constituant
2374 2215 62 28 un

363 2272 206 51 progrès,
602 2281 118 33 reste
748 2271 295 52 incomplète.
1077 2271 64 43 La
1169 2274 149 50 partie
1343 2271 203 45 centrale
1576 2272 60 44 de
1663 2273 43 43 la
1736 2271 113 46 salle
1877 2286 68 32 est
1974 2288 167 29 encore
2171 2283 104 44 trop
2305 2272 106 44 lumi-

363 2362 141 27 neuse
535 2363 121 34 pour
686 2363 87 35 que
806 2356 102 33 tout
937 2344 396 47 réfléchissement
1364 2349 88 40 soit
1484 2350 235 41 sûrement
1750 2350 122 41 évité
1905 2359 44 32 et
1981 2347 66 44 les
2076 2351 223 41 verrières
2329 2358 109 33 sont

364 2431 105 41 trop
501 2419 234 53 éloignées
769 2420 81 43 des
880 2419 219 45 tableaux
1129 2437 119 35 pour
1277 2438 90 34 que
1396 2424 177 41 ceux-ci
1604 2423 151 43 soient
1783 2420 110 45 bien
1926 2421 201 45 éclairés.
2163 2421 33 45 Il
2230 2421 112 51 faut,
2379 2438 58 29 en

365 2493 130 50 effet,
527 2493 270 44 considérer
828 2509 90 38 que
948 2493 44 45 la
1021 2497 201 41 verrière
1254 2495 59 44 de
1346 2495 152 44 droite
1529 2494 165 46 éclaire
1724 2496 67 43 les
1822 2495 220 45 tableaux
2074 2496 59 44 de
2165 2496 191 53 gauche,
2391 2508 47 32 et

363 2571 325 41 inversement.

504 2643 122 43 Pour
657 2643 183 43 obtenir
869 2660 61 27 un
962 2642 189 46 résultat
1181 2643 219 54 complet,
1435 2645 28 43 il
1498 2645 99 45 faut
1625 2646 252 43 concevoir
1906 2645 264 52 l'éclairage
2206 2645 59 45 de
2298 2645 138 54 façon

365 2735 90 35 que
483 2717 42 43 la
554 2718 178 43 fenêtre
762 2721 26 40 à
820 2718 151 43 droite
999 2718 62 43 du
1088 2720 87 41 toit
1204 2718 156 44 donne
1386 2737 51 25 sa
1468 2718 153 54 pleine
1650 2720 192 43 lumière
1868 2737 75 27 sur
1974 2720 42 44 le
2045 2737 102 28 mur
2178 2725 60 42 de
2269 2720 164 50 droite,

365 2805 46 32 et
439 2792 43 44 la
511 2793 180 43 fenêtre
721 2793 58 43 de
808 2791 177 54 gauche
1014 2809 74 27 sur
1117 2792 44 44 le
1186 2810 104 27 mur
1320 2793 59 45 de
1409 2793 190 53 gauche.

503 2867 75 44 On
616 2881 112 39 peut
765 2885 30 33 y
831 2868 218 51 parvenir
1085 2884 116 26 avec
1238 2867 43 43 le
1317 2871 202 49 système
1559 2868 66 45 dit
1671 2887 10 25 :
1726 2885 24 28 «
1792 2867 238 54 Eclairage
2069 2868 161 46 latéral
2270 2886 87 35 par
2395 2869 43 44 le

363 2941 113 46 haut
504 2958 25 27 »
571 2942 104 53 (fig.
708 2940 78 54 4).

503 3017 64 43 La
600 3017 181 52 largeur
812 3016 62 43 du
905 3018 86 42 toit
1021 3026 68 33 est
1121 3015 173 44 divisée
1327 3036 56 28 en
1414 3019 110 42 trois
1554 3019 184 52 parties.
1773 3017 66 44 La
1868 3021 150 50 partie
2046 3018 205 45 centrale
2284 3019 155 45 formé

363 3109 63 26 un
456 3092 201 53 plafond
688 3090 138 54 plein,
861 3090 99 53 plat
992 3108 60 26 ou
1082 3090 201 44 arrondi.
1320 3090 85 46 Les
1438 3092 124 43 deux
1592 3094 172 51 parties
1795 3096 230 41 extrêmes
2055 3109 110 33 sont
2193 3103 245 34 couvertes

366 3165 112 45 d'un
505 3169 85 43 toit
616 3165 240 45 lambrissé
882 3181 115 28 avec
1024 3166 224 43 verrières
1273 3183 75 26 sur
1374 3166 42 43 le
1443 3166 191 44 lambris
1659 3168 216 43 intérieur
1903 3167 221 54 adjacent
2150 3186 59 26 au
2235 3167 202 53 plafond

365 3240 125 54 plein
525 3241 60 45 de
615 3241 43 44 la
689 3243 149 51 partie
866 3238 218 45 centrale.
1119 3239 136 44 Cette
1285 3239 274 55 disposition
1592 3254 182 40 permet
1804 3245 28 40 à
1861 3240 45 45 la
1935 3241 192 44 lumière
2160 3242 60 45 de
2253 3243 188 44 tomber

367 3315 117 44 dans
515 3326 130 33 toute
674 3333 85 29 son
790 3318 213 42 intensité
1033 3332 75 26 sur
1141 3314 65 44 les
1236 3332 124 26 murs
1391 3318 249 43 extérieurs
1670 3334 58 27 en
1762 3316 188 45 laissant
1980 3316 45 45 la
2053 3320 151 45 partie
2233 3316 205 46 centrale

367 3389 118 45 dans
517 3389 214 46 l'ombre.
