2712 3906
1247 3630 123 111 283

193 3664 57 33 LA
284 3657 133 42 CITÉ.

2147 3670 140 37 AVRIL
2315 3660 116 46 1923

496 230 269 46 TAB
835 230 144 45 LE
1117 230 255 46 DES
1449 230 801 47 MATIERES

147 406 217 40 ANVERS.
478 405 56 36 Le
562 419 97 30 parc
687 409 54 31 du
766 404 273 37 Rivierenhof.
1070 404 200 36 Résultats

92 474 51 36 du
172 484 209 23 concours.
494 468 101 36 VIII.
708 482 40 29 p.
786 468 9 35 1
811 466 64 38 75.

149 557 197 38 BILBAO.
466 555 240 35 Monument
739 569 51 21 au
823 554 274 36 Sacré-Cœur.
1219 554 49 36 X.

171 637 36 29 p.
237 619 94 37 227.

146 692 256 40 BRABANT.
548 692 210 35 Concours
802 692 48 35 de
896 691 182 37 mobilier
1121 696 24 31 à
1188 692 80 37 Bon

92 757 176 38 Marché.
376 754 43 37 11.
527 769 39 30 p.
595 754 66 36 48.

150 842 252 38 CHICAGO.
516 841 62 36 Un
607 841 148 44 hôpital
785 842 203 36 moderne.
1104 842 82 36 VII.

92 923 37 29 p.
165 907 9 35 1
188 906 64 36 60.

153 979 252 37 CHICAGO.
541 979 160 36 L'hôtel
740 980 48 36 de
828 979 37 37 la
906 992 21 24 «
968 980 179 45 Chicago
1187 980 63 36 Tri-

93 1045 106 35 bune
225 1054 34 25 ».
367 1042 50 36 X.
445 1056 39 30 p.
513 1041 94 37 227.

150 1129 283 37 CONCOURS
455 1129 162 36 D'ART
644 1129 301 38 INDUSTRIEL
969 1134 204 42 organisés
1199 1146 75 30 par

94 1193 38 36 la
164 1192 203 36 Chambre
399 1192 202 43 syndicale
633 1193 245 44 provinciale
909 1194 69 36 des
1006 1195 98 35 Arts
1136 1195 112 35 Indus-

94 1254 109 37 triels
236 1254 176 46 (Gand).
525 1254 60 37 111.
696 1270 37 30 p.
764 1256 64 36 65.

148 1341 287 37 CONCOURS
469 1341 48 37 de
552 1343 38 35 la
625 1342 123 36 classe
783 1343 67 36 des
885 1344 249 39 Beaux-Arts
1169 1359 104 30 pour

104 1405 97 35 1923
235 1414 37 29 et
308 1406 8 33 î
331 1404 92 36 924.
534 1405 44 35 11.
690 1421 39 30 p.
760 1406 66 36 48.

151 1478 199 37 COMITE
373 1475 429 42 INTERNATIONAL
827 1482 231 45 olympique
1086 1482 185 44 français.

95 1542 210 36 Concours
329 1542 113 37 d'art.
546 1542 84 37 VII.
733 1557 39 32 p.
806 1543 85 38 159.

153 1629 206 36 FOREST.
390 1652 59 4 -
479 1630 210 37 Concours
718 1631 52 36 du
802 1643 19 25 «
853 1632 127 44 Foyer
1008 1632 198 37 Forestois
1236 1645 34 25 ».

96 1692 253 36 Habitations
393 1695 204 34 ouvrières
639 1708 52 21 au
736 1697 179 41 quartier
956 1695 217 37 Kersbeek.

95 1754 48 37 V.
169 1776 59 7 _
252 1770 38 29 p.
326 1755 87 37 117.

153 1828 207 39 FOREST.
472 1831 165 44 Groupe
666 1832 50 36 de
746 1835 173 35 maisons
948 1837 23 32 à
999 1834 80 36 bon
1110 1835 163 36 marché

96 1896 22 32 à
148 1896 223 33 construire
399 1908 51 21 au
480 1896 180 42 quartier
683 1895 207 36 Kersbeek
919 1900 23 31 à
971 1896 148 37 Forest.
1157 1897 92 45 (Pro-

98 1970 179 29 gramme
324 1956 52 36 du
422 1971 197 21 concours
665 1973 103 28 pour
813 1958 278 38 l'élaboration
1136 1960 136 44 d'un).

179 2018 25 36 I.
320 2034 38 29 p.
391 2019 66 39 22.

152 2093 69 36 LA
249 2094 272 37 LOUVIERE.
636 2096 210 36 Concours
872 2112 104 29 pour
1003 2097 37 36 la
1069 2107 181 27 construc-

97 2158 83 34 tion
210 2157 123 35 d'une
364 2159 76 35 cité
473 2161 195 33 ouvrière.
788 2159 26 36 I.
933 2175 37 29 p.
1004 2160 65 37 24.

152 2243 70 36 LA
247 2244 276 37 LOUVIERE.
640 2246 177 36 Résultat
847 2246 53 36 du
931 2262 198 21 concours
1157 2248 48 36 de
1235 2248 38 36 la

96 2305 88 37 Soc.
224 2306 127 44 Coop.
392 2319 20 24 «
449 2307 53 36 Le
539 2308 128 44 Foyer
702 2309 230 37 Louviérois
968 2321 35 26 >.
1131 2310 49 37 V.

96 2383 37 28 p.
176 2369 87 36 118.

153 2443 150 37 LYON.
421 2445 209 37 Concours
661 2458 46 25 de
738 2447 181 36 mobilier
947 2458 39 25 et
1016 2448 101 36 d'art
1147 2449 103 44 appli-

96 2510 89 40 qué.
289 2507 59 36 111.
452 2524 38 28 p.
519 2509 63 36 68.

1402 404 152 39 LYON.
1680 405 210 35 Concours
1923 404 50 37 de
2008 404 193 42 mobilier,
2237 404 217 46 chauffage
2485 412 42 30 et

1353 467 209 44 éclairage.
1672 467 83 36 VII.
1868 483 35 28 p.
1943 467 86 36 159.

1403 553 224 38 MANTES.
1750 554 209 36 Concours
1994 555 47 36 de
2076 558 153 42 projets
2261 555 48 36 de
2342 554 165 37 distribu-

1348 619 84 34 tion
1458 618 116 35 d'eau
1599 617 173 44 potable.
1879 618 82 36 VII.
2070 633 37 29 p.
2142 618 86 36 159.

1404 704 245 36 MOBILIER
1681 705 38 34 A
1753 705 103 35 BON
1890 705 234 36 MARCHE.
2169 706 231 44 (Concours
2437 718 69 30 pro-

1348 767 146 36 vincial
1520 767 47 36 de
1593 767 411 45 Brabant-*Hainaut).
2116 768 58 36 111.
2285 783 37 29 p.
2352 768 65 36 68.

1406 852 243 38 MOBILIER
1689 854 297 37 INCORPORE
2025 855 138 36 DANS
2203 856 69 35 LA
2310 853 217 39 MAISON.

1356 917 312 44 (Programnme
1706 918 52 35 du
1796 932 196 21 concours
2030 922 184 40 organisé
2250 933 75 30 par
2361 917 37 37 la
2437 931 69 31 pro-

1351 981 114 35 vince
1493 981 49 35 de
1568 980 217 45 Hainaut).
1895 981 48 35 V.
2055 996 36 29 p.
2131 981 86 36 115.

1403 1067 245 37 MOBILIER
1689 1067 296 36 INCORPORE
2025 1068 138 35 DANS
2203 1068 69 36 LA
2311 1066 215 38 MAISON.

1355 1130 260 44 (Conncours
1648 1131 309 35 d'architecture
1990 1145 97 21 avec
2117 1131 97 45 —).
2337 1129 100 37 VIII.

1349 1208 37 29 p.
1425 1193 86 35 175.

1406 1279 640 38 MONT-SUR-MARCHIENNE.
2220 1280 200 37 Résultats
2474 1279 56 36 du

1351 1357 197 23 concours
1583 1343 283 37 d'habitations
1903 1347 23 31 à
1963 1343 78 35 bon
2082 1343 173 36 marché.
2384 1343 49 35 V.

1350 1421 36 28 p.
1425 1407 85 34 117.

1408 1492 244 36 OSTENDE.
1776 1493 209 35 Concours
2019 1493 46 34 de
2101 1495 174 33 maisons
2309 1494 217 36 ouvrières,

1347 1576 59 6 _
1430 1555 82 35 VII.
1621 1571 37 29 p.
1695 1555 86 36 159.

1405 1642 360 36 RIVIERENHOF.
1898 1643 208 34 Concours
2145 1657 104 29 pour
2287 1642 217 44 l'aménage-

1353 1714 107 26 ment
1501 1705 51 35 du
1595 1705 185 36 domaine
1822 1705 47 36 de
1912 1706 36 34 la
1989 1708 190 40 province
2220 1705 211 36 d'Anvers.

1350 1766 63 36 IV.
1518 1783 24 28 P
1548 1796 7 7 .
1582 1768 64 35 94.

1408 1854 354 37 SAINT-GILLES.
1895 1855 209 34 Concours
2144 1855 52 34 du
2236 1854 128 44 Foyer
2400 1854 129 36 Saint-

1347 1917 149 35 Gillois.
1608 1917 83 36 VII.
1802 1931 39 30 p.
1879 1917 9 35 1
1902 1917 65 37 60.

1406 2002 230 37 SERAING.
1755 2004 211 35 Concours
1997 2004 283 35 d'habitations
2312 2005 217 35 ouvrières.

1348 2088 58 5 _
1435 2065 42 36 H.
1593 2081 38 29 p.
1665 2065 65 37 48.

1408 2152 180 37 UCCLE.
1720 2153 210 36 Concours
1966 2153 47 36 de
2051 2154 92 43 plan
2182 2153 256 37 d'ensemble.
2474 2175 59 10 ——

1350 2215 26 36 I.
1489 2230 37 29 p.
1558 2215 65 36 24.

1406 2302 381 36 WILLEBROECK.
1895 2303 210 35 Concours
2132 2317 103 30 pour
2262 2305 174 34 maisons
2462 2317 46 23 ou-

1350 2366 161 34 vrières.
1621 2364 60 37 111.
1791 2380 26 29 P
1821 2392 8 8 .
1859 2365 65 36 68.

2055 2474 57 5 —
2141 2453 209 36 Concours
2379 2452 129 37 d'habi-

1350 2515 147 35 tations
1521 2517 23 32 à
1566 2514 80 35 bon
1671 2514 203 36 marchén.
1977 2514 48 36 V.
2127 2529 41 29 p.
2201 2515 9 35 I
2229 2515 58 35 18.

1013 2788 603 85 Bibliographie

155 3015 216 36 EUROPE.
477 3016 89 36 Une
591 3015 182 37 nouvelle
799 3031 119 21 revue
943 3017 103 36 d'art
1071 3018 203 36 moderne.

95 3098 60 6 _
179 3078 65 36 IX.
352 3093 38 30 p.
419 3078 95 37 207.

155 3177 49 36 H.
232 3178 48 35 H.
392 3178 254 35 Constructie
673 3192 75 21 van
774 3178 241 41 Gebouwen,
1045 3180 101 35 door
1171 3180 103 44 prof.

95 3239 32 44 J.
157 3240 35 35 S.
221 3240 183 45 Wattjes.
431 3241 44 36 T.
505 3241 48 37 H.
580 3241 184 44 Kappen.
876 3241 64 36 IX.
1051 3257 37 29 p.
1120 3242 95 37 206.

152 3339 367 43 L'EMULATION,
557 3355 151 30 organe
743 3340 47 37 de
824 3340 39 37 la
895 3341 156 37 Société
1084 3341 190 38 Centrale

98 3401 325 38 d'Architecture
456 3404 39 43 (1
531 3407 23 32 à
582 3403 65 44 3).
755 3403 49 36 X.
917 3419 38 28 p.
986 3404 94 37 228.

1411 3020 372 37 L'HABITATION
1813 3022 38 34 A
1882 3022 101 35 BON
2015 3022 233 35 MARCHE.
2279 3020 33 37 N
2315 3027 35 20 os
2382 3020 79 37 3à
2493 3020 37 38 6.

1432 3081 68 37 VI.
1602 3098 39 29 p.
1676 3083 88 36 140.

1412 3169 371 37 L'HABITATION
1806 3174 21 32 à
1850 3170 103 36 BON
1971 3170 235 36 MARCHE.
2237 3170 58 45 (N
2296 3177 34 19 03
2358 3170 84 36 7et
2465 3169 65 44 8).

1354 3231 48 38 X.
1519 3248 35 29 p.
1587 3232 94 36 228.

1411 3318 292 38 TABLETTES
1760 3320 442 36 DOCUMENTAIRES
2258 3319 242 38 MUNICIPA-

1356 3381 99 37 LES.
1571 3382 64 36 IX.
1749 3398 39 29 p.
1820 3382 94 36 208.

1417 3470 19 34 7
1463 3469 145 42 ARTS,
1637 3484 72 29 par
1733 3470 43 36 R.
1804 3470 45 36 C.
1958 3470 83 36 VII.
2150 3485 37 28 p.
2225 3470 87 38 147.
