2611 4318
1292 3971 78 40 224

308 469 191 54 Franz
525 467 179 54 Blei,
733 466 151 46 llber
912 465 356 53 Wedeliind,

309 534 356 53 Sternheim
697 535 111 44 nnd
839 535 111 45 das
982 531 287 54 Theater.

306 603 175 54 lKnrt
514 602 233 58 Wolff,
781 601 272 55 Verlag,
1084 600 148 54 Leip-

309 672 120 54 zig.)
498 670 148 56 Logik,
704 670 158 55 Sthos,
904 669 104 54 Stil,
1065 668 82 46 nnd
1189 669 82 45 alle

310 740 89 44 drei
422 751 84 33 von
528 739 75 44 der
626 738 278 54 wertvollsten
925 737 106 54 Art,
1053 737 120 47 einen
1195 735 74 56 lich

309 807 42 44 in
391 806 150 56 dieiem
579 805 164 54 Buche,
785 806 133 44 einem
958 803 199 56 Popanz
1195 804 76 45 der

310 874 145 47 immer
483 873 100 54 norh
608 873 175 54 Regent
808 872 103 46 iiber
935 870 335 55 nniiberisehbasre

311 940 204 46 Strerlcen
555 939 384 57 Menirhenlandes
978 939 64 55 ist,
1095 951 56 34 an
1192 938 80 45 den

312 1008 113 55 Leib,
451 1010 82 44 das
559 1008 116 54 heißt
700 1021 56 32 an
781 1008 109 54 feine
915 1007 113 56 Liige
1055 1020 45 42 zn
1126 1006 147 56 gehen.

310 1075 105 56 Das
450 1088 48 34 es
534 1076 67 45 bei
635 1076 45 54 io
714 1074 250 56 ungleichem
998 1074 186 55 Kampfe
1216 1096 56 6 —

314 1144 108 45 denn
446 1145 75 44 der
547 1142 174 56 Gegner
748 1143 76 53 hat
848 1144 45 53 ia
919 1142 103 46 eben
1048 1142 94 46 dies
1166 1139 108 54 nicht

301 1225 44 41 zn
385 1212 198 54 fallend-e,
623 1210 312 56 gallertartige,
973 1209 300 57 lrhemenhafte

312 1278 176 56 Piendo
505 1298 25 19 -
547 1278 235 55 Sxiitieren
845 1291 71 43 znsr
980 1277 293 57 pralitiichiten

312 1346 172 55 Waffe,
510 1346 65 47 die
601 1346 73 54 ihn
698 1358 131 43 gegen
855 1346 79 45 den
962 1344 311 56 nnerichätters

312 1414 75 53 lich
422 1414 132 45 einem
591 1413 180 55 einzigen
807 1409 305 57 Standpunkte
1146 1411 128 46 Ver«

311 1480 257 54 ichriebenen
603 1481 101 53 nach
739 1482 138 54 außen
911 1481 73 54 hin
1017 1481 43 47 in
1094 1478 182 47 Vorteil

312 1551 90 52 jetzt
445 1570 70 33 —-—-—,
559 1549 84 54 das
689 1561 49 33 es
797 1549 67 45 bei
921 1549 44 53 io
1024 1547 250 56 ungleichem

311 1615 186 57 Kampfe
533 1617 167 46 erlaubt
736 1617 84 54 iein
856 1618 114 54 muss,
1008 1615 265 56 Widerktres

311 1682 206 48 benderes
554 1685 76 54 anf
681 1684 66 46 die
800 1685 90 45 eine
926 1683 220 54 wirksame
1185 1681 60 47 Lo-

312 1751 282 55 inngstormel
635 1765 45 42 zn
722 1752 192 59 bringen,
955 1752 101 55 liegt
1099 1753 43 45 in
1198 1751 76 45 der

312 1817 153 48 Aatnr
498 1819 74 46 der
607 1819 151 54 Sache.
819 1819 203 54 Dadurch
1055 1820 110 46 wird
1199 1817 74 45 der

312 1885 208 55 Apparat
549 1887 78 47 des
655 1887 232 55 Angrifjes
917 1900 79 34 nnr
1024 1885 250 54 Ichneidiger

314 1956 83 45 nnd
429 1955 147 46 driitlrt
607 1954 351 55 Brankhbarlceit
992 1955 84 46 nnd
1109 1954 138 55 Konje-

310 2035 126 42 anenz
476 2023 133 55 feines
648 2022 293 55 Organismus
980 2023 43 45 in
1061 2022 210 56 ichlichten

314 2090 182 52 sonnen
523 2102 96 43 ans,
645 2090 68 46 die
737 2090 102 53 anch
864 2089 93 47 dem
979 2089 127 56 Auge
1132 2089 119 55 gefäl-

314 2158 58 54 lig
406 2158 101 54 lind.
571 2157 103 46 Das
709 2157 49 55 ift
794 2157 176 53 nämlich
1004 2156 56 47 im
1097 2155 179 47 Grunde

315 2224 74 47 der
422 2224 118 57 Weg
570 2226 105 47 aller
705 2228 129 52 gnten
864 2224 252 56 2iianifekte:
1151 2223 124 54 durch

316 2294 82 45 das
418 2293 127 55 Ange
565 2293 122 56 (oder
709 2293 127 55 dnrch
858 2294 82 45 das
964 2294 114 55 Ohr)
1099 2294 43 45 in
1164 2294 112 54 Hirn

315 2361 83 44 nnd
435 2360 123 56 Herz.
622 2360 67 47 So
724 2361 159 46 leommt
917 2360 133 48 Bleis
1086 2360 190 47 Tralctat

318 2428 102 45 iiber
478 2428 308 56 ,,literariiche«
844 2429 145 56 Dinge
1043 2442 46 42 zn
1144 2430 133 46 einem

316 2496 141 55 Ernst,
478 2497 74 45 der
576 2497 91 46 dem
690 2497 585 47 önsBlntsnndssrlebniss

312 2563 451 56 beisderssacheslein
794 2564 484 55 belcenntnisisfrommer

317 2630 216 48 Breviere
566 2631 148 56 gleicht
746 2633 84 45 nnd
865 2632 147 53 ebenlo
1045 2631 121 54 sicher
1201 2630 77 45 mit

319 2699 78 44 den
424 2699 281 54 nnbeflerlcten
733 2699 186 48 Mitteln
944 2700 115 53 ihrer
1085 2699 193 56 geistigen

318 2765 256 56 Disziplinen
608 2766 197 46 arbeitet.
869 2767 66 46 so
970 2767 174 54 leuchtet
1177 2767 101 54 anch

1391 478 87 43 zum
1487 465 210 55 Bescblusz
1722 465 81 46 das
1814 465 110 46 Bild
1945 465 117 46 eines
2083 464 268 55 zukünftigen

1393 531 366 56 Knlturbegriffes
1791 533 68 46 als
1890 533 77 46 des
1999 530 354 55 Himmetreiches

1393 603 71 54 für
1485 602 82 45 das
1588 614 47 33 er
1658 601 142 54 wirbt,
1822 601 84 46 und
1927 612 121 36 wenn
2068 601 67 46 die
2155 600 169 54 schwin-

1395 668 248 48 delsödeale
1690 669 113 47 einer
1848 668 483 56 lcapitalistisch-bü-rger-

1395 736 126 54 likhen
1546 736 125 47 Welt
1694 737 281 46 überwunden
2000 749 69 33 am
2090 736 160 46 Boden
2272 735 61 47 lie-

1391 817 94 43 gen,
1505 805 118 55 steigt
1643 805 75 45 der
1739 804 305 56 Morgenstern
2067 804 115 46 eines
2204 803 120 54 wahr-

1395 872 191 56 haftigen
1620 872 188 47 Willens
1838 885 45 42 zu
1914 872 132 46 einem
2077 870 173 56 Ganzen
2281 869 74 45 der

1396 940 138 46 Welt.
1601 941 94 46 Und
1734 940 77 55 hat
1848 953 98 33 man
1986 939 69 47 die
2092 937 264 57 Gesamtheit

1396 1023 84 34 von
1521 1009 134 47 Bleis
1695 1008 145 47 Wert(
1894 1007 339 55 ltrüstezeugeud,
2273 1017 55 33 an-

1396 1078 207 54 spornend
1630 1077 76 55 auf
1730 1076 77 56 sieh
1833 1075 161 47 wirlcen
2022 1075 140 55 lassen,
2191 1100 53 5 —
2273 1073 82 44 und

1398 1147 78 54 erst
1502 1146 112 45 dann
1638 1165 72 35 -——,
1734 1144 101 56 darf
1859 1156 97 33 man
1981 1142 101 54 noch
2106 1142 108 54 seine
2238 1142 94 54 sozu-

1396 1215 124 54 sagen
1542 1212 394 55 btoskiutellelktnelle
1959 1210 163 54 Zrende
2144 1209 136 54 haben
2303 1221 54 34 an

1397 1281 110 46 allen
1544 1280 318 56 geskhmeidigen
1899 1278 183 56 Gängen
2116 1278 74 45 der
2225 1276 99 53 Par-

1398 1351 57 45 tie
1480 1351 85 45 und
1591 1361 55 33 an
1671 1348 157 56 solchen
1853 1346 347 54 oerinnerlichten
2224 1344 100 47 Bra-

1399 1417 281 59 vourstiickkem
1727 1416 80 46 wie
1852 1415 54 55 sie
1951 1415 74 46 der
2072 1413 165 55 Dialog
2282 1412 76 45 mit

1397 1483 201 48 Wolidre
1631 1497 45 42 zu
1709 1483 148 54 Ehren
1890 1483 75 45 der
1999 1478 359 56 Sternheimskheu

1397 1551 242 56 »Kassette«
1680 1553 83 45 nnd
1803 1551 74 45 der
1915 1549 158 55 Gpilog
2109 1562 47 42 zu
2195 1546 135 46 Stern-

1398 1620 135 54 heims
1561 1620 133 55 ,,Dou
1720 1617 148 49 Zaun«
1895 1617 233 55 darstellen.
2169 1615 189 55 Hieraus

1400 1688 147 55 strahlt
1576 1690 138 44 etwas
1743 1687 81 46 wie
1850 1685 289 54 Verjährung
2167 1683 168 55 platoni-

1398 1755 108 55 sther
1541 1754 267 55 Dithtungeu
1842 1777 53 7 —
1921 1755 91 43 das
2047 1749 311 59 Aristotelisclk

1400 1821 255 55 Pralctisehe
1706 1821 210 55 erledigen
1967 1820 146 53 ebenso
2165 1817 174 45 dilctato-

1400 1889 346 56 risehæudgültig
1788 1889 67 46 die
1897 1887 247 56 gestruffteu
2188 1883 173 55 Kapitel

1401 1955 301 55 »steruheim«
1763 1958 85 45 und
1906 1956 130 54 »Das
2092 1952 268 57 Programm

1401 2026 114 47 einer
1544 2025 213 56 deutschen
1786 2024 304 56 spielbiihneC
2115 2025 95 46 Der
2236 2036 94 42 »mo-

1401 2095 127 46 derue
1574 2094 210 55 Bürger«
1832 2093 124 56 Cdiese
2004 2092 136 55 satale
2188 2091 173 46 Summe

1401 2175 84 34 von
1514 2161 254 56 Publikum,
1798 2161 306 56 Pressiesoldah
2134 2160 227 47 servierer

1401 2228 218 55 lcritsischeu
1650 2229 249 55 Schwanes,
1928 2228 292 55 Schauspiel«
2247 2226 114 46 einer

1402 2296 315 57 Wirklichkeit,
1744 2297 66 47 die
1840 2297 130 55 selber
1998 2309 79 34 nur
2106 2296 150 54 Schein
2283 2294 78 54 ists,

1401 2365 97 55 füllt
1532 2365 76 47 mit
1643 2366 92 45 dem
1770 2364 151 55 hohlen
1955 2363 130 47 Matt(
2118 2364 77 46 mit
2228 2362 133 54 nichts

1400 2432 69 47 als
1521 2433 100 54 Luft
1671 2431 196 56 gesüllter
1918 2430 295 55 Stoffpuppen
2264 2441 97 34 vom

1400 2498 361 57 Ptitfchenschlag
1791 2500 116 47 einer
1941 2511 131 34 neuen
2104 2497 257 47 cotntnedin

1401 2567 77 46 del
1514 2572 116 51 site,
1680 2569 45 46 in
1773 2569 74 48 der
1896 2567 118 56 lcbou
2062 2567 82 46 das
2178 2566 183 55 Pathos

1400 2635 216 56 künftiger
1640 2635 428 56 Weusehentragödie
2091 2634 269 56 unterirdifeh

1403 2701 229 54 gewittert.

1737 2769 122 45 Alax
1898 2768 257 55 Herrmann,
2193 2765 142 55 Reife

610 3031 330 55 Herausgeber:
970 3031 113 46 Otto
1111 3031 294 56 Haus-sey»
1433 3032 175 54 Berlin,
1638 3032 344 55 Wilhelmltrakze
2010 3036 53 41 69

375 3143 415 55 Berantwortlicher
822 3145 303 57 schriftleiten
1160 3146 127 56 Haus
1319 3146 204 57 stammt,
1555 3146 173 57 Berlin,
1761 3146 252 56 Ansbacher
2045 3147 164 57 Straße
2241 3152 46 41 31

779 3223 88 55 Ziit
896 3225 283 55 unverlangte
1208 3225 325 55 Cinlendungen
1563 3226 118 46 keine
1711 3225 192 54 Gewähr

309 3336 61 45 In
389 3335 230 54 Ofterreich
642 3336 71 54 für
737 3337 65 45 die
819 3337 255 46 Redaktion
1095 3339 346 53 verantwortlich
1457 3338 129 56 Hugo
1601 3339 157 55 Heller,
1774 3339 148 54 Wien,
1933 3342 30 52 l,
1985 3341 333 47 Bauernmarkt
2332 3344 26 41 3

883 3444 127 36 Druck«
1036 3452 77 27 von
1142 3444 47 42 H.
1214 3446 52 37 S.
1290 3445 254 42 Hermann
1574 3446 38 35 in
1643 3447 137 35 Berlin
