3355 5377
2713 4337 62 45 37

526 1008 93 57 his
658 1025 138 39 own
834 1007 347 73 ignorance.
1264 1005 95 56 He
1398 1006 142 65 had,
1581 1010 64 50 to
1681 1005 76 55 be
1797 1021 154 48 sure,
1995 1003 229 55 certain
2263 1020 145 55 very
2447 1020 133 38 rare
2622 1004 124 54 fore-

525 1103 274 73 bodings,
831 1104 209 54 whose
1070 1119 334 56 vagueness
1438 1102 26 54 I
1498 1102 156 55 shall
1687 1108 108 49 not
1828 1107 134 66 stop
1994 1106 62 50 to
2090 1099 246 73 explain
2369 1102 160 53 here.
2605 1100 94 54 He
2729 1098 50 55 is

525 1217 79 37 no
637 1200 280 70 prophet,
953 1198 26 54 I
1012 1200 283 68 daresay;
1327 1216 115 37 nor
1476 1200 144 54 does
1654 1200 77 53 he
1763 1197 314 74 recognize
2111 1216 120 52 any
2265 1199 152 52 such
2450 1196 233 71 faculty
2716 1195 64 55 in

525 1292 264 56 himself.
863 1291 243 75 Having
1138 1291 239 57 arrived
1408 1298 61 50 at
1499 1295 104 53 the
1634 1297 167 69 great
1832 1297 217 66 artery,
2083 1295 77 52 he
2192 1296 173 50 turns
2395 1295 62 50 to
2489 1292 103 53 the
2621 1289 159 73 right

526 1388 121 53 and
682 1404 231 38 crosses
946 1389 105 54 the
1084 1387 337 56 boulevard
1455 1386 380 57 Poissoniere
1872 1388 123 54 and
2028 1388 104 53 the
2166 1385 336 54 boulevard
2536 1385 243 54 Bonnes

528 1482 340 56 Nouvelles.
940 1483 74 55 At
1043 1482 121 56 this
1195 1481 175 73 point
1399 1483 67 55 of
1494 1481 95 57 his
1618 1483 168 64 road,
1821 1484 77 53 he
1930 1482 302 54 advances
2262 1478 129 56 into
2423 1481 103 53 the
2557 1496 107 37 rue
2697 1479 82 54 du

525 1578 330 73 Faubourg
903 1577 403 67 Saint-Denis,
1355 1579 201 54 leaves
1605 1577 232 56 behind
1886 1577 131 55 him
2064 1577 104 54 the
2216 1575 297 55 terminus
2564 1575 64 54 of
2676 1575 103 52 the

527 1674 362 74 Strasbourg
921 1673 270 71 railway,
1232 1675 122 54 and
1391 1679 165 66 stops
1593 1674 212 54 before
1843 1692 36 36 a
1912 1673 156 70 lofty
2107 1672 215 71 portal,
2361 1670 418 71 immediately

523 1770 212 55 before
762 1769 291 74 reaching
1081 1772 104 53 the
1216 1770 220 55 almost
1465 1767 470 74 perpendicular
1962 1767 452 73 superposition
2444 1769 66 54 of
2540 1770 103 52 the
2672 1783 107 38 rue

526 1866 335 70 Lafayette.
935 1865 174 55 Since
1138 1883 122 53 you
1289 1864 206 55 advise
1524 1882 99 37 me
1650 1870 63 49 to
1744 1866 119 54 end
1892 1865 103 55 the
2026 1864 134 55 first
2189 1866 248 69 strophe
2466 1866 160 62 here,
2659 1861 120 57 this

481 1999 16 14 ,
525 1959 145 55 time
701 1961 157 54 lam
886 1978 145 53 very
1059 1959 228 74 willing
1315 1966 61 49 to
1406 1961 246 71 comply
1678 1960 148 56 with
1855 1979 155 53 your
2040 1960 210 56 desire.
2324 1960 93 54 Do
2446 1977 123 53 you
2597 1961 182 52 know

524 2057 134 53 that
688 2057 180 54 when
900 2056 24 54 I
956 2055 179 56 think
1169 2057 66 55 of
1264 2058 103 54 the
1397 2056 136 56 iron
1564 2056 134 74 ring
1731 2056 230 57 hidden
1993 2058 266 55 beneath
2292 2059 102 53 the
2427 2063 172 49 stone
2629 2056 82 70 by
2745 2073 35 37 a

524 2148 291 57 maniac's
839 2152 186 65 hand,
1056 2169 78 38 an
1160 2153 488 54 uncontrollable
1675 2155 271 53 shudder
1971 2171 206 54 passes
2203 2155 264 72 through
2494 2171 104 52 my
2625 2151 151 57 hair.

686 2342 94 55 He
807 2343 159 70 pulls
990 2345 105 53 the
1122 2360 227 54 copper
1376 2344 138 64 bell,
1545 2345 123 53 and
1693 2345 103 53 the
1824 2348 137 68 gate
1987 2344 65 53 of
2079 2345 104 52 the
2210 2344 257 53 modern
2495 2341 285 56 mansion

524 2442 173 51 turns
725 2455 82 37 on
831 2436 75 58 its
936 2438 231 73 hinges.
1238 2439 93 55 He
1359 2438 214 56 strides
1599 2441 267 71 through
1893 2442 103 52 the
2026 2440 328 70 courtyard
2382 2440 123 54 and
2531 2444 248 50 mounts

525 2533 103 54 the
656 2531 163 73 eight
846 2538 163 66 steps
1039 2532 67 56 of
1133 2535 103 53 the
1267 2532 195 73 flight.
1535 2534 131 54 The
1696 2538 119 50 two
1846 2538 227 50 statues
2103 2532 263 56 situated
2396 2538 63 49 to
2487 2535 104 53 the
2620 2532 160 74 right

527 2629 123 53 and
672 2628 110 54 left
805 2646 66 38 as
891 2628 331 74 guardians
1245 2631 66 53 of
1332 2632 104 52 the
1459 2629 376 56 aristocratic
1855 2629 144 56 villa
2022 2632 78 53 do
2123 2635 108 50 not
2254 2631 111 54 bar
2387 2629 93 56 his
2505 2646 272 56 passage.

526 2724 93 53 He
647 2726 139 53 who
815 2726 112 53 has
959 2725 259 71 abjured
1247 2725 372 72 everything,
1655 2726 218 66 father,
1906 2727 259 65 mother,
2199 2726 392 66 Providence,
2624 2726 153 65 love,

526 2823 104 52 the
666 2820 178 66 ideal,
885 2820 65 55 in
986 2822 179 54 order
1201 2826 62 49 to
1301 2821 179 55 think
1520 2823 145 69 only
1706 2823 65 54 of
1810 2821 265 67 himself,
2117 2825 111 53 has
2267 2825 186 53 taken
2495 2842 138 36 care
2673 2829 106 49 not

525 2920 62 50 to
623 2915 209 56 follow
865 2919 103 52 the
1005 2916 327 73 preceding
1368 2917 314 70 footsteps.
1763 2916 94 55 He
1892 2935 124 37 saw
2050 2917 133 55 him
2218 2923 170 49 enter
2425 2935 36 37 a
2496 2916 283 72 spacious

526 3008 475 75 drawing-room
1030 3009 148 57 with
1208 3009 312 56 cornaline
1549 3009 310 74 panelling
1888 3029 79 36 on
1997 3013 104 53 the
2130 3013 239 71 ground
2400 3012 175 54 floor.
2650 3011 130 54 The

526 3104 378 57 aristocratic
931 3106 121 71 boy
1080 3107 227 55 throws
1338 3106 248 56 himself
1613 3124 169 54 upon
1811 3125 36 37 a
1876 3108 137 54 sofa
2044 3109 122 54 and
2197 3107 270 56 emotion
2497 3114 282 66 prevents

527 3200 132 56 him
706 3201 163 55 from
916 3200 312 74 speaking.
1321 3202 110 55 His
1477 3205 241 52 mother
1764 3202 148 56 with
1960 3204 143 73 long
2153 3206 123 53 and
2322 3204 244 74 trailing
2612 3206 164 64 robe,

527 3294 323 71 anxiously
885 3296 177 54 tends
1100 3295 130 55 him
1266 3297 123 53 and
1426 3297 197 69 clasps
1661 3295 131 56 him
1826 3296 64 54 in
1927 3299 108 52 her
2072 3316 180 37 arms.
2333 3297 109 57 His
2480 3299 295 64 brothers,

525 3406 275 57 younger
824 3391 155 54 than
1003 3389 265 66 himself,
1296 3406 192 56 group
1518 3391 363 55 themselves
1907 3394 202 52 round
2136 3394 102 52 the
2265 3393 318 55 burdened
2610 3393 169 71 piece

526 3486 67 53 of
633 3483 330 67 furniture;
1004 3487 146 69 they
1190 3487 78 53 do
1310 3491 106 49 not
1458 3488 183 54 know
1682 3486 105 56 life
1828 3487 378 72 sufficiently
2246 3494 63 49 to
2351 3490 224 69 clearly
2617 3507 120 36 com-

526 3581 277 68 prehend
833 3581 167 54 what
1027 3578 50 57 is
1108 3579 371 74 happening.
1552 3579 241 73 Finally
1824 3583 103 54 the
1958 3582 202 55 father
2189 3582 127 55 lifts
2348 3582 93 56 his
2473 3602 151 37 cane
2657 3585 122 53 and

524 3675 227 55 throws
786 3692 81 37 an
902 3674 431 56 authoritative
1366 3675 212 72 glance
1612 3694 167 53 upon
1813 3679 104 53 the
1951 3679 342 55 onlookers.
2370 3681 282 72 Pressing
2686 3680 93 55 his

526 3769 164 56 wrist
714 3788 79 36 on
818 3771 104 53 the
948 3787 134 37 arm
1106 3769 66 55 of
1194 3769 94 55 his
1313 3769 185 66 chair,
1526 3772 77 53 he
1627 3770 200 57 leaves
1851 3771 94 57 his
1971 3774 176 54 usual
2173 3780 128 49 seat
2326 3776 122 54 and
2475 3777 304 53 advances

525 3864 147 56 with
714 3865 214 65 alarm,
972 3866 236 71 though
1249 3865 321 56 enfeebled
1611 3867 81 71 by
1735 3885 191 53 years,
1972 3871 264 54 towards
2278 3874 104 52 the
2425 3872 354 55 motionless

525 3961 166 69 body
724 3960 67 55 of
825 3959 94 56 his
954 3959 136 56 first
1123 3961 173 54 born.
1374 3961 93 55 He
1503 3964 221 68 speaks
1757 3962 65 56 in
1857 3984 37 36 a
1929 3971 241 68 strange
2204 3968 299 73 language
2540 3971 123 53 and
2701 3971 77 53 all

524 4054 179 55 listen
725 4055 149 55 with
898 4056 331 70 respectful
1256 4056 245 56 silence:
1532 4056 25 17 ff
1563 4060 162 54 Who
1752 4062 110 55 has
1887 4067 109 65 put
2022 4081 105 53 my
2152 4082 111 37 son
2289 4064 128 56 into
2443 4065 120 56 this
2590 4068 188 54 state?

526 4150 131 54 The
681 4151 182 71 foggy
887 4150 267 55 Thames
1178 4150 120 54 will
1324 4168 196 54 sweep
1546 4154 176 53 down
1749 4172 34 37 a
1807 4161 166 66 great
1999 4158 280 69 quantity
2304 4160 66 54 of
2393 4162 150 53 mud
2569 4161 210 55 before
