3355 5377
564 4059 30 45 4

1172 1037 507 56 STAVROGIN'S
1714 1039 496 57 CONFESSION

1530 1279 254 41 CHAPTER
1807 1279 67 41 III

739 1445 112 48 The
884 1445 214 59 reading
1131 1445 166 48 lasted
1333 1446 158 49 about
1527 1462 67 32 an
1628 1446 149 49 hour.
1846 1447 211 50 Tikhon
2091 1451 122 48 read
2250 1451 181 61 slowly
2467 1452 104 47 and
2605 1450 226 59 perhaps

573 1527 203 47 re-read
810 1529 196 45 several
1039 1540 241 46 passages
1314 1543 160 45 many
1505 1529 166 47 times.
1739 1530 80 47 All
1850 1531 88 47 the
1970 1532 124 47 time
2130 1534 270 58 Stavrogin
2434 1540 77 41 sat
2545 1534 152 46 silent
2729 1532 102 46 and

573 1608 317 48 motionless.
953 1610 111 46 The
1090 1610 160 47 shade
1277 1610 56 47 of
1358 1611 325 58 impatience,
1713 1613 516 48 absentmindedness
2258 1617 117 54 and,
2405 1631 98 32 one
2529 1615 168 58 might
2724 1629 107 44 say,

572 1690 241 48 delirium
840 1691 173 47 which
1040 1693 103 45 had
1171 1693 226 46 hovered
1424 1708 122 32 over
1573 1694 79 46 his
1681 1694 112 48 face
1821 1695 67 46 all
1914 1696 256 59 morning,
2198 1698 252 46 vanished
2478 1698 189 47 almost
2691 1711 105 34 com-

574 1773 204 59 pletely,
810 1774 102 46 and
943 1788 107 33 was
1080 1775 240 57 replaced
1350 1775 69 58 by
1449 1791 30 31 a
1508 1777 136 44 calm
1676 1777 101 46 and
1808 1777 69 59 by
1909 1793 28 31 a
1968 1777 126 49 kind
2125 1779 55 46 of
2210 1778 258 60 sincerity,
2500 1779 173 48 which
2706 1791 125 47 gave

573 1854 110 47 him
723 1855 88 48 the
852 1870 323 44 appearance
1217 1856 56 47 of
1315 1857 292 59 something
1650 1859 138 47 close
1827 1865 53 41 to
1921 1860 214 60 dignity.
2211 1861 209 48 Tikhon
2462 1862 126 48 took
2630 1863 78 46 off
2749 1861 81 48 his

573 1937 296 58 spectacles,
905 1938 213 58 paused,
1155 1939 103 46 and
1292 1938 182 60 finally
1507 1940 187 47 looked
1731 1954 68 45 up
1838 1947 50 42 at
1923 1942 109 46 him
2070 1943 100 46 and
2206 1944 167 58 began
2407 1944 125 48 with
2569 1960 30 30 a
2633 1944 198 48 certain

570 2019 378 48 cautiousness:

927 2101 253 49 wouldn't
1218 2116 104 44 you
1362 2103 154 47 make
1556 2118 144 33 some
1739 2105 314 48 corrections
2093 2107 52 46 in
2186 2107 101 48 this

966 2183 22 47 I
1025 2188 161 43 wrote
1561 2185 110 47 said
1709 2186 285 58 Stavrogin.

1047 2264 54 48 in
1135 2266 88 47 the
1258 2266 144 58 style.
1444 2303 7 9 .

839 2346 171 58 forgot
1052 2351 53 43 to
1149 2362 147 32 warn
1539 2348 110 48 said
1694 2350 271 58 Stavrogin
2011 2350 192 60 swiftly
2248 2352 103 47 and
2397 2352 261 60 abruptly,
2701 2352 127 49 with

571 2441 30 33 a
640 2427 229 47 forward
907 2426 114 60 jerk
1060 2428 57 48 of
1153 2429 81 46 his
1273 2429 170 47 whole
1481 2430 154 59 body,
1861 2433 66 45 all
1966 2447 131 43 your
2136 2434 171 46 words
2346 2434 106 47 will
2490 2435 65 46 be
2594 2435 55 47 in
2686 2435 141 55 vain;

573 2506 19 49 I
622 2509 134 47 shall
781 2514 91 43 not
899 2510 152 59 delay
1076 2510 242 59 carrying
1346 2516 90 42 out
1462 2526 89 44 my
1579 2512 274 54 intention;
1883 2514 66 45 do
1978 2520 92 41 not
2097 2514 118 47 take
2243 2517 88 45 the
2358 2517 205 47 trouble
2589 2523 53 41 to
2674 2528 156 48 argue

572 2590 125 48 with
733 2606 96 32 me.
899 2591 22 46 I
954 2591 106 48 will
1096 2593 125 46 send
1254 2592 38 47 it

903 2687 104 44 you
1040 2672 87 48 did
1161 2674 290 47 remember
1483 2679 52 42 to
1570 2688 146 33 warn
1749 2691 83 31 me
1864 2676 178 48 before
2076 2678 22 45 I
2130 2678 167 58 began

741 2752 119 49 "It's
905 2754 66 46 all
1208 2756 271 58 Stavrogin
1522 2756 317 59 interrupted
1886 2759 299 59 brusquely,
2345 2766 194 53 repeat:
2586 2763 243 47 however

571 2840 178 53 strong
784 2850 133 43 your
954 2841 297 53 arguments
1288 2852 123 44 may
1449 2838 78 55 be,
1566 2838 21 45 I
1626 2837 157 50 won't
1820 2839 112 59 give
1968 2854 71 44 up
2077 2855 90 44 my
2204 2841 270 48 intention.
2548 2844 131 48 Note
2716 2846 113 47 that

570 2916 70 59 by
681 2916 102 48 this
827 2917 265 47 awkward
1135 2933 59 31 or
1235 2919 225 58 perhaps
1506 2920 203 47 shrewd
1752 2920 224 56 remark,
2020 2922 241 48 however
2301 2938 104 44 you
2448 2940 122 45 may
2611 2927 121 48 take
2774 2927 53 56 it,

571 2997 96 48 I'm
707 3003 92 43 not
839 2998 173 60 trying
1052 3004 53 43 to
1146 3000 115 47 lead
1304 3014 103 44 you
1449 3015 69 32 on
1558 3006 53 42 to
1656 3014 155 46 argue
1854 3002 126 48 with
2021 3019 85 32 me
2148 3005 104 47 and
2294 3008 255 56 persuade
2589 3023 83 32 me
2715 3009 113 48 that

571 3080 22 45 I
631 3080 188 46 should
857 3080 113 58 give
1005 3095 71 45 up
1114 3096 89 44 my

826 3163 153 45 could
1011 3163 188 59 hardly
1233 3168 218 54 attempt
1484 3169 52 43 to
1573 3176 154 48 argue
1761 3165 127 48 with
1922 3181 120 44 you,
2076 3168 70 47 let
2180 3169 149 47 alone
2364 3169 92 47 ask
2491 3185 104 44 you
2627 3176 54 43 to
2716 3173 111 58 give

568 3257 70 44 up
669 3257 132 44 your
832 3243 269 47 intention.
1167 3244 126 48 This
1324 3245 116 47 idea
1469 3246 43 47 is
1545 3261 29 31 a
1604 3252 141 52 great
1776 3247 129 55 idea,
1938 3250 101 46 and
2071 3264 29 31 a
2131 3249 261 48 Christian
2423 3251 221 60 thought
2673 3254 153 47 could

569 3329 91 43 not
702 3339 209 44 express
955 3325 138 48 itself
1136 3341 144 33 more
1324 3328 191 58 amply.
1594 3329 327 58 Repentance
1964 3345 97 32 can
2105 3343 61 46 go
2209 3347 69 31 no
2322 3332 203 48 further
2567 3334 129 48 than
2739 3337 88 47 the

569 3404 287 49 admirable
890 3412 81 43 act
1001 3407 174 48 which
1208 3423 102 43 you
1345 3408 131 48 have
1509 3408 53 48 in
1595 3408 162 57 mind,
1793 3411 39 45 if
1865 3412 136 57 only.
2043 3449 8 8 .

850 3489 125 57 only

847 3570 123 59 only
1001 3570 39 48 it
1070 3571 43 46 is
1145 3572 161 59 really
1339 3577 310 53 repentance
1680 3575 102 46 and
1813 3575 162 58 really
2006 3590 30 31 a
2068 3574 261 49 Christian

826 3666 107 33 was
968 3651 207 60 writing

851 3732 42 49 is
932 3748 54 33 as
1022 3734 200 59 though
1259 3750 104 44 you
1400 3737 282 59 purposely
1719 3738 272 59 presented
2026 3739 233 59 yourself
2297 3754 55 33 as
2390 3756 30 31 a
2457 3757 207 33 coarser
2702 3759 124 34 man

566 3814 129 47 than
725 3828 134 44 your
888 3814 149 50 heart
1069 3816 173 48 would
1275 3817 202 48 dictate.
1519 3856 8 8 .
1678 3819 210 48 Tikhon
1919 3835 107 33 was
2058 3820 194 61 getting
2280 3821 182 49 bolder
2494 3825 103 46 and
2628 3826 197 48 bolder.

569 3894 288 62 Obviously
889 3897 88 48 the
1394 3899 103 48 had
1532 3900 153 48 made
1719 3916 31 32 a
1783 3916 125 44 very
1942 3906 177 54 strong
2152 3902 311 58 impression
2496 3919 71 34 on
2600 3906 126 48 him.
