3355 5377
498 4267 62 45 48

498 960 102 51 the
637 956 188 55 fishes
859 956 106 55 tail
1003 957 162 54 from
1199 959 103 52 the
1336 957 136 54 well
1508 959 122 53 and
1666 958 307 70 promised
2006 963 62 50 to
2103 957 195 72 rejoin
2332 956 45 55 it
2414 961 62 50 to
2510 956 75 55 its
2622 956 116 54 lost

498 1055 164 69 body
700 1053 49 55 if
785 1053 44 55 it
866 1054 203 54 would
1109 1071 322 37 announce
1469 1059 62 49 to
1570 1056 104 54 the
1713 1055 261 65 Creator,
2015 1057 102 53 the
2154 1054 346 71 impotence
2541 1055 65 53 of
2644 1052 92 56 his

498 1167 342 55 messenger
881 1150 63 54 in
986 1149 381 73 dominating
1407 1152 103 52 the
1553 1150 236 56 furious
1829 1171 198 36 waves
2071 1154 65 53 of
2176 1155 103 52 the
2321 1149 415 57 Maldororian

500 1264 148 37 seas.
729 1248 93 53 He
857 1248 125 53 lent
1019 1246 44 55 it
1101 1252 118 49 two
1260 1247 361 55 albatrosses
1658 1247 188 72 wings
1886 1250 121 53 and
2046 1251 101 53 the
2185 1248 122 55 fish
2345 1248 105 55 tail
2488 1249 146 53 took
2674 1253 62 48 to

499 1342 193 73 flight.
774 1344 117 54 But
929 1342 45 56 it
1012 1342 140 55 flew
1188 1343 263 55 towards
1490 1344 102 54 the
1631 1345 182 53 home
1852 1345 65 53 of
1955 1347 102 52 the
2095 1348 314 70 renegade,
2449 1351 62 48 to
2552 1345 186 53 relate

499 1443 163 53 what
686 1442 123 54 had
834 1442 326 69 happened
1187 1442 121 53 and
1330 1445 62 50 to
1414 1441 213 69 betray
1649 1443 103 53 the
1776 1441 220 55 hermit
2020 1442 160 55 crab.
2248 1444 117 53 But
2391 1445 76 52 he
2493 1441 245 55 divined

499 1539 101 53 the
627 1536 158 71 spy's
812 1539 145 68 plan
984 1538 122 55 and
1133 1538 210 54 before
1369 1540 102 53 the
1496 1537 165 55 third
1691 1540 117 68 day
1834 1540 263 53 reached
2123 1539 73 55 its
2226 1541 135 63 end,
2392 1541 76 53 he
2496 1539 242 71 pierced

499 1636 102 53 the
639 1634 122 56 fish
799 1634 106 55 tail
942 1635 146 55 with
1128 1653 36 37 a
1202 1635 295 71 poisoned
1535 1652 211 38 arrow.
1828 1636 129 54 The
1995 1635 158 71 spy's
2192 1637 183 71 gullet
2414 1635 244 55 emitted
2702 1654 35 36 a

499 1731 195 54 feeble
721 1731 406 55 exclamation
1154 1731 200 56 which
1381 1734 296 53 rendered
1703 1750 82 53 up
1812 1732 75 55 its
1914 1734 115 53 last
2056 1732 130 73 sigh
2215 1733 209 53 before
2450 1733 287 71 reaching

499 1828 189 52 earth.
755 1827 174 53 Then
956 1845 36 36 a
1014 1827 322 54 venerable
1358 1827 197 65 beam,
1585 1826 260 56 situated
1873 1845 80 36 on
1978 1828 102 52 the
2107 1825 248 55 summit
2382 1827 65 52 of
2474 1845 34 35 a
2534 1827 200 62 castle,

499 1919 185 73 rising
724 1925 63 49 to
829 1918 75 56 its
947 1920 114 54 full
1105 1918 222 74 height,
1375 1922 123 54 and
1537 1920 247 74 turning
1827 1939 80 35 on
1949 1920 178 64 itself,
2175 1919 162 55 cried
2381 1926 104 48 out
2526 1921 210 68 loudly

500 2014 96 54 for
640 2030 360 55 vengeance.
1092 2016 118 53 But
1257 2017 102 52 the
1406 2014 324 72 Almighty,
1784 2016 276 70 changed
2107 2015 128 53 into
2285 2033 36 36 a
2366 2013 367 64 rhinoceros,

498 2107 308 55 informed
835 2106 130 56 him
990 2110 134 53 that
1149 2110 103 53 the
1278 2110 183 53 death
1488 2126 125 37 was
1641 2110 305 53 deserved.
2016 2110 129 53 The
2173 2109 197 65 beam,
2399 2110 335 62 reassured,

498 2206 159 49 went
686 2203 122 52 and
832 2204 145 51 took
1004 2201 74 55 its
1107 2203 172 69 place
1307 2202 178 73 again
1508 2202 64 54 in
1596 2204 103 53 the
1726 2204 218 69 depths
1972 2203 66 54 of
2062 2205 103 52 the
2193 2220 233 47 manor,
2455 2204 283 53 resumed

499 2294 73 54 its
614 2293 339 56 horizontal
996 2294 264 71 position
1303 2298 122 52 and
1465 2297 262 54 recalled
1768 2298 102 53 the
1912 2296 271 56 terrified
2225 2296 231 70 spiders
2496 2298 133 53 that
2673 2314 64 36 as

498 2386 63 55 in
602 2390 104 52 the
748 2394 136 64 past
926 2391 145 67 they
1116 2387 192 74 might
1373 2388 285 56 continue
1701 2396 61 48 to
1805 2408 204 36 weave
2050 2389 158 55 their
2249 2391 163 53 webs
2458 2391 163 53 from
2662 2390 75 54 its

500 2499 258 37 corners.
829 2482 131 55 The
989 2499 145 37 man
1160 2481 147 56 with
1337 2483 256 70 sulphur
1619 2482 116 71 lips
1763 2484 194 54 learnt
1986 2485 65 53 of
2078 2483 93 55 his
2203 2482 167 71 ally's
2397 2485 340 62 weakness;

500 2579 76 52 he
599 2578 408 53 commanded
1030 2579 102 52 the
1157 2578 282 53 crowned
1459 2578 295 53 madman
1776 2581 62 49 to
1862 2577 158 53 burn
2044 2579 102 52 the
2168 2577 181 54 beam
2374 2578 123 53 and
2519 2578 220 52 reduce

500 2669 45 56 it
583 2675 63 50 to
688 2668 253 67 cinders,
985 2672 132 52 that
1156 2669 49 55 is
1243 2672 142 68 why
1425 2670 251 72 Aghone
1718 2669 233 55 carried
1991 2676 106 48 out
2136 2669 118 55 this
2298 2688 203 36 severe
2542 2672 193 52 order.

757 2762 324 73 according
1105 2768 62 49 to
1194 2780 138 52 you,
1362 2765 102 52 the
1491 2768 272 49 moment
1790 2767 110 51 has
2183 2762 159 55 cried
2371 2766 94 62 he,
2500 2761 24 17 ff
2530 2764 25 53 l
2583 2766 155 51 have

500 2874 154 55 gone
692 2855 178 74 again
906 2862 61 49 to
1005 2862 95 66 get
1135 2860 103 51 the
1275 2856 133 73 ring
1443 2857 25 53 I
1503 2857 216 54 buried
1757 2858 193 53 under
1985 2860 103 51 the
2125 2862 188 60 stone,
2355 2858 122 53 and
2515 2857 25 53 I
2579 2860 157 51 have

502 2952 283 54 attached
816 2950 46 55 it
891 2956 62 49 to
989 2968 114 36 one
1138 2950 65 54 of
1234 2953 103 52 the
1371 2952 148 53 ends
1552 2951 65 53 of
1648 2953 103 52 the
1787 2951 187 53 cable.
2052 2951 158 53 Here
2242 2950 50 54 is
2326 2952 102 52 the

500 3046 136 54 And
674 3047 76 52 he
788 3045 247 54 showed
1072 3043 128 55 him
1240 3062 36 36 a
1312 3043 169 55 thick
1520 3045 162 64 cord,
1723 3043 155 71 sixty
1919 3045 181 68 yards
2138 3044 159 71 long,
2337 3044 193 54 rolled
2570 3060 167 54 upon

498 3138 177 56 itself.
747 3137 110 56 His
884 3143 224 50 master
1134 3137 357 71 questioned
1518 3137 130 55 him
1675 3155 65 37 as
1768 3143 61 49 to
1856 3139 165 53 what
2048 3139 102 53 the
2181 3137 278 54 fourteen
2487 3138 250 70 daggers

499 3233 120 54 did.
693 3233 93 55 He
814 3231 230 72 replied
1072 3234 133 53 that
1233 3234 144 69 they
1408 3231 314 55 remained
1751 3231 269 65 faithful,
2055 3231 121 55 and
2205 3231 143 54 held
2376 3231 362 54 themselves

499 3329 187 68 ready
726 3327 98 54 for
864 3344 121 53 any
1024 3344 321 52 necessary
1386 3331 192 49 event.
1662 3326 129 54 The
1834 3326 199 71 forger
2073 3326 145 54 bent
2259 3324 93 56 his
2394 3326 161 54 head
2596 3342 64 37 as
2705 3341 34 39 a

499 3422 186 53 token
730 3421 66 54 of
840 3420 396 55 satisfaction.
1326 3420 93 54 He
1464 3420 293 70 betrayed
1802 3419 264 71 surprise
2113 3420 122 54 and
2283 3435 150 38 even
2480 3417 259 72 disquiet

498 3517 177 52 when
699 3515 250 71 Aghone
977 3515 200 53 added
1199 3517 133 51 that
1358 3516 75 52 he
1459 3515 125 53 had
1608 3531 143 37 seen
1776 3531 36 37 a
1836 3515 150 52 cock
2014 3513 202 55 cleave
2242 3531 34 37 a
2301 3513 438 55 candelabrum

498 3608 64 55 in
590 3614 119 50 two
736 3608 147 55 with
912 3606 94 57 his
1034 3607 176 66 beak,
1243 3608 223 72 plunge
1496 3606 93 56 his
1619 3606 195 55 vision
1843 3606 129 55 into
2003 3609 150 52 each
2184 3612 136 65 part
2351 3606 64 55 in
2445 3612 141 49 turn
2618 3607 121 54 and

500 3720 103 53 cry
637 3707 123 61 out,
796 3701 278 73 flapping
1108 3701 92 56 his
1233 3700 189 73 wings
1455 3700 147 56 with
1635 3700 225 56 frantic
1889 3706 402 49 movements:
2364 3700 50 55 It
2448 3700 49 55 is
2532 3706 107 49 not
2675 3718 64 37 as

500 3801 97 54 far
628 3817 64 38 as
724 3816 116 39 one
870 3800 294 71 imagines
1196 3800 163 54 from
1388 3801 104 53 the
1522 3816 108 38 rue
1662 3800 73 54 de
1764 3800 61 54 la
1854 3798 150 56 Paix
2033 3804 62 50 to
2127 3800 104 53 the
2264 3800 171 69 place
2469 3800 82 53 du
2585 3800 116 53 Pan-

498 3899 209 53 theon:
750 3899 103 53 the
891 3897 369 54 lamentable
1300 3897 181 69 proof
1518 3895 120 57 will
1679 3897 232 69 shortly
1951 3897 76 53 be
2348 3897 131 53 The
2519 3895 220 55 hermit

500 3995 161 65 crab,
691 3995 294 54 mounted
1011 4011 81 37 on
1117 4012 36 37 a
1177 3993 155 71 fiery
1358 3995 182 64 steed,
1569 3994 139 55 flew
1736 3999 60 49 at
1823 3994 113 54 full
1963 3994 186 70 speed
2174 3994 262 54 towards
2462 3995 103 53 the
2592 3993 144 65 reef,

498 4092 202 55 which
730 4092 124 54 had
883 4091 322 56 witnessed
1231 4093 102 53 the
1361 4090 243 73 hurling
1631 4092 65 53 of
1723 4109 35 37 a
1784 4090 153 55 stick
1964 4092 81 69 by
2075 4109 36 37 a
2136 4092 245 53 tatooed
2424 4107 148 48 arm,
2607 4108 130 51 asy-
