3355 5377
542 4298 62 45 46

565 984 130 56 him
740 984 366 72 attentively.
1193 985 131 55 The
1367 985 281 72 morning
1694 985 169 56 mists
1908 990 153 53 have
2107 988 311 56 vanished.
2507 989 130 54 The
2680 993 118 48 two

564 1079 329 70 wayfarers
928 1078 160 56 issue
1126 1084 60 50 at
1219 1081 103 53 the
1358 1096 167 38 same
1559 1078 147 56 time
1741 1080 163 55 from
1938 1084 149 53 each
2124 1082 126 55 side
2286 1084 66 53 of
2387 1085 103 53 the
2529 1088 149 65 pont
2717 1083 81 53 du

564 1172 334 55 Carrousel.
984 1173 263 71 Though
1291 1173 145 70 they
1480 1173 127 55 had
1650 1189 183 39 never
1878 1191 141 38 seen
2066 1178 149 52 each
2262 1178 190 63 other,
2501 1175 45 55 it
2590 1194 125 36 was
2764 1193 34 36 a

564 1265 237 55 mutual
840 1264 398 73 recognition!
1322 1266 205 70 Truly,
1570 1265 46 55 it
1657 1283 123 38 was
1821 1266 291 74 touching
2170 1274 62 49 to
2292 1287 98 37 see
2449 1272 168 52 these
2677 1274 120 48 two

561 1357 225 73 beings,
826 1360 320 69 separated
1181 1359 81 70 by
1302 1375 123 56 age,
1465 1359 167 55 unite
1668 1359 157 55 their
1861 1360 161 56 souls
2057 1360 64 55 in
2159 1362 255 71 nobility
2452 1364 66 53 of
2556 1363 238 71 feeling.

564 1453 71 54 At
668 1452 167 65 least,
876 1454 151 53 such
1060 1453 205 54 would
1300 1454 155 54 have
1490 1454 155 53 been
1679 1455 103 53 the
1818 1453 252 70 opinion
2105 1456 66 53 of
2207 1458 173 52 those
2415 1459 139 52 who
2591 1457 205 54 would

560 1547 155 52 have
747 1547 258 68 stopped
1037 1546 209 54 before
1278 1545 119 56 this
1432 1547 298 70 spectacle
1762 1547 202 55 which
1997 1565 168 38 more
2196 1551 150 52 than
2380 1567 131 48 one,
2547 1568 151 36 even
2731 1550 65 53 of

561 1658 35 35 a
621 1638 456 56 mathematical
1104 1645 140 49 turn
1270 1641 66 54 of
1362 1639 188 66 mind,
1578 1642 204 53 would
1808 1642 155 54 have
1989 1642 196 55 found
2212 1642 261 73 moving.
2521 1645 271 69 Mervyn,

563 1738 155 50 tears
760 1732 329 74 streaming
1130 1735 179 53 down
1351 1733 92 56 his
1486 1735 151 64 face,
1682 1736 260 71 thought
1982 1737 78 53 he
2100 1754 123 37 was
2265 1736 277 73 meeting,
2590 1742 61 50 at
2690 1741 104 51 the

559 1825 326 74 beginning
917 1827 66 55 of
1012 1826 93 55 his
1136 1827 106 54 life
1271 1845 66 36 so
1368 1833 61 49 to
1460 1828 206 70 speak,
1702 1846 36 36 a
1769 1826 276 72 precious
2080 1835 252 65 support
2363 1830 62 55 in
2457 1832 203 54 future
2692 1834 67 52 ad-

559 1918 283 56 versities.
911 1921 84 54 Be
1024 1922 342 68 persuaded
1392 1923 132 52 that
1552 1923 102 53 the
1681 1923 174 53 other
1882 1921 131 56 said
2039 1923 271 73 nothing.
2380 1924 146 56 This
2555 1926 49 55 is
2630 1928 164 52 what

562 2014 73 53 he
679 2012 125 55 did:
851 2015 77 52 he
970 2014 297 54 unfolded
1309 2017 104 52 the
1454 2016 145 53 sack
1642 2017 76 52 he
1758 2015 164 66 bore,
1966 2019 237 68 opened
2245 2021 103 52 the
2391 2022 231 62 mouth,
2670 2021 123 52 and

559 2105 221 73 seizing
817 2109 103 52 the
959 2110 193 67 youth
1191 2108 82 70 by
1312 2110 103 52 the
1453 2110 176 63 head,
1672 2111 238 68 pushed
1948 2109 93 56 his
2080 2111 196 55 whole
2317 2111 163 71 body
2519 2111 129 56 into
2689 2115 103 51 the

558 2216 223 39 canvas
808 2200 308 71 envelope.
1164 2200 171 56 With
1360 2200 93 57 his
1480 2202 447 55 handkerchief
1953 2205 76 53 he
2055 2203 123 56 tied
2205 2222 81 53 up
2314 2208 103 52 the
2446 2207 118 53 end
2590 2205 200 55 which

556 2294 211 54 served
804 2311 63 38 as
903 2312 78 36 an
1016 2299 303 50 entrance.
1396 2296 254 70 Mervyn
1684 2298 236 54 uttered
1955 2297 167 55 shrill
2159 2298 166 65 cries,
2362 2299 108 54 but
2507 2302 76 52 he
2617 2299 173 55 lifted

556 2389 101 52 the
683 2389 145 54 sack
851 2387 122 56 like
1000 2406 35 37 a
1060 2388 229 55 bundle
1317 2389 65 54 of
1410 2390 245 65 clothes,
1686 2392 121 53 and
1834 2392 228 53 several
2088 2391 176 55 times
2292 2391 89 56 hit
2405 2394 103 53 the
2537 2398 253 65 parapet

555 2481 65 53 of
668 2481 103 54 the
817 2480 209 73 bridge
1075 2481 146 55 with
1270 2481 61 55 it.
1424 2482 174 55 Then
1646 2486 101 51 the
1797 2482 247 71 patient,
2098 2486 178 52 made
2327 2503 197 37 aware
2573 2487 67 53 of
2687 2488 102 52 the

556 2573 284 73 cracking
868 2575 66 54 of
962 2574 93 55 his
1084 2575 206 65 bones,
1320 2593 124 37 was
1474 2575 193 56 silent.
1726 2575 236 72 Unique
1990 2594 175 38 scene
2192 2577 201 56 which
2422 2596 80 36 no
2534 2580 255 54 novelist

556 2666 118 54 will
711 2684 137 37 ever
881 2666 207 56 invent
1125 2666 200 74 again!
1405 2669 47 53 A
1487 2669 257 55 butcher
1778 2672 218 69 passed
2032 2669 204 74 sitting
2272 2689 79 36 on
2387 2674 103 52 the
2526 2679 163 48 meat
2725 2673 63 53 in

557 2758 90 57 his
690 2766 142 48 cart.
917 2760 93 54 An
1048 2760 338 55 individual
1426 2779 145 39 runs
1613 2768 62 50 to
1716 2762 145 67 him,
1904 2769 269 65 requests
2213 2764 130 55 him
2382 2771 62 49 to
2487 2771 134 65 stop
2666 2768 121 53 and

555 2871 160 52 says:
1018 2853 49 55 is
1105 2873 36 35 a
1177 2855 117 71 dog
1331 2857 139 53 shut
1507 2873 81 53 up
1625 2856 64 54 in
1723 2856 121 56 this
1881 2857 170 66 sack;
2087 2857 92 55 it's
2215 2875 242 55 mangy,
2496 2858 107 55 kill
2640 2860 44 54 it
2722 2878 65 36 as

553 2945 245 71 quickly
846 2964 65 37 as
1357 2949 130 53 The
1534 2947 407 74 interrogated
1988 2967 221 54 person
2275 2953 198 53 shows
2540 2951 247 56 himself

554 3039 238 72 willing.
875 3041 130 53 The
1043 3039 387 72 interruptor,
1473 3042 244 73 moving
1756 3043 111 65 off,
1910 3061 127 38 sees
2078 3061 36 38 a
2154 3061 204 55 young
2397 3044 110 73 girl
2547 3045 65 55 in
2651 3063 135 55 rags

555 3133 248 72 holding
841 3136 108 52 her
988 3135 167 53 hand
1194 3139 105 49 out
1335 3139 62 50 to
1437 3135 146 54 him.
1666 3136 155 55 How
1859 3138 96 53 far
1992 3139 148 53 then
2176 3137 121 55 will
2335 3141 103 53 the
2477 3139 207 72 height
2722 3141 65 53 of

554 3225 90 55 his
682 3226 285 71 audacity
1006 3228 121 54 and
1164 3227 253 71 impiety
1454 3231 258 53 stretch?
1792 3229 93 56 He
1921 3230 160 73 gives
2119 3232 110 54 her
2265 3232 176 55 alms!
2522 3232 128 55 Tell
2689 3250 97 37 me

552 3321 269 54 whether
862 3337 121 53 you
1024 3321 205 55 would
1269 3321 122 55 like
1434 3340 97 36 me
1571 3328 62 49 to
1673 3322 319 56 introduce
2032 3342 122 52 you
2198 3342 166 38 some
2408 3327 186 54 hours
2635 3327 151 54 later

550 3419 60 49 to
634 3415 103 53 the
763 3414 151 54 door
936 3414 66 54 of
1027 3431 35 38 a
1085 3419 230 51 remote
1341 3415 542 73 slaughter-house.
1932 3418 128 54 The
2083 3418 258 55 butcher
2363 3421 111 53 has
2500 3422 285 53 returned

551 3508 122 53 and
709 3507 300 72 throwing
1046 3507 92 56 his
1178 3508 237 55 burden
1454 3514 62 49 to
1557 3512 188 63 earth,
1789 3510 132 55 said
1958 3516 62 49 to
2061 3510 93 56 his
2193 3517 216 51 mates:
2455 3510 8 18 f
2473 3511 165 57 'Let's
2678 3514 105 54 kill

552 3600 116 55 this
716 3617 224 56 mangy
992 3602 116 72 dog
1544 3604 197 54 There
1792 3621 100 37 are
1942 3605 140 54 four
2130 3606 65 54 of
2242 3608 170 53 them
2462 3608 122 53 and
2632 3610 150 52 each

548 3693 182 56 seizes
774 3693 93 55 his
911 3697 387 53 accustomed
1339 3698 296 53 hammer.
1720 3697 136 55 And
1899 3704 99 64 yet
2041 3701 144 68 they
2228 3699 253 55 hesitate
2524 3701 259 55 because

547 3789 102 53 the
686 3790 145 52 sack
871 3805 205 39 moves
1116 3789 304 70 violently.
1522 3789 201 56 'What
1763 3791 267 55 emotion
2071 3793 175 55 holds
2479 3793 148 55 cries
2667 3811 116 36 one

547 3882 66 52 of
643 3883 184 60 them,
864 3882 208 71 slowly
1108 3884 287 72 lowering
1432 3884 93 55 his
1564 3901 148 38 arm.

739 4029 145 55 This
939 4031 116 71 dog
1104 4030 327 71 whimpers
1482 4031 147 56 with
1683 4032 257 73 anguish
1992 4033 122 55 like
2165 4050 168 38 some
2650 4033 131 55 said

546 4126 271 61 another,
869 4121 129 57 'one
1026 4125 204 54 would
1256 4124 178 55 think
1462 4127 77 54 he
1568 4127 371 55 understood
1966 4129 166 53 what
2160 4127 126 55 fate
2314 4127 256 55 awaited
