3355 5377
560 4201 60 45 16

556 852 104 47 this
702 853 124 59 only
869 854 276 48 alternates
1188 856 126 47 with
1356 857 88 46 the
1485 870 129 45 pure
1654 859 165 48 dance
1861 862 102 46 and
2005 878 156 31 never
2203 865 311 47 encroaches
2556 880 143 45 upon
2741 867 63 47 its

556 934 240 48 essential
833 935 163 60 unity.

721 1016 112 47 The
861 1017 210 58 antique
1098 1017 165 47 dance
1292 1032 69 32 on
1389 1018 88 48 the
1505 1020 148 47 other
1681 1021 156 57 hand,
1868 1038 106 32 was
2002 1024 254 48 dualistic.
2320 1027 110 47 The
2456 1028 107 57 legs
2591 1028 214 55 danced,

555 1097 88 48 the
670 1112 139 33 arms
834 1098 195 54 talked;
1058 1099 88 46 the
1171 1099 193 47 dancer
1389 1115 107 32 was
1525 1101 107 48 also
1659 1117 30 31 a
1717 1104 350 60 chirosopher.
2129 1107 110 46 The
2265 1107 290 49 decorative
2582 1109 224 59 position

556 1178 56 47 of
648 1179 89 48 the
772 1193 141 35 arms
950 1195 107 32 was
1095 1181 238 58 replaced
1372 1181 70 59 by
1480 1183 87 46 the
1606 1183 292 58 significant
1935 1191 216 53 gesture.
2223 1190 110 45 The
2373 1195 200 52 gesture
2613 1192 102 46 had
2753 1196 52 42 to

556 1261 63 47 be
659 1261 115 48 able
811 1266 52 43 to
903 1276 92 45 say
1035 1261 302 60 everything
1644 1279 91 44 say
1775 1267 301 58 everything
2114 1269 53 45 in
2205 1270 86 46 the
2330 1271 215 47 clearest
2582 1272 225 58 possible

878 1344 112 46 The
1017 1343 292 59 expressive
1338 1344 237 49 faculties
1605 1345 55 48 of
1688 1347 88 47 the
1806 1361 113 33 arm
1948 1363 134 32 were
2112 1350 328 57 possibilities
2471 1353 172 46 which
2673 1369 134 30 were

559 1423 360 60 meticulously
965 1425 221 47 studied:
1251 1426 88 47 the
1383 1427 157 55 hand,
1586 1427 123 56 free,
1754 1430 186 46 moved
1986 1430 423 61 independently;
2472 1436 127 44 each
2644 1434 162 59 finger

555 1505 105 48 had
689 1505 65 49 its
786 1506 127 55 role;
963 1521 98 33 one
1091 1512 117 53 part
1238 1506 56 48 of
1474 1509 251 59 language
1758 1510 55 47 of
1841 1511 88 47 the
2201 1506 344 67 (chironomy)
2582 1530 108 33 was
2720 1515 88 48 the

881 1587 56 48 of
974 1588 88 48 the
1373 1584 388 66 (dactylology).

721 1669 146 47 Thus
887 1670 165 46 dance
1075 1671 103 46 and
1199 1671 322 59 pantomime
1543 1671 204 49 formed
1769 1674 53 46 in
1847 1674 163 47 Greek
2032 1675 150 47 times
2206 1691 28 31 a
2256 1676 253 60 complete
2530 1679 276 56 ensemble,

558 1749 153 49 while
748 1751 88 48 the
871 1752 165 47 dance
1074 1752 55 46 of
1166 1753 88 47 the
1289 1753 159 48 ballet
1486 1753 41 48 is
1564 1753 198 50 limited
1799 1756 70 58 by
1907 1755 136 48 fixed
2081 1757 290 58 gymnastic
2409 1758 256 49 formulae
2705 1761 100 46 and

556 1832 275 48 alternates
868 1831 127 49 with
1029 1833 88 48 the
1151 1834 337 58 pantomime.

724 1915 136 49 Here
898 1931 88 32 are
1024 1915 55 48 in
1118 1917 144 47 short
1300 1917 88 47 the
1426 1916 312 49 similarities
1778 1919 232 47 between
2048 1920 87 47 the
2173 1919 163 49 Greek
2376 1921 164 48 dance
2578 1924 102 45 and
2719 1924 86 46 the

556 1997 170 49 ballet.
792 1997 111 49 The
932 1997 278 60 technique
1240 1998 56 48 of
1325 1998 87 48 the
1443 1998 157 48 ballet
1630 2004 195 43 creates
1858 2016 29 31 a
1919 2006 192 53 system
2142 2001 56 46 of
2228 2001 236 48 artificial
2494 2009 308 50 movement,

555 2080 177 48 whose
773 2080 230 48 smallest
1043 2080 181 47 details
1266 2095 86 32 are
1393 2080 377 56 foreordained,
1814 2081 318 59 prescribing
2172 2084 87 46 the
2300 2084 284 58 amplitude
2625 2085 55 48 of
2717 2087 88 47 the

557 2161 207 50 various
799 2167 324 42 movements
1160 2161 184 48 within
1380 2161 210 49 definite
1625 2161 174 57 limits,
1840 2161 198 61 subject
2072 2169 52 42 to
2160 2164 63 47 its
2261 2164 237 50 inherent
2533 2167 132 58 logic
2703 2167 100 45 and

557 2243 172 60 acting
772 2256 144 47 upon
958 2244 89 48 the
1355 2243 56 47 of
1454 2257 128 46 pure
1627 2244 153 56 form,
1825 2244 221 49 without
2090 2245 190 60 paying
2325 2247 251 47 attention
2620 2254 52 41 to
2717 2250 86 46 the

558 2324 212 61 specific
815 2324 256 48 emotions
1119 2324 57 48 of
1220 2325 336 58 pantomime.
1638 2326 70 45 Its
1755 2325 323 48 mechanical
2125 2327 102 47 and
2274 2327 289 49 decorative
2609 2344 194 33 canons

555 2421 88 33 are
672 2404 324 56 inalterable;
1029 2405 39 49 it
1097 2406 95 48 has
1223 2406 211 47 evolved
1466 2405 225 60 through
1722 2412 103 42 two
1854 2407 255 47 centuries
2140 2407 56 48 of
2225 2408 394 59 uninterrupted
2648 2410 129 47 tradi-

555 2487 125 48 tion.
749 2487 114 49 The
899 2487 209 59 antique
1142 2487 164 48 dance
1342 2487 122 49 does
1499 2493 92 42 not
1626 2493 206 52 present
1869 2489 127 47 such
2032 2488 379 60 homogeneity,
2447 2492 88 45 the
2570 2491 236 47 intrinsic

555 2570 102 47 law
692 2569 56 48 of
781 2570 89 47 the
903 2570 165 46 dance
1101 2569 42 46 is
1178 2570 99 46 less
1315 2568 217 48 evident.
1601 2570 110 46 The
1749 2570 164 46 Greek
1946 2569 164 47 dance
2146 2570 219 56 formed,
2402 2572 162 47 above
2600 2573 81 55 all,
2718 2574 87 46 the

558 2650 289 60 gymnastic
884 2652 103 45 and
1023 2651 264 58 rhythmic
1322 2650 139 47 basis
1499 2650 55 47 of
1587 2651 87 46 the
1712 2651 334 58 pantomime.
2119 2653 109 45 The
2265 2653 156 47 ballet
2458 2668 68 32 on
2561 2654 88 47 the
2684 2669 89 32 con-

558 2736 156 55 trary,
745 2731 42 49 is
818 2746 128 45 pure
975 2732 164 47 dance
1169 2732 102 46 and
1303 2731 62 48 its
1398 2731 234 59 spiritual
1665 2737 209 42 content
1901 2731 42 48 is
1975 2734 273 56 expressed
2278 2734 226 57 through
2534 2736 88 45 the
2652 2735 126 47 inter-

559 2813 122 60 play
715 2813 57 48 of
806 2813 252 47 balanced
1093 2813 130 48 lines
1261 2813 102 46 and
1399 2827 210 32 masses.

726 2894 88 59 My
851 2909 187 32 reason
1077 2893 83 47 for
1197 2893 239 59 insisting
1474 2907 142 44 upon
1652 2894 86 46 the
1779 2895 214 56 parallel
2031 2896 232 45 between
2301 2896 87 45 the
2427 2901 103 42 two
2570 2897 155 58 styles
2764 2896 41 47 is

556 2976 115 48 that
730 2990 160 44 many
950 2976 247 46 elements
1258 2975 172 47 which
1491 2990 95 31 our
1646 2975 278 47 reformers
1986 2975 118 47 seek
2165 2976 54 46 in
2262 2977 87 46 the
2393 2977 209 58 antique
2643 2979 165 45 dance

557 3071 87 35 are
699 3057 211 59 already
964 3062 207 53 present
1227 3057 101 45 and
1383 3056 393 58 harmoniously
1833 3056 281 58 developed
2167 3057 55 46 in
2277 3057 87 47 the
2418 3058 157 48 ballet
2629 3060 178 46 dance.

556 3137 357 50 Emmanuel's
947 3138 157 56 book,
1142 3138 174 46 which
1353 3138 41 46 is
1435 3154 25 30 a
1501 3152 180 32 source
1719 3138 56 47 of
1812 3139 263 46 authentic
2112 3138 355 56 information,
2506 3140 142 48 deals
2686 3140 122 58 only

556 3220 126 48 with
719 3221 88 47 the
842 3219 289 60 gymnastic
1168 3219 122 56 side,
1328 3221 88 45 the
1453 3233 128 44 pure
1618 3220 163 46 dance
1818 3220 56 46 of
1908 3220 87 47 the
2033 3222 267 46 orchestic.
2371 3221 111 46 The
2520 3221 288 58 expressive

556 3301 123 57 side,
712 3303 88 47 the
832 3302 322 58 pantomime
1185 3301 56 48 of
1270 3301 102 48 this
1407 3306 92 50 art,
1534 3301 41 47 is
1608 3307 91 42 not
1731 3316 127 32 even
1890 3302 222 47 touched
2146 3316 142 44 upon
2320 3303 53 46 in
2405 3303 80 46 his
2519 3304 160 45 work.

723 3384 93 47 Let
848 3398 61 33 us
943 3398 83 33 see
1057 3383 122 48 how
1210 3382 103 49 this
1347 3382 322 59 pantomime
1703 3398 105 33 was
1841 3382 279 58 produced.
2187 3383 126 48 Was
2346 3383 39 48 it
2418 3398 29 33 a
2479 3384 107 47 free
2617 3384 158 59 impro-

556 3464 222 49 visation
808 3463 266 61 springing
1102 3464 139 47 from
1270 3465 87 47 the
1384 3464 279 59 legendary
1690 3466 102 59 joie
1821 3466 64 46 de
1914 3467 138 45 vivre
2081 3465 55 46 of
2164 3465 86 48 the
2280 3465 204 47 ancient
2515 3465 178 56 Greek,
2722 3465 86 47 the

556 3547 301 59 expression
892 3547 55 47 of
982 3547 81 46 his
1101 3546 302 59 sensibility,
1459 3562 29 30 a
1523 3552 106 41 sort
1665 3547 55 46 of
1754 3546 408 58 choreographic
2197 3546 444 58 impressionism?
2714 3547 95 45 We

557 3627 165 60 might
750 3628 153 47 think
936 3644 55 31 so
1023 3629 40 45 if
1094 3645 77 30 we
1201 3628 198 47 heeded
1430 3629 196 45 certain
1656 3627 398 59 propogandists
2086 3628 56 47 of
2170 3629 88 46 the

726 3709 109 48 Our
875 3710 213 59 literary
1129 3711 307 46 documents
1481 3712 149 45 alone
1689 3710 185 47 suffice
1916 3715 52 42 to
2011 3724 157 44 prove
2211 3710 87 47 the
2338 3714 258 54 contrary.
2672 3710 137 46 True

558 3792 19 46 I
613 3806 86 34 am
732 3792 94 48 but
859 3806 31 33 a
922 3790 261 50 mediocre
1217 3791 268 49 humanist
1521 3792 101 47 and
1657 3807 98 32 can
1790 3791 153 48 make
1978 3807 68 32 no
2081 3796 240 52 pretence
2355 3796 51 43 at
2440 3790 368 59 paleography.

559 3874 267 47 Moreover
867 3874 87 47 the
995 3873 218 49 existent
1250 3879 149 49 texts,
1456 3874 88 47 the
1600 3873 273 48 collection
1930 3873 56 46 of
2042 3873 173 46 which
2272 3887 106 33 was
2418 3873 171 58 begun
2628 3872 55 47 in
2722 3873 88 47 the

560 3952 111 49 16th
705 3959 234 55 century,
976 3969 87 33 are
1099 3955 371 58 fragmentary.
1541 3956 111 47 The
1688 3956 106 47 sole
1831 3954 242 48 evidence
2108 3952 275 60 belonging
2417 3959 52 41 to
2504 3955 88 46 the
2628 3952 181 48 classic

556 4035 198 60 period,
787 4037 90 47 the
909 4035 208 49 treatise
1151 4051 70 33 on
1254 4038 88 47 the
1378 4036 165 48 dance
1576 4038 70 57 by
1684 4034 343 57 Aristoxenes,
2064 4036 87 47 the
2187 4034 282 49 illustrious
2504 4034 216 49 theorist
2754 4033 56 49 of
