3355 5377
2677 4387 59 45 21

490 1082 86 46 the
607 1081 156 46 ballet
797 1094 217 45 appears
1047 1084 363 51 monotonous,
1446 1094 55 33 as
1533 1080 42 47 is
1606 1080 88 48 the
1725 1082 272 45 measured
2029 1095 143 32 verse
2205 1079 54 48 of
2291 1080 86 47 the
2408 1083 120 55 poet
2560 1084 51 42 to
2644 1078 87 48 the

491 1162 307 46 uncultured
839 1176 101 33 ear.

654 1243 167 46 These
859 1242 277 46 assertions
1176 1257 85 32 are
1299 1243 282 57 supported
1616 1243 68 58 by
1723 1243 372 47 incontestable
2133 1243 255 47 evidence.
2461 1241 114 47 And
2613 1255 119 32 now

491 1325 85 45 the
609 1323 279 47 reformers
922 1323 163 47 admit
1116 1325 87 45 the
1236 1325 158 46 ballet
1427 1325 197 46 scoffed
1659 1329 51 42 at
1740 1325 186 58 during
1960 1340 30 30 a
2023 1330 207 53 quarter
2264 1324 55 46 of
2352 1338 29 31 a
2414 1328 216 53 century
2663 1323 69 57 by

490 1404 86 47 the
610 1404 115 47 elite
760 1419 54 32 as
848 1405 117 46 well
999 1420 55 31 as
1087 1405 88 47 the
1208 1420 244 33 common
1485 1406 143 55 herd,
1663 1407 92 46 but
1788 1407 122 57 they
1945 1405 163 48 admit
2141 1405 38 46 it
2213 1405 122 57 only
2368 1410 52 40 to
2453 1404 209 47 combat
2695 1404 39 45 it

491 1486 86 45 the
618 1486 177 46 better.
874 1486 125 59 Slily
1040 1487 122 58 they
1203 1492 82 53 try
1327 1492 51 42 to
1420 1488 156 46 crush
1617 1487 38 47 it
1696 1488 220 45 beneath
1959 1486 132 46 their
2132 1491 199 52 respect
2372 1486 101 45 and
2514 1486 219 56 relegate

491 1566 38 47 it
568 1572 51 41 to
660 1567 87 46 the
788 1581 253 33 museum.
1120 1567 26 16 ff
1151 1569 135 58 Very
1531 1569 123 58 they
1694 1583 105 43 say,
1844 1566 26 17 ff
1874 1569 93 44 but
2006 1583 97 31 can
2143 1582 78 31 we
2263 1572 215 52 attempt
2517 1566 217 57 nothing

491 1649 145 45 new?
708 1647 79 48 Do
820 1663 104 44 you
955 1649 149 47 insist
1136 1663 142 44 upon
1310 1650 86 46 the
1430 1650 281 57 monopoly
1744 1649 55 46 of
1832 1649 86 46 the
1950 1648 163 46 dance
2143 1649 69 57 by
2244 1648 86 46 the
2364 1648 186 45 ballet?
2560 1647 9 16 1
2577 1646 10 17 '

657 1729 115 47 And
809 1730 141 46 what
987 1730 40 46 if
1065 1730 21 46 I
1123 1730 98 46 do?
1296 1729 230 59 Frankly
1562 1730 142 46 these
1742 1729 262 58 questions
2045 1745 137 30 seem
2219 1735 51 40 to
2309 1745 82 30 me
2430 1729 303 57 suspicious.

491 1810 141 58 Why
656 1812 188 45 should
867 1826 97 31 one
989 1826 55 32 so
1069 1812 256 57 earnestly
1347 1812 121 45 seek
1490 1812 141 45 what
1655 1826 96 30 one
1776 1812 93 44 has
1893 1812 208 57 already
2125 1812 198 56 found.?
2384 1811 139 57 Why
2549 1809 185 47 should

493 1906 97 32 one
629 1893 203 57 replace
871 1907 29 31 a
937 1892 148 58 thing
1123 1891 172 48 which
1334 1906 98 32 one
1471 1891 229 59 publicly
1741 1893 284 57 approves?

659 1973 125 46 Two
824 1972 311 47 formidable
1173 1972 187 47 armies
1401 1988 86 32 are
1523 1973 215 57 leagued
1777 1972 199 58 against
2013 1973 87 46 the
2137 1972 156 47 ballet
2330 2001 66 4 —
2431 1972 147 46 those
2617 1972 118 45 who

494 2055 65 45 do
594 2059 91 41 not
720 2069 82 31 see
839 2055 101 45 and
975 2053 171 59 prefer
1181 2059 52 42 to
1269 2055 174 54 touch,
1478 2059 52 41 to
1565 2055 141 54 hear,
1742 2060 52 40 to
1831 2054 113 54 feel,
1982 2055 103 44 and
2120 2055 148 45 those
2302 2055 119 44 who
2460 2055 151 45 could
2645 2058 91 41 not

494 2134 41 45 if
569 2135 121 58 they
728 2136 186 46 would.
985 2135 100 46 But
1118 2135 88 47 the
1242 2135 180 47 classic
1457 2136 157 46 ballet
1650 2140 174 53 strong
1860 2135 53 46 in
1948 2136 63 45 its
2048 2135 247 47 tradition
2330 2135 54 45 in
2423 2136 313 45 accordance

495 2216 126 45 with
658 2217 86 45 the
783 2215 147 58 spirit
966 2215 54 47 of
1059 2216 150 46 order
1247 2217 101 45 and
1386 2215 270 59 discipline
1694 2216 172 46 which
1905 2217 251 46 animates
2194 2217 86 46 the
2319 2217 115 46 elite
2471 2216 56 46 of
2563 2216 172 58 today,

496 2297 103 45 will
641 2297 233 58 triumph
916 2312 121 31 over
1079 2297 102 47 this
1223 2298 307 58 conspiracy
1572 2298 54 46 of
1667 2298 86 46 the
1794 2298 146 45 blind
1983 2298 102 45 and
2126 2298 86 46 the
2253 2298 267 57 paralytic,
2564 2298 172 45 which

496 2378 20 45 I
552 2378 133 46 shall
719 2393 156 32 never
908 2393 146 32 cease
1088 2383 52 42 to
1174 2379 283 46 denounce.

662 2459 121 58 May
819 2460 143 46 these
1000 2458 99 48 few
1137 2459 127 47 lines
1303 2460 82 46 aid
1423 2461 92 45 her
1551 2460 251 57 triumph!

1990 2556 215 44 Andre
2246 2555 313 45 Levinson

1785 2658 256 46 (translated
2069 2658 114 46 from
2216 2658 69 38 the
2312 2658 169 38 French
2512 2658 54 47 by
2594 2659 48 37 K.
2674 2657 65 46 C.)
