3355 5377
695 763 238 61 /C\ne
954 775 162 49 must
1138 770 167 53 learn
1331 768 99 55 the
1454 770 295 69 language
1772 772 60 52 in
1854 770 200 54 which
2076 786 78 38 an
2178 774 91 50 art
2291 768 220 69 speaks
2534 768 47 67 if
2603 784 114 37 one

658 844 43 74 /
778 844 147 106 Jis
961 870 58 48 to
1054 864 156 56 have
1245 881 36 36 a
1313 869 266 65 mastery
1613 866 65 67 of
1712 865 130 54 that
1877 871 109 49 art.

874 985 148 55 Like
1059 987 79 53 all
1174 987 193 67 forms
1408 988 65 66 of
1508 992 110 63 art,
1658 988 246 54 interior
1942 988 349 55 decoration
2329 987 195 54 draws
2566 1004 166 52 upon

648 1097 189 52 many
866 1081 200 54 others
1095 1083 98 66 for
1221 1084 72 52 its
1322 1083 232 68 perfect
1584 1083 441 70 individuality.
2097 1085 51 54 It
2165 1083 111 55 has
2299 1085 71 53 its
2400 1101 136 37 own
2567 1085 162 66 laws,

653 1177 72 51 its
760 1192 136 37 own
932 1175 341 69 technique,
1309 1178 72 52 its
1419 1193 135 38 own
1586 1177 283 69 rewards,
1905 1179 123 53 and
2063 1182 43 51 it
2141 1181 46 52 is
2224 1196 113 38 one
2374 1181 65 67 of
2475 1180 100 53 the
2610 1180 118 66 few

654 1276 120 48 arts
815 1271 129 53 that
979 1272 199 54 works
1219 1273 61 53 in
1319 1271 167 55 three
1524 1272 391 55 dimensions.

650 1396 52 53 It
738 1395 296 55 demands
1071 1395 155 54 wide
1264 1395 313 55 academic
1614 1396 374 69 knowledge,
2027 1414 36 38 a
2103 1398 300 70 thorough
2440 1415 182 53 grasp
2663 1398 65 67 of

650 1492 326 67 principles
1020 1491 123 54 and
1183 1493 265 67 practice
1491 1497 59 49 to
1596 1492 375 55 understand
2013 1511 64 37 as
2120 1496 133 52 well
2296 1513 63 36 as
2404 1502 57 47 to
2508 1500 214 49 create.

653 1613 124 57 The
812 1616 133 54 Arts
979 1616 50 54 &
1064 1616 367 54 Decoration
1467 1616 299 54 Practical
1803 1615 198 56 Home
2037 1616 192 70 Study
2269 1614 222 58 Course
2530 1620 60 51 in
2628 1619 96 52 In-

649 1713 179 52 terior
856 1711 367 55 Decoration
1254 1713 47 53 is
1331 1729 35 37 a
1392 1713 187 53 result
1609 1713 64 66 of
1703 1712 100 54 the
1831 1713 383 55 remarkable
2246 1714 268 54 demand
2544 1713 179 55 made

648 1822 166 52 upon
857 1806 100 54 the
999 1808 317 67 magazine
1359 1808 98 66 for
1500 1807 428 56 authoritative
1973 1811 498 68 comprehensive
2516 1811 206 53 know-

646 1900 170 69 ledge
855 1918 78 37 on
974 1901 117 55 this
1128 1903 252 68 subject.

646 2026 127 54 The
796 2044 209 36 course
1029 2044 205 37 covers
1256 2044 178 51 every
1452 2027 192 69 phase
1667 2028 65 66 of
1754 2030 244 52 interior
2021 2029 348 54 decoration
2396 2031 326 69 beginning

642 2121 145 53 with
810 2121 458 67 fundamentals
1295 2121 123 55 and
1441 2123 349 69 explaining
1813 2124 150 54 each
1987 2128 371 65 progressive
2382 2132 148 63 step,
2558 2127 161 54 illus-

645 2215 194 53 trated
866 2215 144 53 with
1040 2232 36 37 a
1101 2215 221 54 wealth
1349 2216 64 67 of
1436 2218 265 67 pictures
1729 2218 123 52 and
1881 2218 174 68 clear,
2086 2220 216 67 simple
2332 2225 136 48 text.

646 2340 142 54 This
817 2357 210 36 course
1054 2342 46 51 is
1126 2341 281 52 essential
1431 2345 58 48 to
1516 2357 35 36 a
1577 2340 258 53 cultural
1861 2338 322 55 education
2210 2340 123 53 and
2361 2357 35 36 a
2419 2342 298 66 necessity

644 2440 57 48 to
726 2434 169 54 those
917 2435 137 53 who
1079 2435 191 53 desire
1295 2440 57 48 to
1375 2436 182 52 make
1581 2436 153 53 their
1757 2436 435 68 surroundings
2210 2452 169 37 more
2399 2436 315 67 beautiful.

643 2560 127 54 The
809 2559 288 54 directors
1137 2560 65 67 of
1241 2559 100 54 the
1380 2575 210 38 course
1626 2575 101 38 are
1765 2558 233 55 Harold
2036 2558 356 55 Donaldson
2432 2559 284 54 Eberlein

644 2656 122 54 and
786 2656 214 67 Nancy
1024 2656 64 54 V.
1112 2653 375 56 McClelland
1508 2656 341 67 consulting
1869 2655 123 53 and
2013 2657 334 67 practicing
2369 2656 346 54 decorators

643 2751 64 66 of
744 2751 274 53 national
1054 2752 364 66 reputation.

644 2876 125 54 The
798 2874 295 69 Advisory
1122 2875 255 68 Faculty
1407 2875 270 53 includes
1706 2875 150 53 such
1889 2874 441 68 distinguished
2361 2876 353 52 authorities

639 2988 64 36 as
747 2971 263 54 William
1049 2971 315 67 Emerson,
1402 2970 291 68 Director,
1732 2970 439 54 Architectural
2209 2969 238 69 School,
2488 2970 227 55 Massa-

640 3065 265 55 chusetts
947 3065 279 54 Institute
1268 3066 65 67 of
1376 3065 414 69 Technology;
1851 3065 207 69 Huger
2098 3066 226 69 Elliott,
2386 3066 326 70 Principal,

636 3159 451 70 Pennsylvania
1115 3159 280 55 Museum
1427 3161 122 53 and
1580 3159 222 56 School
1833 3163 66 67 of
1927 3162 330 54 Industrial
2286 3163 132 67 Art;
2449 3163 266 55 Richard

638 3254 64 55 F.
743 3253 187 71 Bach,
972 3258 66 65 of
1077 3255 99 54 the
1216 3257 401 68 Department
1654 3259 66 66 of
1756 3257 329 55 Industrial
2122 3259 121 67 Art,
2284 3258 428 71 Metropolitan

637 3349 283 55 Museum
963 3352 65 67 of
1070 3352 129 66 Art;
1266 3352 285 68 Whitney
1598 3353 270 68 Warren,
1932 3353 321 69 Architect,
2319 3356 122 53 and
2482 3356 230 68 Phyllis

636 3444 361 69 Acherman,
1027 3445 110 54 Ph.
1170 3446 72 54 D.

640 3571 126 53 The
791 3588 210 37 course
1027 3573 46 52 is
1099 3572 342 68 completed
1469 3573 60 52 in
1558 3573 392 67 twenty-four
1978 3573 227 55 lessons
2236 3576 280 67 covering
2539 3592 35 37 a
2597 3576 114 65 full

638 3684 159 50 year.
880 3667 108 54 We
1022 3667 157 54 shall
1216 3667 71 54 be
1321 3667 142 69 glad
1501 3673 57 49 to
1596 3668 150 54 send
1784 3684 120 53 you
1943 3686 34 36 a
2015 3669 243 55 booklet
2291 3672 202 68 giving
2528 3689 35 36 a
2596 3673 115 66 full

636 3761 384 69 description.

488 3969 574 243 Hrts
1157 3969 230 230 &
1476 3969 1361 230 Decoration

627 4307 105 83 50
773 4282 233 85 Uldt
1051 4304 108 85 47
1174 4280 98 85 th
1321 4280 287 85 Street
1770 4316 29 35 *
1963 4282 209 105 ]Vew
2502 4285 201 109 City
