3591 4414
1735 144 89 53 160

157 277 84 40 und
270 275 248 53 ehemaligen
539 275 238 53 Dirigenten
807 276 70 41 des
894 278 184 49 Vereins,
1107 279 136 40 Herrn
1258 278 207 41 Professor
1493 277 155 42 Bisch
1662 278 82 48 off,

158 341 39 39 in
228 353 42 27 so
300 339 171 39 schöner
499 338 140 40 Weise
685 340 309 52 vorgezeichnet
1041 341 123 40 ward.
1219 340 136 40 Durch
1399 340 110 40 seine
1556 340 189 40 amtliche

158 401 227 52 Thätigkeit
412 401 50 39 ist
491 402 109 39 Herr
628 414 79 28 von
739 403 280 41 Wasielewski
1048 403 229 41 verhindert
1315 403 179 47 worden,
1532 404 85 40 sich
1647 404 74 40 häu-

157 467 99 50 figer
285 465 58 38 als
371 463 193 42 Virtuose
593 465 73 40 auf
689 465 153 41 seinem
872 467 278 45 Instrumente,
1192 465 72 40 der
1294 465 177 49 Violine,
1518 479 49 27 zu
1596 467 125 52 produ-

155 528 132 47 ciren;
317 540 69 28 um
417 540 43 28 so
489 529 118 40 mehr
637 529 155 40 freuten
812 529 73 39 wir
907 541 86 35 uns,
1022 529 89 39 dass
1141 529 184 40 derselbe
1355 541 76 28 uns
1461 529 42 40 in
1533 530 111 41 einer
1674 530 71 40 der

151 590 145 40 letzten
326 590 370 54 Versammlungen
726 592 69 40 des
824 590 427 42 Beethoven-Vereins
1281 592 127 40 durch
1439 592 80 40 den
1548 593 197 40 wahrhaft

152 651 324 42 künstlerischen
505 654 176 52 Vortrag
726 655 108 40 eines
879 653 265 40 David'schen
1185 653 217 42 Concertes
1448 655 188 41 erfreute.
1691 655 53 40 So

151 714 94 40 sehr
274 714 76 41 wir
381 716 101 39 auch
522 716 42 40 in
593 717 78 39 den
700 716 300 47 wiederholten,
1037 716 193 41 reichlich
1269 719 197 50 gezollten
1495 719 142 40 Beifall
1674 719 70 40 des

153 776 201 42 zahlreich
404 779 303 39 versammelten
751 778 281 40 Auditoriums
1075 779 272 48 einstimmen,
1390 793 45 27 so
1477 785 164 37 müssen
1672 782 74 38 wir

152 841 206 50 gestehen,
388 841 89 39 dass
508 840 72 39 wir
609 841 184 40 dennoch
823 841 65 40 die
919 842 252 51 allgemeine,
1200 843 255 40 bedeutende
1484 845 84 38 und
1597 844 125 52 gründ-

154 903 105 40 liche
301 903 280 40 musicalische
609 902 177 54 Bildung
825 904 71 40 des
938 905 137 40 Herrn
1115 919 79 27 von
1225 907 293 47 Wasielewski,
1564 908 64 40 die
1677 907 69 39 ihn

156 978 100 38 ganz
284 964 216 40 besonders
531 964 190 52 befähigt,
760 966 119 40 einen
908 966 408 54 Dirigenten-Posten
1361 969 100 40 nach
1493 971 104 38 allen
1626 968 96 41 Rich-

157 1032 149 46 tungen
339 1026 69 39 hin
439 1027 157 52 würdig
627 1028 264 49 auszufüllen,
920 1029 129 41 höher
1079 1030 153 41 achten.

233 1196 109 39 Herr
371 1196 162 52 Aloys
564 1196 174 41 Ander
780 1196 69 40 hat
877 1196 40 40 in
948 1197 229 39 Darmstadt
1216 1196 78 40 den
1324 1197 251 53 günstigsten
1604 1199 139 51 Erfolg

149 1257 74 41 mit
249 1258 156 41 seinem
442 1258 225 51 Gastspiele
696 1258 160 52 gehabt.
900 1258 155 40 Ausser
1082 1258 79 40 den
1190 1259 263 39 lebhaftesten
1486 1259 235 41 Beifalls-Be-

150 1333 238 40 zeugungen
419 1321 154 39 Seitens
603 1321 70 39 des
702 1320 247 48 Publicums,
978 1321 65 39 die
1071 1320 83 40 sich
1187 1321 38 39 in
1244 1321 290 47 Hervorrufen,
1564 1323 42 39 in
1627 1324 87 38 Wer-

150 1383 67 40 fen
260 1396 79 26 von
383 1383 172 39 Blumen
599 1383 81 39 und
710 1383 188 39 Kränzen
944 1383 110 39 kund
1101 1383 148 47 thaten,
1293 1384 142 39 erhielt
1463 1385 108 39 Herr
1599 1385 143 40 Ander

150 1458 92 26 vom
273 1444 297 52 Grossherzoge
600 1444 270 53 eigenhändig
909 1445 65 39 die
1011 1446 172 51 goldene
1213 1446 427 42 Verdienst-Medaille
1671 1448 72 42 mit

150 1508 91 39 dem
273 1507 138 40 Bande
440 1508 64 39 für
532 1508 133 39 Kunst
693 1508 83 39 und
809 1507 291 42 Wissenschaft
1141 1509 84 39 und
1254 1521 76 27 von
1362 1509 72 40 der
1464 1510 103 40 Frau
1600 1511 118 41 Gross-

147 1569 192 53 herzogin
369 1569 89 40 eine
487 1570 246 51 prachtvolle
762 1570 301 42 BrillantnadeL

229 1719 246 43 Messasa,
507 1715 36 40 8.
573 1715 96 41 Mai.
726 1715 82 41 Am
838 1718 38 38 3.
904 1715 83 41 Mai
1030 1715 136 42 feierte
1195 1716 65 41 die
1291 1718 83 39 Th.
1405 1718 240 41 Schneid
1663 1733 53 26 er-

147 1778 121 40 sehe
297 1778 378 40 Musikschule
704 1778 63 39 ihr
797 1778 277 53 zweijähriges
1099 1779 283 52 Stiftungsfest.
1413 1781 78 39 Zur
1508 1781 235 52 Einleitung

146 1842 86 39 und
256 1841 226 52 Eröffnung
513 1842 70 39 des
604 1842 135 39 Festes
769 1841 107 40 hatte
907 1841 64 40 ein
994 1843 170 40 Schüler
1193 1844 72 39 der
1281 1843 287 48 Musikschule,
1596 1845 147 39 Ferd.

149 1904 277 47 Diedicke,
472 1903 132 53 einige
653 1909 131 35 ernste
828 1904 144 40 Worte
1015 1916 92 28 zum
1151 1905 266 40 Gedächtniss
1463 1907 69 38 des
1578 1918 166 40 grossen

148 1967 159 40 Todten
340 1966 283 40 Friedrich
653 1966 294 41 Schneider
974 1969 265 51 gesprochen.
1351 1970 44 38 W
1396 1971 7 16 T
1409 1970 35 39 ir
1471 1970 134 40 haben
1634 1971 111 39 nicht

148 2029 151 52 nöthig,
346 2029 199 40 Weiteres
586 2030 101 39 über
717 2029 64 40 die
811 2030 147 40 Schule
987 2031 123 40 selbst
1140 2032 81 39 und
1250 2033 123 39 deren
1398 2032 267 53 Einrichtung
1696 2046 48 26 zu

146 2092 221 46 berichten,
418 2092 81 38 und
543 2092 160 39 können
750 2092 85 40 dies
874 2093 66 39 bei
971 2092 253 54 denjenigen,
1267 2095 152 40 welche
1449 2096 197 40 Interesse
1676 2097 45 39 da-

145 2158 64 36 für
248 2154 148 47 haben,
440 2156 57 37 als
537 2154 176 40 bekannt
753 2161 299 35 voraussetzen:
1096 2157 103 39 doch
1241 2157 48 39 ist
1328 2170 40 27 es
1399 2170 73 27 uns
1503 2159 90 40 eine
1623 2172 96 39 ange-

145 2217 146 39 nehme
322 2215 155 47 Pflicht,
522 2217 78 40 den
629 2217 307 53 Bestrebungen
973 2219 73 40 des
1073 2220 137 39 Herrn
1241 2220 86 40 Th.
1357 2220 289 42 Schneider
1676 2222 64 40 die

145 2278 307 52 Anerkennung
482 2278 205 41 öffentlich
718 2281 336 52 auszusprechen.
1110 2282 122 52 Möge
1277 2295 42 26 er
1361 2283 127 39 durch
1517 2283 218 40 reichliche

150 2342 162 51 Erfolge
342 2342 116 39 dafür
489 2342 167 40 belohnt
695 2344 185 39 werden!
938 2344 103 40 Eine
1084 2344 195 52 Prüfung,
1322 2345 64 40 die
1432 2351 113 43 erste,
1587 2348 153 39 welche

151 2417 64 26 am
244 2403 66 40 20.
339 2416 35 27 v.
403 2405 91 39 Mts.
519 2405 99 39 Statt
647 2405 105 47 fand,
783 2406 67 39 hat
878 2419 75 26 uns
983 2407 125 39 schon
1137 2407 118 40 einen
1287 2408 265 39 erfreulichen
1582 2408 158 42 Beweis

150 2467 63 38 für
242 2466 65 39 die
339 2466 288 40 Wirksamkeit
655 2467 70 39 des
755 2467 180 40 Instituts
965 2470 194 50 gegeben.
1216 2469 55 39 Es
1309 2469 146 39 kamen
1500 2471 62 38 bei
1610 2471 130 40 dieser

150 2527 184 52 Prüfung
364 2528 526 51 Compositions-Versuche
913 2530 70 39 der
1001 2531 167 39 Schüler
1197 2544 90 26 zum
1305 2532 186 51 Vortrag,
1521 2533 81 39 und
1633 2534 107 39 dann

148 2590 141 39 wurde
320 2591 72 38 das
422 2591 648 52 Instrumental-Zusammenspiel
1088 2594 134 51 geübt.
1251 2594 61 39 Im
1331 2594 281 51 Allgemeinen
1641 2597 74 39 kön-

149 2664 80 27 nen
259 2652 74 39 wir
364 2654 101 39 über
495 2653 65 40 die
590 2654 87 39 hier
717 2654 205 52 gezeigten
953 2655 243 52 Leistungen
1235 2657 71 38 der
1336 2657 168 41 Schüler
1532 2671 77 27 nur
1640 2660 75 39 Ver-

148 2716 223 39 bindliches
403 2729 136 39 sagen,
589 2730 119 26 wenn
738 2718 101 39 auch
868 2717 223 47 bisweilen,
1133 2731 44 27 so
1208 2720 218 38 besonders
1455 2720 55 40 im
1540 2720 199 54 Vortrage

148 2778 108 40 eines
298 2780 286 50 Ilaydn'schen
616 2780 238 46 Triosatzes,
894 2781 72 38 der
1004 2781 170 39 Schüler
1213 2786 121 34 etwas
1378 2794 91 27 zum
1512 2782 226 40 Vorschein

149 2840 102 40 kam.
282 2842 192 52 Dagegen
508 2842 166 39 wurden
704 2842 151 39 wieder
884 2842 132 52 einige
1046 2843 159 44 Stücke,
1235 2855 43 28 so
1308 2857 31 25 z.
1371 2843 45 40 B.
1447 2844 64 39 ein
1541 2844 95 39 Trio
1662 2857 76 27 von

150 2903 240 47 Beethoven,
435 2904 71 39 mit
548 2904 291 40 erstaunlicher
867 2904 208 40 Präcision
1120 2905 204 39 executirt.
1439 2906 91 39 Von
1562 2906 144 52 Compo-

151 2964 395 41 sitions-Versuchen
599 2967 71 39 der
714 2967 170 39 Schüler
928 2967 145 40 kamen
1119 2967 63 40 ein
1227 2968 265 48 Quartettsatz
1537 2982 78 27 von
1661 2971 76 38 Fr.

153 3026 216 47 Bartels,
399 3028 63 38 ein
494 3027 94 40 Lied
620 3028 64 40 für
713 3029 89 39 eine
832 3029 260 51 Singstimme
1122 3029 70 40 mit
1221 3030 240 52 Begleitung
1491 3032 68 39 des
1590 3033 122 38 Piano-

154 3088 99 39 forte
282 3101 76 26 von
387 3090 147 39 Ferd.
566 3090 254 40 Diedicke
858 3092 82 38 und
984 3092 63 40 ein
1079 3092 266 48 Quarteitsatz
1376 3105 75 27 von
1482 3095 44 39 L.
1558 3094 149 41 Grütz-

157 3149 202 40 macher
389 3163 67 27 zur
486 3153 271 52 Aufführung.

232 3296 45 38 In
310 3296 266 52 Hamburg
621 3298 65 39 hat
730 3299 63 40 ein
836 3300 196 48 Tenorist,
1077 3302 107 39 Herr
1223 3302 282 40 Friedrich
1549 3304 191 52 Young,

149 3358 138 52 gastirt
316 3358 85 39 und
431 3358 93 39 sehr
553 3360 180 49 gefallen.
790 3362 119 38 Seine
943 3363 273 51 jugendliche,
1262 3364 149 39 schöne
1441 3365 168 40 Stimme
1641 3366 99 39 wird

147 3421 201 51 gerühmt.
407 3421 75 40 Die
512 3421 497 55 Engagemenis-Anträge
1042 3426 73 39 der
1144 3428 185 50 dortigen
1361 3427 205 41 Direction
1600 3428 65 39 hat
1697 3442 43 26 er

150 3484 94 38 aber
273 3482 113 40 nicht
414 3496 310 39 angenommen.
767 3486 188 51 Dagegen
987 3488 65 39 hat
1082 3489 107 39 Herr
1218 3489 205 52 Eppich
1453 3489 120 40 einen
1603 3503 133 27 neuen
1736 3497 6 7 1

149 3544 173 52 Vertrag
350 3546 73 38 mit
452 3546 217 50 Hamburg
699 3547 319 51 abgeschlossen,
1063 3551 71 38 der
1173 3551 84 39 ihm
1302 3551 106 40 3500
1439 3551 110 40 Thlr.
1582 3552 157 47 Gehalt,

148 3609 25 36 4
203 3607 111 40 Thlr.
345 3607 333 52 Spiel-Honorar,
722 3609 195 40 sechsmal
947 3611 213 40 monatlich
1206 3613 205 51 garantirt,
1456 3614 64 40 ein
1560 3614 71 40 mit
1660 3614 80 40 200

152 3669 138 39 Thlrn.
320 3670 236 50 garantirtes
586 3670 166 40 Benefiz
783 3671 83 39 und
897 3672 116 39 einen
1042 3674 148 39 Urlaub
1222 3688 77 26 von
1328 3676 132 39 einem
1481 3677 161 39 Monate
1673 3690 45 26 zu-

150 3730 156 40 sichert.
334 3731 96 40 Man
448 3732 113 46 sieht,
592 3732 91 40 eine
713 3737 94 47 gute
834 3734 294 41 Tenorstimme
1157 3736 48 40 ist
1234 3737 64 39 ein
1328 3739 110 39 recht
1467 3739 271 52 angenehmes

150 3792 166 51 Capital.
359 3794 214 52 Hamburg
602 3795 155 40 scheint
797 3797 230 50 überhaupt
1056 3797 64 40 ein
1150 3798 200 40 Eldorado
1381 3800 63 40 für
1474 3800 152 52 Sänger
1655 3802 83 39 und

150 3856 277 51 Sängerinnen
470 3870 49 25 zu
560 3858 98 39 sein.
714 3858 119 40 Auch
865 3859 189 40 Fräulein
1086 3859 295 42 Liebhardt
1420 3875 75 26 von
1534 3864 71 40 der
1634 3865 36 39 k.
1700 3865 37 39 k.

152 3917 109 50 Oper
290 3918 39 39 in
360 3918 124 40 Wien
514 3919 66 39 hat
609 3920 40 39 in
670 3921 215 53 Hamburg
913 3922 140 52 gastirt
1082 3923 82 38 und
1193 3935 166 39 grossen
1376 3924 141 40 Beifall
1546 3929 190 48 geärntet.

153 3978 93 39 Wie
275 3993 111 38 gross
416 3981 130 40 dieser
578 3983 136 40 Beifall
744 3997 200 38 gewesen,
984 3998 93 39 mag
1107 3997 71 27 aus
1208 3984 93 40 dem
1331 3986 216 40 Umstände
1577 3988 138 40 hervor-

153 4040 139 50 gehen,
336 4043 89 39 dass
456 4044 64 39 ein
553 4044 245 52 hamburger
827 4047 281 39 Kunstfreund
1150 4046 83 40 sich
1276 4047 165 40 erboten
1471 4048 78 46 hat,
1596 4050 141 46 12,000

154 4102 159 40 Gulden
341 4104 436 43 Conventional-Slrafe
807 4110 61 38 für
898 4110 189 39 Fräulein
1112 4109 219 40 Liebhardt
1360 4123 46 26 zu
1437 4111 153 46 zahlen,
1620 4124 116 27 wenn

152 4164 109 40 diese
291 4164 114 41 ihren
435 4167 170 53 Vertrag
635 4168 40 41 in
710 4169 120 40 Wien
858 4171 176 40 brechen
1079 4172 81 39 und
1190 4171 85 40 sich
1305 4171 42 40 in
1378 4172 211 52 Hamburg
1618 4185 95 40 enga-

1843 281 113 50 giren
1986 284 130 40 lassen
2145 284 144 40 wollte.
2346 284 53 40 So
2429 284 196 42 berichtet
2654 287 64 41 die
2750 286 386 43 Theater-Chronik.
3190 288 97 41 Ob's
3317 291 112 39 wahr

1843 342 60 48 ist,
1933 345 146 41 wissen
2111 347 71 40 wir
2210 348 124 39 nicht.

1922 474 216 42 Rossini
2169 477 100 40 wird
2299 477 54 40 im
2382 476 122 40 Juni
2533 477 103 40 nach
2667 478 146 41 Paris
2843 481 144 52 gehen.

1923 604 81 40 Am
2036 605 208 41 Mittwoch
2288 607 50 41 ist
2382 607 42 41 in
2465 608 150 40 Paris
2661 608 89 41 eine
2793 622 104 27 neue
2928 610 111 52 Oper
3068 625 78 27 von
3175 612 139 41 Scribe
3344 613 83 40 und

1841 665 140 41 Victor
2001 668 130 39 Masse
2162 670 183 50 gegeben
2375 670 176 47 worden,
2581 670 64 40 die
2676 670 78 40 den
2784 671 103 41 Titel
2916 672 130 40 führt:
3074 674 100 47 „Die
3203 675 124 41 Braut
3357 677 69 39 des

2058 731 82 47 (La
2168 734 144 46 fiancee
2342 735 49 35 du
2424 735 171 49 Dicible).

1922 858 74 40 Die
2027 858 111 41 Stadt
2166 860 273 42 Bordeaux
2485 862 68 41 hat
2598 863 64 40 die
2692 864 165 41 Summe
2895 877 80 28 von
2998 867 172 47 600,000
3199 868 148 40 Francs
3377 882 50 27 zu

1842 918 159 53 einigen
2030 920 442 52 Reparatur-Arbeiten
2511 926 107 41 ihres
2664 928 192 40 Theaters
2970 928 110 41 eines
3110 929 72 41 der
3211 930 216 41 schönsten

1841 981 40 40 in
1910 982 164 53 Europa
2185 985 129 41 votirt.
2361 987 81 39 Am
2472 988 65 39 30.
2565 989 130 51 April,
2723 990 169 40 Abends
2925 981 68 60 IIV
3016 981 22 60 2
3061 981 91 60 Uhr,
3181 993 150 41 schloss
3361 995 67 39 die

1841 1046 115 39 letzte
1985 1046 260 54 Vorstellung
2354 1049 84 39 und
2481 1062 66 27 am
2576 1051 214 51 folgenden
2821 1053 111 52 Tage
2968 1068 137 28 waren
3144 1056 64 40 die
3236 1057 193 41 Arbeiter

1840 1109 124 40 schon
1994 1122 63 27 am
2091 1111 164 41 Werke.

1920 1250 112 39 Nach
2072 1251 78 39 den
2189 1251 440 44 übereinstimmenden
2659 1255 214 40 Berichten
2914 1257 72 40 der
3014 1259 232 51 englischen
3276 1260 150 42 Blätter

1839 1313 82 39 und
1950 1314 77 38 den
2053 1314 181 40 directera
2249 1315 269 42 Nachrichten
2549 1330 69 27 aus
2636 1317 171 41 London
2837 1319 147 40 erfreut
3012 1320 83 39 sich
3125 1322 75 39 der
3225 1323 202 41 Kölner

1837 1375 186 40 Männe
2034 1388 88 39 rge
2134 1378 356 51 sang-Verein
2534 1379 41 40 in
2606 1380 171 39 London
2815 1380 103 40 auch
2947 1381 41 39 in
3018 1382 152 42 diesem
3200 1384 121 42 Jahre
3353 1387 73 40 der

1837 1437 313 41 freundlichsten
2178 1439 244 49 Aufnahme,
2466 1442 110 40 eines
2605 1442 255 41 zahlreichen
2888 1444 203 41 Besuches
3129 1447 84 38 und
3242 1448 69 40 des
3341 1449 64 40 leb-

1837 1500 197 41 haftesten
2057 1502 185 40 Beifalles
2271 1503 156 41 Seitens
2457 1505 71 40 des
2557 1505 248 40 Publicums.

2032 3602 110 34 ISie
2174 3602 538 39 Riederrlieinisclie
2742 3607 464 47 Musik-Keitun^

1832 3660 201 37 erscheint
2054 3662 119 46 jeden
2203 3663 184 49 Samstag
2415 3665 42 35 in
2495 3666 242 37 mindestens
2777 3669 127 35 einem
2940 3682 156 35 ganzen
3133 3671 157 47 Bogen;
3342 3672 54 38 all-

1832 3715 220 35 monatlich
2081 3715 97 36 wird
2205 3716 63 35 ihr
2297 3718 63 35 ein
2387 3718 334 39 Literatur-Blatt
2749 3720 258 50 beigegeben.
3116 3723 82 35 Der
3226 3724 160 39 Abonne-

1832 3769 235 46 mentspreis
2096 3768 160 49 beträgt
2272 3771 63 34 für
2358 3771 69 36 das
2444 3773 199 46 Halbjahr
2674 3777 19 32 2
2714 3774 122 45 Thlr.,
2865 3776 65 35 bei
2956 3776 75 34 den
3059 3776 47 34 K.
3128 3788 152 35 preuss.
3299 3779 114 37 Post-

1834 3821 211 35 Anstalten
2076 3824 19 33 2
2115 3823 107 34 Thlr.
2253 3824 22 34 5
2300 3823 87 48 Sgr.
2415 3826 98 35 Eine
2542 3828 178 35 einzelne
2739 3828 190 35 Nummer
2951 3831 23 32 4
2995 3828 84 49 Sgr.
3110 3830 303 52 Einrückungs-

1835 3874 215 36 Gebühren
2079 3886 70 36 per
2174 3875 209 38 Petitzeile
2418 3882 19 32 2
2470 3879 86 48 Sgr.

1884 3928 129 34 Briefe
2041 3927 81 35 und
2152 3929 291 50 Zusendungen
2474 3932 99 37 aller
2609 3932 74 37 Art
2712 3932 159 37 werden
2895 3937 117 32 unter
3046 3934 69 36 der
3144 3936 170 39 Adresse
3345 3939 68 37 der

1829 3981 55 37 M.
1913 3981 570 50 DuMont-Schauberg'schen
2511 3986 328 46 Buchhandlung
2875 3986 42 35 in
2945 3987 105 36 Köln
3078 3989 174 39 erbeten.

1949 4069 379 42 Verantwortlicher
2356 4073 304 53 Herausgeber:
2699 4075 107 38 Prof.
2835 4076 44 39 L.
2909 4076 182 42 Bischoff
3113 4080 43 38 in
3184 4081 122 39 Köln.

1898 4121 213 52 Verleger:
2139 4124 55 40 M.
2224 4125 541 53 DuMont-Schauberg'sche
2795 4129 323 55 Buchhandlung
3146 4133 42 40 in
3217 4135 122 39 Köln.

1874 4174 203 41 Drucker:
2105 4176 55 42 M.
2189 4178 436 53 DuMont-Schauberg
2655 4179 42 41 in
2726 4181 120 49 Köln,
2878 4183 254 44 Breitstrasse
3163 4188 49 39 76
3245 4200 36 27 u.
3313 4188 62 40 78.

2318 1744 617 64 Ankündigungen.

1919 1891 65 40 En
2013 1891 120 54 depot
2161 1893 96 40 chez
2287 1894 43 41 F.
2359 1894 328 43 Hofmeister
2716 1912 21 25 a
2766 1898 237 56 Leipzig:

1948 2008 84 46 99
2042 1960 361 81 iJart
2456 1965 160 79 de
2664 1965 651 84 chanter*'

2260 2071 273 52 Theorie
2589 2081 59 43 et
2706 2076 280 69 pratique

2512 2149 147 41 suivies
2688 2152 54 39 du

2093 2204 527 79 Vadeinecum
2658 2208 104 76 du
2801 2212 379 77 clianteur

1834 2311 213 35 contenant
2075 2306 71 40 des
2175 2308 201 42 exereices
2415 2311 245 41 necessaires
2701 2325 104 40 pour
2847 2316 207 48 former,
3095 2318 329 55 developper

1994 2364 37 35 et
2060 2360 233 51 egaliser
2321 2363 37 40 la
2387 2363 92 40 voix
2509 2363 118 40 eerits
2648 2365 100 41 dans
2770 2372 90 36 tous
2888 2370 57 38 les
2974 2374 88 37 tons
3092 2375 40 36 et
3158 2383 104 39 pour

2459 2422 128 36 toutes
2616 2419 57 39 les
2701 2420 93 42 voix

2575 2479 33 30 et
2636 2474 43 36 de

2334 2529 316 70 vingt-quatre
2695 2534 218 52 vocalises

2589 2623 77 37 par

2023 2659 550 52 J(Op.
2602 2663 91 50 81),
2739 2666 195 50 Propriete
2972 2669 43 36 de
3057 2670 175 38 Vauteur.

2101 2711 304 52 Enregistre
2435 2726 97 28 aux
2563 2716 245 41 archives
2848 2720 61 40 de
2938 2721 211 40 l'union.

1922 2764 170 48 Ouvrage
2130 2779 190 36 approuve
2356 2780 76 37 par
2459 2768 33 35 le
2520 2773 275 36 conservatoire
2831 2775 176 49 imperial
3045 2777 43 36 de
3116 2778 171 50 musique
3315 2787 32 30 et
3376 2782 43 35 de

1836 2817 250 37 declamalion
2115 2820 43 35 de
2187 2820 126 43 Paris,
2353 2834 75 37 par
2455 2821 14 36 l
2483 2822 147 38 Institut
2658 2825 42 36 de
2730 2826 148 37 France
2916 2829 103 36 ainsi
3046 2843 69 37 que
3139 2844 75 36 par
3241 2833 53 36 les
3323 2847 95 23 con-

1834 2873 221 34 servatoires
2085 2873 43 34 de
2155 2873 210 46 Bruxelles,
2395 2875 202 47 Marseille,
2629 2878 44 36 de
2701 2879 108 48 Liege
2838 2888 65 30 etc.
2935 2890 65 29 etc.

2506 2932 240 37 Prix:

1832 2978 207 48 L*ouvrage
2069 2979 155 50 complet
2246 2993 100 36 pour
2373 2982 187 50 Soprano,
2598 2984 325 52 Mezzo-Soprano
2960 3003 48 22 ou
3055 2991 127 36 Tenor.
3233 2993 50 35 10
3317 2993 101 38 Thlr.

3040 3044 53 35 20
3121 3045 84 47 Sgr.

2374 3087 210 47 Contralto,
2615 3092 171 48 Baryton
2816 3108 48 22 ou
2894 3095 125 39 Basse.
3052 3097 51 35 10
3129 3098 97 37 Thlr.
3257 3099 54 36 20
3332 3099 83 49 Sgr.

1833 3137 51 37 Le
1911 3139 239 35 vademecum
2178 3141 92 35 seul.
2299 3141 26 35 6
2359 3142 98 36 Thlr.
2486 3142 54 36 20
2568 3143 82 48 Sgr.

1833 3191 70 35 Les
1931 3192 52 34 24
2010 3193 181 35 vocalises
2215 3206 99 37 pour
2342 3195 187 48 Soprano,
2547 3196 324 52 Mezzo-Soprano
2888 3215 49 23 ou
2959 3202 127 38 Tenor.
3103 3205 27 35 6
3150 3205 98 37 Thlr.
3267 3206 54 36 20
3332 3207 82 48 Sgr.

1859 3271 25 17 ff
1940 3271 10 18 9
1955 3272 10 17 f
2076 3273 24 16 ff
2248 3275 24 17 ff
2347 3247 206 47 Contralto,
2586 3251 170 47 Baryton
2786 3267 48 22 ou
2863 3255 129 37 Basse.
3023 3258 26 34 6
3083 3259 98 36 Thlr.
3210 3259 54 36 20
3292 3261 85 47 Sgr.

1885 3334 85 36 Alle
1995 3337 42 34 in
2067 3336 119 36 dieser
2213 3336 313 52 Musik-Ziehung
2569 3341 274 50 besprochenen
2881 3346 81 35 und
2997 3349 299 47 angekündigten
3325 3351 90 35 Mu-

1831 3389 158 35 sicalien
2018 3396 67 30 etc.
2116 3390 87 35 sind
2232 3403 45 23 zu
2305 3393 168 35 erkalten
2500 3395 40 34 in
2571 3395 65 35 der
2663 3403 86 30 stets
2776 3398 226 50 vollständig
3039 3405 222 34 assortirten
3289 3403 126 37 Musi—

1832 3443 356 47 calien-Mandlutig
2225 3446 103 35 nebst
2364 3447 236 38 Leihanstalt
2640 3463 73 22 von
2757 3451 299 39 BERNHARD
3102 3456 223 37 BREUER
3374 3459 40 33 in

1834 3496 141 43 Köln,
2007 3497 248 37 IJochstrasse
2282 3499 68 36 Nr.
2380 3499 65 37 97.
