5466 7394
5114 6897 57 69 33

470 344 69 51 Es
594 347 68 48 ist
719 346 154 49 heute
931 347 78 46 ein
1064 359 64 34 zu
1185 344 387 52 wundervoller
1620 342 127 59 Tag,
1803 345 81 48 ein

376 431 350 58 Sommertag,
752 436 104 45 wie
880 431 118 49 kein
1030 431 236 50 anderer.
1295 431 101 50 Auf
1420 432 91 49 der
1538 430 134 50 Erde
1702 429 181 49 stehen

376 519 81 47 die
504 519 281 50 schönsten
837 518 199 57 Blüten,
1083 519 108 48 und
1236 519 160 50 durch
1447 519 97 49 den
1593 516 289 48 Weltraum

368 608 153 47 tanzt
544 606 94 48 der
656 606 168 47 Wind.
853 602 140 49 Mein
1011 602 200 52 Wesen
1235 606 101 49 löst
1367 606 111 49 sich
1505 602 86 50 auf
1614 604 51 46 in
1681 600 202 50 Freude

376 692 104 48 und
519 692 165 48 Jubel.
743 690 171 48 Meine
959 690 287 51 Qedanken
1284 691 175 55 folgen
1507 690 101 49 den
1650 686 231 53 eilenden

376 776 235 58 Wolken,
654 778 164 47 meine
861 775 287 53 Qedanken
1188 779 194 49 suchen
1428 776 192 49 schöne
1660 772 221 54 Kräuter

377 864 88 49 auf
499 863 131 50 allen
668 862 230 61 Wiesen,
941 863 86 49 auf
1066 865 100 49 den
1202 863 215 49 Wiesen
1454 862 126 47 weit
1616 873 136 45 weg,
1798 858 87 50 auf

378 950 95 49 den
511 950 227 55 Wiesen,
771 949 86 51 die
892 954 95 46 mir
1021 951 135 50 nahe
1192 950 128 50 sind.
1379 947 139 50 Mein
1551 945 196 50 Wesen
1781 946 103 49 löst

375 1039 111 48 sich
519 1035 105 48 auf:
663 1034 141 49 Mein
836 1036 197 51 Wesen
1067 1040 65 47 ist
1162 1035 196 56 Blume,
1392 1037 66 46 ist
1493 1033 64 50 all
1589 1033 93 49 das
1713 1031 168 51 sanfte

374 1120 176 59 Kraut,
583 1124 65 46 ist
677 1122 98 49 das
813 1123 156 57 Grün,
1002 1126 66 45 ist
1097 1123 89 48 der
1219 1120 138 57 Duft,
1385 1122 69 48 ist
1486 1120 80 48 die
1595 1118 162 54 Kühle
1789 1119 92 48 der

374 1208 150 57 Erde,
562 1209 67 49 ist
665 1209 84 49 die
785 1209 174 51 Sonne
992 1213 52 45 in
1081 1210 89 47 der
1209 1206 135 57 Luft,
1378 1209 68 48 ist
1484 1207 91 48 der
1608 1204 171 57 Wind,
1816 1206 69 48 ist

374 1294 83 48 die
496 1293 203 60 Wolke,
744 1297 84 49 die
864 1296 150 49 holde
1056 1295 104 48 und
1206 1293 182 55 kleine,
1446 1294 66 48 ist
1571 1293 139 55 alles,
1765 1304 116 36 was

375 1383 161 46 atmet
568 1382 104 49 und
705 1382 107 49 lebt
847 1397 63 34 an
948 1383 195 47 diesem
1177 1378 385 50 wunderbaren
1597 1378 127 54 Tag.

468 1466 81 49 An
594 1471 194 47 meiner
836 1468 139 49 Seite
1021 1467 165 53 gehen
1234 1466 79 48 die
1361 1464 521 55 hochgewachsenen

369 1551 174 52 Tiere.
616 1553 85 50 Sie
753 1555 255 49 schreiten
1053 1555 266 46 vorwärts
1369 1553 92 47 mit
1509 1551 232 58 ruhigen,
1792 1564 60 41 ge-

375 1653 277 37 messenen
673 1640 289 56 .Schritten,
998 1641 76 48 sie
1113 1638 160 50 sehen
1308 1638 139 50 nicht
1483 1651 87 36 um
1600 1638 125 48 sich.

991 1726 229 49 Deutsch
1253 1739 107 35 von
1395 1723 158 51 Nell
1588 1724 294 49 Walden

377 2036 530 98 Freunde

378 2223 193 54 Sophie
605 2233 104 35 van
745 2220 133 49 Leer

1114 2347 18 47 I

469 2431 96 47 Am
588 2429 182 50 Abend
798 2431 193 48 vorher
1021 2433 121 53 ginig
1170 2431 80 49 die
1273 2442 166 43 ganze
1467 2427 181 54 Klasse
1677 2442 66 34 zu
1765 2426 121 51 ihm.

377 2513 64 48 Cr
482 2514 144 49 hatte
667 2528 83 34 am
793 2513 221 56 Morgen
1054 2528 105 34 von
1201 2515 168 48 seiner
1416 2512 213 50 Absicht
1671 2524 186 42 gespro-

374 2598 154 48 chen:
567 2598 87 48 die
693 2598 196 49 Lehrer
930 2599 176 48 hätten
1144 2599 83 49 ihn
1268 2596 287 55 ungerecht
1595 2594 292 50 behandelt.

471 2681 88 49 Als
592 2682 98 50 alle
722 2683 257 57 gedrängt
1008 2685 141 45 seine
1181 2681 167 49 kleine
1381 2679 362 52 Studierstube
1776 2678 91 49 füll-

377 2769 102 53 ten,
528 2769 149 52 sagte
724 2780 79 36 er:
883 2766 159 57 „Dort
1096 2767 112 46 drin
1251 2767 67 46 im
1367 2763 235 50 Schrank
1648 2763 123 54 liegt
1817 2776 69 35 er.

377 2848 188 51 Nehmt
597 2852 83 48 ihn
719 2850 202 56 heraus,
958 2863 155 35 wenn
1145 2850 78 50 ihr
1537 2847 137 49 Aber
1710 2847 176 48 keiner

377 2938 120 46 tats.
562 2933 91 50 Sie
684 2933 229 55 drangen
948 2948 96 34 nur
1080 2934 50 47 in
1163 2933 99 58 ihn,
1297 2933 92 48 mit
1426 2932 194 50 derben
1653 2930 235 50 Worten.

377 3019 69 50 Er
511 3020 91 51 saß
671 3020 117 48 steif
851 3032 165 43 gegen
1088 3018 81 49 die
1234 3016 315 52 Tischkante
1617 3016 269 56 gedrückt,

376 3104 83 49 die
498 3103 155 48 Arme
688 3103 122 54 lang
847 3105 91 46 mit
979 3104 352 54 gespreiteten
1366 3100 217 51 Händen
1620 3100 127 49 über
1789 3100 101 48 den

373 3184 158 53 Tisch
572 3186 315 56 geschlagen
944 3187 104 48 und
1104 3188 191 49 starrte
1357 3185 286 49 abwesend
1698 3187 47 44 in
1809 3183 79 48 die

375 3270 195 55 Lampe
605 3270 104 49 und
745 3271 250 55 dahinter,
1028 3284 87 35 wo
1148 3270 93 49 der
1277 3269 199 50 Blonde
1510 3269 107 51 saß.
1651 3267 108 51 Aus
1798 3268 90 49 der

375 3354 308 55 Sophaecke
724 3353 263 50 flatterten
1029 3354 201 54 hastige
1268 3353 456 49 Mandolinentöne
1772 3351 89 49 her-

377 3439 141 48 über.
556 3438 222 54 Gequält
806 3439 213 47 wandte
1058 3452 55 34 er
1152 3438 99 48 den
1283 3436 146 50 Blick
1467 3436 87 49 auf
1588 3436 80 49 die
1700 3432 151 55 Kame-

379 3523 175 49 raden.
583 3521 125 51 Sein
735 3522 203 49 dichtes
969 3523 299 49 schwarzes
1297 3520 142 50 Haar
1470 3519 153 50 stand
1649 3522 124 46 wirr
1803 3532 87 36 um

379 3607 81 47 die
500 3606 244 56 schmale,
782 3607 133 49 hohe
957 3606 143 49 Stirn
1133 3606 102 50 und
1269 3604 93 52 tief
1397 3606 152 55 lagen
1589 3604 82 48 die
1708 3602 183 55 Augen

376 3692 52 47 in
473 3690 99 49 den
625 3690 582 57 dunkelumränderten,
1268 3688 337 50 brennenden
1664 3685 222 55 Höhlen;

378 3774 214 48 beinern
633 3777 185 52 ragten
863 3774 79 48 die
985 3773 469 57 Backenknochen,
1511 3772 165 48 bleich
1737 3769 124 49 über-

380 3861 188 49 spannt
604 3872 106 34 von
749 3858 355 52 mattbrauner
1147 3855 154 54 Haut.
1372 3877 6 8 •

476 3944 104 49 Der
613 3940 199 53 Blonde
848 3944 50 47 in
934 3944 90 48 der
1060 3942 139 51 Ecke
1235 3943 149 50 hörte
1421 3942 138 51 nicht
1591 3956 62 37 zu
1693 3939 193 59 spielen

378 4025 100 50 auf.
514 4026 108 50 Das
657 4026 179 50 starke
867 4026 405 55 Jungengesicht
1305 4027 90 48 mit
1432 4026 101 48 den
1563 4037 291 36 zusammen-

378 4109 330 55 gekniffenen
737 4109 196 56 Lippen
965 4112 232 52 strengte
1229 4109 111 50 sich
1372 4124 78 42 an,
1489 4112 95 47 den
1616 4107 177 49 Tönen
1825 4121 65 34 zu

374 4193 189 56 folgen.
596 4193 165 57 Dann,
799 4193 84 55 jäh
919 4193 345 59 abbrechend,
1303 4192 202 55 schlägt
1541 4208 53 34 er
1632 4204 113 43 vor,
1780 4189 83 49 auf-

377 4277 309 50 zubrechen.
707 4277 159 49 Müde
891 4279 184 47 schaut
1103 4278 89 48 der
1218 4291 84 34 am
1326 4276 155 49 Tisch
1505 4275 230 56 hinüber,
1765 4275 124 48 aber

378 4363 90 47 der
513 4361 200 51 Blonde
760 4363 130 49 sieht
937 4377 60 34 es
1060 4363 159 47 nicht:
1268 4363 128 55 „wir
1456 4360 187 48 wollen
1705 4359 183 55 gehen,

378 4446 219 55 kommt;
634 4446 39 48 's
713 4448 145 46 nützt
894 4446 131 50 doch

471 4529 156 60 Zwei,
660 4530 110 49 drei
799 4530 204 49 bleiben
1036 4529 363 55 pflichtgetreu
1428 4528 211 56 zurück,
1670 4526 219 49 machen

378 4616 146 46 einen
564 4614 193 48 letzten
795 4613 251 56 Versuch,
1086 4613 83 48 ihn
1209 4628 64 33 zu
1318 4613 307 55 überreden,
1667 4612 123 47 aber
1834 4623 54 35 er

378 4698 191 57 deutet,
606 4697 286 55 irgendwie
929 4697 253 58 lächelnd,
1218 4711 117 34 zum
1374 4695 258 50 Schrank:
1675 4694 109 57 „Da
1823 4696 65 46 ist

380 4795 53 34 er
468 4785 124 53 drin,
629 4782 176 50 nehmt
832 4784 84 49 ihn
945 4780 135 50 doch
1112 4821 12 9 .
1161 4822 10 10 .

473 4865 110 56 „Du
615 4866 100 49 bist
744 4866 178 56 krank,
953 4865 98 56 geh
1083 4863 232 52 schlafen
1341 4864 105 48 und
1478 4863 212 55 überleg
1723 4877 55 34 es
1811 4861 79 49 dir

378 4949 130 48 noch
734 4982 64 5 —

472 5032 138 55 Also,
644 5048 55 33 es
732 5047 111 37 war
876 5048 74 41 so,
982 5048 54 34 er
1064 5033 142 49 hatte
1242 5031 165 56 Recht
1439 5031 191 55 gehabt
1664 5032 90 47 mit
1789 5030 75 48 sei-

379 5130 114 34 nem
539 5114 293 50 Entschluß.
876 5116 105 49 Der
1023 5113 199 54 Blonde
1265 5116 141 48 hatte
1454 5116 101 48 ihm
1601 5113 179 49 Nichts
1825 5127 62 35 zu

379 5213 177 45 sagen,
598 5199 101 54 gab
744 5200 109 48 sich
895 5200 148 48 keine
1090 5199 173 59 Mühe,
1307 5200 87 48 ihn
1434 5197 453 50 zurückzuhalten.

379 5282 114 49 Wie
534 5285 106 55 gut,
680 5283 81 49 die
804 5283 234 48 Ausrede
1075 5298 188 41 wegen
1295 5284 95 47 der
1429 5280 459 56 Ungerechtigkeit

379 5368 88 48 der
500 5367 213 57 Lehrer,
745 5368 241 46 niemand
1016 5368 119 47 kam
1172 5367 85 48 auf
1290 5365 99 52 den
1423 5366 298 54 Gedanken,
1754 5377 102 35 war-

380 5465 81 33 um
490 5466 55 34 er
572 5465 57 34 es
656 5454 90 47 tat.
771 5450 137 48 Aber
937 5451 142 50 hatte
1107 5451 89 50 der
1221 5450 198 51 Blonde
1443 5450 138 49 denn
1608 5449 135 48 Alles
1766 5460 93 35 ver-

377 5535 226 54 gessen?
631 5534 216 49 Warum
881 5534 140 49 hatte
1053 5549 54 34 er
1136 5534 218 49 wortlos
1382 5538 49 45 in
1461 5534 89 48 der
1582 5530 305 56 Sophaecke

379 5632 249 43 gesessen
663 5618 104 49 und
800 5617 303 49 Mandoline
1136 5617 253 55 gespielt?
1426 5612 218 53 Warum
1680 5631 42 32 w
1723 5631 9 10 r
1737 5631 57 33 ar
1834 5627 53 34 er

1691 5684 5 10 ;

379 5700 136 51 nicht
547 5703 286 57 geblieben,
869 5703 73 47 als
977 5702 80 48 die
1088 5700 243 49 Anderen
1363 5715 270 40 gegangen
1665 5698 218 50 waren?

743 5775 3 18 •
760 5785 10 7 ..
1103 5775 4 18 .
1231 5775 24 18 .*'
1270 5785 5 8 ,
1606 5775 65 10 .*••••

924 5868 21 23 *
1321 5865 22 23 *

1124 5914 23 11 V

420 6036 11 13 •-
475 6009 64 52 Er
583 6011 139 48 hätte
760 6025 79 33 am
880 6009 223 55 Morgen
1142 6011 51 47 in
1231 6008 90 49 der
1363 6005 188 51 Schule
1594 6006 164 49 nichts
1798 6019 61 39 ge-

379 6098 132 52 sagt,
545 6094 122 47 aber
699 6097 101 46 wie
831 6095 146 50 sollte
1008 6109 54 34 er
1097 6108 57 36 es
1186 6092 117 49 dem
1333 6089 239 50 Blondem
1597 6093 144 44 sonst
1773 6089 87 46 mit-

382 6177 189 49 teilen?
617 6176 71 49 So
730 6182 147 50 sagte
924 6194 52 34 er
1024 6182 89 47 der
1155 6175 184 55 Klasse
1380 6188 106 36 von
1533 6174 193 49 seinem
1768 6170 92 49 Ent-

381 6261 192 56 schluß,
611 6261 91 51 der
737 6260 194 52 Blonde
964 6277 114 34 war
1116 6263 130 48 kurz
1282 6258 193 50 vorher
1512 6257 348 53 hinausgegan-

382 6363 113 41 gen.
528 6347 68 50 Er
623 6348 144 48 hatte
799 6348 236 50 leichthin
1066 6348 340 58 gesprochen,
1435 6345 129 50 aber
1598 6345 108 46 sein
1738 6341 149 48 Atem

379 6445 110 34 war
516 6430 129 49 kurz
677 6444 270 40 gegangen
977 6433 102 46 und
1110 6434 141 47 seine
1281 6429 158 55 Kehle
1472 6428 140 49 hatte
1643 6422 245 57 geklopft.

379 6513 111 49 Von
535 6516 99 46 den
677 6513 326 54 Kameraden
1049 6516 242 53 glaubten
1342 6529 56 37 es
1438 6513 84 49 die
1567 6510 322 53 Wenigsten,

382 6601 163 52 einige
583 6599 177 52 hatten
804 6597 225 54 gelacht:
1075 6599 180 56 „mach
1297 6599 115 48 dich
1450 6597 139 48 nicht
1630 6608 58 35 so
1728 6592 130 49 wich-

538 6683 193 48 andere
758 6681 219 48 wieder:
1010 6680 124 58 „Bei
1162 6682 116 49 dem
1306 6686 65 45 ist
1398 6681 105 49 wol
1533 6694 62 34 ne
1621 6677 268 50 Schraube

533 6766 137 49 Aber
699 6769 80 46 ein
813 6778 140 42 paar,
989 6765 79 49 die
1098 6766 141 48 hatte
1273 6782 53 33 er
1359 6778 168 42 genau
1561 6760 328 54 beobachtet,

2013 343 81 50 die
2127 354 182 36 waren
2345 340 418 59 hinausgerannt,
2798 340 121 49 dem
2958 338 234 52 Blonden
3227 338 148 52 nach.
3406 337 117 51 Und

2015 439 56 35 er
2117 424 141 50 hatte
2299 426 89 49 die
2429 424 257 56 Wirkung
2731 424 329 56 abgewartet
3118 455 65 8 —
3244 422 124 50 aber
3427 421 96 50 der

2013 507 199 51 Blonde
2241 522 113 37 war
2383 509 139 50 nicht
2545 509 326 58 gekommen,
2900 509 138 49 nicht
3068 507 122 52 eher
3224 507 76 50 als
3324 506 80 50 die
3434 519 62 35 an-

2013 592 162 50 deren
2208 634 10 10 .
2252 631 13 11 .
2300 595 108 47 rund
2444 607 113 35 war
2593 592 138 50 nicht
2764 592 286 55 geblieben.
3120 591 54 49 In
3210 590 312 50 machtloser

2013 675 125 51 Wut
2183 678 281 50 zerhackte
2512 692 54 38 er
2612 678 95 46 mit
2750 677 100 47 den
2897 675 239 51 scharfen
3182 674 208 50 Zähnen
3443 675 82 49 die

2012 760 284 50 blutleeren
2326 763 211 55 Lippen.

2109 857 215 50 Warum
2366 861 146 47 hatte
2552 861 84 49 ihn
2679 858 91 49 der
2812 857 201 51 Blonde
3057 872 58 36 so
3162 853 356 53 verstanden?

2013 940 151 51 Etwa
2196 957 85 34 um
2311 944 83 52 ihn
2431 945 177 53 später
2637 956 65 34 zu
2733 942 283 49 verraten?

2107 1024 96 51 Die
2253 1026 607 57 Sommernachmittage,
2908 1039 155 36 wenn
3132 1040 53 36 er
3255 1024 86 49 auf
3405 1023 117 49 dem

2013 1111 168 49 hohen
2220 1111 191 50 Pfeiler
2454 1124 80 35 am
2579 1109 259 49 Flußrand
2879 1110 200 50 sitzend
3137 1110 99 49 den
3290 1106 233 51 Blonden

2014 1199 297 54 erwartete,
2344 1196 99 49 den
2478 1210 54 34 er
2567 1197 160 46 schon
2759 1208 107 35 von
2898 1197 210 46 weitem
3140 1194 243 48 kommen
3413 1190 109 50 sah.

2012 1277 106 51 Der
2160 1278 251 50 Schatten
2444 1293 168 41 gegen
2653 1277 98 49 den
2787 1277 447 55 wässerigblauen
3273 1275 251 50 Horizont

2014 1365 183 51 wurde
2256 1367 180 48 immer
2490 1364 202 58 größer,
2758 1363 91 51 das
2908 1362 142 51 Haar
3101 1361 173 50 wehte
3334 1359 155 50 durch-

2016 1453 260 48 einander.
2366 1450 167 49 Wenn
2612 1449 89 49 der
2756 1448 197 51 Blonde
3013 1451 158 47 unten
3223 1449 139 49 steht
3417 1447 102 50 und

2015 1536 235 50 erstaunt
2286 1538 99 46 tut:
2427 1533 143 58 „Bist
2608 1534 68 47 du
2718 1534 160 48 schon
3096 1532 138 48 dann
3270 1534 159 46 starrt
3467 1545 55 35 er

2013 1617 288 50 abwesend
2333 1632 103 36 von
2472 1620 196 47 seinem
2701 1616 146 50 Buch
2878 1615 107 50 auf:
3022 1616 128 58 „ach
3182 1629 75 43 so,
3292 1614 94 56 ja/'
3420 1613 104 51 läßt

2013 1702 111 49 sich
2158 1702 237 55 langsam
2429 1702 431 55 hinuntergleiten
2897 1701 104 47 und
3039 1698 142 51 wirft
3220 1702 305 51 unterwegs

2011 1786 97 49 das
2141 1785 147 51 Buch
2324 1785 87 49 auf
2444 1786 100 48 den
2579 1784 276 50 Ufersand.

2107 1868 219 60 „Lasest
2355 1870 69 48 du
2455 1883 118 36 was

2109 1953 109 60 „Ja,
2264 1968 136 41 ganz
2448 1955 327 47 interessant.
2820 1951 151 51 Ibsen
3459 1951 65 48 du

2013 2037 188 50 kennst
2227 2052 57 36 es
2313 2052 42 34 w
2356 2052 10 10 T
2370 2038 81 48 ohl

2109 2119 173 61 „Nein,
2317 2135 120 35 man
2474 2120 191 51 könnte
2706 2135 55 35 es
2797 2132 303 36 zusammen

2109 2205 212 49 Achtlos
2361 2204 310 50 schlendern
2704 2205 77 49 sie
2818 2216 118 35 zum
2976 2200 124 52 Fluß
3141 2201 255 57 hinunter,
3438 2213 87 35 wo

2017 2288 80 51 die
2130 2287 173 50 Barke
2337 2289 98 55 lag.
2472 2287 105 50 Der
2613 2286 199 51 Blonde
2846 2287 180 50 rudert
3061 2286 103 49 und
3199 2299 55 38 er
3289 2285 131 49 liest.
3457 2281 69 50 Er

2015 2375 262 47 erinnnert
2304 2372 111 49 sich
2441 2372 144 54 jedes
2611 2371 269 52 einzelnen
2907 2369 183 57 Males,
3122 2369 67 49 da
3210 2371 77 49 sie
3319 2380 173 36 zusam-

2015 2470 121 36 men
2185 2457 214 55 gelesen
2444 2457 194 49 hatten.
2686 2453 96 52 Die
2824 2453 178 51 Sonne
3051 2453 139 50 wirft
3239 2450 286 58 glitzernde

2012 2540 316 51 Lichtstiche
2356 2540 87 49 auf
2468 2540 95 49 das
2590 2540 156 48 kaum
2772 2538 256 50 wellende
3054 2536 235 50 Wasser.
3316 2535 68 50 Es
3410 2547 115 36 war

2016 2624 273 50 traumstill
2329 2628 106 48 tind
2488 2638 55 36 er
2586 2624 192 49 konnte
2829 2625 168 49 seiner
3047 2624 217 52 eigenen
3310 2618 215 50 Stimme

2014 2708 262 50 lauschen.
2328 2707 353 55 Gleichmäßig
2726 2707 211 55 bewegt
3002 2705 109 50 sich
3175 2704 92 49 der
3327 2701 199 50 Blonde

2015 2793 314 57 gegenüber,
2365 2792 90 49 der
2491 2789 293 57 Rhythmus
2823 2792 170 48 seines
3029 2786 336 52 arbeitenden
3397 2784 98 55 Kör-

2016 2889 119 43 pers
2167 2876 122 55 geht
2318 2889 303 36 zusammen
2651 2876 91 48 mit
2769 2874 95 49 der
2895 2872 245 54 lesenden
3169 2871 234 50 Stimme.

2112 2973 182 58 Gegen
2340 2972 184 49 Abend
2565 2974 190 54 gingen
2807 2974 73 47 sie
2924 2972 139 47 dann
3123 2972 49 49 in
3235 2968 103 49 den
3401 2965 124 51 Fluß

2016 3057 185 58 baden*,
2229 3071 63 35 an
2317 3060 182 52 irgend
2524 3058 142 49 einer
2691 3055 167 53 stillen
2884 3053 159 53 Stelle
3072 3053 134 50 oben
3229 3065 171 43 gegen
3427 3050 100 50 den

2015 3140 157 51 Wald
2197 3141 104 49 und
2328 3140 356 50 schwammen
2710 3139 136 49 nach
2873 3138 90 53 der
2994 3137 229 50 anderen
3249 3134 141 52 Seite
3421 3133 81 49 hin-

2016 3224 142 51 über.
2198 3224 129 54 Kein
2361 3223 371 57 überflüssiges
2770 3221 152 50 Wort
2963 3220 185 51 wurde
3184 3217 341 58 gesprochen.

2016 3308 139 49 Das
2191 3323 114 35 war
2342 3309 93 49 das
2468 3307 258 51 verflucht
2764 3306 205 52 Schöne
3009 3318 262 43 gewesen.

2112 3391 202 59 „Willst
2351 3392 71 49 du
2462 3392 91 49 mit
2593 3392 96 49 mir
2731 3393 133 49 nach
2903 3388 179 50 Hause
3123 3402 155 35 essen
3318 3385 203 57 gehen?

2015 3474 174 51 Meine
2213 3474 198 51 Mutter
2432 3474 249 51 erlaubts.
2707 3474 85 50 Ich
2822 3473 135 49 weiß
2979 3474 117 49 eine
3120 3469 236 57 Aufgabe
3386 3467 140 51 nicht

2015 3561 67 47 im

2111 3640 173 61 „Nein,
2312 3642 154 51 heute
2494 3642 171 49 abend
2687 3642 138 48 kann
2849 3640 82 50 ich
2959 3640 152 50 nicht.
3140 3638 87 51 Ich
3251 3637 134 50 habe
3413 3637 113 50 eine

2112 3810 141 60 „Ach
2287 3824 74 42 so,
2398 3813 80 48 die
2512 3810 169 50 kleine

2111 3892 140 60 „Nee
2280 3932 12 11 .
2326 3936 12 11 .

2113 3976 95 59 „Ja
2255 4016 10 10 .
2405 3977 149 49 hatte
2594 3985 76 47 (er,
2722 3976 159 50 schon
2933 3975 196 48 wieder
3181 3971 343 57 gleichgültig,

2017 4060 440 55 widersprochen.

2112 4144 117 58 „Ich
2256 4144 138 48 kann
2422 4145 50 53 ja
2504 4157 216 41 morgen
2748 4142 115 49 früh
2895 4157 63 33 zu
2992 4142 75 48 dir
3098 4141 257 57 kommen,
3389 4137 137 49 dann

2018 4227 217 50 machen
2266 4231 97 45 wir
2398 4228 79 48 die
2510 4226 237 56 Aufgabe
2777 4238 319 37 zusammen.

2110 4310 229 59 „Danke,
2374 4313 80 50 ich
2483 4311 179 49 werde
2694 4325 59 35 es
2786 4310 165 49 schon
2985 4309 179 49 alleine

2560 4476 22 24 ❖
2957 4475 21 24 *

2760 4512 24 23 *

2112 4646 149 49 Dann
2303 4647 177 48 hatten
2523 4649 75 45 sie
2638 4659 302 35 zusammen
2983 4643 275 51 Nietzsche
3304 4642 224 55 gelesen.

2019 4731 114 48 Den
2173 4732 176 50 hatten
2390 4733 75 46 sie
2505 4730 134 49 ohne
2677 4732 245 48 weiteres
2963 4726 267 57 begriffen.
3316 4724 212 51 Einfach

2019 4816 215 53 gelesen!
2262 4816 142 48 hatte
2434 4829 54 35 er
2520 4814 107 48 und
2661 4816 89 47 der
2785 4812 199 48 Blonde
3012 4812 85 57 lag
3128 4810 167 51 neben
3324 4810 103 48 ihm
3460 4810 69 46 im

2019 4898 296 56 Waldgras,
2356 4899 142 48 hatte
2539 4898 79 47 die
2658 4897 182 48 Hände
2881 4899 148 45 unter
3074 4896 117 47 dem
3234 4892 134 56 Kopf
3408 4905 92 36 ver-

2018 4982 247 49 schränkt
2295 4982 103 48 und
2430 4982 80 48 die
2541 4981 159 54 Kniee
2733 4980 386 53 hochgezogen.
3154 4976 346 50 Blätterschat-

2018 5070 87 45 ten
2130 5065 281 55 bewegten
2441 5067 109 48 sich
2582 5063 410 56 ungleichmäßig
3025 5063 126 47 über
3187 5062 93 48 das
3316 5057 214 52 Gesicht

2017 5149 105 49 und
2153 5149 82 50 die
2271 5148 181 55 Augen
2485 5162 182 35 waren
2699 5146 479 56 halbgeschlossen.
3212 5143 79 50 Ab
3325 5142 109 49 und
3462 5156 67 35 zu

2021 5236 79 49 ein
2144 5234 449 49 anerkennendes:
2638 5233 149 55 „sehr
3034 5230 159 50 Sonst
3231 5227 195 52 Nichts.

2115 5318 127 59 „Du,
2273 5318 151 54 gehst
2453 5318 65 47 du
2549 5317 153 48 beute
2731 5315 166 49 abend
2926 5316 91 47 mit
3038 5317 52 46 in

2114 5402 126 58 „Die
2276 5401 176 54 Kleine
2491 5401 151 55 spielt
2677 5400 140 48 wohl
2857 5401 78 46 die

2115 5486 115 58 „Ich
2262 5485 187 55 glaube
2481 5526 12 11 .

2115 5569 154 59 „Nee,
2298 5569 81 50 ich
2406 5583 121 44 mag
2559 5568 214 50 Schiller

2117 5654 139 57 „Das
2306 5656 67 46 ist
2429 5653 137 49 nicht
2620 5652 164 57 wahr,
2836 5651 66 48 du
2950 5655 173 50 magst
3175 5649 81 50 die
3306 5646 225 56 Jürgens

2115 5821 156 60 „Mag

2115 5904 122 59 „Na,
2267 5905 80 50 ich
2378 5904 149 49 werd
2556 5904 128 49 dran

2126 5987 257 61 „Neulich,
2435 5991 101 48 wie
2588 5987 79 49 ich
2717 5988 168 48 meine
2937 5983 299 50 lateinische
3290 5980 237 56 Aufgabe

2023 6074 139 50 nicht
2201 6074 207 56 konnte,
2448 6073 195 48 hattest
2680 6072 68 47 du
2794 6070 129 50 auch
2966 6082 113 38 was
3125 6066 221 49 anderes

2116 6170 155 58 „Eine
2302 6169 136 49 feine
2476 6168 217 58 Manier,
2735 6169 108 48 sich
2884 6181 63 35 zu
2985 6164 391 55 revanchieren,
3412 6162 118 48 sehr

2260 6253 105 52 Der
2404 6252 198 49 Blonde
2646 6252 242 49 schürzte
2933 6252 79 48 die
3051 6249 196 53 Lippen
3285 6246 107 48 und
3431 6257 100 41 zog

2022 6340 80 51 die
2138 6337 390 50 Mundwinkeln
2565 6335 168 49 hinab.

2116 6423 67 48 Er
2223 6422 144 50 hatte
2411 6435 94 34 nur
2554 6420 93 50 das
2698 6417 212 51 Gesicht
2955 6430 168 42 gegen
3166 6416 100 49 den
3311 6412 220 49 Himmel

2022 6507 238 55 gehoben
2292 6506 102 49 und
2427 6504 247 57 gepfiffen
2709 6546 10 9 .
2755 6544 11 9 .
2797 6540 12 10 .
2845 6503 214 56 „nirnms
3094 6501 101 47 wie
3228 6498 69 48 du

2115 6591 98 47 Am
2249 6590 250 49 nächsten
2533 6588 243 55 Morgen:

2117 6674 127 58 „Du,
2298 6672 135 55 Kant
2483 6687 116 34 war
2646 6670 234 50 wirklich
2930 6671 79 47 ein
3059 6667 316 48 Phänomen.
3425 6665 105 48 Der

2023 6759 261 54 geborene

3743 338 137 60 „Der
3918 338 264 63 geborene
4216 338 240 55 Künstler
4494 346 185 49 meinst

3743 423 140 59 „Das
3916 424 199 49 kommt
4146 422 133 52 doch
4316 422 87 49 auf
4431 422 118 52 Eins
4580 426 204 53 heraus.
4809 428 108 52 Der
4948 426 171 53 Mathe-

3649 509 219 49 matiker
3904 510 66 50 ist
4004 509 138 49 doch

3745 592 113 58 „Oh
3892 595 131 53 nein,
4056 592 135 50 noch
4222 592 152 55 lange
4409 590 153 57 nicht,
4596 592 123 50 aber
4752 597 80 48 ich
4864 610 124 42 mag
5016 593 137 52 mick

3650 675 137 50 nicht
3818 676 197 50 wieder
4048 678 92 47 mit
4179 678 74 50 dir
4288 677 413 50 herumstreiten.
4735 676 80 50 Du
4849 679 115 50 hast
4997 680 153 49 heute

3648 760 185 49 deinen
3863 760 300 50 schlechten

3746 842 95 58 Oh,
3876 844 291 49 manchmal
4201 844 141 50 hatte
4378 857 54 35 er
4468 843 190 48 hörbar
4689 844 91 48 mit
4813 843 100 49 den
4947 845 206 50 Zähne«

3651 928 277 50 knirschen
3968 930 227 53 müssen,
4239 940 85 35 um
4374 927 115 49 dem
4541 925 241 49 Anderen
4827 926 146 49 keine
5021 928 101 49 Ohr-

3649 1011 137 56 feige
3816 1026 65 34 zu
3914 1011 182 55 geben.

3744 1094 118 50 Und
3890 1098 210 52 mittags
4135 1094 133 50 nach
4295 1094 112 48 fünf
4437 1094 141 50 hatte
4613 1108 54 37 er
4698 1094 137 47 dann
4869 1093 132 49 doch
5031 1096 93 46 wie-

3653 1181 93 51 der
3792 1178 87 50 auf
3925 1183 115 48 dem
4079 1178 171 49 hohen
4289 1177 190 50 Pfeiler
4523 1190 251 42 gesessen
4815 1177 107 49 und
4961 1177 196 50 lauerte

3651 1266 91 48 mit
3784 1263 305 56 gesenktem
4130 1260 135 57 Kopf
4307 1262 127 48 über
4481 1263 165 48 einem
4687 1260 163 58 Buch,
4893 1260 263 49 zwischen

3653 1362 99 42 eng
3798 1347 340 56 geschlitzten
4183 1345 374 56 Liderspalten.
4637 1344 105 49 Der
4793 1342 198 50 Blonde
5039 1343 119 49 kam

3650 1431 540 60 herangeschlendert,
4264 1432 79 49 die
4408 1428 184 51 Hände
4665 1431 53 46 in
4790 1430 97 49 den
4955 1427 166 51 Hosen-

3648 1517 222 50 taschen;
3907 1516 105 49 und
4045 1519 78 45 tat
4161 1518 299 47 erstaunter
4504 1514 76 50 als
4622 1517 161 54 sonst,
4823 1513 85 49 ihn
4945 1512 111 49 hier
5096 1525 65 34 zu

3649 1600 191 51 finden.
3896 1600 188 55 Arglos
4117 1602 150 52 sagte
4304 1613 76 34 er:

3749 1687 120 56 „Ich
3909 1685 142 52 hätte
4092 1684 141 52 nicht
4270 1683 261 57 geglaubt,
4575 1684 113 49 dich
4728 1683 109 50 hier
4880 1696 62 34 zu
4986 1679 169 50 finden

3651 1771 132 49 nach
3811 1771 151 48 heute

3746 1853 66 49 Er
3849 1854 113 55 glitt
3995 1867 123 36 vom
4158 1851 206 60 Pfeiler,
4399 1851 98 53 ließ
4533 1851 109 50 sich
4681 1852 52 48 in
4769 1850 99 49 den
4903 1847 259 51 Flußsand

3650 1936 152 53 fallen
3831 1938 105 49 und
3964 1938 77 49 las
4078 1939 115 49 eine,
4224 1936 159 51 Stelle
4413 1936 84 49 bei
4528 1934 275 50 Nietzsche
4830 1946 115 36 vor.

3745 2021 106 52 Der
3892 2021 197 50 Blonde
4131 2022 169 48 nickte
4342 2018 388 56 nachdenklich,
4773 2032 54 34 er
4867 2029 115 36 war
5023 2013 138 53 nicht

3651 2118 135 42 ganz
3820 2105 171 49 dabei:

3747 2188 128 59 „Du*
3922 2189 80 48 die
4045 2188 222 55 Jürgens
4317 2202 114 35 war
4476 2188 171 49 famos
4704 2189 213 53 gestern
4978 2181 183 51 abend.

3652 2270 222 61 Schade,
3911 2271 98 49 daß
4044 2272 68 49 du
4144 2274 75 50 sie
4252 2271 138 49 nicht
4424 2271 227 60 gesehen

3745 2354 163 60 „Hast
3940 2358 65 47 du
4034 2359 75 46 sie
4139 2355 133 49 nach
4304 2354 118 50 dem
4450 2353 224 50 Theater
4704 2351 361 57 gesprochen?

3748 2437 174 60 „Nein,
3951 2441 75 47 sie
4061 2441 144 47 hatte
4238 2438 150 50 keine

3749 2523 140 57 „Ach
3930 2524 63 56 ja,
4034 2524 74 48 sie
4149 2521 183 49 wurde
4374 2535 105 34 von
4521 2521 79 48 ein
4642 2533 127 41 paar
4810 2519 229 49 anderen
5080 2531 54 35 er-

3747 2690 148 58 „Wie
3928 2689 158 51 weißt
4118 2689 66 49 du

3747 2773 118 61 „Ich
3903 2773 131 50 habs
4071 2773 170 51 selber

3749 2857 165 59 „Hast
3948 2857 73 49 du
4060 2857 134 49 auch
4235 2859 80 46 ein
4354 2855 293 50 Verhältnis
4687 2855 91 48 mit
4816 2854 94 57 ihr,
4947 2851 103 49 daß
5094 2850 68 50 du

3653 2943 133 49 nach
3813 2942 117 49 dem
3963 2941 225 52 Theater
4223 2939 87 50 aiuf
4338 2943 74 47 sie

3747 3024 248 59 „Warum

3749 3109 103 59 „So
3881 3123 75 43 so,
3985 3109 69 49 da
4083 3110 169 48 warst
4281 3108 69 48 du
4378 3106 142 50 wohl
4547 3120 94 42 gar
4672 3109 69 45 im
4769 3104 240 56 Theater,
5041 3103 121 56 gelt,

3654 3194 93 49 das
3784 3193 133 50 sieht
3951 3194 74 51 dir

3748 3275 109 61 „Na
3899 3275 103 50 und
4042 3289 171 44 wenn,
4255 3275 94 49 das
4391 3275 125 55 geht
4555 3273 116 50 dich
4715 3271 169 51 nichts

3748 3360 247 59 „Freilich
4034 3359 153 57 nicht,
4228 3358 124 50 aber
4390 3358 81 50 ich
4507 3357 142 50 finde
4686 3370 60 37 es

3747 3444 129 58 „Oh,
3918 3454 97 40 nur
4056 3443 150 49 keine
4247 3441 196 56 Bange.
4490 3440 89 51 Ich
4625 3439 185 50 nehme
4854 3438 77 49 dir
4975 3437 187 49 deinen

3653 3526 192 52 Schatz

3747 3610 138 52 Aber
3924 3611 92 49 der
4054 3608 198 54 Blonde
4288 3608 149 50 rückt
4474 3609 129 53 eisig
4636 3619 106 37 von
4777 3605 106 51 ihm
4918 3603 103 52 fort
5056 3602 108 50 und

3653 3698 141 52 sagt:

3747 3789 212 61 „Nenne
3996 3791 136 51 mich
4175 3789 130 50 bitte
4342 3789 141 50 nicht
4523 3787 147 50 mehr
4713 3786 188 49 deinen
4942 3782 222 57 FreinM,

3654 3873 88 52 auf
3775 3874 175 51 solche
3984 3873 237 50 Freunde
4254 3872 268 49 verzichte

3747 3958 138 51 Aber
3922 3971 82 35 am
4040 3955 252 51 nächsten
4323 3954 221 56 Morgen
4576 3955 143 48 hatte
4760 3966 58 37 er
4858 3952 113 50 eine
5004 3949 157 55 Karte

3652 4056 107 35 von
3794 4042 77 49 ihr
3909 4040 230 50 erhalten
4174 4039 105 49 und
4314 4043 50 48 in
4399 4039 198 49 diesem
4633 4036 235 56 Ereignis
4907 4037 123 57 ging
5070 4033 91 49 der

3654 4127 230 54 gestrige
3925 4124 141 50 Qroll
4108 4127 164 48 unter.
4315 4122 53 51 In
4412 4122 98 49 den
4553 4120 237 50 Stunden
4828 4120 193 48 konnte
5067 4118 93 48 der

3652 4205 199 53 Blonde
3889 4207 178 51 Nichts
4101 4207 104 49 und
4242 4221 54 36 er
4332 4206 144 50 hatte
4512 4205 103 49 ihm
4654 4203 138 50 beim
4831 4199 330 52 Mündlichen

3656 4291 415 56 dürchgeholfen.

4197 4455 23 24 «
4592 4452 25 24 *

4399 4490 22 23 *

3747 4623 144 53 Noch
3924 4625 186 49 einmal
4145 4624 79 48 die
4259 4622 431 56 Schauspielerin.
4724 4619 89 51 Sie
4843 4619 143 51 hatte
5018 4617 145 50 ihren

3654 4708 343 51 Ehrenabend
4034 4707 105 50 und
4178 4707 94 49 der
4307 4705 200 51 Blonde
4543 4706 143 49 kam:
4727 4703 129 61 „Du,
4888 4702 83 50 ich
5010 4700 154 57 finde,

3654 4796 98 47 wir
3790 4794 184 50 sollten
4009 4792 76 52 ihr
4122 4793 147 48 einen
4302 4788 174 54 Kranz

3749 4877 158 57 „Wir,
3940 4877 72 48 du
4046 4877 209 48 meinst:

3752 4961 110 59 „Du
3893 4961 103 48 bist
4021 4960 135 49 doch
4185 4959 131 49 auch
4345 4961 48 46 in
4423 4960 75 49 sie

3752 5044 141 59 „Ach

4201 5208 22 24 *
4597 5207 23 23 *

4402 5243 22 24 *

3752 5380 95 52 Die
3891 5379 408 49 Theatersaison
4341 5391 113 36 war
4499 5390 65 34 zu
4609 5374 158 55 Ende,
4813 5373 78 48 die
4940 5369 224 55 Jürgens

3658 5467 156 47 reiste
3845 5464 79 48 ab.
3957 5462 104 50 Der
4094 5461 199 50 Blonde
4324 5460 190 55 sprach
4541 5461 82 47 nie
4650 5470 104 36 von
4781 5456 76 49 ihr
4891 5454 103 50 und
5022 5453 142 48 hatte

3658 5552 73 46 sie
3771 5545 431 51 wahrscheinlich
4240 5545 131 49 auch
4407 5544 121 48 bald
4562 5553 304 43 vergessen.
4901 5536 85 53 Sie
5025 5538 118 48 strit-

3658 5636 88 46 ten
3785 5634 109 48 sich
3933 5633 133 49 auch
4104 5629 140 50 nicht
4283 5628 145 49 mehr
4471 5641 58 35 so
4569 5625 88 49 oft.
4731 5622 117 50 Und
4885 5622 83 50 die
5008 5622 156 49 letzte

3659 5715 109 51 Zeit
3808 5729 113 35 war
3964 5712 325 50 wundervoll
4337 5724 262 42 gewesen.

3751 5811 67 49 Er
3861 5812 141 49 hatte
4043 5810 119 50 sich,
4193 5811 91 48 mit
4328 5809 91 50 der
4466 5805 474 54 liebenswürdigen
4979 5802 186 49 Wirtin

3659 5898 92 48 des
3779 5894 234 50 Blonden
4050 5893 387 55 angefreundet,
4468 5890 121 48 weil
4623 5889 193 49 dessen
4846 5887 320 51 Geburtstag

3658 5980 168 49 nahte.

3754 6075 153 60 „Also
3949 6075 85 50 Sie
4075 6073 295 55 verstehen,
4415 6071 135 48 Frau
4593 6069 163 57 Halle,
4802 6074 91 46 das
4931 6065 235 51 Fräulein

3660 6161 89 49 hat
3784 6160 112 50 sich
3935 6174 62 33 an
4036 6158 136 48 mich
4207 6156 248 56 gewandt
4494 6157 107 47 und
4634 6158 95 46 mir
4770 6154 93 48 das
4907 6150 128 49 Geld
5077 6163 60 44 ge-

3660 6244 200 50 schickt
3894 6242 120 49 weil
4053 6244 75 46 sie
4166 6239 85 52 Sie
4293 6240 134 49 doch
4463 6240 138 52 nicht
4636 6239 191 49 kannte
4868 6234 102 50 und
5010 6232 156 49 Ihnen

3659 6328 138 50 nicht
3827 6341 65 34 zu
3918 6324 273 51 schreiben
4216 6327 193 52 wagte.
4440 6322 86 51 Sie
4559 6322 237 49 möchten
4828 6334 56 34 es
4907 6317 104 51 ihm
5043 6315 124 49 aber

3659 6412 138 49 nicht
3824 6423 177 42 sagen.
4030 6409 66 49 Er
4124 6409 135 48 wird
4286 6409 135 48 doch
4452 6408 138 48 wohl
4620 6403 150 51 drauf
4792 6404 246 46 kommen
5063 6399 103 49 und

3660 6509 153 36 wenn
3839 6494 173 49 nicht.
4040 6533 11 9 .
4077 6497 111 47 tant
4215 6495 173 47 mieux
4411 6531 10 10 .
4450 6530 10 10 .
4490 6490 85 49 Sie
4604 6490 195 47 wissen
4823 6488 63 53 ja,
4911 6483 224 50 Verehre-

3659 6582 179 46 rinnen
3874 6577 190 50 wollen
4095 6580 182 48 immer
4310 6588 226 41 anonym

3754 6661 116 52 Und
3915 6662 80 48 die
4040 6660 194 51 schöne
4277 6662 153 53 junge
4472 6656 186 49 Wirtin
4699 6655 145 49 hatte
4889 6654 104 49 viel
5039 6650 96 51 Ver-

3661 6746 232 51 ständnis
3943 6744 148 51 dafür
4137 6744 206 56 gehabt,
4396 6739 312 58 umsomehr,
4756 6738 75 50 als
4884 6740 73 48 sie
5009 6736 158 50 selbst
