<?xml version="1.0" encoding="UTF-8"?>
<alto xmlns:xsi="http://www.w3.org/2001/XMLSchema-instance" xmlns="http://www.loc.gov/standards/alto/ns-v2#" xsi:schemaLocation="http://www.loc.gov/standards/alto/ns-v2# http://www.loc.gov/standards/alto/alto-v2.0.xsd" xmlns:xlink="http://www.w3.org/1999/xlink">
	<Description>
		<MeasurementUnit>mm10</MeasurementUnit>
		<sourceImageInformation>
			<fileName>//fileserver7/IN2/Princeton/jp2/pudl0097/2980652/004/191303_01/00000037.jp2</fileName>
		</sourceImageInformation>
		<OCRProcessing ID="OCRPROCESSING_1">
			<preProcessingStep>
				<processingSoftware>
					<softwareCreator>CCS Content Conversion Specialists GmbH, Germany</softwareCreator>
					<softwareName>CCS docWORKS</softwareName>
					<softwareVersion>6.6-0.29</softwareVersion>
				</processingSoftware>
			</preProcessingStep>
			<ocrProcessingStep>
				<processingSoftware>
					<softwareCreator>ABBYY (BIT Software), Russia</softwareCreator>
					<softwareName>FineReader</softwareName>
					<softwareVersion>10.0</softwareVersion>
				</processingSoftware>
			</ocrProcessingStep>
		</OCRProcessing>
		<OCRProcessing ID="OCRPROCESSING_2">
			<preProcessingStep>
				<processingSoftware>
					<softwareCreator>CCS Content Conversion Specialists GmbH, Germany</softwareCreator>
					<softwareName>CCS docWORKS</softwareName>
					<softwareVersion>6.6-0.29</softwareVersion>
				</processingSoftware>
			</preProcessingStep>
			<ocrProcessingStep>
				<processingSoftware>
					<softwareCreator>ABBYY (BIT Software), Russia</softwareCreator>
					<softwareName>NA</softwareName>
				</processingSoftware>
			</ocrProcessingStep>
		</OCRProcessing>
	</Description>
	<Styles>
		<TextStyle ID="TXT_0" FONTSIZE="10" FONTFAMILY="Times New Roman"/>
		<ParagraphStyle ID="PAR_LEFT" ALIGN="Left"/>
		<ParagraphStyle ID="PAR_RIGHT" ALIGN="Right"/>
		<ParagraphStyle ID="PAR_CENTER" ALIGN="Center"/>
		<ParagraphStyle ID="PAR_BLOCK" ALIGN="Block"/>
	</Styles>
	<Layout>
		<Page ID="P1" PHYSICAL_IMG_NR="1" HEIGHT="4158" WIDTH="3068" PC="0.941">
			<TopMargin ID="P1_TM00001" HPOS="0" VPOS="0" WIDTH="3068" HEIGHT="6"/>
			<LeftMargin ID="P1_LM00001" HPOS="0" VPOS="6" WIDTH="6" HEIGHT="4145"/>
			<RightMargin ID="P1_RM00001" HPOS="3061" VPOS="6" WIDTH="7" HEIGHT="4145"/>
			<BottomMargin ID="P1_BM00001" HPOS="0" VPOS="4151" WIDTH="3068" HEIGHT="7"/>
			<PrintSpace ID="P1_PS00001" HPOS="6" VPOS="6" WIDTH="3055" HEIGHT="4145">
				<TextBlock ID="P1_TB00001" HPOS="109" VPOS="154" WIDTH="530" HEIGHT="43" STYLEREFS="TXT_0 PAR_LEFT">
					<TextLine ID="P1_TL00001" HPOS="110" VPOS="154" WIDTH="529" HEIGHT="43">
						<String ID="P1_ST00001" HPOS="110" VPOS="158" WIDTH="189" HEIGHT="39" CONTENT="Umfang" WC="0.96" CC="883778"/>
						<SP ID="P1_SP00001" HPOS="299" VPOS="197" WIDTH="43"/>
						<String ID="P1_ST00002" HPOS="342" VPOS="156" WIDTH="106" HEIGHT="35" CONTENT="acht" WC="0.95" CC="5780"/>
						<SP ID="P1_SP00002" HPOS="448" VPOS="197" WIDTH="43"/>
						<String ID="P1_ST00003" HPOS="491" VPOS="154" WIDTH="148" HEIGHT="37" CONTENT="Seiten" WC="0.97" CC="447255"/>
					</TextLine>
				</TextBlock>
				<TextBlock ID="P1_TB00002" HPOS="2380" VPOS="152" WIDTH="568" HEIGHT="44" STYLEREFS="TXT_0 PAR_RIGHT">
					<TextLine ID="P1_TL00002" HPOS="2381" VPOS="153" WIDTH="567" HEIGHT="42">
						<String ID="P1_ST00004" HPOS="2381" VPOS="153" WIDTH="279" HEIGHT="40" CONTENT="Einzelfoezug:" WC="0.36" CC="7697077748188"/>
						<SP ID="P1_SP00003" HPOS="2660" VPOS="193" WIDTH="26"/>
						<String ID="P1_ST00005" HPOS="2686" VPOS="153" WIDTH="58" HEIGHT="37" CONTENT="40" WC="0.80" CC="04"/>
						<SP ID="P1_SP00004" HPOS="2744" VPOS="193" WIDTH="27"/>
						<String ID="P1_ST00006" HPOS="2771" VPOS="154" WIDTH="177" HEIGHT="41" CONTENT="Pfennig:" WC="0.98" CC="75067276"/>
					</TextLine>
				</TextBlock>
				<TextBlock ID="P1_TB00003" HPOS="121" VPOS="264" WIDTH="2842" HEIGHT="445" STYLEREFS="TXT_0 PAR_CENTER">
					<TextLine ID="P1_TL00003" HPOS="121" VPOS="264" WIDTH="2793" HEIGHT="438">
						<String ID="P1_ST00007" HPOS="121" VPOS="264" WIDTH="934" HEIGHT="438" CONTENT="DER" WC="0.97" CC="025"/>
						<SP ID="P1_SP00005" HPOS="1055" VPOS="702" WIDTH="92"/>
						<String ID="P1_ST00008" HPOS="1147" VPOS="264" WIDTH="1767" HEIGHT="438" CONTENT="STURM" WC="0.97" CC="03729"/>
					</TextLine>
				</TextBlock>
				<TextBlock ID="P1_TB00004" HPOS="100" VPOS="725" WIDTH="2858" HEIGHT="88" STYLEREFS="TXT_0 PAR_CENTER">
					<TextLine ID="P1_TL00004" HPOS="100" VPOS="725" WIDTH="2855" HEIGHT="86">
						<String ID="P1_ST00009" HPOS="100" VPOS="730" WIDTH="998" HEIGHT="81" CONTENT="WOCHENSCHRIFT" WC="0.99" CC="6606610050541"/>
						<SP ID="P1_SP00006" HPOS="1098" VPOS="811" WIDTH="69"/>
						<String ID="P1_ST00010" HPOS="1167" VPOS="727" WIDTH="211" HEIGHT="79" CONTENT="FÜR" WC="0.97" CC="510"/>
						<SP ID="P1_SP00007" HPOS="1378" VPOS="811" WIDTH="68"/>
						<String ID="P1_ST00011" HPOS="1446" VPOS="725" WIDTH="447" HEIGHT="81" CONTENT="KULTUR" WC="0.98" CC="540335"/>
						<SP ID="P1_SP00008" HPOS="1893" VPOS="811" WIDTH="72"/>
						<String ID="P1_ST00012" HPOS="1965" VPOS="725" WIDTH="241" HEIGHT="76" CONTENT="UND" WC="0.99" CC="030"/>
						<SP ID="P1_SP00009" HPOS="2206" VPOS="811" WIDTH="71"/>
						<String ID="P1_ST00013" HPOS="2277" VPOS="725" WIDTH="180" HEIGHT="74" CONTENT="DIE" WC="0.96" CC="056"/>
						<SP ID="P1_SP00010" HPOS="2457" VPOS="811" WIDTH="64"/>
						<String ID="P1_ST00014" HPOS="2521" VPOS="725" WIDTH="434" HEIGHT="79" CONTENT="KÜNSTE" WC="0.99" CC="100006"/>
					</TextLine>
				</TextBlock>
				<TextBlock ID="P1_TB00005" HPOS="1236" VPOS="884" WIDTH="590" HEIGHT="155" STYLEREFS="TXT_0 PAR_LEFT">
					<TextLine ID="P1_TL00005" HPOS="1269" VPOS="917" WIDTH="542" HEIGHT="35">
						<String ID="P1_ST00015" HPOS="1269" VPOS="920" WIDTH="224" HEIGHT="32" CONTENT="Herausgeber" WC="1.00" CC="50034001100"/>
						<SP ID="P1_SP00011" HPOS="1493" VPOS="952" WIDTH="19"/>
						<String ID="P1_ST00016" HPOS="1512" VPOS="919" WIDTH="60" HEIGHT="24" CONTENT="und" WC="0.94" CC="662"/>
						<SP ID="P1_SP00012" HPOS="1572" VPOS="952" WIDTH="19"/>
						<String ID="P1_ST00017" HPOS="1591" VPOS="917" WIDTH="220" HEIGHT="26" CONTENT="Schriftleiter" WC="1.00" CC="1010060000000"/>
					</TextLine>
					<TextLine ID="P1_TL00006" HPOS="1271" VPOS="969" WIDTH="536" HEIGHT="40">
						<String ID="P1_ST00018" HPOS="1271" VPOS="970" WIDTH="285" HEIGHT="39" CONTENT="HERWARTH" WC="0.99" CC="56040006"/>
						<SP ID="P1_SP00013" HPOS="1556" VPOS="1009" WIDTH="34"/>
						<String ID="P1_ST00019" HPOS="1590" VPOS="969" WIDTH="217" HEIGHT="37" CONTENT="WALDEN" WC="0.84" CC="003060"/>
					</TextLine>
				</TextBlock>
				<TextBlock ID="P1_TB00006" HPOS="2070" VPOS="884" WIDTH="711" HEIGHT="155" STYLEREFS="TXT_0 PAR_LEFT">
					<TextLine ID="P1_TL00007" HPOS="2089" VPOS="900" WIDTH="683" HEIGHT="64">
						<String ID="P1_ST00020" HPOS="2089" VPOS="900" WIDTH="683" HEIGHT="64" CONTENT="Ausstellungsräume" WC="1.00" CC="00000000005000300"/>
					</TextLine>
					<TextLine ID="P1_TL00008" HPOS="2102" VPOS="974" WIDTH="677" HEIGHT="48">
						<String ID="P1_ST00021" HPOS="2102" VPOS="976" WIDTH="114" HEIGHT="37" CONTENT="Berlin" WC="1.00" CC="000100"/>
						<SP ID="P1_SP00014" HPOS="2216" VPOS="1013" WIDTH="18"/>
						<String ID="P1_ST00022" HPOS="2234" VPOS="976" WIDTH="48" HEIGHT="37" CONTENT="W" WC="0.35" CC="6"/>
						<SP ID="P1_SP00015" HPOS="2282" VPOS="1013" WIDTH="11"/>
						<String ID="P1_ST00023" HPOS="2293" VPOS="976" WIDTH="14" HEIGHT="36" CONTENT="/" WC="1.00" CC="0"/>
						<SP ID="P1_SP00016" HPOS="2307" VPOS="1013" WIDTH="23"/>
						<String ID="P1_ST00024" HPOS="2330" VPOS="976" WIDTH="153" HEIGHT="46" CONTENT="Königin" WC="0.99" CC="3000600"/>
						<SP ID="P1_SP00017" HPOS="2483" VPOS="1022" WIDTH="19"/>
						<String ID="P1_ST00025" HPOS="2502" VPOS="974" WIDTH="222" HEIGHT="48" CONTENT="Augustastr." WC="0.84" CC="02600310200"/>
						<SP ID="P1_SP00018" HPOS="2724" VPOS="1022" WIDTH="15"/>
						<String ID="P1_ST00026" HPOS="2739" VPOS="976" WIDTH="40" HEIGHT="35" CONTENT="51" WC="0.50" CC="18"/>
					</TextLine>
				</TextBlock>
				<TextBlock ID="P1_TB00007" HPOS="279" VPOS="906" WIDTH="703" HEIGHT="125" STYLEREFS="TXT_0 PAR_LEFT">
					<TextLine ID="P1_TL00009" HPOS="283" VPOS="908" WIDTH="691" HEIGHT="62">
						<String ID="P1_ST00027" HPOS="283" VPOS="910" WIDTH="301" HEIGHT="52" CONTENT="Redaktion" WC="0.99" CC="000040316"/>
						<SP ID="P1_SP00019" HPOS="584" VPOS="962" WIDTH="46"/>
						<String ID="P1_ST00028" HPOS="630" VPOS="908" WIDTH="106" HEIGHT="49" CONTENT="und" WC="1.00" CC="000"/>
						<SP ID="P1_SP00020" HPOS="736" VPOS="962" WIDTH="42"/>
						<String ID="P1_ST00029" HPOS="778" VPOS="908" WIDTH="196" HEIGHT="62" CONTENT="Verlag" WC="1.00" CC="000000"/>
					</TextLine>
					<TextLine ID="P1_TL00010" HPOS="282" VPOS="983" WIDTH="697" HEIGHT="40">
						<String ID="P1_ST00030" HPOS="282" VPOS="987" WIDTH="113" HEIGHT="36" CONTENT="Berlin" WC="1.00" CC="001400"/>
						<SP ID="P1_SP00021" HPOS="395" VPOS="1023" WIDTH="13"/>
						<String ID="P1_ST00031" HPOS="408" VPOS="986" WIDTH="80" HEIGHT="35" CONTENT="W9" WC="0.48" CC="57"/>
						<SP ID="P1_SP00022" HPOS="488" VPOS="1023" WIDTH="8"/>
						<String ID="P1_ST00032" HPOS="496" VPOS="985" WIDTH="12" HEIGHT="36" CONTENT="/" WC="0.55" CC="4"/>
						<SP ID="P1_SP00023" HPOS="508" VPOS="1023" WIDTH="11"/>
						<String ID="P1_ST00033" HPOS="519" VPOS="984" WIDTH="209" HEIGHT="38" CONTENT="Potsdamer" WC="0.99" CC="510060034"/>
						<SP ID="P1_SP00024" HPOS="728" VPOS="1023" WIDTH="12"/>
						<String ID="P1_ST00034" HPOS="740" VPOS="983" WIDTH="125" HEIGHT="37" CONTENT="Straße" WC="1.00" CC="000001"/>
						<SP ID="P1_SP00025" HPOS="865" VPOS="1023" WIDTH="14"/>
						<String ID="P1_ST00035" HPOS="879" VPOS="983" WIDTH="69" HEIGHT="35" CONTENT="134" WC="0.80" CC="500"/>
						<SP ID="P1_SP00026" HPOS="948" VPOS="1023" WIDTH="11"/>
						<String ID="P1_ST00036" HPOS="959" VPOS="994" WIDTH="20" HEIGHT="25" CONTENT="a" WC="1.00" CC="0"/>
					</TextLine>
				</TextBlock>
				<TextBlock ID="P1_TB00008" HPOS="109" VPOS="1110" WIDTH="537" HEIGHT="65" STYLEREFS="TXT_0 PAR_LEFT">
					<TextLine ID="P1_TL00011" HPOS="110" VPOS="1126" WIDTH="513" HEIGHT="49">
						<String ID="P1_ST00037" HPOS="110" VPOS="1129" WIDTH="211" HEIGHT="40" CONTENT="DRITTER" WC="0.99" CC="0000450"/>
						<SP ID="P1_SP00027" HPOS="321" VPOS="1169" WIDTH="22"/>
						<String ID="P1_ST00038" HPOS="343" VPOS="1126" WIDTH="280" HEIGHT="49" CONTENT="JAHRGANG" WC="0.99" CC="70500006"/>
					</TextLine>
				</TextBlock>
				<TextBlock ID="P1_TB00009" HPOS="1303" VPOS="1111" WIDTH="475" HEIGHT="54" STYLEREFS="TXT_0 PAR_CENTER">
					<TextLine ID="P1_TL00012" HPOS="1305" VPOS="1114" WIDTH="470" HEIGHT="48">
						<String ID="P1_ST00039" HPOS="1305" VPOS="1122" WIDTH="176" HEIGHT="40" CONTENT="BERLIN" WC="0.98" CC="035360"/>
						<SP ID="P1_SP00028" HPOS="1481" VPOS="1162" WIDTH="28"/>
						<String ID="P1_ST00040" HPOS="1509" VPOS="1114" WIDTH="142" HEIGHT="47" CONTENT="MÄRZ" WC="1.00" CC="0000"/>
						<SP ID="P1_SP00029" HPOS="1651" VPOS="1162" WIDTH="30"/>
						<String ID="P1_ST00041" HPOS="1681" VPOS="1122" WIDTH="94" HEIGHT="36" CONTENT="1913" WC="0.60" CC="5550"/>
					</TextLine>
				</TextBlock>
				<TextBlock ID="P1_TB00010" HPOS="2518" VPOS="1113" WIDTH="435" HEIGHT="43" STYLEREFS="TXT_0 PAR_RIGHT">
					<TextLine ID="P1_TL00013" HPOS="2541" VPOS="1115" WIDTH="409" HEIGHT="41">
						<String ID="P1_ST00042" HPOS="2541" VPOS="1116" WIDTH="226" HEIGHT="38" CONTENT="NUMMER" WC="0.98" CC="430251"/>
						<SP ID="P1_SP00030" HPOS="2767" VPOS="1154" WIDTH="29"/>
						<String ID="P1_ST00043" HPOS="2796" VPOS="1115" WIDTH="154" HEIGHT="41" CONTENT="150/151" WC="0.68" CC="4006515"/>
					</TextLine>
				</TextBlock>
				<TextBlock ID="P1_TB00011" HPOS="108" VPOS="1229" WIDTH="168" HEIGHT="45" STYLEREFS="TXT_0 PAR_LEFT">
					<TextLine ID="P1_TL00014" HPOS="109" VPOS="1238" WIDTH="160" HEIGHT="35">
						<String ID="P1_ST00044" HPOS="109" VPOS="1238" WIDTH="160" HEIGHT="35" CONTENT="Inhalt:" WC="0.97" CC="5774876"/>
					</TextLine>
				</TextBlock>
				<TextBlock ID="P1_TB00012" HPOS="109" VPOS="1225" WIDTH="2848" HEIGHT="135" STYLEREFS="TXT_0 PAR_LEFT">
					<Shape>
						<Polygon POINTS="2957,1360 109,1360 109,1280 288,1280 288,1225 2957,1225"/>
					</Shape>
					<TextLine ID="P1_TL00015" HPOS="293" VPOS="1225" WIDTH="2664" HEIGHT="49">
						<String ID="P1_ST00045" HPOS="293" VPOS="1237" WIDTH="59" HEIGHT="30" CONTENT="Für" WC="0.97" CC="602"/>
						<SP ID="P1_SP00031" HPOS="352" VPOS="1267" WIDTH="22"/>
						<String ID="P1_ST00046" HPOS="374" VPOS="1236" WIDTH="183" HEIGHT="38" CONTENT="Kandinsky" WC="0.83" CC="504050000"/>
						<SP ID="P1_SP00032" HPOS="557" VPOS="1274" WIDTH="23"/>
						<String ID="P1_ST00047" HPOS="580" VPOS="1237" WIDTH="13" HEIGHT="37" CONTENT="/" WC="0.39" CC="6"/>
						<SP ID="P1_SP00033" HPOS="593" VPOS="1274" WIDTH="22"/>
						<String ID="P1_ST00048" HPOS="615" VPOS="1236" WIDTH="59" HEIGHT="29" CONTENT="Ein" WC="0.94" CC="546"/>
						<SP ID="P1_SP00034" HPOS="674" VPOS="1274" WIDTH="29"/>
						<String ID="P1_ST00049" HPOS="703" VPOS="1236" WIDTH="127" HEIGHT="29" CONTENT="Protest" WC="0.99" CC="6530010"/>
						<SP ID="P1_SP00035" HPOS="830" VPOS="1274" WIDTH="29"/>
						<String ID="P1_ST00050" HPOS="859" VPOS="1234" WIDTH="10" HEIGHT="38" CONTENT="/" WC="0.45" CC="5"/>
						<SP ID="P1_SP00036" HPOS="869" VPOS="1274" WIDTH="29"/>
						<String ID="P1_ST00051" HPOS="898" VPOS="1234" WIDTH="28" HEIGHT="30" CONTENT="F." WC="0.74" CC="22"/>
						<SP ID="P1_SP00037" HPOS="926" VPOS="1274" WIDTH="18"/>
						<String ID="P1_ST00052" HPOS="944" VPOS="1234" WIDTH="31" HEIGHT="30" CONTENT="T." WC="0.88" CC="01"/>
						<SP ID="P1_SP00038" HPOS="975" VPOS="1274" WIDTH="17"/>
						<String ID="P1_ST00053" HPOS="992" VPOS="1233" WIDTH="171" HEIGHT="31" CONTENT="Marinetti:" WC="0.64" CC="5023725600"/>
						<SP ID="P1_SP00039" HPOS="1163" VPOS="1274" WIDTH="22"/>
						<String ID="P1_ST00054" HPOS="1185" VPOS="1233" WIDTH="210" HEIGHT="38" CONTENT="Supplement" WC="0.99" CC="0230103063"/>
						<SP ID="P1_SP00040" HPOS="1395" VPOS="1274" WIDTH="22"/>
						<String ID="P1_ST00055" HPOS="1417" VPOS="1242" WIDTH="69" HEIGHT="18" CONTENT="zum" WC="0.97" CC="070"/>
						<SP ID="P1_SP00041" HPOS="1486" VPOS="1274" WIDTH="21"/>
						<String ID="P1_ST00056" HPOS="1507" VPOS="1230" WIDTH="202" HEIGHT="30" CONTENT="technischen" WC="0.99" CC="00077000505"/>
						<SP ID="P1_SP00042" HPOS="1709" VPOS="1274" WIDTH="23"/>
						<String ID="P1_ST00057" HPOS="1732" VPOS="1229" WIDTH="146" HEIGHT="29" CONTENT="Manifest" WC="0.99" CC="03603004"/>
						<SP ID="P1_SP00043" HPOS="1878" VPOS="1274" WIDTH="23"/>
						<String ID="P1_ST00058" HPOS="1901" VPOS="1228" WIDTH="57" HEIGHT="30" CONTENT="der" WC="0.96" CC="316"/>
						<SP ID="P1_SP00044" HPOS="1958" VPOS="1274" WIDTH="22"/>
						<String ID="P1_ST00059" HPOS="1980" VPOS="1227" WIDTH="232" HEIGHT="31" CONTENT="futuristischen" WC="0.99" CC="36364101200607"/>
						<SP ID="P1_SP00045" HPOS="2212" VPOS="1274" WIDTH="22"/>
						<String ID="P1_ST00060" HPOS="2234" VPOS="1227" WIDTH="157" HEIGHT="29" CONTENT="Literatur" WC="0.99" CC="403024065"/>
						<SP ID="P1_SP00046" HPOS="2391" VPOS="1274" WIDTH="29"/>
						<String ID="P1_ST00061" HPOS="2420" VPOS="1228" WIDTH="12" HEIGHT="32" CONTENT="/" WC="0.86" CC="1"/>
						<SP ID="P1_SP00047" HPOS="2432" VPOS="1274" WIDTH="26"/>
						<String ID="P1_ST00062" HPOS="2458" VPOS="1225" WIDTH="105" HEIGHT="31" CONTENT="Alfred" WC="0.98" CC="145526"/>
						<SP ID="P1_SP00048" HPOS="2563" VPOS="1274" WIDTH="23"/>
						<String ID="P1_ST00063" HPOS="2586" VPOS="1225" WIDTH="123" HEIGHT="30" CONTENT="Döblin:" WC="0.65" CC="3641250"/>
						<SP ID="P1_SP00049" HPOS="2709" VPOS="1274" WIDTH="24"/>
						<String ID="P1_ST00064" HPOS="2733" VPOS="1225" WIDTH="224" HEIGHT="29" CONTENT="Futuristische" WC="0.99" CC="4533740000062"/>
					</TextLine>
					<TextLine ID="P1_TL00016" HPOS="109" VPOS="1266" WIDTH="2848" HEIGHT="49">
						<String ID="P1_ST00065" HPOS="109" VPOS="1279" WIDTH="223" HEIGHT="30" CONTENT="Worttechnik" WC="0.99" CC="26400007620"/>
						<SP ID="P1_SP00050" HPOS="332" VPOS="1309" WIDTH="33"/>
						<String ID="P1_ST00066" HPOS="365" VPOS="1281" WIDTH="13" HEIGHT="34" CONTENT="/" WC="0.82" CC="1"/>
						<SP ID="P1_SP00051" HPOS="378" VPOS="1315" WIDTH="34"/>
						<String ID="P1_ST00067" HPOS="412" VPOS="1278" WIDTH="133" HEIGHT="30" CONTENT="Offener" WC="0.98" CC="1783507"/>
						<SP ID="P1_SP00052" HPOS="545" VPOS="1315" WIDTH="23"/>
						<String ID="P1_ST00068" HPOS="568" VPOS="1277" WIDTH="90" HEIGHT="30" CONTENT="Brief" WC="0.98" CC="63500"/>
						<SP ID="P1_SP00053" HPOS="658" VPOS="1315" WIDTH="19"/>
						<String ID="P1_ST00069" HPOS="677" VPOS="1288" WIDTH="40" HEIGHT="19" CONTENT="an" WC="0.69" CC="06"/>
						<SP ID="P1_SP00054" HPOS="717" VPOS="1315" WIDTH="23"/>
						<String ID="P1_ST00070" HPOS="740" VPOS="1277" WIDTH="33" HEIGHT="30" CONTENT="F." WC="0.75" CC="13"/>
						<SP ID="P1_SP00055" HPOS="773" VPOS="1315" WIDTH="17"/>
						<String ID="P1_ST00071" HPOS="790" VPOS="1277" WIDTH="39" HEIGHT="28" CONTENT="T." WC="1.00" CC="00"/>
						<SP ID="P1_SP00056" HPOS="829" VPOS="1315" WIDTH="18"/>
						<String ID="P1_ST00072" HPOS="847" VPOS="1275" WIDTH="159" HEIGHT="30" CONTENT="Marinetti" WC="0.64" CC="074560025"/>
						<SP ID="P1_SP00057" HPOS="1006" VPOS="1315" WIDTH="31"/>
						<String ID="P1_ST00073" HPOS="1037" VPOS="1277" WIDTH="14" HEIGHT="35" CONTENT="/" WC="0.52" CC="4"/>
						<SP ID="P1_SP00058" HPOS="1051" VPOS="1315" WIDTH="33"/>
						<String ID="P1_ST00074" HPOS="1084" VPOS="1275" WIDTH="136" HEIGHT="32" CONTENT="Günther" WC="0.98" CC="6015456"/>
						<SP ID="P1_SP00059" HPOS="1220" VPOS="1315" WIDTH="23"/>
						<String ID="P1_ST00075" HPOS="1243" VPOS="1274" WIDTH="100" HEIGHT="31" CONTENT="Mtirr:" WC="0.84" CC="300023"/>
						<SP ID="P1_SP00060" HPOS="1343" VPOS="1315" WIDTH="35"/>
						<String ID="P1_ST00076" HPOS="1378" VPOS="1273" WIDTH="157" HEIGHT="30" CONTENT="Gedichte" WC="0.99" CC="50450600"/>
						<SP ID="P1_SP00061" HPOS="1535" VPOS="1315" WIDTH="32"/>
						<String ID="P1_ST00077" HPOS="1567" VPOS="1275" WIDTH="13" HEIGHT="35" CONTENT="/" WC="1.00" CC="0"/>
						<SP ID="P1_SP00062" HPOS="1580" VPOS="1315" WIDTH="33"/>
						<String ID="P1_ST00078" HPOS="1613" VPOS="1271" WIDTH="174" HEIGHT="32" CONTENT="GuHlaume" WC="0.58" CC="76830700"/>
						<SP ID="P1_SP00063" HPOS="1787" VPOS="1315" WIDTH="23"/>
						<String ID="P1_ST00079" HPOS="1810" VPOS="1270" WIDTH="206" HEIGHT="40" CONTENT="Apollinaire:" WC="0.99" CC="006610006443"/>
						<SP ID="P1_SP00064" HPOS="2016" VPOS="1315" WIDTH="34"/>
						<String ID="P1_ST00080" HPOS="2050" VPOS="1269" WIDTH="126" HEIGHT="30" CONTENT="Pariser" WC="0.99" CC="8044004"/>
						<SP ID="P1_SP00065" HPOS="2176" VPOS="1315" WIDTH="22"/>
						<String ID="P1_ST00081" HPOS="2198" VPOS="1268" WIDTH="88" HEIGHT="30" CONTENT="Brief" WC="0.98" CC="45020"/>
						<SP ID="P1_SP00066" HPOS="2286" VPOS="1315" WIDTH="29"/>
						<String ID="P1_ST00082" HPOS="2315" VPOS="1270" WIDTH="13" HEIGHT="36" CONTENT="/" WC="1.00" CC="0"/>
						<SP ID="P1_SP00067" HPOS="2328" VPOS="1315" WIDTH="35"/>
						<String ID="P1_ST00083" HPOS="2363" VPOS="1268" WIDTH="102" HEIGHT="30" CONTENT="Andre" WC="0.98" CC="06450"/>
						<SP ID="P1_SP00068" HPOS="2465" VPOS="1315" WIDTH="22"/>
						<String ID="P1_ST00084" HPOS="2487" VPOS="1267" WIDTH="177" HEIGHT="38" CONTENT="Rouveyre:" WC="0.79" CC="106010440"/>
						<SP ID="P1_SP00069" HPOS="2664" VPOS="1315" WIDTH="33"/>
						<String ID="P1_ST00085" HPOS="2697" VPOS="1267" WIDTH="85" HEIGHT="28" CONTENT="Fünf" WC="0.99" CC="0060"/>
						<SP ID="P1_SP00070" HPOS="2782" VPOS="1315" WIDTH="18"/>
						<String ID="P1_ST00086" HPOS="2800" VPOS="1266" WIDTH="140" HEIGHT="39" CONTENT="Original" SUBS_TYPE="HypPart1" SUBS_CONTENT="Originalzeichnungen" WC="0.98" CC="32470634"/>
						<HYP HPOS="2940" VPOS="1266" WIDTH="17" CONTENT="-"/>
					</TextLine>
					<TextLine ID="P1_TL00017" HPOS="109" VPOS="1320" WIDTH="213" HEIGHT="40">
						<String ID="P1_ST00087" HPOS="109" VPOS="1320" WIDTH="213" HEIGHT="40" CONTENT="zeichnungen" SUBS_TYPE="HypPart2" SUBS_CONTENT="Originalzeichnungen" WC="0.99" CC="00800356703"/>
						<SP ID="P1_SP00071" HPOS="322" VPOS="1360" WIDTH="0"/>
					</TextLine>
				</TextBlock>
				<TextBlock ID="P1_TB00013" HPOS="112" VPOS="1525" WIDTH="1178" HEIGHT="150" STYLEREFS="TXT_0 PAR_LEFT">
					<TextLine ID="P1_TL00018" HPOS="112" VPOS="1525" WIDTH="1178" HEIGHT="147">
						<String ID="P1_ST00088" HPOS="112" VPOS="1530" WIDTH="243" HEIGHT="134" CONTENT="Für" WC="1.00" CC="000"/>
						<SP ID="P1_SP00072" HPOS="355" VPOS="1664" WIDTH="71"/>
						<String ID="P1_ST00089" HPOS="426" VPOS="1525" WIDTH="864" HEIGHT="147" CONTENT="Kandinsky" WC="0.96" CC="070028030"/>
					</TextLine>
				</TextBlock>
				<TextBlock ID="P1_TB00014" HPOS="100" VPOS="1722" WIDTH="134" HEIGHT="55" STYLEREFS="TXT_0 PAR_LEFT">
					<TextLine ID="P1_TL00019" HPOS="108" VPOS="1738" WIDTH="124" HEIGHT="31">
						<String ID="P1_ST00090" HPOS="108" VPOS="1738" WIDTH="124" HEIGHT="31" CONTENT="Protest" WC="0.98" CC="6586206"/>
					</TextLine>
				</TextBlock>
				<TextBlock ID="P1_TB00015" HPOS="110" VPOS="1831" WIDTH="902" HEIGHT="89" STYLEREFS="TXT_0 PAR_LEFT">
					<TextLine ID="P1_TL00020" HPOS="165" VPOS="1833" WIDTH="846" HEIGHT="39">
						<String ID="P1_ST00091" HPOS="165" VPOS="1837" WIDTH="64" HEIGHT="35" CONTENT="Pas" WC="0.95" CC="740"/>
						<SP ID="P1_SP00073" HPOS="229" VPOS="1872" WIDTH="61"/>
						<String ID="P1_ST00092" HPOS="290" VPOS="1837" WIDTH="298" HEIGHT="33" CONTENT="„Hamburger" WC="0.98" CC="0704676765"/>
						<SP ID="P1_SP00074" HPOS="588" VPOS="1872" WIDTH="62"/>
						<String ID="P1_ST00093" HPOS="650" VPOS="1835" WIDTH="22" HEIGHT="28" CONTENT="F" WC="0.32" CC="6"/>
						<SP ID="P1_SP00075" HPOS="672" VPOS="1872" WIDTH="13"/>
						<String ID="P1_ST00094" HPOS="685" VPOS="1844" WIDTH="13" HEIGHT="18" CONTENT="r" WC="1.00" CC="0"/>
						<SP ID="P1_SP00076" HPOS="698" VPOS="1872" WIDTH="14"/>
						<String ID="P1_ST00095" HPOS="712" VPOS="1843" WIDTH="16" HEIGHT="20" CONTENT="e" WC="0.82" CC="1"/>
						<SP ID="P1_SP00077" HPOS="728" VPOS="1872" WIDTH="12"/>
						<String ID="P1_ST00096" HPOS="740" VPOS="1843" WIDTH="29" HEIGHT="19" CONTENT="m" WC="1.00" CC="0"/>
						<SP ID="P1_SP00078" HPOS="769" VPOS="1872" WIDTH="13"/>
						<String ID="P1_ST00097" HPOS="782" VPOS="1834" WIDTH="18" HEIGHT="28" CONTENT="d" WC="0.54" CC="4"/>
						<SP ID="P1_SP00079" HPOS="800" VPOS="1872" WIDTH="13"/>
						<String ID="P1_ST00098" HPOS="813" VPOS="1842" WIDTH="15" HEIGHT="20" CONTENT="e" WC="0.47" CC="5"/>
						<SP ID="P1_SP00080" HPOS="828" VPOS="1872" WIDTH="13"/>
						<String ID="P1_ST00099" HPOS="841" VPOS="1842" WIDTH="18" HEIGHT="19" CONTENT="11" WC="0.41" CC="74"/>
						<SP ID="P1_SP00081" HPOS="859" VPOS="1872" WIDTH="11"/>
						<String ID="P1_ST00100" HPOS="870" VPOS="1833" WIDTH="19" HEIGHT="28" CONTENT="b" WC="0.33" CC="6"/>
						<SP ID="P1_SP00082" HPOS="889" VPOS="1872" WIDTH="13"/>
						<String ID="P1_ST00101" HPOS="902" VPOS="1833" WIDTH="8" HEIGHT="27" CONTENT="1" WC="0.36" CC="6"/>
						<SP ID="P1_SP00083" HPOS="910" VPOS="1872" WIDTH="12"/>
						<String ID="P1_ST00102" HPOS="922" VPOS="1841" WIDTH="18" HEIGHT="19" CONTENT="a" WC="0.34" CC="6"/>
						<SP ID="P1_SP00084" HPOS="940" VPOS="1872" WIDTH="11"/>
						<String ID="P1_ST00103" HPOS="951" VPOS="1834" WIDTH="33" HEIGHT="26" CONTENT="11" WC="1.00" CC="00"/>
						<SP ID="P1_SP00085" HPOS="984" VPOS="1872" WIDTH="13"/>
						<String ID="P1_ST00104" HPOS="997" VPOS="1833" WIDTH="14" HEIGHT="9" CONTENT='"' WC="1.00" CC="0"/>
					</TextLine>
					<TextLine ID="P1_TL00021" HPOS="110" VPOS="1883" WIDTH="900" HEIGHT="36">
						<String ID="P1_ST00105" HPOS="110" VPOS="1896" WIDTH="72" HEIGHT="23" CONTENT="vom" WC="0.93" CC="775"/>
						<SP ID="P1_SP00086" HPOS="182" VPOS="1919" WIDTH="17"/>
						<String ID="P1_ST00106" HPOS="199" VPOS="1889" WIDTH="40" HEIGHT="27" CONTENT="15." WC="0.51" CC="724"/>
						<SP ID="P1_SP00087" HPOS="239" VPOS="1919" WIDTH="15"/>
						<String ID="P1_ST00107" HPOS="254" VPOS="1887" WIDTH="138" HEIGHT="29" CONTENT="Februar" WC="0.97" CC="5239863"/>
						<SP ID="P1_SP00088" HPOS="392" VPOS="1919" WIDTH="21"/>
						<String ID="P1_ST00108" HPOS="413" VPOS="1888" WIDTH="68" HEIGHT="28" CONTENT="1913" WC="0.50" CC="5183"/>
						<SP ID="P1_SP00089" HPOS="481" VPOS="1919" WIDTH="15"/>
						<String ID="P1_ST00109" HPOS="496" VPOS="1885" WIDTH="231" HEIGHT="30" CONTENT="veröffentlicht" WC="0.99" CC="50006717655050"/>
						<SP ID="P1_SP00090" HPOS="727" VPOS="1919" WIDTH="13"/>
						<String ID="P1_ST00110" HPOS="740" VPOS="1884" WIDTH="145" HEIGHT="32" CONTENT="folgende" WC="0.98" CC="85060730"/>
						<SP ID="P1_SP00091" HPOS="885" VPOS="1919" WIDTH="15"/>
						<String ID="P1_ST00111" HPOS="900" VPOS="1883" WIDTH="110" HEIGHT="31" CONTENT="Kritik:" WC="0.98" CC="4033426"/>
					</TextLine>
				</TextBlock>
				<TextBlock ID="P1_TB00016" HPOS="110" VPOS="1931" WIDTH="180" HEIGHT="41" STYLEREFS="TXT_0 PAR_LEFT">
					<TextLine ID="P1_TL00022" HPOS="110" VPOS="1936" WIDTH="179" HEIGHT="35">
						<String ID="P1_ST00112" HPOS="110" VPOS="1936" WIDTH="179" HEIGHT="35" CONTENT="Kandinsky" WC="0.47" CC="958185070"/>
					</TextLine>
				</TextBlock>
				<TextBlock ID="P1_TB00017" HPOS="110" VPOS="1983" WIDTH="912" HEIGHT="1993" STYLEREFS="TXT_0 PAR_LEFT">
					<TextLine ID="P1_TL00023" HPOS="110" VPOS="1984" WIDTH="834" HEIGHT="35">
						<String ID="P1_ST00113" HPOS="110" VPOS="1987" WIDTH="77" HEIGHT="32" CONTENT="Zur" WC="0.93" CC="665"/>
						<SP ID="P1_SP00092" HPOS="187" VPOS="2019" WIDTH="40"/>
						<String ID="P1_ST00114" HPOS="227" VPOS="1987" WIDTH="291" HEIGHT="32" CONTENT="Ausstellung" WC="0.99" CC="00000335079"/>
						<SP ID="P1_SP00093" HPOS="518" VPOS="2019" WIDTH="39"/>
						<String ID="P1_ST00115" HPOS="557" VPOS="1987" WIDTH="68" HEIGHT="28" CONTENT="bei" WC="0.99" CC="020"/>
						<SP ID="P1_SP00094" HPOS="625" VPOS="2019" WIDTH="36"/>
						<String ID="P1_ST00116" HPOS="661" VPOS="1986" WIDTH="131" HEIGHT="28" CONTENT="Louis" WC="0.98" CC="03620"/>
						<SP ID="P1_SP00095" HPOS="792" VPOS="2019" WIDTH="38"/>
						<String ID="P1_ST00117" HPOS="830" VPOS="1984" WIDTH="114" HEIGHT="28" CONTENT="Bock" WC="0.96" CC="1573"/>
					</TextLine>
					<TextLine ID="P1_TL00024" HPOS="110" VPOS="2039" WIDTH="386" HEIGHT="34">
						<String ID="P1_ST00118" HPOS="110" VPOS="2039" WIDTH="131" HEIGHT="34" CONTENT="Sohn," WC="0.98" CC="03480"/>
						<SP ID="P1_SP00096" HPOS="241" VPOS="2073" WIDTH="40"/>
						<String ID="P1_ST00119" HPOS="281" VPOS="2039" WIDTH="215" HEIGHT="31" CONTENT="Hamburg" WC="0.98" CC="6000659"/>
					</TextLine>
					<TextLine ID="P1_TL00025" HPOS="168" VPOS="2084" WIDTH="842" HEIGHT="34">
						<String ID="P1_ST00120" HPOS="168" VPOS="2090" WIDTH="56" HEIGHT="28" CONTENT="Bei" WC="0.97" CC="330"/>
						<SP ID="P1_SP00097" HPOS="224" VPOS="2118" WIDTH="31"/>
						<String ID="P1_ST00121" HPOS="255" VPOS="2089" WIDTH="92" HEIGHT="29" CONTENT="Louis" WC="0.98" CC="06630"/>
						<SP ID="P1_SP00098" HPOS="347" VPOS="2118" WIDTH="31"/>
						<String ID="P1_ST00122" HPOS="378" VPOS="2088" WIDTH="86" HEIGHT="29" CONTENT="Bock" WC="0.99" CC="3000"/>
						<SP ID="P1_SP00099" HPOS="464" VPOS="2118" WIDTH="31"/>
						<String ID="P1_ST00123" HPOS="495" VPOS="2088" WIDTH="28" HEIGHT="28" CONTENT="&amp;" WC="0.57" CC="4"/>
						<SP ID="P1_SP00100" HPOS="523" VPOS="2118" WIDTH="29"/>
						<String ID="P1_ST00124" HPOS="552" VPOS="2088" WIDTH="83" HEIGHT="28" CONTENT="Sohn" WC="0.95" CC="0687"/>
						<SP ID="P1_SP00101" HPOS="635" VPOS="2118" WIDTH="32"/>
						<String ID="P1_ST00125" HPOS="667" VPOS="2087" WIDTH="52" HEIGHT="28" CONTENT="hat" WC="0.95" CC="650"/>
						<SP ID="P1_SP00102" HPOS="719" VPOS="2118" WIDTH="31"/>
						<String ID="P1_ST00126" HPOS="750" VPOS="2086" WIDTH="117" HEIGHT="28" CONTENT="wieder" WC="0.99" CC="000605"/>
						<SP ID="P1_SP00103" HPOS="867" VPOS="2118" WIDTH="34"/>
						<String ID="P1_ST00127" HPOS="901" VPOS="2084" WIDTH="109" HEIGHT="29" CONTENT="einmal" WC="0.98" CC="225064"/>
					</TextLine>
					<TextLine ID="P1_TL00026" HPOS="113" VPOS="2135" WIDTH="900" HEIGHT="37">
						<String ID="P1_ST00128" HPOS="113" VPOS="2149" WIDTH="82" HEIGHT="20" CONTENT="einer" WC="0.97" CC="37603"/>
						<SP ID="P1_SP00104" HPOS="195" VPOS="2169" WIDTH="21"/>
						<String ID="P1_ST00129" HPOS="216" VPOS="2142" WIDTH="84" HEIGHT="30" CONTENT="jener" WC="0.97" CC="70830"/>
						<SP ID="P1_SP00105" HPOS="300" VPOS="2172" WIDTH="22"/>
						<String ID="P1_ST00130" HPOS="322" VPOS="2138" WIDTH="251" HEIGHT="33" CONTENT="unglückseligen" WC="0.99" CC="76000270072012"/>
						<SP ID="P1_SP00106" HPOS="573" VPOS="2172" WIDTH="22"/>
						<String ID="P1_ST00131" HPOS="595" VPOS="2137" WIDTH="208" HEIGHT="29" CONTENT="Monomanen" WC="0.98" CC="155654858"/>
						<SP ID="P1_SP00107" HPOS="803" VPOS="2172" WIDTH="22"/>
						<String ID="P1_ST00132" HPOS="825" VPOS="2135" WIDTH="188" HEIGHT="33" CONTENT="ausgestellt," WC="0.99" CC="370030045700"/>
					</TextLine>
					<TextLine ID="P1_TL00027" HPOS="114" VPOS="2185" WIDTH="900" HEIGHT="36">
						<String ID="P1_ST00133" HPOS="114" VPOS="2190" WIDTH="48" HEIGHT="29" CONTENT="die" WC="1.00" CC="000"/>
						<SP ID="P1_SP00108" HPOS="162" VPOS="2219" WIDTH="26"/>
						<String ID="P1_ST00134" HPOS="188" VPOS="2190" WIDTH="64" HEIGHT="29" CONTENT="sich" WC="0.99" CC="0400"/>
						<SP ID="P1_SP00109" HPOS="252" VPOS="2219" WIDTH="25"/>
						<String ID="P1_ST00135" HPOS="277" VPOS="2190" WIDTH="47" HEIGHT="28" CONTENT="für" WC="0.98" CC="500"/>
						<SP ID="P1_SP00110" HPOS="324" VPOS="2219" WIDTH="26"/>
						<String ID="P1_ST00136" HPOS="350" VPOS="2190" WIDTH="48" HEIGHT="28" CONTENT="die" WC="1.00" CC="000"/>
						<SP ID="P1_SP00111" HPOS="398" VPOS="2219" WIDTH="25"/>
						<String ID="P1_ST00137" HPOS="423" VPOS="2189" WIDTH="175" HEIGHT="32" CONTENT="Propheten" WC="0.99" CC="034473007"/>
						<SP ID="P1_SP00112" HPOS="598" VPOS="2221" WIDTH="27"/>
						<String ID="P1_ST00138" HPOS="625" VPOS="2189" WIDTH="82" HEIGHT="28" CONTENT="einer" WC="0.97" CC="24552"/>
						<SP ID="P1_SP00113" HPOS="707" VPOS="2221" WIDTH="26"/>
						<String ID="P1_ST00139" HPOS="733" VPOS="2195" WIDTH="100" HEIGHT="20" CONTENT="neuen" WC="0.96" CC="53738"/>
						<SP ID="P1_SP00114" HPOS="833" VPOS="2221" WIDTH="25"/>
						<String ID="P1_ST00140" HPOS="858" VPOS="2185" WIDTH="156" HEIGHT="30" CONTENT="Malkunst" WC="0.98" CC="49504700"/>
					</TextLine>
					<TextLine ID="P1_TL00028" HPOS="112" VPOS="2236" WIDTH="901" HEIGHT="33">
						<String ID="P1_ST00141" HPOS="112" VPOS="2241" WIDTH="112" HEIGHT="28" CONTENT="halten." WC="0.98" CC="6530082"/>
						<SP ID="P1_SP00115" HPOS="224" VPOS="2269" WIDTH="29"/>
						<String ID="P1_ST00142" HPOS="253" VPOS="2240" WIDTH="65" HEIGHT="29" CONTENT="Wir" WC="0.99" CC="100"/>
						<SP ID="P1_SP00116" HPOS="318" VPOS="2269" WIDTH="22"/>
						<String ID="P1_ST00143" HPOS="340" VPOS="2240" WIDTH="68" HEIGHT="29" CONTENT="sind" WC="0.99" CC="0050"/>
						<SP ID="P1_SP00117" HPOS="408" VPOS="2269" WIDTH="21"/>
						<String ID="P1_ST00144" HPOS="429" VPOS="2239" WIDTH="96" HEIGHT="30" CONTENT="schon" WC="0.97" CC="43605"/>
						<SP ID="P1_SP00118" HPOS="525" VPOS="2269" WIDTH="20"/>
						<String ID="P1_ST00145" HPOS="545" VPOS="2237" WIDTH="158" HEIGHT="30" CONTENT="mehrfach" WC="0.98" CC="53605420"/>
						<SP ID="P1_SP00119" HPOS="703" VPOS="2269" WIDTH="21"/>
						<String ID="P1_ST00146" HPOS="724" VPOS="2239" WIDTH="53" HEIGHT="27" CONTENT="mit" WC="1.00" CC="000"/>
						<SP ID="P1_SP00120" HPOS="777" VPOS="2269" WIDTH="19"/>
						<String ID="P1_ST00147" HPOS="796" VPOS="2238" WIDTH="94" HEIGHT="31" CONTENT="guten" WC="0.98" CC="07035"/>
						<SP ID="P1_SP00121" HPOS="890" VPOS="2269" WIDTH="22"/>
						<String ID="P1_ST00148" HPOS="912" VPOS="2236" WIDTH="85" HEIGHT="28" CONTENT="ästhe" SUBS_TYPE="HypPart1" SUBS_CONTENT="ästhetischen" WC="0.99" CC="40007"/>
						<HYP HPOS="997" VPOS="2236" WIDTH="16" CONTENT="-"/>
					</TextLine>
					<TextLine ID="P1_TL00029" HPOS="113" VPOS="2286" WIDTH="902" HEIGHT="36">
						<String ID="P1_ST00149" HPOS="113" VPOS="2291" WIDTH="119" HEIGHT="29" CONTENT="tischen" SUBS_TYPE="HypPart2" SUBS_CONTENT="ästhetischen" WC="0.98" CC="9200036"/>
						<SP ID="P1_SP00122" HPOS="232" VPOS="2320" WIDTH="24"/>
						<String ID="P1_ST00150" HPOS="256" VPOS="2291" WIDTH="146" HEIGHT="28" CONTENT="Gründen" WC="0.99" CC="4105006"/>
						<SP ID="P1_SP00123" HPOS="402" VPOS="2320" WIDTH="21"/>
						<String ID="P1_ST00151" HPOS="423" VPOS="2298" WIDTH="101" HEIGHT="24" CONTENT="gegen" WC="0.99" CC="00006"/>
						<SP ID="P1_SP00124" HPOS="524" VPOS="2322" WIDTH="23"/>
						<String ID="P1_ST00152" HPOS="547" VPOS="2290" WIDTH="47" HEIGHT="27" CONTENT="die" WC="0.97" CC="431"/>
						<SP ID="P1_SP00125" HPOS="594" VPOS="2322" WIDTH="23"/>
						<String ID="P1_ST00153" HPOS="617" VPOS="2290" WIDTH="159" HEIGHT="30" CONTENT="unsinnige" WC="0.99" CC="770237000"/>
						<SP ID="P1_SP00126" HPOS="776" VPOS="2322" WIDTH="22"/>
						<String ID="P1_ST00154" HPOS="798" VPOS="2288" WIDTH="131" HEIGHT="27" CONTENT="Theorie" WC="0.99" CC="6000444"/>
						<SP ID="P1_SP00127" HPOS="929" VPOS="2322" WIDTH="23"/>
						<String ID="P1_ST00155" HPOS="952" VPOS="2286" WIDTH="48" HEIGHT="28" CONTENT="die" SUBS_TYPE="HypPart1" SUBS_CONTENT="dieser" WC="0.95" CC="953"/>
						<HYP HPOS="1000" VPOS="2286" WIDTH="15" CONTENT="-"/>
					</TextLine>
					<TextLine ID="P1_TL00030" HPOS="112" VPOS="2337" WIDTH="901" HEIGHT="36">
						<String ID="P1_ST00156" HPOS="112" VPOS="2351" WIDTH="50" HEIGHT="20" CONTENT="ser" SUBS_TYPE="HypPart2" SUBS_CONTENT="dieser" WC="0.99" CC="030"/>
						<SP ID="P1_SP00128" HPOS="162" VPOS="2371" WIDTH="30"/>
						<String ID="P1_ST00157" HPOS="192" VPOS="2342" WIDTH="97" HEIGHT="28" CONTENT="Leute" WC="0.99" CC="00602"/>
						<SP ID="P1_SP00129" HPOS="289" VPOS="2371" WIDTH="30"/>
						<String ID="P1_ST00158" HPOS="319" VPOS="2341" WIDTH="61" HEIGHT="28" CONTENT="und" WC="0.95" CC="760"/>
						<SP ID="P1_SP00130" HPOS="380" VPOS="2371" WIDTH="29"/>
						<String ID="P1_ST00159" HPOS="409" VPOS="2349" WIDTH="100" HEIGHT="24" CONTENT="gegen" WC="0.98" CC="90006"/>
						<SP ID="P1_SP00131" HPOS="509" VPOS="2373" WIDTH="31"/>
						<String ID="P1_ST00160" HPOS="540" VPOS="2340" WIDTH="64" HEIGHT="28" CONTENT="ihre" WC="0.97" CC="6610"/>
						<SP ID="P1_SP00132" HPOS="604" VPOS="2373" WIDTH="31"/>
						<String ID="P1_ST00161" HPOS="635" VPOS="2347" WIDTH="98" HEIGHT="24" CONTENT="ganze" WC="0.98" CC="06600"/>
						<SP ID="P1_SP00133" HPOS="733" VPOS="2373" WIDTH="31"/>
						<String ID="P1_ST00162" HPOS="764" VPOS="2337" WIDTH="181" HEIGHT="29" CONTENT="Pfuscherei" WC="0.99" CC="0670005000"/>
						<SP ID="P1_SP00134" HPOS="945" VPOS="2373" WIDTH="31"/>
						<String ID="P1_ST00163" HPOS="976" VPOS="2344" WIDTH="37" HEIGHT="20" CONTENT="zu" WC="0.53" CC="54"/>
					</TextLine>
					<TextLine ID="P1_TL00031" HPOS="113" VPOS="2386" WIDTH="902" HEIGHT="39">
						<String ID="P1_ST00164" HPOS="113" VPOS="2392" WIDTH="93" HEIGHT="29" CONTENT="Felde" WC="1.00" CC="00100"/>
						<SP ID="P1_SP00135" HPOS="206" VPOS="2421" WIDTH="20"/>
						<String ID="P1_ST00165" HPOS="226" VPOS="2400" WIDTH="150" HEIGHT="25" CONTENT="gezogen," WC="0.99" CC="00000573"/>
						<SP ID="P1_SP00136" HPOS="376" VPOS="2425" WIDTH="21"/>
						<String ID="P1_ST00166" HPOS="397" VPOS="2391" WIDTH="58" HEIGHT="28" CONTENT="daß" WC="1.00" CC="000"/>
						<SP ID="P1_SP00137" HPOS="455" VPOS="2425" WIDTH="21"/>
						<String ID="P1_ST00167" HPOS="476" VPOS="2391" WIDTH="57" HEIGHT="27" CONTENT="wir" WC="0.95" CC="236"/>
						<SP ID="P1_SP00138" HPOS="533" VPOS="2425" WIDTH="22"/>
						<String ID="P1_ST00168" HPOS="555" VPOS="2389" WIDTH="93" HEIGHT="29" CONTENT="heute" WC="0.97" CC="00684"/>
						<SP ID="P1_SP00139" HPOS="648" VPOS="2425" WIDTH="19"/>
						<String ID="P1_ST00169" HPOS="667" VPOS="2389" WIDTH="106" HEIGHT="28" CONTENT="diesen" WC="0.99" CC="000017"/>
						<SP ID="P1_SP00140" HPOS="773" VPOS="2425" WIDTH="21"/>
						<String ID="P1_ST00170" HPOS="794" VPOS="2387" WIDTH="121" HEIGHT="33" CONTENT="Russen" WC="0.98" CC="980007"/>
						<SP ID="P1_SP00141" HPOS="915" VPOS="2425" WIDTH="20"/>
						<String ID="P1_ST00171" HPOS="935" VPOS="2386" WIDTH="60" HEIGHT="31" CONTENT="Kan" SUBS_TYPE="HypPart1" SUBS_CONTENT="Kandinsky" WC="0.48" CC="096"/>
						<HYP HPOS="995" VPOS="2386" WIDTH="20" CONTENT="-"/>
					</TextLine>
					<TextLine ID="P1_TL00032" HPOS="113" VPOS="2437" WIDTH="901" HEIGHT="37">
						<String ID="P1_ST00172" HPOS="113" VPOS="2443" WIDTH="112" HEIGHT="31" CONTENT="dinsky" SUBS_TYPE="HypPart2" SUBS_CONTENT="Kandinsky" WC="0.72" CC="605040"/>
						<SP ID="P1_SP00142" HPOS="225" VPOS="2474" WIDTH="44"/>
						<String ID="P1_ST00173" HPOS="269" VPOS="2441" WIDTH="91" HEIGHT="30" CONTENT="rasch" WC="0.99" CC="00037"/>
						<SP ID="P1_SP00143" HPOS="360" VPOS="2474" WIDTH="46"/>
						<String ID="P1_ST00174" HPOS="406" VPOS="2441" WIDTH="61" HEIGHT="29" CONTENT="und" WC="0.95" CC="570"/>
						<SP ID="P1_SP00144" HPOS="467" VPOS="2474" WIDTH="43"/>
						<String ID="P1_ST00175" HPOS="510" VPOS="2441" WIDTH="79" HEIGHT="28" CONTENT="ohne" WC="0.96" CC="3772"/>
						<SP ID="P1_SP00145" HPOS="589" VPOS="2474" WIDTH="46"/>
						<String ID="P1_ST00176" HPOS="635" VPOS="2439" WIDTH="180" HEIGHT="32" CONTENT="Aufregung" WC="0.98" CC="376009760"/>
						<SP ID="P1_SP00146" HPOS="815" VPOS="2474" WIDTH="44"/>
						<String ID="P1_ST00177" HPOS="859" VPOS="2437" WIDTH="155" HEIGHT="32" CONTENT="erledigen" WC="0.99" CC="335005006"/>
					</TextLine>
					<TextLine ID="P1_TL00033" HPOS="113" VPOS="2493" WIDTH="131" HEIGHT="31">
						<String ID="P1_ST00178" HPOS="113" VPOS="2493" WIDTH="131" HEIGHT="31" CONTENT="können." WC="0.99" CC="9010222"/>
					</TextLine>
					<TextLine ID="P1_TL00034" HPOS="170" VPOS="2537" WIDTH="845" HEIGHT="36">
						<String ID="P1_ST00179" HPOS="170" VPOS="2543" WIDTH="102" HEIGHT="28" CONTENT="Wenn" WC="0.96" CC="4068"/>
						<SP ID="P1_SP00147" HPOS="272" VPOS="2571" WIDTH="21"/>
						<String ID="P1_ST00180" HPOS="293" VPOS="2551" WIDTH="72" HEIGHT="20" CONTENT="man" WC="0.96" CC="307"/>
						<SP ID="P1_SP00148" HPOS="365" VPOS="2571" WIDTH="21"/>
						<String ID="P1_ST00181" HPOS="386" VPOS="2551" WIDTH="58" HEIGHT="19" CONTENT="vor" WC="0.96" CC="055"/>
						<SP ID="P1_SP00149" HPOS="444" VPOS="2571" WIDTH="26"/>
						<String ID="P1_ST00182" HPOS="470" VPOS="2542" WIDTH="70" HEIGHT="28" CONTENT="dem" WC="1.00" CC="000"/>
						<SP ID="P1_SP00150" HPOS="540" VPOS="2571" WIDTH="24"/>
						<String ID="P1_ST00183" HPOS="564" VPOS="2540" WIDTH="177" HEIGHT="33" CONTENT="greulichen" WC="0.99" CC="9017520603"/>
						<SP ID="P1_SP00151" HPOS="741" VPOS="2573" WIDTH="23"/>
						<String ID="P1_ST00184" HPOS="764" VPOS="2537" WIDTH="251" HEIGHT="33" CONTENT="Farbengesudel" WC="0.99" CC="9076460106017"/>
					</TextLine>
					<TextLine ID="P1_TL00035" HPOS="115" VPOS="2587" WIDTH="901" HEIGHT="38">
						<String ID="P1_ST00185" HPOS="115" VPOS="2593" WIDTH="61" HEIGHT="29" CONTENT="und" WC="0.96" CC="740"/>
						<SP ID="P1_SP00152" HPOS="176" VPOS="2622" WIDTH="29"/>
						<String ID="P1_ST00186" HPOS="205" VPOS="2592" WIDTH="291" HEIGHT="33" CONTENT="Liniengestammel" WC="1.00" CC="044006000060003"/>
						<SP ID="P1_SP00153" HPOS="496" VPOS="2625" WIDTH="31"/>
						<String ID="P1_ST00187" HPOS="527" VPOS="2593" WIDTH="40" HEIGHT="27" CONTENT="im" WC="0.79" CC="40"/>
						<SP ID="P1_SP00154" HPOS="567" VPOS="2625" WIDTH="28"/>
						<String ID="P1_ST00188" HPOS="595" VPOS="2589" WIDTH="227" HEIGHT="31" CONTENT="Oberlichtsaal" WC="0.99" CC="0103471500006"/>
						<SP ID="P1_SP00155" HPOS="822" VPOS="2625" WIDTH="30"/>
						<String ID="P1_ST00189" HPOS="852" VPOS="2589" WIDTH="50" HEIGHT="28" CONTENT="bei" WC="0.96" CC="442"/>
						<SP ID="P1_SP00156" HPOS="902" VPOS="2625" WIDTH="28"/>
						<String ID="P1_ST00190" HPOS="930" VPOS="2587" WIDTH="86" HEIGHT="29" CONTENT="Bock" WC="0.99" CC="2020"/>
					</TextLine>
					<TextLine ID="P1_TL00036" HPOS="115" VPOS="2638" WIDTH="900" HEIGHT="39">
						<String ID="P1_ST00191" HPOS="115" VPOS="2644" WIDTH="89" HEIGHT="33" CONTENT="steht," WC="1.00" CC="010200"/>
						<SP ID="P1_SP00157" HPOS="204" VPOS="2677" WIDTH="28"/>
						<String ID="P1_ST00192" HPOS="232" VPOS="2643" WIDTH="80" HEIGHT="29" CONTENT="weiß" WC="1.00" CC="0010"/>
						<SP ID="P1_SP00158" HPOS="312" VPOS="2677" WIDTH="28"/>
						<String ID="P1_ST00193" HPOS="340" VPOS="2651" WIDTH="71" HEIGHT="20" CONTENT="man" WC="0.94" CC="098"/>
						<SP ID="P1_SP00159" HPOS="411" VPOS="2677" WIDTH="27"/>
						<String ID="P1_ST00194" HPOS="438" VPOS="2642" WIDTH="149" HEIGHT="29" CONTENT="zunächst" WC="0.99" CC="06600500"/>
						<SP ID="P1_SP00160" HPOS="587" VPOS="2677" WIDTH="28"/>
						<String ID="P1_ST00195" HPOS="615" VPOS="2641" WIDTH="91" HEIGHT="33" CONTENT="nicht," WC="0.99" CC="502001"/>
						<SP ID="P1_SP00161" HPOS="706" VPOS="2677" WIDTH="27"/>
						<String ID="P1_ST00196" HPOS="733" VPOS="2648" WIDTH="68" HEIGHT="21" CONTENT="was" WC="1.00" CC="000"/>
						<SP ID="P1_SP00162" HPOS="801" VPOS="2677" WIDTH="29"/>
						<String ID="P1_ST00197" HPOS="830" VPOS="2647" WIDTH="71" HEIGHT="20" CONTENT="man" WC="0.96" CC="036"/>
						<SP ID="P1_SP00163" HPOS="901" VPOS="2677" WIDTH="28"/>
						<String ID="P1_ST00198" HPOS="929" VPOS="2638" WIDTH="86" HEIGHT="29" CONTENT="mehr" WC="0.96" CC="8164"/>
					</TextLine>
					<TextLine ID="P1_TL00037" HPOS="114" VPOS="2690" WIDTH="898" HEIGHT="33">
						<String ID="P1_ST00199" HPOS="114" VPOS="2694" WIDTH="193" HEIGHT="29" CONTENT="bewundern" WC="0.99" CC="600660044"/>
						<SP ID="P1_SP00164" HPOS="307" VPOS="2723" WIDTH="30"/>
						<String ID="P1_ST00200" HPOS="337" VPOS="2693" WIDTH="69" HEIGHT="29" CONTENT="soll:" WC="0.98" CC="06037"/>
						<SP ID="P1_SP00165" HPOS="406" VPOS="2723" WIDTH="44"/>
						<String ID="P1_ST00201" HPOS="450" VPOS="2693" WIDTH="48" HEIGHT="28" CONTENT="die" WC="0.98" CC="040"/>
						<SP ID="P1_SP00166" HPOS="498" VPOS="2723" WIDTH="31"/>
						<String ID="P1_ST00202" HPOS="529" VPOS="2690" WIDTH="281" HEIGHT="33" CONTENT="überlebensgroße" WC="1.00" CC="042040006095300"/>
						<SP ID="P1_SP00167" HPOS="810" VPOS="2723" WIDTH="32"/>
						<String ID="P1_ST00203" HPOS="842" VPOS="2690" WIDTH="170" HEIGHT="31" CONTENT="Arroganz," WC="0.99" CC="044500600"/>
					</TextLine>
					<TextLine ID="P1_TL00038" HPOS="115" VPOS="2740" WIDTH="900" HEIGHT="35">
						<String ID="P1_ST00204" HPOS="115" VPOS="2745" WIDTH="54" HEIGHT="28" CONTENT="mit" WC="0.97" CC="009"/>
						<SP ID="P1_SP00168" HPOS="169" VPOS="2773" WIDTH="28"/>
						<String ID="P1_ST00205" HPOS="197" VPOS="2745" WIDTH="54" HEIGHT="27" CONTENT="der" WC="0.97" CC="007"/>
						<SP ID="P1_SP00169" HPOS="251" VPOS="2773" WIDTH="28"/>
						<String ID="P1_ST00206" HPOS="279" VPOS="2744" WIDTH="79" HEIGHT="28" CONTENT="Herr" WC="0.98" CC="7000"/>
						<SP ID="P1_SP00170" HPOS="358" VPOS="2773" WIDTH="27"/>
						<String ID="P1_ST00207" HPOS="385" VPOS="2743" WIDTH="181" HEIGHT="32" CONTENT="Kandinsky" WC="0.79" CC="604016000"/>
						<SP ID="P1_SP00171" HPOS="566" VPOS="2775" WIDTH="27"/>
						<String ID="P1_ST00208" HPOS="593" VPOS="2741" WIDTH="218" HEIGHT="32" CONTENT="beansprucht," WC="0.99" CC="409553240300"/>
						<SP ID="P1_SP00172" HPOS="811" VPOS="2775" WIDTH="40"/>
						<String ID="P1_ST00209" HPOS="851" VPOS="2740" WIDTH="57" HEIGHT="28" CONTENT="daß" WC="0.99" CC="002"/>
						<SP ID="P1_SP00173" HPOS="908" VPOS="2775" WIDTH="37"/>
						<String ID="P1_ST00210" HPOS="945" VPOS="2747" WIDTH="70" HEIGHT="20" CONTENT="man" WC="0.97" CC="006"/>
					</TextLine>
					<TextLine ID="P1_TL00039" HPOS="117" VPOS="2789" WIDTH="899" HEIGHT="36">
						<String ID="P1_ST00211" HPOS="117" VPOS="2796" WIDTH="84" HEIGHT="27" CONTENT="seine" WC="0.99" CC="00040"/>
						<SP ID="P1_SP00174" HPOS="201" VPOS="2823" WIDTH="22"/>
						<String ID="P1_ST00212" HPOS="223" VPOS="2794" WIDTH="181" HEIGHT="29" CONTENT="Pfuscherei" WC="0.99" CC="0540210012"/>
						<SP ID="P1_SP00175" HPOS="404" VPOS="2823" WIDTH="24"/>
						<String ID="P1_ST00213" HPOS="428" VPOS="2795" WIDTH="84" HEIGHT="27" CONTENT="ernst" WC="0.99" CC="00600"/>
						<SP ID="P1_SP00176" HPOS="512" VPOS="2823" WIDTH="22"/>
						<String ID="P1_ST00214" HPOS="534" VPOS="2794" WIDTH="115" HEIGHT="31" CONTENT="nimmt," WC="0.99" CC="660000"/>
						<SP ID="P1_SP00177" HPOS="649" VPOS="2825" WIDTH="25"/>
						<String ID="P1_ST00215" HPOS="674" VPOS="2792" WIDTH="47" HEIGHT="28" CONTENT="die" WC="0.99" CC="010"/>
						<SP ID="P1_SP00178" HPOS="721" VPOS="2825" WIDTH="22"/>
						<String ID="P1_ST00216" HPOS="743" VPOS="2789" WIDTH="273" HEIGHT="33" CONTENT="unsympathische" WC="0.99" CC="77000920630300"/>
					</TextLine>
					<TextLine ID="P1_TL00040" HPOS="116" VPOS="2839" WIDTH="900" HEIGHT="39">
						<String ID="P1_ST00217" HPOS="116" VPOS="2845" WIDTH="171" HEIGHT="33" CONTENT="Frechheit," WC="0.99" CC="0107650000"/>
						<SP ID="P1_SP00179" HPOS="287" VPOS="2878" WIDTH="22"/>
						<String ID="P1_ST00218" HPOS="309" VPOS="2845" WIDTH="53" HEIGHT="27" CONTENT="mit" WC="0.98" CC="050"/>
						<SP ID="P1_SP00180" HPOS="362" VPOS="2878" WIDTH="21"/>
						<String ID="P1_ST00219" HPOS="383" VPOS="2844" WIDTH="54" HEIGHT="28" CONTENT="der" WC="0.97" CC="007"/>
						<SP ID="P1_SP00181" HPOS="437" VPOS="2878" WIDTH="23"/>
						<String ID="P1_ST00220" HPOS="460" VPOS="2844" WIDTH="48" HEIGHT="28" CONTENT="die" WC="1.00" CC="000"/>
						<SP ID="P1_SP00182" HPOS="508" VPOS="2878" WIDTH="24"/>
						<String ID="P1_ST00221" HPOS="532" VPOS="2843" WIDTH="142" HEIGHT="29" CONTENT="Gesellen" WC="0.99" CC="30005506"/>
						<SP ID="P1_SP00183" HPOS="674" VPOS="2878" WIDTH="22"/>
						<String ID="P1_ST00222" HPOS="696" VPOS="2850" WIDTH="74" HEIGHT="20" CONTENT="vom" WC="1.00" CC="000"/>
						<SP ID="P1_SP00184" HPOS="770" VPOS="2878" WIDTH="23"/>
						<String ID="P1_ST00223" HPOS="793" VPOS="2839" WIDTH="150" HEIGHT="35" CONTENT='„Sturm",' WC="0.99" CC="00076040"/>
						<SP ID="P1_SP00185" HPOS="943" VPOS="2878" WIDTH="25"/>
						<String ID="P1_ST00224" HPOS="968" VPOS="2839" WIDTH="48" HEIGHT="28" CONTENT="die" WC="0.99" CC="030"/>
					</TextLine>
					<TextLine ID="P1_TL00041" HPOS="117" VPOS="2890" WIDTH="899" HEIGHT="36">
						<String ID="P1_ST00225" HPOS="117" VPOS="2894" WIDTH="207" HEIGHT="29" CONTENT="Protektoren" WC="1.00" CC="03000000305"/>
						<SP ID="P1_SP00186" HPOS="324" VPOS="2923" WIDTH="26"/>
						<String ID="P1_ST00226" HPOS="350" VPOS="2895" WIDTH="99" HEIGHT="28" CONTENT="dieser" WC="1.00" CC="000005"/>
						<SP ID="P1_SP00187" HPOS="449" VPOS="2923" WIDTH="26"/>
						<String ID="P1_ST00227" HPOS="475" VPOS="2893" WIDTH="205" HEIGHT="33" CONTENT="Ausstellung," WC="0.99" CC="070002565500"/>
						<SP ID="P1_SP00188" HPOS="680" VPOS="2926" WIDTH="27"/>
						<String ID="P1_ST00228" HPOS="707" VPOS="2892" WIDTH="85" HEIGHT="28" CONTENT="diese" WC="0.99" CC="05000"/>
						<SP ID="P1_SP00189" HPOS="792" VPOS="2926" WIDTH="24"/>
						<String ID="P1_ST00229" HPOS="816" VPOS="2890" WIDTH="200" HEIGHT="29" CONTENT="verwilderte" WC="1.00" CC="03500403200"/>
					</TextLine>
					<TextLine ID="P1_TL00042" HPOS="117" VPOS="2940" WIDTH="899" HEIGHT="35">
						<String ID="P1_ST00230" HPOS="117" VPOS="2944" WIDTH="130" HEIGHT="28" CONTENT="Malerei" WC="0.99" CC="0140206"/>
						<SP ID="P1_SP00190" HPOS="247" VPOS="2972" WIDTH="28"/>
						<String ID="P1_ST00231" HPOS="275" VPOS="2944" WIDTH="44" HEIGHT="28" CONTENT="als" WC="0.98" CC="040"/>
						<SP ID="P1_SP00191" HPOS="319" VPOS="2972" WIDTH="29"/>
						<String ID="P1_ST00232" HPOS="348" VPOS="2944" WIDTH="253" HEIGHT="31" CONTENT="Offenbarungen" WC="0.99" CC="1560565366006"/>
						<SP ID="P1_SP00192" HPOS="601" VPOS="2975" WIDTH="31"/>
						<String ID="P1_ST00233" HPOS="632" VPOS="2944" WIDTH="83" HEIGHT="27" CONTENT="einer" WC="0.99" CC="01700"/>
						<SP ID="P1_SP00193" HPOS="715" VPOS="2975" WIDTH="29"/>
						<String ID="P1_ST00234" HPOS="744" VPOS="2950" WIDTH="100" HEIGHT="20" CONTENT="neuen" WC="0.98" CC="60500"/>
						<SP ID="P1_SP00194" HPOS="844" VPOS="2975" WIDTH="29"/>
						<String ID="P1_ST00235" HPOS="873" VPOS="2940" WIDTH="61" HEIGHT="29" CONTENT="und" WC="0.95" CC="580"/>
						<SP ID="P1_SP00195" HPOS="934" VPOS="2975" WIDTH="30"/>
						<String ID="P1_ST00236" HPOS="964" VPOS="2948" WIDTH="35" HEIGHT="20" CONTENT="zu" SUBS_TYPE="HypPart1" SUBS_CONTENT="zukunftsreichen" WC="0.98" CC="06"/>
						<HYP HPOS="999" VPOS="2948" WIDTH="17" CONTENT="-"/>
					</TextLine>
					<TextLine ID="P1_TL00043" HPOS="117" VPOS="2991" WIDTH="900" HEIGHT="35">
						<String ID="P1_ST00237" HPOS="117" VPOS="2994" WIDTH="230" HEIGHT="29" CONTENT="kunftsreichen" SUBS_TYPE="HypPart2" SUBS_CONTENT="zukunftsreichen" WC="0.99" CC="6566000060508"/>
						<SP ID="P1_SP00196" HPOS="347" VPOS="3023" WIDTH="26"/>
						<String ID="P1_ST00238" HPOS="373" VPOS="2993" WIDTH="97" HEIGHT="31" CONTENT="Kunst" WC="0.99" CC="05500"/>
						<SP ID="P1_SP00197" HPOS="470" VPOS="3024" WIDTH="27"/>
						<String ID="P1_ST00239" HPOS="497" VPOS="2994" WIDTH="213" HEIGHT="32" CONTENT="propagieren," WC="1.00" CC="000000511060"/>
						<SP ID="P1_SP00198" HPOS="710" VPOS="3026" WIDTH="38"/>
						<String ID="P1_ST00240" HPOS="748" VPOS="2992" WIDTH="74" HEIGHT="28" CONTENT="oder" WC="0.97" CC="6006"/>
						<SP ID="P1_SP00199" HPOS="822" VPOS="3026" WIDTH="38"/>
						<String ID="P1_ST00241" HPOS="860" VPOS="2991" WIDTH="58" HEIGHT="28" CONTENT="den" WC="0.98" CC="006"/>
						<SP ID="P1_SP00200" HPOS="918" VPOS="3026" WIDTH="28"/>
						<String ID="P1_ST00242" HPOS="946" VPOS="2998" WIDTH="54" HEIGHT="20" CONTENT="ver" SUBS_TYPE="HypPart1" SUBS_CONTENT="verwerflichen" WC="1.00" CC="000"/>
						<HYP HPOS="1000" VPOS="2998" WIDTH="17" CONTENT="-"/>
					</TextLine>
					<TextLine ID="P1_TL00044" HPOS="118" VPOS="3041" WIDTH="899" HEIGHT="33">
						<String ID="P1_ST00243" HPOS="118" VPOS="3044" WIDTH="180" HEIGHT="29" CONTENT="werflichen" SUBS_TYPE="HypPart2" SUBS_CONTENT="verwerflichen" WC="0.99" CC="9002270005"/>
						<SP ID="P1_SP00201" HPOS="298" VPOS="3073" WIDTH="37"/>
						<String ID="P1_ST00244" HPOS="335" VPOS="3043" WIDTH="300" HEIGHT="31" CONTENT="Sensationshunger" WC="1.00" CC="1060000360657003"/>
						<SP ID="P1_SP00202" HPOS="635" VPOS="3074" WIDTH="40"/>
						<String ID="P1_ST00245" HPOS="675" VPOS="3043" WIDTH="54" HEIGHT="28" CONTENT="des" WC="0.99" CC="011"/>
						<SP ID="P1_SP00203" HPOS="729" VPOS="3074" WIDTH="35"/>
						<String ID="P1_ST00246" HPOS="764" VPOS="3041" WIDTH="253" HEIGHT="31" CONTENT="Kunsthändlers," WC="1.00" CC="06200006054400"/>
					</TextLine>
					<TextLine ID="P1_TL00045" HPOS="119" VPOS="3091" WIDTH="899" HEIGHT="35">
						<String ID="P1_ST00247" HPOS="119" VPOS="3096" WIDTH="54" HEIGHT="27" CONTENT="der" WC="1.00" CC="000"/>
						<SP ID="P1_SP00204" HPOS="173" VPOS="3123" WIDTH="22"/>
						<String ID="P1_ST00248" HPOS="195" VPOS="3097" WIDTH="84" HEIGHT="27" CONTENT="seine" WC="0.99" CC="00063"/>
						<SP ID="P1_SP00205" HPOS="279" VPOS="3124" WIDTH="21"/>
						<String ID="P1_ST00249" HPOS="300" VPOS="3093" WIDTH="117" HEIGHT="33" CONTENT="Räume" WC="0.98" CC="60500"/>
						<SP ID="P1_SP00206" HPOS="417" VPOS="3126" WIDTH="22"/>
						<String ID="P1_ST00250" HPOS="439" VPOS="3093" WIDTH="46" HEIGHT="28" CONTENT="für" WC="0.97" CC="602"/>
						<SP ID="P1_SP00207" HPOS="485" VPOS="3126" WIDTH="22"/>
						<String ID="P1_ST00251" HPOS="507" VPOS="3093" WIDTH="104" HEIGHT="28" CONTENT="diesen" WC="0.99" CC="061006"/>
						<SP ID="P1_SP00208" HPOS="611" VPOS="3126" WIDTH="22"/>
						<String ID="P1_ST00252" HPOS="633" VPOS="3092" WIDTH="135" HEIGHT="28" CONTENT="Farben-" WC="0.98" CC="6515160"/>
						<SP ID="P1_SP00209" HPOS="768" VPOS="3126" WIDTH="22"/>
						<String ID="P1_ST00253" HPOS="790" VPOS="3092" WIDTH="59" HEIGHT="27" CONTENT="und" WC="0.95" CC="660"/>
						<SP ID="P1_SP00210" HPOS="849" VPOS="3126" WIDTH="23"/>
						<String ID="P1_ST00254" HPOS="872" VPOS="3091" WIDTH="126" HEIGHT="28" CONTENT="Formen" SUBS_TYPE="HypPart1" SUBS_CONTENT="Formenwahnsinn" WC="0.98" CC="243038"/>
						<HYP HPOS="998" VPOS="3091" WIDTH="20" CONTENT="-"/>
					</TextLine>
					<TextLine ID="P1_TL00046" HPOS="119" VPOS="3140" WIDTH="900" HEIGHT="36">
						<String ID="P1_ST00255" HPOS="119" VPOS="3146" WIDTH="162" HEIGHT="28" CONTENT="wahnsinn" SUBS_TYPE="HypPart2" SUBS_CONTENT="Formenwahnsinn" WC="0.99" CC="00040056"/>
						<SP ID="P1_SP00211" HPOS="281" VPOS="3174" WIDTH="21"/>
						<String ID="P1_ST00256" HPOS="302" VPOS="3144" WIDTH="130" HEIGHT="32" CONTENT="hergibt." WC="1.00" CC="00000004"/>
						<SP ID="P1_SP00212" HPOS="432" VPOS="3176" WIDTH="44"/>
						<String ID="P1_ST00257" HPOS="476" VPOS="3142" WIDTH="181" HEIGHT="30" CONTENT="Schließlich" WC="0.99" CC="05032003410"/>
						<SP ID="P1_SP00213" HPOS="657" VPOS="3176" WIDTH="24"/>
						<String ID="P1_ST00258" HPOS="681" VPOS="3142" WIDTH="73" HEIGHT="28" CONTENT="aber" WC="0.98" CC="4600"/>
						<SP ID="P1_SP00214" HPOS="754" VPOS="3176" WIDTH="23"/>
						<String ID="P1_ST00259" HPOS="777" VPOS="3144" WIDTH="79" HEIGHT="29" CONTENT="siegt" WC="1.00" CC="03000"/>
						<SP ID="P1_SP00215" HPOS="856" VPOS="3176" WIDTH="25"/>
						<String ID="P1_ST00260" HPOS="881" VPOS="3142" WIDTH="54" HEIGHT="28" CONTENT="das" WC="1.00" CC="000"/>
						<SP ID="P1_SP00216" HPOS="935" VPOS="3176" WIDTH="24"/>
						<String ID="P1_ST00261" HPOS="959" VPOS="3140" WIDTH="40" HEIGHT="28" CONTENT="Be" SUBS_TYPE="HypPart1" SUBS_CONTENT="Bedauern" WC="0.98" CC="50"/>
						<HYP HPOS="999" VPOS="3140" WIDTH="20" CONTENT="-"/>
					</TextLine>
					<TextLine ID="P1_TL00047" HPOS="122" VPOS="3190" WIDTH="886" HEIGHT="36">
						<String ID="P1_ST00262" HPOS="122" VPOS="3196" WIDTH="115" HEIGHT="28" CONTENT="dauern" SUBS_TYPE="HypPart2" SUBS_CONTENT="Bedauern" WC="0.99" CC="034002"/>
						<SP ID="P1_SP00217" HPOS="237" VPOS="3224" WIDTH="32"/>
						<String ID="P1_ST00263" HPOS="269" VPOS="3196" WIDTH="53" HEIGHT="28" CONTENT="mit" WC="0.99" CC="030"/>
						<SP ID="P1_SP00218" HPOS="322" VPOS="3224" WIDTH="32"/>
						<String ID="P1_ST00264" HPOS="354" VPOS="3195" WIDTH="53" HEIGHT="28" CONTENT="der" WC="1.00" CC="000"/>
						<SP ID="P1_SP00219" HPOS="407" VPOS="3224" WIDTH="31"/>
						<String ID="P1_ST00265" HPOS="438" VPOS="3196" WIDTH="91" HEIGHT="30" CONTENT="irren," WC="0.98" CC="300571"/>
						<SP ID="P1_SP00220" HPOS="529" VPOS="3226" WIDTH="40"/>
						<String ID="P1_ST00266" HPOS="569" VPOS="3193" WIDTH="65" HEIGHT="28" CONTENT="also" WC="0.97" CC="0606"/>
						<SP ID="P1_SP00221" HPOS="634" VPOS="3226" WIDTH="40"/>
						<String ID="P1_ST00267" HPOS="674" VPOS="3190" WIDTH="334" HEIGHT="30" CONTENT="unverantwortlichen" WC="0.99" CC="760002700500654706"/>
					</TextLine>
					<TextLine ID="P1_TL00048" HPOS="120" VPOS="3241" WIDTH="900" HEIGHT="38">
						<String ID="P1_ST00268" HPOS="120" VPOS="3245" WIDTH="193" HEIGHT="34" CONTENT="Malerseele," WC="1.00" CC="01003000400"/>
						<SP ID="P1_SP00222" HPOS="313" VPOS="3279" WIDTH="28"/>
						<String ID="P1_ST00269" HPOS="341" VPOS="3245" WIDTH="58" HEIGHT="33" CONTENT="die," WC="0.99" CC="0101"/>
						<SP ID="P1_SP00223" HPOS="399" VPOS="3279" WIDTH="26"/>
						<String ID="P1_ST00270" HPOS="425" VPOS="3245" WIDTH="61" HEIGHT="28" CONTENT="wie" WC="0.97" CC="060"/>
						<SP ID="P1_SP00224" HPOS="486" VPOS="3279" WIDTH="28"/>
						<String ID="P1_ST00271" HPOS="514" VPOS="3245" WIDTH="48" HEIGHT="27" CONTENT="ein" WC="0.96" CC="055"/>
						<SP ID="P1_SP00225" HPOS="562" VPOS="3279" WIDTH="28"/>
						<String ID="P1_ST00272" HPOS="590" VPOS="3251" WIDTH="74" HEIGHT="23" CONTENT="paar" WC="0.99" CC="0150"/>
						<SP ID="P1_SP00226" HPOS="664" VPOS="3279" WIDTH="26"/>
						<String ID="P1_ST00273" HPOS="690" VPOS="3241" WIDTH="123" HEIGHT="28" CONTENT="frühere" WC="0.99" CC="6000004"/>
						<SP ID="P1_SP00227" HPOS="813" VPOS="3279" WIDTH="28"/>
						<String ID="P1_ST00274" HPOS="841" VPOS="3241" WIDTH="102" HEIGHT="28" CONTENT="Bilder" WC="0.98" CC="443036"/>
						<SP ID="P1_SP00228" HPOS="943" VPOS="3279" WIDTH="29"/>
						<String ID="P1_ST00275" HPOS="972" VPOS="3248" WIDTH="32" HEIGHT="19" CONTENT="er" SUBS_TYPE="HypPart1" SUBS_CONTENT="erweisen," WC="0.99" CC="00"/>
						<HYP HPOS="1004" VPOS="3248" WIDTH="16" CONTENT="-"/>
					</TextLine>
					<TextLine ID="P1_TL00049" HPOS="120" VPOS="3290" WIDTH="899" HEIGHT="39">
						<String ID="P1_ST00276" HPOS="120" VPOS="3297" WIDTH="127" HEIGHT="32" CONTENT="weisen," SUBS_TYPE="HypPart2" SUBS_CONTENT="erweisen," WC="0.99" CC="0070050"/>
						<SP ID="P1_SP00229" HPOS="247" VPOS="3329" WIDTH="29"/>
						<String ID="P1_ST00277" HPOS="276" VPOS="3304" WIDTH="57" HEIGHT="20" CONTENT="vor" WC="0.99" CC="020"/>
						<SP ID="P1_SP00230" HPOS="333" VPOS="3329" WIDTH="33"/>
						<String ID="P1_ST00278" HPOS="366" VPOS="3295" WIDTH="54" HEIGHT="28" CONTENT="der" WC="1.00" CC="000"/>
						<SP ID="P1_SP00231" HPOS="420" VPOS="3329" WIDTH="29"/>
						<String ID="P1_ST00279" HPOS="449" VPOS="3294" WIDTH="235" HEIGHT="30" CONTENT="Verdüsterung" WC="1.00" CC="000000001770"/>
						<SP ID="P1_SP00232" HPOS="684" VPOS="3329" WIDTH="30"/>
						<String ID="P1_ST00280" HPOS="714" VPOS="3292" WIDTH="114" HEIGHT="28" CONTENT="schöne" WC="0.99" CC="000060"/>
						<SP ID="P1_SP00233" HPOS="828" VPOS="3329" WIDTH="31"/>
						<String ID="P1_ST00281" HPOS="859" VPOS="3290" WIDTH="60" HEIGHT="28" CONTENT="und" WC="0.94" CC="670"/>
						<SP ID="P1_SP00234" HPOS="919" VPOS="3329" WIDTH="34"/>
						<String ID="P1_ST00282" HPOS="953" VPOS="3290" WIDTH="66" HEIGHT="28" CONTENT="edle" WC="0.98" CC="3021"/>
					</TextLine>
					<TextLine ID="P1_TL00050" HPOS="122" VPOS="3340" WIDTH="898" HEIGHT="34">
						<String ID="P1_ST00283" HPOS="122" VPOS="3346" WIDTH="181" HEIGHT="28" CONTENT="malerische" WC="1.00" CC="0330000000"/>
						<SP ID="P1_SP00235" HPOS="303" VPOS="3374" WIDTH="28"/>
						<String ID="P1_ST00284" HPOS="331" VPOS="3346" WIDTH="132" HEIGHT="27" CONTENT="Formen" WC="0.99" CC="053005"/>
						<SP ID="P1_SP00236" HPOS="463" VPOS="3374" WIDTH="29"/>
						<String ID="P1_ST00285" HPOS="492" VPOS="3343" WIDTH="139" HEIGHT="30" CONTENT="schaffen" WC="0.99" CC="30555006"/>
						<SP ID="P1_SP00237" HPOS="631" VPOS="3374" WIDTH="29"/>
						<String ID="P1_ST00286" HPOS="660" VPOS="3343" WIDTH="127" HEIGHT="28" CONTENT="konnte:" WC="0.99" CC="0086004"/>
						<SP ID="P1_SP00238" HPOS="787" VPOS="3374" WIDTH="41"/>
						<String ID="P1_ST00287" HPOS="828" VPOS="3340" WIDTH="192" HEIGHT="32" CONTENT="gleichzeitig" WC="0.99" CC="050656006010"/>
					</TextLine>
					<TextLine ID="P1_TL00051" HPOS="123" VPOS="3389" WIDTH="897" HEIGHT="38">
						<String ID="P1_ST00288" HPOS="123" VPOS="3396" WIDTH="166" HEIGHT="31" CONTENT="empfindet" WC="0.99" CC="200607000"/>
						<SP ID="P1_SP00239" HPOS="289" VPOS="3427" WIDTH="26"/>
						<String ID="P1_ST00289" HPOS="315" VPOS="3404" WIDTH="71" HEIGHT="20" CONTENT="man" WC="0.97" CC="007"/>
						<SP ID="P1_SP00240" HPOS="386" VPOS="3427" WIDTH="28"/>
						<String ID="P1_ST00290" HPOS="414" VPOS="3396" WIDTH="48" HEIGHT="27" CONTENT="die" WC="0.99" CC="010"/>
						<SP ID="P1_SP00241" HPOS="462" VPOS="3427" WIDTH="27"/>
						<String ID="P1_ST00291" HPOS="489" VPOS="3395" WIDTH="215" HEIGHT="31" CONTENT="Genugtuung," WC="0.99" CC="60880086800"/>
						<SP ID="P1_SP00242" HPOS="704" VPOS="3427" WIDTH="29"/>
						<String ID="P1_ST00292" HPOS="733" VPOS="3391" WIDTH="57" HEIGHT="29" CONTENT="daß" WC="1.00" CC="000"/>
						<SP ID="P1_SP00243" HPOS="790" VPOS="3427" WIDTH="27"/>
						<String ID="P1_ST00293" HPOS="817" VPOS="3391" WIDTH="84" HEIGHT="28" CONTENT="diese" WC="1.00" CC="03000"/>
						<SP ID="P1_SP00244" HPOS="901" VPOS="3427" WIDTH="28"/>
						<String ID="P1_ST00294" HPOS="929" VPOS="3389" WIDTH="91" HEIGHT="30" CONTENT="Sorte" WC="0.98" CC="13600"/>
					</TextLine>
					<TextLine ID="P1_TL00052" HPOS="122" VPOS="3441" WIDTH="898" HEIGHT="35">
						<String ID="P1_ST00295" HPOS="122" VPOS="3453" WIDTH="63" HEIGHT="20" CONTENT="von" WC="0.98" CC="005"/>
						<SP ID="P1_SP00245" HPOS="185" VPOS="3473" WIDTH="22"/>
						<String ID="P1_ST00296" HPOS="207" VPOS="3445" WIDTH="98" HEIGHT="31" CONTENT="Kunst" WC="0.98" CC="07500"/>
						<SP ID="P1_SP00246" HPOS="305" VPOS="3476" WIDTH="25"/>
						<String ID="P1_ST00297" HPOS="330" VPOS="3445" WIDTH="119" HEIGHT="29" CONTENT="endlich" WC="0.99" CC="0604500"/>
						<SP ID="P1_SP00247" HPOS="449" VPOS="3476" WIDTH="25"/>
						<String ID="P1_ST00298" HPOS="474" VPOS="3453" WIDTH="38" HEIGHT="20" CONTENT="an" WC="0.49" CC="36"/>
						<SP ID="P1_SP00248" HPOS="512" VPOS="3476" WIDTH="26"/>
						<String ID="P1_ST00299" HPOS="538" VPOS="3445" WIDTH="59" HEIGHT="28" CONTENT="den" WC="0.98" CC="005"/>
						<SP ID="P1_SP00249" HPOS="597" VPOS="3476" WIDTH="24"/>
						<String ID="P1_ST00300" HPOS="621" VPOS="3443" WIDTH="101" HEIGHT="28" CONTENT="Punkt" WC="0.98" CC="07600"/>
						<SP ID="P1_SP00250" HPOS="722" VPOS="3476" WIDTH="25"/>
						<String ID="P1_ST00301" HPOS="747" VPOS="3441" WIDTH="123" HEIGHT="33" CONTENT="gelangt" WC="0.99" CC="0050500"/>
						<SP ID="P1_SP00251" HPOS="870" VPOS="3476" WIDTH="26"/>
						<String ID="P1_ST00302" HPOS="896" VPOS="3441" WIDTH="47" HEIGHT="32" CONTENT="ist," WC="0.99" CC="5000"/>
						<SP ID="P1_SP00252" HPOS="943" VPOS="3476" WIDTH="26"/>
						<String ID="P1_ST00303" HPOS="969" VPOS="3447" WIDTH="51" HEIGHT="20" CONTENT="wo" WC="1.00" CC="00"/>
					</TextLine>
					<TextLine ID="P1_TL00053" HPOS="124" VPOS="3490" WIDTH="896" HEIGHT="37">
						<String ID="P1_ST00304" HPOS="124" VPOS="3496" WIDTH="44" HEIGHT="27" CONTENT="sie" WC="1.00" CC="000"/>
						<SP ID="P1_SP00253" HPOS="168" VPOS="3523" WIDTH="20"/>
						<String ID="P1_ST00305" HPOS="188" VPOS="3495" WIDTH="64" HEIGHT="28" CONTENT="sich" WC="0.99" CC="0510"/>
						<SP ID="P1_SP00254" HPOS="252" VPOS="3523" WIDTH="22"/>
						<String ID="P1_ST00306" HPOS="274" VPOS="3495" WIDTH="75" HEIGHT="32" CONTENT="glatt" WC="1.00" CC="00200"/>
						<SP ID="P1_SP00255" HPOS="349" VPOS="3527" WIDTH="20"/>
						<String ID="P1_ST00307" HPOS="369" VPOS="3495" WIDTH="44" HEIGHT="28" CONTENT="als" WC="0.96" CC="440"/>
						<SP ID="P1_SP00256" HPOS="413" VPOS="3527" WIDTH="22"/>
						<String ID="P1_ST00308" HPOS="435" VPOS="3495" WIDTH="58" HEIGHT="28" CONTENT="den" WC="0.97" CC="007"/>
						<SP ID="P1_SP00257" HPOS="493" VPOS="3527" WIDTH="21"/>
						<String ID="P1_ST00309" HPOS="514" VPOS="3495" WIDTH="97" HEIGHT="28" CONTENT="Ismus" WC="0.99" CC="00050"/>
						<SP ID="P1_SP00258" HPOS="611" VPOS="3527" WIDTH="22"/>
						<String ID="P1_ST00310" HPOS="633" VPOS="3493" WIDTH="162" HEIGHT="32" CONTENT="offenbart," WC="0.99" CC="4640405000"/>
						<SP ID="P1_SP00259" HPOS="795" VPOS="3527" WIDTH="20"/>
						<String ID="P1_ST00311" HPOS="815" VPOS="3492" WIDTH="48" HEIGHT="27" CONTENT="bei" WC="0.98" CC="006"/>
						<SP ID="P1_SP00260" HPOS="863" VPOS="3527" WIDTH="24"/>
						<String ID="P1_ST00312" HPOS="887" VPOS="3490" WIDTH="69" HEIGHT="28" CONTENT="dem" WC="1.00" CC="010"/>
						<SP ID="P1_SP00261" HPOS="956" VPOS="3527" WIDTH="20"/>
						<String ID="P1_ST00313" HPOS="976" VPOS="3490" WIDTH="44" HEIGHT="28" CONTENT="sie" WC="1.00" CC="000"/>
					</TextLine>
					<TextLine ID="P1_TL00054" HPOS="124" VPOS="3539" WIDTH="897" HEIGHT="38">
						<String ID="P1_ST00314" HPOS="124" VPOS="3545" WIDTH="178" HEIGHT="32" CONTENT="notwendig" WC="0.99" CC="730002030"/>
						<SP ID="P1_SP00262" HPOS="302" VPOS="3577" WIDTH="27"/>
						<String ID="P1_ST00315" HPOS="329" VPOS="3545" WIDTH="110" HEIGHT="28" CONTENT="landen" WC="0.99" CC="402003"/>
						<SP ID="P1_SP00263" HPOS="439" VPOS="3577" WIDTH="29"/>
						<String ID="P1_ST00316" HPOS="468" VPOS="3544" WIDTH="60" HEIGHT="28" CONTENT="und" WC="0.94" CC="860"/>
						<SP ID="P1_SP00264" HPOS="528" VPOS="3577" WIDTH="29"/>
						<String ID="P1_ST00317" HPOS="557" VPOS="3544" WIDTH="145" HEIGHT="29" CONTENT="stranden" WC="0.99" CC="00018008"/>
						<SP ID="P1_SP00265" HPOS="702" VPOS="3577" WIDTH="29"/>
						<String ID="P1_ST00318" HPOS="731" VPOS="3542" WIDTH="112" HEIGHT="33" CONTENT="mußte," WC="0.99" CC="060003"/>
						<SP ID="P1_SP00266" HPOS="843" VPOS="3577" WIDTH="39"/>
						<String ID="P1_ST00319" HPOS="882" VPOS="3540" WIDTH="43" HEIGHT="28" CONTENT="als" WC="0.99" CC="020"/>
						<SP ID="P1_SP00267" HPOS="925" VPOS="3577" WIDTH="37"/>
						<String ID="P1_ST00320" HPOS="962" VPOS="3539" WIDTH="59" HEIGHT="28" CONTENT="den" WC="0.98" CC="023"/>
					</TextLine>
					<TextLine ID="P1_TL00055" HPOS="125" VPOS="3594" WIDTH="182" HEIGHT="29">
						<String ID="P1_ST00321" HPOS="125" VPOS="3594" WIDTH="182" HEIGHT="29" CONTENT="Idiotismus." WC="1.00" CC="50000000504"/>
					</TextLine>
					<TextLine ID="P1_TL00056" HPOS="181" VPOS="3639" WIDTH="841" HEIGHT="37">
						<String ID="P1_ST00322" HPOS="181" VPOS="3643" WIDTH="73" HEIGHT="29" CONTENT="Man" WC="0.96" CC="037"/>
						<SP ID="P1_SP00268" HPOS="254" VPOS="3672" WIDTH="20"/>
						<String ID="P1_ST00323" HPOS="274" VPOS="3645" WIDTH="78" HEIGHT="27" CONTENT="wird" WC="0.99" CC="0500"/>
						<SP ID="P1_SP00269" HPOS="352" VPOS="3672" WIDTH="18"/>
						<String ID="P1_ST00324" HPOS="370" VPOS="3645" WIDTH="152" HEIGHT="28" CONTENT="vielleicht" WC="0.99" CC="0505601000"/>
						<SP ID="P1_SP00270" HPOS="522" VPOS="3673" WIDTH="19"/>
						<String ID="P1_ST00325" HPOS="541" VPOS="3644" WIDTH="112" HEIGHT="32" CONTENT="finden," WC="0.99" CC="7550000"/>
						<SP ID="P1_SP00271" HPOS="653" VPOS="3676" WIDTH="20"/>
						<String ID="P1_ST00326" HPOS="673" VPOS="3643" WIDTH="58" HEIGHT="28" CONTENT="daß" WC="0.96" CC="530"/>
						<SP ID="P1_SP00272" HPOS="731" VPOS="3676" WIDTH="21"/>
						<String ID="P1_ST00327" HPOS="752" VPOS="3644" WIDTH="82" HEIGHT="27" CONTENT="seien" WC="0.98" CC="00605"/>
						<SP ID="P1_SP00273" HPOS="834" VPOS="3676" WIDTH="21"/>
						<String ID="P1_ST00328" HPOS="855" VPOS="3641" WIDTH="87" HEIGHT="28" CONTENT="harte" WC="0.99" CC="54000"/>
						<SP ID="P1_SP00274" HPOS="942" VPOS="3676" WIDTH="19"/>
						<String ID="P1_ST00329" HPOS="961" VPOS="3639" WIDTH="61" HEIGHT="28" CONTENT="und" WC="0.95" CC="470"/>
					</TextLine>
					<TextLine ID="P1_TL00057" HPOS="126" VPOS="3689" WIDTH="896" HEIGHT="38">
						<String ID="P1_ST00330" HPOS="126" VPOS="3694" WIDTH="187" HEIGHT="33" CONTENT="ungerechte" WC="1.00" CC="9200000003"/>
						<SP ID="P1_SP00275" HPOS="313" VPOS="3727" WIDTH="25"/>
						<String ID="P1_ST00331" HPOS="338" VPOS="3694" WIDTH="117" HEIGHT="28" CONTENT="Worte." WC="0.99" CC="002004"/>
						<SP ID="P1_SP00276" HPOS="455" VPOS="3727" WIDTH="46"/>
						<String ID="P1_ST00332" HPOS="501" VPOS="3694" WIDTH="49" HEIGHT="28" CONTENT="Ich" WC="0.95" CC="236"/>
						<SP ID="P1_SP00277" HPOS="550" VPOS="3727" WIDTH="27"/>
						<String ID="P1_ST00333" HPOS="577" VPOS="3694" WIDTH="91" HEIGHT="33" CONTENT="finde," WC="0.98" CC="628051"/>
						<SP ID="P1_SP00278" HPOS="668" VPOS="3727" WIDTH="28"/>
						<String ID="P1_ST00334" HPOS="696" VPOS="3702" WIDTH="32" HEIGHT="19" CONTENT="es" WC="1.00" CC="00"/>
						<SP ID="P1_SP00279" HPOS="728" VPOS="3727" WIDTH="28"/>
						<String ID="P1_ST00335" HPOS="756" VPOS="3692" WIDTH="67" HEIGHT="29" CONTENT="sind" WC="0.98" CC="0070"/>
						<SP ID="P1_SP00280" HPOS="823" VPOS="3727" WIDTH="26"/>
						<String ID="P1_ST00336" HPOS="849" VPOS="3692" WIDTH="47" HEIGHT="28" CONTENT="die" WC="0.98" CC="040"/>
						<SP ID="P1_SP00281" HPOS="896" VPOS="3727" WIDTH="28"/>
						<String ID="P1_ST00337" HPOS="924" VPOS="3689" WIDTH="98" HEIGHT="31" CONTENT="einzig" WC="1.00" CC="004010"/>
					</TextLine>
					<TextLine ID="P1_TL00058" HPOS="126" VPOS="3739" WIDTH="895" HEIGHT="37">
						<String ID="P1_ST00338" HPOS="126" VPOS="3744" WIDTH="181" HEIGHT="32" CONTENT="möglichen." WC="1.00" CC="0300200024"/>
						<SP ID="P1_SP00282" HPOS="307" VPOS="3776" WIDTH="42"/>
						<String ID="P1_ST00339" HPOS="349" VPOS="3743" WIDTH="62" HEIGHT="28" CONTENT="Der" WC="0.99" CC="200"/>
						<SP ID="P1_SP00283" HPOS="411" VPOS="3776" WIDTH="24"/>
						<String ID="P1_ST00340" HPOS="435" VPOS="3743" WIDTH="139" HEIGHT="29" CONTENT="Versuch" WC="1.00" CC="0000300"/>
						<SP ID="P1_SP00284" HPOS="574" VPOS="3776" WIDTH="27"/>
						<String ID="P1_ST00341" HPOS="601" VPOS="3746" WIDTH="81" HEIGHT="26" CONTENT="einer" WC="0.98" CC="05820"/>
						<SP ID="P1_SP00285" HPOS="682" VPOS="3776" WIDTH="28"/>
						<String ID="P1_ST00342" HPOS="710" VPOS="3741" WIDTH="189" HEIGHT="30" CONTENT="ernsthaften" WC="0.99" CC="04600047008"/>
						<SP ID="P1_SP00286" HPOS="899" VPOS="3776" WIDTH="27"/>
						<String ID="P1_ST00343" HPOS="926" VPOS="3739" WIDTH="95" HEIGHT="32" CONTENT="Kritik" WC="0.99" CC="072000"/>
					</TextLine>
					<TextLine ID="P1_TL00059" HPOS="127" VPOS="3790" WIDTH="895" HEIGHT="36">
						<String ID="P1_ST00344" HPOS="127" VPOS="3794" WIDTH="107" HEIGHT="28" CONTENT="würde" WC="0.99" CC="80000"/>
						<SP ID="P1_SP00287" HPOS="234" VPOS="3822" WIDTH="19"/>
						<String ID="P1_ST00345" HPOS="253" VPOS="3795" WIDTH="28" HEIGHT="27" CONTENT="in" WC="0.46" CC="46"/>
						<SP ID="P1_SP00288" HPOS="281" VPOS="3822" WIDTH="19"/>
						<String ID="P1_ST00346" HPOS="300" VPOS="3794" WIDTH="116" HEIGHT="27" CONTENT="diesem" WC="0.99" CC="050002"/>
						<SP ID="P1_SP00289" HPOS="416" VPOS="3822" WIDTH="19"/>
						<String ID="P1_ST00347" HPOS="435" VPOS="3793" WIDTH="91" HEIGHT="33" CONTENT="Falle," WC="0.99" CC="044400"/>
						<SP ID="P1_SP00290" HPOS="526" VPOS="3826" WIDTH="19"/>
						<String ID="P1_ST00348" HPOS="545" VPOS="3795" WIDTH="99" HEIGHT="27" CONTENT="meine" WC="0.99" CC="00450"/>
						<SP ID="P1_SP00291" HPOS="644" VPOS="3826" WIDTH="18"/>
						<String ID="P1_ST00349" HPOS="662" VPOS="3793" WIDTH="57" HEIGHT="32" CONTENT="ich," WC="0.99" CC="2300"/>
						<SP ID="P1_SP00292" HPOS="719" VPOS="3826" WIDTH="19"/>
						<String ID="P1_ST00350" HPOS="738" VPOS="3794" WIDTH="47" HEIGHT="27" CONTENT="ein" WC="0.96" CC="036"/>
						<SP ID="P1_SP00293" HPOS="785" VPOS="3826" WIDTH="19"/>
						<String ID="P1_ST00351" HPOS="804" VPOS="3790" WIDTH="218" HEIGHT="30" CONTENT="bedenkliches" WC="1.00" CC="100080201000"/>
					</TextLine>
					<TextLine ID="P1_TL00060" HPOS="126" VPOS="3840" WIDTH="896" HEIGHT="33">
						<String ID="P1_ST00352" HPOS="126" VPOS="3844" WIDTH="87" HEIGHT="28" CONTENT="Licht" WC="1.00" CC="03000"/>
						<SP ID="P1_SP00294" HPOS="213" VPOS="3872" WIDTH="21"/>
						<String ID="P1_ST00353" HPOS="234" VPOS="3843" WIDTH="51" HEIGHT="29" CONTENT="auf" WC="0.99" CC="030"/>
						<SP ID="P1_SP00295" HPOS="285" VPOS="3872" WIDTH="19"/>
						<String ID="P1_ST00354" HPOS="304" VPOS="3843" WIDTH="58" HEIGHT="28" CONTENT="den" WC="0.97" CC="006"/>
						<SP ID="P1_SP00296" HPOS="362" VPOS="3872" WIDTH="21"/>
						<String ID="P1_ST00355" HPOS="383" VPOS="3842" WIDTH="131" HEIGHT="31" CONTENT="Kritiker" WC="0.99" CC="06105001"/>
						<SP ID="P1_SP00297" HPOS="514" VPOS="3873" WIDTH="22"/>
						<String ID="P1_ST00356" HPOS="536" VPOS="3842" WIDTH="127" HEIGHT="29" CONTENT="werfen." WC="0.99" CC="0005074"/>
						<SP ID="P1_SP00298" HPOS="663" VPOS="3873" WIDTH="40"/>
						<String ID="P1_ST00357" HPOS="703" VPOS="3842" WIDTH="56" HEIGHT="28" CONTENT="Die" WC="0.97" CC="601"/>
						<SP ID="P1_SP00299" HPOS="759" VPOS="3873" WIDTH="22"/>
						<String ID="P1_ST00358" HPOS="781" VPOS="3841" WIDTH="89" HEIGHT="28" CONTENT="bloße" WC="0.98" CC="73200"/>
						<SP ID="P1_SP00300" HPOS="870" VPOS="3873" WIDTH="21"/>
						<String ID="P1_ST00359" HPOS="891" VPOS="3840" WIDTH="113" HEIGHT="31" CONTENT="Konsta" SUBS_TYPE="HypPart1" SUBS_CONTENT="Konstatierung" WC="0.99" CC="058004"/>
						<HYP HPOS="1004" VPOS="3840" WIDTH="18" CONTENT="-"/>
					</TextLine>
					<TextLine ID="P1_TL00061" HPOS="128" VPOS="3890" WIDTH="894" HEIGHT="35">
						<String ID="P1_ST00360" HPOS="128" VPOS="3895" WIDTH="120" HEIGHT="30" CONTENT="tierung" SUBS_TYPE="HypPart2" SUBS_CONTENT="Konstatierung" WC="0.99" CC="0300460"/>
						<SP ID="P1_SP00301" HPOS="248" VPOS="3925" WIDTH="31"/>
						<String ID="P1_ST00361" HPOS="279" VPOS="3894" WIDTH="54" HEIGHT="27" CONTENT="der" WC="1.00" CC="000"/>
						<SP ID="P1_SP00302" HPOS="333" VPOS="3925" WIDTH="30"/>
						<String ID="P1_ST00362" HPOS="363" VPOS="3892" WIDTH="145" HEIGHT="29" CONTENT="Existenz" WC="0.99" CC="70020061"/>
						<SP ID="P1_SP00303" HPOS="508" VPOS="3925" WIDTH="31"/>
						<String ID="P1_ST00363" HPOS="539" VPOS="3894" WIDTH="81" HEIGHT="26" CONTENT="einer" WC="0.99" CC="06100"/>
						<SP ID="P1_SP00304" HPOS="620" VPOS="3925" WIDTH="31"/>
						<String ID="P1_ST00364" HPOS="651" VPOS="3892" WIDTH="124" HEIGHT="29" CONTENT="solchen" WC="0.98" CC="0666006"/>
						<SP ID="P1_SP00305" HPOS="775" VPOS="3925" WIDTH="30"/>
						<String ID="P1_ST00365" HPOS="805" VPOS="3890" WIDTH="217" HEIGHT="30" CONTENT="Pseudokunst" WC="1.00" CC="00460008000"/>
					</TextLine>
					<TextLine ID="P1_TL00062" HPOS="129" VPOS="3942" WIDTH="493" HEIGHT="33">
						<String ID="P1_ST00366" HPOS="129" VPOS="3944" WIDTH="38" HEIGHT="28" CONTENT="ist" WC="0.98" CC="501"/>
						<SP ID="P1_SP00306" HPOS="167" VPOS="3972" WIDTH="24"/>
						<String ID="P1_ST00367" HPOS="191" VPOS="3943" WIDTH="160" HEIGHT="32" CONTENT="eigentlich" WC="0.99" CC="0300703200"/>
						<SP ID="P1_SP00307" HPOS="351" VPOS="3975" WIDTH="23"/>
						<String ID="P1_ST00368" HPOS="374" VPOS="3942" WIDTH="94" HEIGHT="29" CONTENT="schon" WC="0.99" CC="00061"/>
						<SP ID="P1_SP00308" HPOS="468" VPOS="3975" WIDTH="25"/>
						<String ID="P1_ST00369" HPOS="493" VPOS="3951" WIDTH="36" HEIGHT="19" CONTENT="zu" WC="0.71" CC="05"/>
						<SP ID="P1_SP00309" HPOS="529" VPOS="3975" WIDTH="23"/>
						<String ID="P1_ST00370" HPOS="552" VPOS="3942" WIDTH="70" HEIGHT="28" CONTENT="viel." WC="0.98" CC="05074"/>
					</TextLine>
				</TextBlock>
				<TextBlock ID="P1_TB00018" HPOS="667" VPOS="3988" WIDTH="319" HEIGHT="33" STYLEREFS="TXT_0 PAR_LEFT">
					<TextLine ID="P1_TL00063" HPOS="668" VPOS="3989" WIDTH="316" HEIGHT="32">
						<String ID="P1_ST00371" HPOS="668" VPOS="3991" WIDTH="104" HEIGHT="30" CONTENT="Kurt" WC="0.99" CC="3200"/>
						<SP ID="P1_SP00310" HPOS="772" VPOS="4021" WIDTH="26"/>
						<String ID="P1_ST00372" HPOS="798" VPOS="3989" WIDTH="186" HEIGHT="32" CONTENT="Küchler" WC="0.99" CC="0004410"/>
					</TextLine>
				</TextBlock>
				<TextBlock ID="P1_TB00019" HPOS="1088" VPOS="1722" WIDTH="903" HEIGHT="791" STYLEREFS="TXT_0 PAR_BLOCK">
					<TextLine ID="P1_TL00064" HPOS="1146" VPOS="1724" WIDTH="841" HEIGHT="35">
						<String ID="P1_ST00373" HPOS="1146" VPOS="1730" WIDTH="67" HEIGHT="29" CONTENT="Den" WC="0.95" CC="507"/>
						<SP ID="P1_SP00311" HPOS="1213" VPOS="1759" WIDTH="28"/>
						<String ID="P1_ST00374" HPOS="1241" VPOS="1730" WIDTH="114" HEIGHT="28" CONTENT="letzten" WC="0.99" CC="8200005"/>
						<SP ID="P1_SP00312" HPOS="1355" VPOS="1759" WIDTH="28"/>
						<String ID="P1_ST00375" HPOS="1383" VPOS="1729" WIDTH="63" HEIGHT="28" CONTENT="Teil" WC="0.97" CC="0057"/>
						<SP ID="P1_SP00313" HPOS="1446" VPOS="1759" WIDTH="30"/>
						<String ID="P1_ST00376" HPOS="1476" VPOS="1729" WIDTH="100" HEIGHT="28" CONTENT="dieser" WC="0.99" CC="640004"/>
						<SP ID="P1_SP00314" HPOS="1576" VPOS="1759" WIDTH="30"/>
						<String ID="P1_ST00377" HPOS="1606" VPOS="1727" WIDTH="96" HEIGHT="32" CONTENT="Kritik" WC="0.99" CC="077000"/>
						<SP ID="P1_SP00315" HPOS="1702" VPOS="1759" WIDTH="29"/>
						<String ID="P1_ST00378" HPOS="1731" VPOS="1727" WIDTH="81" HEIGHT="28" CONTENT="lasse" WC="1.00" CC="01000"/>
						<SP ID="P1_SP00316" HPOS="1812" VPOS="1759" WIDTH="31"/>
						<String ID="P1_ST00379" HPOS="1843" VPOS="1726" WIDTH="47" HEIGHT="28" CONTENT="ich" WC="0.98" CC="006"/>
						<SP ID="P1_SP00317" HPOS="1890" VPOS="1759" WIDTH="28"/>
						<String ID="P1_ST00380" HPOS="1918" VPOS="1724" WIDTH="69" HEIGHT="33" CONTENT="fort," WC="0.98" CC="70300"/>
					</TextLine>
					<TextLine ID="P1_TL00065" HPOS="1089" VPOS="1775" WIDTH="899" HEIGHT="34">
						<String ID="P1_ST00381" HPOS="1089" VPOS="1780" WIDTH="72" HEIGHT="29" CONTENT="weil" WC="0.97" CC="0417"/>
						<SP ID="P1_SP00318" HPOS="1161" VPOS="1809" WIDTH="29"/>
						<String ID="P1_ST00382" HPOS="1190" VPOS="1789" WIDTH="32" HEIGHT="20" CONTENT="er" WC="0.72" CC="41"/>
						<SP ID="P1_SP00319" HPOS="1222" VPOS="1809" WIDTH="29"/>
						<String ID="P1_ST00383" HPOS="1251" VPOS="1779" WIDTH="181" HEIGHT="29" CONTENT="wesentlich" WC="0.99" CC="9002604550"/>
						<SP ID="P1_SP00320" HPOS="1432" VPOS="1809" WIDTH="29"/>
						<String ID="P1_ST00384" HPOS="1461" VPOS="1787" WIDTH="106" HEIGHT="20" CONTENT="neue" WC="0.98" CC="1060"/>
						<SP ID="P1_SP00321" HPOS="1567" VPOS="1809" WIDTH="30"/>
						<String ID="P1_ST00385" HPOS="1597" VPOS="1776" WIDTH="281" HEIGHT="33" CONTENT="Beschimpfungen" WC="0.99" CC="00004409077935"/>
						<SP ID="P1_SP00322" HPOS="1878" VPOS="1809" WIDTH="29"/>
						<String ID="P1_ST00386" HPOS="1907" VPOS="1775" WIDTH="81" HEIGHT="29" CONTENT="nicht" WC="0.99" CC="04400"/>
					</TextLine>
					<TextLine ID="P1_TL00066" HPOS="1090" VPOS="1825" WIDTH="896" HEIGHT="37">
						<String ID="P1_ST00387" HPOS="1090" VPOS="1831" WIDTH="85" HEIGHT="28" CONTENT="mehr" WC="0.97" CC="7206"/>
						<SP ID="P1_SP00323" HPOS="1175" VPOS="1859" WIDTH="31"/>
						<String ID="P1_ST00388" HPOS="1206" VPOS="1831" WIDTH="110" HEIGHT="31" CONTENT="bringt." WC="0.99" CC="3108004"/>
						<SP ID="P1_SP00324" HPOS="1316" VPOS="1862" WIDTH="48"/>
						<String ID="P1_ST00389" HPOS="1364" VPOS="1829" WIDTH="79" HEIGHT="29" CONTENT="Herr" WC="0.97" CC="7040"/>
						<SP ID="P1_SP00325" HPOS="1443" VPOS="1862" WIDTH="31"/>
						<String ID="P1_ST00390" HPOS="1474" VPOS="1829" WIDTH="77" HEIGHT="31" CONTENT="Kurt" WC="0.97" CC="0960"/>
						<SP ID="P1_SP00326" HPOS="1551" VPOS="1862" WIDTH="29"/>
						<String ID="P1_ST00391" HPOS="1580" VPOS="1827" WIDTH="131" HEIGHT="32" CONTENT="Küchler" WC="1.00" CC="0020000"/>
						<SP ID="P1_SP00327" HPOS="1711" VPOS="1862" WIDTH="31"/>
						<String ID="P1_ST00392" HPOS="1742" VPOS="1827" WIDTH="131" HEIGHT="28" CONTENT="braucht" WC="0.99" CC="0306160"/>
						<SP ID="P1_SP00328" HPOS="1873" VPOS="1862" WIDTH="31"/>
						<String ID="P1_ST00393" HPOS="1904" VPOS="1825" WIDTH="82" HEIGHT="28" CONTENT="nicht" WC="0.97" CC="64660"/>
					</TextLine>
					<TextLine ID="P1_TL00067" HPOS="1089" VPOS="1877" WIDTH="900" HEIGHT="35">
						<String ID="P1_ST00394" HPOS="1089" VPOS="1881" WIDTH="163" HEIGHT="31" CONTENT="widerlegt" WC="0.98" CC="936064090"/>
						<SP ID="P1_SP00329" HPOS="1252" VPOS="1912" WIDTH="22"/>
						<String ID="P1_ST00395" HPOS="1274" VPOS="1889" WIDTH="36" HEIGHT="19" CONTENT="zu" WC="0.79" CC="40"/>
						<SP ID="P1_SP00330" HPOS="1310" VPOS="1912" WIDTH="21"/>
						<String ID="P1_ST00396" HPOS="1331" VPOS="1880" WIDTH="138" HEIGHT="29" CONTENT="werden." WC="0.98" CC="0340454"/>
						<SP ID="P1_SP00331" HPOS="1469" VPOS="1912" WIDTH="41"/>
						<String ID="P1_ST00397" HPOS="1510" VPOS="1879" WIDTH="75" HEIGHT="28" CONTENT="Man" WC="0.98" CC="005"/>
						<SP ID="P1_SP00332" HPOS="1585" VPOS="1912" WIDTH="21"/>
						<String ID="P1_ST00398" HPOS="1606" VPOS="1880" WIDTH="38" HEIGHT="27" CONTENT="ist" WC="0.98" CC="400"/>
						<SP ID="P1_SP00333" HPOS="1644" VPOS="1912" WIDTH="23"/>
						<String ID="P1_ST00399" HPOS="1667" VPOS="1877" WIDTH="77" HEIGHT="29" CONTENT="auch" WC="0.99" CC="0400"/>
						<SP ID="P1_SP00334" HPOS="1744" VPOS="1912" WIDTH="22"/>
						<String ID="P1_ST00400" HPOS="1766" VPOS="1878" WIDTH="138" HEIGHT="31" CONTENT="weniger" WC="0.99" CC="0080004"/>
						<SP ID="P1_SP00335" HPOS="1904" VPOS="1912" WIDTH="22"/>
						<String ID="P1_ST00401" HPOS="1926" VPOS="1884" WIDTH="42" HEIGHT="19" CONTENT="em" SUBS_TYPE="HypPart1" SUBS_CONTENT="empört" WC="0.99" CC="00"/>
						<HYP HPOS="1968" VPOS="1884" WIDTH="21" CONTENT="-"/>
					</TextLine>
					<TextLine ID="P1_TL00068" HPOS="1091" VPOS="1926" WIDTH="898" HEIGHT="38">
						<String ID="P1_ST00402" HPOS="1091" VPOS="1933" WIDTH="68" HEIGHT="31" CONTENT="pört" SUBS_TYPE="HypPart2" SUBS_CONTENT="empört" WC="0.96" CC="9044"/>
						<SP ID="P1_SP00336" HPOS="1159" VPOS="1964" WIDTH="23"/>
						<String ID="P1_ST00403" HPOS="1182" VPOS="1931" WIDTH="76" HEIGHT="29" CONTENT="über" WC="0.99" CC="0600"/>
						<SP ID="P1_SP00337" HPOS="1258" VPOS="1964" WIDTH="23"/>
						<String ID="P1_ST00404" HPOS="1281" VPOS="1931" WIDTH="48" HEIGHT="28" CONTENT="die" WC="1.00" CC="000"/>
						<SP ID="P1_SP00338" HPOS="1329" VPOS="1964" WIDTH="23"/>
						<String ID="P1_ST00405" HPOS="1352" VPOS="1930" WIDTH="200" HEIGHT="32" CONTENT="Dreistigkeit" WC="1.00" CC="000400090340"/>
						<SP ID="P1_SP00339" HPOS="1552" VPOS="1964" WIDTH="24"/>
						<String ID="P1_ST00406" HPOS="1576" VPOS="1930" WIDTH="83" HEIGHT="27" CONTENT="eines" WC="0.99" CC="02500"/>
						<SP ID="P1_SP00340" HPOS="1659" VPOS="1964" WIDTH="24"/>
						<String ID="P1_ST00407" HPOS="1683" VPOS="1928" WIDTH="238" HEIGHT="32" CONTENT="Possenautors," WC="1.00" CC="0000460500200"/>
						<SP ID="P1_SP00341" HPOS="1921" VPOS="1964" WIDTH="24"/>
						<String ID="P1_ST00408" HPOS="1945" VPOS="1926" WIDTH="44" HEIGHT="28" CONTENT="als" WC="0.98" CC="050"/>
					</TextLine>
					<TextLine ID="P1_TL00069" HPOS="1089" VPOS="1977" WIDTH="900" HEIGHT="37">
						<String ID="P1_ST00409" HPOS="1089" VPOS="1982" WIDTH="76" HEIGHT="29" CONTENT="über" WC="0.96" CC="8007"/>
						<SP ID="P1_SP00342" HPOS="1165" VPOS="2011" WIDTH="29"/>
						<String ID="P1_ST00410" HPOS="1194" VPOS="1982" WIDTH="47" HEIGHT="28" CONTENT="die" WC="0.97" CC="160"/>
						<SP ID="P1_SP00343" HPOS="1241" VPOS="2011" WIDTH="28"/>
						<String ID="P1_ST00411" HPOS="1269" VPOS="1980" WIDTH="163" HEIGHT="34" CONTENT="Tatsache," WC="0.99" CC="260064703"/>
						<SP ID="P1_SP00344" HPOS="1432" VPOS="2014" WIDTH="29"/>
						<String ID="P1_ST00412" HPOS="1461" VPOS="1980" WIDTH="58" HEIGHT="28" CONTENT="daß" WC="0.98" CC="401"/>
						<SP ID="P1_SP00345" HPOS="1519" VPOS="2014" WIDTH="30"/>
						<String ID="P1_ST00413" HPOS="1549" VPOS="1981" WIDTH="99" HEIGHT="27" CONTENT="einem" WC="0.99" CC="00600"/>
						<SP ID="P1_SP00346" HPOS="1648" VPOS="2014" WIDTH="25"/>
						<String ID="P1_ST00414" HPOS="1673" VPOS="1977" WIDTH="227" HEIGHT="30" CONTENT="Unwissenden" WC="0.99" CC="05040016006"/>
						<SP ID="P1_SP00347" HPOS="1900" VPOS="2014" WIDTH="27"/>
						<String ID="P1_ST00415" HPOS="1927" VPOS="1984" WIDTH="62" HEIGHT="20" CONTENT="von" WC="0.96" CC="047"/>
					</TextLine>
					<TextLine ID="P1_TL00070" HPOS="1091" VPOS="2027" WIDTH="898" HEIGHT="37">
						<String ID="P1_ST00416" HPOS="1091" VPOS="2034" WIDTH="83" HEIGHT="27" CONTENT="einer" WC="0.97" CC="13860"/>
						<SP ID="P1_SP00348" HPOS="1174" VPOS="2061" WIDTH="29"/>
						<String ID="P1_ST00417" HPOS="1203" VPOS="2032" WIDTH="116" HEIGHT="32" CONTENT="großen" WC="0.99" CC="005007"/>
						<SP ID="P1_SP00349" HPOS="1319" VPOS="2064" WIDTH="30"/>
						<String ID="P1_ST00418" HPOS="1349" VPOS="2031" WIDTH="228" HEIGHT="32" CONTENT="Tageszeitung" WC="0.99" CC="010200010789"/>
						<SP ID="P1_SP00350" HPOS="1577" VPOS="2064" WIDTH="40"/>
						<String ID="P1_ST00419" HPOS="1617" VPOS="2029" WIDTH="48" HEIGHT="28" CONTENT="die" WC="0.96" CC="603"/>
						<SP ID="P1_SP00351" HPOS="1665" VPOS="2064" WIDTH="40"/>
						<String ID="P1_ST00420" HPOS="1705" VPOS="2027" WIDTH="200" HEIGHT="33" CONTENT="Gelegenheit" WC="0.99" CC="30630060030"/>
						<SP ID="P1_SP00352" HPOS="1905" VPOS="2064" WIDTH="32"/>
						<String ID="P1_ST00421" HPOS="1937" VPOS="2034" WIDTH="35" HEIGHT="24" CONTENT="ge" SUBS_TYPE="HypPart1" SUBS_CONTENT="gegeben" WC="0.94" CC="93"/>
						<HYP HPOS="1972" VPOS="2034" WIDTH="17" CONTENT="-"/>
					</TextLine>
					<TextLine ID="P1_TL00071" HPOS="1091" VPOS="2077" WIDTH="898" HEIGHT="38">
						<String ID="P1_ST00422" HPOS="1091" VPOS="2083" WIDTH="99" HEIGHT="32" CONTENT="geben" SUBS_TYPE="HypPart2" SUBS_CONTENT="gegeben" WC="0.97" CC="74008"/>
						<SP ID="P1_SP00353" HPOS="1190" VPOS="2115" WIDTH="21"/>
						<String ID="P1_ST00423" HPOS="1211" VPOS="2082" WIDTH="88" HEIGHT="33" CONTENT="wird," WC="0.99" CC="00070"/>
						<SP ID="P1_SP00354" HPOS="1299" VPOS="2115" WIDTH="23"/>
						<String ID="P1_ST00424" HPOS="1322" VPOS="2082" WIDTH="64" HEIGHT="28" CONTENT="sich" WC="0.99" CC="0400"/>
						<SP ID="P1_SP00355" HPOS="1386" VPOS="2115" WIDTH="23"/>
						<String ID="P1_ST00425" HPOS="1409" VPOS="2090" WIDTH="37" HEIGHT="19" CONTENT="an" WC="0.55" CC="35"/>
						<SP ID="P1_SP00356" HPOS="1446" VPOS="2115" WIDTH="23"/>
						<String ID="P1_ST00426" HPOS="1469" VPOS="2081" WIDTH="70" HEIGHT="28" CONTENT="dem" WC="0.98" CC="040"/>
						<SP ID="P1_SP00357" HPOS="1539" VPOS="2115" WIDTH="22"/>
						<String ID="P1_ST00427" HPOS="1561" VPOS="2078" WIDTH="296" HEIGHT="31" CONTENT="hochbedeutenden" WC="1.00" CC="435000018006006"/>
						<SP ID="P1_SP00358" HPOS="1857" VPOS="2115" WIDTH="21"/>
						<String ID="P1_ST00428" HPOS="1878" VPOS="2077" WIDTH="93" HEIGHT="32" CONTENT="Künst" SUBS_TYPE="HypPart1" SUBS_CONTENT="Künstler" WC="1.00" CC="00400"/>
						<HYP HPOS="1971" VPOS="2077" WIDTH="18" CONTENT="-"/>
					</TextLine>
					<TextLine ID="P1_TL00072" HPOS="1090" VPOS="2128" WIDTH="900" HEIGHT="36">
						<String ID="P1_ST00429" HPOS="1090" VPOS="2133" WIDTH="43" HEIGHT="28" CONTENT="ler" SUBS_TYPE="HypPart2" SUBS_CONTENT="Künstler" WC="0.97" CC="440"/>
						<SP ID="P1_SP00359" HPOS="1133" VPOS="2161" WIDTH="26"/>
						<String ID="P1_ST00430" HPOS="1159" VPOS="2132" WIDTH="181" HEIGHT="32" CONTENT="Kandinsky" WC="0.67" CC="078058000"/>
						<SP ID="P1_SP00360" HPOS="1340" VPOS="2164" WIDTH="28"/>
						<String ID="P1_ST00431" HPOS="1368" VPOS="2140" WIDTH="35" HEIGHT="20" CONTENT="so" WC="1.00" CC="00"/>
						<SP ID="P1_SP00361" HPOS="1403" VPOS="2164" WIDTH="28"/>
						<String ID="P1_ST00432" HPOS="1431" VPOS="2140" WIDTH="37" HEIGHT="19" CONTENT="zu" WC="0.70" CC="05"/>
						<SP ID="P1_SP00362" HPOS="1468" VPOS="2164" WIDTH="25"/>
						<String ID="P1_ST00433" HPOS="1493" VPOS="2130" WIDTH="186" HEIGHT="32" CONTENT="vergreifen." WC="0.99" CC="04098000264"/>
						<SP ID="P1_SP00363" HPOS="1679" VPOS="2164" WIDTH="49"/>
						<String ID="P1_ST00434" HPOS="1728" VPOS="2129" WIDTH="108" HEIGHT="28" CONTENT="Dieser" WC="0.99" CC="062001"/>
						<SP ID="P1_SP00364" HPOS="1836" VPOS="2164" WIDTH="29"/>
						<String ID="P1_ST00435" HPOS="1865" VPOS="2128" WIDTH="125" HEIGHT="28" CONTENT="Protest" WC="1.00" CC="0230000"/>
					</TextLine>
					<TextLine ID="P1_TL00073" HPOS="1091" VPOS="2177" WIDTH="898" HEIGHT="35">
						<String ID="P1_ST00436" HPOS="1091" VPOS="2183" WIDTH="110" HEIGHT="29" CONTENT="richtet" WC="0.99" CC="7130000"/>
						<SP ID="P1_SP00365" HPOS="1201" VPOS="2212" WIDTH="23"/>
						<String ID="P1_ST00437" HPOS="1224" VPOS="2183" WIDTH="64" HEIGHT="28" CONTENT="sich" WC="0.99" CC="0400"/>
						<SP ID="P1_SP00366" HPOS="1288" VPOS="2212" WIDTH="24"/>
						<String ID="P1_ST00438" HPOS="1312" VPOS="2181" WIDTH="146" HEIGHT="29" CONTENT="innerlich" WC="0.99" CC="167004007"/>
						<SP ID="P1_SP00367" HPOS="1458" VPOS="2212" WIDTH="25"/>
						<String ID="P1_ST00439" HPOS="1483" VPOS="2181" WIDTH="85" HEIGHT="28" CONTENT="mehr" WC="0.99" CC="0500"/>
						<SP ID="P1_SP00368" HPOS="1568" VPOS="2212" WIDTH="25"/>
						<String ID="P1_ST00440" HPOS="1593" VPOS="2188" WIDTH="100" HEIGHT="24" CONTENT="gegen" WC="0.98" CC="04026"/>
						<SP ID="P1_SP00369" HPOS="1693" VPOS="2212" WIDTH="24"/>
						<String ID="P1_ST00441" HPOS="1717" VPOS="2180" WIDTH="59" HEIGHT="28" CONTENT="den" WC="0.97" CC="008"/>
						<SP ID="P1_SP00370" HPOS="1776" VPOS="2212" WIDTH="23"/>
						<String ID="P1_ST00442" HPOS="1799" VPOS="2177" WIDTH="190" HEIGHT="33" CONTENT="Mißbrauch," WC="0.99" CC="0000433362"/>
					</TextLine>
					<TextLine ID="P1_TL00074" HPOS="1093" VPOS="2227" WIDTH="897" HEIGHT="35">
						<String ID="P1_ST00443" HPOS="1093" VPOS="2233" WIDTH="57" HEIGHT="28" CONTENT="daß" WC="0.94" CC="690"/>
						<SP ID="P1_SP00371" HPOS="1150" VPOS="2261" WIDTH="20"/>
						<String ID="P1_ST00444" HPOS="1170" VPOS="2232" WIDTH="104" HEIGHT="30" CONTENT="solche" WC="0.98" CC="004660"/>
						<SP ID="P1_SP00372" HPOS="1274" VPOS="2262" WIDTH="18"/>
						<String ID="P1_ST00445" HPOS="1292" VPOS="2232" WIDTH="97" HEIGHT="28" CONTENT="Leute" WC="0.99" CC="10700"/>
						<SP ID="P1_SP00373" HPOS="1389" VPOS="2262" WIDTH="20"/>
						<String ID="P1_ST00446" HPOS="1409" VPOS="2231" WIDTH="51" HEIGHT="28" CONTENT="auf" WC="0.97" CC="070"/>
						<SP ID="P1_SP00374" HPOS="1460" VPOS="2262" WIDTH="19"/>
						<String ID="P1_ST00447" HPOS="1479" VPOS="2230" WIDTH="143" HEIGHT="32" CONTENT="Künstler" WC="0.99" CC="80700403"/>
						<SP ID="P1_SP00375" HPOS="1622" VPOS="2262" WIDTH="19"/>
						<String ID="P1_ST00448" HPOS="1641" VPOS="2229" WIDTH="191" HEIGHT="33" CONTENT="losgelassen" WC="0.99" CC="35500400005"/>
						<SP ID="P1_SP00376" HPOS="1832" VPOS="2262" WIDTH="20"/>
						<String ID="P1_ST00449" HPOS="1852" VPOS="2227" WIDTH="138" HEIGHT="29" CONTENT="werden." WC="0.99" CC="0130164"/>
					</TextLine>
					<TextLine ID="P1_TL00075" HPOS="1091" VPOS="2277" WIDTH="899" HEIGHT="35">
						<String ID="P1_ST00450" HPOS="1091" VPOS="2283" WIDTH="109" HEIGHT="29" CONTENT="Dieser" WC="0.99" CC="030023"/>
						<SP ID="P1_SP00377" HPOS="1200" VPOS="2312" WIDTH="27"/>
						<String ID="P1_ST00451" HPOS="1227" VPOS="2283" WIDTH="125" HEIGHT="27" CONTENT="Protest" WC="0.99" CC="0444300"/>
						<SP ID="P1_SP00378" HPOS="1352" VPOS="2312" WIDTH="28"/>
						<String ID="P1_ST00452" HPOS="1380" VPOS="2281" WIDTH="55" HEIGHT="29" CONTENT="soll" WC="0.97" CC="0264"/>
						<SP ID="P1_SP00379" HPOS="1435" VPOS="2312" WIDTH="31"/>
						<String ID="P1_ST00453" HPOS="1466" VPOS="2281" WIDTH="73" HEIGHT="28" CONTENT="aber" WC="0.98" CC="8020"/>
						<SP ID="P1_SP00380" HPOS="1539" VPOS="2312" WIDTH="27"/>
						<String ID="P1_ST00454" HPOS="1566" VPOS="2280" WIDTH="139" HEIGHT="32" CONTENT="zugleich" WC="0.99" CC="05020136"/>
						<SP ID="P1_SP00381" HPOS="1705" VPOS="2312" WIDTH="28"/>
						<String ID="P1_ST00455" HPOS="1733" VPOS="2279" WIDTH="47" HEIGHT="28" CONTENT="für" WC="0.95" CC="705"/>
						<SP ID="P1_SP00382" HPOS="1780" VPOS="2312" WIDTH="29"/>
						<String ID="P1_ST00456" HPOS="1809" VPOS="2277" WIDTH="181" HEIGHT="32" CONTENT="Kandinsky" WC="0.76" CC="007017004"/>
					</TextLine>
					<TextLine ID="P1_TL00076" HPOS="1093" VPOS="2328" WIDTH="896" HEIGHT="36">
						<String ID="P1_ST00457" HPOS="1093" VPOS="2335" WIDTH="66" HEIGHT="27" CONTENT="eine" WC="0.97" CC="3461"/>
						<SP ID="P1_SP00383" HPOS="1159" VPOS="2362" WIDTH="28"/>
						<String ID="P1_ST00458" HPOS="1187" VPOS="2333" WIDTH="125" HEIGHT="31" CONTENT="Ehrung" WC="0.97" CC="571509"/>
						<SP ID="P1_SP00384" HPOS="1312" VPOS="2364" WIDTH="28"/>
						<String ID="P1_ST00459" HPOS="1340" VPOS="2332" WIDTH="153" HEIGHT="29" CONTENT="bedeuten" WC="0.99" CC="04037035"/>
						<SP ID="P1_SP00385" HPOS="1493" VPOS="2364" WIDTH="40"/>
						<String ID="P1_ST00460" HPOS="1533" VPOS="2331" WIDTH="61" HEIGHT="28" CONTENT="und" WC="0.94" CC="671"/>
						<SP ID="P1_SP00386" HPOS="1594" VPOS="2364" WIDTH="38"/>
						<String ID="P1_ST00461" HPOS="1632" VPOS="2330" WIDTH="61" HEIGHT="28" CONTENT="ihm" WC="0.98" CC="400"/>
						<SP ID="P1_SP00387" HPOS="1693" VPOS="2364" WIDTH="31"/>
						<String ID="P1_ST00462" HPOS="1724" VPOS="2330" WIDTH="117" HEIGHT="33" CONTENT="zeigen," WC="0.98" CC="0159273"/>
						<SP ID="P1_SP00388" HPOS="1841" VPOS="2364" WIDTH="30"/>
						<String ID="P1_ST00463" HPOS="1871" VPOS="2328" WIDTH="118" HEIGHT="28" CONTENT="welche" WC="0.98" CC="015470"/>
					</TextLine>
					<TextLine ID="P1_TL00077" HPOS="1093" VPOS="2378" WIDTH="897" HEIGHT="37">
						<String ID="P1_ST00464" HPOS="1093" VPOS="2384" WIDTH="141" HEIGHT="31" CONTENT="Achtung" WC="0.98" CC="3060769"/>
						<SP ID="P1_SP00389" HPOS="1234" VPOS="2415" WIDTH="21"/>
						<String ID="P1_ST00465" HPOS="1255" VPOS="2383" WIDTH="61" HEIGHT="28" CONTENT="und" WC="0.92" CC="766"/>
						<SP ID="P1_SP00390" HPOS="1316" VPOS="2415" WIDTH="22"/>
						<String ID="P1_ST00466" HPOS="1338" VPOS="2382" WIDTH="228" HEIGHT="31" CONTENT="Anerkennung" WC="0.99" CC="05000262659"/>
						<SP ID="P1_SP00391" HPOS="1566" VPOS="2415" WIDTH="23"/>
						<String ID="P1_ST00467" HPOS="1589" VPOS="2382" WIDTH="84" HEIGHT="28" CONTENT="seine" WC="0.99" CC="00411"/>
						<SP ID="P1_SP00392" HPOS="1673" VPOS="2415" WIDTH="22"/>
						<String ID="P1_ST00468" HPOS="1695" VPOS="2380" WIDTH="97" HEIGHT="31" CONTENT="Kunst" WC="0.98" CC="07600"/>
						<SP ID="P1_SP00393" HPOS="1792" VPOS="2415" WIDTH="21"/>
						<String ID="P1_ST00469" HPOS="1813" VPOS="2379" WIDTH="50" HEIGHT="29" CONTENT="bei" WC="0.98" CC="006"/>
						<SP ID="P1_SP00394" HPOS="1863" VPOS="2415" WIDTH="22"/>
						<String ID="P1_ST00470" HPOS="1885" VPOS="2378" WIDTH="88" HEIGHT="29" CONTENT="künst" SUBS_TYPE="HypPart1" SUBS_CONTENT="künstlerischen" WC="0.99" CC="00600"/>
						<HYP HPOS="1973" VPOS="2378" WIDTH="17" CONTENT="-"/>
					</TextLine>
					<TextLine ID="P1_TL00078" HPOS="1091" VPOS="2428" WIDTH="899" HEIGHT="34">
						<String ID="P1_ST00471" HPOS="1091" VPOS="2434" WIDTH="152" HEIGHT="28" CONTENT="lerischen" SUBS_TYPE="HypPart2" SUBS_CONTENT="künstlerischen" WC="0.99" CC="544000006"/>
						<SP ID="P1_SP00395" HPOS="1243" VPOS="2462" WIDTH="27"/>
						<String ID="P1_ST00472" HPOS="1270" VPOS="2432" WIDTH="171" HEIGHT="29" CONTENT="Menschen" WC="0.99" CC="00400405"/>
						<SP ID="P1_SP00396" HPOS="1441" VPOS="2462" WIDTH="28"/>
						<String ID="P1_ST00473" HPOS="1469" VPOS="2432" WIDTH="105" HEIGHT="28" CONTENT="findet." WC="0.98" CC="7577104"/>
						<SP ID="P1_SP00397" HPOS="1574" VPOS="2462" WIDTH="49"/>
						<String ID="P1_ST00474" HPOS="1623" VPOS="2430" WIDTH="68" HEIGHT="29" CONTENT="Ich" WC="0.98" CC="600"/>
						<SP ID="P1_SP00398" HPOS="1691" VPOS="2462" WIDTH="29"/>
						<String ID="P1_ST00475" HPOS="1720" VPOS="2429" WIDTH="189" HEIGHT="29" CONTENT="bewundere" WC="0.99" CC="000680033"/>
						<SP ID="P1_SP00399" HPOS="1909" VPOS="2462" WIDTH="31"/>
						<String ID="P1_ST00476" HPOS="1940" VPOS="2428" WIDTH="50" HEIGHT="28" CONTENT="ihn" WC="0.98" CC="006"/>
					</TextLine>
					<TextLine ID="P1_TL00079" HPOS="1092" VPOS="2483" WIDTH="279" HEIGHT="29">
						<String ID="P1_ST00477" HPOS="1092" VPOS="2484" WIDTH="61" HEIGHT="28" CONTENT="und" WC="0.91" CC="778"/>
						<SP ID="P1_SP00400" HPOS="1153" VPOS="2512" WIDTH="25"/>
						<String ID="P1_ST00478" HPOS="1178" VPOS="2485" WIDTH="65" HEIGHT="27" CONTENT="sein" WC="0.96" CC="0278"/>
						<SP ID="P1_SP00401" HPOS="1243" VPOS="2512" WIDTH="22"/>
						<String ID="P1_ST00479" HPOS="1265" VPOS="2483" WIDTH="106" HEIGHT="29" CONTENT="Werk." WC="0.99" CC="00104"/>
					</TextLine>
				</TextBlock>
				<TextBlock ID="P1_TB00020" HPOS="1838" VPOS="2526" WIDTH="118" HEIGHT="33" STYLEREFS="TXT_0 PAR_RIGHT">
					<TextLine ID="P1_TL00080" HPOS="1838" VPOS="2527" WIDTH="116" HEIGHT="29">
						<String ID="P1_ST00480" HPOS="1838" VPOS="2527" WIDTH="45" HEIGHT="29" CONTENT="H." WC="0.98" CC="00"/>
						<SP ID="P1_SP00402" HPOS="1883" VPOS="2556" WIDTH="22"/>
						<String ID="P1_ST00481" HPOS="1905" VPOS="2527" WIDTH="49" HEIGHT="29" CONTENT="W." WC="0.96" CC="60"/>
					</TextLine>
				</TextBlock>
				<TextBlock ID="P1_TB00021" HPOS="1095" VPOS="2630" WIDTH="338" HEIGHT="33" STYLEREFS="TXT_0 PAR_LEFT">
					<TextLine ID="P1_TL00081" HPOS="1096" VPOS="2632" WIDTH="333" HEIGHT="30">
						<String ID="P1_ST00482" HPOS="1096" VPOS="2634" WIDTH="53" HEIGHT="28" CONTENT="Dr." WC="0.95" CC="470"/>
						<SP ID="P1_SP00403" HPOS="1149" VPOS="2662" WIDTH="29"/>
						<String ID="P1_ST00483" HPOS="1178" VPOS="2633" WIDTH="98" HEIGHT="29" CONTENT="Heinz" WC="0.96" CC="75870"/>
						<SP ID="P1_SP00404" HPOS="1276" VPOS="2662" WIDTH="30"/>
						<String ID="P1_ST00484" HPOS="1306" VPOS="2632" WIDTH="123" HEIGHT="28" CONTENT="Braune" WC="0.97" CC="652382"/>
					</TextLine>
				</TextBlock>
				<TextBlock ID="P1_TB00022" HPOS="1516" VPOS="2626" WIDTH="470" HEIGHT="36" STYLEREFS="TXT_0 PAR_RIGHT">
					<TextLine ID="P1_TL00082" HPOS="1517" VPOS="2627" WIDTH="468" HEIGHT="34">
						<String ID="P1_ST00485" HPOS="1517" VPOS="2629" WIDTH="35" HEIGHT="32" CONTENT="K." WC="0.78" CC="04"/>
						<SP ID="P1_SP00405" HPOS="1552" VPOS="2661" WIDTH="30"/>
						<String ID="P1_ST00486" HPOS="1582" VPOS="2629" WIDTH="35" HEIGHT="29" CONTENT="B." WC="0.64" CC="24"/>
						<SP ID="P1_SP00406" HPOS="1617" VPOS="2661" WIDTH="30"/>
						<String ID="P1_ST00487" HPOS="1647" VPOS="2629" WIDTH="234" HEIGHT="28" CONTENT="Direktion" WC="0.99" CC="076200115"/>
						<SP ID="P1_SP00407" HPOS="1881" VPOS="2661" WIDTH="31"/>
						<String ID="P1_ST00488" HPOS="1912" VPOS="2627" WIDTH="73" HEIGHT="28" CONTENT="der" WC="0.99" CC="010"/>
					</TextLine>
				</TextBlock>
				<TextBlock ID="P1_TB00023" HPOS="1085" VPOS="2675" WIDTH="560" HEIGHT="48" STYLEREFS="TXT_0 PAR_LEFT">
					<TextLine ID="P1_TL00083" HPOS="1093" VPOS="2681" WIDTH="519" HEIGHT="32">
						<String ID="P1_ST00489" HPOS="1093" VPOS="2683" WIDTH="283" HEIGHT="30" CONTENT="Staatlichen" WC="1.00" CC="50000500006"/>
						<SP ID="P1_SP00408" HPOS="1376" VPOS="2713" WIDTH="27"/>
						<String ID="P1_ST00490" HPOS="1403" VPOS="2681" WIDTH="209" HEIGHT="30" CONTENT="Galerien" WC="0.99" CC="64203130"/>
					</TextLine>
				</TextBlock>
				<TextBlock ID="P1_TB00024" HPOS="1092" VPOS="2748" WIDTH="902" HEIGHT="489" STYLEREFS="TXT_0 PAR_LEFT">
					<TextLine ID="P1_TL00084" HPOS="1150" VPOS="2751" WIDTH="841" HEIGHT="36">
						<String ID="P1_ST00491" HPOS="1150" VPOS="2782" WIDTH="6" HEIGHT="5" CONTENT="." WC="0.55" CC="4"/>
						<SP ID="P1_SP00409" HPOS="1156" VPOS="2787" WIDTH="22"/>
						<String ID="P1_ST00492" HPOS="1178" VPOS="2782" WIDTH="6" HEIGHT="5" CONTENT="." WC="0.57" CC="4"/>
						<SP ID="P1_SP00410" HPOS="1184" VPOS="2787" WIDTH="22"/>
						<String ID="P1_ST00493" HPOS="1206" VPOS="2782" WIDTH="6" HEIGHT="5" CONTENT="." WC="0.56" CC="4"/>
						<SP ID="P1_SP00411" HPOS="1212" VPOS="2787" WIDTH="22"/>
						<String ID="P1_ST00494" HPOS="1234" VPOS="2758" WIDTH="163" HEIGHT="29" CONTENT="Immerhin" WC="0.99" CC="20003025"/>
						<SP ID="P1_SP00412" HPOS="1397" VPOS="2787" WIDTH="20"/>
						<String ID="P1_ST00495" HPOS="1417" VPOS="2757" WIDTH="51" HEIGHT="28" CONTENT="bin" WC="0.98" CC="004"/>
						<SP ID="P1_SP00413" HPOS="1468" VPOS="2787" WIDTH="21"/>
						<String ID="P1_ST00496" HPOS="1489" VPOS="2756" WIDTH="48" HEIGHT="28" CONTENT="ich" WC="0.99" CC="300"/>
						<SP ID="P1_SP00414" HPOS="1537" VPOS="2787" WIDTH="22"/>
						<String ID="P1_ST00497" HPOS="1559" VPOS="2756" WIDTH="54" HEIGHT="27" CONTENT="der" WC="1.00" CC="000"/>
						<SP ID="P1_SP00415" HPOS="1613" VPOS="2787" WIDTH="24"/>
						<String ID="P1_ST00498" HPOS="1637" VPOS="2754" WIDTH="155" HEIGHT="33" CONTENT="Meinung," WC="0.99" CC="00475802"/>
						<SP ID="P1_SP00416" HPOS="1792" VPOS="2787" WIDTH="21"/>
						<String ID="P1_ST00499" HPOS="1813" VPOS="2753" WIDTH="58" HEIGHT="28" CONTENT="daß" WC="0.97" CC="330"/>
						<SP ID="P1_SP00417" HPOS="1871" VPOS="2787" WIDTH="24"/>
						<String ID="P1_ST00500" HPOS="1895" VPOS="2751" WIDTH="96" HEIGHT="29" CONTENT="durch" WC="0.97" CC="07515"/>
					</TextLine>
					<TextLine ID="P1_TL00085" HPOS="1095" VPOS="2802" WIDTH="892" HEIGHT="39">
						<String ID="P1_ST00501" HPOS="1095" VPOS="2809" WIDTH="104" HEIGHT="29" CONTENT="solche" WC="0.98" CC="040572"/>
						<SP ID="P1_SP00418" HPOS="1199" VPOS="2838" WIDTH="31"/>
						<String ID="P1_ST00502" HPOS="1230" VPOS="2809" WIDTH="55" HEIGHT="28" CONTENT="Art" WC="0.98" CC="050"/>
						<SP ID="P1_SP00419" HPOS="1285" VPOS="2838" WIDTH="30"/>
						<String ID="P1_ST00503" HPOS="1315" VPOS="2817" WIDTH="62" HEIGHT="19" CONTENT="von" WC="0.99" CC="003"/>
						<SP ID="P1_SP00420" HPOS="1377" VPOS="2838" WIDTH="30"/>
						<String ID="P1_ST00504" HPOS="1407" VPOS="2805" WIDTH="182" HEIGHT="36" CONTENT='„Kritiken",' WC="0.99" CC="30500401043"/>
						<SP ID="P1_SP00421" HPOS="1589" VPOS="2841" WIDTH="31"/>
						<String ID="P1_ST00505" HPOS="1620" VPOS="2805" WIDTH="85" HEIGHT="28" CONTENT="mehr" WC="1.00" CC="0000"/>
						<SP ID="P1_SP00422" HPOS="1705" VPOS="2841" WIDTH="33"/>
						<String ID="P1_ST00506" HPOS="1738" VPOS="2805" WIDTH="54" HEIGHT="27" CONTENT="der" WC="1.00" CC="000"/>
						<SP ID="P1_SP00423" HPOS="1792" VPOS="2841" WIDTH="31"/>
						<String ID="P1_ST00507" HPOS="1823" VPOS="2802" WIDTH="164" HEIGHT="30" CONTENT="Schreiber" WC="1.00" CC="005000003"/>
					</TextLine>
					<TextLine ID="P1_TL00086" HPOS="1094" VPOS="2853" WIDTH="898" HEIGHT="39">
						<String ID="P1_ST00508" HPOS="1094" VPOS="2859" WIDTH="242" HEIGHT="33" CONTENT="gebrandmarkt" WC="0.99" CC="030658003000"/>
						<SP ID="P1_SP00424" HPOS="1336" VPOS="2892" WIDTH="29"/>
						<String ID="P1_ST00509" HPOS="1365" VPOS="2857" WIDTH="88" HEIGHT="33" CONTENT="wird," WC="0.99" CC="00303"/>
						<SP ID="P1_SP00425" HPOS="1453" VPOS="2892" WIDTH="31"/>
						<String ID="P1_ST00510" HPOS="1484" VPOS="2856" WIDTH="44" HEIGHT="29" CONTENT="als" WC="0.96" CC="170"/>
						<SP ID="P1_SP00426" HPOS="1528" VPOS="2892" WIDTH="31"/>
						<String ID="P1_ST00511" HPOS="1559" VPOS="2856" WIDTH="53" HEIGHT="27" CONTENT="der" WC="0.96" CC="504"/>
						<SP ID="P1_SP00427" HPOS="1612" VPOS="2892" WIDTH="29"/>
						<String ID="P1_ST00512" HPOS="1641" VPOS="2855" WIDTH="152" HEIGHT="31" CONTENT="Künstler." WC="0.99" CC="006005054"/>
						<SP ID="P1_SP00428" HPOS="1793" VPOS="2892" WIDTH="40"/>
						<String ID="P1_ST00513" HPOS="1833" VPOS="2853" WIDTH="74" HEIGHT="28" CONTENT="Wer" WC="0.99" CC="003"/>
						<SP ID="P1_SP00429" HPOS="1907" VPOS="2892" WIDTH="31"/>
						<String ID="P1_ST00514" HPOS="1938" VPOS="2853" WIDTH="54" HEIGHT="26" CONTENT="mit" WC="0.98" CC="040"/>
					</TextLine>
					<TextLine ID="P1_TL00087" HPOS="1094" VPOS="2904" WIDTH="898" HEIGHT="38">
						<String ID="P1_ST00515" HPOS="1094" VPOS="2910" WIDTH="58" HEIGHT="31" CONTENT="Kot" WC="0.98" CC="060"/>
						<SP ID="P1_SP00430" HPOS="1152" VPOS="2941" WIDTH="22"/>
						<String ID="P1_ST00516" HPOS="1174" VPOS="2909" WIDTH="92" HEIGHT="33" CONTENT="wirft," WC="0.98" CC="060704"/>
						<SP ID="P1_SP00431" HPOS="1266" VPOS="2942" WIDTH="24"/>
						<String ID="P1_ST00517" HPOS="1290" VPOS="2908" WIDTH="194" HEIGHT="29" CONTENT="beschmutzt" WC="1.00" CC="0004304020"/>
						<SP ID="P1_SP00432" HPOS="1484" VPOS="2942" WIDTH="21"/>
						<String ID="P1_ST00518" HPOS="1505" VPOS="2905" WIDTH="149" HEIGHT="30" CONTENT="zunächst" WC="0.99" CC="06410600"/>
						<SP ID="P1_SP00433" HPOS="1654" VPOS="2942" WIDTH="24"/>
						<String ID="P1_ST00519" HPOS="1678" VPOS="2905" WIDTH="99" HEIGHT="28" CONTENT="sicher" WC="1.00" CC="060000"/>
						<SP ID="P1_SP00434" HPOS="1777" VPOS="2942" WIDTH="26"/>
						<String ID="P1_ST00520" HPOS="1803" VPOS="2904" WIDTH="83" HEIGHT="28" CONTENT="seine" WC="1.00" CC="01000"/>
						<SP ID="P1_SP00435" HPOS="1886" VPOS="2942" WIDTH="24"/>
						<String ID="P1_ST00521" HPOS="1910" VPOS="2904" WIDTH="66" HEIGHT="30" CONTENT="eige" SUBS_TYPE="HypPart1" SUBS_CONTENT="eigenen" WC="0.98" CC="1600"/>
						<HYP HPOS="1976" VPOS="2904" WIDTH="16" CONTENT="-"/>
					</TextLine>
					<TextLine ID="P1_TL00088" HPOS="1095" VPOS="2953" WIDTH="896" HEIGHT="39">
						<String ID="P1_ST00522" HPOS="1095" VPOS="2968" WIDTH="58" HEIGHT="20" CONTENT="nen" SUBS_TYPE="HypPart2" SUBS_CONTENT="eigenen" WC="0.95" CC="805"/>
						<SP ID="P1_SP00436" HPOS="1153" VPOS="2988" WIDTH="20"/>
						<String ID="P1_ST00523" HPOS="1173" VPOS="2959" WIDTH="122" HEIGHT="33" CONTENT="Hände;" WC="0.98" CC="708005"/>
						<SP ID="P1_SP00437" HPOS="1295" VPOS="2992" WIDTH="33"/>
						<String ID="P1_ST00524" HPOS="1328" VPOS="2959" WIDTH="54" HEIGHT="28" CONTENT="der" WC="1.00" CC="001"/>
						<SP ID="P1_SP00438" HPOS="1382" VPOS="2992" WIDTH="24"/>
						<String ID="P1_ST00525" HPOS="1406" VPOS="2958" WIDTH="115" HEIGHT="28" CONTENT="andere" WC="0.99" CC="540040"/>
						<SP ID="P1_SP00439" HPOS="1521" VPOS="2992" WIDTH="23"/>
						<String ID="P1_ST00526" HPOS="1544" VPOS="2956" WIDTH="73" HEIGHT="28" CONTENT="aber" WC="0.99" CC="2002"/>
						<SP ID="P1_SP00440" HPOS="1617" VPOS="2992" WIDTH="21"/>
						<String ID="P1_ST00527" HPOS="1638" VPOS="2955" WIDTH="80" HEIGHT="29" CONTENT="wird" WC="0.99" CC="0330"/>
						<SP ID="P1_SP00441" HPOS="1718" VPOS="2992" WIDTH="22"/>
						<String ID="P1_ST00528" HPOS="1740" VPOS="2953" WIDTH="194" HEIGHT="34" CONTENT="gewöhnlich" WC="0.99" CC="0400765440"/>
						<SP ID="P1_SP00442" HPOS="1934" VPOS="2992" WIDTH="22"/>
						<String ID="P1_ST00529" HPOS="1956" VPOS="2960" WIDTH="35" HEIGHT="20" CONTENT="so" WC="1.00" CC="00"/>
					</TextLine>
					<TextLine ID="P1_TL00089" HPOS="1096" VPOS="3003" WIDTH="896" HEIGHT="39">
						<String ID="P1_ST00530" HPOS="1096" VPOS="3011" WIDTH="102" HEIGHT="31" CONTENT="wenig" WC="0.99" CC="01300"/>
						<SP ID="P1_SP00443" HPOS="1198" VPOS="3042" WIDTH="29"/>
						<String ID="P1_ST00531" HPOS="1227" VPOS="3009" WIDTH="161" HEIGHT="33" CONTENT="getroffen," WC="0.99" CC="0009064270"/>
						<SP ID="P1_SP00444" HPOS="1388" VPOS="3042" WIDTH="29"/>
						<String ID="P1_ST00532" HPOS="1417" VPOS="3009" WIDTH="61" HEIGHT="27" CONTENT="wie" WC="0.99" CC="012"/>
						<SP ID="P1_SP00445" HPOS="1478" VPOS="3042" WIDTH="29"/>
						<String ID="P1_ST00533" HPOS="1507" VPOS="3008" WIDTH="28" HEIGHT="26" CONTENT="in" WC="0.51" CC="27"/>
						<SP ID="P1_SP00446" HPOS="1535" VPOS="3042" WIDTH="31"/>
						<String ID="P1_ST00534" HPOS="1566" VPOS="3006" WIDTH="116" HEIGHT="28" CONTENT="diesem" WC="0.99" CC="004040"/>
						<SP ID="P1_SP00447" HPOS="1682" VPOS="3042" WIDTH="29"/>
						<String ID="P1_ST00535" HPOS="1711" VPOS="3005" WIDTH="63" HEIGHT="28" CONTENT="Fall" WC="0.96" CC="5347"/>
						<SP ID="P1_SP00448" HPOS="1774" VPOS="3042" WIDTH="29"/>
						<String ID="P1_ST00536" HPOS="1803" VPOS="3003" WIDTH="189" HEIGHT="32" CONTENT="Kandinsky," WC="0.79" CC="0720460000"/>
					</TextLine>
					<TextLine ID="P1_TL00090" HPOS="1096" VPOS="3053" WIDTH="896" HEIGHT="39">
						<String ID="P1_ST00537" HPOS="1096" VPOS="3061" WIDTH="112" HEIGHT="29" CONTENT="dessen" WC="0.99" CC="000006"/>
						<SP ID="P1_SP00449" HPOS="1208" VPOS="3090" WIDTH="19"/>
						<String ID="P1_ST00538" HPOS="1227" VPOS="3060" WIDTH="143" HEIGHT="32" CONTENT="lauteres," WC="0.99" CC="666000060"/>
						<SP ID="P1_SP00450" HPOS="1370" VPOS="3092" WIDTH="21"/>
						<String ID="P1_ST00539" HPOS="1391" VPOS="3060" WIDTH="119" HEIGHT="27" CONTENT="ernstes" WC="1.00" CC="0060000"/>
						<SP ID="P1_SP00451" HPOS="1510" VPOS="3092" WIDTH="20"/>
						<String ID="P1_ST00540" HPOS="1530" VPOS="3057" WIDTH="59" HEIGHT="28" CONTENT="und" WC="0.96" CC="370"/>
						<SP ID="P1_SP00452" HPOS="1589" VPOS="3092" WIDTH="21"/>
						<String ID="P1_ST00541" HPOS="1610" VPOS="3055" WIDTH="285" HEIGHT="29" CONTENT="unerschrockenes" WC="1.00" CC="450302003600600"/>
						<SP ID="P1_SP00453" HPOS="1895" VPOS="3092" WIDTH="19"/>
						<String ID="P1_ST00542" HPOS="1914" VPOS="3053" WIDTH="59" HEIGHT="28" CONTENT="Vor" SUBS_TYPE="HypPart1" SUBS_CONTENT="Vorwärtsstreben" WC="0.99" CC="000"/>
						<HYP HPOS="1973" VPOS="3053" WIDTH="19" CONTENT="-"/>
					</TextLine>
					<TextLine ID="P1_TL00091" HPOS="1095" VPOS="3103" WIDTH="897" HEIGHT="36">
						<String ID="P1_ST00543" HPOS="1095" VPOS="3110" WIDTH="225" HEIGHT="29" CONTENT="wärtsstreben" SUBS_TYPE="HypPart2" SUBS_CONTENT="Vorwärtsstreben" WC="1.00" CC="002000020006"/>
						<SP ID="P1_SP00454" HPOS="1320" VPOS="3139" WIDTH="41"/>
						<String ID="P1_ST00544" HPOS="1361" VPOS="3108" WIDTH="136" HEIGHT="29" CONTENT="dadurch" WC="0.99" CC="0006022"/>
						<SP ID="P1_SP00455" HPOS="1497" VPOS="3139" WIDTH="40"/>
						<String ID="P1_ST00545" HPOS="1537" VPOS="3106" WIDTH="82" HEIGHT="29" CONTENT="nicht" WC="0.99" CC="70000"/>
						<SP ID="P1_SP00456" HPOS="1619" VPOS="3139" WIDTH="38"/>
						<String ID="P1_ST00546" HPOS="1657" VPOS="3114" WIDTH="38" HEIGHT="19" CONTENT="zu" WC="0.96" CC="00"/>
						<SP ID="P1_SP00457" HPOS="1695" VPOS="3139" WIDTH="40"/>
						<String ID="P1_ST00547" HPOS="1735" VPOS="3106" WIDTH="151" HEIGHT="27" CONTENT="irritieren" WC="0.99" CC="4015050306"/>
						<SP ID="P1_SP00458" HPOS="1886" VPOS="3139" WIDTH="41"/>
						<String ID="P1_ST00548" HPOS="1927" VPOS="3103" WIDTH="65" HEIGHT="28" CONTENT="sein" WC="0.99" CC="0003"/>
					</TextLine>
					<TextLine ID="P1_TL00092" HPOS="1094" VPOS="3161" WIDTH="89" HEIGHT="28">
						<String ID="P1_ST00549" HPOS="1094" VPOS="3161" WIDTH="89" HEIGHT="28" CONTENT="wird." WC="0.97" CC="97202"/>
					</TextLine>
					<TextLine ID="P1_TL00093" HPOS="1095" VPOS="3202" WIDTH="897" HEIGHT="34">
						<String ID="P1_ST00550" HPOS="1095" VPOS="3212" WIDTH="55" HEIGHT="24" CONTENT="Aus" WC="0.98" CC="040"/>
						<SP ID="P1_SP00459" HPOS="1150" VPOS="3236" WIDTH="18"/>
						<String ID="P1_ST00551" HPOS="1168" VPOS="3212" WIDTH="87" HEIGHT="24" CONTENT="einem" WC="0.98" CC="00435"/>
						<SP ID="P1_SP00460" HPOS="1255" VPOS="3236" WIDTH="18"/>
						<String ID="P1_ST00552" HPOS="1273" VPOS="3210" WIDTH="151" HEIGHT="26" CONTENT="Schreiben" WC="0.99" CC="004032405"/>
						<SP ID="P1_SP00461" HPOS="1424" VPOS="3236" WIDTH="19"/>
						<String ID="P1_ST00553" HPOS="1443" VPOS="3217" WIDTH="33" HEIGHT="17" CONTENT="an" WC="0.31" CC="66"/>
						<SP ID="P1_SP00462" HPOS="1476" VPOS="3236" WIDTH="18"/>
						<String ID="P1_ST00554" HPOS="1494" VPOS="3208" WIDTH="51" HEIGHT="25" CONTENT="den" WC="0.98" CC="006"/>
						<SP ID="P1_SP00463" HPOS="1545" VPOS="3236" WIDTH="17"/>
						<String ID="P1_ST00555" HPOS="1562" VPOS="3206" WIDTH="193" HEIGHT="28" CONTENT="Herausgeber" WC="0.99" CC="63055173077"/>
						<SP ID="P1_SP00464" HPOS="1755" VPOS="3236" WIDTH="19"/>
						<String ID="P1_ST00556" HPOS="1774" VPOS="3206" WIDTH="47" HEIGHT="25" CONTENT="der" WC="0.99" CC="300"/>
						<SP ID="P1_SP00465" HPOS="1821" VPOS="3236" WIDTH="18"/>
						<String ID="P1_ST00557" HPOS="1839" VPOS="3202" WIDTH="153" HEIGHT="27" CONTENT="Zeitschrift" WC="0.99" CC="00109440440"/>
					</TextLine>
				</TextBlock>
				<TextBlock ID="P1_TB00025" HPOS="1096" VPOS="3308" WIDTH="287" HEIGHT="35" STYLEREFS="TXT_0 PAR_LEFT">
					<TextLine ID="P1_TL00094" HPOS="1097" VPOS="3310" WIDTH="284" HEIGHT="31">
						<String ID="P1_ST00558" HPOS="1097" VPOS="3310" WIDTH="134" HEIGHT="31" CONTENT="Richard" WC="0.97" CC="7856196"/>
						<SP ID="P1_SP00466" HPOS="1231" VPOS="3341" WIDTH="22"/>
						<String ID="P1_ST00559" HPOS="1253" VPOS="3310" WIDTH="128" HEIGHT="28" CONTENT="Dehmel" WC="1.00" CC="300120"/>
					</TextLine>
				</TextBlock>
				<TextBlock ID="P1_TB00026" HPOS="1095" VPOS="3381" WIDTH="899" HEIGHT="378" STYLEREFS="TXT_0 PAR_RIGHT">
					<TextLine ID="P1_TL00095" HPOS="1097" VPOS="3382" WIDTH="502" HEIGHT="36">
						<String ID="P1_ST00560" HPOS="1097" VPOS="3386" WIDTH="77" HEIGHT="29" CONTENT="Sehr" WC="0.99" CC="0204"/>
						<SP ID="P1_SP00467" HPOS="1174" VPOS="3415" WIDTH="25"/>
						<String ID="P1_ST00561" HPOS="1199" VPOS="3386" WIDTH="143" HEIGHT="32" CONTENT="geehrter" WC="1.00" CC="00000001"/>
						<SP ID="P1_SP00468" HPOS="1342" VPOS="3418" WIDTH="24"/>
						<String ID="P1_ST00562" HPOS="1366" VPOS="3384" WIDTH="79" HEIGHT="29" CONTENT="Herr" WC="0.98" CC="6110"/>
						<SP ID="P1_SP00469" HPOS="1445" VPOS="3418" WIDTH="24"/>
						<String ID="P1_ST00563" HPOS="1469" VPOS="3382" WIDTH="130" HEIGHT="29" CONTENT="Waiden" WC="0.99" CC="043005"/>
					</TextLine>
					<TextLine ID="P1_TL00096" HPOS="1154" VPOS="3427" WIDTH="838" HEIGHT="40">
						<String ID="P1_ST00564" HPOS="1154" VPOS="3436" WIDTH="99" HEIGHT="28" CONTENT="Wenn" WC="0.98" CC="0072"/>
						<SP ID="P1_SP00470" HPOS="1253" VPOS="3464" WIDTH="21"/>
						<String ID="P1_ST00565" HPOS="1274" VPOS="3435" WIDTH="47" HEIGHT="29" CONTENT="ich" WC="0.99" CC="300"/>
						<SP ID="P1_SP00471" HPOS="1321" VPOS="3464" WIDTH="22"/>
						<String ID="P1_ST00566" HPOS="1343" VPOS="3443" WIDTH="99" HEIGHT="24" CONTENT="gegen" WC="0.99" CC="02006"/>
						<SP ID="P1_SP00472" HPOS="1442" VPOS="3467" WIDTH="20"/>
						<String ID="P1_ST00567" HPOS="1462" VPOS="3434" WIDTH="48" HEIGHT="27" CONTENT="die" WC="0.99" CC="010"/>
						<SP ID="P1_SP00473" HPOS="1510" VPOS="3467" WIDTH="22"/>
						<String ID="P1_ST00568" HPOS="1532" VPOS="3431" WIDTH="175" HEIGHT="29" CONTENT="Dummheit" WC="0.99" CC="06006200"/>
						<SP ID="P1_SP00474" HPOS="1707" VPOS="3467" WIDTH="22"/>
						<String ID="P1_ST00569" HPOS="1729" VPOS="3431" WIDTH="54" HEIGHT="28" CONTENT="des" WC="1.00" CC="000"/>
						<SP ID="P1_SP00475" HPOS="1783" VPOS="3467" WIDTH="21"/>
						<String ID="P1_ST00570" HPOS="1804" VPOS="3427" WIDTH="188" HEIGHT="30" CONTENT="Federviehs" WC="1.00" CC="6000001060"/>
					</TextLine>
					<TextLine ID="P1_TL00097" HPOS="1100" VPOS="3478" WIDTH="891" HEIGHT="43">
						<String ID="P1_ST00571" HPOS="1100" VPOS="3485" WIDTH="153" HEIGHT="36" CONTENT="jedesmal" WC="0.99" CC="80040451"/>
						<SP ID="P1_SP00476" HPOS="1253" VPOS="3521" WIDTH="31"/>
						<String ID="P1_ST00572" HPOS="1284" VPOS="3487" WIDTH="118" HEIGHT="32" CONTENT="„etwas" WC="1.00" CC="000000"/>
						<SP ID="P1_SP00477" HPOS="1402" VPOS="3521" WIDTH="41"/>
						<String ID="P1_ST00573" HPOS="1443" VPOS="3481" WIDTH="180" HEIGHT="31" CONTENT='schreiben"' WC="0.99" CC="0050068746"/>
						<SP ID="P1_SP00478" HPOS="1623" VPOS="3521" WIDTH="41"/>
						<String ID="P1_ST00574" HPOS="1664" VPOS="3480" WIDTH="113" HEIGHT="33" CONTENT="wollte," WC="1.00" CC="0044000"/>
						<SP ID="P1_SP00479" HPOS="1777" VPOS="3521" WIDTH="40"/>
						<String ID="P1_ST00575" HPOS="1817" VPOS="3480" WIDTH="86" HEIGHT="27" CONTENT="wäre" WC="1.00" CC="0000"/>
						<SP ID="P1_SP00480" HPOS="1903" VPOS="3521" WIDTH="40"/>
						<String ID="P1_ST00576" HPOS="1943" VPOS="3478" WIDTH="48" HEIGHT="28" CONTENT="ich" WC="1.00" CC="010"/>
					</TextLine>
					<TextLine ID="P1_TL00098" HPOS="1097" VPOS="3527" WIDTH="895" HEIGHT="41">
						<String ID="P1_ST00577" HPOS="1097" VPOS="3537" WIDTH="100" HEIGHT="31" CONTENT="längst" WC="0.99" CC="406000"/>
						<SP ID="P1_SP00481" HPOS="1197" VPOS="3568" WIDTH="25"/>
						<String ID="P1_ST00578" HPOS="1222" VPOS="3544" WIDTH="49" HEIGHT="19" CONTENT="am" WC="0.73" CC="50"/>
						<SP ID="P1_SP00482" HPOS="1271" VPOS="3568" WIDTH="27"/>
						<String ID="P1_ST00579" HPOS="1298" VPOS="3532" WIDTH="251" HEIGHT="32" CONTENT="Schreibkrampf" WC="0.99" CC="0045062006006"/>
						<SP ID="P1_SP00483" HPOS="1549" VPOS="3568" WIDTH="25"/>
						<String ID="P1_ST00580" HPOS="1574" VPOS="3530" WIDTH="155" HEIGHT="29" CONTENT="verreckt." WC="1.00" CC="000000023"/>
						<SP ID="P1_SP00484" HPOS="1729" VPOS="3568" WIDTH="69"/>
						<String ID="P1_ST00581" HPOS="1798" VPOS="3529" WIDTH="118" HEIGHT="29" CONTENT="Lassen" WC="0.99" CC="030004"/>
						<SP ID="P1_SP00485" HPOS="1916" VPOS="3568" WIDTH="25"/>
						<String ID="P1_ST00582" HPOS="1941" VPOS="3527" WIDTH="51" HEIGHT="29" CONTENT="Sie" WC="0.99" CC="200"/>
					</TextLine>
					<TextLine ID="P1_TL00099" HPOS="1100" VPOS="3577" WIDTH="892" HEIGHT="40">
						<String ID="P1_ST00583" HPOS="1100" VPOS="3586" WIDTH="101" HEIGHT="28" CONTENT="dieses" WC="1.00" CC="030010"/>
						<SP ID="P1_SP00486" HPOS="1201" VPOS="3614" WIDTH="30"/>
						<String ID="P1_ST00584" HPOS="1231" VPOS="3585" WIDTH="76" HEIGHT="32" CONTENT="Kurt" WC="0.98" CC="0720"/>
						<SP ID="P1_SP00487" HPOS="1307" VPOS="3617" WIDTH="28"/>
						<String ID="P1_ST00585" HPOS="1335" VPOS="3584" WIDTH="146" HEIGHT="32" CONTENT="Küchlein" WC="0.99" CC="00355006"/>
						<SP ID="P1_SP00488" HPOS="1481" VPOS="3617" WIDTH="33"/>
						<String ID="P1_ST00586" HPOS="1514" VPOS="3581" WIDTH="77" HEIGHT="29" CONTENT="doch" WC="1.00" CC="0000"/>
						<SP ID="P1_SP00489" HPOS="1591" VPOS="3617" WIDTH="30"/>
						<String ID="P1_ST00587" HPOS="1621" VPOS="3581" WIDTH="139" HEIGHT="31" CONTENT="piepsen;" WC="0.99" CC="06000064"/>
						<SP ID="P1_SP00490" HPOS="1760" VPOS="3617" WIDTH="41"/>
						<String ID="P1_ST00588" HPOS="1801" VPOS="3579" WIDTH="46" HEIGHT="28" CONTENT="für" WC="0.97" CC="502"/>
						<SP ID="P1_SP00491" HPOS="1847" VPOS="3617" WIDTH="41"/>
						<String ID="P1_ST00589" HPOS="1888" VPOS="3577" WIDTH="104" HEIGHT="30" CONTENT="solche" WC="0.99" CC="025300"/>
					</TextLine>
					<TextLine ID="P1_TL00100" HPOS="1098" VPOS="3627" WIDTH="894" HEIGHT="40">
						<String ID="P1_ST00590" HPOS="1098" VPOS="3634" WIDTH="313" HEIGHT="33" CONTENT="Hühnergehirnchen" WC="0.70" CC="7006000663072007"/>
						<SP ID="P1_SP00492" HPOS="1411" VPOS="3667" WIDTH="26"/>
						<String ID="P1_ST00591" HPOS="1437" VPOS="3631" WIDTH="154" HEIGHT="31" CONTENT="zerbricht" WC="1.00" CC="007000000"/>
						<SP ID="P1_SP00493" HPOS="1591" VPOS="3667" WIDTH="25"/>
						<String ID="P1_ST00592" HPOS="1616" VPOS="3631" WIDTH="63" HEIGHT="28" CONTENT="sich" WC="1.00" CC="0001"/>
						<SP ID="P1_SP00494" HPOS="1679" VPOS="3667" WIDTH="26"/>
						<String ID="P1_ST00593" HPOS="1705" VPOS="3629" WIDTH="180" HEIGHT="32" CONTENT="Kandinsky" WC="0.80" CC="007037000"/>
						<SP ID="P1_SP00495" HPOS="1885" VPOS="3667" WIDTH="26"/>
						<String ID="P1_ST00594" HPOS="1911" VPOS="3627" WIDTH="81" HEIGHT="28" CONTENT="wohl" WC="0.98" CC="0007"/>
					</TextLine>
					<TextLine ID="P1_TL00101" HPOS="1100" VPOS="3685" WIDTH="262" HEIGHT="32">
						<String ID="P1_ST00595" HPOS="1100" VPOS="3686" WIDTH="81" HEIGHT="28" CONTENT="nicht" WC="0.98" CC="24060"/>
						<SP ID="P1_SP00496" HPOS="1181" VPOS="3714" WIDTH="19"/>
						<String ID="P1_ST00596" HPOS="1200" VPOS="3686" WIDTH="57" HEIGHT="27" CONTENT="den" WC="1.00" CC="000"/>
						<SP ID="P1_SP00497" HPOS="1257" VPOS="3714" WIDTH="18"/>
						<String ID="P1_ST00597" HPOS="1275" VPOS="3685" WIDTH="87" HEIGHT="32" CONTENT="Kopf." WC="0.98" CC="05044"/>
					</TextLine>
					<TextLine ID="P1_TL00102" HPOS="1747" VPOS="3727" WIDTH="226" HEIGHT="31">
						<String ID="P1_ST00598" HPOS="1747" VPOS="3729" WIDTH="116" HEIGHT="29" CONTENT="Besten" WC="1.00" CC="100005"/>
						<SP ID="P1_SP00498" HPOS="1863" VPOS="3758" WIDTH="28"/>
						<String ID="P1_ST00599" HPOS="1891" VPOS="3727" WIDTH="82" HEIGHT="29" CONTENT="Gruß" WC="0.98" CC="5040"/>
					</TextLine>
				</TextBlock>
				<TextBlock ID="P1_TB00027" HPOS="1770" VPOS="3774" WIDTH="177" HEIGHT="34" STYLEREFS="TXT_0 PAR_RIGHT">
					<TextLine ID="P1_TL00103" HPOS="1771" VPOS="3778" WIDTH="174" HEIGHT="29">
						<String ID="P1_ST00600" HPOS="1771" VPOS="3778" WIDTH="174" HEIGHT="29" CONTENT="Dehmel" WC="0.98" CC="000000"/>
					</TextLine>
				</TextBlock>
				<TextBlock ID="P1_TB00028" HPOS="1098" VPOS="3857" WIDTH="331" HEIGHT="34" STYLEREFS="TXT_0 PAR_LEFT">
					<TextLine ID="P1_TL00104" HPOS="1099" VPOS="3858" WIDTH="329" HEIGHT="31">
						<String ID="P1_ST00601" HPOS="1099" VPOS="3858" WIDTH="70" HEIGHT="31" CONTENT="Karl" WC="0.96" CC="5706"/>
						<SP ID="P1_SP00499" HPOS="1169" VPOS="3889" WIDTH="17"/>
						<String ID="P1_ST00602" HPOS="1186" VPOS="3859" WIDTH="90" HEIGHT="28" CONTENT="Ernst" WC="0.97" CC="60707"/>
						<SP ID="P1_SP00500" HPOS="1276" VPOS="3889" WIDTH="15"/>
						<String ID="P1_ST00603" HPOS="1291" VPOS="3858" WIDTH="137" HEIGHT="28" CONTENT="Osthaus" WC="0.99" CC="7007400"/>
					</TextLine>
				</TextBlock>
				<TextBlock ID="P1_TB00029" HPOS="1098" VPOS="3921" WIDTH="896" HEIGHT="91" STYLEREFS="TXT_0 PAR_LEFT">
					<TextLine ID="P1_TL00105" HPOS="1099" VPOS="3923" WIDTH="738" HEIGHT="39">
						<String ID="P1_ST00604" HPOS="1099" VPOS="3933" WIDTH="188" HEIGHT="29" CONTENT="Museum" WC="0.99" CC="060060"/>
						<SP ID="P1_SP00501" HPOS="1287" VPOS="3962" WIDTH="29"/>
						<String ID="P1_ST00605" HPOS="1316" VPOS="3932" WIDTH="234" HEIGHT="29" CONTENT="Folkwang" WC="0.71" CC="54300270"/>
						<SP ID="P1_SP00502" HPOS="1550" VPOS="3962" WIDTH="29"/>
						<String ID="P1_ST00606" HPOS="1579" VPOS="3927" WIDTH="8" HEIGHT="34" CONTENT="/" WC="1.00" CC="9"/>
						<SP ID="P1_SP00503" HPOS="1587" VPOS="3962" WIDTH="25"/>
						<String ID="P1_ST00607" HPOS="1612" VPOS="3928" WIDTH="145" HEIGHT="32" CONTENT="Hagen" WC="0.99" CC="60001"/>
						<SP ID="P1_SP00504" HPOS="1757" VPOS="3962" WIDTH="20"/>
						<String ID="P1_ST00608" HPOS="1777" VPOS="3923" WIDTH="60" HEIGHT="38" CONTENT="i/W" WC="0.67" CC="450"/>
					</TextLine>
					<TextLine ID="P1_TL00106" HPOS="1156" VPOS="3976" WIDTH="836" HEIGHT="35">
						<String ID="P1_ST00609" HPOS="1156" VPOS="3982" WIDTH="40" HEIGHT="29" CONTENT="Es" WC="0.65" CC="70"/>
						<SP ID="P1_SP00505" HPOS="1196" VPOS="4011" WIDTH="26"/>
						<String ID="P1_ST00610" HPOS="1222" VPOS="3983" WIDTH="141" HEIGHT="27" CONTENT="verlohnt" WC="0.99" CC="01010750"/>
						<SP ID="P1_SP00506" HPOS="1363" VPOS="4011" WIDTH="26"/>
						<String ID="P1_ST00611" HPOS="1389" VPOS="3981" WIDTH="81" HEIGHT="29" CONTENT="wohl" WC="0.99" CC="0104"/>
						<SP ID="P1_SP00507" HPOS="1470" VPOS="4011" WIDTH="27"/>
						<String ID="P1_ST00612" HPOS="1497" VPOS="3980" WIDTH="81" HEIGHT="28" CONTENT="nicht" WC="0.98" CC="65000"/>
						<SP ID="P1_SP00508" HPOS="1578" VPOS="4011" WIDTH="28"/>
						<String ID="P1_ST00613" HPOS="1606" VPOS="3978" WIDTH="51" HEIGHT="29" CONTENT="auf" WC="1.00" CC="000"/>
						<SP ID="P1_SP00509" HPOS="1657" VPOS="4011" WIDTH="26"/>
						<String ID="P1_ST00614" HPOS="1683" VPOS="3978" WIDTH="47" HEIGHT="29" CONTENT="die" WC="0.98" CC="023"/>
						<SP ID="P1_SP00510" HPOS="1730" VPOS="4011" WIDTH="27"/>
						<String ID="P1_ST00615" HPOS="1757" VPOS="3976" WIDTH="235" HEIGHT="30" CONTENT="Ausführungen" WC="0.99" CC="030700066001"/>
					</TextLine>
				</TextBlock>
				<TextBlock ID="P1_TB00030" HPOS="2064" VPOS="1519" WIDTH="896" HEIGHT="335" STYLEREFS="TXT_0 PAR_BLOCK">
					<TextLine ID="P1_TL00107" HPOS="2067" VPOS="1519" WIDTH="893" HEIGHT="33">
						<String ID="P1_ST00616" HPOS="2067" VPOS="1523" WIDTH="54" HEIGHT="28" CONTENT="des" WC="1.00" CC="001"/>
						<SP ID="P1_SP00511" HPOS="2121" VPOS="1551" WIDTH="29"/>
						<String ID="P1_ST00617" HPOS="2150" VPOS="1522" WIDTH="100" HEIGHT="28" CONTENT="Herrn" WC="0.96" CC="75508"/>
						<SP ID="P1_SP00512" HPOS="2250" VPOS="1551" WIDTH="27"/>
						<String ID="P1_ST00618" HPOS="2277" VPOS="1521" WIDTH="130" HEIGHT="31" CONTENT="Küchler" WC="0.99" CC="0020540"/>
						<SP ID="P1_SP00513" HPOS="2407" VPOS="1552" WIDTH="29"/>
						<String ID="P1_ST00619" HPOS="2436" VPOS="1521" WIDTH="94" HEIGHT="27" CONTENT="näher" WC="0.99" CC="50001"/>
						<SP ID="P1_SP00514" HPOS="2530" VPOS="1552" WIDTH="28"/>
						<String ID="P1_ST00620" HPOS="2558" VPOS="1519" WIDTH="196" HEIGHT="33" CONTENT="einzugehen." WC="0.99" CC="03507007184"/>
						<SP ID="P1_SP00515" HPOS="2754" VPOS="1552" WIDTH="48"/>
						<String ID="P1_ST00621" HPOS="2802" VPOS="1519" WIDTH="55" HEIGHT="28" CONTENT="Die" WC="1.00" CC="000"/>
						<SP ID="P1_SP00516" HPOS="2857" VPOS="1552" WIDTH="30"/>
						<String ID="P1_ST00622" HPOS="2887" VPOS="1519" WIDTH="55" HEIGHT="27" CONTENT="Tat" SUBS_TYPE="HypPart1" SUBS_CONTENT="Tatsache," WC="1.00" CC="000"/>
						<HYP HPOS="2942" VPOS="1519" WIDTH="18" CONTENT="-"/>
					</TextLine>
					<TextLine ID="P1_TL00108" HPOS="2067" VPOS="1568" WIDTH="891" HEIGHT="38">
						<String ID="P1_ST00623" HPOS="2067" VPOS="1573" WIDTH="103" HEIGHT="33" CONTENT="sache," SUBS_TYPE="HypPart2" SUBS_CONTENT="Tatsache," WC="1.00" CC="000020"/>
						<SP ID="P1_SP00517" HPOS="2170" VPOS="1606" WIDTH="22"/>
						<String ID="P1_ST00624" HPOS="2192" VPOS="1572" WIDTH="58" HEIGHT="29" CONTENT="daß" WC="0.98" CC="041"/>
						<SP ID="P1_SP00518" HPOS="2250" VPOS="1606" WIDTH="22"/>
						<String ID="P1_ST00625" HPOS="2272" VPOS="1572" WIDTH="64" HEIGHT="29" CONTENT="sich" WC="0.99" CC="0015"/>
						<SP ID="P1_SP00519" HPOS="2336" VPOS="1606" WIDTH="22"/>
						<String ID="P1_ST00626" HPOS="2358" VPOS="1571" WIDTH="144" HEIGHT="28" CONTENT="Arbeiten" WC="0.99" CC="00600008"/>
						<SP ID="P1_SP00520" HPOS="2502" VPOS="1606" WIDTH="22"/>
						<String ID="P1_ST00627" HPOS="2524" VPOS="1579" WIDTH="62" HEIGHT="20" CONTENT="von" WC="0.95" CC="067"/>
						<SP ID="P1_SP00521" HPOS="2586" VPOS="1606" WIDTH="21"/>
						<String ID="P1_ST00628" HPOS="2607" VPOS="1568" WIDTH="180" HEIGHT="34" CONTENT="Kandinsky" WC="0.90" CC="006000020"/>
						<SP ID="P1_SP00522" HPOS="2787" VPOS="1606" WIDTH="23"/>
						<String ID="P1_ST00629" HPOS="2810" VPOS="1570" WIDTH="38" HEIGHT="27" CONTENT="im" WC="0.77" CC="40"/>
						<SP ID="P1_SP00523" HPOS="2848" VPOS="1606" WIDTH="21"/>
						<String ID="P1_ST00630" HPOS="2869" VPOS="1568" WIDTH="72" HEIGHT="29" CONTENT="Folk" SUBS_TYPE="HypPart1" SUBS_CONTENT="Folkwang-Museum" WC="0.87" CC="0300"/>
						<HYP HPOS="2941" VPOS="1568" WIDTH="17" CONTENT="-"/>
					</TextLine>
					<TextLine ID="P1_TL00109" HPOS="2065" VPOS="1619" WIDTH="894" HEIGHT="36">
						<String ID="P1_ST00631" HPOS="2065" VPOS="1622" WIDTH="253" HEIGHT="33" CONTENT="wang-Museum" SUBS_TYPE="HypPart2" SUBS_CONTENT="Folkwang-Museum" WC="0.71" CC="05701080071"/>
						<SP ID="P1_SP00524" HPOS="2318" VPOS="1655" WIDTH="26"/>
						<String ID="P1_ST00632" HPOS="2344" VPOS="1622" WIDTH="152" HEIGHT="33" CONTENT="befinden," WC="0.99" CC="006069061"/>
						<SP ID="P1_SP00525" HPOS="2496" VPOS="1655" WIDTH="27"/>
						<String ID="P1_ST00633" HPOS="2523" VPOS="1620" WIDTH="79" HEIGHT="29" CONTENT="wird" WC="0.99" CC="0050"/>
						<SP ID="P1_SP00526" HPOS="2602" VPOS="1655" WIDTH="27"/>
						<String ID="P1_ST00634" HPOS="2629" VPOS="1620" WIDTH="91" HEIGHT="28" CONTENT="Ihnen" WC="0.98" CC="20616"/>
						<SP ID="P1_SP00527" HPOS="2720" VPOS="1655" WIDTH="29"/>
						<String ID="P1_ST00635" HPOS="2749" VPOS="1628" WIDTH="52" HEIGHT="19" CONTENT="zur" WC="0.98" CC="050"/>
						<SP ID="P1_SP00528" HPOS="2801" VPOS="1655" WIDTH="32"/>
						<String ID="P1_ST00636" HPOS="2833" VPOS="1619" WIDTH="126" HEIGHT="30" CONTENT="Genüge" WC="0.99" CC="406004"/>
					</TextLine>
					<TextLine ID="P1_TL00110" HPOS="2067" VPOS="1670" WIDTH="719" HEIGHT="37">
						<String ID="P1_ST00637" HPOS="2067" VPOS="1682" WIDTH="104" HEIGHT="25" CONTENT="sagen," WC="0.99" CC="000083"/>
						<SP ID="P1_SP00529" HPOS="2171" VPOS="1707" WIDTH="23"/>
						<String ID="P1_ST00638" HPOS="2194" VPOS="1681" WIDTH="67" HEIGHT="20" CONTENT="was" WC="0.96" CC="910"/>
						<SP ID="P1_SP00530" HPOS="2261" VPOS="1707" WIDTH="22"/>
						<String ID="P1_ST00639" HPOS="2283" VPOS="1672" WIDTH="47" HEIGHT="29" CONTENT="ich" WC="0.98" CC="320"/>
						<SP ID="P1_SP00531" HPOS="2330" VPOS="1707" WIDTH="23"/>
						<String ID="P1_ST00640" HPOS="2353" VPOS="1680" WIDTH="62" HEIGHT="20" CONTENT="von" WC="0.96" CC="035"/>
						<SP ID="P1_SP00532" HPOS="2415" VPOS="1707" WIDTH="23"/>
						<String ID="P1_ST00641" HPOS="2438" VPOS="1672" WIDTH="69" HEIGHT="28" CONTENT="dem" WC="1.00" CC="000"/>
						<SP ID="P1_SP00533" HPOS="2507" VPOS="1707" WIDTH="25"/>
						<String ID="P1_ST00642" HPOS="2532" VPOS="1670" WIDTH="140" HEIGHT="32" CONTENT="Künstler" WC="0.99" CC="05600334"/>
						<SP ID="P1_SP00534" HPOS="2672" VPOS="1707" WIDTH="23"/>
						<String ID="P1_ST00643" HPOS="2695" VPOS="1670" WIDTH="91" HEIGHT="28" CONTENT="halte." WC="0.98" CC="064034"/>
					</TextLine>
					<TextLine ID="P1_TL00111" HPOS="2638" VPOS="1717" WIDTH="302" HEIGHT="34">
						<String ID="P1_ST00644" HPOS="2638" VPOS="1717" WIDTH="302" HEIGHT="34" CONTENT="Hochachtungsvoll" WC="0.99" CC="7046103077000056"/>
					</TextLine>
					<TextLine ID="P1_TL00112" HPOS="2627" VPOS="1769" WIDTH="333" HEIGHT="30">
						<String ID="P1_ST00645" HPOS="2627" VPOS="1770" WIDTH="141" HEIGHT="29" CONTENT="Museum" WC="0.98" CC="660570"/>
						<SP ID="P1_SP00535" HPOS="2768" VPOS="1799" WIDTH="23"/>
						<String ID="P1_ST00646" HPOS="2791" VPOS="1769" WIDTH="169" HEIGHT="30" CONTENT="Folkwang" WC="0.59" CC="04300679"/>
					</TextLine>
					<TextLine ID="P1_TL00113" HPOS="2684" VPOS="1815" WIDTH="190" HEIGHT="39">
						<String ID="P1_ST00647" HPOS="2684" VPOS="1820" WIDTH="108" HEIGHT="31" CONTENT="Hagen" WC="0.98" CC="70007"/>
						<SP ID="P1_SP00536" HPOS="2792" VPOS="1851" WIDTH="23"/>
						<String ID="P1_ST00648" HPOS="2815" VPOS="1815" WIDTH="59" HEIGHT="39" CONTENT="i/W" WC="0.70" CC="440"/>
					</TextLine>
				</TextBlock>
				<TextBlock ID="P1_TB00031" HPOS="2692" VPOS="1868" WIDTH="138" HEIGHT="32" STYLEREFS="TXT_0 PAR_RIGHT">
					<TextLine ID="P1_TL00114" HPOS="2694" VPOS="1869" WIDTH="134" HEIGHT="29">
						<String ID="P1_ST00649" HPOS="2694" VPOS="1869" WIDTH="134" HEIGHT="29" CONTENT="Osthaus" WC="0.98" CC="0007950"/>
					</TextLine>
				</TextBlock>
				<TextBlock ID="P1_TB00032" HPOS="2068" VPOS="1970" WIDTH="242" HEIGHT="35" STYLEREFS="TXT_0 PAR_RIGHT">
					<TextLine ID="P1_TL00115" HPOS="2069" VPOS="1973" WIDTH="238" HEIGHT="30">
						<String ID="P1_ST00650" HPOS="2069" VPOS="1973" WIDTH="49" HEIGHT="30" CONTENT="W." WC="1.00" CC="00"/>
						<SP ID="P1_SP00537" HPOS="2118" VPOS="2003" WIDTH="29"/>
						<String ID="P1_ST00651" HPOS="2147" VPOS="1973" WIDTH="160" HEIGHT="29" CONTENT="Steenhoff" WC="0.32" CC="429687578"/>
					</TextLine>
				</TextBlock>
				<TextBlock ID="P1_TB00033" HPOS="2390" VPOS="1958" WIDTH="570" HEIGHT="45" STYLEREFS="TXT_0 PAR_RIGHT">
					<TextLine ID="P1_TL00116" HPOS="2393" VPOS="1968" WIDTH="565" HEIGHT="33">
						<String ID="P1_ST00652" HPOS="2393" VPOS="1971" WIDTH="290" HEIGHT="30" CONTENT="Stellvertretender" WC="1.00" CC="00243040052045006"/>
						<SP ID="P1_SP00538" HPOS="2683" VPOS="2001" WIDTH="40"/>
						<String ID="P1_ST00653" HPOS="2723" VPOS="1969" WIDTH="141" HEIGHT="28" CONTENT="Direktor" WC="0.99" CC="16200036"/>
						<SP ID="P1_SP00539" HPOS="2864" VPOS="2001" WIDTH="40"/>
						<String ID="P1_ST00654" HPOS="2904" VPOS="1968" WIDTH="54" HEIGHT="28" CONTENT="des" WC="1.00" CC="000"/>
					</TextLine>
				</TextBlock>
				<TextBlock ID="P1_TB00034" HPOS="2065" VPOS="2021" WIDTH="895" HEIGHT="755" STYLEREFS="TXT_0 PAR_LEFT">
					<TextLine ID="P1_TL00117" HPOS="2067" VPOS="2021" WIDTH="550" HEIGHT="35">
						<String ID="P1_ST00655" HPOS="2067" VPOS="2023" WIDTH="270" HEIGHT="33" CONTENT="Reichsmuseums" WC="1.00" CC="0141700000500"/>
						<SP ID="P1_SP00540" HPOS="2337" VPOS="2056" WIDTH="23"/>
						<String ID="P1_ST00656" HPOS="2360" VPOS="2031" WIDTH="38" HEIGHT="19" CONTENT="zu" WC="0.72" CC="05"/>
						<SP ID="P1_SP00541" HPOS="2398" VPOS="2056" WIDTH="23"/>
						<String ID="P1_ST00657" HPOS="2421" VPOS="2021" WIDTH="196" HEIGHT="29" CONTENT="Amsterdam" WC="1.00" CC="000000050"/>
					</TextLine>
					<TextLine ID="P1_TL00118" HPOS="2068" VPOS="2097" WIDTH="343" HEIGHT="34">
						<String ID="P1_ST00658" HPOS="2068" VPOS="2098" WIDTH="77" HEIGHT="30" CONTENT="Sehr" WC="0.99" CC="0006"/>
						<SP ID="P1_SP00542" HPOS="2145" VPOS="2128" WIDTH="23"/>
						<String ID="P1_ST00659" HPOS="2168" VPOS="2098" WIDTH="143" HEIGHT="33" CONTENT="geehrter" WC="0.99" CC="01596003"/>
						<SP ID="P1_SP00543" HPOS="2311" VPOS="2131" WIDTH="22"/>
						<String ID="P1_ST00660" HPOS="2333" VPOS="2097" WIDTH="78" HEIGHT="29" CONTENT="Herr" WC="0.98" CC="7003"/>
					</TextLine>
					<TextLine ID="P1_TL00119" HPOS="2124" VPOS="2143" WIDTH="836" HEIGHT="35">
						<String ID="P1_ST00661" HPOS="2124" VPOS="2149" WIDTH="49" HEIGHT="28" CONTENT="Ich" WC="0.95" CC="750"/>
						<SP ID="P1_SP00544" HPOS="2173" VPOS="2177" WIDTH="17"/>
						<String ID="P1_ST00662" HPOS="2190" VPOS="2149" WIDTH="56" HEIGHT="28" CONTENT="ließ" WC="0.99" CC="4100"/>
						<SP ID="P1_SP00545" HPOS="2246" VPOS="2177" WIDTH="18"/>
						<String ID="P1_ST00663" HPOS="2264" VPOS="2148" WIDTH="93" HEIGHT="29" CONTENT="Ihnen" WC="0.97" CC="50544"/>
						<SP ID="P1_SP00546" HPOS="2357" VPOS="2177" WIDTH="16"/>
						<String ID="P1_ST00664" HPOS="2373" VPOS="2149" WIDTH="47" HEIGHT="27" CONTENT="ein" WC="0.97" CC="007"/>
						<SP ID="P1_SP00547" HPOS="2420" VPOS="2177" WIDTH="18"/>
						<String ID="P1_ST00665" HPOS="2438" VPOS="2146" WIDTH="162" HEIGHT="32" CONTENT="Exemplar" WC="0.99" CC="65000634"/>
						<SP ID="P1_SP00548" HPOS="2600" VPOS="2178" WIDTH="17"/>
						<String ID="P1_ST00666" HPOS="2617" VPOS="2147" WIDTH="115" HEIGHT="26" CONTENT="meines" WC="0.99" CC="004820"/>
						<SP ID="P1_SP00549" HPOS="2732" VPOS="2178" WIDTH="18"/>
						<String ID="P1_ST00667" HPOS="2750" VPOS="2143" WIDTH="116" HEIGHT="32" CONTENT="Essays" WC="0.99" CC="700330"/>
						<SP ID="P1_SP00550" HPOS="2866" VPOS="2178" WIDTH="19"/>
						<String ID="P1_ST00668" HPOS="2885" VPOS="2143" WIDTH="75" HEIGHT="28" CONTENT="über" WC="0.98" CC="0530"/>
					</TextLine>
					<TextLine ID="P1_TL00120" HPOS="2067" VPOS="2194" WIDTH="893" HEIGHT="36">
						<String ID="P1_ST00669" HPOS="2067" VPOS="2199" WIDTH="180" HEIGHT="31" CONTENT="Kandinsky" WC="0.60" CC="877066000"/>
						<SP ID="P1_SP00551" HPOS="2247" VPOS="2230" WIDTH="24"/>
						<String ID="P1_ST00670" HPOS="2271" VPOS="2200" WIDTH="29" HEIGHT="26" CONTENT="in" WC="0.65" CC="06"/>
						<SP ID="P1_SP00552" HPOS="2300" VPOS="2230" WIDTH="25"/>
						<String ID="P1_ST00671" HPOS="2325" VPOS="2198" WIDTH="53" HEIGHT="28" CONTENT="der" WC="0.96" CC="036"/>
						<SP ID="P1_SP00553" HPOS="2378" VPOS="2230" WIDTH="23"/>
						<String ID="P1_ST00672" HPOS="2401" VPOS="2196" WIDTH="172" HEIGHT="29" CONTENT="Zeitschrift" WC="1.00" CC="00000200070"/>
						<SP ID="P1_SP00554" HPOS="2573" VPOS="2230" WIDTH="26"/>
						<String ID="P1_ST00673" HPOS="2599" VPOS="2196" WIDTH="64" HEIGHT="33" CONTENT="„De" WC="0.97" CC="204"/>
						<SP ID="P1_SP00555" HPOS="2663" VPOS="2230" WIDTH="25"/>
						<String ID="P1_ST00674" HPOS="2688" VPOS="2194" WIDTH="272" HEIGHT="31" CONTENT="Amsterdammer," WC="0.82" CC="0031410400402"/>
					</TextLine>
					<TextLine ID="P1_TL00121" HPOS="2067" VPOS="2243" WIDTH="893" HEIGHT="34">
						<String ID="P1_ST00675" HPOS="2067" VPOS="2249" WIDTH="172" HEIGHT="28" CONTENT="Weekblad" WC="0.95" CC="00000400"/>
						<SP ID="P1_SP00556" HPOS="2239" VPOS="2277" WIDTH="21"/>
						<String ID="P1_ST00676" HPOS="2260" VPOS="2257" WIDTH="77" HEIGHT="19" CONTENT="voor" WC="0.93" CC="0200"/>
						<SP ID="P1_SP00557" HPOS="2337" VPOS="2277" WIDTH="25"/>
						<String ID="P1_ST00677" HPOS="2362" VPOS="2246" WIDTH="192" HEIGHT="30" CONTENT='Nederland"' WC="0.68" CC="1007173504"/>
						<SP ID="P1_SP00558" HPOS="2554" VPOS="2277" WIDTH="24"/>
						<String ID="P1_ST00678" HPOS="2578" VPOS="2246" WIDTH="164" HEIGHT="28" CONTENT="zusenden." WC="0.99" CC="060560023"/>
						<SP ID="P1_SP00559" HPOS="2742" VPOS="2277" WIDTH="44"/>
						<String ID="P1_ST00679" HPOS="2786" VPOS="2244" WIDTH="30" HEIGHT="28" CONTENT="In" WC="0.32" CC="66"/>
						<SP ID="P1_SP00560" HPOS="2816" VPOS="2277" WIDTH="25"/>
						<String ID="P1_ST00680" HPOS="2841" VPOS="2243" WIDTH="119" HEIGHT="32" CONTENT="einigen" WC="0.98" CC="0070906"/>
					</TextLine>
					<TextLine ID="P1_TL00122" HPOS="2068" VPOS="2293" WIDTH="892" HEIGHT="38">
						<String ID="P1_ST00681" HPOS="2068" VPOS="2300" WIDTH="105" HEIGHT="31" CONTENT="Tagen" WC="0.98" CC="45008"/>
						<SP ID="P1_SP00561" HPOS="2173" VPOS="2331" WIDTH="27"/>
						<String ID="P1_ST00682" HPOS="2200" VPOS="2299" WIDTH="153" HEIGHT="28" CONTENT="erscheint" WC="0.99" CC="000003480"/>
						<SP ID="P1_SP00562" HPOS="2353" VPOS="2331" WIDTH="27"/>
						<String ID="P1_ST00683" HPOS="2380" VPOS="2298" WIDTH="66" HEIGHT="28" CONTENT="eine" WC="0.97" CC="2052"/>
						<SP ID="P1_SP00563" HPOS="2446" VPOS="2331" WIDTH="27"/>
						<String ID="P1_ST00684" HPOS="2473" VPOS="2298" WIDTH="111" HEIGHT="27" CONTENT="zweite" WC="0.99" CC="060400"/>
						<SP ID="P1_SP00564" HPOS="2584" VPOS="2331" WIDTH="28"/>
						<String ID="P1_ST00685" HPOS="2612" VPOS="2295" WIDTH="220" HEIGHT="31" CONTENT="Besprechung" WC="0.99" CC="12005030580"/>
						<SP ID="P1_SP00565" HPOS="2832" VPOS="2331" WIDTH="27"/>
						<String ID="P1_ST00686" HPOS="2859" VPOS="2293" WIDTH="101" HEIGHT="28" CONTENT="dieses" WC="0.99" CC="003040"/>
					</TextLine>
					<TextLine ID="P1_TL00123" HPOS="2069" VPOS="2343" WIDTH="890" HEIGHT="36">
						<String ID="P1_ST00687" HPOS="2069" VPOS="2350" WIDTH="71" HEIGHT="29" CONTENT="sehr" WC="1.00" CC="0001"/>
						<SP ID="P1_SP00566" HPOS="2140" VPOS="2379" WIDTH="47"/>
						<String ID="P1_ST00688" HPOS="2187" VPOS="2348" WIDTH="216" HEIGHT="29" CONTENT="bedeutenden" WC="1.00" CC="40005014003"/>
						<SP ID="P1_SP00567" HPOS="2403" VPOS="2379" WIDTH="49"/>
						<String ID="P1_ST00689" HPOS="2452" VPOS="2347" WIDTH="167" HEIGHT="28" CONTENT="modernen" WC="0.99" CC="00015123"/>
						<SP ID="P1_SP00568" HPOS="2619" VPOS="2379" WIDTH="45"/>
						<String ID="P1_ST00690" HPOS="2664" VPOS="2345" WIDTH="115" HEIGHT="28" CONTENT="Malers" WC="0.99" CC="024030"/>
						<SP ID="P1_SP00569" HPOS="2779" VPOS="2379" WIDTH="48"/>
						<String ID="P1_ST00691" HPOS="2827" VPOS="2345" WIDTH="30" HEIGHT="27" CONTENT="in" WC="0.82" CC="30"/>
						<SP ID="P1_SP00570" HPOS="2857" VPOS="2379" WIDTH="49"/>
						<String ID="P1_ST00692" HPOS="2906" VPOS="2343" WIDTH="53" HEIGHT="28" CONTENT="der" WC="1.00" CC="000"/>
					</TextLine>
					<TextLine ID="P1_TL00124" HPOS="2068" VPOS="2392" WIDTH="892" HEIGHT="40">
						<String ID="P1_ST00693" HPOS="2068" VPOS="2399" WIDTH="248" HEIGHT="29" CONTENT="Wochenschiift" WC="0.65" CC="0253360455070"/>
						<SP ID="P1_SP00571" HPOS="2316" VPOS="2428" WIDTH="23"/>
						<String ID="P1_ST00694" HPOS="2339" VPOS="2398" WIDTH="56" HEIGHT="34" CONTENT="„de" WC="0.99" CC="001"/>
						<SP ID="P1_SP00572" HPOS="2395" VPOS="2432" WIDTH="23"/>
						<String ID="P1_ST00695" HPOS="2418" VPOS="2396" WIDTH="122" HEIGHT="35" CONTENT='Ploeg",' WC="0.79" CC="0601042"/>
						<SP ID="P1_SP00573" HPOS="2540" VPOS="2432" WIDTH="23"/>
						<String ID="P1_ST00696" HPOS="2563" VPOS="2394" WIDTH="252" HEIGHT="33" CONTENT="herausgegeben" WC="0.99" CC="6050400000908"/>
						<SP ID="P1_SP00574" HPOS="2815" VPOS="2432" WIDTH="21"/>
						<String ID="P1_ST00697" HPOS="2836" VPOS="2401" WIDTH="63" HEIGHT="20" CONTENT="von" WC="0.97" CC="014"/>
						<SP ID="P1_SP00575" HPOS="2899" VPOS="2432" WIDTH="23"/>
						<String ID="P1_ST00698" HPOS="2922" VPOS="2392" WIDTH="38" HEIGHT="28" CONTENT="de" WC="0.90" CC="02"/>
					</TextLine>
					<TextLine ID="P1_TL00125" HPOS="2070" VPOS="2442" WIDTH="887" HEIGHT="39">
						<String ID="P1_ST00699" HPOS="2070" VPOS="2448" WIDTH="323" HEIGHT="33" CONTENT="Wereldbibliotheek," WC="0.79" CC="005000121302055403"/>
						<SP ID="P1_SP00576" HPOS="2393" VPOS="2481" WIDTH="29"/>
						<String ID="P1_ST00700" HPOS="2422" VPOS="2447" WIDTH="205" HEIGHT="29" CONTENT="Amsterdam." WC="1.00" CC="0000060004"/>
						<SP ID="P1_SP00577" HPOS="2627" VPOS="2481" WIDTH="78"/>
						<String ID="P1_ST00701" HPOS="2705" VPOS="2444" WIDTH="49" HEIGHT="29" CONTENT="Ich" WC="0.98" CC="130"/>
						<SP ID="P1_SP00578" HPOS="2754" VPOS="2481" WIDTH="30"/>
						<String ID="P1_ST00702" HPOS="2784" VPOS="2444" WIDTH="83" HEIGHT="32" CONTENT="höre," WC="1.00" CC="00400"/>
						<SP ID="P1_SP00579" HPOS="2867" VPOS="2481" WIDTH="32"/>
						<String ID="P1_ST00703" HPOS="2899" VPOS="2442" WIDTH="58" HEIGHT="29" CONTENT="daß" WC="0.97" CC="008"/>
					</TextLine>
					<TextLine ID="P1_TL00126" HPOS="2076" VPOS="2493" WIDTH="878" HEIGHT="38">
						<String ID="P1_ST00704" HPOS="2076" VPOS="2500" WIDTH="110" HEIGHT="29" CONTENT="Albert" WC="0.98" CC="036050"/>
						<SP ID="P1_SP00580" HPOS="2186" VPOS="2529" WIDTH="29"/>
						<String ID="P1_ST00705" HPOS="2215" VPOS="2499" WIDTH="150" HEIGHT="32" CONTENT="'Verwey," WC="0.88" CC="40400000"/>
						<SP ID="P1_SP00581" HPOS="2365" VPOS="2531" WIDTH="31"/>
						<String ID="P1_ST00706" HPOS="2396" VPOS="2500" WIDTH="82" HEIGHT="26" CONTENT="einer" WC="0.99" CC="00800"/>
						<SP ID="P1_SP00582" HPOS="2478" VPOS="2531" WIDTH="31"/>
						<String ID="P1_ST00707" HPOS="2509" VPOS="2497" WIDTH="54" HEIGHT="28" CONTENT="der" WC="0.98" CC="013"/>
						<SP ID="P1_SP00583" HPOS="2563" VPOS="2531" WIDTH="30"/>
						<String ID="P1_ST00708" HPOS="2593" VPOS="2498" WIDTH="102" HEIGHT="26" CONTENT="ersten" WC="0.98" CC="240018"/>
						<SP ID="P1_SP00584" HPOS="2695" VPOS="2531" WIDTH="33"/>
						<String ID="P1_ST00709" HPOS="2728" VPOS="2493" WIDTH="226" HEIGHT="30" CONTENT="holländischen" WC="0.99" CC="0536080400068"/>
					</TextLine>
					<TextLine ID="P1_TL00127" HPOS="2068" VPOS="2543" WIDTH="892" HEIGHT="36">
						<String ID="P1_ST00710" HPOS="2068" VPOS="2551" WIDTH="137" HEIGHT="28" CONTENT="Autoren" WC="0.99" CC="0706007"/>
						<SP ID="P1_SP00585" HPOS="2205" VPOS="2579" WIDTH="22"/>
						<String ID="P1_ST00711" HPOS="2227" VPOS="2551" WIDTH="29" HEIGHT="27" CONTENT="in" WC="0.86" CC="02"/>
						<SP ID="P1_SP00586" HPOS="2256" VPOS="2579" WIDTH="23"/>
						<String ID="P1_ST00712" HPOS="2279" VPOS="2549" WIDTH="53" HEIGHT="28" CONTENT="der" WC="1.00" CC="000"/>
						<SP ID="P1_SP00587" HPOS="2332" VPOS="2579" WIDTH="23"/>
						<String ID="P1_ST00713" HPOS="2355" VPOS="2546" WIDTH="248" HEIGHT="31" CONTENT="Wochenschrift" WC="0.99" CC="0110570103350"/>
						<SP ID="P1_SP00588" HPOS="2603" VPOS="2579" WIDTH="23"/>
						<String ID="P1_ST00714" HPOS="2626" VPOS="2546" WIDTH="55" HEIGHT="33" CONTENT="„de" WC="0.99" CC="003"/>
						<SP ID="P1_SP00589" HPOS="2681" VPOS="2579" WIDTH="21"/>
						<String ID="P1_ST00715" HPOS="2702" VPOS="2543" WIDTH="187" HEIGHT="33" CONTENT='Beweging"' WC="0.66" CC="439001604"/>
						<SP ID="P1_SP00590" HPOS="2889" VPOS="2579" WIDTH="24"/>
						<String ID="P1_ST00716" HPOS="2913" VPOS="2544" WIDTH="47" HEIGHT="26" CONTENT="ein" WC="0.94" CC="438"/>
					</TextLine>
					<TextLine ID="P1_TL00128" HPOS="2070" VPOS="2593" WIDTH="890" HEIGHT="36">
						<String ID="P1_ST00717" HPOS="2070" VPOS="2601" WIDTH="129" HEIGHT="28" CONTENT="Gedicht" WC="0.99" CC="6100200"/>
						<SP ID="P1_SP00591" HPOS="2199" VPOS="2629" WIDTH="21"/>
						<String ID="P1_ST00718" HPOS="2220" VPOS="2600" WIDTH="74" HEIGHT="28" CONTENT="über" WC="0.99" CC="0501"/>
						<SP ID="P1_SP00592" HPOS="2294" VPOS="2629" WIDTH="22"/>
						<String ID="P1_ST00719" HPOS="2316" VPOS="2598" WIDTH="179" HEIGHT="31" CONTENT="Kandinsky" WC="0.83" CC="043006000"/>
						<SP ID="P1_SP00593" HPOS="2495" VPOS="2629" WIDTH="19"/>
						<String ID="P1_ST00720" HPOS="2514" VPOS="2595" WIDTH="255" HEIGHT="30" CONTENT="veröffentlichte." WC="1.00" CC="0000661702207243"/>
						<SP ID="P1_SP00594" HPOS="2769" VPOS="2629" WIDTH="20"/>
						<String ID="P1_ST00721" HPOS="2789" VPOS="2593" WIDTH="171" HEIGHT="32" CONTENT="Uebrigens" WC="0.73" CC="110330183"/>
					</TextLine>
					<TextLine ID="P1_TL00129" HPOS="2069" VPOS="2643" WIDTH="891" HEIGHT="38">
						<String ID="P1_ST00722" HPOS="2069" VPOS="2653" WIDTH="38" HEIGHT="26" CONTENT="ist" WC="0.98" CC="500"/>
						<SP ID="P1_SP00595" HPOS="2107" VPOS="2679" WIDTH="28"/>
						<String ID="P1_ST00723" HPOS="2135" VPOS="2650" WIDTH="180" HEIGHT="31" CONTENT="Kandinsky" WC="0.76" CC="076015000"/>
						<SP ID="P1_SP00596" HPOS="2315" VPOS="2681" WIDTH="28"/>
						<String ID="P1_ST00724" HPOS="2343" VPOS="2648" WIDTH="77" HEIGHT="29" CONTENT="auch" WC="0.98" CC="0630"/>
						<SP ID="P1_SP00597" HPOS="2420" VPOS="2681" WIDTH="28"/>
						<String ID="P1_ST00725" HPOS="2448" VPOS="2648" WIDTH="64" HEIGHT="28" CONTENT="hier" WC="1.00" CC="0001"/>
						<SP ID="P1_SP00598" HPOS="2512" VPOS="2681" WIDTH="28"/>
						<String ID="P1_ST00726" HPOS="2540" VPOS="2646" WIDTH="61" HEIGHT="30" CONTENT="viel" WC="0.99" CC="0005"/>
						<SP ID="P1_SP00599" HPOS="2601" VPOS="2681" WIDTH="28"/>
						<String ID="P1_ST00727" HPOS="2629" VPOS="2646" WIDTH="94" HEIGHT="28" CONTENT="durch" WC="0.98" CC="06105"/>
						<SP ID="P1_SP00600" HPOS="2723" VPOS="2681" WIDTH="30"/>
						<String ID="P1_ST00728" HPOS="2753" VPOS="2645" WIDTH="47" HEIGHT="27" CONTENT="die" WC="0.99" CC="002"/>
						<SP ID="P1_SP00601" HPOS="2800" VPOS="2681" WIDTH="28"/>
						<String ID="P1_ST00729" HPOS="2828" VPOS="2643" WIDTH="132" HEIGHT="31" CONTENT="Kritiker" WC="0.98" CC="07405466"/>
					</TextLine>
					<TextLine ID="P1_TL00130" HPOS="2067" VPOS="2694" WIDTH="774" HEIGHT="38">
						<String ID="P1_ST00730" HPOS="2067" VPOS="2700" WIDTH="184" HEIGHT="32" CONTENT="beschimpft" WC="0.99" CC="4000060800"/>
						<SP ID="P1_SP00602" HPOS="2251" VPOS="2732" WIDTH="23"/>
						<String ID="P1_ST00731" HPOS="2274" VPOS="2699" WIDTH="137" HEIGHT="29" CONTENT="worden." WC="0.99" CC="0400084"/>
						<SP ID="P1_SP00603" HPOS="2411" VPOS="2732" WIDTH="41"/>
						<String ID="P1_ST00732" HPOS="2452" VPOS="2698" WIDTH="80" HEIGHT="28" CONTENT="Aber" WC="0.98" CC="0504"/>
						<SP ID="P1_SP00604" HPOS="2532" VPOS="2732" WIDTH="24"/>
						<String ID="P1_ST00733" HPOS="2556" VPOS="2705" WIDTH="67" HEIGHT="20" CONTENT="was" WC="1.00" CC="000"/>
						<SP ID="P1_SP00605" HPOS="2623" VPOS="2732" WIDTH="25"/>
						<String ID="P1_ST00734" HPOS="2648" VPOS="2695" WIDTH="101" HEIGHT="28" CONTENT="macht" WC="1.00" CC="00200"/>
						<SP ID="P1_SP00606" HPOS="2749" VPOS="2732" WIDTH="25"/>
						<String ID="P1_ST00735" HPOS="2774" VPOS="2694" WIDTH="67" HEIGHT="28" CONTENT="das!" WC="1.00" CC="0000"/>
					</TextLine>
					<TextLine ID="P1_TL00131" HPOS="2650" VPOS="2742" WIDTH="300" HEIGHT="33">
						<String ID="P1_ST00736" HPOS="2650" VPOS="2742" WIDTH="300" HEIGHT="33" CONTENT="Hochachtungsvoll" WC="1.00" CC="7220500065000446"/>
					</TextLine>
				</TextBlock>
				<TextBlock ID="P1_TB00035" HPOS="2642" VPOS="2789" WIDTH="318" HEIGHT="35" STYLEREFS="TXT_0 PAR_RIGHT">
					<TextLine ID="P1_TL00132" HPOS="2644" VPOS="2791" WIDTH="316" HEIGHT="33">
						<String ID="P1_ST00737" HPOS="2644" VPOS="2796" WIDTH="48" HEIGHT="28" CONTENT="W." WC="0.78" CC="04"/>
						<SP ID="P1_SP00607" HPOS="2692" VPOS="2824" WIDTH="36"/>
						<String ID="P1_ST00738" HPOS="2728" VPOS="2791" WIDTH="232" HEIGHT="32" CONTENT="Steenhoff" WC="0.79" CC="000020069"/>
					</TextLine>
				</TextBlock>
				<TextBlock ID="P1_TB00036" HPOS="2049" VPOS="2899" WIDTH="231" HEIGHT="35" STYLEREFS="TXT_0 PAR_RIGHT">
					<TextLine ID="P1_TL00133" HPOS="2067" VPOS="2901" WIDTH="211" HEIGHT="31">
						<String ID="P1_ST00739" HPOS="2067" VPOS="2901" WIDTH="211" HEIGHT="31" CONTENT="Swarzensky" WC="0.96" CC="4007277070"/>
					</TextLine>
				</TextBlock>
				<TextBlock ID="P1_TB00037" HPOS="2052" VPOS="2959" WIDTH="908" HEIGHT="1042" STYLEREFS="TXT_0 PAR_LEFT">
					<TextLine ID="P1_TL00134" HPOS="2070" VPOS="2967" WIDTH="848" HEIGHT="36">
						<String ID="P1_ST00740" HPOS="2070" VPOS="2975" WIDTH="62" HEIGHT="28" CONTENT="Der" WC="0.98" CC="004"/>
						<SP ID="P1_SP00608" HPOS="2132" VPOS="3003" WIDTH="31"/>
						<String ID="P1_ST00741" HPOS="2163" VPOS="2974" WIDTH="143" HEIGHT="28" CONTENT="Direktor" WC="0.99" CC="26203000"/>
						<SP ID="P1_SP00609" HPOS="2306" VPOS="3003" WIDTH="29"/>
						<String ID="P1_ST00742" HPOS="2335" VPOS="2973" WIDTH="54" HEIGHT="28" CONTENT="des" WC="1.00" CC="000"/>
						<SP ID="P1_SP00610" HPOS="2389" VPOS="3003" WIDTH="32"/>
						<String ID="P1_ST00743" HPOS="2421" VPOS="2970" WIDTH="201" HEIGHT="31" CONTENT="Städelschen" WC="0.84" CC="02000300307"/>
						<SP ID="P1_SP00611" HPOS="2622" VPOS="3003" WIDTH="30"/>
						<String ID="P1_ST00744" HPOS="2652" VPOS="2967" WIDTH="266" HEIGHT="33" CONTENT="Kunst-Institutes" WC="0.99" CC="1820141651703500"/>
					</TextLine>
					<TextLine ID="P1_TL00135" HPOS="2068" VPOS="3022" WIDTH="335" HEIGHT="31">
						<String ID="P1_ST00745" HPOS="2068" VPOS="3024" WIDTH="164" HEIGHT="29" CONTENT="Frankfurt" WC="0.99" CC="710806503"/>
						<SP ID="P1_SP00612" HPOS="2232" VPOS="3053" WIDTH="20"/>
						<String ID="P1_ST00746" HPOS="2252" VPOS="3032" WIDTH="48" HEIGHT="20" CONTENT="am" WC="0.74" CC="50"/>
						<SP ID="P1_SP00613" HPOS="2300" VPOS="3053" WIDTH="19"/>
						<String ID="P1_ST00747" HPOS="2319" VPOS="3022" WIDTH="84" HEIGHT="29" CONTENT="Main" WC="0.97" CC="1434"/>
					</TextLine>
					<TextLine ID="P1_TL00136" HPOS="2069" VPOS="3073" WIDTH="344" HEIGHT="33">
						<String ID="P1_ST00748" HPOS="2069" VPOS="3075" WIDTH="78" HEIGHT="29" CONTENT="Sehr" WC="0.99" CC="3003"/>
						<SP ID="P1_SP00614" HPOS="2147" VPOS="3104" WIDTH="23"/>
						<String ID="P1_ST00749" HPOS="2170" VPOS="3074" WIDTH="143" HEIGHT="32" CONTENT="geehrter" WC="0.99" CC="60040000"/>
						<SP ID="P1_SP00615" HPOS="2313" VPOS="3106" WIDTH="22"/>
						<String ID="P1_ST00750" HPOS="2335" VPOS="3073" WIDTH="78" HEIGHT="27" CONTENT="Herr" WC="0.98" CC="7002"/>
					</TextLine>
					<TextLine ID="P1_TL00137" HPOS="2126" VPOS="3116" WIDTH="834" HEIGHT="37">
						<String ID="P1_ST00751" HPOS="2126" VPOS="3125" WIDTH="64" HEIGHT="27" CONTENT="Wir" WC="0.95" CC="074"/>
						<SP ID="P1_SP00616" HPOS="2190" VPOS="3152" WIDTH="23"/>
						<String ID="P1_ST00752" HPOS="2213" VPOS="3123" WIDTH="89" HEIGHT="29" CONTENT="leben" WC="0.99" CC="10403"/>
						<SP ID="P1_SP00617" HPOS="2302" VPOS="3152" WIDTH="24"/>
						<String ID="P1_ST00753" HPOS="2326" VPOS="3124" WIDTH="28" HEIGHT="26" CONTENT="in" WC="0.64" CC="43"/>
						<SP ID="P1_SP00618" HPOS="2354" VPOS="3152" WIDTH="25"/>
						<String ID="P1_ST00754" HPOS="2379" VPOS="3123" WIDTH="81" HEIGHT="27" CONTENT="einer" WC="0.99" CC="24200"/>
						<SP ID="P1_SP00619" HPOS="2460" VPOS="3152" WIDTH="27"/>
						<String ID="P1_ST00755" HPOS="2487" VPOS="3121" WIDTH="71" HEIGHT="32" CONTENT="Zeit," WC="0.99" CC="04300"/>
						<SP ID="P1_SP00620" HPOS="2558" VPOS="3153" WIDTH="25"/>
						<String ID="P1_ST00756" HPOS="2583" VPOS="3127" WIDTH="50" HEIGHT="20" CONTENT="wo" WC="0.56" CC="62"/>
						<SP ID="P1_SP00621" HPOS="2633" VPOS="3153" WIDTH="24"/>
						<String ID="P1_ST00757" HPOS="2657" VPOS="3118" WIDTH="82" HEIGHT="31" CONTENT="jeder" WC="0.97" CC="63630"/>
						<SP ID="P1_SP00622" HPOS="2739" VPOS="3153" WIDTH="26"/>
						<String ID="P1_ST00758" HPOS="2765" VPOS="3116" WIDTH="74" HEIGHT="28" CONTENT="alles" WC="0.98" CC="04430"/>
						<SP ID="P1_SP00623" HPOS="2839" VPOS="3153" WIDTH="25"/>
						<String ID="P1_ST00759" HPOS="2864" VPOS="3121" WIDTH="96" HEIGHT="26" CONTENT="sagen" WC="0.98" CC="02708"/>
					</TextLine>
					<TextLine ID="P1_TL00138" HPOS="2069" VPOS="3165" WIDTH="889" HEIGHT="42">
						<String ID="P1_ST00760" HPOS="2069" VPOS="3176" WIDTH="94" HEIGHT="31" CONTENT="kann;" WC="0.97" CC="06663"/>
						<SP ID="P1_SP00624" HPOS="2163" VPOS="3207" WIDTH="24"/>
						<String ID="P1_ST00761" HPOS="2187" VPOS="3182" WIDTH="34" HEIGHT="21" CONTENT="so" WC="0.73" CC="05"/>
						<SP ID="P1_SP00625" HPOS="2221" VPOS="3207" WIDTH="20"/>
						<String ID="P1_ST00762" HPOS="2241" VPOS="3175" WIDTH="37" HEIGHT="27" CONTENT="ist" WC="1.00" CC="000"/>
						<SP ID="P1_SP00626" HPOS="2278" VPOS="3207" WIDTH="22"/>
						<String ID="P1_ST00763" HPOS="2300" VPOS="3173" WIDTH="64" HEIGHT="28" CONTENT="also" WC="0.99" CC="0400"/>
						<SP ID="P1_SP00627" HPOS="2364" VPOS="3207" WIDTH="22"/>
						<String ID="P1_ST00764" HPOS="2386" VPOS="3180" WIDTH="78" HEIGHT="23" CONTENT="ganz" WC="0.96" CC="9070"/>
						<SP ID="P1_SP00628" HPOS="2464" VPOS="3207" WIDTH="21"/>
						<String ID="P1_ST00765" HPOS="2485" VPOS="3167" WIDTH="311" HEIGHT="33" CONTENT="selbstverständlich," WC="1.00" CC="0035003240006033473"/>
						<SP ID="P1_SP00629" HPOS="2796" VPOS="3207" WIDTH="23"/>
						<String ID="P1_ST00766" HPOS="2819" VPOS="3165" WIDTH="58" HEIGHT="29" CONTENT="daß" WC="1.00" CC="000"/>
						<SP ID="P1_SP00630" HPOS="2877" VPOS="3207" WIDTH="22"/>
						<String ID="P1_ST00767" HPOS="2899" VPOS="3165" WIDTH="40" HEIGHT="28" CONTENT="An" SUBS_TYPE="HypPart1" SUBS_CONTENT="Ansichten" WC="0.97" CC="06"/>
						<HYP HPOS="2939" VPOS="3165" WIDTH="19" CONTENT="-"/>
					</TextLine>
					<TextLine ID="P1_TL00139" HPOS="2070" VPOS="3216" WIDTH="890" HEIGHT="39">
						<String ID="P1_ST00768" HPOS="2070" VPOS="3225" WIDTH="117" HEIGHT="29" CONTENT="sichten" SUBS_TYPE="HypPart2" SUBS_CONTENT="Ansichten" WC="1.00" CC="0000008"/>
						<SP ID="P1_SP00631" HPOS="2187" VPOS="3254" WIDTH="37"/>
						<String ID="P1_ST00769" HPOS="2224" VPOS="3224" WIDTH="82" HEIGHT="31" CONTENT="jeder" WC="0.98" CC="70003"/>
						<SP ID="P1_SP00632" HPOS="2306" VPOS="3255" WIDTH="36"/>
						<String ID="P1_ST00770" HPOS="2342" VPOS="3222" WIDTH="54" HEIGHT="28" CONTENT="Art" WC="0.99" CC="300"/>
						<SP ID="P1_SP00633" HPOS="2396" VPOS="3255" WIDTH="37"/>
						<String ID="P1_ST00771" HPOS="2433" VPOS="3219" WIDTH="149" HEIGHT="34" CONTENT="gedruckt" WC="1.00" CC="00007020"/>
						<SP ID="P1_SP00634" HPOS="2582" VPOS="3255" WIDTH="36"/>
						<String ID="P1_ST00772" HPOS="2618" VPOS="3217" WIDTH="128" HEIGHT="29" CONTENT="werden" WC="0.98" CC="910007"/>
						<SP ID="P1_SP00635" HPOS="2746" VPOS="3255" WIDTH="37"/>
						<String ID="P1_ST00773" HPOS="2783" VPOS="3216" WIDTH="59" HEIGHT="28" CONTENT="und" WC="0.99" CC="210"/>
						<SP ID="P1_SP00636" HPOS="2842" VPOS="3255" WIDTH="39"/>
						<String ID="P1_ST00774" HPOS="2881" VPOS="3222" WIDTH="79" HEIGHT="25" CONTENT="ganz" WC="0.97" CC="0075"/>
					</TextLine>
					<TextLine ID="P1_TL00140" HPOS="2070" VPOS="3266" WIDTH="881" HEIGHT="41">
						<String ID="P1_ST00775" HPOS="2070" VPOS="3274" WIDTH="164" HEIGHT="33" CONTENT="zwecklos," WC="1.00" CC="000305500"/>
						<SP ID="P1_SP00637" HPOS="2234" VPOS="3307" WIDTH="25"/>
						<String ID="P1_ST00776" HPOS="2259" VPOS="3274" WIDTH="139" HEIGHT="30" CONTENT="dagegen" WC="0.98" CC="0606907"/>
						<SP ID="P1_SP00638" HPOS="2398" VPOS="3307" WIDTH="24"/>
						<String ID="P1_ST00777" HPOS="2422" VPOS="3272" WIDTH="53" HEIGHT="27" CONTENT="mit" WC="0.95" CC="860"/>
						<SP ID="P1_SP00639" HPOS="2475" VPOS="3307" WIDTH="24"/>
						<String ID="P1_ST00778" HPOS="2499" VPOS="3269" WIDTH="69" HEIGHT="28" CONTENT="dem" WC="0.98" CC="060"/>
						<SP ID="P1_SP00640" HPOS="2568" VPOS="3307" WIDTH="25"/>
						<String ID="P1_ST00779" HPOS="2593" VPOS="3268" WIDTH="137" HEIGHT="33" CONTENT="gleichen" WC="0.98" CC="06672537"/>
						<SP ID="P1_SP00641" HPOS="2730" VPOS="3307" WIDTH="26"/>
						<String ID="P1_ST00780" HPOS="2756" VPOS="3266" WIDTH="95" HEIGHT="28" CONTENT="Mittel" WC="0.99" CC="610060"/>
						<SP ID="P1_SP00642" HPOS="2851" VPOS="3307" WIDTH="25"/>
						<String ID="P1_ST00781" HPOS="2876" VPOS="3266" WIDTH="75" HEIGHT="27" CONTENT="einei" WC="0.41" CC="44648"/>
					</TextLine>
					<TextLine ID="P1_TL00141" HPOS="2070" VPOS="3317" WIDTH="890" HEIGHT="36">
						<String ID="P1_ST00782" HPOS="2070" VPOS="3324" WIDTH="194" HEIGHT="29" CONTENT="öffentlichen" WC="0.99" CC="076010750008"/>
						<SP ID="P1_SP00643" HPOS="2264" VPOS="3353" WIDTH="28"/>
						<String ID="P1_ST00783" HPOS="2292" VPOS="3320" WIDTH="208" HEIGHT="30" CONTENT="literarischen" WC="1.00" CC="1000000400026"/>
						<SP ID="P1_SP00644" HPOS="2500" VPOS="3353" WIDTH="31"/>
						<String ID="P1_ST00784" HPOS="2531" VPOS="3317" WIDTH="265" HEIGHT="33" CONTENT="Qegenäußerung" WC="0.80" CC="0090504001050"/>
						<SP ID="P1_SP00645" HPOS="2796" VPOS="3353" WIDTH="27"/>
						<String ID="P1_ST00785" HPOS="2823" VPOS="3323" WIDTH="37" HEIGHT="20" CONTENT="zu" WC="0.69" CC="06"/>
						<SP ID="P1_SP00646" HPOS="2860" VPOS="3353" WIDTH="29"/>
						<String ID="P1_ST00786" HPOS="2889" VPOS="3321" WIDTH="54" HEIGHT="25" CONTENT="pro" SUBS_TYPE="HypPart1" SUBS_CONTENT="protestieren." WC="0.96" CC="390"/>
						<HYP HPOS="2943" VPOS="3321" WIDTH="17" CONTENT="-"/>
					</TextLine>
					<TextLine ID="P1_TL00142" HPOS="2069" VPOS="3376" WIDTH="155" HEIGHT="27">
						<String ID="P1_ST00787" HPOS="2069" VPOS="3376" WIDTH="155" HEIGHT="27" CONTENT="testieren." SUBS_TYPE="HypPart2" SUBS_CONTENT="protestieren." WC="0.99" CC="0000600074"/>
					</TextLine>
					<TextLine ID="P1_TL00143" HPOS="2126" VPOS="3414" WIDTH="833" HEIGHT="41">
						<String ID="P1_ST00788" HPOS="2126" VPOS="3422" WIDTH="173" HEIGHT="33" CONTENT="Empörend" WC="0.99" CC="50606250"/>
						<SP ID="P1_SP00647" HPOS="2299" VPOS="3455" WIDTH="16"/>
						<String ID="P1_ST00789" HPOS="2315" VPOS="3421" WIDTH="81" HEIGHT="28" CONTENT="finde" WC="0.98" CC="60700"/>
						<SP ID="P1_SP00648" HPOS="2396" VPOS="3455" WIDTH="17"/>
						<String ID="P1_ST00790" HPOS="2413" VPOS="3419" WIDTH="47" HEIGHT="29" CONTENT="ich" WC="1.00" CC="000"/>
						<SP ID="P1_SP00649" HPOS="2460" VPOS="3455" WIDTH="18"/>
						<String ID="P1_ST00791" HPOS="2478" VPOS="3428" WIDTH="65" HEIGHT="24" CONTENT="nur," WC="0.97" CC="7520"/>
						<SP ID="P1_SP00650" HPOS="2543" VPOS="3455" WIDTH="19"/>
						<String ID="P1_ST00792" HPOS="2562" VPOS="3418" WIDTH="57" HEIGHT="28" CONTENT="daß" WC="1.00" CC="000"/>
						<SP ID="P1_SP00651" HPOS="2619" VPOS="3455" WIDTH="20"/>
						<String ID="P1_ST00793" HPOS="2639" VPOS="3426" WIDTH="32" HEIGHT="20" CONTENT="es" WC="0.79" CC="40"/>
						<SP ID="P1_SP00652" HPOS="2671" VPOS="3455" WIDTH="18"/>
						<String ID="P1_ST00794" HPOS="2689" VPOS="3415" WIDTH="130" HEIGHT="32" CONTENT="möglich" WC="0.99" CC="0203060"/>
						<SP ID="P1_SP00653" HPOS="2819" VPOS="3455" WIDTH="19"/>
						<String ID="P1_ST00795" HPOS="2838" VPOS="3415" WIDTH="47" HEIGHT="32" CONTENT="ist," WC="0.99" CC="4000"/>
						<SP ID="P1_SP00654" HPOS="2885" VPOS="3455" WIDTH="19"/>
						<String ID="P1_ST00796" HPOS="2904" VPOS="3414" WIDTH="55" HEIGHT="26" CONTENT="das" WC="0.97" CC="900"/>
					</TextLine>
					<TextLine ID="P1_TL00144" HPOS="2069" VPOS="3464" WIDTH="889" HEIGHT="43">
						<String ID="P1_ST00797" HPOS="2069" VPOS="3474" WIDTH="130" HEIGHT="33" CONTENT="jemand," WC="0.98" CC="0086501"/>
						<SP ID="P1_SP00655" HPOS="2199" VPOS="3507" WIDTH="36"/>
						<String ID="P1_ST00798" HPOS="2235" VPOS="3473" WIDTH="53" HEIGHT="28" CONTENT="der" WC="1.00" CC="000"/>
						<SP ID="P1_SP00656" HPOS="2288" VPOS="3507" WIDTH="35"/>
						<String ID="P1_ST00799" HPOS="2323" VPOS="3469" WIDTH="208" HEIGHT="32" CONTENT="berufsmäßig" WC="1.00" CC="00155000010"/>
						<SP ID="P1_SP00657" HPOS="2531" VPOS="3507" WIDTH="34"/>
						<String ID="P1_ST00800" HPOS="2565" VPOS="3469" WIDTH="29" HEIGHT="27" CONTENT="in" WC="0.66" CC="06"/>
						<SP ID="P1_SP00658" HPOS="2594" VPOS="3507" WIDTH="35"/>
						<String ID="P1_ST00801" HPOS="2629" VPOS="3468" WIDTH="81" HEIGHT="27" CONTENT="einer" WC="0.99" CC="00700"/>
						<SP ID="P1_SP00659" HPOS="2710" VPOS="3507" WIDTH="35"/>
						<String ID="P1_ST00802" HPOS="2745" VPOS="3464" WIDTH="213" HEIGHT="32" CONTENT="angesehenen" WC="1.00" CC="03000500004"/>
					</TextLine>
					<TextLine ID="P1_TL00145" HPOS="2070" VPOS="3513" WIDTH="888" HEIGHT="42">
						<String ID="P1_ST00803" HPOS="2070" VPOS="3524" WIDTH="127" HEIGHT="31" CONTENT="Zeitung" WC="0.99" CC="0000570"/>
						<SP ID="P1_SP00660" HPOS="2197" VPOS="3555" WIDTH="20"/>
						<String ID="P1_ST00804" HPOS="2217" VPOS="3522" WIDTH="135" HEIGHT="31" CONTENT="Kritiken" WC="0.99" CC="34400007"/>
						<SP ID="P1_SP00661" HPOS="2352" VPOS="3555" WIDTH="23"/>
						<String ID="P1_ST00805" HPOS="2375" VPOS="3519" WIDTH="143" HEIGHT="32" CONTENT="schreibt," WC="1.00" CC="000200000"/>
						<SP ID="P1_SP00662" HPOS="2518" VPOS="3555" WIDTH="24"/>
						<String ID="P1_ST00806" HPOS="2542" VPOS="3519" WIDTH="65" HEIGHT="27" CONTENT="eine" WC="0.98" CC="0520"/>
						<SP ID="P1_SP00663" HPOS="2607" VPOS="3555" WIDTH="23"/>
						<String ID="P1_ST00807" HPOS="2630" VPOS="3516" WIDTH="152" HEIGHT="30" CONTENT="derartige" WC="0.99" CC="001000690"/>
						<SP ID="P1_SP00664" HPOS="2782" VPOS="3555" WIDTH="24"/>
						<String ID="P1_ST00808" HPOS="2806" VPOS="3513" WIDTH="133" HEIGHT="32" CONTENT="Expekto" SUBS_TYPE="HypPart1" SUBS_CONTENT="Expektoration" WC="0.75" CC="6006303"/>
						<HYP HPOS="2939" VPOS="3513" WIDTH="19" CONTENT="-"/>
					</TextLine>
					<TextLine ID="P1_TL00146" HPOS="2071" VPOS="3562" WIDTH="887" HEIGHT="40">
						<String ID="P1_ST00809" HPOS="2071" VPOS="3575" WIDTH="98" HEIGHT="27" CONTENT="ration" SUBS_TYPE="HypPart2" SUBS_CONTENT="Expektoration" WC="0.75" CC="500206"/>
						<SP ID="P1_SP00665" HPOS="2169" VPOS="3602" WIDTH="22"/>
						<String ID="P1_ST00810" HPOS="2191" VPOS="3573" WIDTH="44" HEIGHT="27" CONTENT="als" WC="0.98" CC="060"/>
						<SP ID="P1_SP00666" HPOS="2235" VPOS="3602" WIDTH="23"/>
						<String ID="P1_ST00811" HPOS="2258" VPOS="3570" WIDTH="94" HEIGHT="32" CONTENT="Kritik" WC="0.99" CC="041000"/>
						<SP ID="P1_SP00667" HPOS="2352" VPOS="3602" WIDTH="25"/>
						<String ID="P1_ST00812" HPOS="2377" VPOS="3568" WIDTH="185" HEIGHT="32" CONTENT="herausgibt," WC="0.99" CC="71024004403"/>
						<SP ID="P1_SP00668" HPOS="2562" VPOS="3602" WIDTH="22"/>
						<String ID="P1_ST00813" HPOS="2584" VPOS="3586" WIDTH="37" HEIGHT="3" CONTENT="—" WC="0.20" CC="8"/>
						<SP ID="P1_SP00669" HPOS="2621" VPOS="3602" WIDTH="22"/>
						<String ID="P1_ST00814" HPOS="2643" VPOS="3566" WIDTH="57" HEIGHT="29" CONTENT="daß" WC="0.90" CC="978"/>
						<SP ID="P1_SP00670" HPOS="2700" VPOS="3602" WIDTH="24"/>
						<String ID="P1_ST00815" HPOS="2724" VPOS="3573" WIDTH="32" HEIGHT="20" CONTENT="er" WC="0.79" CC="40"/>
						<SP ID="P1_SP00671" HPOS="2756" VPOS="3602" WIDTH="23"/>
						<String ID="P1_ST00816" HPOS="2779" VPOS="3564" WIDTH="47" HEIGHT="28" CONTENT="die" WC="0.99" CC="002"/>
						<SP ID="P1_SP00672" HPOS="2826" VPOS="3602" WIDTH="24"/>
						<String ID="P1_ST00817" HPOS="2850" VPOS="3562" WIDTH="108" HEIGHT="32" CONTENT="Sache," WC="0.98" CC="031904"/>
					</TextLine>
					<TextLine ID="P1_TL00147" HPOS="2071" VPOS="3614" WIDTH="888" HEIGHT="38">
						<String ID="P1_ST00818" HPOS="2071" VPOS="3624" WIDTH="48" HEIGHT="28" CONTENT="die" WC="0.92" CC="829"/>
						<SP ID="P1_SP00673" HPOS="2119" VPOS="3652" WIDTH="28"/>
						<String ID="P1_ST00819" HPOS="2147" VPOS="3632" WIDTH="32" HEIGHT="19" CONTENT="er" WC="1.00" CC="00"/>
						<SP ID="P1_SP00674" HPOS="2179" VPOS="3652" WIDTH="26"/>
						<String ID="P1_ST00820" HPOS="2205" VPOS="3620" WIDTH="166" HEIGHT="30" CONTENT="beurteilen" WC="0.99" CC="0262005206"/>
						<SP ID="P1_SP00675" HPOS="2371" VPOS="3652" WIDTH="29"/>
						<String ID="P1_ST00821" HPOS="2400" VPOS="3619" WIDTH="54" HEIGHT="29" CONTENT="soll" WC="0.96" CC="0555"/>
						<SP ID="P1_SP00676" HPOS="2454" VPOS="3652" WIDTH="26"/>
						<String ID="P1_ST00822" HPOS="2480" VPOS="3620" WIDTH="27" HEIGHT="26" CONTENT="in" WC="0.69" CC="41"/>
						<SP ID="P1_SP00677" HPOS="2507" VPOS="3652" WIDTH="30"/>
						<String ID="P1_ST00823" HPOS="2537" VPOS="3617" WIDTH="104" HEIGHT="29" CONTENT="Grund" WC="0.98" CC="20560"/>
						<SP ID="P1_SP00678" HPOS="2641" VPOS="3652" WIDTH="26"/>
						<String ID="P1_ST00824" HPOS="2667" VPOS="3615" WIDTH="60" HEIGHT="28" CONTENT="und" WC="0.95" CC="560"/>
						<SP ID="P1_SP00679" HPOS="2727" VPOS="3652" WIDTH="27"/>
						<String ID="P1_ST00825" HPOS="2754" VPOS="3614" WIDTH="106" HEIGHT="28" CONTENT="Boden" WC="0.98" CC="62030"/>
						<SP ID="P1_SP00680" HPOS="2860" VPOS="3652" WIDTH="27"/>
						<String ID="P1_ST00826" HPOS="2887" VPOS="3619" WIDTH="54" HEIGHT="20" CONTENT="ver" SUBS_TYPE="HypPart1" SUBS_CONTENT="verdonnert" WC="0.97" CC="640"/>
						<HYP HPOS="2941" VPOS="3619" WIDTH="18" CONTENT="-"/>
					</TextLine>
					<TextLine ID="P1_TL00148" HPOS="2071" VPOS="3661" WIDTH="886" HEIGHT="40">
						<String ID="P1_ST00827" HPOS="2071" VPOS="3673" WIDTH="129" HEIGHT="28" CONTENT="donnert" SUBS_TYPE="HypPart2" SUBS_CONTENT="verdonnert" WC="0.99" CC="0386000"/>
						<SP ID="P1_SP00681" HPOS="2200" VPOS="3701" WIDTH="30"/>
						<String ID="P1_ST00828" HPOS="2230" VPOS="3671" WIDTH="59" HEIGHT="28" CONTENT="und" WC="0.95" CC="480"/>
						<SP ID="P1_SP00682" HPOS="2289" VPOS="3701" WIDTH="29"/>
						<String ID="P1_ST00829" HPOS="2318" VPOS="3669" WIDTH="88" HEIGHT="28" CONTENT="dabei" WC="1.00" CC="00000"/>
						<SP ID="P1_SP00683" HPOS="2406" VPOS="3701" WIDTH="32"/>
						<String ID="P1_ST00830" HPOS="2438" VPOS="3669" WIDTH="159" HEIGHT="31" CONTENT="ungeniert" WC="0.99" CC="170372000"/>
						<SP ID="P1_SP00684" HPOS="2597" VPOS="3701" WIDTH="30"/>
						<String ID="P1_ST00831" HPOS="2627" VPOS="3664" WIDTH="177" HEIGHT="33" CONTENT="eingesteht," WC="1.00" CC="03300000000"/>
						<SP ID="P1_SP00685" HPOS="2804" VPOS="3701" WIDTH="32"/>
						<String ID="P1_ST00832" HPOS="2836" VPOS="3661" WIDTH="58" HEIGHT="29" CONTENT="daß" WC="0.99" CC="002"/>
						<SP ID="P1_SP00686" HPOS="2894" VPOS="3701" WIDTH="32"/>
						<String ID="P1_ST00833" HPOS="2926" VPOS="3669" WIDTH="31" HEIGHT="19" CONTENT="er" WC="0.84" CC="30"/>
					</TextLine>
					<TextLine ID="P1_TL00149" HPOS="2071" VPOS="3710" WIDTH="887" HEIGHT="43">
						<String ID="P1_ST00834" HPOS="2071" VPOS="3731" WIDTH="61" HEIGHT="20" CONTENT="von" WC="0.97" CC="006"/>
						<SP ID="P1_SP00687" HPOS="2132" VPOS="3751" WIDTH="27"/>
						<String ID="P1_ST00835" HPOS="2159" VPOS="3722" WIDTH="69" HEIGHT="28" CONTENT="dem" WC="1.00" CC="000"/>
						<SP ID="P1_SP00688" HPOS="2228" VPOS="3751" WIDTH="27"/>
						<String ID="P1_ST00836" HPOS="2255" VPOS="3719" WIDTH="155" HEIGHT="34" CONTENT="„Versuch" WC="0.99" CC="06040500"/>
						<SP ID="P1_SP00689" HPOS="2410" VPOS="3753" WIDTH="29"/>
						<String ID="P1_ST00837" HPOS="2439" VPOS="3720" WIDTH="81" HEIGHT="26" CONTENT="einer" WC="0.99" CC="03600"/>
						<SP ID="P1_SP00690" HPOS="2520" VPOS="3753" WIDTH="30"/>
						<String ID="P1_ST00838" HPOS="2550" VPOS="3714" WIDTH="187" HEIGHT="31" CONTENT="ernsthaften" WC="1.00" CC="00700002005"/>
						<SP ID="P1_SP00691" HPOS="2737" VPOS="3753" WIDTH="27"/>
						<String ID="P1_ST00839" HPOS="2764" VPOS="3712" WIDTH="112" HEIGHT="31" CONTENT='Kritik"' WC="0.99" CC="0060307"/>
						<SP ID="P1_SP00692" HPOS="2876" VPOS="3753" WIDTH="28"/>
						<String ID="P1_ST00840" HPOS="2904" VPOS="3710" WIDTH="36" HEIGHT="27" CONTENT="ab" SUBS_TYPE="HypPart1" SUBS_CONTENT="absieht," WC="0.95" CC="47"/>
						<HYP HPOS="2940" VPOS="3710" WIDTH="18" CONTENT="-"/>
					</TextLine>
					<TextLine ID="P1_TL00150" HPOS="2071" VPOS="3760" WIDTH="888" HEIGHT="45">
						<String ID="P1_ST00841" HPOS="2071" VPOS="3772" WIDTH="86" HEIGHT="33" CONTENT="sieht," SUBS_TYPE="HypPart2" SUBS_CONTENT="absieht," WC="0.99" CC="000600"/>
						<SP ID="P1_SP00693" HPOS="2157" VPOS="3805" WIDTH="22"/>
						<String ID="P1_ST00842" HPOS="2179" VPOS="3789" WIDTH="37" HEIGHT="4" CONTENT="—" WC="0.20" CC="8"/>
						<SP ID="P1_SP00694" HPOS="2216" VPOS="3805" WIDTH="21"/>
						<String ID="P1_ST00843" HPOS="2237" VPOS="3770" WIDTH="77" HEIGHT="28" CONTENT="ohne" WC="0.99" CC="2000"/>
						<SP ID="P1_SP00695" HPOS="2314" VPOS="3805" WIDTH="23"/>
						<String ID="P1_ST00844" HPOS="2337" VPOS="3770" WIDTH="84" HEIGHT="26" CONTENT="seine" WC="0.99" CC="00230"/>
						<SP ID="P1_SP00696" HPOS="2421" VPOS="3805" WIDTH="23"/>
						<String ID="P1_ST00845" HPOS="2444" VPOS="3767" WIDTH="124" HEIGHT="28" CONTENT="Ansicht" WC="1.00" CC="0005000"/>
						<SP ID="P1_SP00697" HPOS="2568" VPOS="3805" WIDTH="25"/>
						<String ID="P1_ST00846" HPOS="2593" VPOS="3765" WIDTH="44" HEIGHT="28" CONTENT="als" WC="0.98" CC="500"/>
						<SP ID="P1_SP00698" HPOS="2637" VPOS="3805" WIDTH="24"/>
						<String ID="P1_ST00847" HPOS="2661" VPOS="3765" WIDTH="65" HEIGHT="27" CONTENT="eine" WC="0.98" CC="0370"/>
						<SP ID="P1_SP00699" HPOS="2726" VPOS="3805" WIDTH="24"/>
						<String ID="P1_ST00848" HPOS="2750" VPOS="3763" WIDTH="64" HEIGHT="28" CONTENT="rein" WC="0.98" CC="3005"/>
						<SP ID="P1_SP00700" HPOS="2814" VPOS="3805" WIDTH="22"/>
						<String ID="P1_ST00849" HPOS="2836" VPOS="3760" WIDTH="106" HEIGHT="31" CONTENT="subjek" SUBS_TYPE="HypPart1" SUBS_CONTENT="subjektive" WC="0.98" CC="029370"/>
						<HYP HPOS="2942" VPOS="3760" WIDTH="17" CONTENT="-"/>
					</TextLine>
					<TextLine ID="P1_TL00151" HPOS="2070" VPOS="3809" WIDTH="887" HEIGHT="41">
						<String ID="P1_ST00850" HPOS="2070" VPOS="3824" WIDTH="62" HEIGHT="26" CONTENT="tive" SUBS_TYPE="HypPart2" SUBS_CONTENT="subjektive" WC="0.99" CC="0102"/>
						<SP ID="P1_SP00701" HPOS="2132" VPOS="3850" WIDTH="19"/>
						<String ID="P1_ST00851" HPOS="2151" VPOS="3820" WIDTH="182" HEIGHT="30" CONTENT="Aeußerung" WC="0.84" CC="004000540"/>
						<SP ID="P1_SP00702" HPOS="2333" VPOS="3850" WIDTH="17"/>
						<String ID="P1_ST00852" HPOS="2350" VPOS="3827" WIDTH="37" HEIGHT="19" CONTENT="zu" WC="0.65" CC="07"/>
						<SP ID="P1_SP00703" HPOS="2387" VPOS="3850" WIDTH="19"/>
						<String ID="P1_ST00853" HPOS="2406" VPOS="3816" WIDTH="283" HEIGHT="30" CONTENT="charakterisieren." WC="1.00" CC="07001000000300074"/>
						<SP ID="P1_SP00704" HPOS="2689" VPOS="3850" WIDTH="38"/>
						<String ID="P1_ST00854" HPOS="2727" VPOS="3812" WIDTH="48" HEIGHT="28" CONTENT="Ich" WC="0.99" CC="100"/>
						<SP ID="P1_SP00705" HPOS="2775" VPOS="3850" WIDTH="18"/>
						<String ID="P1_ST00855" HPOS="2793" VPOS="3812" WIDTH="97" HEIGHT="27" CONTENT="kenne" WC="0.99" CC="00060"/>
						<SP ID="P1_SP00706" HPOS="2890" VPOS="3850" WIDTH="19"/>
						<String ID="P1_ST00856" HPOS="2909" VPOS="3809" WIDTH="48" HEIGHT="27" CONTENT="die" WC="0.97" CC="800"/>
					</TextLine>
					<TextLine ID="P1_TL00152" HPOS="2070" VPOS="3859" WIDTH="887" HEIGHT="42">
						<String ID="P1_ST00857" HPOS="2070" VPOS="3869" WIDTH="241" HEIGHT="30" CONTENT="Persönlichkeit" WC="1.00" CC="02200306200030"/>
						<SP ID="P1_SP00707" HPOS="2311" VPOS="3899" WIDTH="17"/>
						<String ID="P1_ST00858" HPOS="2328" VPOS="3868" WIDTH="54" HEIGHT="28" CONTENT="des" WC="1.00" CC="000"/>
						<SP ID="P1_SP00708" HPOS="2382" VPOS="3899" WIDTH="19"/>
						<String ID="P1_ST00859" HPOS="2401" VPOS="3864" WIDTH="183" HEIGHT="37" CONTENT='„Kritikers"' WC="1.00" CC="00050300004"/>
						<SP ID="P1_SP00709" HPOS="2584" VPOS="3901" WIDTH="19"/>
						<String ID="P1_ST00860" HPOS="2603" VPOS="3864" WIDTH="90" HEIGHT="32" CONTENT="nicht," WC="0.98" CC="520903"/>
						<SP ID="P1_SP00710" HPOS="2693" VPOS="3901" WIDTH="18"/>
						<String ID="P1_ST00861" HPOS="2711" VPOS="3862" WIDTH="59" HEIGHT="28" CONTENT="und" WC="0.97" CC="420"/>
						<SP ID="P1_SP00711" HPOS="2770" VPOS="3901" WIDTH="20"/>
						<String ID="P1_ST00862" HPOS="2790" VPOS="3859" WIDTH="78" HEIGHT="29" CONTENT="weiß" WC="0.99" CC="0060"/>
						<SP ID="P1_SP00712" HPOS="2868" VPOS="3901" WIDTH="20"/>
						<String ID="P1_ST00863" HPOS="2888" VPOS="3859" WIDTH="52" HEIGHT="28" CONTENT="des" SUBS_TYPE="HypPart1" SUBS_CONTENT="deshalb" WC="0.98" CC="070"/>
						<HYP HPOS="2940" VPOS="3859" WIDTH="17" CONTENT="-"/>
					</TextLine>
					<TextLine ID="P1_TL00153" HPOS="2071" VPOS="3910" WIDTH="887" HEIGHT="42">
						<String ID="P1_ST00864" HPOS="2071" VPOS="3921" WIDTH="68" HEIGHT="28" CONTENT="halb" SUBS_TYPE="HypPart2" SUBS_CONTENT="deshalb" WC="1.00" CC="0000"/>
						<SP ID="P1_SP00713" HPOS="2139" VPOS="3949" WIDTH="22"/>
						<String ID="P1_ST00865" HPOS="2161" VPOS="3920" WIDTH="89" HEIGHT="32" CONTENT="nicht," WC="0.99" CC="641000"/>
						<SP ID="P1_SP00714" HPOS="2250" VPOS="3952" WIDTH="21"/>
						<String ID="P1_ST00866" HPOS="2271" VPOS="3918" WIDTH="38" HEIGHT="28" CONTENT="ob" WC="0.91" CC="10"/>
						<SP ID="P1_SP00715" HPOS="2309" VPOS="3952" WIDTH="21"/>
						<String ID="P1_ST00867" HPOS="2330" VPOS="3918" WIDTH="61" HEIGHT="27" CONTENT="und" WC="0.97" CC="530"/>
						<SP ID="P1_SP00716" HPOS="2391" VPOS="3952" WIDTH="20"/>
						<String ID="P1_ST00868" HPOS="2411" VPOS="3916" WIDTH="165" HEIGHT="28" CONTENT="inwieweit" WC="0.99" CC="440300030"/>
						<SP ID="P1_SP00717" HPOS="2576" VPOS="3952" WIDTH="22"/>
						<String ID="P1_ST00869" HPOS="2598" VPOS="3914" WIDTH="83" HEIGHT="27" CONTENT="diese" WC="1.00" CC="01000"/>
						<SP ID="P1_SP00718" HPOS="2681" VPOS="3952" WIDTH="21"/>
						<String ID="P1_ST00870" HPOS="2702" VPOS="3913" WIDTH="82" HEIGHT="27" CONTENT="seine" WC="0.99" CC="00140"/>
						<SP ID="P1_SP00719" HPOS="2784" VPOS="3952" WIDTH="21"/>
						<String ID="P1_ST00871" HPOS="2805" VPOS="3910" WIDTH="63" HEIGHT="27" CONTENT="rein" WC="0.98" CC="0046"/>
						<SP ID="P1_SP00720" HPOS="2868" VPOS="3952" WIDTH="20"/>
						<String ID="P1_ST00872" HPOS="2888" VPOS="3916" WIDTH="53" HEIGHT="23" CONTENT="per" SUBS_TYPE="HypPart1" SUBS_CONTENT="persönliche" WC="0.98" CC="060"/>
						<HYP HPOS="2941" VPOS="3916" WIDTH="17" CONTENT="-"/>
					</TextLine>
					<TextLine ID="P1_TL00154" HPOS="2070" VPOS="3958" WIDTH="888" HEIGHT="41">
						<String ID="P1_ST00873" HPOS="2070" VPOS="3970" WIDTH="134" HEIGHT="29" CONTENT="sönliche" SUBS_TYPE="HypPart2" SUBS_CONTENT="persönliche" WC="1.00" CC="00702000"/>
						<SP ID="P1_SP00721" HPOS="2204" VPOS="3999" WIDTH="19"/>
						<String ID="P1_ST00874" HPOS="2223" VPOS="3968" WIDTH="145" HEIGHT="30" CONTENT="Meinung" WC="0.99" CC="3002150"/>
						<SP ID="P1_SP00722" HPOS="2368" VPOS="3999" WIDTH="16"/>
						<String ID="P1_ST00875" HPOS="2384" VPOS="3967" WIDTH="44" HEIGHT="28" CONTENT="als" WC="0.99" CC="030"/>
						<SP ID="P1_SP00723" HPOS="2428" VPOS="3999" WIDTH="18"/>
						<String ID="P1_ST00876" HPOS="2446" VPOS="3965" WIDTH="103" HEIGHT="29" CONTENT="solche" WC="0.99" CC="002070"/>
						<SP ID="P1_SP00724" HPOS="2549" VPOS="3999" WIDTH="19"/>
						<String ID="P1_ST00877" HPOS="2568" VPOS="3963" WIDTH="66" HEIGHT="28" CONTENT="Ihre" WC="0.99" CC="4000"/>
						<SP ID="P1_SP00725" HPOS="2634" VPOS="3999" WIDTH="20"/>
						<String ID="P1_ST00878" HPOS="2654" VPOS="3962" WIDTH="185" HEIGHT="28" CONTENT="Entrüstung" WC="0.99" CC="9200002720"/>
						<SP ID="P1_SP00726" HPOS="2839" VPOS="3999" WIDTH="18"/>
						<String ID="P1_ST00879" HPOS="2857" VPOS="3958" WIDTH="85" HEIGHT="29" CONTENT="recht" SUBS_TYPE="HypPart1" SUBS_CONTENT="rechtfertigt." WC="0.98" CC="06096"/>
						<HYP HPOS="2942" VPOS="3958" WIDTH="16" CONTENT="-"/>
					</TextLine>
				</TextBlock>
			</PrintSpace>
		</Page>
	</Layout>
</alto>
