2748 4074
1862 248 310 51 TEK
2256 248 48 51 H
2391 248 51 51 N
2525 248 42 51 E

168 429 1158 73 CONCOURS

400 671 253 43 SOCIETE
688 672 112 42 DES
832 669 272 45 NATIONS

236 829 62 45 Le
327 847 223 26 concours
583 846 116 34 pour
728 829 40 42 le
797 828 134 42 choix
960 828 110 43 d'un
1100 830 154 50 projet
1284 843 56 25 en

167 908 87 27 vue
286 891 58 41 de
373 894 42 41 la
442 893 311 39 construction
785 890 109 43 d'un
924 888 147 43 Palais
1101 887 58 44 de
1189 887 41 42 la
1259 887 54 42 So-

163 957 117 39 ciété
313 954 82 42 des
425 953 205 50 Nations,
666 956 26 39 à
726 952 207 48 Genève,
968 953 109 41 s'est
1108 959 161 34 ouvert
1301 949 42 44 le

167 1014 61 42 25
263 1014 145 52 juillet
444 1012 138 43 1926.

238 1100 63 43 Le
322 1099 112 51 Jury
454 1098 336 47 international,
814 1099 223 50 composé
1062 1097 58 42 de
1144 1096 108 42 neuf
1274 1112 45 25 ar-

171 1160 215 43 chitectes
425 1162 193 50 réputés,
661 1162 73 48 qui
771 1170 69 32 est
874 1158 167 51 chargé
1080 1158 57 42 de
1172 1157 171 44 l'étude

170 1236 44 31 et
242 1222 59 41 du
325 1221 274 43 classement
626 1220 80 42 des
736 1224 188 48 projets,
952 1218 185 43 adresse
1162 1235 89 26 aux
1274 1230 45 30 ar-

169 1283 217 42 chitectes
419 1282 172 50 l'appel
623 1285 181 40 suivant
843 1298 10 25 :

244 1385 22 24 «
292 1368 75 45 Un
392 1367 138 51 appel
557 1367 82 42 des
661 1366 102 52 plus
786 1367 148 50 larges
960 1377 66 32 est
1049 1364 184 45 adressé
1256 1382 90 26 aux

171 1430 269 42 architectes
469 1428 96 44 afin
599 1445 86 34 que
715 1440 73 32 cet
816 1426 166 47 édifice
1010 1428 89 42 soit
1126 1443 94 26 non
1249 1444 72 25 seu-

169 1492 174 43 lement
367 1507 147 36 conçu
539 1506 115 25 avec
680 1491 41 42 le
744 1491 127 42 souci
899 1489 58 42 de
984 1504 199 35 grouper
1208 1487 137 42 d'une

166 1555 206 42 manière
406 1553 210 51 pratique
648 1563 45 31 et
726 1549 225 45 moderne
984 1560 103 31 tous
1118 1550 63 43 les
1214 1565 104 35 orga-

171 1619 170 39 nismes
385 1614 233 43 essentiels
661 1614 77 50 qui
779 1623 158 33 seront
980 1609 365 53 indispensables

166 1693 62 24 au
252 1675 401 43 fonctionnement
682 1673 57 44 de
763 1674 42 43 la
827 1672 180 44 Société
1033 1673 80 42 des
1138 1672 206 47 Nations,

172 1740 113 38 mais
321 1753 165 27 encore
520 1752 119 35 pour
675 1752 87 35 que
798 1746 119 33 cette
948 1734 279 51 conception
1260 1741 66 34 tra-

174 1797 126 45 duise
340 1798 43 43 la
425 1797 137 44 haute
605 1797 277 42 destination
926 1795 109 43 d'un
1074 1804 273 33 monument

165 1865 91 47 qui,
284 1879 83 34 par
390 1864 43 42 la
459 1864 161 49 pureté
649 1859 59 44 de
728 1877 84 26 son
836 1858 129 52 style,
989 1858 274 44 l'harmonie
1289 1856 59 43 de

172 1939 71 25 ses
275 1922 156 50 lignes,
467 1934 67 32 est
563 1919 169 52 appelé
766 1922 26 39 à
825 1919 274 50 symboliser
1131 1919 42 42 la
1205 1919 142 50 gloire

168 1984 234 50 pacifique
429 1981 66 43 du
525 1980 94 44 XX
621 1990 16 17 e
666 1981 148 42 siècle.

244 2085 21 25 »
308 2068 62 44 Le
405 2069 167 41 terrain
608 2084 74 24 sur
717 2066 149 50 lequel
903 2083 52 27 ce
987 2063 229 45 bâtiment
1253 2062 98 43 doit

171 2133 96 40 être
296 2129 139 43 édifié
465 2141 69 33 est
561 2127 415 52 magnifiquement
1002 2128 135 46 situé;
1167 2126 28 41 il
1223 2141 94 25 com-

165 2202 150 43 porte,
346 2209 105 26 vers
478 2192 44 44 la
551 2199 133 36 route
712 2191 59 44 de
800 2190 253 49 Lausanne,
1089 2205 90 28 une
1205 2190 147 52 partie

169 2255 280 43 culminante
495 2254 112 44 d'où
649 2254 28 43 il
722 2252 182 44 s'étend
945 2260 47 35 et
1035 2251 217 42 s'avance
1293 2266 60 28 en

170 2326 140 43 pente
341 2317 150 43 douce
527 2334 84 35 par
648 2316 82 43 des
764 2314 214 53 pelouses
1013 2322 45 35 et
1094 2312 82 45 des
1212 2312 141 43 allées

171 2380 273 52 ombragées
481 2379 213 52 jusqu'au
732 2378 122 42 bord
893 2380 152 40 même
1084 2376 63 43 du
1183 2375 84 43 lac.
1308 2374 46 43 A

165 2450 78 35 cet
279 2440 196 54 endroit,
509 2440 43 44 le
586 2443 169 40 terrain
787 2456 48 26 se
870 2439 268 52 développe
1173 2454 58 27 en
1263 2453 91 26 une

169 2504 225 53 longueur
419 2504 59 43 de
505 2507 118 39 rives
653 2503 58 42 de
739 2502 101 53 plus
865 2501 59 43 de
950 2500 97 43 400
1075 2503 170 41 mètres
1270 2514 85 36 par

169 2584 61 25 un
275 2566 181 45 chemin
505 2566 169 43 faisant
717 2566 146 51 partie
908 2563 59 44 de
1015 2562 45 44 la
1103 2561 247 54 propriété,

170 2628 186 45 chemin,
386 2632 77 49 qui
496 2635 111 45 peut
638 2630 95 40 être
770 2627 140 52 élaTgi
941 2634 46 34 et
1020 2628 76 50 qui
1129 2625 226 43 constitue

169 2708 90 26 une
288 2689 257 45 admirable
579 2689 289 54 promenade
901 2705 58 25 en
988 2687 218 49 bordure,
1243 2685 112 43 d'où

169 2754 44 43 la
249 2772 89 25 vue
377 2752 182 44 s'étend
595 2752 212 52 jusqu'au
843 2747 303 47 Mont-Blanc
1183 2765 75 27 sur
1293 2764 61 26 un

167 2815 304 45 merveilleux
496 2832 273 36 panorama.

237 2920 25 26 »
290 2901 129 44 C'est
444 2900 118 45 dans
581 2917 80 28 ces
683 2897 263 47 conditions
973 2898 59 43 de
1060 2895 229 55 grandeur
1312 2903 44 34 et

173 2963 60 45 de
264 2964 171 44 beauté
472 2962 109 54 qu'il
613 2961 135 54 s'agit
782 2959 214 45 d'établir
1032 2961 43 42 le
1107 2961 155 52 projet
1295 2956 61 46 du

172 3027 160 47 Palais,
373 3029 126 49 siège
529 3025 58 43 de
618 3025 44 44 la
692 3024 180 44 Société
899 3022 82 44 des
1014 3022 207 44 Nations.

244 3131 24 26 »
304 3112 106 45 Une
442 3129 183 28 somme
661 3111 58 44 de
763 3109 210 50 165,000
1009 3109 153 45 francs
1193 3110 163 42 suisses

174 3185 67 33 est
273 3178 115 40 mise
419 3179 28 39 à
476 3175 45 44 la
555 3174 275 52 disposition
863 3173 63 43 du
957 3171 125 53 Jury,
1117 3188 118 35 pour
1262 3172 94 39 être

172 3240 197 49 répartie
396 3246 129 36 entre
552 3237 65 43 les
642 3235 230 46 meilleurs
901 3235 179 54 projets
1106 3232 249 55 présentés.

244 3324 201 42 Premier
470 3326 112 49 prix,
614 3321 181 48 30,000
825 3321 52 43 fr.
893 3338 8 32 ;
928 3320 24 42 2
959 3328 15 17 e
1000 3322 103 51 prix
1131 3336 10 26 :
1175 3316 181 50 25,000

176 3387 151 42 francs
367 3394 45 33 et
452 3383 183 50 23,000
675 3383 172 50 francs;
887 3382 26 44 3
920 3390 15 18 e
976 3385 102 50 prix
1122 3399 11 25 :
1176 3378 180 51 20,000

1409 430 170 46 francs;
1615 430 26 40 4
1647 437 15 17 e
1695 438 45 32 et
1774 428 21 43 5
1804 436 15 16 e
1855 432 100 49 prix
1991 446 11 25 :
2042 429 173 47 15,000
2246 429 168 47 francs;
2451 429 27 42 6
2482 437 15 17 e
2529 438 45 34 et

1413 489 24 43 7
1442 497 16 18 e
1493 494 101 48 prix
1632 508 10 25 :
1681 488 161 51 5,000.

1480 574 178 46 25,000
1700 574 148 41 francs
1885 584 154 33 seront
2079 574 238 43 distribués
2357 592 57 25 en
2453 589 92 28 men-

1409 641 131 39 tions.

1474 739 23 26 »
1534 723 61 42 Le
1627 731 212 34 montant
1869 722 114 42 total
2016 722 79 43 des
2127 723 105 42 frais
2261 721 56 42 de
2350 730 201 34 construc-

1411 788 96 39 tion
1541 802 56 24 ne
1631 784 144 43 devra
1808 802 81 33 pas
1922 784 217 51 dépasser
2169 783 42 43 le
2246 784 161 43 chiffre
2439 786 112 39 maxi-

1411 863 126 26 mum
1570 845 58 44 de
1663 845 12 42 1
1693 844 262 53 3,000,000
1984 846 60 43 de
2071 846 149 42 francs
2248 849 174 38 suisses.

1479 949 23 25 »
1534 932 112 42 Afin
1674 930 58 45 de
1760 948 56 26 ne
1842 949 83 34 pas
1952 931 219 44 favoriser
2198 930 64 42 les
2292 939 290 34 concurrents

1413 993 82 44 des
1538 1010 115 36 pays
1694 993 281 52 rapprochés
2021 991 58 42 de
2123 991 205 52 Genève,
2375 992 64 41 les
2477 1009 79 34 pro-

1414 1073 228 34 grammes
1679 1063 155 34 seront
1869 1053 216 51 expédiés
2121 1054 57 42 de
2214 1056 201 40 manière
2453 1052 131 51 qu'ils

1413 1120 200 39 arrivent
1649 1116 117 43 dans
1798 1123 101 34 tous
1930 1115 66 44 les
2027 1132 114 35 pays
2174 1118 26 39 à
2230 1132 89 35 peu
2351 1117 104 50 près
2483 1117 26 39 à
2543 1113 41 42 la

1413 1182 152 39 même
1595 1178 108 43 date
1752 1177 217 53 quelques
1997 1181 125 47 jours
2151 1184 139 35 avant
2322 1176 41 43 le
2397 1175 54 43 25
2486 1175 79 52 juil-

1414 1242 60 41 let
1509 1242 10 40 1
1536 1238 112 48 926.

1484 1344 24 27 »
1547 1326 74 43 Un
1653 1325 280 52 exemplaire
1965 1325 61 42 du
2056 1340 293 36 programme
2380 1340 100 25 sera
2512 1340 49 25 ex-

1414 1388 137 52 pédié
1580 1389 302 43 directement
1910 1390 28 40 à
1969 1393 128 34 toute
2126 1402 228 35 personne
2384 1388 74 49 qui
2492 1384 97 43 fera

1416 1452 43 42 la
1512 1449 243 49 demande,
1808 1450 343 49 accompagnée
2201 1446 59 43 de
2308 1445 171 44 l'envoi
2530 1444 59 44 de

1419 1513 60 42 20
1510 1513 150 43 francs
1684 1515 163 39 suisses
1880 1510 133 52 (coût
2037 1510 60 42 du
2122 1525 292 36 programme
2439 1516 44 32 et
2510 1506 80 42 des

1417 1576 272 42 documents
1722 1572 248 51 annexes),
2004 1590 56 24 au
2089 1571 270 42 Secrétariat
2392 1567 197 44 Généra!

1418 1636 57 42 de
1505 1636 43 43 la
1578 1637 178 41 Société
1787 1634 82 43 des
1897 1633 207 52 Nations,
2136 1634 27 40 à
2189 1631 193 44 Genève
2416 1648 41 25 ».

1482 1722 190 43 D'autre
1707 1729 104 44 part
1848 1718 40 47 le
1924 1720 381 42 Gouvernement
2336 1717 137 51 belge
2504 1715 65 43 dis-

1417 1804 115 33 pose
1569 1785 58 43 de
1664 1783 219 52 quelques
1922 1781 301 51 exemplaires
2258 1779 62 44 du
2355 1794 206 37 program-

1419 1865 94 30 me;
1535 1843 48 46 Te
1613 1846 235 43 Ministère
1876 1844 81 43 des
1983 1842 211 44 Sciences
2223 1849 44 35 et
2294 1841 82 43 des
2404 1840 110 43 Arts
2535 1856 57 26 en

1420 1925 205 27 assurera
1664 1907 46 44 la
1752 1906 289 44 distribution
2088 1906 192 51 gratuite
2324 1920 87 25 aux
2453 1900 115 44 archi-

1420 1978 142 36 tectes
1600 1973 74 48 qui
1717 1967 299 54 prendraient
2053 1974 104 45 part
2197 1983 56 26 au
2288 1979 233 28 concours.

1484 2055 268 53 Rappelons
1779 2072 88 35 que
1894 2053 42 44 le
1962 2052 112 53 Jury
2099 2060 69 35 est
2196 2052 222 49 composé
2449 2048 58 44 de
2537 2051 58 41 sir

1420 2119 174 52 Joseph
1616 2118 171 43 Burnet
1815 2114 266 55 (Anglais),
2110 2112 315 52 MM.Berlage
2456 2110 111 52 (Hol-

1420 2179 224 52 landais),
1675 2179 165 43 Victor
1867 2178 152 43 Horta
2055 2175 212 53 (Belge),
2297 2173 189 45 Charles
2513 2172 54 43 Le-

1421 2246 279 48 maresquier
1731 2239 284 55 (Français),
2048 2237 110 45 Karl
2185 2237 157 45 Moser
2373 2235 219 52 (Suisse),

1423 2305 189 52 Muggia
1655 2301 231 55 (Italien),
1926 2301 38 53 J.
2002 2298 284 54 Tengchlem
2331 2296 264 54 (Suédois),

1425 2367 63 44 M.
1527 2366 211 45 Steinhof
1774 2364 232 52 remplace
2044 2363 63 43 M.
2147 2361 230 45 Hoffman
2422 2359 150 51 (Autri-

1425 2429 129 51 che),
1595 2439 44 33 et
1674 2428 64 44 M.
1776 2427 123 43 Gata
1935 2425 230 52 remplace
2197 2423 62 44 M.
2298 2420 299 53 Urdapelleta

1432 2491 287 54 (Espagne).

1489 2577 64 45 M.
1581 2576 164 44 Victor
1769 2575 152 46 Horta
1945 2592 58 26 en
2032 2592 28 26 a
2086 2575 73 42 été
2186 2572 71 43 élu
2284 2568 247 55 président.

1494 2796 196 45 GAND.
1884 2794 61 43 La
1979 2792 232 45 Chambre
2241 2790 244 52 Syndicale
2519 2788 82 44 des

1429 2861 109 42 Arts
1568 2858 257 44 industriels
1856 2857 58 44 de
1942 2855 139 43 Gand
2113 2870 140 27 ouvre
2280 2870 90 26 une
2400 2854 112 42 série
2544 2850 57 43 de

1430 2938 223 26 concours
1697 2921 239 41 consacrés
1980 2934 90 25 aux
2112 2916 108 44 Arts
2267 2913 247 45 décoratifs
2556 2921 45 35 et

1431 2983 269 44 industriels.
1743 2980 89 43 Ces
1869 2995 226 28 concours
2129 2989 106 33 sont
2272 2978 204 42 réservés
2514 2990 88 27 aux

1432 3056 92 32 arts
1557 3063 9 24 :
1599 3044 61 42 du
1686 3045 123 46 livre,
1838 3042 58 44 de
1921 3042 43 43 la
1987 3042 212 45 verrerie,
2229 3038 58 43 de
2311 3040 44 42 la
2381 3039 221 50 peinture,

1434 3107 57 45 de
1519 3107 42 42 la
1587 3105 239 54 sculpture,
1860 3103 57 44 de
1944 3102 297 47 l'orfèvrerie,
2274 3100 60 43 du
2362 3098 152 51 métal,
2547 3095 55 44 de

1432 3169 316 48 lébénisterie,
1788 3166 80 43 des
1899 3168 142 41 tissus.

1500 3254 268 44 Demander
1795 3253 63 45 les
1884 3250 263 45 conditions
2173 3268 57 25 au
2255 3251 259 42 secrétariat

1433 3318 42 42 la
1515 3315 233 44 Chambre
1785 3313 257 52 Syndicale,
2083 3312 372 43 Gouvernemer'

1432 3378 179 47 vincial,
1644 3380 26 39 à
1701 3376 155 46 Gand.

184 3565 519 56 SUPPLEMENT
756 3565 113 52 AU
924 3563 336 54 VOLUME
1315 3561 99 55 VI.
1466 3560 340 53 NUMERO
1858 3560 23 52 I
1932 3559 102 52 DE
2096 3578 32 32 «
