2748 4074
1877 307 310 54 TEK
2270 312 49 49 H
2403 314 53 49 N
2539 316 41 48 E

2558 3733 49 59 3

185 470 185 53 Namur,
406 474 26 38 à
465 472 41 41 la
539 471 189 44 hauteur
760 474 58 42 de
848 477 41 41 la
919 475 189 50 Banque
1141 475 185 43 d'Outre-

184 548 112 31 mer,
318 548 60 25 au
401 531 84 43 bas
510 533 57 42 de
591 535 42 42 la
656 534 107 42 ville
786 551 84 35 par
892 552 88 26 une
1008 536 184 48 courbe,
1218 541 112 38 assai-

186 595 171 42 nissant
389 593 60 42 du
480 596 151 42 même
662 611 119 36 coup
813 596 41 42 le
886 600 197 47 quartier
1112 597 59 44 de
1202 598 41 42 la
1275 616 77 25 rue

187 652 81 42 des
299 652 139 44 Petits
468 653 202 55 Carmes,
704 656 58 43 de
791 656 42 43 la
865 674 78 27 rue
972 657 80 44 des
1084 658 27 41 4
1143 657 86 45 Fils
1258 660 63 50 Ay-

186 731 110 26 mon
325 727 44 32 et
400 715 56 44 de
486 715 41 42 la
558 732 77 30 rue
663 716 351 55 Bodenbroeck,
1045 734 118 35 pour
1192 723 140 48 rejoin-

187 773 81 44 dre
290 776 42 41 la
355 792 77 27 rue
458 776 57 42 de
538 775 226 53 l'Hôpital
787 778 180 52 élargie.
995 779 189 47 Pareille
1208 784 146 41 artère

186 835 256 43 résoudrait
493 836 366 45 définitivement
912 842 40 42 le
1002 840 242 52 problème
1299 841 56 41 de

186 899 390 41 communication
602 898 168 45 directe
797 899 57 43 de
878 900 42 42 la
943 900 135 44 Porte
1099 901 61 42 de
1184 902 173 44 Namur

186 974 103 25 vers
318 958 42 42 la
391 958 185 42 Bourse.

255 1017 63 43 La
351 1018 42 44 S.
432 1019 48 45 B.
516 1019 55 45 U.
608 1020 56 43 A.
703 1020 63 43 M.
807 1022 232 44 demande
1072 1023 284 44 l'institution

189 1078 110 46 d'un
328 1096 224 26 concours
582 1080 175 46 d'idées
783 1099 117 35 pour
929 1083 42 42 la
1001 1087 112 40 mise
1139 1101 60 26 au
1228 1088 129 48 point

190 1139 60 46 du
283 1145 154 47 projet
472 1142 57 43 de
564 1152 118 32 cette
714 1146 147 42 artère
894 1156 45 32 et
971 1145 388 52 l'aménagement

190 1200 58 44 de
278 1218 70 27 ses
381 1202 189 56 abords,
604 1204 111 43 ainsi
748 1222 87 34 que
866 1222 117 34 pour
1014 1205 172 45 l'étude
1221 1207 136 43 d'une

185 1272 127 35 autre
342 1268 389 41 communication
757 1266 214 53 possible,
1005 1268 204 44 destinée
1239 1273 26 40 à
1294 1288 44 24 re-

190 1325 80 42 lier
307 1328 340 48 pratiquement
687 1327 42 42 la
768 1327 135 45 Porte
943 1329 58 45 de
1039 1329 174 43 Namur
1251 1333 28 39 à
1317 1330 42 42 la

190 1385 133 43 Place
355 1386 57 42 de
442 1386 42 42 la
514 1386 220 46 Monnaie
763 1399 44 32 et
835 1392 26 38 à
891 1390 42 42 la
967 1389 133 43 Place
1132 1391 58 42 de
1218 1391 112 42 Brou-

186 1446 149 45 ckère.

448 1583 201 44 PLACE
677 1585 90 43 DU
797 1585 210 44 TRONE
1033 1587 80 43 ET

221 1644 243 43 STATUE
501 1646 322 52 EQUESTRE
856 1648 82 43 DE
972 1648 287 45 LEOPOLD
1292 1651 37 43 II

258 1740 63 43 La
346 1741 44 44 S.
423 1741 48 46 B.
501 1741 54 45 U.
588 1743 57 44 A.
676 1742 63 43 M.
773 1743 232 46 demande
1032 1746 41 44 le
1098 1757 179 40 respect
1305 1746 57 42 de

190 1804 10 40 1
223 1806 210 48 intégrité
464 1804 58 45 de
550 1805 43 42 la
620 1805 133 51 place
779 1806 65 42 du
871 1804 154 47 Trône
1054 1807 106 44 telle
1187 1825 88 34 que
1304 1807 58 43 l'a

190 1867 130 41 créée
352 1864 41 43 le
426 1868 165 44 maître
621 1865 245 45 architecte
898 1867 144 43 Balat.
1077 1867 170 51 Quand
1280 1883 84 37 par

190 1926 222 50 accident,
453 1944 59 26 on
548 1926 174 48 détient
754 1945 63 28 un
848 1927 351 51 chef-d'œuvre,
1235 1931 28 43 il
1296 1940 68 33 est

189 1987 204 43 criminel
426 1987 81 51 d'y
534 1997 221 42 apporter
787 1988 81 44 des
896 1988 266 46 altérations
1193 2007 60 27 ou
1284 1991 80 43 des

190 2048 344 44 modifications
592 2049 58 44 de
706 2050 195 52 quelque
958 2061 161 33 nature
1176 2052 188 51 qu'elles

190 2112 160 42 soient.

257 2170 72 45 De
350 2171 248 51 n'importe
621 2174 148 49 quelle
791 2173 137 52 façon
950 2174 140 52 qu'on
1115 2174 244 53 l'imagine,

190 2233 27 42 il
254 2235 136 40 serait
422 2232 170 43 hideux
628 2234 57 44 de
719 2233 154 52 placer
908 2255 56 25 en
999 2251 73 31 cet
1105 2237 182 45 endroit
1321 2237 43 42 la

188 2305 147 31 statue
362 2298 207 47 équestre
595 2296 57 44 de
678 2295 212 52 Léopold
917 2296 48 49 11,
991 2297 285 44 nonobstant
1300 2297 64 44 les

189 2356 100 50 plus
318 2359 227 40 extrêmes
574 2359 203 40 réserves
801 2361 25 38 à
854 2357 221 44 formuler
1101 2368 141 43 quant
1267 2362 27 40 à
1322 2360 42 42 la

188 2417 159 42 valeur
377 2420 234 49 artistique
647 2419 59 42 du
739 2432 272 32 monument
1042 2438 56 25 en
1130 2420 235 44 lui-même

190 2493 45 31 et
268 2478 61 42 du
361 2482 230 42 caractère
623 2479 105 47 hors
762 2481 233 50 d'époque
1030 2482 57 43 de
1119 2500 52 24 ce
1203 2481 129 43 mode-

190 2541 114 49 lage.

758 2674 36 44 II

493 2770 202 45 PLACE
729 2771 332 44 POELAERT

258 2869 75 45 On
372 2870 216 44 voudrait
627 2869 194 44 démolir
858 2887 87 27 une
983 2887 106 26 arca
1095 2870 58 43 de
1190 2889 78 27 rue
1306 2870 59 42 de

189 2931 186 52 Namur,
414 2935 113 38 mais
562 2931 95 45 Ton
689 2943 110 33 veut
831 2951 56 25 en
920 2934 210 43 inventer
1163 2949 88 28 une
1287 2949 78 26 rue

191 2993 80 43 des
299 2993 28 43 4
358 2994 131 42 Bras!

258 3055 114 43 Sans
409 3066 149 32 entrer
595 3058 54 40 ici
689 3055 113 44 dans
839 3058 205 49 l'exposé
1082 3055 200 50 détaillé,
1321 3057 45 40 ni

190 3117 116 42 dans
336 3118 41 42 la
410 3117 249 44 discussion
690 3117 314 52 approfondie
1034 3118 57 43 de
1120 3128 150 35 toutes
1300 3119 65 43 les

189 3182 176 40 raisons
398 3182 74 49 qui
508 3178 318 46 condamnent
861 3196 51 26 ce
945 3182 169 49 projet,
1150 3191 215 32 retenons

187 3240 257 44 seulement
475 3259 8 24 :

253 3303 55 54 a)
338 3303 125 54 Qu'il
487 3313 70 34 est
575 3303 289 46 inconsidéré
889 3304 58 44 de
973 3304 182 44 vouloir
1176 3305 159 44 embou-

190 3364 144 44 teiller
366 3367 41 41 la
437 3366 264 44 circulation
730 3366 57 42 de
816 3365 211 45 l'avenue
1058 3365 163 44 Louise
1252 3365 114 43 dans

192 3427 114 42 dans
348 3444 88 27 une
478 3427 168 44 arcade
690 3427 56 45 de
790 3427 26 42 8
859 3429 168 42 mètres
1071 3426 293 44 d'ouverture

1426 498 103 26 sous
1557 484 191 49 laquelle
1778 483 235 47 devraient
2037 506 46 24 se
2108 490 166 40 croiser
2302 490 117 42 deux
2445 492 140 50 lignes

1430 542 56 42 de
1520 553 242 40 tramways
1795 557 43 31 et
1874 545 118 43 deux
2025 560 211 33 courants
2271 550 57 45 de
2359 551 228 43 véhicules

1429 602 161 54 divers,
1625 621 58 33 qu
1704 607 25 40 il
1764 608 134 41 serait
1926 606 209 56 absurde,
2169 619 267 49 autrement,
2470 612 92 43 d'as-

1428 664 197 43 treindre
1647 668 26 37 à
1696 683 58 25 un
1781 666 169 45 double
1972 668 183 43 crochet
2177 687 116 33 pour
2314 682 274 33 contourner

1427 724 427 45 l'arcade-obstacle
1866 731 8 37 !

1496 797 54 50 b)
1599 798 120 50 Qu'il
1754 811 64 31 est
1853 799 105 43 hors
1992 802 59 41 du
2082 812 147 42 temps
2264 804 158 43 d'aller
2455 806 108 43 exhu-

1430 875 95 23 mer
1567 858 78 43 des
1684 863 134 38 vieux
1855 864 182 48 papiers
2074 863 59 43 de
2172 863 76 43 feu
2285 865 208 45 Poelaert
2529 884 60 25 un

1430 923 151 46 projet
1631 924 72 45 qui
1753 938 54 24 ne
1856 925 201 46 pourrait
2105 928 160 47 jamais
2312 930 92 39 être
2453 927 137 52 qu'un

1430 990 261 31 contresens
1738 985 155 47 ajouté
1938 986 24 38 à
2008 995 102 31 tous
2151 1003 114 25 ceux
2315 988 112 44 dont
2470 989 96 41 four-

1430 1041 122 42 mille
1579 1042 40 42 le
1647 1040 144 46 Palais
1820 1043 55 42 de
1903 1044 177 49 Justice.

1498 1113 47 49 c)
1593 1113 155 51 Quant
1781 1121 26 38 à
1840 1117 41 41 la
1911 1118 229 46 servitude
2175 1119 170 43 d'unité
2378 1122 191 42 architec-

1432 1176 142 42 turale
1608 1192 74 24 sur
1717 1178 40 41 le
1793 1188 220 38 pourtour
2053 1178 55 43 de
2143 1178 41 43 la
2219 1180 129 52 place
2385 1181 208 44 Poelaert

1432 1246 43 31 et
1517 1235 63 42 les
1621 1247 173 32 retours
1837 1237 113 45 dans
1989 1240 63 42 les
2091 1256 100 26 rues
2228 1258 30 33 y
2297 1241 294 50 aboutissant,

1433 1296 181 43 louable
1651 1297 113 43 dans
1797 1316 83 26 son
1915 1303 214 47 principe,
2166 1303 27 42 il
2227 1314 66 32 est
2327 1303 268 43 intolérable

1433 1357 133 49 qu'en
1596 1358 121 49 plein
1745 1358 91 42 XX
1839 1367 15 17 e
1882 1360 146 47 siècle,
2064 1379 58 25 on
2151 1365 148 48 puisse
2329 1380 165 34 songer
2521 1382 50 24 en-

1432 1434 106 25 core
1583 1421 26 38 à
1654 1417 40 42 la
1738 1422 245 41 concevoir
2027 1439 57 25 en
2127 1439 60 25 un
2232 1427 204 40 mauvais
2482 1426 114 50 style

1434 1478 133 42 Louis
1596 1479 111 41 XIV
1738 1480 56 44 de
1823 1482 225 50 pacotille.
2082 1483 39 41 N
2143 1495 148 32 est-on
2321 1503 81 33 pas
2432 1503 164 25 encore

1430 1544 176 40 instruit
1637 1560 82 34 par
1751 1543 41 42 le
1828 1545 141 41 fiasco
1999 1548 287 40 retentissant
2318 1548 58 44 de
2408 1567 73 25 ces
2512 1553 64 39 soi-

1436 1601 148 45 disant
1618 1601 386 45 harmonisations
2041 1604 61 43 du
2136 1624 138 34 genre
2310 1607 57 47 de
2401 1609 123 49 celle,
2563 1611 34 40 si

1435 1661 211 49 absurde,
1680 1681 86 33 que
1796 1663 93 45 l'on
1921 1684 26 23 a
1976 1670 213 41 amorcée
2218 1678 125 34 entre
2373 1670 40 43 le
2445 1669 155 43 Parvis

1437 1722 56 44 de
1521 1724 41 41 la
1590 1724 249 51 Collégiale
1867 1739 44 31 et
1939 1726 371 45 Sainte-Gudule.

1504 1795 62 43 La
1609 1797 40 42 S.
1697 1797 46 45 B.
1788 1798 53 44 U.
1888 1799 57 43 A.
1993 1799 62 45 M.
2102 1800 231 46 demande
2376 1819 88 33 que
2505 1804 92 42 lon

1435 1868 139 33 mette
1601 1876 59 25 un
1686 1870 143 33 terme
1856 1863 26 38 à
1908 1878 73 29 ces
2006 1861 283 45 aberrations
2319 1864 60 42 du
2406 1880 101 27 sens
2534 1882 43 25 es-

1436 1917 202 52 thétique
1673 1931 44 32 et
1750 1920 57 44 de
1839 1922 163 50 simple
2034 1939 102 26 sens
2168 1940 229 37 commun,
2436 1938 45 31 et
2514 1943 86 33 que

1437 1980 94 43 l'on
1577 1983 179 42 institue
1799 1999 61 26 un
1902 2001 222 26 concours
2168 1995 125 33 entre
2336 1985 264 44 architectes

1436 2059 116 32 pour
1613 2043 40 41 la
1715 2044 231 44 servitude
2007 2044 345 45 d'architecture
2413 2049 187 41 unitaire

1437 2103 128 49 place
1595 2103 209 44 Poelaert
1834 2117 44 31 et
1905 2122 69 27 ses
2002 2105 186 49 abords,
2216 2115 102 35 tous
2350 2125 23 23 «
2408 2108 135 51 styles
2574 2126 24 24 »

1435 2163 168 42 exclus.

1989 2302 56 44 III

1498 2399 198 43 PLACE
1734 2401 449 53 SAINTE-CROIX,
2217 2404 46 42 A
2295 2402 246 46 IXELLES

1505 2495 73 42 On
1606 2509 108 37 peut
1739 2513 49 27 se
1813 2496 253 44 demander
2095 2510 234 32 comment
2354 2500 26 42 il
2407 2512 67 33 est
2499 2519 78 33 pos-

1438 2556 112 43 sible
1605 2557 166 51 qu'une
1827 2557 363 45 administration
2531 2564 73 50 qui

1439 2635 103 25 sans
1587 2618 140 45 doute
1770 2618 177 56 s'arme,
1995 2623 26 39 à
2063 2620 174 52 l'égard
2281 2622 80 45 des
2404 2623 177 51 spécula-

1439 2691 131 37 teurs,
1630 2680 57 41 de
1739 2682 225 49 garanties
2015 2685 156 48 jugées
2222 2683 275 49 suffisantes,
2548 2702 56 25 au

1437 2745 131 45 point
1602 2741 57 44 de
1694 2759 88 26 vue
1817 2742 227 51 financier,
2084 2745 223 50 prétende
2342 2745 261 52 n'imposer,

1438 2820 117 32 pour
1599 2804 122 41 seule
1766 2806 147 40 sûreté
1962 2804 113 43 dans
2121 2805 169 43 l'ordre
2338 2806 259 52 esthétique,

1438 2863 139 51 qu'un
1617 2863 228 53 habillage
1884 2884 55 25 en
1978 2867 137 41 vieux
2154 2867 109 42 neuf
2304 2867 236 44 d'édifices
2579 2872 25 38 à

1440 2924 274 45 destination
1743 2925 221 46 moderne
1989 2928 262 50 cependant
2283 2947 9 23 :
2321 2931 200 42 maisons
2549 2929 57 47 de

1439 3003 257 28 commerce
1737 2999 43 32 et
1819 2998 357 40 appartements,
2218 3008 60 26 un
2316 2990 290 52 camouflage

1439 3047 185 45 ridicule
1655 3066 104 24 sous
1790 3051 40 42 le
1862 3067 189 33 masque
2084 3049 109 45 d'un
2223 3051 240 44 soi-disant
2492 3052 114 52 style

1440 3108 303 47 Renaissance
1778 3110 249 54 flamande,
2067 3110 214 46 combien
2315 3114 262 49 approxima-

1439 3171 52 42 tif
1519 3184 43 31 et
1591 3173 154 40 oiseux
1776 3172 60 42 du
1865 3183 129 33 reste.

1508 3243 247 46 Comment
1814 3245 42 42 la
1914 3248 151 42 même
2126 3245 365 46 administration
2550 3266 56 24 ne

1439 3305 252 51 prend-elle
1738 3324 175 25 aucune
1961 3324 254 32 assurance,
2267 3308 175 43 d'autre
2488 3321 116 38 part,

1436 3386 86 33 que
1551 3368 63 43 les
1640 3387 197 35 groupes
1861 3370 240 43 financiers
2130 3381 292 35 concurrents
2446 3373 137 42 s'assu-

1438 3440 154 32 reront
1625 3449 54 25 au
1712 3436 148 38 moins
1894 3432 42 42 le
1971 3450 221 26 concours
2226 3433 109 43 d'un
2365 3434 243 44 architecte

193 3612 518 52 SUPPLEMENT
765 3613 113 51 AU
932 3612 334 52 VOLUME
1321 3612 99 53 VL
1473 3613 339 52 NUMERO
1864 3615 23 50 I
1938 3614 102 50 DE
2103 3633 30 32 «
2191 3613 100 51 LA
2343 3612 180 52 CITE
2578 3628 29 33 »
