2248 4033
664 256 98 46 J.-J.
805 255 249 36 ROUSSEAU
1093 255 57 35 ET
1187 256 53 35 LE
1277 243 300 47 MÉLODRAME

118 258 101 53 274

120 371 114 44 Ville
268 371 54 43 de
357 371 122 58 Lyon
515 382 53 30 en
612 381 112 44 1770
759 368 39 43 &
832 368 24 42 à
891 368 39 43 la
963 365 218 46 Comédie
1216 365 216 60 française
1466 379 55 31 en
1570 377 131 44 1775.
1739 364 128 43 Entre
1902 377 73 30 ces
2009 363 124 43 deux

118 452 141 51 dates,
294 452 38 43 la
360 451 122 57 pièce
511 454 90 46 eut,
635 462 54 29 en
718 448 212 57 province
957 449 40 43 &
1025 449 23 42 à
1076 447 251 58 l'étranger,
1360 461 61 30 un
1456 445 142 59 grand
1632 444 380 45 retentissement.
2044 444 87 43 Elle

118 538 69 40 est
220 529 285 47 caractérisée
544 543 79 45 par
662 543 61 31 un
764 528 309 58 déplacement
1106 529 54 45 de
1197 527 115 45 rôles
1345 528 90 44 très
1465 527 205 58 original,
1703 524 78 59 qui
1811 538 204 45 suppose
2044 538 87 31 une

118 613 267 57 conception
412 617 126 39 toute
567 612 208 43 nouvelle
804 612 55 43 de
897 612 38 43 la
971 611 214 57 musique
1221 609 341 46 instrumentale
1597 622 7 30 :
1637 613 150 39 toutes
1824 608 64 43 les
1926 605 87 46 fois
2042 619 91 44 que

118 696 64 43 les
210 693 178 45 violons
417 698 217 52 prennent
661 693 39 43 la
729 693 168 56 parole,
930 691 184 45 l'aéteur
1142 706 47 30 se
1216 691 78 44 tait
1314 703 7 43 ;
1349 691 27 43 il
1406 705 47 30 se
1482 691 139 43 borne
1650 689 23 43 à
1701 688 105 44 faire
1834 688 81 44 des
1945 701 159 30 mouve-

120 781 147 39 ments
296 776 38 43 &
361 776 80 43 des
465 777 109 56 jeux
601 774 56 44 de
685 774 336 59 physionomie,
1053 776 41 42 &
1122 776 38 42 le
1189 774 189 56 langage
1401 773 97 43 seul
1522 772 54 43 de
1599 771 258 44 l'orchestre
1879 769 167 46 traduit
2068 771 65 43 les

120 856 209 58 passions
358 856 77 57 qui
464 854 245 45 l'animent.
741 856 125 44 Cette
893 857 144 42 forme
1066 856 53 43 de
1150 853 275 45 mélodrame
1453 867 26 29 a
1505 867 56 29 eu
1590 853 80 43 des
1700 854 202 42 fortunes
1931 851 202 44 diverses

120 938 125 45 selon
286 939 64 42 les
385 950 128 45 pays.
552 937 60 43 En
648 938 160 42 France
842 937 80 43 elle
958 951 24 29 a
1016 951 54 29 eu
1105 937 80 44 des
1220 936 252 44 imitateurs
1507 948 54 31 au
1598 946 100 32 xvin
1703 945 17 19 e
1755 932 133 46 siècle
1903 932 70 60 (1)
2006 931 125 61 (bien

118 1021 141 54 qu'on
287 1018 60 43 ait
375 1023 194 40 souvent
596 1018 63 43 dit
689 1019 36 42 le
755 1017 252 60 contraire),
1042 1016 114 45 mais
1185 1018 80 43 elle
1294 1031 25 29 a
1347 1013 174 47 bientôt
1547 1013 238 60 dégénéré,
1816 1014 40 44 &
1885 1016 116 43 n'est
2029 1014 104 56 plus

120 1098 235 60 employée
402 1098 288 60 aujourd'hui
738 1098 562 57 qu'exceptionnellement
1320 1111 7 42 ;
1381 1111 53 30 en
1481 1097 280 57 Angleterre,
1805 1097 81 42 elle
1928 1097 71 42 n'a
2041 1094 92 45 rien

118 1181 183 57 produit
329 1181 76 56 qui
436 1180 156 44 mérite
620 1178 136 46 d'être
786 1186 152 38 retenu
960 1193 8 44 ;
1002 1193 54 31 en
1085 1180 132 52 Italie,
1250 1180 112 43 dans
1391 1180 38 41 le
1460 1191 111 46 pays
1601 1178 59 43 du
1692 1178 66 43 bel
1782 1180 142 46 canto,
1952 1177 82 43 elle
2063 1176 71 44 n'a

120 1276 59 42 pu
216 1262 290 43 s'acclimater
525 1275 9 43 ;
573 1275 53 30 en
662 1262 269 56 Allemagne
960 1262 270 50 seulement,
1263 1261 81 42 elle
1373 1273 24 30 a
1427 1257 67 46 été
1522 1257 192 47 cultivée
1744 1256 329 47 sérieusement
2093 1257 40 43 &

118 1357 108 31 avec
262 1342 116 45 suite
413 1356 79 43 par
531 1343 80 45 des
652 1342 333 57 compositeurs
1025 1343 84 44 tels
1151 1356 89 43 que
1280 1342 150 56 Georg
1471 1341 163 51 Benda,
1679 1340 252 52 Reichardt,
1975 1340 153 50 Neefe,

117 1425 261 55 Zumsteeg,
403 1423 190 52 Winter,
621 1422 275 53 Cannabich,
925 1423 183 57 Vogler,
1133 1423 122 44 &c...
1280 1422 89 45 Dès
1400 1423 39 42 la
1467 1421 219 57 première
1708 1422 153 51 heure,
1888 1421 167 43 Mozart
2077 1434 54 29 en

117 1505 117 43 avait
262 1502 124 47 salué
414 1503 281 58 l'apparition
723 1519 107 30 avec
858 1505 340 43 enthousiasme
1217 1516 9 43 ;
1251 1505 40 42 &
1319 1503 180 52 Goethe,
1531 1503 235 59 analysant
1794 1503 40 42 la
1855 1500 194 45 création
2077 1502 54 42 de

118 1587 257 51 Rousseau,
408 1586 131 44 disait
567 1600 89 43 que
684 1585 146 45 c'était
858 1600 85 30 une
972 1600 156 30 œuvre
1159 1599 25 31 «
1214 1585 160 45 faisant
1402 1583 181 59 époque
1611 1599 44 30 ».

243 1667 71 43 On
343 1666 84 46 sait
455 1665 254 59 également
737 1681 104 42 que,
875 1680 79 30 sur
981 1668 65 42 les
1075 1665 57 45 26
1161 1666 147 57 pièces
1338 1665 243 45 musicales
1609 1666 113 43 dont
1757 1677 47 31 se
1839 1676 219 45 compose
2093 1663 40 44 la

120 1747 208 57 partition
362 1748 55 44 de
445 1747 273 57 Pygmalion,
751 1748 118 44 deux
905 1748 252 45 seulement
1284 1748 112 44 dans
1432 1748 64 42 les
1532 1745 193 45 éditions
1754 1760 62 30 ou
1858 1743 273 46 manuscrits

120 1842 175 32 connus
409 1835 178 51 portent
614 1830 40 43 la
675 1830 228 57 signature
926 1831 53 43 de
1001 1831 239 43 Rousseau
1259 1841 9 43 ;
1296 1831 64 43 les
1382 1835 150 38 autres
1555 1834 104 39 sont
1681 1828 215 44 d'Horace
1918 1826 210 58 Coignet,

121 1908 237 59 négociant
385 1910 40 43 &
452 1916 202 38 amateur
682 1911 55 43 de
766 1910 212 57 musique
1007 1910 225 58 lyonnais.

243 1990 124 44 Voici
398 1992 39 42 la
464 1991 227 57 question,
724 1990 203 59 négligée
952 1992 188 57 jusqu'à
1165 1990 306 59 aujourd'hui,
1499 2004 88 43 que
1616 1991 59 43 M.
1703 1991 97 43 Istel
1825 1990 110 43 s'est
1957 1986 139 60 posée
2117 2001 9 31 :

120 2074 254 50 Rousseau,
407 2086 53 29 en
488 2074 163 44 dehors
685 2074 54 43 de
775 2088 48 30 sa
856 2074 322 44 collaboration
1211 2088 106 30 avec
1350 2072 207 57 Coignet,
1598 2071 163 44 n'a-t-il
1796 2084 81 44 pas
1912 2067 221 60 composé

120 2152 233 45 lui-même
395 2168 87 30 une
524 2155 214 57 musique
778 2169 114 43 pour
925 2154 297 58 Pygmalion?
1255 2156 61 42 M.
1355 2155 98 43 Istel
1489 2154 109 44 croit
1634 2151 88 46 être
1759 2166 54 31 en
1856 2165 180 31 mesure
2077 2152 54 44 de

120 2232 214 59 répondre
361 2235 410 53 affirmativement,
803 2236 39 43 &
865 2237 43 56 je
936 2236 174 45 traduis
1140 2237 39 42 la
1207 2235 138 58 partie
1374 2236 54 43 de
1457 2248 83 31 son
1569 2232 134 46 étude
1731 2234 59 44 où
1820 2232 27 45 il
1877 2245 171 44 expose
2084 2245 49 32 sa

120 2315 268 46 découverte
422 2330 9 31 :

230 2455 84 39 Mes
334 2455 141 39 études
497 2467 68 27 sur
587 2455 34 39 le
644 2455 224 54 Pygmalion
893 2456 34 38 &
955 2455 36 39 le
1019 2455 250 39 mélodrame
1296 2453 205 40 allemand
1529 2453 152 40 étaient
1707 2451 90 54 déjà
1824 2453 81 40 fort
1932 2453 199 41 avancées

117 2523 175 52 lorsque,
324 2524 102 40 dans
454 2524 33 39 le
515 2524 217 53 catalogue
759 2526 48 38 de
835 2526 38 38 la
901 2522 213 42 collection
1142 2526 48 38 de
1218 2524 188 51 musique
1441 2524 48 39 de
1523 2523 38 40 la
1595 2522 279 53 bibliothèque
1908 2523 136 52 privée
2078 2524 53 40 du

117 2592 169 39 château
303 2593 49 38 de
367 2593 145 46 Berlin,
531 2592 136 40 dressé
682 2606 71 39 par
769 2593 48 39 G.
836 2592 198 47 Thouret,
1047 2594 40 51 je
1103 2593 161 38 trouvai
1283 2604 79 27 une
1374 2592 194 52 partition
1583 2592 264 44 manuscrite,
1865 2592 263 45 «Rousseau,

120 2660 259 54 Pygmalion,
403 2659 118 42 scène
543 2662 158 52 lyrique
718 2676 41 31 »,
778 2660 261 41 mentionnée
1054 2674 101 27 avec
1170 2662 36 39 la
1222 2673 168 39 marque
1407 2662 39 38 M
1461 2662 126 53 4899.
1606 2660 26 38 11
1649 2660 147 40 résulte
1810 2662 70 38 des
1898 2660 233 41 recherches

118 2729 116 39 faites
261 2742 68 26 sur
356 2729 112 52 place
496 2743 77 38 que
600 2730 37 38 la
665 2730 194 52 partition
887 2730 179 40 consiste
1099 2743 49 27 en
1184 2743 53 37 24
1270 2730 157 40 feuilles
1460 2731 48 39 de
1543 2730 139 51 papier
1714 2729 81 39 fort
1828 2729 183 48 in-folio,
2048 2743 82 27 non

118 2796 168 54 réglées,
317 2801 224 36 contenant
568 2799 36 38 le
632 2803 110 34 texte
769 2800 53 38 du
850 2800 146 51 poème
1024 2800 48 38 de
2092 2799 44 52 Py
1381 2797 54 40 tel
1468 2799 101 51 qu'il
1601 2801 62 37 est
1696 2799 101 38 dans
1832 2799 56 38 les
1922 2799 211 52 imprimés

117 2866 243 46 ordinaires,
391 2880 100 27 avec
518 2867 55 40 les
601 2880 220 27 morceaux
849 2870 49 38 de
926 2869 189 50 musique
1145 2867 227 41 intercalés.
1402 2867 75 40 Les
1505 2869 245 39 indications
1785 2869 348 50 pantomimiques

118 2935 89 38 font
228 2935 148 39 défaut.
404 2935 54 39 La
479 2936 194 51 partition
696 2941 63 36 est
780 2936 328 52 splendidement
1131 2936 115 39 reliée
1268 2950 49 25 en
1340 2936 88 41 cuir
1449 2949 143 40 rouge,
1616 2950 99 27 avec
1736 2937 139 40 lettres
1893 2937 33 40 &
1941 2937 192 40 tranches

118 3002 155 41 dorées.
300 3003 76 38 Sur
397 3003 36 40 la
455 3008 241 36 couverture
719 3006 34 38 &
775 3018 50 26 au
847 3006 75 38 dos
946 3004 26 40 il
993 3018 27 40 y
1042 3017 23 27 a
1086 3004 34 40 le
1143 3004 94 40 titre
1263 3017 7 27 :
1297 3004 229 54 Pigmalion.

230 3072 56 38 En
308 3077 177 34 ouvrant
506 3073 37 38 la
564 3073 195 51 partition
780 3086 53 26 on
855 3078 147 36 trouve
1024 3087 79 27 une
1131 3073 132 39 feuille
1291 3073 91 53 plus
1411 3073 135 41 mince
1574 3073 160 53 ajoutée
1762 3087 71 38 par
1860 3073 35 41 le
1926 3074 144 40 relieur
2096 3077 34 38 &

117 3152 67 26 sur
206 3139 168 52 laquelle
395 3153 54 25 on
471 3140 46 38 lit
541 3152 8 28 :
574 3142 226 52 Pigmalion,
825 3140 104 41 scène
948 3142 145 52 lyrique
1105 3147 78 48 par
1195 3142 149 53 Jean-J.
1369 3142 225 39 Rousseau.
1618 3142 228 53 Argument.

229 3209 25 38 11
277 3209 205 53 s'agissait
501 3214 91 34 tout
614 3210 169 40 d'abord
804 3213 48 38 de
874 3212 139 39 savoir
1033 3212 33 38 si
1090 3215 104 36 cette
1222 3212 211 52 partition,
1466 3212 67 50 qui
1564 3223 49 27 ne
1641 3215 117 47 porte
1786 3224 77 40 que
1890 3213 37 38 le
1955 3224 98 28 nom
2082 3214 49 38 de

118 3276 223 46 Rousseau,
371 3275 97 41 était
496 3276 122 41 écrite
645 3279 49 38 de
728 3278 37 39 la
799 3279 111 39 main
946 3279 134 39 même
1113 3279 53 39 du
1203 3279 130 52 grand
1368 3278 221 40 Génevois.
1626 3279 269 40 Assurément
1929 3293 83 26 non
2032 3283 7 36 !
2077 3281 54 40 La

217 3469 63 49 (1)
298 3472 37 43 Je
356 3472 136 44 citerai,
515 3475 101 31 entre
637 3477 128 41 autres,
792 3485 18 22 «
835 3474 173 46 PANDORE,
1032 3473 211 35 mélodrame
1263 3485 42 23 en
1325 3485 78 25 vers
1423 3479 75 39 par
1524 3477 55 33 M.
1609 3475 193 35 d'Aumale
1826 3477 43 33 de
1896 3475 231 41 Corsenville,

116 3525 196 46 représenté
331 3526 23 34 à
376 3527 106 33 Paris
495 3531 74 40 par
588 3529 47 33 les
655 3527 194 36 comédiens
871 3530 203 35 ordinaires
1096 3530 42 34 de
1150 3531 187 33 Monsieur
1346 3535 96 39 pour
1458 3531 35 33 la
1499 3531 176 45 première
1687 3532 69 40 fois
1778 3532 31 33 le
1823 3543 47 22 20
1875 3532 127 45 juillet
2019 3534 108 44 ijBç,

115 3583 161 46 musique
296 3583 41 33 de
358 3583 51 35 M.
433 3583 103 40 Beck,
558 3585 84 33 mise
661 3596 47 22 au
722 3585 93 44 jour
829 3591 72 38 par
923 3588 53 33 M.
1002 3587 155 41 Durieu,
1176 3585 129 47 gravée
1318 3592 74 40 par
1517 3587 144 43 Fleury,
1684 3586 21 35 à
1727 3588 119 42 Paris,
1870 3588 80 49 cheç
1963 3586 166 37 l'éditeur

115 3643 33 32 et
172 3640 201 35 marchand
397 3640 42 33 de
464 3640 160 46 musique
651 3652 65 23 rue
743 3642 188 44 Dauphine
950 3643 83 44 près
1065 3644 36 33 la
1129 3654 64 25 rue
1221 3644 173 41 Cristine,
1425 3654 48 25 au
1502 3644 97 35 Gout
1624 3645 49 34 du
1691 3645 94 45 jour
1812 3647 34 32 et
1870 3656 75 24 aux
1972 3645 157 35 adresses

116 3696 202 35 ordinaires
342 3708 35 23 ».
402 3695 59 48 (B.
485 3696 44 35 N.
555 3696 67 35 Vm
627 3694 14 23 s
665 3698 104 45 551.)
