2248 4033
120 272 98 50 290

792 267 217 43 MUSIQUE
1046 267 411 36 CONTEMPORAINE

867 404 165 42 Fêtes
1054 404 68 42 de
1145 404 244 42 Béziers.

228 519 113 40 Nous
364 531 196 27 recevons
581 519 48 38 de
653 518 52 39 M.
733 517 220 40 Castelbon
976 519 48 38 de
1047 518 276 39 Beauxhostes
1345 529 79 26 une
1446 515 116 39 lettre
1585 513 95 41 d'où
1703 527 104 27 nous
1829 513 228 41 détachons
2078 514 56 39 les

118 588 132 53 lignes
273 588 212 40 suivantes
511 599 7 27 :

1312 684 151 47 Béziers,
1484 685 33 34 le
1538 696 19 35 3
1578 685 122 47 juillet
1729 694 103 36 1901.

667 755 195 46 Monsieur,

213 815 37 42 Je
273 814 87 34 serai
384 814 156 33 heureux
562 812 136 35 d'offrir
721 824 71 23 une
814 813 100 45 place
935 824 44 23 au
1002 813 263 34 collaborateur
1286 823 69 33 que
1377 822 93 25 vous
1493 809 182 36 enverriez
1697 810 19 34 à
1740 807 149 37 Béziers.
1910 809 165 34 L'œuvre
2093 809 43 33 de

118 870 232 35 Saint-Saëns
371 868 76 49 (car
469 870 86 34 c'est
576 870 32 33 la
631 868 166 47 sienne!)
826 873 53 30 est
906 873 111 30 certes
1046 870 63 33 des
1138 869 82 45 plus
1249 866 278 45 intéressantes;
1559 866 90 34 mais
1679 866 32 33 le
1740 869 120 41 temps
1891 877 56 22 me
1977 876 159 32 manque

118 938 91 34 pour
231 938 91 24 vous
343 925 139 35 fournir
503 927 61 33 des
586 929 119 31 notes.
731 925 112 46 Après
863 925 40 33 le.
917 925 92 34 mois
1030 925 124 34 d'août
1243 925 93 33 alors
1357 935 70 33 que
1443 925 36 45 je
1502 922 144 46 pourrai
1672 933 49 23 un
1746 933 69 34 peu
1845 922 150 45 respirer
2024 924 112 31 avant

118 985 42 33 de
183 993 266 24 recommencer
471 993 88 23 avec
581 983 186 42 Parysatis
851 983 36 45 je
910 981 169 44 tâcherai,
1103 981 105 34 sinon
1232 979 160 46 d'écrire,
1415 981 48 33 du
1487 979 119 34 moins
1628 979 44 33 de
1695 981 128 31 mettre
1851 989 43 22 en
1922 978 103 34 ordre
2054 980 81 31 tous

118 1040 49 33 les
195 1039 151 34 dossiers
374 1038 33 34 Se
438 1039 120 33 lettres
585 1038 76 45 qui,
693 1049 48 23 un
765 1040 98 44 jour,
893 1037 180 35 serviront
1101 1037 18 34 à
1148 1035 109 36 écrire
1286 1036 176 34 l'histoire
1490 1037 43 33 de
1561 1035 93 34 l'Art
1682 1035 142 45 lyrique
1852 1045 44 23 en
1934 1033 98 46 plein
2069 1033 64 34 air.

117 1096 172 45 Dejanire
309 1095 55 34 fut
387 1096 31 32 le
440 1094 153 46 premier
616 1094 156 45 modèle,
796 1094 135 43 duquel
956 1094 22 33 il
1000 1105 77 22 sera
1104 1093 83 34 bien
1217 1092 147 35 difficile
1392 1092 43 34 de
1463 1091 105 34 sortir
1595 1091 33 34 Se
1657 1095 130 30 autour
1815 1091 140 43 duquel
1984 1101 46 23 on
2060 1100 76 23 sera

117 1150 121 47 obligé
261 1149 200 37 d'évoluer.
487 1150 133 45 Depuis
642 1161 45 23 on
711 1161 19 23 a
753 1148 148 36 modifié
924 1150 48 33 les
987 1149 293 34 orchestrations.
1300 1149 57 33 On
1374 1160 58 23 ose
1448 1160 37 22 ce
1500 1159 71 33 que
1585 1148 72 33 l'on
1675 1147 129 34 n'osait
1820 1158 77 34 pas.
1917 1146 219 34 L'orchestre

117 1207 19 34 à
165 1208 134 39 cordes,
325 1207 75 34 seul
424 1209 80 31 tout
525 1207 162 44 d'abord,
712 1217 88 23 avec
823 1206 51 33 les
894 1206 142 44 harpes,
1061 1204 206 47 répondant
1296 1205 19 34 à
1343 1205 42 34 de
1413 1204 235 35 formidables
1677 1203 187 44 musiques
1893 1202 239 43 d'harmonie,

117 1263 230 47 aujourd'hui
371 1263 115 45 prend
508 1274 48 22 un
579 1266 99 30 autre
702 1261 84 35 rôle.
812 1263 80 32 Max
914 1262 171 34 d'Ollone
1106 1262 91 34 dans
1218 1272 63 23 son
1305 1261 112 34 ballet
1439 1272 35 22 se
1494 1264 70 30 sert
1586 1261 42 33 de
1651 1259 63 45 lui,
1739 1260 44 33 de
1804 1263 80 31 tout
1899 1263 100 30 autre
2014 1258 118 48 façon,

117 1320 33 33 Se
174 1322 36 44 je
238 1320 72 33 suis
337 1318 80 48 déjà
445 1319 131 34 certain
606 1318 139 34 d'effets
772 1318 142 45 jusqu'à
936 1318 231 46 aujourd'hui
1191 1318 197 34 inconnus.
1412 1317 150 45 Croyez,
1587 1316 196 45 Monsieur,
1808 1327 70 33 que
1895 1316 36 46 je
1953 1315 88 34 serai
2064 1314 72 34 très

118 1377 157 33 heureux
297 1376 43 33 de
361 1386 91 23 vous
476 1374 185 35 remercier
683 1386 89 33 pour
794 1373 156 35 l'intérêt
973 1373 185 46 témoigné
1180 1374 19 33 à
1221 1385 70 23 une
1312 1385 122 23 œuvre
1456 1373 78 44 qui,
1554 1373 36 46 je
1612 1373 33 33 le
1667 1373 103 41 crois,
1788 1383 20 23 a
1831 1383 48 23 un
1903 1383 84 33 gr.os
2009 1371 127 35 avenir

118 1432 33 33 Se
170 1432 63 43 qui
256 1435 141 30 restera.
422 1431 85 44 Oui,
526 1432 36 45 je
584 1431 89 34 crois
694 1430 218 35 fermement
932 1442 70 32 que
1025 1435 102 30 notre
1150 1428 153 36 Théâtre
1325 1430 62 34 des
1408 1429 135 34 Arènes
1564 1440 133 34 pourra
1720 1430 109 33 lutter
1851 1428 81 34 d'ici
1952 1439 70 34 peu
2050 1439 86 23 avec

117 1487 196 47 Bayreuth,
407 1487 117 33 même
545 1498 86 24 avec
652 1491 195 40 avantage.
873 1487 54 33 Du
952 1490 102 39 reste,
1073 1488 37 45 je
1139 1498 56 22 me
1224 1486 73 34 suis
1324 1487 165 46 toujours
1516 1484 104 35 laissé
1647 1485 134 46 diriger
1809 1485 49 34 les
1885 1496 95 35 yeux
2006 1482 130 36 fermés

118 1555 62 34 par
202 1543 232 35 Saint-Saëns
457 1543 32 33 Se
511 1543 72 34 suis
605 1543 71 45 sûr,
699 1555 42 21 en
762 1543 31 33 le
814 1542 148 35 laissant
984 1543 30 33 le
1036 1542 126 34 Maître
1190 1542 190 44 artistique
1409 1542 127 34 absolu
1566 1542 43 34 de
1637 1553 63 23 son
1730 1540 169 46 Théâtre,
1930 1541 43 33 de
2002 1552 44 22 ne
2074 1551 63 35 pas

117 1600 85 35 faire
223 1600 117 34 fausse
364 1603 101 30 route
487 1600 89 33 dans
596 1599 93 34 l'Art
710 1599 89 35 vrai.

216 1656 160 35 Veuillez
397 1654 135 47 agréer,
556 1656 100 34 Sec...

1322 1725 37 33 P.
1385 1723 201 35 CASTELBON
1609 1735 40 23 DE
1672 1725 260 33 BEAUXHOSTES.

228 1858 109 38 Dans
358 1857 35 39 le
415 1856 264 40 merveilleux
701 1857 118 39 cadre
845 1858 50 37 de
924 1869 63 26 ses
1014 1854 152 41 Arènes
1189 1854 321 54 complètement
1531 1856 234 47 terminées,
1792 1856 153 40 Béziers
1968 1871 50 26 va
2041 1858 95 39 faire

118 1927 176 46 revivre,
324 1927 56 38 les
411 1938 47 40 25
492 1926 35 39 &
556 1938 49 40 27
636 1927 110 43 août,
779 1926 57 38 les
865 1925 269 39 inoubliables
1162 1925 239 51 splendeurs
1435 1926 49 38 de
1505 1926 182 52 Dejanire
1707 1927 35 39 Se
1764 1927 49 38 de
1835 1926 228 40 Prométhée.

228 1994 252 47 Prométhée,
511 1994 195 40 enchaîné
734 1992 23 41 à
784 2007 74 26 son
888 1994 158 46 rocher,
1077 1994 160 40 lancera
1265 1993 22 40 à
1308 1994 38 39 la
1373 1994 85 40 face
1485 1995 54 39 du
1569 1994 75 40 ciel
1665 2008 63 26 ses
1750 1995 214 39 farouches
1988 1995 124 53 impré-

117 2065 156 40 cations
296 2065 181 50 pendant
498 2077 77 37 que
597 2063 36 38 la
654 2065 130 37 douce
807 2063 181 38 Pandore
1010 2063 225 51 invoquera
1257 2063 117 39 l'aide
1402 2065 70 37 des
1501 2063 242 45 Océanides,
1769 2077 63 26 ses
1860 2076 147 34 sœurs,
2034 2078 102 38 pour

116 2133 173 40 délivrer
309 2133 35 38 le
366 2131 121 40 Titan
511 2131 155 40 révolté
688 2135 142 36 contre
851 2132 56 39 les
931 2132 141 39 Dieux.

228 2202 76 39 Sur
331 2202 36 38 le
401 2201 119 39 livret
555 2202 48 38 de
638 2201 77 38 Bac
717 2201 89 38 chus
840 2201 169 52 Mystifie
1013 2232 10 14 ,
1062 2200 122 39 ballet
1218 2202 258 51 pantomime
1510 2202 49 38 de
1594 2202 55 38 M.
1687 2201 128 52 Sylva
1848 2202 155 46 Sicard,
2041 2203 94 39 Max

117 2270 189 40 d'Ollone
327 2283 23 25 a
371 2269 100 40 écrit
492 2282 79 26 une
586 2269 216 39 délicieuse
819 2269 188 52 musique
1023 2274 333 48 accompagnant
1372 2270 56 38 les
1444 2271 147 38 danses
1608 2271 231 51 gracieuses
1855 2272 70 38 des
1941 2271 194 53 Sylvains

117 2340 34 38 &
172 2341 71 37 des
263 2339 227 52 Nymphes,
516 2339 34 38 Se
572 2338 56 39 les
650 2338 121 52 longs
793 2337 187 53 cortèges
1002 2340 70 37 des
1094 2339 155 38 Faunes
1272 2340 34 37 Se
1331 2340 69 38 des
1428 2339 273 51 Corybantes,
1727 2340 70 38 des
1825 2340 253 40 Bacchantes
2100 2342 35 38 Se

115 2409 70 39 des
206 2408 181 52 Satyres,
411 2409 70 37 des
503 2408 182 52 Dryades
707 2409 34 38 Se
764 2408 69 38 des
854 2407 186 46 Naïades,
1066 2411 207 35 escortant
1295 2408 196 46 Bacchus,
1517 2408 35 39 &
1574 2421 40 26 se
1636 2407 216 41 déroulant
1879 2408 34 40 le
1942 2409 100 53 long
2064 2411 71 37 des

118 2481 174 36 coteaux
313 2489 80 26 aux
414 2489 189 39 pampres
626 2476 187 39 croulant
835 2489 96 26 sous
953 2475 35 39 le
1011 2476 119 52 poids
1152 2477 69 38 des
1244 2489 176 40 grappes
1442 2476 155 40 dorées.

228 2547 52 37 La
304 2545 94 40 ville
419 2546 49 37 de
490 2544 155 39 Béziers
668 2543 171 53 possède
863 2547 49 36 de
940 2545 122 39 belles
1091 2545 35 39 &
1154 2545 226 40 fastueuses
1409 2545 152 40 Arènes
1589 2559 79 26 aux
1696 2547 264 51 proportions
1988 2547 147 53 dignes

118 2615 69 38 des
209 2614 123 39 vieux
353 2614 323 51 amphithéâtres
699 2614 193 39 romains.

227 2682 293 39 Commencées
542 2695 49 26 en
620 2683 98 52 1897
744 2683 34 38 &
800 2683 148 39 restées
971 2683 240 40 inachevées
1228 2681 165 54 jusqu'à
1415 2696 45 27 ce
1483 2684 110 51 jour,
1625 2684 94 39 elles
1748 2688 97 35 sont
1872 2685 261 52 aujourd'hui

116 2764 47 25 en
188 2751 92 39 voie
301 2749 325 48 d'achèvement,
652 2752 34 38 Se
708 2751 57 39 les
787 2756 173 35 travaux
981 2750 248 40 activement
1244 2752 185 52 poussés,
1449 2765 96 27 sous
1561 2752 37 40 la
1614 2752 195 40 direction
1825 2755 49 37 de
1891 2755 54 37 M.
1965 2754 166 45 Carlier,

115 2820 162 38 l'habile
298 2818 217 41 architeéle
538 2820 342 51 montpellierain,
907 2825 138 35 seront
1066 2820 195 40 terminés
1284 2822 102 38 dans
1408 2821 35 39 le
1465 2826 172 34 courant
1658 2823 49 38 de
1724 2822 148 52 juillet.

228 2888 74 38 Les
324 2888 99 39 fêtes
445 2902 42 25 se
508 2888 261 39 dérouleront
790 2890 101 38 dans
913 2902 53 26 un
990 2891 118 37 cadre
1130 2891 124 51 digne
1275 2890 152 38 d'elles.

227 2957 78 38 Des
329 2956 195 40 Concerts
546 2957 233 52 populaires
800 2971 100 26 avec
923 2958 124 39 chant
1069 2963 139 34 seront
1235 2959 211 52 organisés
1475 2971 69 26 sur
1572 2959 37 38 la
1637 2959 114 52 place
1779 2961 49 37 de
1856 2959 37 39 la
1921 2959 208 48 Citadelle,

114 3025 81 39 afin
219 3026 47 38 de
289 3029 219 48 permettre
529 3024 22 40 à
573 3039 102 26 ceux
696 3027 69 50 qui
790 3027 190 40 n'auront
1002 3041 54 38 pu
1079 3032 169 35 trouver
1263 3028 113 51 place
1392 3041 80 26 aux
1487 3028 345 51 représentations
1849 3030 48 38 de
1913 3028 220 41 Prométhée

114 3095 34 37 Se
170 3095 48 37 de
240 3095 168 37 Bacchus
429 3093 156 52 mystifié
605 3097 49 37 de
676 3097 171 50 prendre
869 3102 90 45 part
981 3110 77 25 aux
1088 3097 293 52 réjouissances
1410 3097 231 52 publiques,
1673 3099 103 38 dont
1804 3098 35 39 le
1867 3110 265 41 programme

113 3175 87 26 sera
223 3162 330 39 ultérieurement
574 3164 151 51 publié.

225 3231 57 38 En
304 3235 116 35 outre
441 3232 70 38 des
534 3231 238 52 interprètes
795 3235 47 37 de
867 3233 227 48 Prométhée,
1120 3235 66 51 qui
1210 3236 225 50 prendront
1451 3248 78 26 une
1545 3239 90 48 part
1650 3234 130 42 aétive
1795 3235 22 40 à
1834 3249 65 27 ces
1915 3236 212 48 Concerts,

113 3301 98 38 MM.
238 3300 179 45 Dorival,
442 3302 50 37 de
512 3300 189 47 l'Odéon,
727 3302 68 51 qui
826 3303 90 39 créa
943 3304 35 38 le
1007 3303 83 39 rôle
1117 3304 213 39 d'Hercule
1358 3305 102 38 dans
1487 3303 182 53 Dèjanire
1672 3337 10 15 ,
1714 3305 170 39 Fonteix
1907 3307 137 51 jeune,
2075 3308 54 38 du

111 3371 131 51 grand
263 3368 174 40 Théâtre
458 3370 52 38 du
535 3370 132 51 Lyon,
693 3371 136 40 Alexis
852 3373 146 51 Boyer,
1024 3374 48 37 de
1094 3372 402 53 l'Opéra-Comique,
1523 3373 39 38 M
1566 3375 38 23 lle
1627 3374 182 46 Lassara,
1837 3375 98 38 MM.
1961 3375 165 45 Azéma,

111 3439 168 45 Milhau,
311 3438 133 45 Billot,
476 3438 171 47 Valette,
685 3438 132 40 élèves
852 3442 54 37 du
941 3441 315 39 Conservatoire
1291 3443 48 37 de
1374 3442 124 46 Paris,
1536 3443 210 50 prêteront
1780 3442 231 54 également
2046 3444 85 39 leur

112 3519 203 28 concours
337 3507 209 52 gracieux.

222 3577 78 38 Des
328 3575 128 40 trains
484 3574 22 41 à
540 3576 163 39 marche
739 3577 135 52 rapide
909 3579 34 38 Se
978 3577 22 41 à
1035 3578 90 52 prix
1160 3578 151 40 réduits
1346 3584 139 36 seront
1519 3580 212 53 organisés
1765 3582 102 38 dans
1902 3584 137 36 toutes
2073 3582 56 38 les

110 3643 235 42 directions.

219 3713 116 40 Voici
359 3713 34 39 le
415 3725 265 40 programme
702 3714 70 39 des
793 3714 100 40 fêtes
915 3716 232 40 annoncées
1173 3728 7 27 :
