<?xml version="1.0" encoding="UTF-8"?>
<alto xmlns:xsi="http://www.w3.org/2001/XMLSchema-instance" xmlns="http://www.loc.gov/standards/alto/ns-v2#" xsi:schemaLocation="http://www.loc.gov/standards/alto/ns-v2# http://www.loc.gov/standards/alto/alto-v2.0.xsd" xmlns:xlink="http://www.w3.org/1999/xlink">
	<Description>
		<MeasurementUnit>mm10</MeasurementUnit>
		<sourceImageInformation>
			<fileName>//fileserver7/IN2/Princeton/Batch3/bmtnaai/1908/11_01/00000014.tif</fileName>
		</sourceImageInformation>
		<OCRProcessing ID="OCRPROCESSING_1">
			<preProcessingStep>
				<processingSoftware>
					<softwareCreator>CCS Content Conversion Specialists GmbH, Germany</softwareCreator>
					<softwareName>CCS docWORKS</softwareName>
					<softwareVersion>6.6-1.18</softwareVersion>
				</processingSoftware>
			</preProcessingStep>
			<ocrProcessingStep>
				<processingSoftware>
					<softwareCreator>ABBYY (BIT Software), Russia</softwareCreator>
					<softwareName>FineReader</softwareName>
					<softwareVersion>10.0</softwareVersion>
				</processingSoftware>
			</ocrProcessingStep>
		</OCRProcessing>
		<OCRProcessing ID="OCRPROCESSING_2">
			<preProcessingStep>
				<processingSoftware>
					<softwareCreator>CCS Content Conversion Specialists GmbH, Germany</softwareCreator>
					<softwareName>CCS docWORKS</softwareName>
					<softwareVersion>6.6-1.18</softwareVersion>
				</processingSoftware>
			</preProcessingStep>
			<ocrProcessingStep>
				<processingSoftware>
					<softwareCreator>ABBYY (BIT Software), Russia</softwareCreator>
					<softwareName>NA</softwareName>
				</processingSoftware>
			</ocrProcessingStep>
		</OCRProcessing>
	</Description>
	<Styles>
		<TextStyle ID="TXT_0" FONTSIZE="15" FONTFAMILY="Times New Roman"/>
		<TextStyle ID="TXT_1" FONTSIZE="16" FONTFAMILY="Times New Roman"/>
		<TextStyle ID="TXT_2" FONTSIZE="20" FONTFAMILY="Times New Roman" FONTSTYLE="italics"/>
		<TextStyle ID="TXT_3" FONTSIZE="17" FONTFAMILY="Times New Roman" FONTSTYLE="bold"/>
		<TextStyle ID="TXT_4" FONTSIZE="37" FONTFAMILY="Arial"/>
		<ParagraphStyle ID="PAR_LEFT" ALIGN="Left"/>
		<ParagraphStyle ID="PAR_BLOCK" ALIGN="Block"/>
		<ParagraphStyle ID="PAR_RIGHT" ALIGN="Right"/>
		<ParagraphStyle ID="PAR_CENTER" ALIGN="Center"/>
	</Styles>
	<Layout>
		<Page ID="P14" PHYSICAL_IMG_NR="14" HEIGHT="3825" WIDTH="3886" PRINTED_IMG_NR="12" PC="0.864">
			<TopMargin ID="P14_TM00001" HPOS="0" VPOS="0" WIDTH="3886" HEIGHT="352"/>
			<LeftMargin ID="P14_LM00001" HPOS="0" VPOS="352" WIDTH="560" HEIGHT="3254"/>
			<RightMargin ID="P14_RM00001" HPOS="3783" VPOS="352" WIDTH="103" HEIGHT="3254"/>
			<BottomMargin ID="P14_BM00001" HPOS="0" VPOS="3606" WIDTH="3886" HEIGHT="219"/>
			<PrintSpace ID="P14_PS00001" HPOS="560" VPOS="352" WIDTH="3223" HEIGHT="3254">
				<TextBlock ID="P14_TB00001" HPOS="566" VPOS="352" WIDTH="265" HEIGHT="39" STYLEREFS="TXT_0 PAR_LEFT">
					<TextLine ID="P14_TL00001" HPOS="566" VPOS="352" WIDTH="265" HEIGHT="39">
						<String ID="P14_ST00001" HPOS="566" VPOS="352" WIDTH="265" HEIGHT="39" CONTENT="POESIA" WC="1.00" CC="100000"/>
					</TextLine>
				</TextBlock>
				<TextBlock ID="P14_TB00002" HPOS="560" VPOS="959" WIDTH="1548" HEIGHT="1622" STYLEREFS="TXT_1 PAR_BLOCK">
					<TextLine ID="P14_TL00002" HPOS="712" VPOS="960" WIDTH="1390" HEIGHT="60">
						<String ID="P14_ST00002" HPOS="712" VPOS="978" WIDTH="19" HEIGHT="21" CONTENT="«" WC="0.68" CC="3"/>
						<SP ID="P14_SP00001" HPOS="731" VPOS="999" WIDTH="21"/>
						<String ID="P14_ST00003" HPOS="752" VPOS="960" WIDTH="49" HEIGHT="58" CONTENT="Je" WC="0.77" CC="40"/>
						<SP ID="P14_SP00002" HPOS="801" VPOS="1018" WIDTH="36"/>
						<String ID="P14_ST00004" HPOS="837" VPOS="960" WIDTH="96" HEIGHT="44" CONTENT="suis" WC="0.91" CC="0030"/>
						<SP ID="P14_SP00003" HPOS="933" VPOS="1018" WIDTH="36"/>
						<String ID="P14_ST00005" HPOS="969" VPOS="960" WIDTH="44" HEIGHT="44" CONTENT="la" WC="0.75" CC="50"/>
						<SP ID="P14_SP00004" HPOS="1013" VPOS="1018" WIDTH="39"/>
						<String ID="P14_ST00006" HPOS="1052" VPOS="960" WIDTH="311" HEIGHT="58" CONTENT="Chercheuse," WC="0.93" CC="00000000006"/>
						<SP ID="P14_SP00005" HPOS="1363" VPOS="1018" WIDTH="33"/>
						<String ID="P14_ST00007" HPOS="1396" VPOS="961" WIDTH="48" HEIGHT="59" CONTENT="je" WC="0.72" CC="05"/>
						<SP ID="P14_SP00006" HPOS="1444" VPOS="1020" WIDTH="35"/>
						<String ID="P14_ST00008" HPOS="1479" VPOS="976" WIDTH="117" HEIGHT="29" CONTENT="vous" WC="0.82" CC="0060"/>
						<SP ID="P14_SP00007" HPOS="1596" VPOS="1020" WIDTH="35"/>
						<String ID="P14_ST00009" HPOS="1631" VPOS="961" WIDTH="120" HEIGHT="44" CONTENT="aime" WC="0.76" CC="1323"/>
						<SP ID="P14_SP00008" HPOS="1751" VPOS="1020" WIDTH="18"/>
						<String ID="P14_ST00010" HPOS="1769" VPOS="962" WIDTH="8" HEIGHT="45" CONTENT="!" WC="0.79" CC="2"/>
						<SP ID="P14_SP00009" HPOS="1777" VPOS="1020" WIDTH="53"/>
						<String ID="P14_ST00011" HPOS="1830" VPOS="961" WIDTH="67" HEIGHT="44" CONTENT="Le" WC="0.81" CC="30"/>
						<SP ID="P14_SP00010" HPOS="1897" VPOS="1020" WIDTH="43"/>
						<String ID="P14_ST00012" HPOS="1940" VPOS="960" WIDTH="162" HEIGHT="55" CONTENT="matin," WC="0.67" CC="205441"/>
					</TextLine>
					<TextLine ID="P14_TL00003" HPOS="569" VPOS="1037" WIDTH="1536" HEIGHT="61">
						<String ID="P14_ST00013" HPOS="569" VPOS="1037" WIDTH="117" HEIGHT="44" CONTENT="dans" WC="0.98" CC="0000"/>
						<SP ID="P14_SP00011" HPOS="686" VPOS="1081" WIDTH="37"/>
						<String ID="P14_ST00014" HPOS="723" VPOS="1037" WIDTH="43" HEIGHT="44" CONTENT="le" WC="0.78" CC="13"/>
						<SP ID="P14_SP00012" HPOS="766" VPOS="1081" WIDTH="35"/>
						<String ID="P14_ST00015" HPOS="801" VPOS="1038" WIDTH="142" HEIGHT="53" CONTENT="soleil," WC="0.78" CC="0530320"/>
						<SP ID="P14_SP00013" HPOS="943" VPOS="1091" WIDTH="39"/>
						<String ID="P14_ST00016" HPOS="982" VPOS="1054" WIDTH="117" HEIGHT="29" CONTENT="vous" WC="1.00" CC="0000"/>
						<SP ID="P14_SP00014" HPOS="1099" VPOS="1091" WIDTH="36"/>
						<String ID="P14_ST00017" HPOS="1135" VPOS="1054" WIDTH="233" HEIGHT="44" CONTENT="rayonnez" WC="0.91" CC="10006000"/>
						<SP ID="P14_SP00015" HPOS="1368" VPOS="1098" WIDTH="35"/>
						<String ID="P14_ST00018" HPOS="1403" VPOS="1037" WIDTH="140" HEIGHT="45" CONTENT="d'une" WC="0.98" CC="02610"/>
						<SP ID="P14_SP00016" HPOS="1543" VPOS="1098" WIDTH="37"/>
						<String ID="P14_ST00019" HPOS="1580" VPOS="1039" WIDTH="249" HEIGHT="59" CONTENT="splendeur" WC="0.74" CC="005850030"/>
						<SP ID="P14_SP00017" HPOS="1829" VPOS="1098" WIDTH="40"/>
						<String ID="P14_ST00020" HPOS="1869" VPOS="1039" WIDTH="108" HEIGHT="44" CONTENT="telle" WC="0.63" CC="00377"/>
						<SP ID="P14_SP00018" HPOS="1977" VPOS="1098" WIDTH="36"/>
						<String ID="P14_ST00021" HPOS="2013" VPOS="1054" WIDTH="92" HEIGHT="44" CONTENT="que" WC="0.63" CC="055"/>
					</TextLine>
					<TextLine ID="P14_TL00004" HPOS="562" VPOS="1114" WIDTH="1543" HEIGHT="60">
						<String ID="P14_ST00022" HPOS="562" VPOS="1114" WIDTH="49" HEIGHT="60" CONTENT="je" WC="0.72" CC="05"/>
						<SP ID="P14_SP00019" HPOS="611" VPOS="1174" WIDTH="35"/>
						<String ID="P14_ST00023" HPOS="646" VPOS="1116" WIDTH="158" HEIGHT="44" CONTENT="tombe" WC="0.99" CC="35000"/>
						<SP ID="P14_SP00020" HPOS="804" VPOS="1174" WIDTH="36"/>
						<String ID="P14_ST00024" HPOS="840" VPOS="1116" WIDTH="216" HEIGHT="45" CONTENT="anéantie" WC="0.76" CC="04407020"/>
						<SP ID="P14_SP00021" HPOS="1056" VPOS="1174" WIDTH="25"/>
						<String ID="P14_ST00025" HPOS="1081" VPOS="1117" WIDTH="174" HEIGHT="43" CONTENT="devant" WC="0.84" CC="000072"/>
						<SP ID="P14_SP00022" HPOS="1255" VPOS="1174" WIDTH="24"/>
						<String ID="P14_ST00026" HPOS="1279" VPOS="1133" WIDTH="130" HEIGHT="30" CONTENT="vous." WC="1.00" CC="00000"/>
						<SP ID="P14_SP00023" HPOS="1409" VPOS="1174" WIDTH="39"/>
						<String ID="P14_ST00027" HPOS="1448" VPOS="1116" WIDTH="133" HEIGHT="45" CONTENT="Vous" WC="1.00" CC="0000"/>
						<SP ID="P14_SP00024" HPOS="1581" VPOS="1174" WIDTH="22"/>
						<String ID="P14_ST00028" HPOS="1603" VPOS="1115" WIDTH="101" HEIGHT="45" CONTENT="ètes" WC="0.69" CC="7400"/>
						<SP ID="P14_SP00025" HPOS="1704" VPOS="1174" WIDTH="29"/>
						<String ID="P14_ST00029" HPOS="1733" VPOS="1118" WIDTH="149" HEIGHT="43" CONTENT="moins" WC="0.81" CC="00630"/>
						<SP ID="P14_SP00026" HPOS="1882" VPOS="1174" WIDTH="25"/>
						<String ID="P14_ST00030" HPOS="1907" VPOS="1115" WIDTH="174" HEIGHT="46" CONTENT="éblouis" SUBS_TYPE="HypPart1" SUBS_CONTENT="éblouissants" WC="0.81" CC="4000610"/>
						<HYP HPOS="2081" VPOS="1115" WIDTH="24" CONTENT="-"/>
					</TextLine>
					<TextLine ID="P14_TL00005" HPOS="566" VPOS="1193" WIDTH="1539" HEIGHT="61">
						<String ID="P14_ST00031" HPOS="566" VPOS="1202" WIDTH="129" HEIGHT="35" CONTENT="sants" SUBS_TYPE="HypPart2" SUBS_CONTENT="éblouissants" WC="0.71" CC="05440"/>
						<SP ID="P14_SP00027" HPOS="695" VPOS="1237" WIDTH="35"/>
						<String ID="P14_ST00032" HPOS="730" VPOS="1194" WIDTH="27" HEIGHT="43" CONTENT="à" WC="1.00" CC="9"/>
						<SP ID="P14_SP00028" HPOS="757" VPOS="1237" WIDTH="37"/>
						<String ID="P14_ST00033" HPOS="794" VPOS="1204" WIDTH="120" HEIGHT="35" CONTENT="cette" WC="0.92" CC="00300"/>
						<SP ID="P14_SP00029" HPOS="914" VPOS="1239" WIDTH="41"/>
						<String ID="P14_ST00034" HPOS="955" VPOS="1195" WIDTH="145" HEIGHT="44" CONTENT="heure" WC="0.97" CC="00000"/>
						<SP ID="P14_SP00030" HPOS="1100" VPOS="1239" WIDTH="16"/>
						<String ID="P14_ST00035" HPOS="1116" VPOS="1211" WIDTH="8" HEIGHT="28" CONTENT=":" WC="0.76" CC="2"/>
						<SP ID="P14_SP00031" HPOS="1124" VPOS="1239" WIDTH="49"/>
						<String ID="P14_ST00036" HPOS="1173" VPOS="1195" WIDTH="231" HEIGHT="59" CONTENT="peut-étre" WC="0.79" CC="000022263"/>
						<SP ID="P14_SP00032" HPOS="1404" VPOS="1254" WIDTH="46"/>
						<String ID="P14_ST00037" HPOS="1450" VPOS="1193" WIDTH="234" HEIGHT="46" CONTENT="ètes-vous" WC="0.73" CC="800650040"/>
						<SP ID="P14_SP00033" HPOS="1684" VPOS="1254" WIDTH="45"/>
						<String ID="P14_ST00038" HPOS="1729" VPOS="1194" WIDTH="104" HEIGHT="59" CONTENT="plus" WC="0.99" CC="3200"/>
						<SP ID="P14_SP00034" HPOS="1833" VPOS="1254" WIDTH="42"/>
						<String ID="P14_ST00039" HPOS="1875" VPOS="1193" WIDTH="107" HEIGHT="61" CONTENT="près" WC="0.88" CC="0040"/>
						<SP ID="P14_SP00035" HPOS="1982" VPOS="1254" WIDTH="42"/>
						<String ID="P14_ST00040" HPOS="2024" VPOS="1195" WIDTH="81" HEIGHT="44" CONTENT="des" WC="1.00" CC="000"/>
					</TextLine>
					<TextLine ID="P14_TL00006" HPOS="568" VPOS="1268" WIDTH="1534" HEIGHT="64">
						<String ID="P14_ST00041" HPOS="568" VPOS="1268" WIDTH="127" HEIGHT="47" CONTENT="àmes" WC="0.77" CC="6200"/>
						<SP ID="P14_SP00036" HPOS="695" VPOS="1315" WIDTH="36"/>
						<String ID="P14_ST00042" HPOS="731" VPOS="1272" WIDTH="272" HEIGHT="46" CONTENT="humaines?" WC="0.73" CC="302664000"/>
						<SP ID="P14_SP00037" HPOS="1003" VPOS="1318" WIDTH="48"/>
						<String ID="P14_ST00043" HPOS="1051" VPOS="1274" WIDTH="52" HEIGHT="58" CONTENT="Je" WC="0.67" CC="60"/>
						<SP ID="P14_SP00038" HPOS="1103" VPOS="1332" WIDTH="35"/>
						<String ID="P14_ST00044" HPOS="1138" VPOS="1274" WIDTH="95" HEIGHT="43" CONTENT="suis" WC="0.85" CC="0050"/>
						<SP ID="P14_SP00039" HPOS="1233" VPOS="1332" WIDTH="43"/>
						<String ID="P14_ST00045" HPOS="1276" VPOS="1274" WIDTH="43" HEIGHT="43" CONTENT="la" WC="0.93" CC="10"/>
						<SP ID="P14_SP00040" HPOS="1319" VPOS="1332" WIDTH="38"/>
						<String ID="P14_ST00046" HPOS="1357" VPOS="1273" WIDTH="294" HEIGHT="44" CONTENT="Chercheuse" WC="0.82" CC="0300660000"/>
						<SP ID="P14_SP00041" HPOS="1651" VPOS="1332" WIDTH="36"/>
						<String ID="P14_ST00047" HPOS="1687" VPOS="1274" WIDTH="77" HEIGHT="58" CONTENT="qui" WC="0.98" CC="004"/>
						<SP ID="P14_SP00042" HPOS="1764" VPOS="1332" WIDTH="35"/>
						<String ID="P14_ST00048" HPOS="1799" VPOS="1289" WIDTH="120" HEIGHT="29" CONTENT="vous" WC="1.00" CC="0000"/>
						<SP ID="P14_SP00043" HPOS="1919" VPOS="1332" WIDTH="47"/>
						<String ID="P14_ST00049" HPOS="1966" VPOS="1273" WIDTH="136" HEIGHT="47" CONTENT="aime." WC="0.79" CC="03007"/>
					</TextLine>
					<TextLine ID="P14_TL00007" HPOS="566" VPOS="1347" WIDTH="846" HEIGHT="64">
						<String ID="P14_ST00050" HPOS="566" VPOS="1347" WIDTH="52" HEIGHT="59" CONTENT="je" WC="0.56" CC="80"/>
						<SP ID="P14_SP00044" HPOS="618" VPOS="1406" WIDTH="36"/>
						<String ID="P14_ST00051" HPOS="654" VPOS="1366" WIDTH="123" HEIGHT="29" CONTENT="veux" WC="0.79" CC="8000"/>
						<SP ID="P14_SP00045" HPOS="777" VPOS="1406" WIDTH="37"/>
						<String ID="P14_ST00052" HPOS="814" VPOS="1367" WIDTH="74" HEIGHT="28" CONTENT="me" WC="0.69" CC="06"/>
						<SP ID="P14_SP00046" HPOS="888" VPOS="1406" WIDTH="35"/>
						<String ID="P14_ST00053" HPOS="923" VPOS="1352" WIDTH="166" HEIGHT="59" CONTENT="perdre" WC="0.94" CC="002010"/>
						<SP ID="P14_SP00047" HPOS="1089" VPOS="1411" WIDTH="37"/>
						<String ID="P14_ST00054" HPOS="1126" VPOS="1368" WIDTH="57" HEIGHT="29" CONTENT="en" WC="0.80" CC="04"/>
						<SP ID="P14_SP00048" HPOS="1183" VPOS="1411" WIDTH="37"/>
						<String ID="P14_ST00055" HPOS="1220" VPOS="1367" WIDTH="116" HEIGHT="29" CONTENT="vous" WC="0.97" CC="0100"/>
						<SP ID="P14_SP00049" HPOS="1336" VPOS="1411" WIDTH="19"/>
						<String ID="P14_ST00056" HPOS="1355" VPOS="1352" WIDTH="6" HEIGHT="44" CONTENT="!" WC="1.00" CC="0"/>
						<SP ID="P14_SP00050" HPOS="1361" VPOS="1411" WIDTH="31"/>
						<String ID="P14_ST00057" HPOS="1392" VPOS="1368" WIDTH="20" HEIGHT="26" CONTENT="»" WC="0.36" CC="6"/>
					</TextLine>
					<TextLine ID="P14_TL00008" HPOS="705" VPOS="1428" WIDTH="858" HEIGHT="59">
						<String ID="P14_ST00058" HPOS="705" VPOS="1429" WIDTH="129" HEIGHT="44" CONTENT="Tout" WC="0.75" CC="0504"/>
						<SP ID="P14_SP00051" HPOS="834" VPOS="1473" WIDTH="35"/>
						<String ID="P14_ST00059" HPOS="869" VPOS="1430" WIDTH="258" HEIGHT="44" CONTENT="demeurait" WC="0.87" CC="000000073"/>
						<SP ID="P14_SP00052" HPOS="1127" VPOS="1474" WIDTH="34"/>
						<String ID="P14_ST00060" HPOS="1161" VPOS="1439" WIDTH="142" HEIGHT="36" CONTENT="muet." WC="0.90" CC="00014"/>
						<SP ID="P14_SP00053" HPOS="1303" VPOS="1475" WIDTH="34"/>
						<String ID="P14_ST00061" HPOS="1337" VPOS="1428" WIDTH="54" HEIGHT="59" CONTENT="Je" WC="0.66" CC="60"/>
						<SP ID="P14_SP00054" HPOS="1391" VPOS="1487" WIDTH="37"/>
						<String ID="P14_ST00062" HPOS="1428" VPOS="1430" WIDTH="109" HEIGHT="44" CONTENT="criai" WC="0.77" CC="04402"/>
						<SP ID="P14_SP00055" HPOS="1537" VPOS="1487" WIDTH="17"/>
						<String ID="P14_ST00063" HPOS="1554" VPOS="1445" WIDTH="9" HEIGHT="29" CONTENT=":" WC="0.62" CC="3"/>
					</TextLine>
					<TextLine ID="P14_TL00009" HPOS="712" VPOS="1507" WIDTH="1394" HEIGHT="61">
						<String ID="P14_ST00064" HPOS="712" VPOS="1524" WIDTH="21" HEIGHT="26" CONTENT="«" WC="0.38" CC="6"/>
						<SP ID="P14_SP00056" HPOS="733" VPOS="1550" WIDTH="29"/>
						<String ID="P14_ST00065" HPOS="762" VPOS="1507" WIDTH="190" HEIGHT="45" CONTENT="Grands" WC="0.89" CC="000600"/>
						<SP ID="P14_SP00057" HPOS="952" VPOS="1552" WIDTH="37"/>
						<String ID="P14_ST00066" HPOS="989" VPOS="1509" WIDTH="174" HEIGHT="57" CONTENT="arbres," WC="0.89" CC="0101004"/>
						<SP ID="P14_SP00058" HPOS="1163" VPOS="1566" WIDTH="38"/>
						<String ID="P14_ST00067" HPOS="1201" VPOS="1508" WIDTH="297" HEIGHT="44" CONTENT="écoutez-moi" WC="0.76" CC="22006054005"/>
						<SP ID="P14_SP00059" HPOS="1498" VPOS="1566" WIDTH="18"/>
						<String ID="P14_ST00068" HPOS="1516" VPOS="1526" WIDTH="7" HEIGHT="34" CONTENT=";" WC="1.00" CC="0"/>
						<SP ID="P14_SP00060" HPOS="1523" VPOS="1566" WIDTH="40"/>
						<String ID="P14_ST00069" HPOS="1563" VPOS="1509" WIDTH="153" HEIGHT="58" CONTENT="parlez" WC="1.00" CC="000000"/>
						<SP ID="P14_SP00061" HPOS="1716" VPOS="1567" WIDTH="18"/>
						<String ID="P14_ST00070" HPOS="1734" VPOS="1510" WIDTH="7" HEIGHT="44" CONTENT="!" WC="0.99" CC="0"/>
						<SP ID="P14_SP00062" HPOS="1741" VPOS="1567" WIDTH="46"/>
						<String ID="P14_ST00071" HPOS="1787" VPOS="1509" WIDTH="194" HEIGHT="59" CONTENT="Chaque" WC="0.79" CC="029000"/>
						<SP ID="P14_SP00063" HPOS="1981" VPOS="1568" WIDTH="29"/>
						<String ID="P14_ST00072" HPOS="2010" VPOS="1508" WIDTH="96" HEIGHT="60" CONTENT="joie" WC="0.75" CC="3060"/>
					</TextLine>
					<TextLine ID="P14_TL00010" HPOS="571" VPOS="1585" WIDTH="1536" HEIGHT="62">
						<String ID="P14_ST00073" HPOS="571" VPOS="1601" WIDTH="117" HEIGHT="28" CONTENT="nous" WC="0.85" CC="6000"/>
						<SP ID="P14_SP00064" HPOS="688" VPOS="1629" WIDTH="36"/>
						<String ID="P14_ST00074" HPOS="724" VPOS="1587" WIDTH="161" HEIGHT="58" CONTENT="quitte." WC="0.99" CC="0033502"/>
						<SP ID="P14_SP00065" HPOS="885" VPOS="1645" WIDTH="42"/>
						<String ID="P14_ST00075" HPOS="927" VPOS="1587" WIDTH="134" HEIGHT="43" CONTENT="Nous" WC="0.98" CC="0000"/>
						<SP ID="P14_SP00066" HPOS="1061" VPOS="1645" WIDTH="38"/>
						<String ID="P14_ST00076" HPOS="1099" VPOS="1587" WIDTH="193" HEIGHT="44" CONTENT="n'avons" WC="0.69" CC="6403060"/>
						<SP ID="P14_SP00067" HPOS="1292" VPOS="1645" WIDTH="33"/>
						<String ID="P14_ST00077" HPOS="1325" VPOS="1588" WIDTH="57" HEIGHT="42" CONTENT="de" WC="1.00" CC="00"/>
						<SP ID="P14_SP00068" HPOS="1382" VPOS="1645" WIDTH="38"/>
						<String ID="P14_ST00078" HPOS="1420" VPOS="1588" WIDTH="209" HEIGHT="45" CONTENT="bonheur" WC="0.92" CC="0040000"/>
						<SP ID="P14_SP00069" HPOS="1629" VPOS="1645" WIDTH="24"/>
						<String ID="P14_ST00079" HPOS="1653" VPOS="1587" WIDTH="192" HEIGHT="60" CONTENT="qu'avec" WC="0.94" CC="0040000"/>
						<SP ID="P14_SP00070" HPOS="1845" VPOS="1647" WIDTH="31"/>
						<String ID="P14_ST00080" HPOS="1876" VPOS="1585" WIDTH="231" HEIGHT="47" CONTENT="Taffreuse" WC="0.90" CC="800000000"/>
					</TextLine>
					<TextLine ID="P14_TL00011" HPOS="570" VPOS="1664" WIDTH="1535" HEIGHT="60">
						<String ID="P14_ST00081" HPOS="570" VPOS="1672" WIDTH="178" HEIGHT="35" CONTENT="attente" WC="0.99" CC="0000850"/>
						<SP ID="P14_SP00071" HPOS="748" VPOS="1707" WIDTH="36"/>
						<String ID="P14_ST00082" HPOS="784" VPOS="1665" WIDTH="57" HEIGHT="43" CONTENT="de" WC="1.00" CC="00"/>
						<SP ID="P14_SP00072" HPOS="841" VPOS="1708" WIDTH="36"/>
						<String ID="P14_ST00083" HPOS="877" VPOS="1664" WIDTH="44" HEIGHT="45" CONTENT="la" WC="0.97" CC="00"/>
						<SP ID="P14_SP00073" HPOS="921" VPOS="1709" WIDTH="35"/>
						<String ID="P14_ST00084" HPOS="956" VPOS="1667" WIDTH="100" HEIGHT="42" CONTENT="voir" WC="0.82" CC="0016"/>
						<SP ID="P14_SP00074" HPOS="1056" VPOS="1709" WIDTH="35"/>
						<String ID="P14_ST00085" HPOS="1091" VPOS="1664" WIDTH="287" HEIGHT="60" CONTENT="disparaìtre." WC="0.86" CC="050000023401"/>
						<SP ID="P14_SP00075" HPOS="1378" VPOS="1724" WIDTH="42"/>
						<String ID="P14_ST00086" HPOS="1420" VPOS="1667" WIDTH="92" HEIGHT="45" CONTENT="Oui" WC="0.91" CC="002"/>
						<SP ID="P14_SP00076" HPOS="1512" VPOS="1724" WIDTH="19"/>
						<String ID="P14_ST00087" HPOS="1531" VPOS="1667" WIDTH="7" HEIGHT="43" CONTENT="!" WC="1.00" CC="0"/>
						<SP ID="P14_SP00077" HPOS="1538" VPOS="1724" WIDTH="28"/>
						<String ID="P14_ST00088" HPOS="1566" VPOS="1665" WIDTH="115" HEIGHT="45" CONTENT="c'est" WC="0.91" CC="04000"/>
						<SP ID="P14_SP00078" HPOS="1681" VPOS="1724" WIDTH="35"/>
						<String ID="P14_ST00089" HPOS="1716" VPOS="1667" WIDTH="43" HEIGHT="43" CONTENT="là" WC="0.90" CC="01"/>
						<SP ID="P14_SP00079" HPOS="1759" VPOS="1724" WIDTH="35"/>
						<String ID="P14_ST00090" HPOS="1794" VPOS="1675" WIDTH="129" HEIGHT="35" CONTENT="toute" WC="0.84" CC="43000"/>
						<SP ID="P14_SP00080" HPOS="1923" VPOS="1724" WIDTH="31"/>
						<String ID="P14_ST00091" HPOS="1954" VPOS="1665" WIDTH="42" HEIGHT="44" CONTENT="la" WC="0.81" CC="30"/>
						<SP ID="P14_SP00081" HPOS="1996" VPOS="1724" WIDTH="24"/>
						<String ID="P14_ST00092" HPOS="2020" VPOS="1665" WIDTH="85" HEIGHT="47" CONTENT="vie." WC="0.99" CC="0006"/>
					</TextLine>
					<TextLine ID="P14_TL00012" HPOS="571" VPOS="1740" WIDTH="1533" HEIGHT="64">
						<String ID="P14_ST00093" HPOS="571" VPOS="1740" WIDTH="95" HEIGHT="58" CONTENT="Qui" WC="0.96" CC="605"/>
						<SP ID="P14_SP00082" HPOS="666" VPOS="1798" WIDTH="54"/>
						<String ID="P14_ST00094" HPOS="720" VPOS="1757" WIDTH="117" HEIGHT="29" CONTENT="nous" WC="0.75" CC="8100"/>
						<SP ID="P14_SP00083" HPOS="837" VPOS="1798" WIDTH="54"/>
						<String ID="P14_ST00095" HPOS="891" VPOS="1743" WIDTH="263" HEIGHT="45" CONTENT="consolerà?" WC="1.00" CC="0000040000"/>
						<SP ID="P14_SP00084" HPOS="1154" VPOS="1798" WIDTH="56"/>
						<String ID="P14_ST00096" HPOS="1210" VPOS="1744" WIDTH="132" HEIGHT="44" CONTENT="Nous" WC="1.00" CC="0000"/>
						<SP ID="P14_SP00085" HPOS="1342" VPOS="1798" WIDTH="52"/>
						<String ID="P14_ST00097" HPOS="1394" VPOS="1746" WIDTH="201" HEIGHT="58" CONTENT="perdons" WC="1.00" CC="0000000"/>
						<SP ID="P14_SP00086" HPOS="1595" VPOS="1804" WIDTH="36"/>
						<String ID="P14_ST00098" HPOS="1631" VPOS="1754" WIDTH="100" HEIGHT="35" CONTENT="tout" WC="1.00" CC="0000"/>
						<SP ID="P14_SP00087" HPOS="1731" VPOS="1804" WIDTH="35"/>
						<String ID="P14_ST00099" HPOS="1766" VPOS="1761" WIDTH="51" HEIGHT="28" CONTENT="ce" WC="1.00" CC="00"/>
						<SP ID="P14_SP00088" HPOS="1817" VPOS="1804" WIDTH="41"/>
						<String ID="P14_ST00100" HPOS="1858" VPOS="1761" WIDTH="91" HEIGHT="43" CONTENT="que" WC="1.00" CC="000"/>
						<SP ID="P14_SP00089" HPOS="1949" VPOS="1804" WIDTH="38"/>
						<String ID="P14_ST00101" HPOS="1987" VPOS="1761" WIDTH="117" HEIGHT="29" CONTENT="nous" WC="0.97" CC="0100"/>
					</TextLine>
					<TextLine ID="P14_TL00013" HPOS="571" VPOS="1820" WIDTH="844" HEIGHT="59">
						<String ID="P14_ST00102" HPOS="571" VPOS="1820" WIDTH="193" HEIGHT="44" CONTENT="aimons." WC="0.88" CC="0402001"/>
						<SP ID="P14_SP00090" HPOS="764" VPOS="1864" WIDTH="42"/>
						<String ID="P14_ST00103" HPOS="806" VPOS="1820" WIDTH="94" HEIGHT="59" CONTENT="Qui" WC="0.95" CC="606"/>
						<SP ID="P14_SP00091" HPOS="900" VPOS="1879" WIDTH="38"/>
						<String ID="P14_ST00104" HPOS="938" VPOS="1837" WIDTH="117" HEIGHT="28" CONTENT="nous" WC="0.93" CC="0200"/>
						<SP ID="P14_SP00092" HPOS="1055" VPOS="1879" WIDTH="38"/>
						<String ID="P14_ST00105" HPOS="1093" VPOS="1822" WIDTH="273" HEIGHT="45" CONTENT="consolerà?" WC="1.00" CC="0410000000"/>
						<SP ID="P14_SP00093" HPOS="1366" VPOS="1879" WIDTH="29"/>
						<String ID="P14_ST00106" HPOS="1395" VPOS="1839" WIDTH="20" HEIGHT="27" CONTENT="&gt;" WC="0.28" CC="7"/>
					</TextLine>
					<TextLine ID="P14_TL00014" HPOS="706" VPOS="1896" WIDTH="589" HEIGHT="61">
						<String ID="P14_ST00107" HPOS="706" VPOS="1896" WIDTH="142" HEIGHT="46" CONTENT="Alors" WC="0.93" CC="03000"/>
						<SP ID="P14_SP00094" HPOS="848" VPOS="1942" WIDTH="38"/>
						<String ID="P14_ST00108" HPOS="886" VPOS="1899" WIDTH="54" HEIGHT="44" CONTENT="ils" WC="0.78" CC="240"/>
						<SP ID="P14_SP00095" HPOS="940" VPOS="1943" WIDTH="35"/>
						<String ID="P14_ST00109" HPOS="975" VPOS="1898" WIDTH="320" HEIGHT="59" CONTENT="répondirent:" WC="0.87" CC="050000400006"/>
					</TextLine>
					<TextLine ID="P14_TL00015" HPOS="715" VPOS="1976" WIDTH="1391" HEIGHT="63">
						<String ID="P14_ST00110" HPOS="715" VPOS="1996" WIDTH="17" HEIGHT="20" CONTENT="«" WC="0.56" CC="4"/>
						<SP ID="P14_SP00096" HPOS="732" VPOS="2016" WIDTH="32"/>
						<String ID="P14_ST00111" HPOS="764" VPOS="1976" WIDTH="69" HEIGHT="45" CONTENT="La" WC="1.00" CC="00"/>
						<SP ID="P14_SP00097" HPOS="833" VPOS="2021" WIDTH="36"/>
						<String ID="P14_ST00112" HPOS="869" VPOS="1976" WIDTH="115" HEIGHT="45" CONTENT="fleur" WC="0.93" CC="11000"/>
						<SP ID="P14_SP00098" HPOS="984" VPOS="2021" WIDTH="37"/>
						<String ID="P14_ST00113" HPOS="1021" VPOS="1993" WIDTH="57" HEIGHT="28" CONTENT="ne" WC="1.00" CC="00"/>
						<SP ID="P14_SP00099" HPOS="1078" VPOS="2021" WIDTH="38"/>
						<String ID="P14_ST00114" HPOS="1116" VPOS="1988" WIDTH="151" HEIGHT="34" CONTENT="meurt" WC="1.00" CC="00000"/>
						<SP ID="P14_SP00100" HPOS="1267" VPOS="2022" WIDTH="24"/>
						<String ID="P14_ST00115" HPOS="1291" VPOS="1995" WIDTH="91" HEIGHT="42" CONTENT="que" WC="1.00" CC="000"/>
						<SP ID="P14_SP00101" HPOS="1382" VPOS="2037" WIDTH="36"/>
						<String ID="P14_ST00116" HPOS="1418" VPOS="1995" WIDTH="117" HEIGHT="44" CONTENT="pour" WC="0.76" CC="7002"/>
						<SP ID="P14_SP00102" HPOS="1535" VPOS="2039" WIDTH="36"/>
						<String ID="P14_ST00117" HPOS="1571" VPOS="1990" WIDTH="213" HEIGHT="37" CONTENT="renaitre." WC="0.87" CC="004006000"/>
						<SP ID="P14_SP00103" HPOS="1784" VPOS="2039" WIDTH="40"/>
						<String ID="P14_ST00118" HPOS="1824" VPOS="1980" WIDTH="77" HEIGHT="44" CONTENT="Oh" WC="1.00" CC="00"/>
						<SP ID="P14_SP00104" HPOS="1901" VPOS="2039" WIDTH="28"/>
						<String ID="P14_ST00119" HPOS="1929" VPOS="1978" WIDTH="177" HEIGHT="45" CONTENT="Beauté" WC="0.75" CC="510025"/>
					</TextLine>
					<TextLine ID="P14_TL00016" HPOS="571" VPOS="2052" WIDTH="1536" HEIGHT="63">
						<String ID="P14_ST00120" HPOS="571" VPOS="2052" WIDTH="189" HEIGHT="53" CONTENT="blessée," WC="0.82" CC="04000604"/>
						<SP ID="P14_SP00105" HPOS="760" VPOS="2105" WIDTH="60"/>
						<String ID="P14_ST00121" HPOS="820" VPOS="2054" WIDTH="176" HEIGHT="45" CONTENT="Beauté" WC="0.77" CC="000093"/>
						<SP ID="P14_SP00106" HPOS="996" VPOS="2105" WIDTH="55"/>
						<String ID="P14_ST00122" HPOS="1051" VPOS="2055" WIDTH="176" HEIGHT="60" CONTENT="fragile," WC="0.99" CC="40076006"/>
						<SP ID="P14_SP00107" HPOS="1227" VPOS="2115" WIDTH="54"/>
						<String ID="P14_ST00123" HPOS="1281" VPOS="2073" WIDTH="90" HEIGHT="42" CONTENT="que" WC="0.88" CC="003"/>
						<SP ID="P14_SP00108" HPOS="1371" VPOS="2115" WIDTH="52"/>
						<String ID="P14_ST00124" HPOS="1423" VPOS="2068" WIDTH="196" HEIGHT="34" CONTENT="veux-tu" WC="0.78" CC="0030542"/>
						<SP ID="P14_SP00109" HPOS="1619" VPOS="2115" WIDTH="53"/>
						<String ID="P14_ST00125" HPOS="1672" VPOS="2059" WIDTH="58" HEIGHT="43" CONTENT="de" WC="1.00" CC="00"/>
						<SP ID="P14_SP00110" HPOS="1730" VPOS="2115" WIDTH="61"/>
						<String ID="P14_ST00126" HPOS="1791" VPOS="2058" WIDTH="148" HEIGHT="44" CONTENT="nous?" WC="0.76" CC="60500"/>
						<SP ID="P14_SP00111" HPOS="1939" VPOS="2115" WIDTH="62"/>
						<String ID="P14_ST00127" HPOS="2001" VPOS="2058" WIDTH="106" HEIGHT="57" CONTENT="Que" WC="1.00" CC="000"/>
					</TextLine>
					<TextLine ID="P14_TL00017" HPOS="571" VPOS="2135" WIDTH="1537" HEIGHT="59">
						<String ID="P14_ST00128" HPOS="571" VPOS="2147" WIDTH="352" HEIGHT="42" CONTENT="pouvons-nous" WC="0.95" CC="000000040000"/>
						<SP ID="P14_SP00112" HPOS="923" VPOS="2189" WIDTH="35"/>
						<String ID="P14_ST00129" HPOS="958" VPOS="2150" WIDTH="118" HEIGHT="42" CONTENT="pour" WC="0.68" CC="0309"/>
						<SP ID="P14_SP00113" HPOS="1076" VPOS="2192" WIDTH="22"/>
						<String ID="P14_ST00130" HPOS="1098" VPOS="2150" WIDTH="116" HEIGHT="28" CONTENT="vous" WC="1.00" CC="0000"/>
						<SP ID="P14_SP00114" HPOS="1214" VPOS="2192" WIDTH="25"/>
						<String ID="P14_ST00131" HPOS="1239" VPOS="2135" WIDTH="78" HEIGHT="59" CONTENT="qui" WC="0.98" CC="004"/>
						<SP ID="P14_SP00115" HPOS="1317" VPOS="2194" WIDTH="25"/>
						<String ID="P14_ST00132" HPOS="1342" VPOS="2150" WIDTH="109" HEIGHT="29" CONTENT="avez" WC="0.88" CC="0004"/>
						<SP ID="P14_SP00116" HPOS="1451" VPOS="2194" WIDTH="25"/>
						<String ID="P14_ST00133" HPOS="1476" VPOS="2135" WIDTH="154" HEIGHT="45" CONTENT="oublié" WC="0.85" CC="000034"/>
						<SP ID="P14_SP00117" HPOS="1630" VPOS="2194" WIDTH="25"/>
						<String ID="P14_ST00134" HPOS="1655" VPOS="2135" WIDTH="43" HEIGHT="45" CONTENT="la" WC="1.00" CC="00"/>
						<SP ID="P14_SP00118" HPOS="1698" VPOS="2194" WIDTH="27"/>
						<String ID="P14_ST00135" HPOS="1725" VPOS="2135" WIDTH="116" HEIGHT="45" CONTENT="Pitié" WC="0.70" CC="04063"/>
						<SP ID="P14_SP00119" HPOS="1841" VPOS="2194" WIDTH="26"/>
						<String ID="P14_ST00136" HPOS="1867" VPOS="2145" WIDTH="45" HEIGHT="36" CONTENT="et" WC="1.00" CC="00"/>
						<SP ID="P14_SP00120" HPOS="1912" VPOS="2194" WIDTH="34"/>
						<String ID="P14_ST00137" HPOS="1946" VPOS="2136" WIDTH="44" HEIGHT="45" CONTENT="la" WC="0.81" CC="30"/>
						<SP ID="P14_SP00121" HPOS="1990" VPOS="2194" WIDTH="26"/>
						<String ID="P14_ST00138" HPOS="2016" VPOS="2137" WIDTH="62" HEIGHT="44" CONTENT="Ve" SUBS_TYPE="HypPart1" SUBS_CONTENT="Verité," WC="0.82" CC="00"/>
						<HYP HPOS="2078" VPOS="2137" WIDTH="30" CONTENT="-"/>
					</TextLine>
					<TextLine ID="P14_TL00018" HPOS="572" VPOS="2208" WIDTH="1536" HEIGHT="68">
						<String ID="P14_ST00139" HPOS="572" VPOS="2208" WIDTH="100" HEIGHT="53" CONTENT="rité," SUBS_TYPE="HypPart2" SUBS_CONTENT="Verité," WC="0.65" CC="05074"/>
						<SP ID="P14_SP00122" HPOS="672" VPOS="2261" WIDTH="40"/>
						<String ID="P14_ST00140" HPOS="712" VPOS="2210" WIDTH="78" HEIGHT="59" CONTENT="qui" WC="0.97" CC="025"/>
						<SP ID="P14_SP00123" HPOS="790" VPOS="2269" WIDTH="38"/>
						<String ID="P14_ST00141" HPOS="828" VPOS="2226" WIDTH="58" HEIGHT="29" CONTENT="ne" WC="1.00" CC="00"/>
						<SP ID="P14_SP00124" HPOS="886" VPOS="2269" WIDTH="34"/>
						<String ID="P14_ST00142" HPOS="920" VPOS="2211" WIDTH="128" HEIGHT="44" CONTENT="vivez" WC="0.90" CC="02002"/>
						<SP ID="P14_SP00125" HPOS="1048" VPOS="2269" WIDTH="36"/>
						<String ID="P14_ST00143" HPOS="1084" VPOS="2228" WIDTH="92" HEIGHT="42" CONTENT="que" WC="1.00" CC="000"/>
						<SP ID="P14_SP00126" HPOS="1176" VPOS="2270" WIDTH="37"/>
						<String ID="P14_ST00144" HPOS="1213" VPOS="2213" WIDTH="57" HEIGHT="43" CONTENT="de" WC="0.58" CC="08"/>
						<SP ID="P14_SP00127" HPOS="1270" VPOS="2270" WIDTH="38"/>
						<String ID="P14_ST00145" HPOS="1308" VPOS="2215" WIDTH="124" HEIGHT="42" CONTENT="chair" WC="0.76" CC="06031"/>
						<SP ID="P14_SP00128" HPOS="1432" VPOS="2270" WIDTH="35"/>
						<String ID="P14_ST00146" HPOS="1467" VPOS="2223" WIDTH="47" HEIGHT="35" CONTENT="et" WC="1.00" CC="00"/>
						<SP ID="P14_SP00129" HPOS="1514" VPOS="2270" WIDTH="24"/>
						<String ID="P14_ST00147" HPOS="1538" VPOS="2215" WIDTH="58" HEIGHT="43" CONTENT="de" WC="1.00" CC="00"/>
						<SP ID="P14_SP00130" HPOS="1596" VPOS="2270" WIDTH="26"/>
						<String ID="P14_ST00148" HPOS="1622" VPOS="2230" WIDTH="131" HEIGHT="44" CONTENT="sang," WC="0.79" CC="20007"/>
						<SP ID="P14_SP00131" HPOS="1753" VPOS="2274" WIDTH="40"/>
						<String ID="P14_ST00149" HPOS="1793" VPOS="2215" WIDTH="78" HEIGHT="59" CONTENT="qui" WC="0.99" CC="020"/>
						<SP ID="P14_SP00132" HPOS="1871" VPOS="2274" WIDTH="21"/>
						<String ID="P14_ST00150" HPOS="1892" VPOS="2216" WIDTH="216" HEIGHT="60" CONTENT="craignez" WC="0.85" CC="00050500"/>
					</TextLine>
					<TextLine ID="P14_TL00019" HPOS="570" VPOS="2287" WIDTH="1006" HEIGHT="62">
						<String ID="P14_ST00151" HPOS="570" VPOS="2287" WIDTH="44" HEIGHT="44" CONTENT="la" WC="0.74" CC="50"/>
						<SP ID="P14_SP00133" HPOS="614" VPOS="2331" WIDTH="38"/>
						<String ID="P14_ST00152" HPOS="652" VPOS="2287" WIDTH="230" HEIGHT="55" CONTENT="Lumière," WC="1.00" CC="00035000"/>
						<SP ID="P14_SP00134" HPOS="882" VPOS="2342" WIDTH="39"/>
						<String ID="P14_ST00153" HPOS="921" VPOS="2289" WIDTH="79" HEIGHT="60" CONTENT="qui" WC="0.99" CC="002"/>
						<SP ID="P14_SP00135" HPOS="1000" VPOS="2349" WIDTH="38"/>
						<String ID="P14_ST00154" HPOS="1038" VPOS="2290" WIDTH="131" HEIGHT="59" CONTENT="fuyez" WC="0.82" CC="02006"/>
						<SP ID="P14_SP00136" HPOS="1169" VPOS="2349" WIDTH="37"/>
						<String ID="P14_ST00155" HPOS="1206" VPOS="2291" WIDTH="43" HEIGHT="43" CONTENT="la" WC="0.84" CC="30"/>
						<SP ID="P14_SP00137" HPOS="1249" VPOS="2349" WIDTH="39"/>
						<String ID="P14_ST00156" HPOS="1288" VPOS="2291" WIDTH="239" HEIGHT="46" CONTENT="Solitude?" WC="0.92" CC="000140000"/>
						<SP ID="P14_SP00138" HPOS="1527" VPOS="2349" WIDTH="29"/>
						<String ID="P14_ST00157" HPOS="1556" VPOS="2310" WIDTH="20" HEIGHT="26" CONTENT="»" WC="0.47" CC="5"/>
					</TextLine>
					<TextLine ID="P14_TL00020" HPOS="713" VPOS="2366" WIDTH="1395" HEIGHT="66">
						<String ID="P14_ST00158" HPOS="713" VPOS="2382" WIDTH="20" HEIGHT="27" CONTENT="«" WC="0.25" CC="7"/>
						<SP ID="P14_SP00139" HPOS="733" VPOS="2409" WIDTH="23"/>
						<String ID="P14_ST00159" HPOS="756" VPOS="2366" WIDTH="51" HEIGHT="58" CONTENT="Je" WC="0.77" CC="40"/>
						<SP ID="P14_SP00140" HPOS="807" VPOS="2424" WIDTH="35"/>
						<String ID="P14_ST00160" HPOS="842" VPOS="2367" WIDTH="145" HEIGHT="44" CONTENT="vivrai" WC="0.99" CC="020401"/>
						<SP ID="P14_SP00141" HPOS="987" VPOS="2424" WIDTH="26"/>
						<String ID="P14_ST00161" HPOS="1013" VPOS="2368" WIDTH="61" HEIGHT="43" CONTENT="du" WC="1.00" CC="00"/>
						<SP ID="P14_SP00142" HPOS="1074" VPOS="2424" WIDTH="31"/>
						<String ID="P14_ST00162" HPOS="1105" VPOS="2368" WIDTH="165" HEIGHT="45" CONTENT="travail" WC="0.89" CC="0000033"/>
						<SP ID="P14_SP00143" HPOS="1270" VPOS="2424" WIDTH="36"/>
						<String ID="P14_ST00163" HPOS="1306" VPOS="2370" WIDTH="78" HEIGHT="58" CONTENT="qui" WC="0.98" CC="004"/>
						<SP ID="P14_SP00144" HPOS="1384" VPOS="2428" WIDTH="38"/>
						<String ID="P14_ST00164" HPOS="1422" VPOS="2372" WIDTH="200" HEIGHT="51" CONTENT="console," WC="1.00" CC="00300020"/>
						<SP ID="P14_SP00145" HPOS="1622" VPOS="2428" WIDTH="29"/>
						<String ID="P14_ST00165" HPOS="1651" VPOS="2372" WIDTH="58" HEIGHT="43" CONTENT="de" WC="1.00" CC="00"/>
						<SP ID="P14_SP00146" HPOS="1709" VPOS="2428" WIDTH="24"/>
						<String ID="P14_ST00166" HPOS="1733" VPOS="2371" WIDTH="44" HEIGHT="45" CONTENT="la" WC="0.69" CC="60"/>
						<SP ID="P14_SP00147" HPOS="1777" VPOS="2428" WIDTH="18"/>
						<String ID="P14_ST00167" HPOS="1795" VPOS="2373" WIDTH="170" HEIGHT="59" CONTENT="justice" WC="0.90" CC="0002400"/>
						<SP ID="P14_SP00148" HPOS="1965" VPOS="2432" WIDTH="24"/>
						<String ID="P14_ST00168" HPOS="1989" VPOS="2388" WIDTH="119" HEIGHT="43" CONTENT="pour" WC="1.00" CC="0000"/>
					</TextLine>
					<TextLine ID="P14_TL00021" HPOS="574" VPOS="2444" WIDTH="1530" HEIGHT="67">
						<String ID="P14_ST00169" HPOS="574" VPOS="2453" WIDTH="128" HEIGHT="35" CONTENT="toute" WC="0.85" CC="50020"/>
						<SP ID="P14_SP00149" HPOS="702" VPOS="2488" WIDTH="26"/>
						<String ID="P14_ST00170" HPOS="728" VPOS="2444" WIDTH="44" HEIGHT="45" CONTENT="la" WC="0.75" CC="50"/>
						<SP ID="P14_SP00150" HPOS="772" VPOS="2489" WIDTH="25"/>
						<String ID="P14_ST00171" HPOS="797" VPOS="2454" WIDTH="178" HEIGHT="37" CONTENT="nature." WC="0.99" CC="0060003"/>
						<SP ID="P14_SP00151" HPOS="975" VPOS="2491" WIDTH="22"/>
						<String ID="P14_ST00172" HPOS="997" VPOS="2446" WIDTH="52" HEIGHT="57" CONTENT="Je" WC="1.00" CC="00"/>
						<SP ID="P14_SP00152" HPOS="1049" VPOS="2503" WIDTH="21"/>
						<String ID="P14_ST00173" HPOS="1070" VPOS="2462" WIDTH="57" HEIGHT="28" CONTENT="ne" WC="1.00" CC="00"/>
						<SP ID="P14_SP00153" HPOS="1127" VPOS="2503" WIDTH="29"/>
						<String ID="P14_ST00174" HPOS="1156" VPOS="2463" WIDTH="72" HEIGHT="27" CONTENT="me" WC="0.69" CC="60"/>
						<SP ID="P14_SP00154" HPOS="1228" VPOS="2503" WIDTH="28"/>
						<String ID="P14_ST00175" HPOS="1256" VPOS="2449" WIDTH="225" HEIGHT="42" CONTENT="nourrirai" WC="0.78" CC="000904005"/>
						<SP ID="P14_SP00155" HPOS="1481" VPOS="2503" WIDTH="22"/>
						<String ID="P14_ST00176" HPOS="1503" VPOS="2450" WIDTH="44" HEIGHT="41" CONTENT="ni" WC="0.82" CC="03"/>
						<SP ID="P14_SP00156" HPOS="1547" VPOS="2503" WIDTH="28"/>
						<String ID="P14_ST00177" HPOS="1575" VPOS="2450" WIDTH="57" HEIGHT="43" CONTENT="de" WC="1.00" CC="00"/>
						<SP ID="P14_SP00157" HPOS="1632" VPOS="2503" WIDTH="20"/>
						<String ID="P14_ST00178" HPOS="1652" VPOS="2450" WIDTH="137" HEIGHT="55" CONTENT="chair," WC="0.85" CC="010204"/>
						<SP ID="P14_SP00158" HPOS="1789" VPOS="2505" WIDTH="31"/>
						<String ID="P14_ST00179" HPOS="1820" VPOS="2451" WIDTH="45" HEIGHT="43" CONTENT="ni" WC="0.49" CC="54"/>
						<SP ID="P14_SP00159" HPOS="1865" VPOS="2505" WIDTH="25"/>
						<String ID="P14_ST00180" HPOS="1890" VPOS="2451" WIDTH="57" HEIGHT="44" CONTENT="de" WC="1.00" CC="00"/>
						<SP ID="P14_SP00160" HPOS="1947" VPOS="2505" WIDTH="24"/>
						<String ID="P14_ST00181" HPOS="1971" VPOS="2467" WIDTH="133" HEIGHT="44" CONTENT="sang," WC="0.72" CC="00094"/>
					</TextLine>
					<TextLine ID="P14_TL00022" HPOS="571" VPOS="2521" WIDTH="1536" HEIGHT="60">
						<String ID="P14_ST00182" HPOS="571" VPOS="2521" WIDTH="116" HEIGHT="45" CONTENT="mais" WC="0.99" CC="0060"/>
						<SP ID="P14_SP00161" HPOS="687" VPOS="2566" WIDTH="37"/>
						<String ID="P14_ST00183" HPOS="724" VPOS="2523" WIDTH="58" HEIGHT="44" CONTENT="de" WC="1.00" CC="00"/>
						<SP ID="P14_SP00162" HPOS="782" VPOS="2567" WIDTH="36"/>
						<String ID="P14_ST00184" HPOS="818" VPOS="2523" WIDTH="44" HEIGHT="44" CONTENT="la" WC="0.77" CC="40"/>
						<SP ID="P14_SP00163" HPOS="862" VPOS="2567" WIDTH="36"/>
						<String ID="P14_ST00185" HPOS="898" VPOS="2523" WIDTH="145" HEIGHT="44" CONTENT="farine" WC="0.99" CC="001620"/>
						<SP ID="P14_SP00164" HPOS="1043" VPOS="2567" WIDTH="36"/>
						<String ID="P14_ST00186" HPOS="1079" VPOS="2524" WIDTH="251" HEIGHT="57" CONTENT="parfumée," WC="0.91" CC="000000403"/>
						<SP ID="P14_SP00165" HPOS="1330" VPOS="2581" WIDTH="40"/>
						<String ID="P14_ST00187" HPOS="1370" VPOS="2526" WIDTH="59" HEIGHT="43" CONTENT="du" WC="1.00" CC="00"/>
						<SP ID="P14_SP00166" HPOS="1429" VPOS="2581" WIDTH="38"/>
						<String ID="P14_ST00188" HPOS="1467" VPOS="2526" WIDTH="75" HEIGHT="44" CONTENT="vin" WC="0.66" CC="045"/>
						<SP ID="P14_SP00167" HPOS="1542" VPOS="2581" WIDTH="50"/>
						<String ID="P14_ST00189" HPOS="1592" VPOS="2524" WIDTH="314" HEIGHT="48" CONTENT="réconfortant" WC="0.86" CC="050060010002"/>
						<SP ID="P14_SP00168" HPOS="1906" VPOS="2581" WIDTH="36"/>
						<String ID="P14_ST00190" HPOS="1942" VPOS="2538" WIDTH="46" HEIGHT="35" CONTENT="et" WC="1.00" CC="00"/>
						<SP ID="P14_SP00169" HPOS="1988" VPOS="2581" WIDTH="36"/>
						<String ID="P14_ST00191" HPOS="2024" VPOS="2530" WIDTH="83" HEIGHT="44" CONTENT="des" WC="1.00" CC="000"/>
					</TextLine>
				</TextBlock>
				<TextBlock ID="P14_TB00003" HPOS="2239" VPOS="955" WIDTH="1544" HEIGHT="1624" STYLEREFS="TXT_1 PAR_BLOCK">
					<TextLine ID="P14_TL00023" HPOS="2244" VPOS="958" WIDTH="1539" HEIGHT="67">
						<String ID="P14_ST00192" HPOS="2244" VPOS="960" WIDTH="132" HEIGHT="45" CONTENT="fruits" WC="0.83" CC="200510"/>
						<SP ID="P14_SP00170" HPOS="2376" VPOS="1005" WIDTH="35"/>
						<String ID="P14_ST00193" HPOS="2411" VPOS="958" WIDTH="101" HEIGHT="46" CONTENT="d'or" WC="1.00" CC="0000"/>
						<SP ID="P14_SP00171" HPOS="2512" VPOS="1005" WIDTH="35"/>
						<String ID="P14_ST00194" HPOS="2547" VPOS="961" WIDTH="83" HEIGHT="45" CONTENT="des" WC="1.00" CC="000"/>
						<SP ID="P14_SP00172" HPOS="2630" VPOS="1006" WIDTH="35"/>
						<String ID="P14_ST00195" HPOS="2665" VPOS="962" WIDTH="173" HEIGHT="45" CONTENT="arbres." WC="0.90" CC="2002200"/>
						<SP ID="P14_SP00173" HPOS="2838" VPOS="1007" WIDTH="34"/>
						<String ID="P14_ST00196" HPOS="2872" VPOS="963" WIDTH="50" HEIGHT="59" CONTENT="Je" WC="0.62" CC="70"/>
						<SP ID="P14_SP00174" HPOS="2922" VPOS="1022" WIDTH="38"/>
						<String ID="P14_ST00197" HPOS="2960" VPOS="980" WIDTH="57" HEIGHT="29" CONTENT="ne" WC="0.89" CC="10"/>
						<SP ID="P14_SP00175" HPOS="3017" VPOS="1022" WIDTH="36"/>
						<String ID="P14_ST00198" HPOS="3053" VPOS="966" WIDTH="238" HEIGHT="59" CONTENT="chargerai" WC="0.87" CC="050000005"/>
						<SP ID="P14_SP00176" HPOS="3291" VPOS="1025" WIDTH="37"/>
						<String ID="P14_ST00199" HPOS="3328" VPOS="964" WIDTH="104" HEIGHT="59" CONTENT="plus" WC="0.97" CC="2470"/>
						<SP ID="P14_SP00177" HPOS="3432" VPOS="1025" WIDTH="25"/>
						<String ID="P14_ST00200" HPOS="3457" VPOS="980" WIDTH="100" HEIGHT="29" CONTENT="mes" WC="1.00" CC="000"/>
						<SP ID="P14_SP00178" HPOS="3557" VPOS="1025" WIDTH="33"/>
						<String ID="P14_ST00201" HPOS="3590" VPOS="963" WIDTH="193" HEIGHT="60" CONTENT="épaules" WC="0.82" CC="2004500"/>
					</TextLine>
					<TextLine ID="P14_TL00024" HPOS="2245" VPOS="1038" WIDTH="1536" HEIGHT="65">
						<String ID="P14_ST00202" HPOS="2245" VPOS="1039" WIDTH="58" HEIGHT="44" CONTENT="de" WC="0.79" CC="04"/>
						<SP ID="P14_SP00179" HPOS="2303" VPOS="1083" WIDTH="35"/>
						<String ID="P14_ST00203" HPOS="2338" VPOS="1038" WIDTH="183" HEIGHT="60" CONTENT="paroles" WC="0.74" CC="3014620"/>
						<SP ID="P14_SP00180" HPOS="2521" VPOS="1098" WIDTH="34"/>
						<String ID="P14_ST00204" HPOS="2555" VPOS="1048" WIDTH="46" HEIGHT="36" CONTENT="et" WC="0.83" CC="03"/>
						<SP ID="P14_SP00181" HPOS="2601" VPOS="1098" WIDTH="35"/>
						<String ID="P14_ST00205" HPOS="2636" VPOS="1040" WIDTH="57" HEIGHT="44" CONTENT="de" WC="1.00" CC="00"/>
						<SP ID="P14_SP00182" HPOS="2693" VPOS="1098" WIDTH="34"/>
						<String ID="P14_ST00206" HPOS="2727" VPOS="1040" WIDTH="184" HEIGHT="45" CONTENT="valeurs" WC="0.85" CC="2020500"/>
						<SP ID="P14_SP00183" HPOS="2911" VPOS="1098" WIDTH="46"/>
						<String ID="P14_ST00207" HPOS="2957" VPOS="1041" WIDTH="285" HEIGHT="61" CONTENT="étrangères," WC="0.77" CC="34002750000"/>
						<SP ID="P14_SP00184" HPOS="3242" VPOS="1102" WIDTH="39"/>
						<String ID="P14_ST00208" HPOS="3281" VPOS="1043" WIDTH="209" HEIGHT="52" CONTENT="lourdes;" WC="0.79" CC="71600000"/>
						<SP ID="P14_SP00185" HPOS="3490" VPOS="1102" WIDTH="43"/>
						<String ID="P14_ST00209" HPOS="3533" VPOS="1043" WIDTH="50" HEIGHT="60" CONTENT="je" WC="0.86" CC="20"/>
						<SP ID="P14_SP00186" HPOS="3583" VPOS="1103" WIDTH="48"/>
						<String ID="P14_ST00210" HPOS="3631" VPOS="1043" WIDTH="150" HEIGHT="44" CONTENT="finirai" WC="0.98" CC="0024077"/>
					</TextLine>
					<TextLine ID="P14_TL00025" HPOS="2244" VPOS="1116" WIDTH="1539" HEIGHT="64">
						<String ID="P14_ST00211" HPOS="2244" VPOS="1116" WIDTH="45" HEIGHT="45" CONTENT="la" WC="0.81" CC="30"/>
						<SP ID="P14_SP00187" HPOS="2289" VPOS="1161" WIDTH="35"/>
						<String ID="P14_ST00212" HPOS="2324" VPOS="1118" WIDTH="72" HEIGHT="43" CONTENT="vie" WC="1.00" CC="000"/>
						<SP ID="P14_SP00188" HPOS="2396" VPOS="1161" WIDTH="35"/>
						<String ID="P14_ST00213" HPOS="2431" VPOS="1117" WIDTH="116" HEIGHT="44" CONTENT="dans" WC="1.00" CC="0000"/>
						<SP ID="P14_SP00189" HPOS="2547" VPOS="1161" WIDTH="34"/>
						<String ID="P14_ST00214" HPOS="2581" VPOS="1117" WIDTH="241" HEIGHT="48" CONTENT="l'ombre..." WC="0.99" CC="0421005124"/>
						<SP ID="P14_SP00190" HPOS="2822" VPOS="1165" WIDTH="38"/>
						<String ID="P14_ST00215" HPOS="2860" VPOS="1119" WIDTH="184" HEIGHT="60" CONTENT="Yoyez:" WC="0.84" CC="000036"/>
						<SP ID="P14_SP00191" HPOS="3044" VPOS="1179" WIDTH="54"/>
						<String ID="P14_ST00216" HPOS="3098" VPOS="1121" WIDTH="43" HEIGHT="44" CONTENT="la" WC="0.94" CC="10"/>
						<SP ID="P14_SP00192" HPOS="3141" VPOS="1179" WIDTH="35"/>
						<String ID="P14_ST00217" HPOS="3176" VPOS="1121" WIDTH="195" HEIGHT="45" CONTENT="douleur" WC="0.82" CC="0070040"/>
						<SP ID="P14_SP00193" HPOS="3371" VPOS="1179" WIDTH="38"/>
						<String ID="P14_ST00218" HPOS="3409" VPOS="1137" WIDTH="58" HEIGHT="28" CONTENT="ne" WC="1.00" CC="00"/>
						<SP ID="P14_SP00194" HPOS="3467" VPOS="1179" WIDTH="40"/>
						<String ID="P14_ST00219" HPOS="3507" VPOS="1121" WIDTH="93" HEIGHT="44" CONTENT="m'a" WC="0.52" CC="049"/>
						<SP ID="P14_SP00195" HPOS="3600" VPOS="1179" WIDTH="53"/>
						<String ID="P14_ST00220" HPOS="3653" VPOS="1122" WIDTH="130" HEIGHT="58" CONTENT="point" WC="0.83" CC="00700"/>
					</TextLine>
					<TextLine ID="P14_TL00026" HPOS="2246" VPOS="1194" WIDTH="1531" HEIGHT="64">
						<String ID="P14_ST00221" HPOS="2246" VPOS="1194" WIDTH="223" HEIGHT="54" CONTENT="abaissée," WC="0.89" CC="000000503"/>
						<SP ID="P14_SP00196" HPOS="2469" VPOS="1248" WIDTH="38"/>
						<String ID="P14_ST00222" HPOS="2507" VPOS="1194" WIDTH="87" HEIGHT="45" CONTENT="elle" WC="0.99" CC="0400"/>
						<SP ID="P14_SP00197" HPOS="2594" VPOS="1248" WIDTH="36"/>
						<String ID="P14_ST00223" HPOS="2630" VPOS="1196" WIDTH="92" HEIGHT="44" CONTENT="m'a" WC="0.88" CC="030"/>
						<SP ID="P14_SP00198" HPOS="2722" VPOS="1248" WIDTH="46"/>
						<String ID="P14_ST00224" HPOS="2768" VPOS="1197" WIDTH="206" HEIGHT="58" CONTENT="purifiée," WC="0.76" CC="065300600"/>
						<SP ID="P14_SP00199" HPOS="2974" VPOS="1255" WIDTH="38"/>
						<String ID="P14_ST00225" HPOS="3012" VPOS="1198" WIDTH="86" HEIGHT="45" CONTENT="elle" WC="1.00" CC="0100"/>
						<SP ID="P14_SP00200" HPOS="3098" VPOS="1255" WIDTH="45"/>
						<String ID="P14_ST00226" HPOS="3143" VPOS="1215" WIDTH="75" HEIGHT="28" CONTENT="me" WC="1.00" CC="00"/>
						<SP ID="P14_SP00201" HPOS="3218" VPOS="1255" WIDTH="43"/>
						<String ID="P14_ST00227" HPOS="3261" VPOS="1200" WIDTH="257" HEIGHT="58" CONTENT="rapproche" WC="0.99" CC="000000010"/>
						<SP ID="P14_SP00202" HPOS="3518" VPOS="1258" WIDTH="34"/>
						<String ID="P14_ST00228" HPOS="3552" VPOS="1201" WIDTH="60" HEIGHT="42" CONTENT="de" WC="1.00" CC="00"/>
						<SP ID="P14_SP00203" HPOS="3612" VPOS="1258" WIDTH="34"/>
						<String ID="P14_ST00229" HPOS="3646" VPOS="1215" WIDTH="131" HEIGHT="29" CONTENT="vous." WC="0.85" CC="00007"/>
					</TextLine>
					<TextLine ID="P14_TL00027" HPOS="2243" VPOS="1272" WIDTH="1537" HEIGHT="65">
						<String ID="P14_ST00230" HPOS="2243" VPOS="1272" WIDTH="380" HEIGHT="45" CONTENT="Accueillez-moi" WC="0.72" CC="20040314046504"/>
						<SP ID="P14_SP00204" HPOS="2623" VPOS="1317" WIDTH="38"/>
						<String ID="P14_ST00231" HPOS="2661" VPOS="1274" WIDTH="119" HEIGHT="44" CONTENT="donc" WC="1.00" CC="0000"/>
						<SP ID="P14_SP00205" HPOS="2780" VPOS="1318" WIDTH="26"/>
						<String ID="P14_ST00232" HPOS="2806" VPOS="1275" WIDTH="116" HEIGHT="44" CONTENT="dans" WC="1.00" CC="0000"/>
						<SP ID="P14_SP00206" HPOS="2922" VPOS="1319" WIDTH="23"/>
						<String ID="P14_ST00233" HPOS="2945" VPOS="1286" WIDTH="132" HEIGHT="34" CONTENT="votre" WC="0.77" CC="04700"/>
						<SP ID="P14_SP00207" HPOS="3077" VPOS="1320" WIDTH="24"/>
						<String ID="P14_ST00234" HPOS="3101" VPOS="1276" WIDTH="272" HEIGHT="48" CONTENT="sérénité!..." WC="0.71" CC="050404452044"/>
						<SP ID="P14_SP00208" HPOS="3373" VPOS="1324" WIDTH="42"/>
						<String ID="P14_ST00235" HPOS="3415" VPOS="1277" WIDTH="98" HEIGHT="46" CONTENT="Oh!" WC="0.98" CC="003"/>
						<SP ID="P14_SP00209" HPOS="3513" VPOS="1324" WIDTH="32"/>
						<String ID="P14_ST00236" HPOS="3545" VPOS="1293" WIDTH="119" HEIGHT="30" CONTENT="vous" WC="0.70" CC="0470"/>
						<SP ID="P14_SP00210" HPOS="3664" VPOS="1324" WIDTH="38"/>
						<String ID="P14_ST00237" HPOS="3702" VPOS="1278" WIDTH="78" HEIGHT="59" CONTENT="qui" WC="0.99" CC="003"/>
					</TextLine>
					<TextLine ID="P14_TL00028" HPOS="2242" VPOS="1349" WIDTH="1539" HEIGHT="66">
						<String ID="P14_ST00238" HPOS="2242" VPOS="1349" WIDTH="235" HEIGHT="61" CONTENT="possédez," WC="0.82" CC="030030062"/>
						<SP ID="P14_SP00211" HPOS="2477" VPOS="1410" WIDTH="50"/>
						<String ID="P14_ST00239" HPOS="2527" VPOS="1361" WIDTH="223" HEIGHT="35" CONTENT="contenez" WC="0.80" CC="30060015"/>
						<SP ID="P14_SP00212" HPOS="2750" VPOS="1410" WIDTH="46"/>
						<String ID="P14_ST00240" HPOS="2796" VPOS="1362" WIDTH="46" HEIGHT="34" CONTENT="et" WC="0.82" CC="03"/>
						<SP ID="P14_SP00213" HPOS="2842" VPOS="1410" WIDTH="42"/>
						<String ID="P14_ST00241" HPOS="2884" VPOS="1355" WIDTH="179" HEIGHT="43" CONTENT="donnez" WC="0.91" CC="400000"/>
						<SP ID="P14_SP00214" HPOS="3063" VPOS="1410" WIDTH="40"/>
						<String ID="P14_ST00242" HPOS="3103" VPOS="1354" WIDTH="40" HEIGHT="44" CONTENT="le" WC="0.72" CC="04"/>
						<SP ID="P14_SP00215" HPOS="3143" VPOS="1410" WIDTH="43"/>
						<String ID="P14_ST00243" HPOS="3186" VPOS="1371" WIDTH="149" HEIGHT="43" CONTENT="repos," WC="0.93" CC="000004"/>
						<SP ID="P14_SP00216" HPOS="3335" VPOS="1414" WIDTH="40"/>
						<String ID="P14_ST00244" HPOS="3375" VPOS="1371" WIDTH="116" HEIGHT="28" CONTENT="vous" WC="1.00" CC="0000"/>
						<SP ID="P14_SP00217" HPOS="3491" VPOS="1414" WIDTH="38"/>
						<String ID="P14_ST00245" HPOS="3529" VPOS="1357" WIDTH="79" HEIGHT="58" CONTENT="qui" WC="0.97" CC="107"/>
						<SP ID="P14_SP00218" HPOS="3608" VPOS="1415" WIDTH="47"/>
						<String ID="P14_ST00246" HPOS="3655" VPOS="1357" WIDTH="126" HEIGHT="43" CONTENT="vivez" WC="0.79" CC="04006"/>
					</TextLine>
					<TextLine ID="P14_TL00029" HPOS="2243" VPOS="1428" WIDTH="1539" HEIGHT="64">
						<String ID="P14_ST00247" HPOS="2243" VPOS="1428" WIDTH="166" HEIGHT="58" CONTENT="depuis" WC="0.92" CC="000040"/>
						<SP ID="P14_SP00219" HPOS="2409" VPOS="1486" WIDTH="37"/>
						<String ID="P14_ST00248" HPOS="2446" VPOS="1429" WIDTH="38" HEIGHT="44" CONTENT="si" WC="0.96" CC="00"/>
						<SP ID="P14_SP00220" HPOS="2484" VPOS="1486" WIDTH="36"/>
						<String ID="P14_ST00249" HPOS="2520" VPOS="1429" WIDTH="279" HEIGHT="60" CONTENT="longtemps," WC="0.75" CC="4007530003"/>
						<SP ID="P14_SP00221" HPOS="2799" VPOS="1489" WIDTH="33"/>
						<String ID="P14_ST00250" HPOS="2832" VPOS="1431" WIDTH="208" HEIGHT="60" CONTENT="toujours" WC="0.88" CC="50003000"/>
						<SP ID="P14_SP00222" HPOS="3040" VPOS="1491" WIDTH="27"/>
						<String ID="P14_ST00251" HPOS="3067" VPOS="1432" WIDTH="287" HEIGHT="55" CONTENT="renouvelés," WC="0.91" CC="00000004500"/>
						<SP ID="P14_SP00223" HPOS="3354" VPOS="1491" WIDTH="29"/>
						<String ID="P14_ST00252" HPOS="3383" VPOS="1432" WIDTH="290" HEIGHT="46" CONTENT="n'ètes-vous" WC="0.71" CC="54750060010"/>
						<SP ID="P14_SP00224" HPOS="3673" VPOS="1491" WIDTH="24"/>
						<String ID="P14_ST00253" HPOS="3697" VPOS="1450" WIDTH="85" HEIGHT="42" CONTENT="pas" WC="1.00" CC="000"/>
					</TextLine>
					<TextLine ID="P14_TL00030" HPOS="2241" VPOS="1506" WIDTH="1534" HEIGHT="52">
						<String ID="P14_ST00254" HPOS="2241" VPOS="1506" WIDTH="45" HEIGHT="45" CONTENT="la" WC="0.82" CC="30"/>
						<SP ID="P14_SP00225" HPOS="2286" VPOS="1551" WIDTH="35"/>
						<String ID="P14_ST00255" HPOS="2321" VPOS="1507" WIDTH="73" HEIGHT="44" CONTENT="vie" WC="0.98" CC="040"/>
						<SP ID="P14_SP00226" HPOS="2394" VPOS="1551" WIDTH="38"/>
						<String ID="P14_ST00256" HPOS="2432" VPOS="1507" WIDTH="296" HEIGHT="46" CONTENT="d'autrefois?" WC="0.75" CC="030560020505"/>
						<SP ID="P14_SP00227" HPOS="2728" VPOS="1553" WIDTH="37"/>
						<String ID="P14_ST00257" HPOS="2765" VPOS="1508" WIDTH="43" HEIGHT="44" CONTENT="la" WC="0.94" CC="10"/>
						<SP ID="P14_SP00228" HPOS="2808" VPOS="1553" WIDTH="34"/>
						<String ID="P14_ST00258" HPOS="2842" VPOS="1510" WIDTH="73" HEIGHT="44" CONTENT="vie" WC="0.98" CC="040"/>
						<SP ID="P14_SP00229" HPOS="2915" VPOS="1554" WIDTH="25"/>
						<String ID="P14_ST00259" HPOS="2940" VPOS="1511" WIDTH="57" HEIGHT="43" CONTENT="de" WC="1.00" CC="00"/>
						<SP ID="P14_SP00230" HPOS="2997" VPOS="1554" WIDTH="28"/>
						<String ID="P14_ST00260" HPOS="3025" VPOS="1509" WIDTH="221" HEIGHT="47" CONTENT="l'avenir?" WC="0.75" CC="033006115"/>
						<SP ID="P14_SP00231" HPOS="3246" VPOS="1556" WIDTH="38"/>
						<String ID="P14_ST00261" HPOS="3284" VPOS="1511" WIDTH="319" HEIGHT="45" CONTENT="FImmortelle" WC="0.80" CC="72000020214"/>
						<SP ID="P14_SP00232" HPOS="3603" VPOS="1556" WIDTH="23"/>
						<String ID="P14_ST00262" HPOS="3626" VPOS="1511" WIDTH="149" HEIGHT="47" CONTENT="vie?.,." WC="1.00" CC="0300002"/>
					</TextLine>
					<TextLine ID="P14_TL00031" HPOS="2243" VPOS="1582" WIDTH="785" HEIGHT="63">
						<String ID="P14_ST00263" HPOS="2243" VPOS="1582" WIDTH="309" HEIGHT="48" CONTENT="N'ètes-vous" WC="0.81" CC="24700050000"/>
						<SP ID="P14_SP00233" HPOS="2552" VPOS="1630" WIDTH="34"/>
						<String ID="P14_ST00264" HPOS="2586" VPOS="1602" WIDTH="84" HEIGHT="43" CONTENT="pas" WC="1.00" CC="000"/>
						<SP ID="P14_SP00234" HPOS="2670" VPOS="1645" WIDTH="36"/>
						<String ID="P14_ST00265" HPOS="2706" VPOS="1585" WIDTH="270" HEIGHT="47" CONTENT="l'Eternité?" WC="0.87" CC="01020005030"/>
						<SP ID="P14_SP00235" HPOS="2976" VPOS="1645" WIDTH="30"/>
						<String ID="P14_ST00266" HPOS="3006" VPOS="1604" WIDTH="22" HEIGHT="27" CONTENT="»" WC="0.55" CC="4"/>
					</TextLine>
					<TextLine ID="P14_TL00032" HPOS="2377" VPOS="1664" WIDTH="1398" HEIGHT="62">
						<String ID="P14_ST00267" HPOS="2377" VPOS="1664" WIDTH="107" HEIGHT="45" CONTENT="Une" WC="1.00" CC="000"/>
						<SP ID="P14_SP00236" HPOS="2484" VPOS="1709" WIDTH="37"/>
						<String ID="P14_ST00268" HPOS="2521" VPOS="1664" WIDTH="85" HEIGHT="45" CONTENT="fois" WC="0.91" CC="0030"/>
						<SP ID="P14_SP00237" HPOS="2606" VPOS="1709" WIDTH="36"/>
						<String ID="P14_ST00269" HPOS="2642" VPOS="1681" WIDTH="180" HEIGHT="37" CONTENT="encore," WC="0.80" CC="0503003"/>
						<SP ID="P14_SP00238" HPOS="2822" VPOS="1718" WIDTH="29"/>
						<String ID="P14_ST00270" HPOS="2851" VPOS="1665" WIDTH="41" HEIGHT="45" CONTENT="le" WC="0.73" CC="50"/>
						<SP ID="P14_SP00239" HPOS="2892" VPOS="1718" WIDTH="24"/>
						<String ID="P14_ST00271" HPOS="2916" VPOS="1667" WIDTH="125" HEIGHT="44" CONTENT="bruit" WC="0.84" CC="00070"/>
						<SP ID="P14_SP00240" HPOS="3041" VPOS="1718" WIDTH="23"/>
						<String ID="P14_ST00272" HPOS="3064" VPOS="1667" WIDTH="208" HEIGHT="59" CONTENT="puissant" WC="0.90" CC="00601000"/>
						<SP ID="P14_SP00241" HPOS="3272" VPOS="1726" WIDTH="25"/>
						<String ID="P14_ST00273" HPOS="3297" VPOS="1678" WIDTH="46" HEIGHT="34" CONTENT="et" WC="1.00" CC="00"/>
						<SP ID="P14_SP00242" HPOS="3343" VPOS="1726" WIDTH="23"/>
						<String ID="P14_ST00274" HPOS="3366" VPOS="1669" WIDTH="195" HEIGHT="43" CONTENT="berceur" WC="0.91" CC="0015000"/>
						<SP ID="P14_SP00243" HPOS="3561" VPOS="1726" WIDTH="23"/>
						<String ID="P14_ST00275" HPOS="3584" VPOS="1669" WIDTH="191" HEIGHT="43" CONTENT="s'eleva:" WC="1.00" CC="03000003"/>
					</TextLine>
					<TextLine ID="P14_TL00033" HPOS="2383" VPOS="1740" WIDTH="1396" HEIGHT="66">
						<String ID="P14_ST00276" HPOS="2383" VPOS="1758" WIDTH="21" HEIGHT="27" CONTENT="«" WC="0.72" CC="2"/>
						<SP ID="P14_SP00244" HPOS="2404" VPOS="1785" WIDTH="30"/>
						<String ID="P14_ST00277" HPOS="2434" VPOS="1740" WIDTH="264" HEIGHT="47" CONTENT="L/Univers" WC="0.81" CC="070630000"/>
						<SP ID="P14_SP00245" HPOS="2698" VPOS="1787" WIDTH="35"/>
						<String ID="P14_ST00278" HPOS="2733" VPOS="1742" WIDTH="164" HEIGHT="45" CONTENT="écoute" WC="0.77" CC="400090"/>
						<SP ID="P14_SP00246" HPOS="2897" VPOS="1787" WIDTH="35"/>
						<String ID="P14_ST00279" HPOS="2932" VPOS="1754" WIDTH="46" HEIGHT="34" CONTENT="et" WC="1.00" CC="00"/>
						<SP ID="P14_SP00247" HPOS="2978" VPOS="1788" WIDTH="35"/>
						<String ID="P14_ST00280" HPOS="3013" VPOS="1744" WIDTH="189" HEIGHT="60" CONTENT="répond." WC="0.83" CC="1700003"/>
						<SP ID="P14_SP00248" HPOS="3202" VPOS="1804" WIDTH="42"/>
						<String ID="P14_ST00281" HPOS="3244" VPOS="1745" WIDTH="78" HEIGHT="46" CONTENT="Un" WC="1.00" CC="00"/>
						<SP ID="P14_SP00249" HPOS="3322" VPOS="1804" WIDTH="25"/>
						<String ID="P14_ST00282" HPOS="3347" VPOS="1744" WIDTH="176" HEIGHT="46" CONTENT="éternel" WC="0.80" CC="4000044"/>
						<SP ID="P14_SP00250" HPOS="3523" VPOS="1804" WIDTH="37"/>
						<String ID="P14_ST00283" HPOS="3560" VPOS="1745" WIDTH="219" HEIGHT="61" CONTENT="dialogue" WC="0.83" CC="05000016"/>
					</TextLine>
					<TextLine ID="P14_TL00034" HPOS="2243" VPOS="1817" WIDTH="1536" HEIGHT="59">
						<String ID="P14_ST00284" HPOS="2243" VPOS="1817" WIDTH="203" HEIGHT="47" CONTENT="s'établit" WC="0.88" CC="043000020"/>
						<SP ID="P14_SP00251" HPOS="2446" VPOS="1864" WIDTH="35"/>
						<String ID="P14_ST00285" HPOS="2481" VPOS="1830" WIDTH="131" HEIGHT="35" CONTENT="entre" WC="1.00" CC="00000"/>
						<SP ID="P14_SP00252" HPOS="2612" VPOS="1865" WIDTH="36"/>
						<String ID="P14_ST00286" HPOS="2648" VPOS="1821" WIDTH="43" HEIGHT="44" CONTENT="la" WC="1.00" CC="00"/>
						<SP ID="P14_SP00253" HPOS="2691" VPOS="1865" WIDTH="36"/>
						<String ID="P14_ST00287" HPOS="2727" VPOS="1822" WIDTH="181" HEIGHT="44" CONTENT="Nature" WC="1.00" CC="000000"/>
						<SP ID="P14_SP00254" HPOS="2908" VPOS="1866" WIDTH="36"/>
						<String ID="P14_ST00288" HPOS="2944" VPOS="1832" WIDTH="46" HEIGHT="35" CONTENT="et" WC="1.00" CC="00"/>
						<SP ID="P14_SP00255" HPOS="2990" VPOS="1867" WIDTH="39"/>
						<String ID="P14_ST00289" HPOS="3029" VPOS="1822" WIDTH="166" HEIGHT="49" CONTENT="l'Ame." WC="0.66" CC="445007"/>
						<SP ID="P14_SP00256" HPOS="3195" VPOS="1871" WIDTH="51"/>
						<String ID="P14_ST00290" HPOS="3246" VPOS="1822" WIDTH="162" HEIGHT="47" CONTENT="L'àme" WC="0.67" CC="44700"/>
						<SP ID="P14_SP00257" HPOS="3408" VPOS="1871" WIDTH="40"/>
						<String ID="P14_ST00291" HPOS="3448" VPOS="1825" WIDTH="188" HEIGHT="51" CONTENT="traduit," WC="0.78" CC="20000733"/>
						<SP ID="P14_SP00258" HPOS="3636" VPOS="1876" WIDTH="40"/>
						<String ID="P14_ST00292" HPOS="3676" VPOS="1824" WIDTH="83" HEIGHT="44" CONTENT="illu" SUBS_TYPE="HypPart1" SUBS_CONTENT="illumine" WC="0.74" CC="4300"/>
						<HYP HPOS="3759" VPOS="1824" WIDTH="20" CONTENT="-"/>
					</TextLine>
					<TextLine ID="P14_TL00035" HPOS="2244" VPOS="1898" WIDTH="1530" HEIGHT="61">
						<String ID="P14_ST00293" HPOS="2244" VPOS="1898" WIDTH="124" HEIGHT="44" CONTENT="mine" SUBS_TYPE="HypPart2" SUBS_CONTENT="illumine" WC="0.98" CC="0000"/>
						<SP ID="P14_SP00259" HPOS="2368" VPOS="1942" WIDTH="36"/>
						<String ID="P14_ST00294" HPOS="2404" VPOS="1914" WIDTH="50" HEIGHT="28" CONTENT="ce" WC="1.00" CC="00"/>
						<SP ID="P14_SP00260" HPOS="2454" VPOS="1942" WIDTH="26"/>
						<String ID="P14_ST00295" HPOS="2480" VPOS="1914" WIDTH="91" HEIGHT="43" CONTENT="que" WC="1.00" CC="000"/>
						<SP ID="P14_SP00261" HPOS="2571" VPOS="1957" WIDTH="24"/>
						<String ID="P14_ST00296" HPOS="2595" VPOS="1899" WIDTH="67" HEIGHT="44" CONTENT="dit" WC="0.90" CC="020"/>
						<SP ID="P14_SP00262" HPOS="2662" VPOS="1957" WIDTH="35"/>
						<String ID="P14_ST00297" HPOS="2697" VPOS="1899" WIDTH="164" HEIGHT="45" CONTENT="l'autre" WC="0.86" CC="3402000"/>
						<SP ID="P14_SP00263" HPOS="2861" VPOS="1957" WIDTH="24"/>
						<String ID="P14_ST00298" HPOS="2885" VPOS="1928" WIDTH="62" HEIGHT="5" CONTENT="—" WC="0.20" CC="8"/>
						<SP ID="P14_SP00264" HPOS="2947" VPOS="1957" WIDTH="26"/>
						<String ID="P14_ST00299" HPOS="2973" VPOS="1917" WIDTH="58" HEIGHT="28" CONTENT="ou" WC="1.00" CC="00"/>
						<SP ID="P14_SP00265" HPOS="3031" VPOS="1957" WIDTH="25"/>
						<String ID="P14_ST00300" HPOS="3056" VPOS="1901" WIDTH="120" HEIGHT="57" CONTENT="bien," WC="0.77" CC="07004"/>
						<SP ID="P14_SP00266" HPOS="3176" VPOS="1958" WIDTH="23"/>
						<String ID="P14_ST00301" HPOS="3199" VPOS="1911" WIDTH="118" HEIGHT="35" CONTENT="cette" WC="0.92" CC="00300"/>
						<SP ID="P14_SP00267" HPOS="3317" VPOS="1958" WIDTH="27"/>
						<String ID="P14_ST00302" HPOS="3344" VPOS="1902" WIDTH="195" HEIGHT="57" CONTENT="Nature," WC="0.99" CC="0050206"/>
						<SP ID="P14_SP00268" HPOS="3539" VPOS="1959" WIDTH="28"/>
						<String ID="P14_ST00303" HPOS="3567" VPOS="1903" WIDTH="207" HEIGHT="52" CONTENT="obscure," WC="0.96" CC="00000003"/>
					</TextLine>
					<TextLine ID="P14_TL00036" HPOS="2243" VPOS="1977" WIDTH="1532" HEIGHT="62">
						<String ID="P14_ST00304" HPOS="2243" VPOS="1977" WIDTH="294" HEIGHT="57" CONTENT="incomprise," WC="0.91" CC="00000004004"/>
						<SP ID="P14_SP00269" HPOS="2537" VPOS="2034" WIDTH="55"/>
						<String ID="P14_ST00305" HPOS="2592" VPOS="1977" WIDTH="187" HEIGHT="44" CONTENT="devient" WC="0.95" CC="0003000"/>
						<SP ID="P14_SP00270" HPOS="2779" VPOS="2034" WIDTH="53"/>
						<String ID="P14_ST00306" HPOS="2832" VPOS="1994" WIDTH="178" HEIGHT="28" CONTENT="comme" WC="1.00" CC="00000"/>
						<SP ID="P14_SP00271" HPOS="3010" VPOS="2034" WIDTH="52"/>
						<String ID="P14_ST00307" HPOS="3062" VPOS="1979" WIDTH="37" HEIGHT="44" CONTENT="si" WC="0.82" CC="03"/>
						<SP ID="P14_SP00272" HPOS="3099" VPOS="2034" WIDTH="48"/>
						<String ID="P14_ST00308" HPOS="3147" VPOS="1979" WIDTH="85" HEIGHT="45" CONTENT="elle" WC="0.99" CC="0210"/>
						<SP ID="P14_SP00273" HPOS="3232" VPOS="2034" WIDTH="50"/>
						<String ID="P14_ST00309" HPOS="3282" VPOS="1979" WIDTH="162" HEIGHT="45" CONTENT="n'était" WC="0.69" CC="1440064"/>
						<SP ID="P14_SP00274" HPOS="3444" VPOS="2034" WIDTH="45"/>
						<String ID="P14_ST00310" HPOS="3489" VPOS="1981" WIDTH="143" HEIGHT="58" CONTENT="point." WC="0.71" CC="004066"/>
						<SP ID="P14_SP00275" HPOS="3632" VPOS="2039" WIDTH="47"/>
						<String ID="P14_ST00311" HPOS="3679" VPOS="1980" WIDTH="96" HEIGHT="44" CONTENT="Oh!" WC="0.98" CC="013"/>
					</TextLine>
					<TextLine ID="P14_TL00037" HPOS="2246" VPOS="2052" WIDTH="1534" HEIGHT="64">
						<String ID="P14_ST00312" HPOS="2246" VPOS="2052" WIDTH="176" HEIGHT="45" CONTENT="Beauté" WC="0.88" CC="000024"/>
						<SP ID="P14_SP00276" HPOS="2422" VPOS="2097" WIDTH="36"/>
						<String ID="P14_ST00313" HPOS="2458" VPOS="2053" WIDTH="190" HEIGHT="53" CONTENT="blessée," WC="0.89" CC="00300400"/>
						<SP ID="P14_SP00277" HPOS="2648" VPOS="2106" WIDTH="31"/>
						<String ID="P14_ST00314" HPOS="2679" VPOS="2054" WIDTH="177" HEIGHT="46" CONTENT="Beauté" WC="0.89" CC="000006"/>
						<SP ID="P14_SP00278" HPOS="2856" VPOS="2106" WIDTH="37"/>
						<String ID="P14_ST00315" HPOS="2893" VPOS="2055" WIDTH="174" HEIGHT="61" CONTENT="fragile," WC="1.00" CC="13002000"/>
						<SP ID="P14_SP00279" HPOS="3067" VPOS="2116" WIDTH="27"/>
						<String ID="P14_ST00316" HPOS="3094" VPOS="2073" WIDTH="51" HEIGHT="27" CONTENT="ce" WC="1.00" CC="00"/>
						<SP ID="P14_SP00280" HPOS="3145" VPOS="2116" WIDTH="35"/>
						<String ID="P14_ST00317" HPOS="3180" VPOS="2059" WIDTH="103" HEIGHT="52" CONTENT="soir," WC="0.92" CC="00400"/>
						<SP ID="P14_SP00281" HPOS="3283" VPOS="2116" WIDTH="27"/>
						<String ID="P14_ST00318" HPOS="3310" VPOS="2059" WIDTH="138" HEIGHT="50" CONTENT="enfin," WC="0.83" CC="001124"/>
						<SP ID="P14_SP00282" HPOS="3448" VPOS="2116" WIDTH="31"/>
						<String ID="P14_ST00319" HPOS="3479" VPOS="2074" WIDTH="118" HEIGHT="28" CONTENT="nous" WC="1.00" CC="0000"/>
						<SP ID="P14_SP00283" HPOS="3597" VPOS="2116" WIDTH="36"/>
						<String ID="P14_ST00320" HPOS="3633" VPOS="2073" WIDTH="147" HEIGHT="29" CONTENT="avons" WC="0.93" CC="30000"/>
					</TextLine>
					<TextLine ID="P14_TL00038" HPOS="2242" VPOS="2130" WIDTH="1536" HEIGHT="63">
						<String ID="P14_ST00321" HPOS="2242" VPOS="2131" WIDTH="148" HEIGHT="44" CONTENT="cueilli" WC="0.89" CC="0004012"/>
						<SP ID="P14_SP00284" HPOS="2390" VPOS="2175" WIDTH="38"/>
						<String ID="P14_ST00322" HPOS="2428" VPOS="2140" WIDTH="78" HEIGHT="35" CONTENT="ton" WC="1.00" CC="000"/>
						<SP ID="P14_SP00285" HPOS="2506" VPOS="2175" WIDTH="37"/>
						<String ID="P14_ST00323" HPOS="2543" VPOS="2130" WIDTH="120" HEIGHT="46" CONTENT="àme." WC="0.64" CC="6024"/>
						<SP ID="P14_SP00286" HPOS="2663" VPOS="2176" WIDTH="41"/>
						<String ID="P14_ST00324" HPOS="2704" VPOS="2133" WIDTH="67" HEIGHT="44" CONTENT="Ce" WC="1.00" CC="00"/>
						<SP ID="P14_SP00287" HPOS="2771" VPOS="2177" WIDTH="36"/>
						<String ID="P14_ST00325" HPOS="2807" VPOS="2134" WIDTH="105" HEIGHT="52" CONTENT="soir," WC="0.89" CC="00500"/>
						<SP ID="P14_SP00288" HPOS="2912" VPOS="2186" WIDTH="39"/>
						<String ID="P14_ST00326" HPOS="2951" VPOS="2143" WIDTH="48" HEIGHT="35" CONTENT="tu" WC="0.88" CC="20"/>
						<SP ID="P14_SP00289" HPOS="2999" VPOS="2186" WIDTH="42"/>
						<String ID="P14_ST00327" HPOS="3041" VPOS="2150" WIDTH="229" HEIGHT="43" CONTENT="rayonnes" WC="0.89" CC="10007000"/>
						<SP ID="P14_SP00290" HPOS="3270" VPOS="2193" WIDTH="33"/>
						<String ID="P14_ST00328" HPOS="3303" VPOS="2135" WIDTH="228" HEIGHT="44" CONTENT="vraiment" WC="0.88" CC="01030040"/>
						<SP ID="P14_SP00291" HPOS="3531" VPOS="2193" WIDTH="36"/>
						<String ID="P14_ST00329" HPOS="3567" VPOS="2137" WIDTH="118" HEIGHT="43" CONTENT="dans" WC="1.00" CC="0000"/>
						<SP ID="P14_SP00292" HPOS="3685" VPOS="2193" WIDTH="45"/>
						<String ID="P14_ST00330" HPOS="3730" VPOS="2146" WIDTH="48" HEIGHT="34" CONTENT="ta" WC="0.77" CC="40"/>
					</TextLine>
					<TextLine ID="P14_TL00039" HPOS="2242" VPOS="2207" WIDTH="1536" HEIGHT="64">
						<String ID="P14_ST00331" HPOS="2242" VPOS="2207" WIDTH="174" HEIGHT="61" CONTENT="pàleur," WC="0.84" CC="0703000"/>
						<SP ID="P14_SP00293" HPOS="2416" VPOS="2268" WIDTH="40"/>
						<String ID="P14_ST00332" HPOS="2456" VPOS="2226" WIDTH="77" HEIGHT="27" CONTENT="car" WC="1.00" CC="000"/>
						<SP ID="P14_SP00294" HPOS="2533" VPOS="2268" WIDTH="34"/>
						<String ID="P14_ST00333" HPOS="2567" VPOS="2219" WIDTH="49" HEIGHT="34" CONTENT="tu" WC="0.71" CC="50"/>
						<SP ID="P14_SP00295" HPOS="2616" VPOS="2268" WIDTH="37"/>
						<String ID="P14_ST00334" HPOS="2653" VPOS="2226" WIDTH="51" HEIGHT="29" CONTENT="es" WC="1.00" CC="00"/>
						<SP ID="P14_SP00296" HPOS="2704" VPOS="2268" WIDTH="36"/>
						<String ID="P14_ST00335" HPOS="2740" VPOS="2210" WIDTH="44" HEIGHT="45" CONTENT="la" WC="0.89" CC="20"/>
						<SP ID="P14_SP00297" HPOS="2784" VPOS="2268" WIDTH="38"/>
						<String ID="P14_ST00336" HPOS="2822" VPOS="2211" WIDTH="175" HEIGHT="45" CONTENT="Pensée" WC="1.00" CC="000040"/>
						<SP ID="P14_SP00298" HPOS="2997" VPOS="2268" WIDTH="24"/>
						<String ID="P14_ST00337" HPOS="3021" VPOS="2227" WIDTH="127" HEIGHT="44" CONTENT="pure." WC="1.00" CC="00000"/>
						<SP ID="P14_SP00299" HPOS="3148" VPOS="2271" WIDTH="40"/>
						<String ID="P14_ST00338" HPOS="3188" VPOS="2213" WIDTH="106" HEIGHT="43" CONTENT="Ton" WC="0.91" CC="020"/>
						<SP ID="P14_SP00300" HPOS="3294" VPOS="2271" WIDTH="26"/>
						<String ID="P14_ST00339" HPOS="3320" VPOS="2214" WIDTH="141" HEIGHT="57" CONTENT="esprit" WC="0.99" CC="100066"/>
						<SP ID="P14_SP00301" HPOS="3461" VPOS="2271" WIDTH="25"/>
						<String ID="P14_ST00340" HPOS="3486" VPOS="2223" WIDTH="161" HEIGHT="35" CONTENT="monte" WC="1.00" CC="00030"/>
						<SP ID="P14_SP00302" HPOS="3647" VPOS="2271" WIDTH="24"/>
						<String ID="P14_ST00341" HPOS="3671" VPOS="2230" WIDTH="107" HEIGHT="29" CONTENT="vers" WC="0.94" CC="0020"/>
					</TextLine>
					<TextLine ID="P14_TL00040" HPOS="2242" VPOS="2287" WIDTH="1536" HEIGHT="62">
						<String ID="P14_ST00342" HPOS="2242" VPOS="2302" WIDTH="84" HEIGHT="28" CONTENT="nos" WC="0.81" CC="500"/>
						<SP ID="P14_SP00303" HPOS="2326" VPOS="2330" WIDTH="25"/>
						<String ID="P14_ST00343" HPOS="2351" VPOS="2287" WIDTH="142" HEIGHT="44" CONTENT="cimes" WC="0.97" CC="10000"/>
						<SP ID="P14_SP00304" HPOS="2493" VPOS="2331" WIDTH="23"/>
						<String ID="P14_ST00344" HPOS="2516" VPOS="2287" WIDTH="192" HEIGHT="53" CONTENT="divines," WC="0.92" CC="02000003"/>
						<SP ID="P14_SP00305" HPOS="2708" VPOS="2340" WIDTH="29"/>
						<String ID="P14_ST00345" HPOS="2737" VPOS="2304" WIDTH="180" HEIGHT="29" CONTENT="comme" WC="0.92" CC="30000"/>
						<SP ID="P14_SP00306" HPOS="2917" VPOS="2340" WIDTH="24"/>
						<String ID="P14_ST00346" HPOS="2941" VPOS="2288" WIDTH="133" HEIGHT="54" CONTENT="l'eau," WC="0.90" CC="140000"/>
						<SP ID="P14_SP00307" HPOS="3074" VPOS="2342" WIDTH="29"/>
						<String ID="P14_ST00347" HPOS="3103" VPOS="2306" WIDTH="89" HEIGHT="43" CONTENT="que" WC="1.00" CC="000"/>
						<SP ID="P14_SP00308" HPOS="3192" VPOS="2349" WIDTH="23"/>
						<String ID="P14_ST00348" HPOS="3215" VPOS="2290" WIDTH="42" HEIGHT="45" CONTENT="le" WC="0.84" CC="30"/>
						<SP ID="P14_SP00309" HPOS="3257" VPOS="2349" WIDTH="24"/>
						<String ID="P14_ST00349" HPOS="3281" VPOS="2290" WIDTH="128" HEIGHT="45" CONTENT="soleil" WC="0.90" CC="005000"/>
						<SP ID="P14_SP00310" HPOS="3409" VPOS="2349" WIDTH="31"/>
						<String ID="P14_ST00350" HPOS="3440" VPOS="2292" WIDTH="149" HEIGHT="52" CONTENT="attire," WC="0.89" CC="0005002"/>
						<SP ID="P14_SP00311" HPOS="3589" VPOS="2349" WIDTH="28"/>
						<String ID="P14_ST00351" HPOS="3617" VPOS="2302" WIDTH="161" HEIGHT="35" CONTENT="monte" WC="1.00" CC="00001"/>
					</TextLine>
					<TextLine ID="P14_TL00041" HPOS="2240" VPOS="2365" WIDTH="1538" HEIGHT="64">
						<String ID="P14_ST00352" HPOS="2240" VPOS="2380" WIDTH="105" HEIGHT="28" CONTENT="vers" WC="1.00" CC="0000"/>
						<SP ID="P14_SP00312" HPOS="2345" VPOS="2408" WIDTH="26"/>
						<String ID="P14_ST00353" HPOS="2371" VPOS="2365" WIDTH="75" HEIGHT="45" CONTENT="lui." WC="0.98" CC="2024"/>
						<SP ID="P14_SP00313" HPOS="2446" VPOS="2410" WIDTH="39"/>
						<String ID="P14_ST00354" HPOS="2485" VPOS="2366" WIDTH="74" HEIGHT="42" CONTENT="Tu" WC="1.00" CC="00"/>
						<SP ID="P14_SP00314" HPOS="2559" VPOS="2410" WIDTH="36"/>
						<String ID="P14_ST00355" HPOS="2595" VPOS="2375" WIDTH="47" HEIGHT="35" CONTENT="te" WC="0.85" CC="20"/>
						<SP ID="P14_SP00315" HPOS="2642" VPOS="2410" WIDTH="37"/>
						<String ID="P14_ST00356" HPOS="2679" VPOS="2367" WIDTH="137" HEIGHT="57" CONTENT="perds" WC="1.00" CC="00000"/>
						<SP ID="P14_SP00316" HPOS="2816" VPOS="2424" WIDTH="26"/>
						<String ID="P14_ST00357" HPOS="2842" VPOS="2383" WIDTH="57" HEIGHT="28" CONTENT="en" WC="0.63" CC="07"/>
						<SP ID="P14_SP00317" HPOS="2899" VPOS="2424" WIDTH="28"/>
						<String ID="P14_ST00358" HPOS="2927" VPOS="2384" WIDTH="140" HEIGHT="36" CONTENT="nous;" WC="0.68" CC="00807"/>
						<SP ID="P14_SP00318" HPOS="3067" VPOS="2424" WIDTH="38"/>
						<String ID="P14_ST00359" HPOS="3105" VPOS="2377" WIDTH="69" HEIGHT="35" CONTENT="tes" WC="0.82" CC="500"/>
						<SP ID="P14_SP00319" HPOS="3174" VPOS="2424" WIDTH="24"/>
						<String ID="P14_ST00360" HPOS="3198" VPOS="2369" WIDTH="131" HEIGHT="58" CONTENT="pieds" WC="0.97" CC="01000"/>
						<SP ID="P14_SP00320" HPOS="3329" VPOS="2427" WIDTH="27"/>
						<String ID="P14_ST00361" HPOS="3356" VPOS="2367" WIDTH="294" HEIGHT="46" CONTENT="n'effleurent" WC="0.56" CC="540666338303"/>
						<SP ID="P14_SP00321" HPOS="3650" VPOS="2427" WIDTH="24"/>
						<String ID="P14_ST00362" HPOS="3674" VPOS="2371" WIDTH="104" HEIGHT="58" CONTENT="plus" WC="0.99" CC="0400"/>
					</TextLine>
					<TextLine ID="P14_TL00042" HPOS="2242" VPOS="2442" WIDTH="1536" HEIGHT="63">
						<String ID="P14_ST00363" HPOS="2242" VPOS="2442" WIDTH="44" HEIGHT="45" CONTENT="la" WC="1.00" CC="00"/>
						<SP ID="P14_SP00322" HPOS="2286" VPOS="2487" WIDTH="36"/>
						<String ID="P14_ST00364" HPOS="2322" VPOS="2452" WIDTH="122" HEIGHT="35" CONTENT="terre" WC="1.00" CC="00000"/>
						<SP ID="P14_SP00323" HPOS="2444" VPOS="2487" WIDTH="35"/>
						<String ID="P14_ST00365" HPOS="2479" VPOS="2442" WIDTH="61" HEIGHT="45" CONTENT="où" WC="0.79" CC="04"/>
						<SP ID="P14_SP00324" HPOS="2540" VPOS="2487" WIDTH="38"/>
						<String ID="P14_ST00366" HPOS="2578" VPOS="2452" WIDTH="49" HEIGHT="36" CONTENT="tu" WC="0.86" CC="20"/>
						<SP ID="P14_SP00325" HPOS="2627" VPOS="2488" WIDTH="38"/>
						<String ID="P14_ST00367" HPOS="2665" VPOS="2446" WIDTH="209" HEIGHT="43" CONTENT="marches" WC="0.90" CC="0303000"/>
						<SP ID="P14_SP00326" HPOS="2874" VPOS="2489" WIDTH="18"/>
						<String ID="P14_ST00368" HPOS="2892" VPOS="2462" WIDTH="8" HEIGHT="35" CONTENT=";" WC="0.75" CC="2"/>
						<SP ID="P14_SP00327" HPOS="2900" VPOS="2497" WIDTH="39"/>
						<String ID="P14_ST00369" HPOS="2939" VPOS="2462" WIDTH="58" HEIGHT="28" CONTENT="on" WC="0.91" CC="10"/>
						<SP ID="P14_SP00328" HPOS="2997" VPOS="2497" WIDTH="40"/>
						<String ID="P14_ST00370" HPOS="3037" VPOS="2444" WIDTH="41" HEIGHT="46" CONTENT="ri" WC="0.24" CC="77"/>
						<SP ID="P14_SP00329" HPOS="3078" VPOS="2497" WIDTH="18"/>
						<String ID="P14_ST00371" HPOS="3096" VPOS="2447" WIDTH="172" HEIGHT="43" CONTENT="entend" WC="0.89" CC="000060"/>
						<SP ID="P14_SP00330" HPOS="3268" VPOS="2497" WIDTH="36"/>
						<String ID="P14_ST00372" HPOS="3304" VPOS="2447" WIDTH="104" HEIGHT="58" CONTENT="plus" WC="0.99" CC="0060"/>
						<SP ID="P14_SP00331" HPOS="3408" VPOS="2505" WIDTH="49"/>
						<String ID="P14_ST00373" HPOS="3457" VPOS="2448" WIDTH="42" HEIGHT="44" CONTENT="le" WC="0.73" CC="50"/>
						<SP ID="P14_SP00332" HPOS="3499" VPOS="2505" WIDTH="47"/>
						<String ID="P14_ST00374" HPOS="3546" VPOS="2448" WIDTH="127" HEIGHT="44" CONTENT="bruit" WC="0.86" CC="00070"/>
						<SP ID="P14_SP00333" HPOS="3673" VPOS="2505" WIDTH="47"/>
						<String ID="P14_ST00375" HPOS="3720" VPOS="2449" WIDTH="58" HEIGHT="44" CONTENT="de" WC="1.00" CC="00"/>
					</TextLine>
					<TextLine ID="P14_TL00043" HPOS="2242" VPOS="2530" WIDTH="290" HEIGHT="49">
						<String ID="P14_ST00376" HPOS="2242" VPOS="2530" WIDTH="71" HEIGHT="35" CONTENT="tes" WC="0.84" CC="400"/>
						<SP ID="P14_SP00334" HPOS="2313" VPOS="2565" WIDTH="37"/>
						<String ID="P14_ST00377" HPOS="2350" VPOS="2537" WIDTH="131" HEIGHT="42" CONTENT="pas..." WC="0.82" CC="000323"/>
						<SP ID="P14_SP00335" HPOS="2481" VPOS="2579" WIDTH="31"/>
						<String ID="P14_ST00378" HPOS="2512" VPOS="2538" WIDTH="20" HEIGHT="25" CONTENT="»" WC="0.36" CC="6"/>
					</TextLine>
				</TextBlock>
				<TextBlock ID="P14_TB00004" HPOS="3307" VPOS="2600" WIDTH="399" HEIGHT="50" STYLEREFS="TXT_2 PAR_RIGHT">
					<TextLine ID="P14_TL00044" HPOS="3317" VPOS="2603" WIDTH="389" HEIGHT="47">
						<String ID="P14_ST00379" HPOS="3317" VPOS="2603" WIDTH="144" HEIGHT="47" CONTENT="Jean" WC="0.99" CC="2100"/>
						<SP ID="P14_SP00336" HPOS="3461" VPOS="2650" WIDTH="207"/>
						<String ID="P14_ST00380" HPOS="3668" VPOS="2605" WIDTH="38" HEIGHT="45" CONTENT="Dornis." WC="1.00" CC="0000000"/>
					</TextLine>
				</TextBlock>
				<TextBlock ID="P14_TB00005" HPOS="575" VPOS="3184" WIDTH="1535" HEIGHT="161" STYLEREFS="TXT_3 PAR_LEFT">
					<TextLine ID="P14_TL00045" HPOS="575" VPOS="3184" WIDTH="1535" HEIGHT="61">
						<String ID="P14_ST00381" HPOS="575" VPOS="3184" WIDTH="100" HEIGHT="47" CONTENT="INB." WC="0.56" CC="5640"/>
						<SP ID="P14_SP00337" HPOS="675" VPOS="3231" WIDTH="39"/>
						<String ID="P14_ST00382" HPOS="714" VPOS="3214" WIDTH="63" HEIGHT="5" CONTENT="—" WC="0.20" CC="8"/>
						<SP ID="P14_SP00338" HPOS="777" VPOS="3231" WIDTH="39"/>
						<String ID="P14_ST00383" HPOS="816" VPOS="3186" WIDTH="232" HEIGHT="48" CONTENT="POESIA" WC="0.97" CC="046386"/>
						<SP ID="P14_SP00339" HPOS="1048" VPOS="3234" WIDTH="37"/>
						<String ID="P14_ST00384" HPOS="1085" VPOS="3187" WIDTH="242" HEIGHT="58" CONTENT="pubblica" WC="0.98" CC="23597666"/>
						<SP ID="P14_SP00340" HPOS="1327" VPOS="3245" WIDTH="41"/>
						<String ID="P14_ST00385" HPOS="1368" VPOS="3190" WIDTH="304" HEIGHT="47" CONTENT="solamente" WC="0.98" CC="068773465"/>
						<SP ID="P14_SP00341" HPOS="1672" VPOS="3245" WIDTH="34"/>
						<String ID="P14_ST00386" HPOS="1706" VPOS="3191" WIDTH="169" HEIGHT="46" CONTENT="scritti" WC="0.98" CC="0767508"/>
						<SP ID="P14_SP00342" HPOS="1875" VPOS="3245" WIDTH="40"/>
						<String ID="P14_ST00387" HPOS="1915" VPOS="3190" WIDTH="195" HEIGHT="48" CONTENT="inediti." WC="0.99" CC="05020005"/>
					</TextLine>
					<TextLine ID="P14_TL00046" HPOS="817" VPOS="3286" WIDTH="1036" HEIGHT="59">
						<String ID="P14_ST00388" HPOS="817" VPOS="3286" WIDTH="228" HEIGHT="48" CONTENT="POESIA" WC="0.98" CC="153176"/>
						<SP ID="P14_SP00343" HPOS="1045" VPOS="3334" WIDTH="37"/>
						<String ID="P14_ST00389" HPOS="1082" VPOS="3301" WIDTH="66" HEIGHT="33" CONTENT="ne" WC="0.66" CC="60"/>
						<SP ID="P14_SP00344" HPOS="1148" VPOS="3334" WIDTH="37"/>
						<String ID="P14_ST00390" HPOS="1185" VPOS="3289" WIDTH="175" HEIGHT="56" CONTENT="pubiie" WC="0.87" CC="120300"/>
						<SP ID="P14_SP00345" HPOS="1360" VPOS="3345" WIDTH="36"/>
						<String ID="P14_ST00391" HPOS="1396" VPOS="3303" WIDTH="104" HEIGHT="42" CONTENT="que" WC="0.61" CC="901"/>
						<SP ID="P14_SP00346" HPOS="1500" VPOS="3345" WIDTH="36"/>
						<String ID="P14_ST00392" HPOS="1536" VPOS="3289" WIDTH="68" HEIGHT="48" CONTENT="de" WC="0.63" CC="70"/>
						<SP ID="P14_SP00347" HPOS="1604" VPOS="3345" WIDTH="38"/>
						<String ID="P14_ST00393" HPOS="1642" VPOS="3290" WIDTH="211" HEIGHT="47" CONTENT="i'inédit." WC="0.48" CC="808650835"/>
					</TextLine>
				</TextBlock>
				<TextBlock ID="P14_TB00006" HPOS="2151" VPOS="3581" WIDTH="46" HEIGHT="25" STYLEREFS="TXT_4 PAR_CENTER">
					<TextLine ID="P14_TL00047" HPOS="2151" VPOS="3581" WIDTH="46" HEIGHT="25">
						<String ID="P14_ST00394" HPOS="2151" VPOS="3581" WIDTH="46" HEIGHT="25" CONTENT="12" WC="1.00" CC="00"/>
					</TextLine>
				</TextBlock>
			</PrintSpace>
		</Page>
	</Layout>
</alto>
