3886 3825
969 1653 1097 142 “SYLVA
2132 1658 158 137 Ν
2366 1653 419 156 IE„

1604 1943 191 46 POÈME
1839 1954 75 35 EN
1961 1953 194 36 PROSE.

1242 2284 128 13 ....
1410 2248 156 55 Seule,
1597 2246 195 64 j'entrai
1827 2246 118 46 dans
1995 2245 43 46 le
2076 2244 206 62 mystère
2330 2245 60 46 de
2437 2244 46 47 la
2527 2242 133 49 forèt.

1105 2329 70 46 Le
1211 2328 176 45 silence
1418 2324 117 48 était
1556 2325 215 61 profond.
1793 2324 55 62 Je
1872 2324 157 45 faisais
2055 2339 213 46 craquer,
2295 2339 114 30 sous
2434 2339 99 30 mes
2559 2339 103 44 pas,

1102 2408 67 45 les
1205 2408 231 44 branches
1470 2402 238 56 tombées;
1759 2420 77 29 ma
1883 2404 116 44 robe
2034 2401 239 47 trainante
2310 2402 155 46 faisait
2506 2402 158 46 bruire

1103 2486 72 47 les
1209 2503 213 29 mousses
1455 2482 212 50 fraiches.
1708 2482 290 49 Clairement
2032 2482 292 46 retentissait
2359 2481 47 47 le
2442 2481 127 47 bruit
2605 2481 59 46 de

1105 2582 104 30 mes
1243 2564 227 62 sanglots.

1242 2645 137 46 Dans
1412 2641 103 47 l'air
1552 2641 237 47 immobile
1820 2658 94 29 une
1951 2641 124 46 brise
2112 2651 176 37 monta.
2326 2641 54 61 Je
2412 2637 251 50 m'arrètai.

1106 2726 103 46 Des
1242 2724 112 47 voix
1387 2721 306 48 s'élevèrent:

1249 2823 21 25 «
1298 2804 92 45 Toi
1443 2803 80 60 qui
1576 2818 128 29 erres
1745 2816 81 30 sur
1879 2801 84 46 des
2001 2810 159 36 routes
2210 2800 308 61 poudreuses,
2575 2797 93 46 fille

1105 2883 275 53 d'esclaves,
1417 2881 233 61 pourquoi
1684 2880 202 46 viens-tu
1924 2880 211 44 troubler
2172 2889 133 35 notre
2343 2880 122 58 paix,
2493 2879 28 44 à
2545 2886 123 36 cette

1105 2964 147 46 heure
1288 2961 62 47 où
1373 2961 68 46 les
1465 2961 195 46 oiseaux
1689 2957 155 50 métne
1872 2975 87 31 son
1996 2968 155 36 muets
2165 2957 18 47 ?
2225 2956 220 48 Courbée
2483 2973 110 29 sous
2624 2955 45 46 la

1107 3043 210 53 douleur,
1355 3051 51 35 tu
1443 3050 47 37 te
1524 3041 200 45 couches
1761 3040 30 46 à
1826 3055 88 29 nos
1951 3037 144 61 pieds,
2123 3048 51 35 tu
2213 3054 121 28 nous
2372 3037 290 59 importunes

1107 3123 62 44 du
1208 3123 182 58 rythme
1426 3120 58 46 de
1528 3130 72 36 tes
1634 3120 197 60 soupirs.
1869 3117 98 61 Qui
2004 3128 135 47 es-tu,
2180 3117 67 45 toi
2284 3117 80 60 qui
2399 3117 135 44 viens
2583 3115 83 44 des

1109 3211 160 35 routes
1319 3199 307 61 poudreuses,
1665 3199 65 45 toi
1772 3199 27 45 à
1836 3199 80 59 qui
1970 3197 45 46 le
2068 3197 86 44 ciel
2204 3206 71 35 est
2328 3204 170 51 pesant
2539 3203 48 36 et
2622 3194 45 44 la

1109 3292 123 34 terre
1269 3277 233 51 odieuse?
1533 3300 16 19 »

1241 3360 50 58 Je
1326 3358 263 53 frissonnai,
1630 3373 77 30 car
1744 3356 158 47 c'était
1938 3354 140 47 l'àme
2121 3355 85 45 des
2263 3354 163 46 arbres
2460 3353 80 60 qui
2596 3368 74 29 me

1112 3438 181 59 parlait.
1335 3438 137 45 Dans
1507 3436 214 59 l'ombre,
1754 3437 50 60 je
1842 3434 245 61 répondis:

1788 3594 217 24 11
