3886 3825
3267 282 266 40 POESIA

281 444 74 46 Tu
392 443 103 46 vois
529 442 111 46 bien
662 457 10 31 :
705 441 50 60 je
791 454 76 31 me
902 438 133 47 tords
1069 438 61 44 de
1164 435 149 47 délice
1346 444 50 37 et
1429 433 213 48 d'extase

281 522 119 47 dans
434 531 84 37 ton
554 536 142 30 creux
725 518 253 62 jaillissant
1013 526 47 36 et
1096 514 235 47 moelleux
1364 514 61 46 de
1459 528 168 31 source
1643 512 8 45 !

274 602 55 61 Je
363 617 125 31 veux
522 616 187 30 creuser
743 608 82 36 ton
862 595 132 49 sable
1029 612 114 30 avec
1178 611 101 30 mes
1313 594 151 54 dents,
1521 608 102 31 mes
1666 590 171 63 doigts,

279 681 215 61 toujours
529 678 107 62 plus
672 679 97 52 bas,
811 675 107 63 plus
952 675 110 55 loin,
1095 674 195 62 jusqu'à
1326 668 463 66 d'imperscrutables

279 757 328 63 profondeurs,
648 772 120 44 pour
804 754 156 47 savoir

279 847 50 37 et
362 847 193 37 trouver
589 837 45 44 le
670 834 112 47 filon
819 835 60 45 de
913 833 46 47 la
989 833 112 61 joie,

279 917 45 47 le
359 917 112 47 filon
508 915 306 47 merveilleux
849 914 64 45 du
950 913 217 46 bonheur
1201 909 272 62 métallique
1490 909 7 46 !

282 1087 221 47 Malheur
538 1088 28 45 à
602 1084 114 47 moi!
754 1086 55 61 Je
843 1100 109 30 sens
987 1082 44 47 le
1067 1082 75 46 feu
1178 1081 144 47 d'une
1359 1079 211 47 blessure
1587 1078 8 47 !

282 1167 132 48 C'est
448 1167 46 46 le
529 1166 145 47 Soleil
711 1166 80 59 qui
829 1163 94 46 m'a
959 1163 167 46 mordu
1163 1163 29 45 à
1227 1162 45 46 la
1307 1158 213 48 cheville!

283 1246 105 48 Oh!
427 1246 44 47 le
505 1246 135 45 chien
677 1242 247 62 enragéL.

274 1327 55 61 Je
363 1326 187 45 devrais
587 1323 316 52 m'endormir,
942 1321 46 47 la
1022 1321 186 47 bouche
1242 1336 81 29 sur
1356 1328 50 37 ta
1440 1319 198 54 bouche,

281 1403 154 47 Vulve
471 1420 107 30 rose
613 1413 49 36 et
696 1399 170 55 sacrée,
907 1401 118 44 dont
1059 1399 44 46 le
1138 1397 131 47 sable
1304 1408 73 36 est
1411 1396 153 55 sucré,

282 1493 48 37 et
364 1492 226 52 pourtant
621 1483 51 60 je
707 1497 75 29 me
818 1479 131 46 tords
984 1493 183 31 comme
1204 1493 62 30 un
1303 1486 192 51 serpent
1528 1473 156 48 blessé

1976 430 82 61 qui
2094 428 218 47 voudrait
2349 428 222 46 rebondir
2606 427 61 45 de
2702 424 212 53 douleur,
2955 423 60 45 de
3050 420 127 47 désir

1976 518 48 37 et
2062 507 208 62 d'espoir
2303 505 250 48 éternelL.

1979 680 220 47 Malheur
2234 680 28 46 à
2298 678 117 46 moi!
2455 676 213 47 malheur
2704 677 28 45 à
2770 674 116 47 moi!
2928 674 95 45 Car
3057 671 119 46 voici
3206 671 51 61 je
3292 685 76 30 me
3403 668 102 47 leve

1977 769 48 38 et
2054 757 229 64 j'éloigne
2317 773 112 30 mon
2466 773 130 29 coeur
2630 766 47 36 et
2707 755 50 62 je
2794 769 146 46 pense
2976 750 108 62 déjà

1978 841 28 45 à
2041 849 135 37 votre
2205 839 98 61 joie
2338 836 213 54 sublime,
2590 836 187 45 vitraux
2813 833 338 55 dominateurs,

1976 928 158 37 vastes
2169 916 237 62 prunelles
2442 917 115 52 d'or,
2597 915 81 60 qui
2716 913 272 62 grandissez
3022 910 215 61 toujours

1977 998 152 62 parmi
2164 997 45 46 la
2244 996 299 62 parfumante
2579 991 243 49 retombée

1978 1078 84 46 des
2091 1077 185 62 jardins
2311 1075 267 60 suspendus
2596 1074 59 48 !...

1981 1155 171 47 Hélas!
2187 1156 51 60 Je
2274 1171 146 45 pense
2455 1155 28 44 à
2516 1169 132 37 vous,
2689 1152 185 45 vitraux
2910 1150 80 60 qui
3028 1146 186 48 reflétez

1978 1251 113 30 sans
2127 1236 79 52 fin,
2246 1234 181 45 l'allure
2461 1231 322 62 conquérante
2818 1230 86 46 des
2939 1227 158 47 soleils

1978 1324 48 37 et
2060 1314 45 47 le
2140 1313 271 62 pèlerinage
2446 1313 84 44 des
2566 1310 200 51 voiliers,
2806 1309 113 46 toile
2955 1324 58 30 au
3051 1315 125 44 vent,

1978 1409 94 45 que
2107 1390 96 49 Ton
2239 1392 97 49 voit
2372 1392 58 45 de
2466 1390 95 46 très
2598 1391 127 52 haut,
2767 1387 118 62 fìgés
2923 1387 118 45 dans
3077 1385 101 46 leur
3213 1383 185 53 vitesse,

1978 1488 81 30 sur
2093 1472 44 46 le
2172 1470 359 47 tressaillement
2566 1470 60 45 de
2661 1469 45 45 la
2743 1484 157 44 nappe
2936 1466 194 46 marine.

2900 1580 55 47 F.
3115 1579 47 48 T.
3297 1578 100 48 Marinetti.

605 1837 233 95 LA
917 1832 615 94 TORRE

1310 2030 29 32 A
1365 2028 209 34 GIOVANNI
1602 2027 147 34 PAPINI.

451 2128 172 46 Flauto
658 2127 280 62 gigantesco
973 2126 48 44 di
1057 2124 189 61 granito

451 2208 87 45 che
573 2207 213 44 imbocca
821 2204 30 46 il
887 2215 143 35 vento
1066 2203 14 45 i
1115 2202 155 62 giorni
1306 2201 47 45 di
1388 2208 246 51 tempesta,

452 2286 152 47 s'alza
638 2284 46 46 la
718 2295 128 35 torre
880 2282 75 47 del
992 2282 144 46 castel
1173 2281 184 52 romito,

454 2381 114 30 nero
604 2373 181 51 spettro
821 2362 44 46 al
901 2361 153 47 confìn
1091 2359 125 47 della
1250 2359 187 46 foresta.

452 2499 42 46 E
529 2498 45 46 la
610 2514 88 30 sua
732 2495 207 47 secolare
974 2495 167 46 ombra
1176 2503 225 37 notturna

454 2574 245 64 s'allunga
734 2574 120 46 sulla
889 2573 168 61 pancia
1093 2571 274 46 sfecondata

454 2655 43 46 d'
516 2672 95 29 una
645 2654 191 46 vecchia
872 2649 172 63 palude
1080 2651 244 53 taciturna,

451 2751 136 30 come
623 2733 76 47 un'
717 2731 161 47 orribil
913 2742 187 35 trauma
1133 2730 208 46 dilatata.

452 2871 197 47 Enormi
685 2869 103 47 vele
823 2867 144 47 flebili
1002 2884 27 29 e
1065 2865 218 47 scarlatte

451 2951 215 61 s'agitan
703 2965 138 29 verso
877 2945 29 48 1'
924 2947 231 46 orizzonte
1190 2955 132 36 muto

452 3048 134 29 come
621 3030 77 46 dei
734 3027 226 47 fazzoletti
996 3043 86 45 per
1117 3025 169 47 saluto.

454 3166 284 60 Dovunque,
780 3163 119 46 sulla
934 3162 100 46 riva
1070 3159 219 54 solitaria,

452 3260 134 30 come
620 3242 210 62 gondole
863 3241 143 53 verdi,
1048 3248 230 52 appestan
1316 3237 141 47 l'aria

452 3322 181 47 milioni
668 3322 47 46 di
751 3322 155 46 sirene
940 3318 271 61 putrefatte.

2524 1820 487 95 NOIA

2150 2114 115 45 Via!
2305 2111 102 47 fiori
2442 2110 280 47 sdolcinanti
2758 2125 27 29 e
2820 2105 288 53 cascamorti,

2150 2209 118 37 rose,
2308 2191 87 46 che
2429 2191 131 60 dopo
2597 2188 172 46 un'ora
2805 2187 46 45 di
2888 2185 161 47 delizia

2150 2280 163 53 sapete
2348 2270 47 45 di
2432 2285 207 44 carogna
2673 2284 28 29 e
2735 2263 361 49 d'immondizia

2151 2366 133 31 come
2320 2348 221 56 l'amore,
2578 2364 26 29 e
2640 2347 91 59 voi,
2769 2343 232 47 verdastri
3037 2342 154 46 aborti

2151 2484 127 63 degli
2313 2484 176 63 gnomi,
2529 2481 221 48 orchidèe
2787 2489 281 42 mostruose,

2151 2566 131 45 ernie
2316 2563 127 62 degli
2480 2562 155 62 angeli
2672 2559 280 52 fornicatori,

2151 2643 169 47 mistici
2355 2642 327 61 acquasantini
2717 2639 129 61 degli
2881 2637 147 54 odori,

2153 2741 27 30 e
2214 2723 110 62 gole
2359 2724 47 44 di
2442 2722 214 46 tarasche
2692 2719 221 46 favolose.

2156 2860 47 46 A
2239 2876 87 36 me,
2368 2874 111 29 nere
2513 2855 228 62 bottiglie,
2783 2854 102 46 sull'
2904 2851 169 49 attenti

2152 2956 88 29 con
2278 2938 13 45 i
2326 2936 146 46 vostri
2509 2934 140 62 sigilli
2684 2934 120 46 rossi
2842 2949 133 29 come

2152 3018 135 48 tondi
2320 3016 195 47 berretti
2551 3016 47 45 di
2632 3013 285 63 garibaldini
2933 3011 9 46 !

2153 3154 120 45 Fate
2307 3152 86 46 che
2428 3150 72 47 sul
2537 3166 88 30 suo
2660 3165 117 31 seno
2814 3149 44 45 io
2895 3143 376 49 m'addormenti

2152 3232 154 61 prima
2340 3231 70 45 eh'
2421 3230 46 46 io
2503 3227 199 47 l'afferri
2739 3244 85 44 per
2858 3225 43 45 le
2938 3225 184 45 chiome

2155 3328 26 29 e
2217 3310 71 47 col
2326 3309 97 45 mio
2458 3307 155 47 rasoio
2649 3305 278 47 l'assassini.

2764 3408 248 47 Corrado
3044 3408 226 47 Govoni.

1896 3559 49 40 17
