3886 3825
517 310 266 40 POESIA

1228 643 417 109 DAS
1782 635 1232 115 TISCHTUCH

785 1002 78 46 Sie
898 1011 166 51 sagten
1101 1001 90 45 ihrr
1480 995 136 54 Kind,

785 1082 62 44 du
884 1080 133 46 sollst
1052 1080 164 44 immer
1250 1077 137 45 dafùr
1421 1091 183 44 sorgeri,

786 1160 109 44 dass
930 1159 62 44 du
1029 1158 84 44 das
1148 1155 254 46 Tischtuch
1439 1154 71 44 ins
1547 1152 148 60 Spind

785 1254 92 28 von
913 1234 173 50 Abend
1121 1251 103 28 zum
1260 1234 221 44 nàchsten
1519 1232 200 58 Morgen

787 1315 311 45 zuruckzutun
1134 1313 126 44 nicht
1295 1311 210 60 vergisst,

788 1409 134 29 wenn
959 1394 83 43 das
1080 1390 130 46 Mahl
1246 1389 201 46 beendet
1483 1388 70 43 ist.

790 1472 113 43 Pass
939 1470 99 45 auf:
1076 1485 51 29 es
1162 1469 219 44 kommen
1417 1466 75 44 die
1526 1462 177 46 Toten!

790 1550 75 43 die
899 1547 186 45 blassen
1121 1546 237 60 traurigen
1393 1544 167 44 Toten.

790 1683 78 44 Sie
903 1680 252 60 schlùpfen,
1195 1679 67 45 sie
1296 1677 209 44 keuchen
1542 1684 173 35 stumm

792 1776 61 28 un
890 1759 213 45 ermùdet
1138 1757 144 44 durch
1319 1756 73 43 die
1430 1754 174 50 Ritzen,

790 1837 185 46 bleiben
1012 1853 79 28 um
1126 1836 90 43 den
1252 1834 140 44 Tisch
1427 1833 163 43 herum

791 1917 75 43 die
901 1931 146 44 ganze
1084 1913 155 45 Nacht
1273 1912 115 44 ùber
1423 1910 154 51 sitzen,

792 1995 142 44 sitzen
969 1993 73 44 bis
1077 2008 102 28 zum
1216 1990 223 44 nàchsten
1477 1988 214 58 Morgen,

793 2074 84 42 das
912 2072 204 44 schwere
1153 2069 166 58 Haupt
1353 2066 145 45 voller
1534 2065 181 59 Sorgen
1733 2079 8 37 ;

795 2150 96 44 und
927 2164 107 28 man
1070 2147 106 45 hòrt
1212 2146 67 44 sie
1313 2144 214 45 dennoch
1564 2142 125 43 nicht

795 2237 183 34 unterm
1014 2223 355 61 ausgelòschten
1407 2220 145 45 Licht.
1576 2254 25 17 ,,

798 2361 111 43 Nun
946 2359 60 44 ist
1039 2357 262 46 erwachsen
1338 2355 75 44 die
1449 2352 178 54 Kleine,

795 2438 194 57 besorgt
1023 2436 90 44 den
1149 2434 140 44 Tisch
1326 2433 95 43 und
1457 2431 75 43 die
1569 2429 162 59 Speise

795 2516 84 43 das
918 2515 147 50 Haus,
1105 2529 76 28 am
1218 2511 220 58 Samstag
1472 2509 75 43 die
1583 2507 127 45 reine

795 2593 216 50 Wàsche,
1052 2591 117 44 nach
1204 2588 259 45 hàuslicher
1496 2586 183 45 Weise:

797 2672 66 44 sie
899 2669 241 45 hausfraut
1175 2684 57 28 an
1272 2666 120 45 alien
1430 2665 171 51 Ecken,

796 2749 203 59 vergisst
1032 2748 113 43 aber
1179 2744 296 46 abzudecken
1493 2759 8 37 ;

797 2827 125 52 làsst,
961 2827 109 44 dass
1105 2825 74 44 die
1214 2824 166 51 Toten,
1419 2821 74 44 die
1529 2820 238 52 frommen,

797 2904 279 60 armseligen
1113 2903 152 44 Toten
1301 2902 235 44 kommen.

2459 990 43 44 O
2538 988 144 45 welch
2718 988 371 44 rabenschwarze
3125 985 165 53 Nacht,

2459 1083 93 29 von
2587 1066 146 46 Wind
2769 1066 96 44 und
2898 1066 194 44 Wasser
3126 1062 301 46 durchnàsst!

2459 1146 67 44 sie
2560 1145 134 44 weiss
2730 1144 137 51 nicht,
2906 1143 107 44 dass
3050 1141 264 45 unbedacht

2460 1225 66 43 sie
2561 1223 67 45 sie
2663 1221 396 59 hineinschlùpfen
3094 1219 135 53 làsst;

2460 1318 71 28 wo
2567 1301 66 44 sie
2667 1301 72 44 bis
2774 1316 102 28 zum
2912 1299 219 44 nàchsten
3169 1298 215 59 Morgen,

2464 1396 79 27 um
2578 1379 89 44 den
2704 1378 140 45 Tisch
2879 1378 175 50 herum,
3093 1376 275 59 verborgen.

2459 1457 97 44 sich
2592 1456 117 44 nach
2746 1456 146 44 ihrem
2929 1454 158 44 Leben
3123 1453 187 52 sehnen,

2460 1534 85 45 auf
2573 1534 75 45 die
2686 1534 145 44 Hand
2865 1533 75 44 die
2977 1531 215 60 Hàupter
3226 1529 182 45 lehnen.

2463 1669 93 45 Die
2591 1684 146 44 ganze
2773 1667 155 44 Nacht
2963 1665 113 45 ùber
3110 1664 183 44 denken

2463 1748 67 44 sie
2564 1747 97 44 sich
2698 1747 71 43 ins
2807 1745 159 44 Leben
3001 1742 167 53 hinein,

2464 1825 95 43 und
2596 1825 97 43 ihre
2730 1823 158 45 Blicke
2922 1820 257 46 versenken

2464 1903 96 44 sich
2596 1912 120 35 Starr
2751 1902 45 43 in
2832 1901 75 44 die
2944 1898 258 46 Bròselein:

2464 1982 60 43 da
2559 1981 66 44 sie
2659 1997 53 26 zu
2749 1978 245 61 gedenken
3029 1978 207 50 wàhnen,

2467 2058 231 45 schliirfen
2734 2058 66 43 sie
2834 2057 168 44 bittere
3038 2056 201 44 Trànen.

2465 2138 117 51 Ach,
2622 2152 50 29 es
2707 2136 214 44 erinnern
2958 2135 74 44 die
3065 2134 152 44 Toten

2467 2215 96 45 sich
2599 2213 208 52 nimmer,
2846 2213 75 43 die
2956 2222 160 34 teuren
3152 2211 153 43 Toten
3323 2209 8 44 !

2521 2348 115 44 Sind
2671 2347 127 43 diese
2836 2345 209 45 Brocken
3082 2344 124 44 nicht
3243 2344 125 43 Brot.

2467 2427 84 43 das
2585 2425 82 44 wir
2700 2425 286 44 beisammen
3022 2420 326 62 gegessen?....

2472 2505 116 44 Dies
2624 2504 126 44 nicht
2785 2503 84 44 das
2904 2502 144 52 Tuch,
3086 2500 134 45 weiss
3257 2499 95 44 und
3388 2507 74 36 rot

2470 2582 253 61 gewùrfelt,
2763 2582 115 43 dran
2912 2580 82 44 wir
3028 2576 311 63 gesessen?....

2469 2662 118 44 Was
2622 2661 99 44 dies
2757 2658 192 45 hier?....
2988 2658 115 51 Ach,
3143 2657 126 45 diese
3304 2656 230 52 scheinen,

2472 2756 54 28 so
2562 2740 75 43 die
2672 2738 183 45 meinen
2891 2737 86 44 wie
3011 2736 74 44 die
3120 2735 181 44 deinen.

2474 2818 105 43 zwei
2615 2817 139 44 bittre
2789 2832 52 27 zu
2878 2815 110 51 sein,
3029 2813 61 44 im
3126 2812 230 52 Wàhnen,

2472 2893 375 60 herabgefallene
2881 2893 200 44 Trànen.
3104 2926 25 18 ,,

3029 3024 274 47 Giovanni
3338 3024 232 47 Pascoli.

2887 3115 296 44 Traduzione
3558 3112 53 46 di
3728 3115 11 47 Be
3739 3112 1 50 nno
3739 3112 1 50 Geiger.

2032 3541 218 37 14
