3886 3825
3252 286 272 40 POESIA

274 429 881 110 ÉPITHALAME

977 570 322 99 D'UN
1383 565 440 99 MARIN

263 807 100 62 Jole
398 823 61 30 au
497 806 142 47 noble
673 804 152 46 marin
860 803 94 62 qui,
995 818 81 31 sur
1110 800 69 47 les
1214 816 125 30 mers
1376 799 221 54 sereines,

267 888 48 46 A
350 903 55 30 su
442 887 173 46 fermer
651 901 87 29 son
774 883 106 47 àme
916 884 28 45 à
979 880 180 63 l'appel
1195 880 84 45 des
1317 877 182 48 sirènes
1517 878 7 46 !

264 1024 101 62 Joie
399 1024 29 46 à
463 1025 49 46 la
548 1020 177 48 fiancée
761 1038 58 28 au
858 1020 130 45 doux
1023 1018 99 45 sein
1159 1015 237 62 palpitant

270 1103 97 61 Qui
403 1118 82 30 sur
520 1101 44 46 le
598 1100 122 46 bord
755 1100 85 45 des
875 1098 108 45 flots
1019 1095 43 46 le
1098 1094 217 46 souhaite
1350 1104 47 34 et
1432 1091 228 47 l'attendi

270 1236 38 47 Il
343 1236 142 55 vient,
526 1245 47 37 et
611 1250 87 33 son
737 1234 160 45 navire
932 1232 121 47 enfle
1090 1231 61 44 de
1184 1228 226 47 blanches
1446 1226 162 46 Voiles

272 1316 94 47 Sur
400 1315 46 46 la
482 1314 64 47 foi
583 1315 60 46 de
677 1314 27 45 1'
724 1327 178 39 amour,
943 1327 81 31 sur
1059 1311 45 46 la
1138 1310 64 45 foi
1240 1310 84 44 des
1360 1305 182 48 étoiles.

272 1457 88 46 Ses
394 1471 126 46 yeux
555 1453 254 47 cherchent
844 1452 44 44 d'
908 1449 150 47 abord
1094 1449 28 46 à
1156 1444 235 49 l'horizon
1428 1443 197 47 lointain

273 1534 132 49 Celle
440 1534 82 61 qui
557 1533 101 46 doit
692 1532 120 46 fixer
846 1529 183 46 l'ancre
1065 1528 60 46 de
1160 1543 86 30 son
1283 1526 170 45 destin.

275 1672 193 44 Bientót
502 1669 69 46 les
605 1677 138 37 vents
779 1668 211 44 heureux
1024 1664 211 46 l'auront
1270 1661 193 46 conduit
1499 1659 108 61 près
1649 1656 158 49 d'Elle
1824 1675 9 39 ;

273 1750 110 60 Que
418 1766 75 30 ses
530 1750 110 45 bras
677 1757 275 52 presseront
987 1753 161 38 contre
1184 1759 89 29 son
1311 1757 141 30 coeur
1489 1739 151 47 Adele.

273 1886 104 47 Elle
413 1902 116 30 aura
563 1884 46 47 le
643 1882 160 54 délice,
845 1891 48 37 et
929 1890 224 51 pourtant
1189 1879 46 45 la
1270 1893 217 45 rougeur,

276 1966 77 46 De
389 1965 147 46 sentir
571 1980 113 29 sous
719 1978 86 30 son
842 1961 126 45 front
1002 1960 69 44 les
1105 1960 288 44 battements
1429 1955 124 46 d'un
1592 1969 152 32 coeur.

275 2102 61 46 Et
371 2117 53 30 ce
460 2116 117 37 sera,
616 2098 118 46 dans
771 2097 47 46 la
854 2096 218 61 musique
1108 2103 48 36 et
1190 2092 46 47 la
1272 2091 208 53 lumière,

278 2181 70 44 La
383 2180 125 45 force
537 2178 148 61 jeune
720 2176 111 46 unie
865 2176 29 44 à
929 2173 45 46 la
1010 2171 142 63 gràce
1186 2171 252 62 première;

277 2318 212 52 Comme,
529 2331 106 30 vers
671 2312 99 47 l'ile
804 2327 60 30 en
901 2312 143 44 fleurs
1080 2307 119 48 d'un
1236 2307 127 62 golfe
1399 2304 320 52 harmonieux,

277 2396 236 63 L'hymen
550 2396 85 45 des
671 2393 109 47 flots
816 2401 48 36 et
899 2390 61 46 de
995 2389 45 48 la
1076 2399 136 44 terre,
1254 2404 113 30 sous
1404 2385 68 47 les
1508 2384 150 47 cieux.

1184 2527 254 58 Auguste
1761 2523 4 62 Dorchain.

2139 1670 407 97 NUIT
3061 1648 327 116 D'ÉTOILES

2251 1923 92 44 Sur
2377 1919 233 47 l'horizon
2646 1919 168 44 hautes
2848 1934 61 28 ou
2952 1917 176 50 basses,

2250 1999 196 45 Frólant
2480 1997 126 47 leurs
2641 1997 139 45 orbes
2817 1995 80 61 qui
2932 1992 238 52 s'évitent,

2251 2080 93 44 Les
2380 2079 172 45 calmes
2587 2076 165 47 étoiles
2787 2075 237 61 gravitent

2250 2160 74 44 En
2361 2157 171 46 silence
2568 2174 59 28 au
2664 2156 113 45 fond
2813 2155 84 44 des
2932 2168 206 44 espaces.

2251 2296 136 44 Dans
2422 2292 176 47 l'éther
2632 2288 333 49 obscurément
2999 2287 108 46 bleu

2251 2375 78 44 Ou
2366 2373 124 46 leurs
2526 2372 159 45 lueurs
2720 2386 50 29 se
2805 2367 323 58 disséminent,

2253 2455 92 44 Les
2381 2461 149 37 astres
2566 2467 63 28 un
2665 2451 28 44 à
2730 2465 64 29 un
2829 2447 282 46 culminent:

2251 2533 164 60 Epars,
2456 2547 60 28 on
2554 2528 67 47 les
2657 2528 97 45 voit
2790 2544 90 43 peu
2918 2527 27 43 à
2983 2541 104 43 peu,

2254 2667 198 45 Suivant
2485 2665 46 46 la
2566 2673 135 37 route
2737 2659 302 53 coutumière,

2254 2747 192 45 Monter
2481 2762 60 28 au
2578 2743 98 53 ciel,
2715 2753 48 34 et
2798 2739 321 52 redescendre,

2255 2825 198 46 Comme
2489 2839 94 30 une
2617 2822 216 45 radieuse
2867 2819 183 52 cendre,

2255 2905 200 47 Corame
2489 2904 84 45 des
2608 2912 192 52 gouttes
2836 2900 59 45 de
2931 2897 241 47 lumière...

2259 3041 45 45 O
2342 3039 152 62 perles
2530 3054 92 45 que
2657 3053 134 29 verse
2827 3052 61 27 un
2925 3034 152 61 grand
3112 3048 110 29 vase

2257 3120 106 46 Fait
2399 3116 118 47 d'un
2555 3118 104 45 noir
2693 3115 155 47 cristal
2885 3110 135 49 azuré
3044 3115 9 43 !

2259 3200 45 45 O
2342 3199 184 61 rythme
2561 3195 197 62 paisible
2792 3204 47 36 et
2875 3209 130 29 sacre
3030 3193 6 43 !

2259 3279 45 44 O
2342 3276 268 61 splendeur,
2650 3276 28 44 ó
2715 3273 202 60 mystére
2935 3271 6 45 !
2983 3271 175 45 Extase
3177 3269 8 45 !

2989 3406 261 49 Fernand
3282 3406 191 49 Gregh.

1887 3575 54 39 13
