3886 3825
467 364 269 38 POESIA

473 489 1347 205 L'abbonamento
1870 542 92 152 a
2754 489 950 205 rimborsato

602 757 410 48 L'abbonamento
1050 774 157 30 annuo
1243 774 29 28 a
1379 758 278 47 Poesia
1680 793 43 18 ,,
1764 755 132 63 (Lire
1934 758 76 46 IO
2048 772 84 42 per
2168 753 194 57 l'Italia,
2402 758 72 46 15
2514 772 83 43 per
2631 754 236 64 l'Estero)
2903 754 27 47 è
2966 757 310 43 interamente
3312 752 284 45 rimborsato
3633 750 75 46 del

463 838 127 44 dono
626 838 45 43 di
707 847 191 49 quattro
934 853 144 45 opere
1115 837 61 44 da
1211 835 229 61 scegliere
1479 835 70 45 fra
1585 835 41 44 le
1663 834 198 45 edizioni
1898 833 123 46 della
2061 834 193 47 Rivista.

1409 1006 498 84 EDIZIONI
2004 1006 106 84 DI

469 1188 28 56 I
537 1185 20 28 9
586 1186 261 58 Fillio
890 1187 63 36 R°
961 1199 139 24 manzo
1131 1186 41 37 di
1212 1184 206 43 Paolo
1457 1184 223 44 Buzzi,
1712 1184 198 38 vincitore
1941 1183 64 38 del
2047 1189 52 33 i.°
2134 1184 207 37 Concorso
2378 1182 40 37 di
2698 1206 50 3 —
2781 1183 118 37 Parte
2931 1182 158 38 Prima:
3121 1182 186 37 VERSO
3340 1182 55 36 IL

890 1243 257 45 BALENO;
1180 1241 304 50 elegantissimo
1515 1242 165 37 volume
1713 1240 42 41 di
1789 1254 83 35 300
1903 1241 149 48 pagine
2082 1254 76 23 con
2189 1241 208 47 copertina
2428 1253 22 22 a
2480 1239 123 37 colori
2634 1238 40 37 di
2705 1238 200 41 Enrico
2938 1237 325 51 SacChGtti).
3382 1268 7 6 .
3435 1235 72 43 L.
3548 1234 41 42 2
3596 1263 15 25 9
3624 1258 49 4 —

570 1332 117 36 Parte
718 1331 210 38 Seconda:
962 1333 69 36 SU
1064 1331 155 37 L'ALI
1252 1332 110 36 DEL
1395 1331 196 37 NEMBO
1623 1330 335 50 (Elegantissimo
1989 1330 161 38 volume
2185 1329 41 37 di
2265 1342 78 35 300
2376 1328 148 49 pagine
2558 1341 76 24 con
2669 1328 208 48 cope.tina
2912 1342 21 23 a
2964 1328 124 38 colori
3118 1328 41 37 di
3194 1326 200 43 Enrico

656 1387 314 50 Sacchetti)
3462 1399 17 17 »
3547 1381 63 51 2,
3615 1404 55 4 —

2418 1439 12 10 *

570 1476 118 38 Parte
720 1477 125 37 Terza
864 1490 7 24 :
904 1477 188 37 VERSO
1123 1477 73 37 LA
1228 1476 269 38 FOLGORE
1527 1475 315 51 (elegantissimo
1873 1476 160 37 volume
2063 1475 41 38 di
2128 1486 81 37 500
2231 1474 150 49 pagine
2402 1486 75 26 con
2498 1472 208 50 copertina
2726 1486 23 24 a
2769 1472 125 38 colori
2917 1474 42 36 di
2990 1472 52 42 E.
3075 1470 321 56 Sacchetti)
3460 1486 22 22 »
3548 1471 62 51 2,
3619 1493 51 6 —

476 1565 86 67 L»'
588 1566 295 68 incubo
928 1566 273 68 velato
1244 1566 117 38 Versi
1393 1566 38 37 di
1466 1565 247 43 Enrico
1747 1564 90 43 Ca
1842 1564 350 43 vaccllioli.
2223 1564 198 38 vincitore
2451 1564 63 38 del
2547 1565 51 37 II.
2603 1569 17 18 0
2646 1564 207 38 Concorso
2882 1564 41 38 di
3215 1563 160 49 (elegan-

467 1649 60 6 —
1244 1623 155 37 tissimo
1442 1622 163 38 volume
1648 1630 206 40 stampato
1897 1635 46 24 su
1982 1631 109 28 carta
2131 1621 41 38 di
2214 1621 219 44 Fabriano,
2473 1634 77 24 con
2590 1620 207 48 copertina
2835 1634 23 22 a
2896 1620 122 38 colori
3059 1620 39 36 di
3148 1618 245 41 Romolo

656 1679 259 50 Romani)
3460 1690 21 20 »
3547 1672 158 53 3,50

472 1768 315 68 Bianco
834 1771 301 65 Amore
1180 1793 147 36 Poema
1357 1791 41 37 di
1431 1789 215 45 Guido
1678 1789 269 43 Verona
1977 1790 325 49 (elegantissimo
2333 1789 164 37 volume
2527 1795 204 42 stampato
2761 1802 45 24 su
2837 1796 108 30 carta
2975 1789 40 37 di
3048 1789 217 48 Fabriano)
3462 1803 18 20 »
3546 1787 64 52 3,
3620 1785 87 42 SO

473 1902 408 59 Giovanni
1303 1903 146 37 Studio
1480 1902 139 37 critico
1651 1901 40 36 di
1722 1899 242 43 Emilio
1995 1900 295 45 Zanette,
2322 1901 200 38 vincitore
2554 1899 64 38 del
2649 1900 58 37 III
2710 1905 16 17 0
2754 1900 203 37 Concorso
2980 1900 40 37 di
3305 1899 78 50 (ele-

1302 1959 242 49 gantissimo
1574 1958 162 37 volume
1767 1971 75 23 con
1877 1957 208 37 maschera
2116 1958 218 48 disegnata
2365 1958 51 36 da
2449 1955 244 42 Romolo
2728 1955 255 52 Romani)
3133 1987 7 7 .
3466 1971 17 19 »
3549 1954 39 41 3
3596 1981 16 24 9
3622 1952 86 43 flO

634 2047 409 65 IsCICICHClSi
1091 2046 216 66 della
1360 2047 165 65 Vltfl
1566 2046 114 36 Versi
1713 2046 41 36 di
1800 2044 326 43 Federico
2172 2044 98 44 De
2316 2044 208 43 Maria
2568 2045 323 50 (elegantissimo
2922 2046 164 36 volume
3122 2058 46 24 su
3209 2053 110 29 carta
3355 2044 39 37 di

421 2121 15 16 »
469 2130 52 5 —
702 2090 192 46 JaSL—,
1129 2128 79 7 —
1567 2102 131 52 lusso)
1745 2115 1736 25 ...............
3546 2098 159 53 3,50

473 2194 66 66 II
584 2211 252 51 verso
887 2193 257 66 Ubero
1186 2194 51 49 (P
1240 2200 84 30 arte
1341 2194 35 47 *)
1407 2215 54 6 —
1492 2192 150 39 Studio
1673 2193 138 38 critico
1840 2193 39 37 di
1905 2191 168 44 Griail
2102 2192 232 42 Pietro
2366 2191 236 42 LllCini
2634 2192 321 49 (elegantissimo
2974 2191 164 37 volume
3159 2191 40 37 di
3225 2202 78 37 700
3328 2203 45 35 pa-

470 2277 46 6 —.
832 2276 54 7 —
1187 2250 107 48 gine,
1326 2263 76 24 con
1433 2250 235 48 acquaforte
1700 2250 41 37 di
1774 2248 172 42 Carlo
1981 2249 222 53 Agazzi)
2252 2279 7 7 .
2505 2279 7 7 .
2631 2279 8 7 .
2757 2279 8 7 .
2883 2279 7 7 .
3008 2278 7 6 .
3133 2278 7 7 .
3261 2277 7 7 •
3456 2262 21 20 »
3550 2246 37 42 5
3596 2276 15 23 9
3618 2270 54 4 —-

1394 2370 612 64 D'IMMINENTE
2062 2368 719 66 PUBBLICAZIONE

476 2512 112 64 Le
654 2509 468 67 Ranocchie
1186 2507 377 69 turchine
1604 2509 101 36 Vers
1709 2521 9 23 '
1739 2507 39 37 cli
1799 2506 244 42 Enrico
2068 2505 444 44 Cavacehioli.
2534 2507 193 37 vincitore
2744 2506 62 37 del
2829 2507 59 36 11°
2905 2518 196 25 concorso
3117 2505 42 37 di
3178 2510 21 15 '•
3215 2505 179 46 Poesia,,

483 2591 18 13 ,1
1606 2563 315 50 (elegantissimo
1952 2563 176 46 volume,
2160 2576 76 24 con
2266 2563 210 49 copertina
2505 2576 23 24 a
2559 2562 120 38 colori
2712 2562 40 37 di
2783 2559 54 42 U.
2871 2559 201 53 Valeri)
3133 2591 7 8 .
3385 2591 9 9 .
3464 2575 20 23 »
3548 2559 160 55 3,50

477 2656 556 69 Revolverate
1075 2677 116 37 Versi
1222 2676 114 38 liberi
1368 2677 40 37 di
1442 2674 167 45 Gian
1638 2676 231 43 Pietro
1903 2676 238 42 Lueini
2171 2676 322 49 (elegantissimo
2522 2676 162 38 volume
2714 2676 40 36 di
2785 2676 107 36 circa
2923 2688 80 35 400
3035 2674 167 49 pagine)
3386 2706 7 6 .
3462 2690 21 21 »
3618 2699 55 3 —

473 2791 243 69 Versi
763 2788 236 67 liberi
1045 2812 38 36 di
1116 2810 206 43 Paolo
1355 2811 222 48 Buzzi,
1609 2813 195 37 vincitore
1835 2813 66 36 del
1932 2813 52 37 I.°
2004 2824 196 25 concorso
2232 2812 39 36 di
2333 2812 179 45 Poesia,,
2539 2809 319 55 (elegantissimo
2879 2811 160 37 volume
3061 2810 39 36 di
3124 2823 80 35 300
3227 2809 167 53 pagine)
3460 2826 21 19 »
3547 2810 40 40 S
3595 2838 16 24 9
3619 2808 86 43 SO

480 3057 68 41 6»
593 3053 64 68 Jf[
1438 3084 185 36 esce
1664 3073 582 58 regolarmente
2286 3073 189 58 ogni
2520 3081 242 36 mese.

1520 3161 194 60 Ogni
1756 3173 329 35 numero
2123 3165 227 43 costa
2390 3161 73 46 in
2503 3160 212 47 Italia
2752 3159 166 47 Lire
2959 3159 44 53 1,
3009 3186 65 5 —
3111 3158 406 48 all'Estero
3559 3160 151 54 1,50

474 3333 546 45 Abonnement
1057 3331 286 46 annue!
1380 3327 49 51 à
1953 3316 111 70 10
2115 3315 198 71 fps*
2355 3341 97 35 eri
2491 3329 236 53 Italie;
2778 3316 109 69 15
2941 3314 199 72 ffS*
3181 3326 50 52 à
3268 3330 461 61 l'Etranger.

478 3446 174 45 Prix
690 3444 97 47 de
827 3443 300 60 chaque
1168 3454 362 36 numero:
1579 3429 43 67 1
1658 3427 137 71 fp,
1836 3454 96 35 en
1973 3442 241 54 Italie;
2265 3429 42 67 1
2355 3427 136 71 fi?,
2546 3427 136 72 SO
2721 3437 49 52 à
2811 3441 475 60 l'Etranger.

1977 3588 224 47 36
