3502 4389
1635 105 106 52 309

260 248 333 52 Verschiedene
623 249 231 50 Ursachen
896 247 151 49 haben
1091 247 80 48 das
1209 247 172 64 gleiche
1404 245 248 65 Ergebniss

141 327 365 66 herbeigeführt,
533 325 102 50 dass
664 325 71 49 die
764 325 341 49 musicalischen
1134 324 195 48 Vereine
1364 325 82 47 auf
1472 323 179 48 halbem

139 407 153 62 Wege
339 403 157 48 stehen
541 403 240 63 geblieben
821 402 115 55 sind,
978 402 40 47 d.
1047 402 44 47 b.
1133 400 156 49 stehen
1332 400 240 65 geblieben
1610 400 43 49 in

139 484 126 48 ihren
297 479 356 48 künstlerischen
684 478 344 56 Fortschritten,
1072 477 118 48 denn
1233 477 70 48 ihr
1345 477 311 48 numerischer

138 555 197 52 Bestand
365 555 171 47 wächst
561 554 179 64 täglich.
796 554 121 47 Stolz
952 553 112 48 oder
1092 553 229 57 Faulheit,
1359 553 297 63 geckenhafte

139 631 280 64 Einbildung
462 631 111 47 oder
607 631 273 49 Misstrauen
922 629 42 48 in
1006 629 91 47 sich
1140 628 154 57 selbst,
1338 629 318 63 ungeschickte

138 711 214 63 Leitung,
379 708 326 63 verunglückte
734 705 259 48 öffentliche
1023 704 198 56 Proben,
1262 706 183 63 Mangel
1473 722 57 31 an
1561 722 64 33 ma-

138 786 203 50 teriellen
371 785 421 62 Ermunterungen,
834 781 189 51 örtliche
1053 781 283 57 Rivalitäten,
1376 783 252 48 Verlockun-

141 880 86 50 gen
272 863 77 48 des
386 863 246 63 geselligen
670 860 198 56 Lebens,
908 859 76 49 des
1027 859 220 48 Theaters
1288 877 40 31 u.
1359 875 33 33 s.
1423 877 73 39 w.,
1539 859 118 48 ohne

141 957 84 31 von
266 939 87 48 den
397 938 315 64 begründeten
743 936 326 49 Hindernissen
1098 953 52 29 zu
1181 935 155 57 reden,
1379 935 171 48 welche
1587 935 70 48 die

139 1015 408 65 Notwendigkeit
575 1015 78 48 des
682 1014 160 49 Berufs
885 1012 91 49 und
1021 1011 81 48 der
1131 1011 239 50 Geschäfte
1408 1028 48 33 so
1486 1011 63 48 oft
1576 1011 81 48 der

138 1094 261 63 Ausübung
442 1092 81 49 der
564 1094 148 45 Kunst
752 1090 138 48 selbst
932 1090 43 47 in
1017 1089 349 49 Mussestunden
1409 1096 220 57 entgegen-

139 1170 157 48 stellen
402 1169 79 48 das
509 1167 98 49 sind
637 1167 148 64 einige
814 1183 84 31 von
928 1165 84 48 den
1042 1165 272 57 Einflüssen,
1356 1166 172 47 welche
1569 1165 87 48 den

139 1245 270 51 Lebenssaft
435 1261 78 31 vor
542 1245 81 47 der
650 1244 231 64 gehofften
905 1242 164 49 Blülhe
1098 1244 60 47 im
1183 1244 131 48 Keim
1345 1244 312 47 vertrocknen.

256 1321 102 50 Und
383 1320 116 48 doch
522 1320 165 49 deuten
713 1321 83 47 wir
818 1320 97 48 hier
937 1336 86 32 nur
1046 1319 83 48 auf
1148 1320 193 48 Vereine
1364 1319 91 57 hin,
1486 1319 171 48 welche

141 1400 81 48 viel
250 1397 232 50 Aufsehen
513 1397 212 66 gemacht
753 1396 165 51 haben.
961 1395 127 49 Aber
1116 1413 76 31 um
1224 1396 119 48 diese
1374 1396 159 48 herum
1564 1395 92 48 und

141 1477 82 49 tief
247 1482 132 42 unter
416 1475 136 49 ihnen
594 1476 119 48 steht
754 1476 99 48 eine
882 1476 146 47 Masse
1058 1490 83 32 von
1173 1473 369 58 Gesellschaften,
1587 1473 70 49 die

142 1552 117 52 auch
299 1551 133 51 einen
472 1552 290 65 Augenblick
805 1554 105 62 lang
940 1550 264 67 Sympathie
1246 1551 207 65 geweckt
1493 1550 164 49 haben.

141 1632 51 49 In
221 1628 345 68 geschlossenen
595 1630 176 49 Reihen
801 1628 151 49 schien
981 1628 101 49 eine
1117 1627 151 50 starke
1298 1628 172 65 Legion
1500 1627 43 48 in
1572 1645 56 47 gu-

139 1716 70 41 ter
237 1705 229 66 Ordnung
495 1706 326 57 vorzurücken,
863 1703 92 50 und
985 1703 206 50 dennoch
1233 1703 187 50 änderte
1455 1703 92 49 sich
1577 1703 80 49 der

139 1783 197 51 Anblick
368 1783 128 66 jedes
537 1783 127 50 Jahr.
719 1783 88 49 Ein
844 1799 140 33 neues
1012 1781 240 49 Auftreten
1280 1781 270 66 verdrängte
1580 1781 78 49 das

145 1861 185 57 andere,
372 1860 113 49 aber
513 1860 81 48 der
622 1860 81 49 mit
731 1860 158 48 Beifall
927 1858 239 65 begrüsste
1195 1858 167 49 Verein
1392 1857 144 50 erhob
1566 1857 91 50 sich

141 1938 124 49 nicht
293 1937 116 48 über
438 1936 71 49 die
538 1936 216 51 anderen.
785 1938 92 47 Das
907 1937 105 48 alles
1044 1935 189 49 beweist
1258 1935 99 48 eine
1387 1933 273 51 auffallende

141 2015 357 50 Fruchtbarkeit
538 2015 83 49 auf
655 2015 103 49 dem
790 2013 190 50 Gebiete
1022 2012 81 50 der
1129 2013 172 57 Kunst;
1348 2012 114 50 aber
1503 2012 159 50 woher

142 2093 178 49 kommt
346 2108 64 42 es,
438 2091 101 49 dass
561 2092 100 48 eine
683 2091 184 49 relative
891 2089 469 65 Vervollkommnung
1383 2089 124 50 nicht
1531 2089 131 50 mehr

142 2169 197 49 erreicht
368 2168 144 50 wird?
548 2169 204 49 Warum
783 2167 179 49 bleiben
992 2167 72 48 die
1094 2167 342 48 musicalischen
1467 2167 194 48 Vereine

143 2247 83 47 auf
249 2246 147 47 einem
426 2243 268 66 gegebenen
725 2244 178 47 Punkte
931 2243 189 48 stehen?
1169 2243 202 48 Warum
1403 2242 140 48 bildet
1569 2242 92 48 sich

143 2337 82 33 aus
254 2321 123 48 ihrer
405 2321 128 48 Mitte
562 2319 167 49 heraus
766 2319 124 49 nicht
923 2319 102 47 eine
1055 2318 154 48 Classe
1238 2317 77 48 des
1346 2318 319 48 Fortschrittes

146 2398 90 50 und
266 2398 82 48 der
376 2398 180 57 Action,
594 2398 99 47 eine
724 2398 85 47 Art
837 2413 85 32 von
952 2396 184 57 Schule,
1178 2396 174 48 welche
1380 2396 71 48 die
1479 2396 155 48 Schwä-

145 2477 166 48 cheren
353 2478 269 46 unterstützt
664 2474 91 49 und
799 2474 180 49 fördert
1021 2472 91 49 und
1155 2472 73 49 die
1256 2474 289 47 Zerstreuten
1587 2489 78 32 um

145 2553 91 48 sich
265 2552 243 49 sammelt?

260 2629 88 50 Die
378 2629 234 50 Ursachen
650 2627 145 49 davon
838 2628 147 65 liegen
1027 2627 43 48 in
1115 2627 81 49 der
1224 2627 326 66 Organisation
1587 2625 82 49 der

147 2708 213 56 Vereine,
390 2707 44 48 in
463 2707 123 47 ihrer
613 2705 484 64 Zusammensetzung,
1126 2705 43 47 in
1199 2704 128 50 ihren
1359 2703 277 51 Gewohnhei-

147 2793 74 42 ten
252 2784 93 50 und
374 2784 44 48 in
448 2783 103 49 dem
584 2784 168 56 Geiste,
781 2783 81 48 der
890 2784 42 47 in
962 2783 136 48 ihnen
1126 2782 107 49 lebt.
1274 2784 107 47 Man
1411 2782 142 48 werfe
1581 2798 88 31 nur

147 2863 131 48 einen
306 2860 254 68 prüfenden
593 2860 123 49 Blick
745 2860 83 49 auf
851 2860 78 49 das
954 2860 151 49 Ganze
1124 2859 147 50 dieser
1294 2859 193 48 Vereine
1515 2859 154 56 selbst,

147 2939 174 50 welche
348 2939 92 48 sich
471 2939 58 48 im
561 2938 154 49 Süden
745 2938 43 47 in
811 2938 132 65 jeder
971 2937 150 59 Stadt,
1161 2938 43 47 in
1227 2935 152 68 jedem
1411 2935 143 50 Dorfe
1586 2935 63 49 bil-

148 3018 104 57 den,
292 3033 76 32 um
399 3015 72 50 die
500 3017 164 48 Rhone
693 3015 81 49 mit
804 3015 86 49 den
919 3017 235 63 Pyrenäen
1185 3014 143 48 durch
1357 3013 80 49 das
1467 3013 174 65 gemein-

147 3111 126 33 same
297 3093 131 51 Band
449 3093 82 49 der
553 3093 254 49 Harmonie
829 3109 53 31 zu
905 3091 264 59 verbinden,
1199 3091 92 49 und
1317 3105 45 35 es
1385 3090 115 48 wird
1522 3090 145 48 einem

148 3171 117 58 klar,
293 3187 178 33 warum
501 3170 144 48 nichts
675 3170 77 47 für
781 3169 71 48 die
880 3170 150 47 Kunst
1056 3168 135 49 dabei
1220 3168 361 49 herauskommt.

265 3248 314 66 Unbeständig
622 3246 93 50 und
743 3246 193 50 leichten
965 3248 178 56 Sinnes,
1180 3246 167 49 theilen
1376 3245 73 48 die
1477 3244 166 49 Südlän-

150 3325 81 50 der
272 3325 123 50 nicht
434 3325 72 48 die
547 3325 372 65 gegenwärtigen
951 3324 345 63 Bestrebungen
1337 3323 78 48 des
1442 3321 229 59 Nordens,

150 3403 69 48 die
250 3401 169 50 darauf
442 3403 250 63 ausgehen,
720 3401 91 49 sich
837 3418 83 32 von
948 3400 103 50 dem
1075 3401 135 64 lange
1233 3408 281 58 getragenen
1529 3399 143 48 Joche

151 3480 77 48 des
260 3480 217 48 Vorortes
505 3480 128 48 Paris
673 3479 46 48 in
748 3479 178 48 Sachen
956 3479 80 47 der
1067 3479 147 47 Kunst
1257 3478 81 48 frei
1383 3495 53 31 zu
1481 3476 190 49 machen

151 3556 91 50 und
284 3558 93 48 sich
407 3556 206 50 Institute
656 3555 96 50 und
788 3556 101 49 eine
926 3555 313 50 musicalische
1268 3554 199 65 Bildung
1493 3572 52 30 zu
1576 3570 74 32 ver-

150 3635 219 56 schaffen,
397 3635 73 48 die
499 3635 128 48 ihren
658 3634 301 48 moralischen
989 3632 90 49 und
1110 3632 348 50 intellectuellen
1482 3630 166 49 Bedürf-

150 3714 147 47 nissen
326 3711 260 66 entspricht.
623 3713 65 46 Im
720 3710 155 49 Süden
904 3711 119 65 singt
1051 3709 93 50 und
1174 3710 201 49 musicirt
1403 3725 105 33 man
1540 3709 136 57 bloss,

151 3806 76 31 um
256 3806 54 31 zu
339 3790 157 63 singen
541 3787 91 50 und
670 3806 54 31 zu
764 3787 261 58 musiciren,
1068 3789 70 47 ein
1180 3787 195 50 höheres
1403 3786 94 48 Ziel
1538 3786 139 48 kennt

151 3883 107 31 man
294 3866 144 56 nicht;
482 3881 56 33 an
581 3866 101 48 eine
710 3866 274 65 Opposition
1027 3881 149 50 gegen
1221 3852 126 61 l*aris
1389 3864 141 48 denkt
1571 3880 104 32 man

151 3945 136 48 nicht.
317 3945 50 47 In
397 3944 169 48 diesem
597 3960 100 32 vom
731 3945 201 47 Himmel
964 3951 275 59 gesegneten
1268 3941 159 52 Lande
1456 3959 101 30 vom
1583 3941 94 48 Var

151 4021 67 50 bis
247 4038 80 33 zur
357 4021 218 48 Garonne
616 4020 80 49 hat
724 4020 71 49 die
825 4021 150 50 Natur
1003 4020 86 49 den
1122 4020 286 49 Bewohnern
1440 4019 237 63 unstreitig

1725 247 166 48 schöne
1923 244 303 51 musicalische
2257 247 207 64 Anlagen
2507 249 258 65 gespendet,
2806 252 110 49 aber
2955 254 61 47 sie
3055 256 171 48 treiben

1727 324 69 47 die
1825 323 147 48 Musik
2004 323 80 47 mit
2110 323 124 48 einer
2260 325 399 64 Unabhängigkeit
2687 344 81 32 von
2800 330 155 49 Gesetz
2984 332 92 47 und
3107 333 91 47 Ord-

1727 417 141 47 nung,
1911 399 172 48 welche
2110 399 79 48 das
2220 400 141 49 heisse
2391 402 150 47 Klima
2579 403 121 48 nicht
2738 422 110 46 ganz
2890 408 339 65 entschuldigen

1728 477 136 54 kann,
1895 474 91 50 und
2018 474 68 48 bei
2118 475 121 49 einer
2267 484 177 41 ernsten
2470 477 160 49 Arbeit
2649 496 136 47 sagen
2809 483 60 46 sie
2893 499 109 47 gern
3026 485 79 47 mit
3126 485 101 49 dem

1727 557 157 58 trägen
1916 550 245 50 Bedienten
2201 551 43 47 in
2273 553 79 47 der
2387 554 118 47 alten
2535 554 250 50 Komödie:
2825 559 135 53 „Gott
2986 562 58 45 sei
3078 562 151 47 Dank!

1726 629 71 47 ich
1822 629 73 47 bin
1919 628 147 64 fertig,
2095 644 92 32 nun
2216 629 170 49 arbeite
2409 629 58 48 du
2735 634 61 46 Es
2825 633 94 63 gibt
2947 635 42 47 in
3019 637 214 49 derThat

1728 704 136 49 kaum
1896 704 71 48 ein
1994 704 146 56 Land,
2177 704 78 48 das
2283 705 42 47 in
2356 706 332 49 musicalischer
2718 709 254 66 Beziehung
3002 714 230 61 günstiger

1729 780 195 50 bedacht
1953 784 133 44 wäre.
2136 780 84 47 Die
2249 781 255 49 Bewohner
2533 784 192 48 besitzen
2756 786 176 64 Anlage
2975 788 88 47 und
3095 790 136 45 Trieb

1728 875 101 31 zum
1862 860 223 62 Gesänge,
2132 858 70 47 die
2232 859 193 47 Melodie
2462 860 51 46 ist
2552 860 133 48 ihnen
2716 863 277 63 angeboren,
3039 865 70 47 ihr
3138 865 69 48 leb-

1729 934 147 48 hafter
1898 934 223 48 Verstand
2147 935 103 47 fasst
2272 934 70 48 die
2372 935 343 50 harmonischen
2740 939 303 51 Verhältnisse
3064 941 169 49 schnell

1729 1011 92 48 und
1851 1011 132 48 leicht
2010 1011 92 55 auf,
2132 1011 70 47 ihr
2230 1012 183 46 Inneres
2441 1011 53 47 ist
2523 1012 75 47 für
2620 1014 133 62 jeden
2784 1016 448 51 Gefühls-Eindruck

1728 1087 324 65 empfänglich,
2081 1087 62 49 sie
2175 1087 148 47 haben
2347 1089 106 47 Sinn
2479 1089 76 47 für
2578 1090 157 47 Poesie
2765 1092 88 46 und
2885 1094 69 45 ein
2984 1095 248 64 gefälliges,

1728 1162 352 50 einnehmendes
2109 1164 198 54 Wesen;
2349 1181 54 30 zu
2433 1165 130 47 allem
2594 1165 101 48 dem
2726 1166 78 47 hat
2832 1166 68 48 die
2928 1169 146 47 Natur
3101 1170 135 48 ihnen

1727 1241 184 55 schöne,
1942 1241 205 64 kräftige,
2178 1241 338 64 umfangreiche
2546 1242 88 47 und
2663 1244 330 64 sympathische
3016 1246 220 48 Stimmen

1728 1317 239 50 verliehen.
2025 1317 99 50 Und
2155 1317 206 49 dennoch
2392 1317 176 49 bleiben
2599 1319 61 48 sie
2701 1321 42 46 in
2776 1321 347 50 künstlerischer
3151 1322 57 50 Be-

1728 1393 192 65 ziehung
1962 1395 81 47 auf
2079 1395 143 47 einem
2267 1393 153 49 relativ
2462 1395 230 65 niedrigen
2723 1397 313 65 Standpunkte
3064 1400 168 48 stehen.

1731 1472 235 48 Warum?
2011 1471 124 48 Weil
2164 1487 46 32 es
2236 1472 220 47 zweierlei
2486 1471 69 56 ist,
2585 1473 69 47 ein
2686 1475 273 48 Kunstwerk
2989 1494 52 30 zu
3069 1485 142 39 verste-

1728 1548 87 49 hen
1860 1548 90 47 und
1992 1548 42 47 in
2074 1548 91 49 sich
2210 1547 345 56 aufzunehmen,
2598 1550 89 47 und
2733 1567 43 31 es
2818 1569 52 29 zu
2899 1552 338 64 reproduciren,

1729 1626 101 48 weil
1850 1625 222 48 zwischen
2090 1626 158 47 Jenem
2270 1625 92 48 und
2387 1626 198 56 Diesem,
2615 1626 217 49 zwischen
2856 1627 80 50 der
2958 1630 276 64 Auffassung

1731 1702 90 48 und
1853 1702 81 47 der
1959 1701 313 63 Wiedergabe
2293 1701 98 49 eine
2413 1702 127 48 Kluft
2570 1703 121 64 liegt,
2720 1705 172 47 welche
2919 1722 87 31 nur
3031 1707 71 47 ein
3133 1724 76 30 ern-

1728 1787 88 41 stes
1839 1778 209 50 Studium
2075 1780 223 48 ausfüllen
2324 1778 136 59 kann,
2489 1778 90 49 und
2605 1781 99 47 weil
2734 1780 80 48 der
2836 1782 251 48 Südländer
3116 1783 122 49 nicht

1731 1856 77 48 für
1849 1853 339 51 ausdauerndes
2216 1853 213 50 Studiren
2472 1856 211 63 gemacht
2723 1856 54 48 ist
2818 1856 90 49 und
2949 1857 71 48 die
3060 1866 181 57 strenge

1729 1932 406 65 Nothwendigkeit
2161 1931 82 48 der
2269 1938 179 42 ernsten
2478 1931 163 49 Arbeit
2669 1948 111 49 gern
2809 1950 83 30 von
2921 1933 90 48 sich
3043 1935 203 50 abweist.

1732 2011 136 48 Ohne
1897 2009 119 49 diese
2046 2008 97 66 gibt
2171 2025 46 31 es
2246 2008 112 48 aber
2385 2008 222 50 natürlich
2640 2008 158 50 keinen
2824 2009 259 51 wirklichen
3107 2012 108 50 Fort-

1732 2088 156 47 schritt
1916 2087 45 48 in
1990 2086 80 49 der
2099 2087 161 48 Kunst.

1848 2164 110 50 Wie
1986 2163 71 48 die
2084 2162 280 58 Individuen,
2401 2180 49 30 so
2480 2163 320 48 verschmähen
2832 2164 115 47 auch
2977 2164 68 49 die
3086 2167 130 62 glück-

1733 2241 87 47 lich
1850 2239 229 65 begabten
2108 2239 173 49 Völker
2319 2239 61 47 im
2410 2239 254 47 Vertrauen
2706 2241 80 45 auf
2822 2241 97 47 ihre
2960 2243 281 47 natürlichen

1737 2317 296 65 Fähigkeiten
2075 2316 71 49 die
2185 2316 286 49 beharrliche
2500 2316 173 49 Arbeit.
2728 2317 76 47 Ihr
2832 2324 141 41 erster
3001 2319 172 49 Anlauf
3196 2321 54 47 ist

1738 2393 143 57 kühn,
1909 2393 234 65 energisch
2175 2392 90 48 und
2295 2393 77 48 hat
2400 2399 140 42 etwas
2570 2393 402 65 Ursprüngliches;
3001 2396 110 47 aber
3142 2396 101 48 bald

1736 2472 96 48 tritt
1854 2472 234 54 Nachlass,
2102 2470 200 56 Zweifel,
2326 2470 381 64 Entmuthigung,
2733 2470 283 50 Ueberdruss
3039 2473 85 57 ein,
3147 2474 98 47 weil

1737 2548 71 48 die
1837 2548 169 65 einzige
2034 2547 174 48 sichere
2239 2547 223 48 Führerin
2504 2563 97 31 zum
2630 2547 138 57 Ziele,
2810 2547 70 48 die
2909 2547 177 59 Arbeit,
3125 2550 122 47 nicht

1737 2625 60 49 im
1827 2624 162 50 Bunde
2018 2624 80 48 mit
2126 2624 80 48 der
2235 2624 112 48 Lust
2387 2641 56 31 an
2484 2623 81 48 der
2593 2624 146 48 Sache
2782 2624 66 48 ist.
2903 2625 58 47 So
2993 2625 108 49 fehlt
3129 2624 118 51 denn

1738 2704 115 48 auch
1897 2703 85 47 den
2027 2702 337 48 musicalischen
2396 2702 225 48 Vereinen
2664 2702 57 47 im
2759 2702 153 48 Süden
2956 2702 71 49 die
3071 2704 147 64 Haupt-

1737 2780 158 47 sache:
1934 2778 179 58 Arbeit,
2142 2778 258 56 Ausdauer,
2429 2777 347 49 Gründlichkeit
2803 2778 90 47 und
2925 2779 254 48 Sicherheit
3205 2782 42 45 in

1740 2857 184 50 Wissen
1956 2855 88 49 und
2077 2857 209 48 Können.
2339 2857 61 45 Ist
2429 2872 45 32 es
2504 2854 56 48 da
2588 2872 52 30 zu
2671 2854 317 58 verwundern,
3031 2872 128 33 wenn
3189 2858 62 47 sie

1738 2934 253 48 rückwärts
2019 2933 149 64 gehen
2198 2933 90 48 und
2314 2931 80 50 der
2417 2934 148 46 Kunst
2593 2931 121 49 nicht
2740 2931 85 49 den
2856 2933 254 64 geringsten
3134 2934 88 47 Vor-

1738 3011 110 49 theil
1879 3010 223 65 bringen?

1858 3088 193 48 Werfen
2083 3088 82 47 wir
2192 3088 213 47 zunächst
2447 3086 128 47 einen
2606 3088 123 45 Blick
2772 3086 80 47 auf
2876 3086 70 47 die
2975 3086 251 65 philharmo-

1740 3166 184 50 nischen
1949 3165 351 50 Gesellschaften
2330 3164 109 49 oder
2462 3164 480 48 Orchester-Vereine.
2975 3164 280 65 Diejenigen,

1741 3244 71 48 die
1841 3244 116 48 noch
1982 3259 70 33 am
2077 3241 154 50 Leben
2262 3243 113 55 sind,
2404 3240 256 50 verdanken
2688 3241 99 49 ihre
2813 3240 254 65 Gründung
3093 3243 133 62 gewis-

1741 3321 236 49 senhaften
2014 3320 263 53 Künstlern,
2320 3319 171 48 welche
2533 3320 42 46 in
2620 3319 217 48 mancher
2879 3319 128 47 Stadt
3049 3319 79 46 mit
3171 3320 55 46 Be-

1742 3398 175 48 dauern
1948 3396 70 49 die
2046 3396 358 65 Zersplitterung
2434 3395 80 48 der
2544 3395 337 48 musicalischen
2912 3394 344 66 Bestrebungen

1743 3476 139 49 sahen
1912 3474 92 49 und
2036 3475 80 47 mit
2141 3472 265 50 Leidwesen
2438 3472 282 56 bemerkten,
2761 3472 82 49 wie
2872 3471 105 50 bald
3005 3489 85 32 von
3119 3472 110 49 musi-

1745 3552 221 50 calischen
1990 3550 324 66 jugendlichen
2344 3551 220 47 Talenten
2608 3550 135 48 kaum
2787 3549 115 48 noch
2944 3550 71 47 ein
3044 3549 213 49 Schatten

1746 3631 131 64 übrig
1910 3629 136 57 blieb,
2077 3645 131 31 wenn
2239 3629 62 47 sie
2328 3627 90 49 sich
2451 3629 96 47 eine
2573 3627 151 49 Weile
2748 3629 58 45 im
2832 3626 319 65 bürgerlichen
3173 3627 56 47 Le-

1747 3707 87 49 ben
1858 3706 183 65 bewegt
2063 3706 171 48 hatten.
2263 3706 76 47 Ihr
2366 3705 92 48 Ziel
2490 3720 112 41 war,
2632 3704 70 48 die
2732 3704 217 55 Musiker,
2978 3702 70 49 die
3072 3719 44 32 es
3139 3711 121 41 ernst

1747 3785 79 47 mit
1854 3785 123 47 ihrer
2009 3785 147 46 Kunst
2187 3784 193 56 meinen,
2409 3799 75 30 um
2516 3782 129 47 einen
2674 3781 291 65 Mittelpunkt
2992 3798 52 29 zu
3072 3781 165 47 vereini-

1747 3880 104 48 gen,
1881 3861 101 48 dem
2010 3861 360 48 Dilettantismus
2392 3860 98 48 eine
2519 3876 116 32 neue
2660 3859 226 64 Richtung
2914 3875 52 31 zu
2996 3857 165 65 geben,
3190 3859 74 48 die

1749 3941 148 46 Kunst
1924 3939 82 49 auf
2028 3937 72 49 die
2130 3937 158 49 echten
2319 3936 293 48 Traditionen
2649 3933 410 58 zurückzuführen,
3101 3933 71 51 die
3201 3936 63 47 sie

1749 4017 85 49 fast
1862 4034 111 47 ganz
2003 4017 222 47 verlassen
2258 4016 138 57 hatte,
2427 4015 109 47 Sinn
2568 4013 89 49 und
2688 4012 280 50 Geschmack
2999 4012 78 48 des
3109 4012 126 50 Publi-
