3050 4076
2903 3979 35 23 35

101 100 128 29 Freuden
250 99 206 28 aufkommen.
515 99 73 28 Zum
611 101 102 27 ersten
733 98 82 30 Male
836 99 52 28 hat
908 97 89 29 Erich

101 150 139 29 Schmidt
260 151 28 26 in
311 149 54 28 der
390 149 343 29 Goethe-Gesellschaft
754 150 128 31 gestört.
904 147 93 33 Viele,

101 200 170 28 besonders
291 202 87 26 unter
399 200 58 28 den
477 199 117 29 Gästen
613 207 55 21 aus
687 199 112 34 Berlin,
818 198 106 29 hatten
942 197 56 28 das

99 249 234 32 vorausgeahnt
360 249 60 28 und
448 257 109 20 waren
583 249 69 29 teils
680 249 164 33 abgereist,
873 247 68 30 teils
969 248 29 27 in

101 299 47 29 ein
171 299 132 28 anderes
324 299 97 28 Lokal

156 348 79 29 Herr
258 349 110 30 Hofrat
389 349 76 30 Paul
487 350 181 29 Schienther
691 350 52 28 hat
766 357 32 21 es
822 348 82 29 nicht
924 355 55 21 vor-

100 400 181 31 ausgeahnt.
300 400 64 29 Alle
379 399 128 30 fehlten:
525 400 58 33 „Es
600 399 92 29 fehlte
711 400 78 28 auch
806 399 53 29 der
875 397 122 33 Schalk,

100 449 55 29 der
176 450 29 27 in
225 451 116 27 seinem
361 449 204 29 Damentoast
585 450 48 28 die
654 452 72 30 gute
746 449 106 28 Laune
873 456 38 21 zu
932 449 49 27 ent-

98 499 115 29 fesseln
241 500 60 28 und
330 500 47 29 die
405 499 116 33 großen
546 499 91 28 Tiere
675 499 53 28 der
766 496 215 34 Goethegesell-

99 549 101 29 schaft
219 550 161 32 behaglich
400 549 266 29 durchzuhecheln
848 548 62 29 Der
929 555 68 21 war

99 600 131 28 nämlich
252 600 78 29 auch
350 600 29 28 in
399 601 48 27 ein
466 599 132 29 anderes
617 598 95 29 Lokal
732 606 171 25 gegangen.
924 596 73 30 Man

98 650 150 34 versteht,
277 650 58 28 daß
365 650 66 28 eine
459 648 320 33 Goethegesellschaft
807 657 56 20 nur
902 646 95 29 durch

101 700 88 28 einen
210 699 204 30 Damentoast
437 701 28 26 in
486 701 72 30 gute
580 698 105 29 Laune
706 701 141 26 versetzt
868 697 129 29 werden

99 750 91 29 kann.
233 750 118 29 Goethe
374 750 102 28 macht
499 758 38 20 zu
559 749 133 34 schwer,
716 749 74 29 aber
815 750 48 28 die
886 748 96 29 hinrei-

100 800 118 29 chende
247 800 214 29 Bierschwere
489 799 132 29 erreicht
649 807 70 20 man
747 801 54 27 mit
829 799 60 28 ihm
918 797 80 29 doch

100 851 91 28 nicht.
212 850 32 28 In
264 850 69 28 dem
357 849 135 29 anderen
513 849 96 28 Lokal
631 851 153 32 „stimmte
807 849 54 28 der
884 847 113 30 Schalk

99 908 63 21 von
189 900 88 29 Erich
304 899 155 30 Schmidts
485 899 275 32 Lieblingsliedern
798 901 84 26 eines
919 897 79 30 nach

100 950 69 28 dem
194 950 116 28 andern
463 948 160 33 Hingegen
645 949 183 32 präsidierte
853 948 50 29 auf
927 948 71 28 dem

100 1000 133 29 Bankett
259 999 78 29 Herr
362 1007 62 20 von
452 998 167 33 Oettingen
645 999 72 34 „mit
743 998 95 30 vieler

100 1051 60 28 und
186 1051 94 28 leerte
306 1051 87 27 einen
419 1048 120 30 Becher
567 1049 136 29 Goethes
730 1049 70 34 „auf
826 1049 56 29 das
906 1047 92 30 Wohl

99 1100 54 29 der
186 1099 207 29 anwesenden
426 1099 325 29 Goethefreundinnen
782 1108 53 19 zur

99 1150 181 29 Schließlich
307 1149 109 29 wurde
442 1149 142 29 Freiherr
609 1157 63 21 von
700 1148 201 34 Rheinbaben
927 1156 71 21 zum

97 1199 225 29 Vorsitzenden
361 1199 53 29 der
451 1198 363 30 Schmidt-Gesellschaft
853 1198 145 33 gewählt.

99 1250 42 28 Im
159 1249 149 30 nächsten
325 1249 74 28 Jahr
417 1249 62 29 will
495 1249 79 29 Herr
593 1249 110 29 Hofrat
721 1249 76 29 Paul
816 1248 181 30 Schienther

98 1299 117 34 prüfen,
245 1299 38 29 ob
322 1298 79 30 Herr
430 1308 63 20 von
523 1299 201 33 Rheinbaben
763 1299 58 28 den
860 1299 138 28 heiteren

99 1349 86 29 Geist
215 1350 28 28 in
272 1349 54 29 der
358 1349 320 33 Goethegesellschaft
710 1348 167 30 entfesseln
908 1348 90 29 kann.

96 1450 235 33 Steinfindlinge

155 1525 55 29 Die
238 1525 167 30 Vossische
433 1525 137 35 Zeitung,
600 1526 217 28 modernisiert
854 1525 61 28 wie
954 1524 45 29 sie

97 1577 48 32 ist,
176 1575 229 30 veröffentlicht
445 1576 29 28 in
514 1576 81 28 ihrer
634 1574 250 33 Abendausgabe
924 1581 74 21 vom

96 1627 45 27 20.
160 1625 64 29 Mai
244 1628 88 26 unter
541 1625 144 33 folgende
706 1625 102 29 Notiz:

155 1676 72 34 „Ein
247 1675 297 30 Corinth-Denkmal
565 1677 40 27 im
628 1675 198 30 Grunewald.
864 1674 59 29 Zur
944 1673 36 29 Er-

97 1727 150 32 innerung
271 1734 38 20 an
334 1726 59 29 den
417 1726 176 29 bekannten
617 1725 99 29 Maler
740 1725 95 29 Lovis
861 1724 137 33 Corinth,

97 1776 73 29 der
195 1777 249 28 seinerzeit
470 1776 66 29 die
562 1776 243 29 schönsten
832 1774 139 30 Grune-

97 1827 266 28 waldbilder
384 1828 39 26 in
455 1826 73 29 der
550 1825 242 30 Sezession
831 1824 67 29 für
932 1824 67 29 die

97 1876 201 30 Oeffenll
310 1877 8 27 i
330 1885 17 21 c
358 1877 19 28 h
388 1877 19 28 k
421 1885 15 20 e
448 1878 9 27 i
468 1879 11 26 t
546 1875 295 33 freigegeben
909 1874 89 34 hat,

96 1927 80 29 wird
198 1927 48 28 die
268 1927 168 29 Gemeinde
457 1926 189 29 Grunewald
667 1934 50 20 am
737 1923 261 36 Riemeister-See

99 1976 52 30 auf
166 1978 98 28 einem
279 1976 137 35 Terrain,
433 1977 56 29 das
504 1977 54 28 der
572 1976 258 32 königliche
847 1975 127 29 Forst-

97 2027 145 29 fiskus
273 2036 37 20 zu
336 2027 116 28 diesem
476 2026 114 29 Zweck
622 2025 201 33 freigegeben
856 2025 61 34 hat,
952 2025 48 28 ein

99 2076 151 30 Denkmal
276 2077 162 33 errichten,
463 2077 62 28 und
550 2084 85 21 zwar
663 2084 55 21 aus
745 2075 255 32 Steinfindlingen

101 2127 54 29 der
178 2126 100 35 Mark,
301 2128 54 27 mit
380 2128 99 27 einem
503 2126 223 29 Gedenkstein:
754 2125 78 29 Dem
857 2124 125 30 unsterb-

99 2177 99 29 lichen
221 2176 99 30 Maler
343 2176 94 30 Lovis
462 2176 127 29 Corinth
614 2176 49 28 die
685 2175 169 29 Gemeinde
880 2175 100 29 Grune-

158 2277 129 30 Corinth
305 2277 64 33 gibt
387 2277 85 29 seine
492 2275 103 30 Bilder
613 2275 47 29 für
681 2275 49 29 die
750 2274 250 30 Oeffentlichkeit

98 2327 67 35 frei,
191 2328 54 28 der
275 2327 172 32 königliche
475 2326 189 29 Forstfiskus
692 2325 65 33 gibt
795 2325 48 29 ein
871 2324 129 29 Terrain

99 2377 66 30 frei.
240 2377 57 29 Die
327 2377 169 29 Gemeinde
537 2376 189 30 Grunewald
767 2375 145 29 entdeckt
952 2373 48 29 die

99 2427 169 30 schönsten
292 2427 288 29 Grunewaldbilder
602 2434 64 21 von
690 2425 137 34 Corinth,
849 2423 151 30 während

100 2486 71 21 man
195 2477 150 30 vielmehr
370 2477 54 29 der
450 2476 189 30 Vossischen
664 2475 128 33 Zeitung
818 2474 95 33 große
939 2474 41 33 Ro-

101 2529 86 28 sinen
210 2529 28 27 in
264 2528 59 29 den
348 2527 164 30 fehlenden
536 2526 80 33 Kopf
640 2526 143 33 gesteckt
807 2525 61 29 hat.

855 2600 36 30 H.
912 2600 50 31 W.

107 2829 323 59 Gedichte

102 2939 67 28 Von
188 2939 91 28 Ernst
298 2937 141 29 Wilhelm
459 2938 76 29 Lotz

102 3038 106 29 Schlaf
230 3057 35 3 —
285 3037 89 29 wach

103 3104 74 29 Zum
197 3104 114 33 Schlag
332 3104 53 29 der
405 3102 157 30 Nachtuhr
583 3102 152 32 schwingt
755 3102 80 28 mein
855 3101 70 29 Blut
945 3100 56 30 das

104 3154 50 30 Ich
174 3156 78 32 liege
272 3154 196 33 ausgereckt.
827 3148 137 36 [Pendel.

103 3205 68 29 Und
193 3208 100 26 warte
316 3205 133 30 atmend.

104 3255 137 30 Stunden
265 3257 152 28 rauschen
442 3255 59 29 auf.

104 3305 69 30 Und
196 3307 67 31 jede
287 3306 118 29 Stunde
428 3306 62 29 hält
514 3307 48 27 ein
586 3304 180 29 kreisendes
789 3303 96 28 Licht.

104 3354 55 30 Ein
180 3356 222 29 tiefbedeckter
426 3357 88 32 Gang
536 3357 82 30 zeigt
639 3356 29 28 in
691 3355 47 29 die
760 3353 108 34 Ferne,

104 3405 80 29 Vom
209 3406 211 30 Stundenlicht
445 3407 203 29 bedämmert.

105 3504 84 30 Mein
211 3506 86 33 Auge
318 3509 95 27 starrt
433 3507 152 32 beglänzt.

105 3605 178 31 Nachthelle
304 3605 150 31 Stunden!

106 3655 49 30 Ihr
179 3657 127 28 könntet
331 3657 208 29 schaukelnde
564 3657 257 32 Schmetterlinge
846 3657 75 33 sein,

106 3706 140 29 Maibunt
269 3706 170 29 bemustert
463 3707 61 28 und
547 3706 358 34 Pfauenaug-gefiedert.

108 3805 47 29 Ihr
178 3806 127 29 könntet
329 3813 148 27 summen,
501 3809 148 31 getragen
673 3808 52 29 auf
747 3807 177 34 Akkorden,

107 3854 226 36 Dom-hallend,
354 3858 74 27 weit
449 3856 95 30 durch
565 3855 111 37 Türen,
696 3857 106 30 Läden
824 3858 61 29 und
907 3856 94 35 Stille,

108 3904 294 36 Herschwingende,
424 3913 216 26 versponnene
661 3906 111 31 Musik,

1076 97 56 29 Die
1151 96 99 30 Nacht
1268 98 39 28 ist
1326 97 74 29 bunt
1419 97 60 28 und
1500 97 158 32 glücklich.

1076 147 62 29 Vor
1158 148 120 28 meinen
1298 147 108 33 Augen
1425 148 73 28 baut
1519 148 43 28 sie
1583 148 47 28 ein
1650 147 192 30 taumelndes
1861 146 93 34 Kugel-

1594 198 76 32 spiel
1694 206 56 21 aus
1776 198 196 33 Glaskugeln.

1075 297 57 30 Mit
1158 297 140 29 weichen
1327 297 177 30 Glöckchen
1532 299 103 28 macht
1663 300 45 27 sie
1736 300 47 27 ein
1813 298 140 33 Ohrenge-

1851 349 121 32 klingel.

1075 448 89 29 Dann
1187 448 116 33 pflückt
1326 451 43 27 sie
1392 450 79 28 hoch
1493 457 62 21 von
1578 450 338 29 wasserrauschenden

1074 517 37 4 —
1136 499 64 29 Das
1226 501 87 31 wogt
1338 500 61 29 und
1424 500 120 29 fächert
1569 518 37 4 —
1821 496 151 37 [Bäumen

1075 548 65 30 Viel
1165 550 228 33 erdbeergroße
1417 553 67 26 rote
1508 550 122 29 Beeren
1654 551 104 29 herab.

1075 598 52 31 Sie
1141 600 89 32 spielt
1244 600 94 30 damit
1351 601 107 29 umher
1473 601 61 29 und
1549 601 130 30 schnellt
1693 603 44 28 sie
1752 602 61 28 und
1828 601 86 34 fängt
1928 603 43 28 sie

1074 650 69 29 Und
1162 652 81 31 singt
1261 652 143 29 verweht
1424 653 88 27 einen
1530 651 201 32 Kinderreim.

1075 700 68 29 Und
1162 701 108 30 nimmt
1289 703 44 28 sie
1353 711 180 20 zusammen
1553 703 62 28 und
1635 703 79 29 reiht
1734 703 44 29 sie
1800 703 60 29 und

1075 751 43 28 Im
1137 750 89 32 Kreis
1246 752 74 30 bunt
1340 753 78 28 rund
1741 750 166 36 [schwingt
1928 755 44 29 sie

1076 800 67 30 Und
1164 802 83 29 wirft
1268 804 44 28 sie
1334 812 51 20 um
1406 804 121 29 meinen
1547 803 106 30 Mund.

1075 902 195 34 Rotglühend
1290 905 110 29 brennt
1421 906 49 28 ein
1489 905 270 31 lutschend-süßer
1779 905 79 33 Kuß!

1075 978 57 31 Die
1148 978 99 31 Nacht
1263 982 38 28 ist
1317 981 75 30 bunt
1408 982 61 29 und
1487 982 108 30 zeitlos
1613 982 159 32 glücklich.

1075 1079 246 34 Frühlingsatem

1075 1155 73 29 Eine
1164 1155 225 31 Liebesfroheit
1405 1158 52 29 hat
1473 1160 100 27 meine
1590 1159 142 33 Wangen
1748 1162 50 26 rot
1814 1160 160 32 gepudert.

1075 1205 84 30 Mein
1182 1206 90 29 Atem
1296 1208 110 29 mischt
1429 1209 65 29 sich
1517 1210 100 29 weich
1642 1210 70 29 dem
1736 1209 160 34 Tagwind.

1075 1306 59 30 Wo
1155 1308 48 29 ich
1225 1308 47 30 die
1293 1308 132 30 Straßen
1446 1310 128 35 betrete,
1596 1311 67 30 sind
1684 1312 44 29 sie
1749 1320 71 21 zum
1840 1312 134 33 Festzug

1265 1359 140 36 bereitet,

1075 1408 54 29 Ein
1155 1409 151 33 blumiges
1333 1410 178 30 Schauvolk
1536 1411 210 32 festschreitet
1773 1413 61 29 und
1860 1413 114 33 gleitet.

1075 1508 171 32 Menschen
1272 1513 275 32 erwartungsgroß
1573 1513 101 29 haben
1699 1514 65 29 sich
1790 1514 183 33 aufgestellt.

1076 1560 63 30 Aus
1162 1560 78 30 allen
1262 1562 150 29 Fenstern
1434 1563 145 29 kommen
1599 1563 106 30 Blicke
1726 1573 39 20 zu
1787 1566 66 34 mir,
1875 1565 80 30 Sonn-

1265 1613 186 32 tag-erhellt.

1075 1711 57 30 Mit
1148 1712 120 29 bloßem
1286 1712 97 34 Kopfe
1401 1715 60 28 und
1479 1716 55 29 mit
1549 1723 58 21 vor
1625 1715 163 33 Jungkraft
1805 1716 169 31 federnden

1265 1763 102 30 Zehen

1076 1811 73 30 Muß
1174 1813 48 29 ich
1247 1815 108 29 immer
1381 1816 61 28 und
1468 1817 107 28 immer
1601 1816 96 30 durch
1723 1816 252 32 Sonnenstraßen

1265 1865 108 32 gehen.

1077 1964 50 30 Ich
1150 1965 79 30 habe
1253 1966 47 29 ein
1322 1966 178 31 fernblaues
1522 1968 155 30 Mädchen
1701 1977 50 21 am
1774 1969 85 31 Ende
1883 1970 54 30 der

1265 2016 111 30 Straße
1400 2018 153 35 erschaut,

1077 2065 64 30 Das
1161 2065 199 31 lieb-ruhelos
1381 2067 115 30 Säulen
1516 2077 63 21 von
1600 2068 217 32 Sonnenstaub
1839 2079 57 21 vor
1918 2072 56 29 mir

1265 2117 82 30 baut.

1077 2216 69 29 Und
1166 2217 149 30 während
1338 2219 47 28 ich
1409 2219 87 34 gehe,
1519 2220 73 32 geht
1615 2222 29 27 in
1667 2222 116 29 meiner
1804 2222 172 30 Herzbrust

1266 2269 122 31 jemand
1413 2271 53 28 mit
1490 2270 62 30 viel
1576 2271 192 31 schnelleren
1792 2272 104 31 Füßen

1077 2315 68 30 Und
1172 2317 75 30 ruft:
1276 2319 66 29 Wir
1369 2321 129 29 werden
1525 2321 73 30 heut
1625 2322 127 30 küssen!

1077 2416 406 38 Weichluft-umschlungen
1501 2422 162 31 verzittert
1683 2424 81 29 mein
1784 2424 192 31 Jubelschrei

1266 2470 91 30 hinab
1378 2473 29 27 in
1429 2472 48 30 die
1498 2472 103 31 Brust.

1079 2518 69 30 Und
1177 2521 79 28 mein
1286 2521 90 29 Atem
1405 2524 111 28 strömt
1545 2524 38 28 ab
1612 2524 29 29 in
1671 2524 60 30 den
1760 2525 101 31 Wind.
1908 2526 68 30 Von

1267 2571 144 30 Dächern
1429 2573 84 30 weht
1533 2575 47 28 ein
1600 2574 173 32 Gelächter.

1078 2670 33 29 In
1134 2670 171 32 Gedanken

1079 2745 100 30 Herrn
1204 2747 52 29 Dr.
1282 2747 31 30 E.
1339 2749 167 33 gewidmet

1079 2820 57 29 Am
1158 2821 74 30 Ufer
1254 2823 70 32 hing
1345 2832 62 21 von
1429 2824 57 29 Oel
1508 2825 60 28 und
1590 2825 78 30 Teer
1692 2829 47 27 ein
1761 2827 83 30 Duft.

1079 2870 167 31 Eratmend
1263 2874 80 29 blieb
1362 2883 49 20 am
1430 2874 106 34 Rande
1556 2877 83 28 einer
1658 2878 117 30 stehen.

1080 2920 91 30 Seine
1204 2923 107 33 Augen
1345 2925 123 29 mußten
1501 2928 349 33 verwunderungsgroß
1884 2930 92 29 übers

1267 2974 129 30 Wasser
1415 2976 113 32 gehen:

1079 3020 63 31 Der
1162 3022 108 31 Abend
1291 3025 80 29 warf
1390 3027 85 28 seine
1494 3027 207 34 Farbentöpfe
1722 3031 29 27 in
1773 3030 48 30 die
1841 3030 80 30 Luft.

1079 3071 64 30 Das
1163 3072 97 37 Meer,
1281 3077 29 27 in
1331 3076 203 33 Spiegelstille
1553 3077 181 37 zerflossen,

1080 3121 68 30 Und
1166 3124 55 29 das
1239 3124 83 36 Ufer,
1340 3127 55 29 das
1413 3127 147 30 turmhaft
1578 3129 99 30 abseit
1694 3131 100 34 stand,

1079 3171 116 32 Waren
1215 3177 53 27 mit
1287 3176 121 30 Farben
1429 3177 192 33 Übergossen

1080 3222 68 29 Und
1168 3227 134 28 starrten
1324 3229 151 28 staunend
1497 3229 40 28 im
1557 3229 230 31 Farbenbrand.

1080 3272 71 30 Sieh
1172 3277 56 27 mir
1250 3277 28 27 in
1299 3278 47 29 die
1368 3278 117 33 Augen.
1525 3279 117 32 Kannst
1663 3281 39 29 du
1723 3282 176 35 verstehen,

1079 3322 66 30 Daß
1166 3333 34 21 so
1220 3328 210 30 wunderliche
1447 3328 98 31 Leute
1565 3331 75 29 über
1660 3332 48 29 die
1729 3331 80 31 Erde
1828 3333 108 35 gehen,

1079 3371 57 32 Mit
1157 3374 117 36 Augen,
1296 3378 78 29 nach
1395 3378 120 30 Fernen
1535 3382 157 34 gewandt,

1080 3422 67 30 Und
1173 3427 53 28 mit
1251 3426 132 36 Stirnen,
1409 3429 365 35 Sehnsucht-gebräunt?

1080 3522 32 29 In
1131 3523 169 32 Gedanken
1319 3527 83 31 fasse
1421 3530 172 29 manchmal
1612 3533 99 28 meine
1729 3532 99 30 Hand.

1080 3572 32 28 In
1132 3573 167 32 Gedanken
1319 3596 38 5 —
1374 3579 163 29 leuchtend
1557 3599 38 4 —
1614 3582 50 28 bin
1684 3583 48 29 ich
1754 3583 69 29 dein
1842 3583 131 31 Freund.

1079 3671 57 31 Die
1157 3674 99 32 Nacht
1278 3678 94 29 strich
1394 3678 135 29 funkend
1550 3700 8 9 .
1578 3700 8 9 .
1606 3701 8 8 .

1080 3744 56 31 Die
1162 3747 98 32 Nacht
1284 3752 94 28 strich
1406 3751 134 31 funkend
1567 3754 60 28 und
1655 3754 67 30 heiß
1750 3755 75 29 über
1853 3754 119 30 meinen

1266 3799 143 33 Scheitel.

1080 3845 63 31 Der
1166 3847 148 32 Gedanke
1338 3859 38 20 an
1400 3852 66 29 eine
1488 3851 237 34 Jung-Geliebte

1080 3896 122 30 Atmete
1221 3899 49 29 bei
1290 3902 56 28 mir
1367 3903 40 27 im
1428 3901 80 31 Bett.
1526 3919 38 6 —

2051 97 81 31 Aber
2152 99 43 29 als
2213 100 53 28 der
2284 99 65 33 Tag
2366 109 57 20 vor
2441 104 129 27 meinem
2588 103 126 29 Fenster
2733 107 151 32 ergrünte,

2051 148 118 29 Schrak
2197 150 47 29 ich
2271 152 28 27 in
2326 150 163 31 Wachheit
2517 161 104 23 empor

2051 198 66 29 Und
2141 203 108 26 sonnte
2270 202 99 28 meine
2391 202 107 32 Augen
2520 210 37 20 an
2579 203 97 28 einem
2697 212 99 20 neuen
2816 203 122 36 Traum,

2049 267 37 4 —
2106 249 438 33 Spinnweb-Strahlentraum.

2051 297 66 30 Den
2140 300 134 32 zerlegte
2297 301 46 29 ich
2366 304 54 27 mit
2441 303 120 28 meinen
2583 303 279 30 Wunsch-Blicken

2051 348 68 29 Und
2134 350 99 28 stellte
2247 351 28 27 in
2291 351 58 28 den
2364 351 130 33 Morgen
2509 353 100 29 hinein
2626 355 46 27 ein
2689 354 129 29 scheues
2835 355 105 34 Glück,

2053 398 31 28 In
2106 400 46 27 ein
2173 402 83 27 rotes
2277 400 188 33 Tulpenbeet
2486 404 98 28 stellte
2606 404 47 29 ich
2676 412 33 21 es
2730 404 98 29 hinein

2051 449 59 28 Auf
2132 450 86 28 einen
2239 450 184 34 schneeigen
2446 452 119 30 Sockel.

2052 498 67 29 Und
2145 499 120 30 schrieb
2291 501 143 30 darunter
2460 503 52 29 mit
2536 505 129 28 meinem
2691 504 109 32 Finger

2052 548 106 34 Zittrig
2178 551 169 28 verwischt

2051 599 64 30 Das
2136 600 98 34 Wort,
2256 601 54 29 das
2332 602 47 28 ein
2399 601 136 30 Staunen
2556 604 50 29 ist:

2051 649 177 30 Freund.

2055 910 353 60 Créations

2110 1019 59 29 Les
2194 1019 106 30 lettres
2325 1023 176 26 traversent
2526 1021 192 29 decidement
2743 1030 58 19 une
2827 1029 118 24 epoque

2055 1069 38 29 de
2119 1071 146 28 creation.

2111 1119 181 33 Cependant
2309 1129 58 24 que
2385 1121 37 29 de
2439 1122 106 31 jeunes
2562 1122 138 30 hommes
2717 1124 135 28 sinceres
2869 1123 76 29 mais

2054 1171 128 32 ingenus
2227 1171 144 29 affichent
2414 1172 216 32 bruyemment
2673 1173 65 29 leur
2783 1173 80 29 desir
2908 1174 37 28 de

2054 1221 126 29 realiser
2211 1230 58 20 une
2300 1221 301 33 Renaissance
2631 1223 168 32 pretendue
2827 1232 96 20 revo-

2049 1271 319 30 lutionnaireet
2382 1274 176 27 continuent
2572 1273 27 28 le
2615 1273 65 32 plus
2695 1274 102 34 vieux,
2813 1273 134 30 d'autres

2055 1324 163 29 apportent
2241 1323 161 34 vraiment,
2429 1322 76 30 dans
2531 1323 82 29 leurs
2640 1332 142 25 oeuvres,
2818 1324 129 33 quelque

2055 1372 95 28 chose
2169 1373 50 31 qui
2237 1373 64 27 leur
2322 1372 124 30 confere
2466 1381 58 21 une
2544 1373 178 34 originalite,
2742 1382 58 20 une
2820 1381 129 25 persona

2054 1422 100 34 nalite,
2176 1431 59 20 une
2256 1425 183 27 nouveaute.

2110 1472 48 29 On
2175 1481 17 20 a
2208 1473 29 28 lu
2255 1473 38 29 ici
2310 1481 100 21 meme
2429 1482 38 20 un
2486 1482 108 23 poeme
2613 1474 38 29 de
2669 1474 168 29 Guillaume
2855 1473 74 33 Apol-

2054 1522 114 35 linaire,
2343 1524 79 31 plein
2444 1524 54 29 des
2519 1524 66 32 plus
2609 1524 176 32 precieuses
2808 1524 138 29 beautes.

2054 1572 32 29 Si
2112 1573 169 29 Guillaume
2307 1573 184 33 Apollinaire
2517 1576 47 27 est
2589 1573 188 33 quelquefois
2803 1574 27 29 le
2855 1575 90 31 poete

2053 1625 68 29 trop
2136 1623 184 29 nonchalant
2337 1623 55 30 des
2409 1623 171 33 spectacles
2598 1624 170 32 quotidiens
2787 1626 30 27 et
2834 1623 113 35 divers,

2055 1673 76 28 dans
2148 1681 35 21 ce
2199 1681 110 24 poeme
2326 1673 18 28 il
2362 1673 119 29 affirme
2497 1674 54 28 des
2569 1674 127 32 qualites
2716 1674 37 29 de
2771 1674 175 34 sensibilite,

2055 1722 38 30 de
2115 1731 114 24 pensee
2252 1726 30 26 et
2305 1723 211 32 d'expression
2540 1725 49 31 qui
2612 1732 37 20 en
2670 1723 122 30 fortune
2815 1731 131 25 presque

2055 1773 177 29 admirable.
2277 1773 49 29 On
2350 1782 18 20 a
2392 1782 41 20 vu
2469 1783 57 24 que
2561 1774 169 29 Guillaume
2764 1774 183 32 Apollinaire

2055 1823 163 32 negligeait
2244 1825 85 28 toute
2354 1824 207 32 ponetuation.
2606 1824 20 29 II
2662 1823 51 33 n'y
2748 1832 17 20 a
2802 1825 82 31 point
2919 1823 29 28 lä

2056 1873 193 29 absolument
2278 1882 60 21 une
2369 1875 190 28 innovation:
2592 1874 155 33 Stephane
2778 1874 169 33 Mallarme,

2056 1924 77 29 dans
2160 1933 51 20 ses
2238 1927 125 27 sonnets
2390 1926 159 31 suprimait
2576 1925 28 29 la
2632 1926 209 31 ponetuation;
2870 1926 77 28 mais

2055 1975 107 31 jamais
2183 1975 66 29 cela
2267 1974 115 30 n'avait
2400 1976 107 28 atteint
2526 1983 57 21 une
2604 1978 104 26 centre
2729 1977 122 32 entiere,
2872 1977 29 27 et
2919 1974 28 30 le

2056 2024 146 32 prochain
2230 2025 77 28 livre
2335 2025 54 29 des
2418 2033 125 23 poemes
2573 2025 36 28 de
2640 2025 168 29 Guillaume
2836 2024 96 33 Apolli-

2055 2074 84 28 naire
2162 2074 135 31 paräitra
2320 2081 72 21 sans
2417 2074 90 32 qu'un
2530 2075 92 32 point,
2647 2082 58 20 une
2730 2073 127 34 virgule,
2883 2074 48 32 gui-

2056 2122 72 28 dent
2151 2122 234 30 naturellement
2408 2123 27 28 le
2458 2123 115 29 lecteur
2597 2123 76 28 dans
2696 2122 28 29 la
2747 2122 182 32 coinprehen-

2055 2173 75 28 sion.
2177 2171 90 30 Cette
2294 2173 159 29 hardiesse
2481 2175 71 30 peut
2580 2173 132 29 sembler
2741 2173 119 32 simple;
2891 2172 56 29 eile

2055 2220 67 30 n'en
2145 2222 145 28 demeure
2312 2230 56 24 pas
2389 2223 98 28 moins
2509 2231 57 20 une
2588 2223 168 28 hardiesse.
2797 2222 84 29 Ainsi
2902 2222 45 29 les

2054 2278 186 24 poemesse
2263 2271 230 31 presentent-ils
2520 2279 119 21 comme
2676 2271 38 29 de
2749 2270 200 30 merveilleux

2054 2321 128 28 secrets.
2215 2319 135 29 D'abord
2374 2328 39 20 on
2435 2321 141 33 pätonne,
2601 2328 38 21 on
2663 2319 110 33 hesite;
2799 2328 38 20 on
2862 2321 86 28 saisit

2054 2369 39 29 ici
2110 2377 58 21 une
2186 2369 96 34 lueur,
2298 2369 28 29 lä
2344 2378 58 20 une
2421 2371 96 28 autre.
2554 2369 82 34 Puis,
2653 2369 30 29 la
2698 2369 125 28 lumiere
2842 2378 34 20 se
2893 2368 54 29 fait

2056 2418 67 32 plus
2163 2421 177 30 apparente.
2389 2418 87 30 Enfin
2514 2419 45 29 les
2598 2419 129 29 beautes
2766 2419 181 32 paraissent.

2056 2467 84 30 C'est
2167 2476 58 20 une
2253 2468 125 32 volupte
2406 2469 112 29 inedite
2546 2477 58 24 que
2632 2469 38 28 de
2698 2476 162 24 promener
2889 2476 58 20 une

2058 2518 144 29 curiosite
2234 2519 161 28 constante
2427 2518 76 29 dans
2534 2526 52 21 ces
2617 2526 135 25 poemes,
2785 2519 159 27 constante

2055 2566 118 33 jusqu'ä
2200 2566 133 30 l'instant
2361 2568 38 28 oü
2427 2567 28 29 la
2482 2567 127 29 lumiere
2636 2575 79 21 vous
2753 2567 119 33 baigne,
2910 2566 37 28 oü

2055 2616 29 29 la
2103 2618 99 27 verite
2222 2625 79 21 vous
2321 2617 118 34 etreint,
2461 2618 37 27 oü
2521 2617 28 29 le
2569 2618 102 27 secret
2693 2618 124 30 penetre
2838 2615 110 33 s'erige

2056 2667 77 29 dans
2157 2667 28 29 le
2209 2668 146 28 souvenir
2382 2676 36 20 en
2443 2667 230 33 triomphateur,
2700 2675 77 20 avec
2803 2674 55 21 son
2884 2674 42 20 ma-

2055 2717 90 31 gique
2167 2718 126 30 cortege
2314 2716 37 28 de
2371 2717 170 28 reticences
2563 2718 29 27 et
2611 2716 207 28 demi-aveux.

2112 2766 24 28 A
2162 2766 28 28 la
2217 2766 177 28 considerer
2422 2766 75 28 dans
2524 2773 55 21 son
2606 2773 137 25 essence,
2771 2766 80 27 cette
2877 2764 52 28 har-

2056 2815 101 29 diesse
2181 2817 46 27 est
2248 2817 160 30 purement
2430 2815 253 32 typographique.
2714 2814 47 29 On
2782 2813 40 29 lui
2843 2813 103 29 alliera

2057 2864 55 29 des
2142 2864 185 34 hardiesses,
2368 2863 182 30 differentes'
2575 2865 76 27 mais
2683 2862 262 33 typographiques

2056 2914 180 33 egalement,
2263 2914 73 28 dont
2361 2913 38 29 de
2422 2912 113 33 grands
2561 2912 151 28 ecrivains
2749 2913 198 30 apporterent

2055 2963 28 27 la
2105 2963 146 28 creation.

2112 3011 49 29 On
2185 3011 147 34 s'etonne,
2358 3011 17 28 ä
2401 3011 54 28 lire
2482 3018 75 25 pour
2583 3010 28 27 la
2639 3011 150 30 premiere
2816 3009 58 29 fois
2900 3009 44 29 les

2056 3069 133 21 oeuvres
2213 3061 208 31 dramatiques
2446 3060 37 28 de
2507 3058 75 29 Paul
2607 3058 136 35 Claudel,
2768 3059 36 28 de
2828 3060 67 27 voir
2919 3060 26 27 si

2054 3109 225 33 frequemment
2296 3111 113 29 rejetee
2427 3109 18 28 ä
2463 3109 28 28 la
2509 3108 88 34 ligne,
2618 3110 28 27 et
2665 3108 141 32 disposee
2826 3116 118 21 comme

2055 3159 28 29 la
2110 3159 172 28 traduetion
2319 3158 36 28 de
2383 3165 125 25 poemes
2537 3159 170 32 etrangers,
2735 3159 80 27 cette
2853 3164 91 25 prose

2055 3208 68 31 dejä
2143 3208 181 28 deroutante
2346 3214 53 24 par
2421 3215 34 20 ce
2477 3206 106 32 qu'elle
2604 3207 99 29 reunit
2723 3206 38 29 de
2782 3206 162 33 mystique,

2055 3257 37 29 de
2112 3257 191 32 symbolique
2324 3258 29 26 et
2373 3256 37 28 de
2430 3255 239 35 philosophique,
2688 3258 89 26 vaste
2797 3255 147 32 synthese

2055 3306 68 29 d'un
2146 3306 157 31 superieur
2324 3305 88 28 ideal.

2111 3354 20 29 II
2155 3354 65 28 faut
2244 3354 104 28 savoir
2375 3362 58 23 que
2458 3353 75 30 Paul
2561 3354 135 34 Claudel,
2723 3354 136 31 chauque
2884 3352 58 30 fois

2055 3404 67 32 qu'il
2140 3412 16 20 a
2172 3411 126 21 recours
2314 3404 17 28 ä
2346 3404 28 28 la
2390 3404 89 34 ligne,
2496 3405 120 31 indique
2633 3412 37 20 au
2686 3404 114 28 lecteur
2817 3404 125 28 curieux

2054 3454 37 28 de
2116 3452 152 29 l'admirer
2294 3453 18 28 ä
2336 3454 74 27 voix
2435 3453 100 34 haute,
2561 3454 17 27 ä
2604 3453 126 28 l'artiste
2757 3453 48 31 qui
2830 3452 98 28 l'inter-

2054 3504 95 31 prete,
2171 3500 139 30 l'endroit
2333 3502 36 28 oü
2394 3502 35 29 ils
2453 3502 125 29 doivent
2601 3501 166 32 reprendre
2790 3500 64 29 leur
2877 3508 49 20 res-

2053 3552 138 33 piration,
2227 3553 64 27 tant
2316 3559 76 24 pour
2427 3552 43 29 les
2496 3553 168 27 necessites
2700 3551 165 32 physiques
2902 3550 38 29 du

2052 3599 109 31 souffle
2197 3608 58 24 que
2291 3608 75 25 pour
2401 3601 101 33 Celles,
2538 3601 162 28 litteraires
2736 3602 29 26 et
2800 3598 141 33 morales,

2053 3650 37 28 de
2107 3650 28 28 la
2155 3651 208 28 construction
2382 3651 38 28 de
2437 3651 28 28 la
2484 3652 93 30 piece.
2615 3649 45 30 Ce
2679 3658 57 24 que
2755 3648 74 29 Paul
2848 3647 73 30 Clau-

2051 3699 47 28 del
2123 3700 234 31 accompagnait
2382 3707 134 25 naguere
2541 3699 37 28 de
2612 3698 145 32 quelques
2791 3704 130 24 exagera-

2051 3747 88 29 tions.
2180 3746 60 29 Par
2264 3749 148 33 exemple,
2435 3749 75 28 dans
2533 3748 27 29 la
2583 3749 150 31 premiere
2754 3746 123 28 Version
2900 3745 38 28 de

2050 3794 52 30 La
2126 3794 132 36 Ville,
2260 3796 10 16 1
2275 3793 11 36 )
2313 3804 79 25 page
2416 3798 45 32 29,
2486 3797 36 28 oü
2550 3804 37 20 on
2614 3798 109 26 trouve
2748 3795 77 28 ceci:

2109 3919 9 15 3
2122 3917 9 32 )
2148 3919 127 27 Mercare
2300 3921 32 25 de
2354 3919 111 27 France-
