2944 3685
405 1373 419 91 HVAD
898 1373 180 94 ER
1149 1370 782 97 MODERNE
2002 1373 530 94 KUNST

1059 1540 57 32 AF
1138 1541 210 32 WILLARD
1373 1541 291 33 HUNTINGTON
1687 1541 183 33 WRIGHT

204 1687 287 93 INTETSTEDS
514 1687 76 32 ide
615 1687 133 32 skønne
773 1687 166 31 Kunsters
959 1687 149 31 Historie
1133 1687 62 31 har
1219 1696 114 33 nogen
1349 1687 73 32 Peri-

249 1748 66 32 ode
327 1749 35 31 af
371 1748 151 32 æstetisk
531 1747 264 41 Nyorientering
807 1755 42 33 og
860 1747 151 31 æstetisk
1022 1747 227 31 Bestræbelse
1260 1747 59 31 lidt
1330 1747 111 31 under

205 1820 58 21 saa
287 1818 124 33 megen
435 1808 153 41 offentlig
611 1807 119 42 Uvilje,
755 1807 84 41 Spot
863 1816 43 33 og
927 1807 204 32 Uvidenhed
1155 1818 77 21 som
1249 1807 169 32 Malerkun-

205 1873 75 28 sten
312 1870 10 30 i
355 1868 56 32 det
446 1868 104 32 sidste
576 1868 261 32 Aarhundrede.
884 1868 213 41 Aarsagerne
1122 1867 99 31 hertil
1246 1877 36 21 er
1305 1877 136 32 mange,

205 1940 42 31 og
273 1930 52 31 for
350 1929 66 31 den
434 1929 163 41 alvorlige
614 1931 177 38 Betragter
807 1928 37 31 af
858 1928 278 31 Kunsthistorien
1152 1927 288 42 selvindlysende.

204 1990 261 41 Forandringen
491 1990 50 31 fra
566 1988 68 32 den
658 1988 111 42 gamle
795 1997 43 33 og
862 1988 34 32 til
914 1988 67 32 den
998 1998 66 32 nye
1081 1988 147 42 Retning
1248 1988 95 31 skete
1360 1988 61 31 hur-

204 2051 57 41 tigt
286 2059 43 32 og
352 2050 86 37 brat,
466 2049 145 40 ligesom
636 2059 43 22 en
703 2049 304 32 Oversvømmelse
1033 2058 43 22 en
1100 2048 85 32 stille
1212 2048 229 32 Sommernat.

205 2111 49 31 De
287 2110 166 32 klassiske
478 2110 127 32 Malere
635 2110 9 30 i
668 2109 107 32 første
801 2109 144 32 Halvdel
969 2109 36 31 af
1026 2108 57 32 det
1106 2108 153 32 nittende
1284 2108 135 32 Aarhun-

204 2171 117 37 drede,
352 2180 76 22 som
462 2169 122 38 David,
614 2170 128 41 Ingres,
776 2169 89 32 Gros
898 2178 43 33 og
970 2169 132 32 Gérard
1135 2179 60 22 var
1227 2169 215 42 beskæftiget

205 2231 79 31 med
310 2234 31 28 at
366 2230 218 32 rehabilitere
610 2230 42 31 de
677 2230 112 40 gamle
806 2229 227 38 Traditioner,
1058 2229 43 31 da
1126 2232 31 29 et
1177 2232 60 39 nyt
1254 2239 43 32 og
1314 2232 128 38 strengt

205 2292 139 41 Regime
378 2291 170 31 indførtes
581 2290 93 31 uden
706 2293 103 38 noget
842 2300 76 21 som
952 2290 87 31 helst
1069 2290 130 38 Varsel,
1232 2300 85 21 naar
1352 2289 68 32 Con-

205 2352 127 31 stables
357 2352 97 41 blege
479 2351 180 31 Kætterier
684 2350 179 42 undtages.
910 2350 64 32 Det
997 2361 61 21 var
1081 2350 145 37 Turner,
1250 2350 195 33 Delacroix,

209 2412 151 31 Courbet
394 2420 43 33 og
460 2411 176 38 Daumier,
669 2421 77 21 som
770 2413 142 38 trængte
945 2410 60 31 ind
1028 2411 11 30 i
1063 2410 56 31 det
1142 2410 123 41 hellige
1289 2410 156 41 Tempel,

207 2472 213 41 omstyrtede
445 2471 169 41 Søjlerne,
648 2481 76 21 som
750 2470 113 32 havde
887 2471 119 31 baaret
1030 2470 57 32 det
1110 2472 160 40 igennem
1288 2470 136 32 Aarhun-

207 2532 125 31 dreder
367 2541 42 32 og
442 2531 141 32 kastede
615 2531 68 32 den
707 2531 75 31 hele
807 2531 156 41 Bygning
995 2531 36 31 af
1061 2531 205 32 fastslaaede
1290 2530 154 33 Værdier

207 2592 10 30 i
251 2592 126 31 Støvet.
433 2592 50 30 De
515 2591 205 32 overlevede
755 2590 91 32 dette
877 2590 146 38 débdcle,
1062 2599 44 33 og
1138 2591 44 31 da
1214 2592 43 30 de
1291 2590 153 33 omsider

207 2651 98 42 lagde
341 2651 99 32 deres
474 2651 140 32 Pensler
649 2651 35 31 til
712 2651 78 32 Side
826 2651 54 31 for
913 2651 125 38 stedse,
1073 2662 61 20 var
1169 2651 56 31 det
1260 2651 81 32 med
1377 2652 67 31 den

209 2711 198 41 urokkelige
433 2710 209 32 Bevidsthed
675 2721 70 27 om,
777 2714 32 28 at
834 2711 42 31 de
901 2711 112 31 havde
1038 2710 196 42 fuldbyrdet
1267 2712 66 31 den
1358 2716 69 27 stør-

209 2775 50 28 ste
293 2780 43 31 og
364 2773 87 29 mest
484 2770 301 42 betydningsfulde
810 2771 231 41 Forvandling
1065 2772 9 29 i
1098 2780 115 31 nogen
1237 2771 126 32 Kunsts
1387 2772 39 31 Hi-

209 2832 115 32 storie.

274 2892 78 31 Men
377 2891 71 31 selv
473 2891 90 31 disse
588 2891 67 31 den
673 2902 65 30 nye
755 2891 164 40 Retnings
936 2891 139 40 dristige
1093 2891 199 32 Anarkister
1308 2891 137 32 drømte

209 2953 81 32 lidet
321 2963 58 21 om
404 2952 42 31 de
471 2950 255 42 Yderligheder,
760 2961 75 21 som
861 2950 101 32 deres
986 2951 177 31 Kætterier
1190 2951 85 32 vilde
1300 2952 75 31 føre
1399 2952 45 31 til-

211 3013 62 32 Saa
298 3012 169 42 pludselig
492 3020 42 32 og
558 3015 213 28 sammensat
797 3011 62 31 har
877 3010 226 42 Udviklingen
1128 3011 36 32 af
1186 3011 67 32 den
1277 3011 169 32 moderne

210 3074 108 30 Kunst
350 3075 118 34 været,
503 3074 32 29 at
569 3071 56 31 det
658 3071 71 31 kun
762 3081 37 21 er
830 3071 168 41 lykkedes
1031 3072 54 30 faa
1109 3072 38 30 af
1167 3072 42 31 de
1235 3075 88 28 mest
1347 3083 80 21 revo-

211 3133 191 37 lutionære,
435 3132 169 31 moderne
628 3131 127 32 Malere
783 3134 33 28 at
840 3131 103 31 holde
967 3131 170 41 aandeligt
1160 3131 72 32 Trit
1256 3131 79 32 med
1360 3132 86 31 dens

212 3193 116 31 videre
352 3192 222 42 Udviklinger
598 3201 42 32 og
665 3192 85 31 dens
776 3192 247 41 Digressioner.
1049 3192 12 30 I
1085 3192 109 30 Løbet
1218 3192 36 31 af
1276 3192 42 32 de
1343 3192 103 32 sidste

211 3252 55 31 faa
284 3252 67 31 Aar
375 3262 37 21 er
436 3262 66 31 nye
519 3251 121 31 Moder
665 3260 43 32 og
725 3251 156 32 Metoder
905 3251 8 30 i
930 3251 154 30 Kunsten
1108 3255 165 38 sprunget
1297 3252 46 31 ud
1367 3253 80 30 med

212 3312 235 41 svampeagtig
468 3311 201 41 Hurtighed.
717 3311 256 41 »Bevægelser«
1008 3319 43 32 og
1076 3311 162 31 »Skoler«
1263 3311 63 31 har
1348 3312 98 31 afløst

212 3371 176 32 hinanden
412 3372 81 31 med
517 3371 233 32 forbavsende
774 3370 327 37 Haardnakkethed,
1134 3380 44 32 og
1201 3371 85 31 hver
1310 3372 35 31 af
1367 3372 80 31 dem

212 3431 63 31 har
298 3431 235 41 proklameret
557 3431 57 31 det
639 3431 155 41 endelige
811 3430 132 41 Udtryk
967 3430 54 31 for
1039 3429 172 38 Sandhed,
1236 3441 76 20 som
1330 3441 37 21 er
1384 3431 63 31 alle

215 3490 145 42 Søgeres
378 3491 96 31 Maal.
500 3491 50 41 Og
574 3491 80 31 med
679 3492 70 30 kun
774 3491 54 31 faa
850 3490 224 41 Undtagelser
1098 3500 37 21 er
1159 3490 42 31 de
1222 3490 125 37 Mænd,
1371 3501 76 20 som

1494 1687 63 32 har
1580 1687 188 42 tilskyndet
1792 1687 35 32 til
1851 1687 91 32 disse
1961 1687 316 42 Nyorienteringer,
2301 1691 107 38 ægget
2433 1688 37 32 af
2483 1688 67 32 den
2568 1689 162 42 alvorlige

1494 1747 155 42 Hensigt:
1684 1750 31 29 at
1739 1747 171 32 beherske
1936 1748 68 32 den
2028 1748 171 32 æstetiske
2225 1749 261 41 Kompositions
2502 1749 160 32 Problem
2687 1759 43 31 og

1494 1807 192 32 bestemme
1711 1807 68 32 den
1802 1808 189 41 afgørende
2008 1808 132 38 Maade,
2164 1808 156 43 hvorpaa
2344 1809 43 32 de
2404 1809 154 42 endelige
2576 1819 43 32 og
2636 1810 76 31 ufor-

1494 1868 187 42 gængelige
1705 1868 192 32 Resultater
1922 1879 143 31 opnaas.
2110 1868 79 33 Men
2213 1869 173 32 Kunstens
2410 1869 213 38 Problemer,
2649 1870 64 41 lige-

1495 1938 76 21 som
1596 1928 93 31 selve
1714 1928 124 38 Livets,
1863 1939 36 22 er
1922 1929 11 31 i
1957 1929 166 32 Grunden
2147 1929 176 42 uløselige,
2347 1939 43 32 og
2413 1929 109 32 Kunst
2547 1940 79 22 maa
2650 1931 80 31 altid

1496 1988 159 32 vedblive
1686 1991 32 28 at
1750 1999 92 21 være
1867 1999 43 21 en
1934 1988 161 43 uendelig
2111 1989 112 42 Søgen
2249 1990 85 31 efter
2358 1990 56 31 det
2439 1990 292 42 uovervindelige.

1496 2048 192 32 Kræfterne
1712 2049 10 30 i
1747 2048 30 32 al
1801 2049 110 32 Kunst
1936 2060 47 28 er,
2006 2049 144 42 ligesom
2171 2050 113 31 Livets
2309 2051 95 41 evige
2421 2051 244 41 Reguleringer
2690 2060 41 32 og

1494 2110 183 41 Ligevægt,
1710 2109 72 32 kun
1814 2120 42 22 en
1881 2110 163 33 Nærmen
2077 2110 49 42 sig
2150 2110 35 32 til
2205 2110 311 42 Bestandigheden.
2540 2111 191 32 Kræfterne

1495 2171 10 30 i
1537 2170 31 32 al
1592 2170 109 32 Kunst
1735 2180 36 22 er
1794 2171 114 31 Livets
1932 2171 158 37 Kræfter,
2123 2171 232 31 sideordnede
2389 2181 43 32 og
2458 2171 273 42 komponerede.

1495 2230 106 43 Ingen
1625 2231 143 42 plastisk
1792 2232 106 31 Form
1922 2232 68 31 kan
2015 2232 165 31 eksistere
2204 2232 92 31 uden
2316 2232 137 41 Rytme:
2479 2232 80 31 Ikke
2584 2232 148 41 Rytmen

1498 2292 9 30 i
1541 2302 43 21 en
1613 2291 219 38 overfladisk,
1856 2292 204 32 harmonisk
2084 2291 183 38 Forstand,
2300 2302 81 21 men
2405 2292 69 31 den
2497 2292 135 42 Rytme,
2655 2302 77 20 som

1497 2361 81 32 gaar
1610 2360 149 33 gennem
1783 2352 185 32 Materiens
2001 2356 103 34 store,
2137 2352 239 32 fluktuerende
2410 2361 43 33 og
2478 2352 254 31 balancerende

1498 2412 156 32 Kræfter.
1701 2412 53 32 En
1777 2412 130 32 saadan
1930 2413 123 42 Rytme
2079 2423 36 21 er
2139 2413 231 42 Symmetrien
2393 2413 10 30 i
2427 2412 206 42 Bevægelse.
2665 2411 69 32 Paa

1498 2472 68 31 den
1591 2483 37 20 er
1652 2473 30 30 al
1706 2472 105 31 Form
1835 2473 112 31 baade
1972 2474 10 29 i
1999 2473 154 31 Kunsten
2178 2482 43 32 og
2244 2474 10 29 i
2277 2473 96 31 Livet
2397 2473 146 31 baseret.

1564 2533 105 31 Form
1693 2533 10 30 i
1719 2533 222 31 kunstnerisk
1958 2533 170 31 Forstand
2153 2533 68 31 kan
2239 2533 167 31 fortolkes
2422 2542 66 32 paa
2503 2533 63 31 fire
2583 2533 151 31 Maader.

1498 2593 68 31 For
1590 2592 56 31 det
1671 2593 107 31 første
1802 2596 94 38 ytrer
1921 2593 66 31 den
2012 2594 50 40 sig
2086 2603 77 21 som
2188 2603 42 20 en
2250 2592 57 31 fad
2324 2592 171 31 Imitation
2510 2593 39 31 af
2561 2592 172 33 Naturens

1499 2652 229 32 overfladiske
1751 2652 182 32 Udseende
1967 2663 77 21 som
2077 2653 9 30 i
2109 2653 142 32 Værker
2283 2653 37 30 af
2342 2652 153 41 Sargent,
2529 2652 133 32 Sorolla
2693 2661 43 32 og

1500 2712 128 32 Simon.
1671 2713 68 30 For
1763 2712 56 31 det
1844 2712 101 31 andet
1969 2712 207 31 indeholder
2201 2712 68 31 den
2292 2712 222 41 Egenskaber
2538 2723 77 21 som
2639 2712 76 31 Fast-

1500 2772 66 32 hed
1600 2782 43 31 og
1675 2771 156 32 fuldendt
1856 2772 259 38 Konstruktion,
2149 2773 155 31 saaledes
2336 2782 78 21 som
2446 2782 81 21 man
2552 2772 67 31 kan
2642 2771 93 32 finde

1500 2832 67 32 den
1591 2833 10 30 i
1617 2832 215 41 Velagquez',
1856 2832 185 41 Hogarth's
2067 2841 42 33 og
2125 2832 123 42 Degas'
2273 2832 157 32 Billeder.
2456 2832 67 32 For
2547 2832 57 32 det
2627 2832 108 32 tredie

1500 2902 36 22 er
1561 2892 67 31 den
1653 2902 43 21 en
1720 2891 221 42 fuldstændig
1964 2892 203 41 Afbildning
2190 2893 36 31 af
2240 2893 95 40 Ting,
2360 2893 75 31 hvis
2452 2892 196 41 vilkaarlige
2667 2892 46 41 Op-

1500 2952 125 42 stilling
1651 2952 78 32 blev
1754 2952 128 32 indført
1907 2952 55 31 for
1985 2955 33 29 at
2042 2952 127 32 betone
2194 2952 55 32 det
2274 2952 156 42 rumlige.
2477 2953 129 37 Rafael,
2630 2953 84 31 Pous-

1500 3013 52 30 sin
1585 3021 42 32 og
1653 3011 95 42 Goya
1781 3022 36 21 er
1849 3011 147 42 tydelige
2021 3012 131 42 Udtryk
2185 3013 129 31 herfor.
2360 3013 137 31 Tilsidst
2522 3013 214 31 aabenbarer

1500 3072 104 32 Form
1630 3072 49 41 sig
1695 3072 78 31 ikke
1790 3083 77 21 som
1884 3075 103 39 noget
2004 3073 176 40 objektivt,
2205 3083 80 21 men
2303 3083 76 21 som
2397 3076 32 29 et
2445 3074 153 31 abstrakt
2615 3073 97 32 Fæno-

1501 3142 91 26 men,
1618 3131 61 32 der
1712 3142 36 21 er
1781 3135 98 38 egnet
1912 3132 37 31 til
1980 3135 33 28 at
2037 3132 169 42 udtrykke
2231 3133 159 31 Følelsen
2414 3133 34 31 af
2470 3136 103 38 noget
2605 3133 109 31 haand-

1500 3192 164 42 gribeligt.
1689 3192 39 31 Al
1754 3195 71 28 stor
1841 3192 108 32 Kunst
1973 3192 110 32 falder
2105 3192 60 32 ind
2190 3193 111 31 under
2325 3193 112 31 denne
2458 3192 104 32 sidste
2578 3193 140 31 Fortolk-

1501 3253 90 40 ning.
1639 3253 76 31 Men
1740 3252 150 31 Formen
1922 3262 90 27 maa,
2046 3252 52 31 for
2131 3255 32 28 at
2196 3253 170 41 udtrykke
2399 3253 49 41 sig
2478 3253 71 31 selv
2574 3253 163 37 æstetisk,

1501 3312 253 42 komponeres;
1783 3321 44 32 og
1850 3312 62 31 her
1936 3312 144 32 berører
2103 3313 34 31 vi
2160 3312 32 32 al
2208 3312 128 32 Kunsts
2359 3312 185 41 tvingende
2563 3312 174 41 Grundlag

1574 3372 254 41 Komposition.
1874 3372 289 41 Kompositionen
2199 3382 37 22 er
2271 3382 43 21 en
2349 3372 103 40 Regel
2488 3372 54 31 for
2573 3372 162 37 Formen,

1503 3431 200 31 hvorunder
1735 3442 81 20 man
1849 3431 126 31 skaber
1999 3432 158 41 Rytmen.
2204 3432 64 31 Det
2300 3432 106 31 første
2432 3431 114 32 Skridt
2578 3432 10 30 i
2620 3431 113 31 denne

1501 3491 129 32 Proces
1655 3501 36 22 er
1714 3491 138 31 Liniens
1879 3491 264 38 Konstruktion;
2167 3492 120 31 Linien
2312 3491 140 40 angiver
2469 3491 191 40 Retningen
2684 3491 53 30 for
