3982 3716
441 249 271 37 POESIA

609 552 660 170 L'Elegia
1378 552 366 135 della
1856 550 622 134 Fiamma
2590 593 76 91 e
2778 552 226 132 del
3118 547 361 137 Gelo

549 939 188 38 L'ultima
757 945 95 31 nota
874 938 104 37 della
998 945 140 30 sonata
1168 939 41 36 in
1239 940 59 36 mi
1324 938 159 37 bemolle
1512 938 40 36 di
1583 936 201 37 Riccardo
1817 936 159 37 Strauss

435 997 31 36 si
496 1009 145 34 spense
671 994 176 38 nell'aria
877 995 149 47 tiepida
1056 995 105 36 della
1193 995 140 37 bianca
1362 994 84 36 sala
1475 1006 119 24 senza
1619 992 245 45 ascoltatori,
1896 995 81 35 così

436 1065 115 24 come
571 1053 204 36 l'estremo
806 1064 125 34 segno
962 1051 41 36 di
1034 1051 132 37 colore
1199 1051 32 36 si
1252 1051 163 47 dilegua
1450 1063 22 24 a
1492 1062 144 35 vespro
1657 1048 297 38 sull'orizzonte
1968 1062 8 24 :

437 1121 21 23 e
489 1122 52 22 un
573 1108 231 48 singhiozzo
835 1106 140 37 ribelle
1005 1107 77 36 allo
1112 1107 127 37 sforzo
1271 1119 69 35 per
1371 1106 233 37 trattenerlo
1641 1106 85 36 uscì
1758 1104 64 37 dal
1863 1112 112 40 petto

438 1164 105 38 della
572 1164 214 37 violinista.
820 1164 57 35 La
905 1162 118 49 quale
1054 1163 115 37 buttò
1201 1163 28 36 il
1260 1175 73 24 suo
1720 1173 21 24 e
1770 1160 121 37 l'arco
1913 1161 63 36 sul

437 1234 101 35 gran
569 1220 147 38 divano
747 1220 129 43 basso,
909 1233 20 23 e
964 1220 38 35 vi
1043 1220 31 35 si
1116 1219 121 37 lasciò
1277 1218 143 38 cadere
1460 1225 176 43 accanto,
1677 1224 176 30 ansante.
1895 1218 80 36 Era

438 1277 163 48 tragica,
633 1279 93 40 così,
757 1276 37 36 la
825 1276 136 36 donna
998 1274 147 49 pallida
1184 1275 103 37 dalle
1323 1274 165 37 fattezze
1527 1273 218 48 irregolari,
1789 1272 134 38 sottile
1954 1286 21 24 e

439 1333 244 48 serpentina,
716 1331 63 37 nel
807 1331 145 37 vestito
982 1331 191 37 aderente
1202 1344 21 24 e
1258 1331 112 36 liscio
1410 1330 40 37 di
1487 1329 147 37 velluto
1673 1341 111 25 rosso
1814 1329 72 37 che
1926 1342 49 24 ne

440 1389 220 48 disegnava
689 1389 28 35 il
747 1387 91 37 vivo
881 1387 237 37 lineamenti
1163 1387 255 48 somigliante
1457 1399 22 23 a
1525 1399 52 23 un
1612 1385 175 48 virgulto
1818 1385 159 37 avvolto

440 1444 50 37 da
521 1458 79 23 una
630 1446 172 35 fiamma.
835 1443 32 36 Il
899 1456 73 24 suo
1004 1450 107 40 petto
1143 1456 117 23 senza
1288 1455 120 24 curve
1437 1442 166 47 pulsava
1637 1441 104 37 forte
1781 1448 106 30 sotto
1919 1454 54 23 un

439 1501 163 48 gioiello
634 1500 133 49 regale
796 1500 73 36 che
900 1512 76 24 non
1010 1500 164 36 vinceva
1203 1499 39 36 in
1273 1498 182 48 bagliore
1484 1498 37 36 la
1550 1498 88 37 luce
1669 1497 104 37 delle
1806 1510 70 24 sue
1908 1510 45 35 pu-

441 1557 106 48 pille.
598 1558 53 35 Le
696 1556 106 36 mani
846 1555 188 44 vibranti,
1079 1568 111 24 come
1234 1568 146 23 ancora
1423 1554 117 47 piene
1575 1553 38 37 di
1657 1553 181 37 armonie
1889 1560 65 30 tur-

439 1613 151 44 batoci,
624 1613 33 36 si
693 1618 268 31 contraevano
993 1611 41 37 in
1065 1612 102 47 gesti
1197 1610 242 48 spasmodici
1469 1610 126 47 lungo
1635 1610 34 36 le
1709 1610 145 47 pieghe
1885 1622 70 24 cor-

442 1669 141 37 rusche
613 1667 108 38 della
750 1681 71 23 sua
851 1681 136 35 gonna

554 1726 57 35 La
641 1724 135 37 donna
806 1723 73 37 che
907 1724 149 36 sedeva
1088 1722 161 37 davanti
1283 1722 36 36 al
1350 1722 194 42 cembalo,
1575 1721 143 37 vestita
1748 1721 40 36 di
1820 1721 154 45 bianco,

441 1782 61 36 col
532 1793 102 34 puro
661 1779 145 49 profilo
836 1780 189 37 ermetico
1056 1785 188 30 coronato
1275 1778 39 36 di
1345 1785 125 30 trecce
1501 1777 157 39 bionde,
1690 1778 36 36 la
1763 1777 212 48 magnifica

441 1836 220 38 ubertosità
699 1834 173 42 candida
911 1836 79 36 mal
1030 1834 124 38 celata
1192 1834 51 37 da
1276 1833 181 38 morbide
1486 1832 114 46 trine,
1632 1833 30 36 si
1693 1832 111 38 volse
1846 1834 110 36 lenta-

442 1900 133 30 mente
606 1905 21 23 e
656 1892 33 37 si
721 1898 159 41 protese
910 1905 54 23 un
996 1904 101 35 poco
1127 1904 114 23 verso
1271 1890 96 37 colei
1410 1890 73 36 che
1512 1902 179 35 gemeva.
1726 1890 56 36 Le
1821 1890 156 36 braccia

441 1949 191 38 statuarie
661 1948 36 37 le
729 1948 193 36 uscivano
961 1947 50 37 da
1042 1946 109 38 brevi
1191 1946 180 37 maniche
1409 1945 103 44 lievi,
1545 1958 20 23 e
1603 1945 36 37 le
1671 1946 106 36 mani
1818 1953 157 40 esperte

441 2006 72 37 che
543 2017 176 24 avevano
753 2003 128 48 prima
912 2003 181 38 suscitati
1124 2002 105 37 dalla
1260 2002 161 37 tastiera
1460 2001 146 37 scrosci
1642 2001 39 36 di
1713 2009 93 29 note
1847 2002 104 37 somi-

442 2060 141 51 glianti
615 2073 21 24 a
665 2059 145 38 visioni
842 2058 40 38 di
903 2058 239 46 arcobaleni,
1165 2058 36 37 le
1222 2058 239 49 riposavano
1483 2057 40 36 in
1546 2058 166 47 grembo
1744 2071 112 24 come
1877 2057 100 50 gigli

442 2116 181 38 vellutati
654 2129 20 23 e
704 2115 209 37 immobili.

554 2194 55 5 —
630 2184 21 24 «
673 2172 153 45 Amica,
858 2172 65 36 voi
954 2170 150 38 soffrite
1118 2170 6 37 !
1159 2171 65 35 Ho
1256 2170 147 37 sentito
1424 2169 38 36 la
1481 2177 136 29 vostra
1647 2170 132 35 anima
1798 2170 179 45 fremere,

441 2228 243 39 contorcersi
716 2227 41 37 in
788 2240 79 24 uno
897 2227 178 47 spasimo
1107 2226 187 46 terribile,
1326 2232 153 30 mentre
1506 2232 229 39 suonavate,
1759 2238 102 34 poco
1883 2225 92 39 fa....

444 2285 149 36 Ditemi
624 2284 37 35 la
700 2290 135 31 vostra
867 2296 112 35 pena.
1010 2283 51 36 Vi
1091 2282 191 37 sentirete
1312 2282 202 37 sollevata.
1547 2282 56 36 Le
1633 2294 91 24 cose
1755 2294 81 24 non
1867 2281 110 38 dette

443 2354 150 35 pesano
623 2339 61 37 sul
715 2347 134 29 nostro
881 2352 120 25 cuore
1030 2352 21 23 e
1081 2338 38 37 lo
1141 2339 254 47 opprimono.
1413 2350 21 24 »
1469 2360 53 3 —

556 2395 116 39 Nella
701 2394 168 49 limpida
898 2408 99 24 voce
1027 2407 175 35 soprana
1222 2394 109 37 della
1351 2394 135 37 donna
1516 2392 153 38 bionda
1698 2406 68 24 era
1785 2392 195 39 l'accento

444 2453 130 37 corale
604 2451 106 38 della
753 2452 202 37 sincerità:
991 2451 111 48 negli
1133 2450 113 37 occhi
1281 2450 124 45 soavi,
1451 2448 110 38 color
1590 2448 39 38 di
1669 2449 194 45 ametista,
1910 2462 68 24 era

442 2522 81 24 una
552 2509 89 37 luce
670 2508 131 37 sicura
832 2507 38 37 di
901 2507 176 37 fraterna
1109 2506 261 49 indulgenza:
1402 2506 81 36 così
1514 2505 73 36 che
1608 2504 140 45 l'altra,
1770 2506 184 48 asciugan-

443 2564 85 38 dosi
560 2564 141 37 alcune
731 2563 168 49 lagrime
929 2563 72 38 che
1031 2563 35 36 le
1096 2563 239 47 bagnavano
1364 2562 36 37 le
1430 2561 181 49 guancie,
1644 2562 110 46 parlò
1768 2574 5 23 :

554 2641 57 7 —
643 2634 18 21 «
682 2620 43 37 Io
757 2633 79 24 non
877 2632 56 32 so,
966 2633 23 24 o
1010 2619 173 48 signora,
1217 2632 41 24 se
1289 2624 152 43 potrete
1472 2617 239 37 intendermi
1752 2630 21 23 e
1814 2630 139 36 compa-

443 2676 121 45 tirmi,
596 2676 67 37 voi
693 2676 74 37 che
796 2677 100 36 siete
926 2677 86 37 così
1042 2675 81 37 alta
1154 2687 21 24 e
1204 2678 83 35 così
1330 2677 116 46 pura!
1489 2674 67 36 Ma
1586 2673 36 37 la
1661 2680 135 30 vostra
1832 2673 131 38 intelli-

442 2745 129 35 genza
590 2731 22 39 è
632 2732 166 48 grande,
821 2732 99 37 siete
939 2731 138 39 artista
1098 2731 126 37 anche
1253 2732 78 43 voi,
1355 2744 21 23 e
1397 2729 63 38 chi
1481 2735 106 32 tutto
1613 2729 245 48 comprende
1875 2736 105 31 tutto

442 2787 191 50 perdona.
658 2788 164 38 Cercate
842 2787 166 49 dunque
1038 2787 41 37 di
1101 2787 128 37 uscire
1250 2800 55 25 un
1326 2793 202 31 momento
1550 2784 51 38 da
1622 2786 65 36 voi
1710 2793 138 38 stessa,
1872 2786 106 37 dalla

442 2852 138 31 vostra
601 2843 213 38 atmosfera
830 2844 39 37 di
889 2844 175 37 serenità
1095 2843 101 37 forte
1225 2856 21 24 e
1275 2843 192 48 superba;
1500 2841 189 37 scendete
1711 2841 105 37 dalla
1836 2842 140 38 bianca

442 2908 109 31 torre
571 2899 104 38 della
694 2907 136 30 vostra
847 2899 103 38 virtù
972 2900 73 37 che
1065 2906 105 31 tutto
1189 2899 26 36 il
1236 2899 151 38 mondo
1403 2910 135 31 onora,
1561 2911 22 23 e
1604 2897 243 38 affacciatevi
1864 2911 116 24 verso

442 2956 162 39 l'abisso
636 2956 104 37 delle
769 2968 147 25 umane
946 2956 190 48 passioni.
1169 2954 111 39 Sono
1310 2968 83 25 cosi
1425 2953 145 50 grandi
1601 2953 36 36 la
1667 2954 187 47 simpatia
1885 2968 20 23 e
1944 2954 37 37 la

442 3012 146 40 fiducia
618 3012 73 37 che
722 3011 262 49 m'inspirate,
1020 3019 116 30 sento
1174 3014 82 34 così
1295 3012 128 37 sicura
1463 3010 38 37 la
1538 3016 133 31 vostra
1709 3010 270 37 benevolenza

442 3082 70 36 per
543 3081 115 26 me....
691 3067 73 38 che
794 3081 99 25 sono
925 3081 71 35 per
1025 3068 166 37 rivelare
1221 3067 36 39 la
1288 3069 79 36 mia
1397 3065 159 39 torbida
1585 3066 82 37 vita
1697 3080 22 23 a
1752 3066 121 38 voi....
1905 3066 75 38 che

442 3126 98 38 siete
569 3123 169 49 limpida
768 3137 114 24 come
914 3137 54 24 un
997 3122 121 39 cielo!
1152 3124 58 36 La
1239 3132 122 42 gente
1383 3123 52 37 mi
1455 3121 120 39 crede
1594 3122 112 37 felice
1735 3135 21 24 e
1778 3121 203 39 m'invidia

443 3181 145 49 perchè
619 3193 81 24 non
726 3193 95 24 sa....
853 3181 44 37 Io
928 3181 52 36 ho
1010 3181 37 36 la
1076 3180 150 48 gloria:
1259 3182 50 42 sì;
1340 3181 27 36 il
1399 3179 81 37 mio
1511 3191 118 24 nome
1658 3178 92 37 vola
1782 3191 70 36 per
1874 3185 106 32 tutto

442 3236 24 40 è
495 3236 162 45 mondo,
689 3237 165 36 oramai.
887 3236 32 37 Il
941 3236 79 37 mio
1042 3237 191 48 ingegno,
1257 3236 152 38 benché
1430 3234 40 37 di
1491 3233 315 47 second'ordine,
1834 3234 144 49 poiché

442 3294 26 37 il
498 3294 85 38 solo
612 3292 246 49 l'interprete
887 3292 41 36 di
959 3292 135 50 quello
1123 3292 128 45 altrui,
1284 3293 52 36 ha
1371 3292 94 48 però
1494 3290 144 40 facoltà
1667 3290 151 38 divine:
1858 3294 22 34 è
1909 3303 48 25 ne-

442 3351 169 37 cessario
642 3349 35 36 al
722 3349 132 46 genio.
900 3348 44 37 Io
989 3349 133 37 arrivo
1157 3349 82 37 fino
1284 3348 74 38 alle
1402 3348 148 39 altezze
1592 3347 244 48 vertiginose
1877 3346 103 38 delle

2112 934 239 49 produzioni
2382 934 198 49 superiori
2612 934 194 45 dell'arte,
2856 948 63 23 me
2965 946 48 25 ne
3046 933 244 47 impossesso
3336 946 22 24 e
3404 932 34 37 le
3479 931 182 40 diffondo

2112 991 100 38 sulle
2242 991 103 44 folle,
2377 1004 21 23 e
2429 991 103 37 vedo
2563 998 141 41 queste
2736 991 173 47 pendere
2949 990 65 37 dal
3047 991 119 36 breve
3208 990 87 48 giro
3327 988 64 38 del
3433 988 80 37 mio
3554 1002 105 33 arco,

2112 1049 171 43 turbate,
2315 1060 239 32 commosse,
2587 1047 199 44 deliranti,
2820 1046 253 50 protendersi
3113 1056 116 27 verso
3261 1059 76 30 me,
3368 1045 73 37 che
3482 1045 88 37 loro
3610 1044 34 38 ri-

2112 1104 87 38 velo
2231 1103 21 37 1'
2271 1103 212 44 infinito,...
2532 1103 64 36 nel
2640 1103 175 37 clamore
2845 1103 91 37 dell'
2956 1103 200 48 applauso
3188 1101 39 37 in
3259 1101 64 38 cui
3355 1102 32 36 si
3419 1102 175 46 esprime
3624 1102 37 36 la

2112 1160 107 37 forza
2248 1159 106 37 della
2384 1160 80 36 mia
2503 1159 166 38 vittoria
2700 1172 21 24 e
2742 1160 105 37 della
2878 1159 87 37 loro
2995 1158 215 39 dedizione
3314 1158 45 37 Io
3390 1164 115 30 sento
3535 1157 127 38 allora

2112 1219 77 34 mie
2219 1216 36 36 le
2289 1214 244 39 moltitudini
2565 1228 22 24 e
2617 1215 35 37 le
2683 1223 158 43 traggo,
2875 1216 130 44 dome,
3038 1214 61 38 col
3141 1214 80 37 mio
3254 1226 102 33 arco,
3389 1214 53 37 fin
3488 1213 105 38 dove
3639 1227 22 23 a

2114 1286 63 23 me
2206 1272 149 48 piaccia
2384 1272 40 36 di
2457 1271 227 37 innalzarle.
2733 1273 153 47 Questa
2930 1272 207 36 dovrebbe
3179 1283 132 25 essere
3361 1282 72 37 per
3473 1283 64 23 me
3581 1282 81 24 una

2112 1329 108 47 gioia
2251 1327 162 49 grande,
2446 1341 49 23 ne
2525 1341 225 35 convengo.
2784 1329 68 36 Ma
2882 1327 60 38 ciò
2975 1341 80 23 non
3084 1327 34 37 è.
3136 1341 22 22 »
3194 1350 51 4 —

2225 1384 41 37 Si
2298 1382 136 50 riposò
2466 1397 53 22 un
2552 1397 115 34 poco,
2701 1384 66 48 poi
2799 1384 32 36 si
2862 1391 127 30 trasse
3016 1383 61 38 col
3107 1395 126 35 corpo
3264 1381 104 38 sulla
3400 1381 156 48 sponda
3597 1380 65 38 del

2114 1440 160 44 divano,
2306 1441 32 36 si
2385 1447 157 40 protese
2573 1452 117 25 verso
2721 1440 23 37 1'
2764 1440 230 45 ascoltante,
3041 1453 21 24 e
3107 1443 114 44 gettò
3259 1451 146 24 ancora
3449 1450 117 25 verso
3610 1437 51 37 lei

2112 1495 136 38 l'onda
2278 1496 113 37 calda
2422 1495 102 38 delle
2554 1509 68 24 sue
2654 1496 151 47 parole:

2227 1574 49 5 •—
2312 1553 82 36 «Io
2424 1552 53 37 ho
2509 1552 125 37 molto
2668 1565 92 24 oro:
2793 1559 154 41 quanto
2981 1564 50 24 ne
3062 1552 155 48 voglio!
3249 1550 155 48 Questo
3429 1553 35 43 (e
3486 1552 175 34 accennò

2114 1608 36 36 al
2182 1607 155 48 piccolo
2368 1615 224 30 strumento
2624 1607 216 38 silenzioso
2875 1621 21 23 e
2935 1607 127 37 bruno
3092 1608 73 36 che
3194 1607 37 37 le
3264 1613 113 30 stava
3413 1605 173 37 coricato
3627 1606 35 36 al

2113 1665 143 48 fianco)
2288 1665 52 36 mi
2383 1664 51 36 ha
2476 1664 92 37 data
2600 1665 37 36 la
2674 1664 216 39 ricchezza.
2923 1665 43 35 Io
2999 1663 186 49 possiedo
3216 1675 79 25 una
3326 1675 103 30 casa,
3461 1675 22 23 a
3515 1663 145 44 Roma,

2114 1720 71 38 che
2218 1720 40 37 fu
2289 1720 97 37 d'un
2429 1720 181 48 principe
2627 1734 7 23 :
2682 1720 52 37 ho
2775 1733 82 24 una
2886 1719 94 37 villa
3020 1719 103 38 sulla
3164 1719 166 37 Riviera
3362 1740 13 6 -
3404 1717 153 49 sepolta
3598 1724 63 30 tra

2114 1776 34 37 le
2186 1789 88 24 rose
2288 1790 5 23 :
2338 1775 173 38 un'altra
2542 1790 51 23 ne
2622 1776 66 46 ho,
2721 1789 80 24 una
2841 1775 188 38 deliziosa
3067 1788 194 35 capanna,
3295 1787 122 34 sopra
3458 1774 68 36 un'
3542 1773 118 48 Alpe,

2113 1833 134 36 vicina
2272 1833 37 36 al
2332 1832 113 37 cielo.
2481 1833 124 36 Posso
2636 1833 274 36 contornarmi
2938 1831 63 37 del
3033 1832 106 38 lusso
3171 1832 67 47 più
3270 1830 251 47 intelligente
3543 1843 20 24 e
3591 1830 71 47 più

2114 1889 195 38 raffinato.
2342 1889 124 36 Posso
2498 1888 225 48 accogliere
2754 1888 102 38 nelle
2888 1889 79 36 mie
2998 1901 89 24 case
3118 1886 214 49 compagni
3364 1885 159 46 d'Arte,
3560 1898 78 36 gen-

2114 1945 215 43 tiluomini,
2404 1945 157 43 snobs,,
2594 1945 42 36 di
2667 1945 94 36 tutti
2782 1945 11 36 i
2824 1944 106 49 paesi
2961 1957 21 23 e
3003 1943 61 38 dei
3087 1944 80 36 due
3196 1943 112 38 sessi.
3330 1942 112 37 Sono
3464 1941 40 38 di
3528 1941 134 39 moda.

2116 2002 33 37 E
2180 2001 128 37 finché
2338 2001 36 36 la
2406 2000 79 37 mia
2516 2014 120 23 mano
2669 2014 78 23 non
2779 2001 115 37 tremi
2927 2013 21 23 e
2978 1999 37 38 la
3045 1999 78 38 mia
3153 1999 160 37 fortuna
3346 2011 82 24 non
3456 1997 205 42 tramonti,

2114 2057 37 37 io
2182 2061 184 44 regnerò,
2399 2056 104 37 nella
2533 2056 94 47 vita,
2662 2056 51 37 da
2743 2070 78 24 una
2843 2063 110 30 vetta
2972 2056 72 37 che
3074 2056 53 37 mi
3149 2068 99 25 sono
3268 2054 256 49 conquistata
3545 2067 21 24 e
3588 2053 74 37 che

2114 2117 23 34 è
2168 2114 90 36 mia.
2292 2112 168 38 L'umile
2491 2112 110 49 figlia
2633 2113 63 36 del
2743 2112 147 49 popolo
2930 2112 50 36 ha
3026 2112 180 49 foggiato
3251 2124 76 24 con
3358 2110 36 37 le
3424 2124 71 24 sue
3538 2117 126 31 stesse

2116 2170 107 36 mani
2254 2169 25 37 il
2310 2182 73 24 suo
2415 2169 171 38 destino.
2620 2169 154 48 Questa
2804 2169 204 37 dovrebbe
3054 2181 130 25 essere
3230 2180 73 35 per
3334 2180 64 24 me
3444 2180 78 23 una
3558 2166 106 48 gioia

2116 2225 165 49 grande,
2315 2239 48 22 ne
2393 2238 226 36 convengo.
2652 2225 67 36 Ma
2749 2223 62 38 ciò
2842 2238 81 23 non
2956 2227 32 35 è.
3007 2239 20 20 »
3064 2248 51 4 —

2227 2281 87 37 Ella
2345 2295 125 23 aveva
2501 2282 10 35 i
2543 2281 142 48 gomiti
2716 2281 212 47 appuntati
2975 2281 62 36 sui
3069 2279 200 50 ginocchi,
3301 2278 38 37 la
3370 2278 122 37 faccia
3522 2286 59 29 tra
3628 2279 37 36 le

2116 2338 144 47 palme.
2293 2336 65 39 Gli
2390 2337 114 37 occhi
2535 2338 129 36 oscuri
2706 2350 202 35 parevano
2949 2336 185 37 immensi
3165 2348 22 24 e
3217 2335 240 36 lanciavano
3498 2335 95 38 fasci
3624 2335 39 36 di

2116 2408 77 23 una
2223 2393 87 37 luce
2341 2395 82 35 così
2453 2393 156 37 intensa
2638 2394 73 36 che
2742 2406 148 35 pareva
2921 2393 113 48 quasi
3066 2392 190 37 mandare
3286 2390 142 38 calore.

2230 2472 49 4 —
2317 2464 20 20 «
2356 2451 45 35 Io
2432 2463 105 31 amo,
2568 2450 137 43 amica,
2737 2449 38 37 io
2797 2462 145 26 amo....
2968 2449 37 37 io
3027 2462 101 24 sono
3149 2447 235 44 solamente,
3412 2446 252 38 unicamente

2118 2519 78 24 una
2226 2512 184 30 creatura
2440 2504 233 39 d'amore....
2695 2521 19 21 »
2751 2528 49 5 —

2231 2561 116 37 Disse
2378 2569 140 41 queste
2547 2562 137 48 parole
2714 2575 22 23 a
2766 2574 98 25 voce
2907 2561 128 43 bassa,
3083 2573 74 24 con
3193 2566 93 30 note
3330 2561 82 36 così
3454 2558 208 48 profonde,

2117 2621 82 35 così
2228 2618 154 43 intime,
2427 2618 115 47 quasi
2587 2618 73 37 che
2691 2617 22 37 1'
2733 2630 164 25 essenza
2927 2616 200 39 invisibile
3157 2615 90 38 dell'
3268 2628 109 25 esser
3407 2628 73 25 suo
3525 2628 140 25 avesse

2116 2676 167 46 parlato.
2316 2674 120 48 Negli
2461 2674 114 37 occhi
2606 2674 171 47 limpidi,
2800 2673 64 38 del
2884 2673 131 37 colore
3035 2672 293 44 dell'ametista,
3361 2674 118 46 passò
3511 2670 129 39 un'om-

2116 2731 82 38 bra.
2229 2731 35 37 E
2295 2729 38 37 la
2364 2731 138 36 donna
2531 2730 150 38 bionda
2711 2729 106 39 disse
2847 2743 75 24 con
2954 2742 100 35 poca
3084 2742 100 24 voce
3200 2742 6 22 :

2231 2809 50 5 —
2318 2801 19 20 «
2356 2785 193 38 Ebbene?
2568 2801 16 20 »
2625 2809 50 6 —

2231 2867 49 3 —
2316 2855 19 24 «
2354 2842 179 44 Ebbene,
2566 2842 168 38 l'amore
2751 2855 95 26 .non
2876 2840 22 37 è
2927 2841 111 49 gioia
3070 2853 65 24 ma
3165 2843 22 34 è
3208 2839 152 44 dolore,
3394 2851 70 36 per
3483 2838 65 38 chi
3575 2851 90 24 ama

2116 2906 242 36 veramente,
2392 2898 426 49 appassionatamente
2848 2910 114 25 come
2992 2910 93 25 amo
3116 2897 55 37 io!
3204 2896 152 37 Avrete
3396 2902 109 30 certo
3549 2893 115 39 udito

2116 2955 167 49 parlare,
2316 2954 184 48 Signora,
2533 2954 104 38 della
2667 2954 80 37 mia
2775 2953 126 38 libera
2931 2953 95 46 vita,
3059 2953 64 37 del
3154 2952 82 38 mio
3257 2959 158 30 mutare
3436 2951 40 37 di
3499 2951 165 45 amanti,

2115 3011 65 39 dei
2212 3011 93 37 miei
2336 3010 182 52 capricci,
2551 3010 106 38 della
2688 3011 78 37 mia
2796 3009 219 38 sensualità
3052 3008 227 38 insaziabile
3389 3008 73 36 che
3498 3011 22 33 è
3550 3006 94 38 dive-

2118 3076 97 29 nuta
2244 3067 216 47 leggenda.
2478 3082 22 20 »
2543 3090 42 4 —

2229 3123 64 38 Gli
2325 3123 113 37 occhi
2469 3122 40 37 di
2540 3123 186 37 ametista
2756 3122 33 37 si
2831 3121 217 38 chinarono
3087 3134 55 25 un
3179 3126 210 32 momento
3433 3131 114 25 come
3594 3130 73 38 per

2116 3180 149 37 evitare
2294 3178 40 37 di
2366 3177 239 50 rispondere
2634 3178 82 49 agli
2739 3178 114 38 occhi
2876 3177 117 38 bruni
3013 3177 73 38 che
3107 3177 324 48 interrogavano.
3459 3175 113 38 Colei
3593 3175 74 37 che

2118 3236 163 48 parlava
2310 3236 213 36 continuò:

2229 3315 50 4 —
2316 3306 17 21 «
2352 3292 77 37 Voi
2460 3291 98 37 siete
2589 3291 149 44 buona,
2785 3289 185 49 Signora,
3016 3302 82 25 non
3129 3289 131 37 volete
3295 3288 114 37 farmi
3441 3300 103 36 pena
3588 3298 78 26 con

2116 3348 38 37 la
2183 3355 135 31 vostra
2349 3348 186 46 risposta.
2568 3347 68 37 Ma
2667 3360 82 24 non
2781 3345 55 38 mi
2867 3345 160 38 offende
3057 3348 50 35 nè
3137 3345 55 37 mi
3224 3343 193 40 addolora
3445 3342 222 50 l'opinione

1942 3464 217 65 40
