3982 3716
3367 222 264 36 POESIA

470 343 86 62 J'ai
595 346 45 43 lu
667 355 133 34 votre
825 344 343 54 D'Annunzio,
1196 346 125 60 plein
1359 348 58 43 de

401 429 142 28 verve
591 424 46 33 et
689 412 190 45 cTidées.
938 412 320 46 D'Annunzio
1308 412 107 46 n'en

402 490 127 35 reste
565 496 86 43 pas
686 482 154 43 moins
867 497 61 27 un
965 482 152 59 grand
1154 483 263 43 romancier

404 557 48 34 et
477 565 63 27 un
567 549 321 59 dramaturge,
917 550 152 43 moins
1100 550 170 59 grand,
1298 550 118 44 mais

404 616 118 43 dont
569 613 193 47 l'oeuvre
799 633 26 27 a
863 617 84 43 des
983 618 173 57 parties
1190 616 223 61 géniales.

405 684 127 43 Mais
569 694 133 33 votre
740 683 114 45 livre
902 700 60 27 ou
1008 684 314 45 l'admiration
1365 702 52 27 se

404 750 155 46 relève
608 761 46 34 et
702 767 51 28 se
802 752 221 58 pimente,
1068 750 117 47 c'est
1231 751 43 46 le
1317 753 99 44 vrai

404 829 113 43 mot,
557 819 59 44 de
663 819 290 45 truculentes
1002 819 186 53 ironies,
1236 829 71 35 est
1353 837 60 27 un

403 885 116 46 livre
555 903 28 27 a
618 887 187 59 garder,
844 887 28 43 à
910 886 239 45 consulter
1195 903 120 43 pour
1350 887 68 44 les

404 955 278 43 documents
719 954 151 54 neufs,
900 964 47 34 et
984 955 27 43 à
1047 955 135 44 relire
1219 971 119 44 pour
1374 955 43 44 le

402 1021 161 61 plaisir
598 1021 166 60 grand.

472 1090 46 44 A
571 1105 131 40 vous,
759 1105 111 28 mon
926 1091 108 43 cher
1094 1088 159 60 Poète,
1309 1089 106 45 bien

404 1156 513 54 confraternellement,

852 1235 263 47 Fernand
1149 1237 193 57 Qregh.

409 1392 343 47 MARIUS=ARY
791 1391 250 49 LEBLOND
1065 1408 30 29 A
1123 1393 292 44 MARINETTJ:

543 1482 127 45 Cher
705 1481 227 52 confrère,

477 1562 136 44 Nous
674 1560 198 45 n'avons
928 1561 212 59 répoqdu
1200 1571 103 35 tout
1360 1562 58 44 de

408 1630 133 50 suite,
582 1645 140 43 parce
759 1645 92 43 que
890 1644 120 28 nous
1046 1628 222 45 voulions
1317 1639 101 34 tout

408 1694 201 47 d'abord
661 1697 83 43 lire
795 1706 134 34 votre
980 1694 65 46 U
1053 1696 259 45 Annunzio
1354 1724 63 5 —

408 1762 142 47 d'une
585 1764 243 44 virtuosità
853 1764 38 43 si
917 1764 242 56 virulente,
1186 1764 233 45 vraiment

409 1832 84 44 des
546 1830 105 61 plus
704 1832 208 43 intenses
968 1842 46 33 et
1066 1831 241 46 vibrantes
1353 1860 64 3 —

408 1898 135 62 (c'est
579 1915 91 28 une
717 1900 98 59 joie
869 1900 59 42 de
980 1900 101 43 voir
1133 1916 63 27 un
1252 1898 164 45 Italien

408 1968 183 43 manier
627 1968 38 43 si
702 1966 287 45 habilement
1044 1976 134 35 notre
1225 1966 192 62 langue)

408 2066 66 4 —
511 2049 123 43 pour
668 2051 119 27 vous
821 2049 206 43 envoyer
1063 2049 93 30 une
1199 2050 124 44 page
1360 2035 58 43 de

408 2117 157 45 prose;
607 2103 117 43 mais
762 2117 119 29 nous
919 2100 200 45 n'avons
1156 2101 99 45 rien
1281 2118 57 27 en
1363 2117 54 28 ce

409 2179 211 35 moment
676 2169 79 59 qui
811 2170 92 43 soit
960 2169 146 60 digne
1166 2169 59 44 de
1282 2179 135 34 votre

408 2236 181 55 Poesia,
628 2246 61 43 et,
730 2253 57 28 ne
822 2236 195 45 voulant
1052 2237 158 44 tarder
1246 2237 143 44 davan-

408 2305 294 59 tageàvous
728 2304 249 57 répondre,
1006 2320 119 28 nous
1152 2320 265 43 renvoyons

409 2372 121 44 donc
567 2373 27 43 à
641 2370 182 46 bientót
877 2371 42 45 le
973 2372 162 58 plaisir
1187 2372 59 44 de
1298 2388 119 28 vous

410 2440 217 44 adresser
662 2440 204 58 quelque
902 2439 154 48 chose.
1095 2439 135 45 Nous
1253 2455 164 28 serons

409 2506 95 45 très
541 2506 206 46 heureux
785 2508 59 43 de
882 2507 114 45 faire
1031 2517 134 34 votre
1207 2509 185 42 connais-

409 2590 157 42 sance,
616 2574 58 44 de
727 2574 155 59 parler
934 2575 59 44 de
1046 2590 86 29 nos
1183 2591 207 43 voyages
1407 2592 6 34 ;

410 2648 132 38 étant
580 2639 315 47 nous-mèmes
919 2658 131 28 assez
1076 2651 226 35 trotteurs
1335 2659 83 42 par

411 2709 68 44 les
515 2719 222 34 contours
773 2710 59 44 de
865 2726 52 28 ce
942 2709 158 60 globe,
1130 2726 118 28 nous
1270 2726 148 28 avons

411 2775 124 45 mille
569 2778 244 58 questions
848 2777 27 43 à
909 2793 119 28 vous
1063 2777 126 45 faire.

479 2844 104 44 Vos
618 2844 107 45 bien
762 2846 207 43 devoués

686 2924 368 58 Marivs-Ary
1085 2924 260 49 Leblond.

412 3066 230 60 PHILÉAS
681 3065 284 62 LÉBESGUE
1001 3094 31 29 A
1069 3079 292 47 MARINETTI:

545 3168 117 45 Mon
698 3168 111 45 cher
848 3168 156 59 Poète,

477 3248 68 45 Ce
582 3264 74 27 me
694 3247 68 44 fut
800 3264 92 27 une
922 3248 98 60 joie
1067 3264 104 29 rare
1208 3258 46 35 et
1289 3247 105 62 long-

407 3324 155 50 temps
597 3314 181 45 désirée
815 3331 93 43 que
952 3316 59 43 de
1060 3314 114 46 faire
1210 3316 28 44 à
1276 3316 144 54 Paris,

1521 346 167 46 l'autre
1717 349 124 59 jour,
1879 359 133 34 votre
2053 351 339 45 connaissance
2428 367 77 43 per-

1521 415 225 47 sonnelle.

1588 483 110 46 J'ai
1759 500 60 41 pu
1885 500 250 40 savourer,
2197 485 166 60 depuis
2410 485 117 53 lors,

1521 560 102 33 tout
1674 553 28 42 à
1750 566 110 29 mon
1904 552 99 44 aise
2050 562 48 34 et
2145 552 268 54 lentement,
2462 553 68 44 les

1521 617 387 45 éblouissements
1936 619 58 44 de
2036 619 43 44 la
2126 619 115 45 Ville
2276 621 250 44 charnelle.

1523 685 133 44 Vous
1691 684 101 46 ètes
1829 686 106 44 bien
1973 687 42 44 le
2056 687 105 59 plus
2203 689 200 58 tropical
2445 688 83 45 des

1521 752 164 59 poètes
1735 754 213 54 francais,
1998 764 46 35 et
2091 755 48 59 je
2187 772 117 27 vous
2349 756 179 44 admire

1520 818 360 61 profondément
1932 822 59 43 de
2036 832 102 34 tout
2181 839 52 28 ce
2275 839 91 43 que
2410 839 118 28 vous

1519 903 135 28 savez
1693 889 110 44 faire
1841 889 97 44 dire
1974 891 27 42 à
2040 900 131 33 notre
2208 891 174 59 langue
2409 891 119 43 dans

1521 955 42 44 le
1589 955 219 45 domaine
1834 957 57 43 de
1927 956 44 44 la
2015 976 20 23 «
2057 956 194 46 lumière
2278 958 183 44 intense
2483 976 43 26 ».

1517 1020 53 60 Je
1597 1022 91 45 n'ai
1715 1039 84 43 pas
1836 1023 156 45 oublié
2031 1040 181 29 comme
2252 1042 119 28 vous
2408 1026 121 43 futes

1521 1091 205 43 courtois
1750 1091 25 43 à
1810 1107 107 27 mon
1955 1093 159 58 égard,
2153 1103 46 33 et
2227 1093 49 60 je
2314 1092 104 44 n'en
2457 1093 71 43 fus

1521 1173 83 42 pas
1641 1159 189 57 surpris,
1869 1175 78 27 car
1984 1160 58 42 de
2079 1159 173 60 longue
2287 1160 107 44 date
2443 1176 85 28 nos

1520 1225 121 43 bons
1678 1226 118 43 amis
1835 1225 174 45 Sansot
2053 1237 46 34 et
2144 1227 229 60 Klingsor
2418 1228 83 43 m'a-

1520 1292 158 45 vaient
1698 1291 140 46 vanté
1851 1294 260 59 justement
2124 1293 221 47 l'homme
2363 1305 164 34 autant

1520 1375 91 44 que
1631 1359 43 46 le
1692 1362 139 57 poète

1583 1425 54 60 Je
1697 1444 57 28 ne
1803 1428 120 44 crois
1977 1428 123 45 donc
2148 1445 84 43 pas
2290 1440 99 34 etre
2445 1430 54 44 im-

1519 1504 172 50 portun
1738 1511 58 28 en
1844 1505 165 35 tenant
2055 1497 207 44 vis-à-vis
2309 1498 57 44 de
2408 1514 118 28 vous

1521 1578 76 28 ma
1634 1578 243 44 promesse
1913 1561 111 46 d'un
2062 1566 138 43 envoi
2238 1565 59 43 de
2332 1580 120 29 vers.

1590 1629 108 46 Oue
1734 1630 37 44 si
1819 1630 42 44 le
1897 1630 235 45 caractère
2169 1648 91 43 que
2296 1648 117 28 vous
2448 1632 52 44 dé-

1519 1696 115 44 sirez
1669 1698 170 59 garder
1864 1699 28 43 à
1917 1699 162 43 Poesia
2119 1699 105 44 n'en
2262 1701 266 57 permettait

1521 1780 83 42 pas
1646 1762 276 57 l'insertion,
1954 1766 49 60 je
2053 1782 59 29 ne
2159 1783 73 28 me
2279 1766 248 45 blesserais

1520 1832 134 58 point
1690 1833 58 44 de
1783 1832 67 45 les
1886 1834 101 43 voir
2023 1832 195 55 écartés,
2245 1843 103 35 tout
2377 1851 59 28 en
2463 1851 44 28 re-

1521 1908 130 35 stant
1703 1900 189 59 dispose
1940 1901 27 44 à
2012 1917 116 28 vous
2177 1917 58 29 en
2284 1901 243 59 présenter

1521 1966 220 46 d'autres.

1583 2032 56 60 Je
1686 2050 118 29 vous
1858 2034 267 45 renouvelle
2171 2036 106 44 bien
2326 2036 175 44 sincère-

1521 2111 145 43 ment,
1688 2118 114 29 avec
1826 2100 191 61 l'espoir
2036 2102 59 45 de
2120 2119 200 28 renouer
2344 2103 184 46 bientòt

1520 2170 329 44 conversation
1885 2186 112 29 avec
2022 2186 131 32 vous,
2181 2170 189 60 lorsque
2394 2181 132 35 votre

1522 2236 180 61 Pégase
1756 2235 184 46 d'acier
1992 2254 117 27 vous
2167 2238 245 45 ramènera
2468 2255 56 28 en

1523 2305 193 51 France,
1756 2302 301 62 l'expression
2097 2305 137 45 émue
2269 2307 59 43 de
2369 2316 157 34 toutes

1521 2388 99 28 mes
1639 2372 288 58 sympathies
1947 2373 313 52 admiratives,
2283 2384 47 34 et
2342 2374 49 60 je
2410 2390 117 28 vous

1520 2440 100 58 prie
1657 2441 59 43 de
1751 2440 147 44 croire
1935 2441 27 43 à
2000 2456 109 28 mon
2147 2439 313 46 dévouement
2485 2441 42 45 le

1520 2507 105 59 plus
1662 2507 137 59 loyal.

1658 2575 75 43 De
1769 2584 102 34 tout
1907 2591 130 28 coeur

1894 2665 225 46 Philéas
2154 2665 300 60 Lebesgue.

1521 2808 185 61 ANDRÉ
1750 2820 311 48 FONTAINAS
2097 2837 29 28 A
2164 2822 293 46 MARINETTI:

1592 2911 130 44 Tant
1758 2910 58 44 de
1851 2926 214 44 preuves,
2105 2927 109 28 mon
2253 2912 110 44 cher
2399 2912 99 44 Con-

1522 2977 134 55 frère,
1694 2978 59 44 de
1788 2988 135 34 votre
1959 2979 262 58 sympathie
2274 2996 75 28 me
2401 2980 101 44 vien-

1524 3055 113 35 nent
1672 3062 110 28 sans
1834 3045 242 52 lassitude,
2124 3056 47 34 et
2212 3046 69 60 j'y
2325 3048 205 58 réponds

1522 3114 37 44 si
1596 3122 249 43 rarement,
1884 3130 93 42 que
2024 3114 49 59 je
2110 3114 259 45 craindrais
2405 3116 27 43 à
2485 3114 45 45 la

1523 3180 176 61 longue
1736 3180 173 60 qu'elle
1945 3198 49 27 se
2031 3182 134 44 lasse.

1593 3249 133 44 Vous
1762 3248 144 45 devez
1954 3250 157 43 savoir
2163 3259 225 49 pourtant
2439 3266 91 43 que

1524 3316 175 44 devant
1756 3314 218 46 l'audace
2033 3316 239 44 inventive
2331 3318 59 42 de
2446 3333 86 27 vos

2634 352 194 60 images,
2866 362 132 36 votre
3042 354 250 59 puissance
3339 355 59 44 de
3452 371 155 29 mouve-

2632 430 145 43 ment,
2815 418 311 48 l'abondance
3162 432 48 34 et
3245 422 45 44 la
3325 422 202 45 richesse
3578 424 60 43 de

2632 497 134 34 votre
2804 504 163 28 oeuvre
3015 488 329 58 tumultueuse,
3389 487 247 63 j'éprouve

2633 570 113 29 avec
2782 556 182 60 vertige
3008 572 94 28 une
3154 557 128 44 vraie
3335 558 298 44 admiration.

2634 623 124 43 Mais
2796 639 92 42 que
2923 639 119 29 vous
3079 624 100 44 dire
3226 625 157 44 mieux
3435 641 92 42 que
3581 642 57 28 ne

2632 705 118 29 vous
2786 690 118 45 Font
2940 691 68 44 dit
3049 707 85 28 nos
3170 691 250 55 confrères,
3452 693 118 44 dont
3594 693 42 44 le

2631 758 301 60 témoignage
2970 757 174 47 n'avait
3180 775 85 43 pas
3299 759 160 45 besoin
3487 757 150 49 d'ètre

2633 825 217 60 invoqué,
2889 842 214 42 soyez-en
3142 842 93 38 sur,
3274 843 119 43 pour
3440 828 198 44 certifier

2632 892 169 60 auprès
2836 894 59 43 de
2930 910 85 27 vos
3050 894 201 44 lecteurs
3303 894 44 45 la
3393 895 243 58 puissance

2631 970 47 34 et
2714 960 44 45 la
2796 968 261 38 nouveauté
3095 961 160 45 hardie
3292 962 58 44 de
3393 973 132 33 votre
3573 973 42 33 ta-

2631 1026 97 46 lent
2743 1029 16 44 ?

3022 1097 189 46 André
3245 1096 317 47 Fontainas.

2631 1229 400 49 JOHN=ANTOINE
3067 1230 112 46 NAU
3216 1245 30 29 A
3283 1230 296 44 MARINETTI:

2632 1319 126 45 Cher
2794 1319 242 45 Monsieur
3073 1329 47 35 et
3155 1317 208 47 éminent
3407 1319 228 59 confrère,

2695 1398 53 59 Je
2800 1413 118 29 vous
2972 1397 221 44 remercie
3252 1397 261 44 infiniment
3579 1399 58 43 de

2628 1463 175 47 l'envoi
2850 1465 57 44 de
2954 1464 44 44 la
3055 1463 227 61 Conquète
3316 1465 53 43 de
3405 1463 230 56 tEtoiles,

2629 1533 80 59 qui
2746 1542 73 35 est
2854 1548 63 28 un
2954 1531 168 60 poème
3157 1532 243 59 splendide
3445 1548 61 28 ou
3543 1531 93 47 l'on

2629 1610 217 35 retrouve
2892 1609 131 35 toute
3072 1599 44 45 la
3164 1600 159 44 fureur
3375 1600 261 45 lumineuse

2630 1669 83 44 des
2764 1667 165 45 étoiles
2982 1677 48 34 et
3081 1677 156 34 toutes
3293 1667 69 44 les
3416 1667 222 45 sublimes

2630 1750 138 44 rages
2804 1735 59 44 de
2899 1733 44 46 la
2984 1735 116 43 Mer.

2700 1802 35 45 Il
2772 1800 136 46 m'est
2944 1802 127 44 doux
3094 1802 59 44 de
3177 1801 102 44 voir
3302 1801 336 61 qu'originaire

2631 1870 57 44 de
2725 1867 222 62 TEgypte
2984 1879 47 35 et
3067 1870 58 43 de
3161 1869 182 57 l'Italie,
3370 1869 124 45 deux
3520 1886 116 42 pays

2629 1936 110 46 d'où
2794 1947 104 34 tout
2953 1947 132 33 notre
3133 1952 114 44 pays
3291 1946 99 34 sort
3438 1937 177 45 intellec-

2629 2004 275 46 tuellement
2927 2030 64 8 —
3017 2003 221 64 (Egypte,
3272 2002 170 54 Grèce,
3486 2005 147 57 Italie,

2631 2071 168 57 Gaule)
2824 2100 64 3 —
2909 2088 118 28 vous
3061 2072 219 49 devenez,
3320 2088 85 43 par
3439 2072 44 44 le
3519 2072 117 59 style

2629 2149 47 36 et
2710 2139 45 44 la
2790 2138 185 60 pensée,
3014 2138 96 45 l'un
3158 2139 60 43 de
3261 2154 85 30 nos
3391 2140 155 43 beaux
3592 2149 46 35 et

2629 2207 177 60 grands
2843 2205 163 61 poètes
3040 2206 67 45 les
3144 2205 104 60 plus
3287 2206 213 47 francais.

2698 2274 210 45 Veuillez
2942 2290 169 29 encore
3147 2272 167 61 agréer
3339 2290 99 28 mes
3464 2289 142 29 remer-

2629 2341 226 45 ciements
2906 2351 47 34 et
3010 2357 74 28 me
3135 2341 150 44 croire
3338 2350 134 36 votre
3532 2340 104 59 plus

2630 2408 173 45 cordial
2841 2408 301 47 admirateur.

2975 2487 419 47 John=Antoine
3429 2486 141 48 Nau♦

2631 2620 215 48 ALBERT
2883 2619 327 48 SAINT=PAUL
3247 2635 29 29 A
3311 2620 289 44 MARINETTI:

2700 2710 145 44 Merci
2881 2710 59 44 de
2976 2726 84 28 vos
3096 2710 220 59 précieux
3351 2709 151 45 livres.
3559 2710 78 44 Au

2631 2777 168 54 moins,
2840 2793 116 28 vous
3004 2793 218 43 prouvez,
3267 2793 133 41 vous,
3450 2794 92 43 que
3595 2777 44 44 la

2630 2846 157 58 poesie
2833 2854 72 34 est
2951 2860 63 28 un
3058 2845 360 52 enthousiasme,
3459 2855 47 34 et
3544 2860 94 28 non

2630 2928 84 44 pas
2751 2928 92 28 une
2880 2912 119 45 sèrie
3048 2912 58 44 de
3154 2912 169 59 petites
3370 2913 268 43 sensations

2631 2981 107 43 bien
2776 2979 226 60 alignées.

2693 3045 56 61 Je
2784 3064 119 28 vous
2940 3064 60 28 en
3038 3046 180 53 félicite,
3255 3056 47 35 et
3339 3062 172 29 encore
3547 3062 93 29 une

2632 3114 87 45 fois
2767 3114 189 56 merci!,
3002 3130 58 29 en
3097 3130 118 29 vous
3250 3114 392 45 recommandant

2632 3182 60 45 de
2729 3198 58 28 ne
2824 3197 85 44 pas
2943 3181 182 46 oublier
3169 3182 59 44 de
3276 3182 279 45 m'adresser
3596 3181 44 45 la

2632 3248 199 46 sublime
2867 3249 177 44 Poesia.

2992 3318 193 46 Albert
3221 3317 344 47 SainUPauL

1913 3472 221 56 11
