<?xml version="1.0" encoding="UTF-8"?>
<alto xmlns:xsi="http://www.w3.org/2001/XMLSchema-instance" xmlns="http://www.loc.gov/standards/alto/ns-v2#" xsi:schemaLocation="http://www.loc.gov/standards/alto/ns-v2# http://www.loc.gov/standards/alto/alto-v2.0.xsd" xmlns:xlink="http://www.w3.org/1999/xlink">
	<Description>
		<MeasurementUnit>mm10</MeasurementUnit>
		<sourceImageInformation>
			<fileName>//fileserver7/IN2/Princeton/Batch3/bmtnaai/1908/12_01/00000012.tif</fileName>
		</sourceImageInformation>
		<OCRProcessing ID="OCRPROCESSING_1">
			<preProcessingStep>
				<processingSoftware>
					<softwareCreator>CCS Content Conversion Specialists GmbH, Germany</softwareCreator>
					<softwareName>CCS docWORKS</softwareName>
					<softwareVersion>6.6-1.18</softwareVersion>
				</processingSoftware>
			</preProcessingStep>
			<ocrProcessingStep>
				<processingSoftware>
					<softwareCreator>ABBYY (BIT Software), Russia</softwareCreator>
					<softwareName>FineReader</softwareName>
					<softwareVersion>10.0</softwareVersion>
				</processingSoftware>
			</ocrProcessingStep>
		</OCRProcessing>
	</Description>
	<Styles>
		<TextStyle ID="TXT_0" FONTSIZE="17" FONTFAMILY="Times New Roman"/>
		<TextStyle ID="TXT_1" FONTSIZE="17" FONTFAMILY="Times New Roman" FONTSTYLE="italics"/>
		<TextStyle ID="TXT_2" FONTSIZE="20" FONTFAMILY="Times New Roman" FONTSTYLE="bold italics"/>
		<TextStyle ID="TXT_3" FONTSIZE="14" FONTFAMILY="Times New Roman" FONTSTYLE="bold"/>
		<TextStyle ID="TXT_4" FONTSIZE="16" FONTFAMILY="Times New Roman"/>
		<TextStyle ID="TXT_5" FONTSIZE="16" FONTFAMILY="Times New Roman" FONTSTYLE="italics"/>
		<TextStyle ID="TXT_6" FONTSIZE="12" FONTFAMILY="Unknown"/>
		<TextStyle ID="TXT_7" FONTSIZE="13" FONTFAMILY="Times New Roman" FONTSTYLE="bold"/>
		<TextStyle ID="TXT_8" FONTSIZE="19" FONTFAMILY="Times New Roman" FONTSTYLE="bold italics"/>
		<TextStyle ID="TXT_9" FONTSIZE="34" FONTFAMILY="Times New Roman"/>
		<ParagraphStyle ID="PAR_LEFT" ALIGN="Left"/>
		<ParagraphStyle ID="PAR_CENTER" ALIGN="Center"/>
	</Styles>
	<Layout>
		<Page ID="P12" PHYSICAL_IMG_NR="12" HEIGHT="3716" WIDTH="3982" PRINTED_IMG_NR="10" PC="0.843">
			<TopMargin ID="P12_TM00001" HPOS="0" VPOS="0" WIDTH="3982" HEIGHT="217">
				<TextBlock ID="P12_TB00001" HPOS="461" VPOS="154" WIDTH="269" HEIGHT="60" STYLEREFS="TXT_0 PAR_LEFT">
					<TextLine ID="P12_TL00001" HPOS="462" VPOS="177" WIDTH="268" HEIGHT="37">
						<String ID="P12_ST00001" HPOS="462" VPOS="177" WIDTH="268" HEIGHT="37" CONTENT="POESIA" WC="0.99" CC="600000"/>
					</TextLine>
				</TextBlock>
			</TopMargin>
			<LeftMargin ID="P12_LM00001" HPOS="0" VPOS="217" WIDTH="447" HEIGHT="3276"/>
			<RightMargin ID="P12_RM00001" HPOS="3720" VPOS="217" WIDTH="262" HEIGHT="3276"/>
			<BottomMargin ID="P12_BM00001" HPOS="0" VPOS="3493" WIDTH="3982" HEIGHT="223"/>
			<PrintSpace ID="P12_PS00001" HPOS="447" VPOS="217" WIDTH="3273" HEIGHT="3276">
				<TextBlock ID="P12_TB00002" HPOS="447" VPOS="309" WIDTH="1022" HEIGHT="3053" STYLEREFS="TXT_0 PAR_LEFT">
					<TextLine ID="P12_TL00002" HPOS="458" VPOS="309" WIDTH="1008" HEIGHT="63">
						<String ID="P12_ST00002" HPOS="458" VPOS="309" WIDTH="122" HEIGHT="48" CONTENT="n'est" WC="0.65" CC="74005"/>
						<SP ID="P12_SP00001" HPOS="580" VPOS="357" WIDTH="36"/>
						<String ID="P12_ST00003" HPOS="616" VPOS="328" WIDTH="86" HEIGHT="44" CONTENT="pas" WC="0.89" CC="030"/>
						<SP ID="P12_SP00002" HPOS="702" VPOS="372" WIDTH="38"/>
						<String ID="P12_ST00004" HPOS="740" VPOS="311" WIDTH="62" HEIGHT="45" CONTENT="du" WC="0.67" CC="06"/>
						<SP ID="P12_SP00003" HPOS="802" VPOS="372" WIDTH="39"/>
						<String ID="P12_ST00005" HPOS="841" VPOS="322" WIDTH="102" HEIGHT="34" CONTENT="tout" WC="0.51" CC="6065"/>
						<SP ID="P12_SP00004" HPOS="943" VPOS="372" WIDTH="36"/>
						<String ID="P12_ST00006" HPOS="979" VPOS="329" WIDTH="62" HEIGHT="27" CONTENT="un" WC="0.57" CC="43"/>
						<SP ID="P12_SP00005" HPOS="1041" VPOS="372" WIDTH="38"/>
						<String ID="P12_ST00007" HPOS="1079" VPOS="328" WIDTH="126" HEIGHT="37" CONTENT="vers;" WC="0.95" CC="00200"/>
						<SP ID="P12_SP00006" HPOS="1205" VPOS="372" WIDTH="46"/>
						<String ID="P12_ST00008" HPOS="1251" VPOS="313" WIDTH="118" HEIGHT="43" CONTENT="mais" WC="0.98" CC="0530"/>
						<SP ID="P12_SP00007" HPOS="1369" VPOS="372" WIDTH="37"/>
						<String ID="P12_ST00009" HPOS="1406" VPOS="327" WIDTH="60" HEIGHT="29" CONTENT="on" WC="0.73" CC="41"/>
					</TextLine>
					<TextLine ID="P12_TL00003" HPOS="455" VPOS="377" WIDTH="1010" HEIGHT="63">
						<String ID="P12_ST00010" HPOS="455" VPOS="379" WIDTH="154" HEIGHT="45" CONTENT="arrive" WC="0.65" CC="350650"/>
						<SP ID="P12_SP00008" HPOS="609" VPOS="424" WIDTH="35"/>
						<String ID="P12_ST00011" HPOS="644" VPOS="377" WIDTH="342" HEIGHT="63" CONTENT="quand-mème" WC="0.81" CC="0400040710"/>
						<SP ID="P12_SP00009" HPOS="986" VPOS="440" WIDTH="36"/>
						<String ID="P12_ST00012" HPOS="1022" VPOS="409" WIDTH="64" HEIGHT="3" CONTENT="—" WC="0.20" CC="8"/>
						<SP ID="P12_SP00010" HPOS="1086" VPOS="440" WIDTH="38"/>
						<String ID="P12_ST00013" HPOS="1124" VPOS="380" WIDTH="138" HEIGHT="53" CONTENT="brisé," WC="0.84" CC="002060"/>
						<SP ID="P12_SP00011" HPOS="1262" VPOS="440" WIDTH="47"/>
						<String ID="P12_ST00014" HPOS="1309" VPOS="380" WIDTH="130" HEIGHT="45" CONTENT="désar" SUBS_TYPE="HypPart1" SUBS_CONTENT="désarticulé," WC="0.94" CC="00000"/>
						<HYP HPOS="1439" VPOS="380" WIDTH="26" CONTENT="-"/>
					</TextLine>
					<TextLine ID="P12_TL00004" HPOS="456" VPOS="447" WIDTH="1009" HEIGHT="58">
						<String ID="P12_ST00015" HPOS="456" VPOS="447" WIDTH="156" HEIGHT="58" CONTENT="ticulé," SUBS_TYPE="HypPart2" SUBS_CONTENT="désarticulé," WC="0.57" CC="5531444"/>
						<SP ID="P12_SP00012" HPOS="612" VPOS="505" WIDTH="38"/>
						<String ID="P12_ST00016" HPOS="650" VPOS="448" WIDTH="268" HEIGHT="55" CONTENT="abasourdi," WC="0.88" CC="0000060050"/>
						<SP ID="P12_SP00013" HPOS="918" VPOS="505" WIDTH="39"/>
						<String ID="P12_ST00017" HPOS="957" VPOS="447" WIDTH="174" HEIGHT="47" CONTENT="démoli" WC="0.85" CC="001007"/>
						<SP ID="P12_SP00014" HPOS="1131" VPOS="505" WIDTH="37"/>
						<String ID="P12_ST00018" HPOS="1168" VPOS="477" WIDTH="63" HEIGHT="6" CONTENT="—" WC="0.20" CC="8"/>
						<SP ID="P12_SP00015" HPOS="1231" VPOS="505" WIDTH="39"/>
						<String ID="P12_ST00019" HPOS="1270" VPOS="464" WIDTH="58" HEIGHT="28" CONTENT="au" WC="0.84" CC="03"/>
						<SP ID="P12_SP00016" HPOS="1328" VPOS="505" WIDTH="26"/>
						<String ID="P12_ST00020" HPOS="1354" VPOS="448" WIDTH="87" HEIGHT="45" CONTENT="but" WC="0.80" CC="005"/>
						<SP ID="P12_SP00017" HPOS="1441" VPOS="505" WIDTH="17"/>
						<String ID="P12_ST00021" HPOS="1458" VPOS="447" WIDTH="7" HEIGHT="45" CONTENT="!" WC="0.71" CC="2"/>
					</TextLine>
					<TextLine ID="P12_TL00005" HPOS="524" VPOS="514" WIDTH="943" HEIGHT="60">
						<String ID="P12_ST00022" HPOS="524" VPOS="515" WIDTH="167" HEIGHT="59" CONTENT="Quant" WC="0.67" CC="96000"/>
						<SP ID="P12_SP00018" HPOS="691" VPOS="574" WIDTH="35"/>
						<String ID="P12_ST00023" HPOS="726" VPOS="532" WIDTH="59" HEIGHT="28" CONTENT="au" WC="0.38" CC="75"/>
						<SP ID="P12_SP00019" HPOS="785" VPOS="574" WIDTH="38"/>
						<String ID="P12_ST00024" HPOS="823" VPOS="516" WIDTH="115" HEIGHT="45" CONTENT="livre" WC="0.77" CC="37000"/>
						<SP ID="P12_SP00020" HPOS="938" VPOS="574" WIDTH="37"/>
						<String ID="P12_ST00025" HPOS="975" VPOS="516" WIDTH="61" HEIGHT="45" CONTENT="où" WC="0.68" CC="05"/>
						<SP ID="P12_SP00021" HPOS="1036" VPOS="574" WIDTH="37"/>
						<String ID="P12_ST00026" HPOS="1073" VPOS="516" WIDTH="67" HEIGHT="45" CONTENT="les" WC="0.83" CC="500"/>
						<SP ID="P12_SP00022" HPOS="1140" VPOS="574" WIDTH="38"/>
						<String ID="P12_ST00027" HPOS="1178" VPOS="517" WIDTH="158" HEIGHT="45" CONTENT="Dieux" WC="0.89" CC="05000"/>
						<SP ID="P12_SP00023" HPOS="1336" VPOS="574" WIDTH="31"/>
						<String ID="P12_ST00028" HPOS="1367" VPOS="514" WIDTH="100" HEIGHT="46" CONTENT="s'en" WC="0.75" CC="0206"/>
					</TextLine>
					<TextLine ID="P12_TL00006" HPOS="454" VPOS="582" WIDTH="1014" HEIGHT="62">
						<String ID="P12_ST00029" HPOS="454" VPOS="595" WIDTH="129" HEIGHT="36" CONTENT="vont," WC="0.59" CC="00757"/>
						<SP ID="P12_SP00024" HPOS="583" VPOS="631" WIDTH="40"/>
						<String ID="P12_ST00030" HPOS="623" VPOS="582" WIDTH="333" HEIGHT="47" CONTENT="D'Annunzio" WC="0.99" CC="0905464402" STYLEREFS="TXT_1"/>
						<SP ID="P12_SP00025" HPOS="956" VPOS="631" WIDTH="35"/>
						<String ID="P12_ST00031" HPOS="991" VPOS="594" WIDTH="138" HEIGHT="42" CONTENT="reste," WC="0.99" CC="220302"/>
						<SP ID="P12_SP00026" HPOS="1129" VPOS="636" WIDTH="41"/>
						<String ID="P12_ST00032" HPOS="1170" VPOS="601" WIDTH="139" HEIGHT="42" CONTENT="parce" WC="0.91" CC="30000"/>
						<SP ID="P12_SP00027" HPOS="1309" VPOS="643" WIDTH="36"/>
						<String ID="P12_ST00033" HPOS="1345" VPOS="584" WIDTH="123" HEIGHT="60" CONTENT="qu'il" WC="0.71" CC="02325"/>
					</TextLine>
					<TextLine ID="P12_TL00007" HPOS="454" VPOS="650" WIDTH="1011" HEIGHT="63">
						<String ID="P12_ST00034" HPOS="454" VPOS="668" WIDTH="27" HEIGHT="28" CONTENT="a" WC="0.42" CC="5"/>
						<SP ID="P12_SP00028" HPOS="481" VPOS="696" WIDTH="37"/>
						<String ID="P12_ST00035" HPOS="518" VPOS="650" WIDTH="241" HEIGHT="47" CONTENT="lui-mème" WC="0.64" CC="74430800"/>
						<SP ID="P12_SP00029" HPOS="759" VPOS="697" WIDTH="38"/>
						<String ID="P12_ST00036" HPOS="797" VPOS="650" WIDTH="94" HEIGHT="47" CONTENT="bàti" WC="0.64" CC="0616"/>
						<SP ID="P12_SP00030" HPOS="891" VPOS="697" WIDTH="49"/>
						<String ID="P12_ST00037" HPOS="940" VPOS="668" WIDTH="87" HEIGHT="29" CONTENT="son" WC="0.78" CC="006"/>
						<SP ID="P12_SP00031" HPOS="1027" VPOS="697" WIDTH="49"/>
						<String ID="P12_ST00038" HPOS="1076" VPOS="653" WIDTH="175" HEIGHT="60" CONTENT="tempie" WC="0.99" CC="600000"/>
						<SP ID="P12_SP00032" HPOS="1251" VPOS="713" WIDTH="47"/>
						<String ID="P12_ST00039" HPOS="1298" VPOS="662" WIDTH="49" HEIGHT="35" CONTENT="et" WC="0.67" CC="06"/>
						<SP ID="P12_SP00033" HPOS="1347" VPOS="713" WIDTH="48"/>
						<String ID="P12_ST00040" HPOS="1395" VPOS="668" WIDTH="47" HEIGHT="29" CONTENT="ce" SUBS_TYPE="HypPart1" SUBS_CONTENT="celebre" WC="0.96" CC="05"/>
						<HYP HPOS="1442" VPOS="668" WIDTH="23" CONTENT="-"/>
					</TextLine>
					<TextLine ID="P12_TL00008" HPOS="453" VPOS="718" WIDTH="1011" HEIGHT="63">
						<String ID="P12_ST00041" HPOS="453" VPOS="718" WIDTH="129" HEIGHT="45" CONTENT="lebre" SUBS_TYPE="HypPart2" SUBS_CONTENT="celebre" WC="0.98" CC="46024"/>
						<SP ID="P12_SP00034" HPOS="582" VPOS="763" WIDTH="38"/>
						<String ID="P12_ST00042" HPOS="620" VPOS="736" WIDTH="113" HEIGHT="29" CONTENT="sans" WC="0.87" CC="0050"/>
						<SP ID="P12_SP00035" HPOS="733" VPOS="765" WIDTH="26"/>
						<String ID="P12_ST00043" HPOS="759" VPOS="720" WIDTH="231" HEIGHT="45" CONTENT="modestie" WC="1.00" CC="00000000"/>
						<SP ID="P12_SP00036" HPOS="990" VPOS="765" WIDTH="25"/>
						<String ID="P12_ST00044" HPOS="1015" VPOS="737" WIDTH="85" HEIGHT="28" CONTENT="son" WC="0.87" CC="003"/>
						<SP ID="P12_SP00037" HPOS="1100" VPOS="765" WIDTH="26"/>
						<String ID="P12_ST00045" HPOS="1126" VPOS="737" WIDTH="173" HEIGHT="44" CONTENT="propre" WC="0.74" CC="900050"/>
						<SP ID="P12_SP00038" HPOS="1299" VPOS="781" WIDTH="31"/>
						<String ID="P12_ST00046" HPOS="1330" VPOS="720" WIDTH="134" HEIGHT="59" CONTENT="eulte," WC="0.99" CC="200004"/>
					</TextLine>
					<TextLine ID="P12_TL00009" HPOS="455" VPOS="786" WIDTH="1014" HEIGHT="62">
						<String ID="P12_ST00047" HPOS="455" VPOS="787" WIDTH="29" HEIGHT="44" CONTENT="il" WC="0.72" CC="50"/>
						<SP ID="P12_SP00039" HPOS="484" VPOS="831" WIDTH="37"/>
						<String ID="P12_ST00048" HPOS="521" VPOS="797" WIDTH="71" HEIGHT="36" CONTENT="est" WC="0.98" CC="004"/>
						<SP ID="P12_SP00040" HPOS="592" VPOS="833" WIDTH="37"/>
						<String ID="P12_ST00049" HPOS="629" VPOS="786" WIDTH="113" HEIGHT="46" CONTENT="d'un" WC="0.99" CC="0400"/>
						<SP ID="P12_SP00041" HPOS="742" VPOS="833" WIDTH="36"/>
						<String ID="P12_ST00050" HPOS="778" VPOS="789" WIDTH="147" HEIGHT="59" CONTENT="esprit" WC="1.00" CC="000014"/>
						<SP ID="P12_SP00042" HPOS="925" VPOS="848" WIDTH="47"/>
						<String ID="P12_ST00051" HPOS="972" VPOS="798" WIDTH="46" HEIGHT="36" CONTENT="et" WC="1.00" CC="00"/>
						<SP ID="P12_SP00043" HPOS="1018" VPOS="848" WIDTH="54"/>
						<String ID="P12_ST00052" HPOS="1072" VPOS="788" WIDTH="143" HEIGHT="45" CONTENT="d'une" WC="0.97" CC="04456"/>
						<SP ID="P12_SP00044" HPOS="1215" VPOS="848" WIDTH="56"/>
						<String ID="P12_ST00053" HPOS="1271" VPOS="790" WIDTH="198" HEIGHT="43" CONTENT="rosserie" WC="0.78" CC="10446000" STYLEREFS="TXT_1"/>
					</TextLine>
					<TextLine ID="P12_TL00010" HPOS="453" VPOS="856" WIDTH="429" HEIGHT="45">
						<String ID="P12_ST00054" HPOS="453" VPOS="856" WIDTH="403" HEIGHT="45" CONTENT="extraordinaires" WC="0.80" CC="053600106105000"/>
						<SP ID="P12_SP00045" HPOS="856" VPOS="901" WIDTH="19"/>
						<String ID="P12_ST00055" HPOS="875" VPOS="857" WIDTH="7" HEIGHT="44" CONTENT="!" WC="1.00" CC="0"/>
					</TextLine>
					<TextLine ID="P12_TL00011" HPOS="525" VPOS="924" WIDTH="940" HEIGHT="61">
						<String ID="P12_ST00056" HPOS="525" VPOS="924" WIDTH="157" HEIGHT="54" CONTENT="Enfin," WC="0.86" CC="080000"/>
						<SP ID="P12_SP00046" HPOS="682" VPOS="978" WIDTH="39"/>
						<String ID="P12_ST00057" HPOS="721" VPOS="924" WIDTH="168" HEIGHT="45" CONTENT="Poesia" WC="0.99" CC="000506" STYLEREFS="TXT_1"/>
						<SP ID="P12_SP00047" HPOS="889" VPOS="978" WIDTH="24"/>
						<String ID="P12_ST00058" HPOS="913" VPOS="934" WIDTH="73" HEIGHT="36" CONTENT="est" WC="0.97" CC="007"/>
						<SP ID="P12_SP00048" HPOS="986" VPOS="978" WIDTH="24"/>
						<String ID="P12_ST00059" HPOS="1010" VPOS="924" WIDTH="45" HEIGHT="46" CONTENT="la" WC="0.81" CC="30"/>
						<SP ID="P12_SP00049" HPOS="1055" VPOS="978" WIDTH="24"/>
						<String ID="P12_ST00060" HPOS="1079" VPOS="925" WIDTH="104" HEIGHT="60" CONTENT="plus" WC="1.00" CC="0000"/>
						<SP ID="P12_SP00050" HPOS="1183" VPOS="985" WIDTH="23"/>
						<String ID="P12_ST00061" HPOS="1206" VPOS="926" WIDTH="259" HEIGHT="58" CONTENT="artistique," WC="0.89" CC="00030042001"/>
					</TextLine>
					<TextLine ID="P12_TL00012" HPOS="454" VPOS="991" WIDTH="1015" HEIGHT="61">
						<String ID="P12_ST00062" HPOS="454" VPOS="991" WIDTH="44" HEIGHT="45" CONTENT="la" WC="0.47" CC="46"/>
						<SP ID="P12_SP00051" HPOS="498" VPOS="1036" WIDTH="38"/>
						<String ID="P12_ST00063" HPOS="536" VPOS="992" WIDTH="105" HEIGHT="59" CONTENT="plus" WC="0.99" CC="0500"/>
						<SP ID="P12_SP00052" HPOS="641" VPOS="1051" WIDTH="34"/>
						<String ID="P12_ST00064" HPOS="675" VPOS="992" WIDTH="181" HEIGHT="60" CONTENT="lyrique" WC="0.87" CC="3005000"/>
						<SP ID="P12_SP00053" HPOS="856" VPOS="1052" WIDTH="38"/>
						<String ID="P12_ST00065" HPOS="894" VPOS="993" WIDTH="84" HEIGHT="45" CONTENT="des" WC="1.00" CC="000"/>
						<SP ID="P12_SP00054" HPOS="978" VPOS="1052" WIDTH="26"/>
						<String ID="P12_ST00066" HPOS="1004" VPOS="1009" WIDTH="166" HEIGHT="29" CONTENT="revues" WC="1.00" CC="000000"/>
						<SP ID="P12_SP00055" HPOS="1170" VPOS="1052" WIDTH="24"/>
						<String ID="P12_ST00067" HPOS="1194" VPOS="1000" WIDTH="275" HEIGHT="38" CONTENT="consacrées" WC="0.86" CC="0000700600"/>
					</TextLine>
					<TextLine ID="P12_TL00013" HPOS="454" VPOS="1060" WIDTH="1011" HEIGHT="62">
						<String ID="P12_ST00068" HPOS="454" VPOS="1076" WIDTH="27" HEIGHT="28" CONTENT="a" WC="1.00" CC="0"/>
						<SP ID="P12_SP00056" HPOS="481" VPOS="1104" WIDTH="38"/>
						<String ID="P12_ST00069" HPOS="519" VPOS="1061" WIDTH="43" HEIGHT="43" CONTENT="la" WC="0.60" CC="16"/>
						<SP ID="P12_SP00057" HPOS="562" VPOS="1104" WIDTH="42"/>
						<String ID="P12_ST00070" HPOS="604" VPOS="1061" WIDTH="149" HEIGHT="47" CONTENT="Muse." WC="0.99" CC="00004"/>
						<SP ID="P12_SP00058" HPOS="753" VPOS="1108" WIDTH="43"/>
						<String ID="P12_ST00071" HPOS="796" VPOS="1062" WIDTH="146" HEIGHT="44" CONTENT="Merci" WC="0.99" CC="00006"/>
						<SP ID="P12_SP00059" HPOS="942" VPOS="1108" WIDTH="54"/>
						<String ID="P12_ST00072" HPOS="996" VPOS="1071" WIDTH="46" HEIGHT="35" CONTENT="et" WC="1.00" CC="00"/>
						<SP ID="P12_SP00060" HPOS="1042" VPOS="1108" WIDTH="48"/>
						<String ID="P12_ST00073" HPOS="1090" VPOS="1061" WIDTH="160" HEIGHT="52" CONTENT="bravo," WC="0.99" CC="020004"/>
						<SP ID="P12_SP00061" HPOS="1250" VPOS="1113" WIDTH="50"/>
						<String ID="P12_ST00074" HPOS="1300" VPOS="1060" WIDTH="141" HEIGHT="62" CONTENT="poète" WC="0.84" CC="01600"/>
						<SP ID="P12_SP00062" HPOS="1441" VPOS="1122" WIDTH="17"/>
						<String ID="P12_ST00075" HPOS="1458" VPOS="1062" WIDTH="7" HEIGHT="46" CONTENT="!" WC="0.53" CC="4"/>
					</TextLine>
					<TextLine ID="P12_TL00014" HPOS="524" VPOS="1129" WIDTH="945" HEIGHT="60">
						<String ID="P12_ST00076" HPOS="524" VPOS="1129" WIDTH="136" HEIGHT="44" CONTENT="Vous" WC="0.82" CC="0600"/>
						<SP ID="P12_SP00063" HPOS="660" VPOS="1173" WIDTH="68"/>
						<String ID="P12_ST00077" HPOS="728" VPOS="1146" WIDTH="75" HEIGHT="28" CONTENT="me" WC="1.00" CC="00"/>
						<SP ID="P12_SP00064" HPOS="803" VPOS="1174" WIDTH="59"/>
						<String ID="P12_ST00078" HPOS="862" VPOS="1129" WIDTH="165" HEIGHT="45" CONTENT="laissez" WC="0.88" CC="0040003"/>
						<SP ID="P12_SP00065" HPOS="1027" VPOS="1174" WIDTH="60"/>
						<String ID="P12_ST00079" HPOS="1087" VPOS="1136" WIDTH="190" HEIGHT="53" CONTENT="espérer" WC="0.93" CC="0005000"/>
						<SP ID="P12_SP00066" HPOS="1277" VPOS="1189" WIDTH="57"/>
						<String ID="P12_ST00080" HPOS="1334" VPOS="1139" WIDTH="135" HEIGHT="35" CONTENT="votre" WC="0.86" CC="00410"/>
					</TextLine>
					<TextLine ID="P12_TL00015" HPOS="453" VPOS="1196" WIDTH="1016" HEIGHT="62">
						<String ID="P12_ST00081" HPOS="453" VPOS="1196" WIDTH="163" HEIGHT="45" CONTENT="bonne" WC="0.72" CC="00760"/>
						<SP ID="P12_SP00067" HPOS="616" VPOS="1241" WIDTH="36"/>
						<String ID="P12_ST00082" HPOS="652" VPOS="1197" WIDTH="133" HEIGHT="45" CONTENT="visite" WC="0.99" CC="020160"/>
						<SP ID="P12_SP00068" HPOS="785" VPOS="1242" WIDTH="37"/>
						<String ID="P12_ST00083" HPOS="822" VPOS="1213" WIDTH="120" HEIGHT="44" CONTENT="pour" WC="0.87" CC="0310"/>
						<SP ID="P12_SP00069" HPOS="942" VPOS="1257" WIDTH="54"/>
						<String ID="P12_ST00084" HPOS="996" VPOS="1197" WIDTH="281" HEIGHT="61" CONTENT="Septembre" WC="0.98" CC="000100000"/>
						<SP ID="P12_SP00070" HPOS="1277" VPOS="1258" WIDTH="18"/>
						<String ID="P12_ST00085" HPOS="1295" VPOS="1215" WIDTH="7" HEIGHT="36" CONTENT=";" WC="1.00" CC="0"/>
						<SP ID="P12_SP00071" HPOS="1302" VPOS="1258" WIDTH="52"/>
						<String ID="P12_ST00086" HPOS="1354" VPOS="1198" WIDTH="115" HEIGHT="44" CONTENT="mais" WC="0.99" CC="0030"/>
					</TextLine>
					<TextLine ID="P12_TL00016" HPOS="455" VPOS="1265" WIDTH="1010" HEIGHT="61">
						<String ID="P12_ST00087" HPOS="455" VPOS="1280" WIDTH="184" HEIGHT="29" CONTENT="comme" WC="0.76" CC="00740"/>
						<SP ID="P12_SP00072" HPOS="639" VPOS="1309" WIDTH="37"/>
						<String ID="P12_ST00088" HPOS="676" VPOS="1265" WIDTH="43" HEIGHT="44" CONTENT="le" WC="0.81" CC="30"/>
						<SP ID="P12_SP00073" HPOS="719" VPOS="1309" WIDTH="37"/>
						<String ID="P12_ST00089" HPOS="756" VPOS="1266" WIDTH="118" HEIGHT="44" CONTENT="mois" WC="0.73" CC="4060"/>
						<SP ID="P12_SP00074" HPOS="874" VPOS="1310" WIDTH="36"/>
						<String ID="P12_ST00090" HPOS="910" VPOS="1281" WIDTH="176" HEIGHT="29" CONTENT="avance" WC="1.00" CC="000500"/>
						<SP ID="P12_SP00075" HPOS="1086" VPOS="1310" WIDTH="53"/>
						<String ID="P12_ST00091" HPOS="1139" VPOS="1277" WIDTH="46" HEIGHT="34" CONTENT="et" WC="0.92" CC="01"/>
						<SP ID="P12_SP00076" HPOS="1185" VPOS="1311" WIDTH="47"/>
						<String ID="P12_ST00092" HPOS="1232" VPOS="1282" WIDTH="106" HEIGHT="44" CONTENT="que," WC="0.79" CC="0403"/>
						<SP ID="P12_SP00077" HPOS="1338" VPOS="1326" WIDTH="51"/>
						<String ID="P12_ST00093" HPOS="1389" VPOS="1266" WIDTH="76" HEIGHT="44" CONTENT="dé«" WC="0.58" CC="056"/>
					</TextLine>
					<TextLine ID="P12_TL00017" HPOS="454" VPOS="1333" WIDTH="1014" HEIGHT="60">
						<String ID="P12_ST00094" HPOS="454" VPOS="1333" WIDTH="251" HEIGHT="53" CONTENT="cidément," WC="0.68" CC="090650600"/>
						<SP ID="P12_SP00078" HPOS="705" VPOS="1386" WIDTH="31"/>
						<String ID="P12_ST00095" HPOS="736" VPOS="1333" WIDTH="50" HEIGHT="60" CONTENT="je" WC="0.92" CC="10"/>
						<SP ID="P12_SP00079" HPOS="786" VPOS="1393" WIDTH="37"/>
						<String ID="P12_ST00096" HPOS="823" VPOS="1350" WIDTH="60" HEIGHT="28" CONTENT="ne" WC="1.00" CC="00"/>
						<SP ID="P12_SP00080" HPOS="883" VPOS="1393" WIDTH="34"/>
						<String ID="P12_ST00097" HPOS="917" VPOS="1335" WIDTH="227" HEIGHT="44" CONTENT="rentrerai" WC="0.84" CC="006000304"/>
						<SP ID="P12_SP00081" HPOS="1144" VPOS="1393" WIDTH="25"/>
						<String ID="P12_ST00098" HPOS="1169" VPOS="1335" WIDTH="28" HEIGHT="44" CONTENT="à" WC="0.39" CC="6"/>
						<SP ID="P12_SP00082" HPOS="1197" VPOS="1393" WIDTH="27"/>
						<String ID="P12_ST00099" HPOS="1224" VPOS="1334" WIDTH="129" HEIGHT="44" CONTENT="Paris" WC="0.99" CC="30020"/>
						<SP ID="P12_SP00083" HPOS="1353" VPOS="1393" WIDTH="24"/>
						<String ID="P12_ST00100" HPOS="1377" VPOS="1349" WIDTH="91" HEIGHT="44" CONTENT="que" WC="1.00" CC="000"/>
					</TextLine>
					<TextLine ID="P12_TL00018" HPOS="455" VPOS="1400" WIDTH="1010" HEIGHT="61">
						<String ID="P12_ST00101" HPOS="455" VPOS="1400" WIDTH="120" HEIGHT="45" CONTENT="dans" WC="0.92" CC="0030"/>
						<SP ID="P12_SP00084" HPOS="575" VPOS="1445" WIDTH="20"/>
						<String ID="P12_ST00102" HPOS="595" VPOS="1400" WIDTH="44" HEIGHT="45" CONTENT="la" WC="0.68" CC="60"/>
						<SP ID="P12_SP00085" HPOS="639" VPOS="1445" WIDTH="24"/>
						<String ID="P12_ST00103" HPOS="663" VPOS="1401" WIDTH="231" HEIGHT="60" CONTENT="première" WC="0.99" CC="00305600"/>
						<SP ID="P12_SP00086" HPOS="894" VPOS="1461" WIDTH="24"/>
						<String ID="P12_ST00104" HPOS="918" VPOS="1403" WIDTH="245" HEIGHT="58" CONTENT="quinzaine" WC="0.81" CC="015500400"/>
						<SP ID="P12_SP00087" HPOS="1163" VPOS="1461" WIDTH="26"/>
						<String ID="P12_ST00105" HPOS="1189" VPOS="1402" WIDTH="276" HEIGHT="52" CONTENT="d'Octobre," WC="0.93" CC="0200000200"/>
					</TextLine>
					<TextLine ID="P12_TL00019" HPOS="448" VPOS="1468" WIDTH="1019" HEIGHT="62">
						<String ID="P12_ST00106" HPOS="448" VPOS="1468" WIDTH="50" HEIGHT="60" CONTENT="je" WC="0.77" CC="40"/>
						<SP ID="P12_SP00088" HPOS="498" VPOS="1528" WIDTH="40"/>
						<String ID="P12_ST00107" HPOS="538" VPOS="1485" WIDTH="58" HEIGHT="28" CONTENT="ne" WC="0.62" CC="70"/>
						<SP ID="P12_SP00089" HPOS="596" VPOS="1528" WIDTH="36"/>
						<String ID="P12_ST00108" HPOS="632" VPOS="1485" WIDTH="124" HEIGHT="29" CONTENT="veux" WC="1.00" CC="0000"/>
						<SP ID="P12_SP00090" HPOS="756" VPOS="1528" WIDTH="36"/>
						<String ID="P12_ST00109" HPOS="792" VPOS="1486" WIDTH="87" HEIGHT="43" CONTENT="pas" WC="1.00" CC="000"/>
						<SP ID="P12_SP00091" HPOS="879" VPOS="1529" WIDTH="35"/>
						<String ID="P12_ST00110" HPOS="914" VPOS="1470" WIDTH="160" HEIGHT="45" CONTENT="tarder" WC="0.81" CC="370000"/>
						<SP ID="P12_SP00092" HPOS="1074" VPOS="1529" WIDTH="46"/>
						<String ID="P12_ST00111" HPOS="1120" VPOS="1470" WIDTH="271" HEIGHT="60" CONTENT="davantage" WC="0.95" CC="000040000"/>
						<SP ID="P12_SP00093" HPOS="1391" VPOS="1530" WIDTH="50"/>
						<String ID="P12_ST00112" HPOS="1441" VPOS="1470" WIDTH="26" HEIGHT="43" CONTENT="à" WC="0.75" CC="2"/>
					</TextLine>
					<TextLine ID="P12_TL00020" HPOS="453" VPOS="1537" WIDTH="1016" HEIGHT="60">
						<String ID="P12_ST00113" HPOS="453" VPOS="1552" WIDTH="120" HEIGHT="29" CONTENT="vous" WC="0.71" CC="0650"/>
						<SP ID="P12_SP00094" HPOS="573" VPOS="1581" WIDTH="38"/>
						<String ID="P12_ST00114" HPOS="611" VPOS="1537" WIDTH="102" HEIGHT="45" CONTENT="dire" WC="1.00" CC="0000"/>
						<SP ID="P12_SP00095" HPOS="713" VPOS="1582" WIDTH="53"/>
						<String ID="P12_ST00115" HPOS="766" VPOS="1538" WIDTH="43" HEIGHT="44" CONTENT="le" WC="0.75" CC="40"/>
						<SP ID="P12_SP00096" HPOS="809" VPOS="1582" WIDTH="54"/>
						<String ID="P12_ST00116" HPOS="863" VPOS="1538" WIDTH="96" HEIGHT="45" CONTENT="bon" WC="0.73" CC="016"/>
						<SP ID="P12_SP00097" HPOS="959" VPOS="1583" WIDTH="56"/>
						<String ID="P12_ST00117" HPOS="1015" VPOS="1539" WIDTH="222" HEIGHT="44" CONTENT="souvenir" WC="0.99" CC="00400640"/>
						<SP ID="P12_SP00098" HPOS="1237" VPOS="1583" WIDTH="52"/>
						<String ID="P12_ST00118" HPOS="1289" VPOS="1553" WIDTH="93" HEIGHT="44" CONTENT="que" WC="1.00" CC="000"/>
						<SP ID="P12_SP00099" HPOS="1382" VPOS="1597" WIDTH="38"/>
						<String ID="P12_ST00119" HPOS="1420" VPOS="1537" WIDTH="49" HEIGHT="60" CONTENT="je" WC="0.76" CC="40"/>
					</TextLine>
					<TextLine ID="P12_TL00021" HPOS="455" VPOS="1603" WIDTH="1014" HEIGHT="62">
						<String ID="P12_ST00120" HPOS="455" VPOS="1605" WIDTH="149" HEIGHT="59" CONTENT="garde" WC="0.78" CC="70300"/>
						<SP ID="P12_SP00100" HPOS="604" VPOS="1664" WIDTH="59"/>
						<String ID="P12_ST00121" HPOS="663" VPOS="1603" WIDTH="143" HEIGHT="47" CONTENT="d'une" WC="0.99" CC="04030"/>
						<SP ID="P12_SP00101" HPOS="806" VPOS="1664" WIDTH="53"/>
						<String ID="P12_ST00122" HPOS="859" VPOS="1616" WIDTH="107" HEIGHT="49" CONTENT="trop" WC="0.96" CC="1000"/>
						<SP ID="P12_SP00102" HPOS="966" VPOS="1665" WIDTH="54"/>
						<String ID="P12_ST00123" HPOS="1020" VPOS="1606" WIDTH="144" HEIGHT="46" CONTENT="brève" WC="0.99" CC="00600"/>
						<SP ID="P12_SP00103" HPOS="1164" VPOS="1665" WIDTH="54"/>
						<String ID="P12_ST00124" HPOS="1218" VPOS="1614" WIDTH="251" HEIGHT="37" CONTENT="rencontre" WC="0.82" CC="005024040"/>
					</TextLine>
					<TextLine ID="P12_TL00022" HPOS="455" VPOS="1672" WIDTH="1011" HEIGHT="62">
						<String ID="P12_ST00125" HPOS="455" VPOS="1682" WIDTH="46" HEIGHT="35" CONTENT="et" WC="1.00" CC="00"/>
						<SP ID="P12_SP00104" HPOS="501" VPOS="1717" WIDTH="37"/>
						<String ID="P12_ST00126" HPOS="538" VPOS="1673" WIDTH="42" HEIGHT="44" CONTENT="le" WC="1.00" CC="00"/>
						<SP ID="P12_SP00105" HPOS="580" VPOS="1717" WIDTH="36"/>
						<String ID="P12_ST00127" HPOS="616" VPOS="1672" WIDTH="162" HEIGHT="61" CONTENT="plaisir" WC="0.80" CC="0004016"/>
						<SP ID="P12_SP00106" HPOS="778" VPOS="1733" WIDTH="34"/>
						<String ID="P12_ST00128" HPOS="812" VPOS="1689" WIDTH="95" HEIGHT="44" CONTENT="que" WC="0.57" CC="047"/>
						<SP ID="P12_SP00107" HPOS="907" VPOS="1733" WIDTH="35"/>
						<String ID="P12_ST00129" HPOS="942" VPOS="1672" WIDTH="167" HEIGHT="62" CONTENT="j'aurai" WC="0.74" CC="7206001"/>
						<SP ID="P12_SP00108" HPOS="1109" VPOS="1734" WIDTH="46"/>
						<String ID="P12_ST00130" HPOS="1155" VPOS="1675" WIDTH="27" HEIGHT="44" CONTENT="à" WC="0.47" CC="5"/>
						<SP ID="P12_SP00109" HPOS="1182" VPOS="1734" WIDTH="47"/>
						<String ID="P12_ST00131" HPOS="1229" VPOS="1690" WIDTH="119" HEIGHT="29" CONTENT="vous" WC="1.00" CC="0000"/>
						<SP ID="P12_SP00110" HPOS="1348" VPOS="1734" WIDTH="48"/>
						<String ID="P12_ST00132" HPOS="1396" VPOS="1689" WIDTH="47" HEIGHT="28" CONTENT="re" SUBS_TYPE="HypPart1" SUBS_CONTENT="retrouver" WC="0.85" CC="00"/>
						<HYP HPOS="1443" VPOS="1689" WIDTH="23" CONTENT="-"/>
					</TextLine>
					<TextLine ID="P12_TL00023" HPOS="455" VPOS="1739" WIDTH="426" HEIGHT="49">
						<String ID="P12_ST00133" HPOS="455" VPOS="1750" WIDTH="193" HEIGHT="36" CONTENT="trouver" SUBS_TYPE="HypPart2" SUBS_CONTENT="retrouver" WC="0.66" CC="2036740"/>
						<SP ID="P12_SP00111" HPOS="648" VPOS="1786" WIDTH="35"/>
						<String ID="P12_ST00134" HPOS="683" VPOS="1739" WIDTH="198" HEIGHT="49" CONTENT="bientót." WC="0.70" CC="05003535"/>
					</TextLine>
					<TextLine ID="P12_TL00024" HPOS="526" VPOS="1808" WIDTH="941" HEIGHT="62">
						<String ID="P12_ST00135" HPOS="526" VPOS="1809" WIDTH="69" HEIGHT="44" CONTENT="La" WC="0.68" CC="60"/>
						<SP ID="P12_SP00112" HPOS="595" VPOS="1853" WIDTH="37"/>
						<String ID="P12_ST00136" HPOS="632" VPOS="1808" WIDTH="106" HEIGHT="60" CONTENT="plus" WC="0.99" CC="0200"/>
						<SP ID="P12_SP00113" HPOS="738" VPOS="1868" WIDTH="38"/>
						<String ID="P12_ST00137" HPOS="776" VPOS="1808" WIDTH="206" HEIGHT="46" CONTENT="cordiale" WC="1.00" CC="00003300"/>
						<SP ID="P12_SP00114" HPOS="982" VPOS="1868" WIDTH="36"/>
						<String ID="P12_ST00138" HPOS="1018" VPOS="1810" WIDTH="203" HEIGHT="60" CONTENT="poignée" WC="0.75" CC="0060460"/>
						<SP ID="P12_SP00115" HPOS="1221" VPOS="1870" WIDTH="37"/>
						<String ID="P12_ST00139" HPOS="1258" VPOS="1809" WIDTH="58" HEIGHT="45" CONTENT="de" WC="1.00" CC="00"/>
						<SP ID="P12_SP00116" HPOS="1316" VPOS="1870" WIDTH="26"/>
						<String ID="P12_ST00140" HPOS="1342" VPOS="1809" WIDTH="125" HEIGHT="44" CONTENT="main" WC="0.90" CC="0030"/>
					</TextLine>
					<TextLine ID="P12_TL00025" HPOS="455" VPOS="1875" WIDTH="465" HEIGHT="47">
						<String ID="P12_ST00141" HPOS="455" VPOS="1875" WIDTH="59" HEIGHT="45" CONTENT="de" WC="0.74" CC="05"/>
						<SP ID="P12_SP00117" HPOS="514" VPOS="1920" WIDTH="36"/>
						<String ID="P12_ST00142" HPOS="550" VPOS="1886" WIDTH="136" HEIGHT="35" CONTENT="votre" WC="0.72" CC="90003"/>
						<SP ID="P12_SP00118" HPOS="686" VPOS="1921" WIDTH="37"/>
						<String ID="P12_ST00143" HPOS="723" VPOS="1877" WIDTH="197" HEIGHT="45" CONTENT="dévoué." WC="0.92" CC="0400000"/>
					</TextLine>
					<TextLine ID="P12_TL00026" HPOS="805" VPOS="1968" WIDTH="592" HEIGHT="60">
						<String ID="P12_ST00144" HPOS="805" VPOS="1969" WIDTH="254" HEIGHT="59" CONTENT="Auguste" WC="0.98" CC="4707305" STYLEREFS="TXT_2"/>
						<SP ID="P12_SP00119" HPOS="1059" VPOS="2028" WIDTH="37"/>
						<String ID="P12_ST00145" HPOS="1096" VPOS="1968" WIDTH="301" HEIGHT="48" CONTENT="Dorchain." WC="0.58" CC="126405646" STYLEREFS="TXT_2"/>
					</TextLine>
					<TextLine ID="P12_TL00027" HPOS="456" VPOS="2147" WIDTH="918" HEIGHT="65">
						<String ID="P12_ST00146" HPOS="456" VPOS="2159" WIDTH="259" HEIGHT="53" CONTENT="EDOUARD" WC="0.45" CC="4667056" STYLEREFS="TXT_3"/>
						<SP ID="P12_SP00120" HPOS="715" VPOS="2212" WIDTH="37"/>
						<String ID="P12_ST00147" HPOS="752" VPOS="2147" WIDTH="216" HEIGHT="65" CONTENT="SCHURÉ" WC="0.55" CC="051666" STYLEREFS="TXT_3"/>
						<SP ID="P12_SP00121" HPOS="968" VPOS="2212" WIDTH="34"/>
						<String ID="P12_ST00148" HPOS="1002" VPOS="2175" WIDTH="30" HEIGHT="28" CONTENT="A" WC="0.97" CC="0" STYLEREFS="TXT_3"/>
						<SP ID="P12_SP00122" HPOS="1032" VPOS="2212" WIDTH="42"/>
						<String ID="P12_ST00149" HPOS="1074" VPOS="2159" WIDTH="275" HEIGHT="45" CONTENT="MARINETTI" WC="0.81" CC="030300108" STYLEREFS="TXT_3"/>
						<SP ID="P12_SP00123" HPOS="1349" VPOS="2212" WIDTH="15"/>
						<String ID="P12_ST00150" HPOS="1364" VPOS="2176" WIDTH="10" HEIGHT="29" CONTENT=":" WC="1.00" CC="0" STYLEREFS="TXT_3"/>
					</TextLine>
					<TextLine ID="P12_TL00028" HPOS="590" VPOS="2258" WIDTH="526" HEIGHT="61">
						<String ID="P12_ST00151" HPOS="590" VPOS="2261" WIDTH="117" HEIGHT="46" CONTENT="Mon" WC="0.65" CC="234"/>
						<SP ID="P12_SP00124" HPOS="707" VPOS="2307" WIDTH="37"/>
						<String ID="P12_ST00152" HPOS="744" VPOS="2260" WIDTH="111" HEIGHT="47" CONTENT="cher" WC="0.98" CC="0000"/>
						<SP ID="P12_SP00125" HPOS="855" VPOS="2307" WIDTH="36"/>
						<String ID="P12_ST00153" HPOS="891" VPOS="2258" WIDTH="225" HEIGHT="61" CONTENT="confrère," WC="0.74" CC="043056100"/>
					</TextLine>
					<TextLine ID="P12_TL00029" HPOS="526" VPOS="2351" WIDTH="942" HEIGHT="62">
						<String ID="P12_ST00154" HPOS="526" VPOS="2351" WIDTH="240" HEIGHT="46" CONTENT="Rentrant" WC="0.72" CC="50400272"/>
						<SP ID="P12_SP00126" HPOS="766" VPOS="2397" WIDTH="25"/>
						<String ID="P12_ST00155" HPOS="791" VPOS="2352" WIDTH="27" HEIGHT="43" CONTENT="à" WC="0.40" CC="5"/>
						<SP ID="P12_SP00127" HPOS="818" VPOS="2397" WIDTH="28"/>
						<String ID="P12_ST00156" HPOS="846" VPOS="2351" WIDTH="132" HEIGHT="44" CONTENT="Paris" WC="0.99" CC="00260"/>
						<SP ID="P12_SP00128" HPOS="978" VPOS="2397" WIDTH="25"/>
						<String ID="P12_ST00157" HPOS="1003" VPOS="2351" WIDTH="139" HEIGHT="60" CONTENT="après" WC="0.86" CC="01040"/>
						<SP ID="P12_SP00129" HPOS="1142" VPOS="2411" WIDTH="26"/>
						<String ID="P12_ST00158" HPOS="1168" VPOS="2368" WIDTH="93" HEIGHT="27" CONTENT="une" WC="0.98" CC="140"/>
						<SP ID="P12_SP00130" HPOS="1261" VPOS="2411" WIDTH="30"/>
						<String ID="P12_ST00159" HPOS="1291" VPOS="2351" WIDTH="177" HEIGHT="62" CONTENT="longue" WC="0.60" CC="353630"/>
					</TextLine>
					<TextLine ID="P12_TL00030" HPOS="455" VPOS="2417" WIDTH="1014" HEIGHT="64">
						<String ID="P12_ST00160" HPOS="455" VPOS="2421" WIDTH="215" HEIGHT="52" CONTENT="absence," WC="0.91" CC="20003001"/>
						<SP ID="P12_SP00131" HPOS="670" VPOS="2473" WIDTH="35"/>
						<String ID="P12_ST00161" HPOS="705" VPOS="2417" WIDTH="70" HEIGHT="64" CONTENT="j'y" WC="0.94" CC="010"/>
						<SP ID="P12_SP00132" HPOS="775" VPOS="2481" WIDTH="31"/>
						<String ID="P12_ST00162" HPOS="806" VPOS="2430" WIDTH="168" HEIGHT="35" CONTENT="trouve" WC="0.88" CC="002040"/>
						<SP ID="P12_SP00133" HPOS="974" VPOS="2481" WIDTH="23"/>
						<String ID="P12_ST00163" HPOS="997" VPOS="2435" WIDTH="86" HEIGHT="29" CONTENT="vos" WC="1.00" CC="000"/>
						<SP ID="P12_SP00134" HPOS="1083" VPOS="2481" WIDTH="24"/>
						<String ID="P12_ST00164" HPOS="1107" VPOS="2420" WIDTH="126" HEIGHT="45" CONTENT="deux" WC="0.86" CC="5000"/>
						<SP ID="P12_SP00135" HPOS="1233" VPOS="2481" WIDTH="25"/>
						<String ID="P12_ST00165" HPOS="1258" VPOS="2420" WIDTH="211" HEIGHT="45" CONTENT="volumes" WC="0.71" CC="2044602"/>
					</TextLine>
					<TextLine ID="P12_TL00031" HPOS="455" VPOS="2487" WIDTH="1013" HEIGHT="58">
						<String ID="P12_ST00166" HPOS="455" VPOS="2497" WIDTH="48" HEIGHT="36" CONTENT="et" WC="0.73" CC="05"/>
						<SP ID="P12_SP00136" HPOS="503" VPOS="2533" WIDTH="35"/>
						<String ID="P12_ST00167" HPOS="538" VPOS="2502" WIDTH="122" HEIGHT="31" CONTENT="vous" WC="0.96" CC="0010"/>
						<SP ID="P12_SP00137" HPOS="660" VPOS="2533" WIDTH="52"/>
						<String ID="P12_ST00168" HPOS="712" VPOS="2487" WIDTH="239" HEIGHT="46" CONTENT="demande" WC="0.96" CC="0000200"/>
						<SP ID="P12_SP00138" HPOS="951" VPOS="2533" WIDTH="52"/>
						<String ID="P12_ST00169" HPOS="1003" VPOS="2488" WIDTH="182" HEIGHT="57" CONTENT="pardon" WC="0.99" CC="001603"/>
						<SP ID="P12_SP00139" HPOS="1185" VPOS="2545" WIDTH="53"/>
						<String ID="P12_ST00170" HPOS="1238" VPOS="2487" WIDTH="59" HEIGHT="44" CONTENT="de" WC="0.94" CC="01"/>
						<SP ID="P12_SP00140" HPOS="1297" VPOS="2545" WIDTH="52"/>
						<String ID="P12_ST00171" HPOS="1349" VPOS="2503" WIDTH="119" HEIGHT="30" CONTENT="vous" WC="0.93" CC="0020"/>
					</TextLine>
					<TextLine ID="P12_TL00032" HPOS="453" VPOS="2553" WIDTH="1014" HEIGHT="62">
						<String ID="P12_ST00172" HPOS="453" VPOS="2572" WIDTH="60" HEIGHT="29" CONTENT="en" WC="0.84" CC="03"/>
						<SP ID="P12_SP00141" HPOS="513" VPOS="2601" WIDTH="37"/>
						<String ID="P12_ST00173" HPOS="550" VPOS="2555" WIDTH="251" HEIGHT="46" CONTENT="remercier" WC="0.93" CC="100000400"/>
						<SP ID="P12_SP00142" HPOS="801" VPOS="2601" WIDTH="51"/>
						<String ID="P12_ST00174" HPOS="852" VPOS="2555" WIDTH="38" HEIGHT="45" CONTENT="si" WC="0.68" CC="06"/>
						<SP ID="P12_SP00143" HPOS="890" VPOS="2601" WIDTH="48"/>
						<String ID="P12_ST00175" HPOS="938" VPOS="2554" WIDTH="121" HEIGHT="48" CONTENT="tard." WC="1.00" CC="00000"/>
						<SP ID="P12_SP00144" HPOS="1059" VPOS="2602" WIDTH="48"/>
						<String ID="P12_ST00176" HPOS="1107" VPOS="2553" WIDTH="89" HEIGHT="62" CONTENT="J'ai" WC="0.81" CC="4003" STYLEREFS="TXT_3"/>
						<SP ID="P12_SP00145" HPOS="1196" VPOS="2615" WIDTH="55"/>
						<String ID="P12_ST00177" HPOS="1251" VPOS="2555" WIDTH="46" HEIGHT="45" CONTENT="lu" WC="0.69" CC="60"/>
						<SP ID="P12_SP00146" HPOS="1297" VPOS="2615" WIDTH="57"/>
						<String ID="P12_ST00178" HPOS="1354" VPOS="2553" WIDTH="113" HEIGHT="57" CONTENT="d[un" WC="0.55" CC="0844"/>
					</TextLine>
					<TextLine ID="P12_TL00033" HPOS="455" VPOS="2623" WIDTH="1010" HEIGHT="45">
						<String ID="P12_ST00179" HPOS="455" VPOS="2624" WIDTH="109" HEIGHT="44" CONTENT="trait" WC="0.88" CC="00060"/>
						<SP ID="P12_SP00147" HPOS="564" VPOS="2668" WIDTH="34"/>
						<String ID="P12_ST00180" HPOS="598" VPOS="2634" WIDTH="135" HEIGHT="34" CONTENT="votre" WC="0.92" CC="00040"/>
						<SP ID="P12_SP00148" HPOS="733" VPOS="2668" WIDTH="38"/>
						<String ID="P12_ST00181" HPOS="771" VPOS="2623" WIDTH="397" HEIGHT="45" CONTENT="fantaisie-bouffe" WC="0.84" CC="4043030110300000"/>
						<SP ID="P12_SP00149" HPOS="1168" VPOS="2668" WIDTH="36"/>
						<String ID="P12_ST00182" HPOS="1204" VPOS="2623" WIDTH="96" HEIGHT="45" CONTENT="très" WC="0.81" CC="0160"/>
						<SP ID="P12_SP00150" HPOS="1300" VPOS="2668" WIDTH="36"/>
						<String ID="P12_ST00183" HPOS="1336" VPOS="2639" WIDTH="97" HEIGHT="29" CONTENT="amu" SUBS_TYPE="HypPart1" SUBS_CONTENT="amusante" WC="0.99" CC="400"/>
						<HYP HPOS="1433" VPOS="2639" WIDTH="32" CONTENT="-"/>
					</TextLine>
					<TextLine ID="P12_TL00034" HPOS="453" VPOS="2689" WIDTH="628" HEIGHT="48">
						<String ID="P12_ST00184" HPOS="453" VPOS="2700" WIDTH="135" HEIGHT="37" CONTENT="sante" SUBS_TYPE="HypPart2" SUBS_CONTENT="amusante" WC="0.98" CC="04750"/>
						<SP ID="P12_SP00151" HPOS="588" VPOS="2737" WIDTH="37"/>
						<String ID="P12_ST00185" HPOS="625" VPOS="2707" WIDTH="82" HEIGHT="29" CONTENT="sur" WC="0.99" CC="002"/>
						<SP ID="P12_SP00152" HPOS="707" VPOS="2737" WIDTH="36"/>
						<String ID="P12_ST00186" HPOS="743" VPOS="2689" WIDTH="338" HEIGHT="47" CONTENT="D'Annunzio." WC="0.99" CC="52031005500"/>
					</TextLine>
					<TextLine ID="P12_TL00035" HPOS="524" VPOS="2757" WIDTH="941" HEIGHT="61">
						<String ID="P12_ST00187" HPOS="524" VPOS="2757" WIDTH="154" HEIGHT="47" CONTENT="Satire" WC="0.99" CC="060700"/>
						<SP ID="P12_SP00153" HPOS="678" VPOS="2804" WIDTH="36"/>
						<String ID="P12_ST00188" HPOS="714" VPOS="2775" WIDTH="61" HEIGHT="29" CONTENT="ou" WC="0.86" CC="20"/>
						<SP ID="P12_SP00154" HPOS="775" VPOS="2804" WIDTH="48"/>
						<String ID="P12_ST00189" HPOS="823" VPOS="2757" WIDTH="256" HEIGHT="61" CONTENT="apologie?" WC="0.99" CC="003037003"/>
						<SP ID="P12_SP00155" HPOS="1079" VPOS="2818" WIDTH="51"/>
						<String ID="P12_ST00190" HPOS="1130" VPOS="2759" WIDTH="78" HEIGHT="45" CONTENT="On" WC="1.00" CC="00"/>
						<SP ID="P12_SP00156" HPOS="1208" VPOS="2818" WIDTH="48"/>
						<String ID="P12_ST00191" HPOS="1256" VPOS="2775" WIDTH="58" HEIGHT="28" CONTENT="ne" WC="0.75" CC="50"/>
						<SP ID="P12_SP00157" HPOS="1314" VPOS="2818" WIDTH="49"/>
						<String ID="P12_ST00192" HPOS="1363" VPOS="2759" WIDTH="102" HEIGHT="53" CONTENT="sait," WC="0.87" CC="00600"/>
					</TextLine>
					<TextLine ID="P12_TL00036" HPOS="455" VPOS="2827" WIDTH="1013" HEIGHT="60">
						<String ID="P12_ST00193" HPOS="455" VPOS="2827" WIDTH="242" HEIGHT="46" CONTENT="tellement" WC="0.86" CC="002303020"/>
						<SP ID="P12_SP00158" HPOS="697" VPOS="2873" WIDTH="50"/>
						<String ID="P12_ST00194" HPOS="747" VPOS="2827" WIDTH="45" HEIGHT="46" CONTENT="la" WC="0.64" CC="70"/>
						<SP ID="P12_SP00159" HPOS="792" VPOS="2873" WIDTH="55"/>
						<String ID="P12_ST00195" HPOS="847" VPOS="2827" WIDTH="164" HEIGHT="46" CONTENT="malice" WC="0.90" CC="000600"/>
						<SP ID="P12_SP00160" HPOS="1011" VPOS="2873" WIDTH="52"/>
						<String ID="P12_ST00196" HPOS="1063" VPOS="2837" WIDTH="279" HEIGHT="50" CONTENT="penetrante" WC="0.99" CC="0060030640"/>
						<SP ID="P12_SP00161" HPOS="1342" VPOS="2887" WIDTH="55"/>
						<String ID="P12_ST00197" HPOS="1397" VPOS="2827" WIDTH="71" HEIGHT="60" CONTENT="s'y" WC="1.00" CC="000"/>
					</TextLine>
					<TextLine ID="P12_TL00037" HPOS="455" VPOS="2892" WIDTH="1012" HEIGHT="51">
						<String ID="P12_ST00198" HPOS="455" VPOS="2892" WIDTH="121" HEIGHT="48" CONTENT="mèle" WC="0.97" CC="0722"/>
						<SP ID="P12_SP00162" HPOS="576" VPOS="2940" WIDTH="36"/>
						<String ID="P12_ST00199" HPOS="612" VPOS="2897" WIDTH="28" HEIGHT="43" CONTENT="à" WC="1.00" CC="0"/>
						<SP ID="P12_SP00163" HPOS="640" VPOS="2940" WIDTH="35"/>
						<String ID="P12_ST00200" HPOS="675" VPOS="2911" WIDTH="94" HEIGHT="29" CONTENT="une" WC="1.00" CC="010"/>
						<SP ID="P12_SP00164" HPOS="769" VPOS="2940" WIDTH="44"/>
						<String ID="P12_ST00201" HPOS="813" VPOS="2896" WIDTH="279" HEIGHT="46" CONTENT="admiration" WC="0.90" CC="0050000003"/>
						<SP ID="P12_SP00165" HPOS="1092" VPOS="2942" WIDTH="51"/>
						<String ID="P12_ST00202" HPOS="1143" VPOS="2893" WIDTH="197" HEIGHT="50" CONTENT="sincère." WC="0.99" CC="67007301"/>
						<SP ID="P12_SP00166" HPOS="1340" VPOS="2943" WIDTH="51"/>
						<String ID="P12_ST00203" HPOS="1391" VPOS="2895" WIDTH="76" HEIGHT="45" CONTENT="En" WC="1.00" CC="00"/>
					</TextLine>
					<TextLine ID="P12_TL00038" HPOS="453" VPOS="2959" WIDTH="1015" HEIGHT="65">
						<String ID="P12_ST00204" HPOS="453" VPOS="2972" WIDTH="104" HEIGHT="36" CONTENT="tout" WC="0.89" CC="0400"/>
						<SP ID="P12_SP00167" HPOS="557" VPOS="3008" WIDTH="58"/>
						<String ID="P12_ST00205" HPOS="615" VPOS="2978" WIDTH="91" HEIGHT="40" CONTENT="cas," WC="0.86" CC="5000"/>
						<SP ID="P12_SP00168" HPOS="706" VPOS="3018" WIDTH="61"/>
						<String ID="P12_ST00206" HPOS="767" VPOS="2962" WIDTH="117" HEIGHT="47" CONTENT="c'est" WC="1.00" CC="00000"/>
						<SP ID="P12_SP00169" HPOS="884" VPOS="3018" WIDTH="58"/>
						<String ID="P12_ST00207" HPOS="942" VPOS="2978" WIDTH="65" HEIGHT="31" CONTENT="un" WC="1.00" CC="00"/>
						<SP ID="P12_SP00170" HPOS="1007" VPOS="3018" WIDTH="60"/>
						<String ID="P12_ST00208" HPOS="1067" VPOS="2963" WIDTH="198" HEIGHT="61" CONTENT="portrait" WC="0.74" CC="03001545"/>
						<SP ID="P12_SP00171" HPOS="1265" VPOS="3024" WIDTH="58"/>
						<String ID="P12_ST00209" HPOS="1323" VPOS="2959" WIDTH="145" HEIGHT="50" CONTENT="d'une" WC="0.99" CC="03050"/>
					</TextLine>
					<TextLine ID="P12_TL00039" HPOS="455" VPOS="3029" WIDTH="572" HEIGHT="47">
						<String ID="P12_ST00210" HPOS="455" VPOS="3029" WIDTH="345" HEIGHT="47" CONTENT="ressemblance" WC="0.85" CC="300004000800"/>
						<SP ID="P12_SP00172" HPOS="800" VPOS="3076" WIDTH="36"/>
						<String ID="P12_ST00211" HPOS="836" VPOS="3030" WIDTH="191" HEIGHT="46" CONTENT="criante." WC="0.91" CC="00500000"/>
					</TextLine>
					<TextLine ID="P12_TL00040" HPOS="518" VPOS="3098" WIDTH="951" HEIGHT="62">
						<String ID="P12_ST00212" HPOS="518" VPOS="3099" WIDTH="50" HEIGHT="58" CONTENT="Je" WC="0.74" CC="50"/>
						<SP ID="P12_SP00173" HPOS="568" VPOS="3157" WIDTH="38"/>
						<String ID="P12_ST00213" HPOS="606" VPOS="3098" WIDTH="92" HEIGHT="45" CONTENT="n'ai" WC="0.71" CC="0207"/>
						<SP ID="P12_SP00174" HPOS="698" VPOS="3157" WIDTH="37"/>
						<String ID="P12_ST00214" HPOS="735" VPOS="3098" WIDTH="85" HEIGHT="45" CONTENT="fait" WC="0.68" CC="4051"/>
						<SP ID="P12_SP00175" HPOS="820" VPOS="3157" WIDTH="51"/>
						<String ID="P12_ST00215" HPOS="871" VPOS="3116" WIDTH="170" HEIGHT="29" CONTENT="encore" WC="0.98" CC="000010"/>
						<SP ID="P12_SP00176" HPOS="1041" VPOS="3157" WIDTH="47"/>
						<String ID="P12_ST00216" HPOS="1088" VPOS="3116" WIDTH="93" HEIGHT="44" CONTENT="que" WC="0.96" CC="000"/>
						<SP ID="P12_SP00177" HPOS="1181" VPOS="3160" WIDTH="46"/>
						<String ID="P12_ST00217" HPOS="1227" VPOS="3098" WIDTH="242" HEIGHT="62" CONTENT="parcourir" WC="0.73" CC="794000030"/>
					</TextLine>
					<TextLine ID="P12_TL00041" HPOS="453" VPOS="3157" WIDTH="1015" HEIGHT="69">
						<String ID="P12_ST00218" HPOS="453" VPOS="3180" WIDTH="89" HEIGHT="31" CONTENT="vos" WC="0.81" CC="050"/>
						<SP ID="P12_SP00178" HPOS="542" VPOS="3211" WIDTH="37"/>
						<String ID="P12_ST00219" HPOS="579" VPOS="3182" WIDTH="109" HEIGHT="29" CONTENT="vers" WC="0.98" CC="0000"/>
						<SP ID="P12_SP00179" HPOS="688" VPOS="3211" WIDTH="36"/>
						<String ID="P12_ST00220" HPOS="724" VPOS="3166" WIDTH="352" HEIGHT="60" CONTENT="remarquables" WC="0.85" CC="400002410110"/>
						<SP ID="P12_SP00180" HPOS="1076" VPOS="3226" WIDTH="25"/>
						<String ID="P12_ST00221" HPOS="1101" VPOS="3157" WIDTH="117" HEIGHT="55" CONTENT="dont" WC="0.71" CC="9010"/>
						<SP ID="P12_SP00181" HPOS="1218" VPOS="3226" WIDTH="24"/>
						<String ID="P12_ST00222" HPOS="1242" VPOS="3165" WIDTH="201" HEIGHT="60" CONTENT="l'impres" SUBS_TYPE="HypPart1" SUBS_CONTENT="l'impressionnisme" WC="0.83" CC="44410000"/>
						<HYP HPOS="1443" VPOS="3165" WIDTH="25" CONTENT="-"/>
					</TextLine>
					<TextLine ID="P12_TL00042" HPOS="455" VPOS="3234" WIDTH="1013" HEIGHT="47">
						<String ID="P12_ST00223" HPOS="455" VPOS="3234" WIDTH="261" HEIGHT="45" CONTENT="sionnisme" SUBS_TYPE="HypPart2" SUBS_CONTENT="l'impressionnisme" WC="0.71" CC="063226220"/>
						<SP ID="P12_SP00182" HPOS="716" VPOS="3279" WIDTH="47"/>
						<String ID="P12_ST00224" HPOS="763" VPOS="3234" WIDTH="379" HEIGHT="47" CONTENT="tourbillonnant" WC="0.72" CC="05000535072061"/>
						<SP ID="P12_SP00183" HPOS="1142" VPOS="3281" WIDTH="47"/>
						<String ID="P12_ST00225" HPOS="1189" VPOS="3251" WIDTH="75" HEIGHT="30" CONTENT="me" WC="1.00" CC="00"/>
						<SP ID="P12_SP00184" HPOS="1264" VPOS="3281" WIDTH="46"/>
						<String ID="P12_ST00226" HPOS="1310" VPOS="3235" WIDTH="158" HEIGHT="46" CONTENT="donne" WC="0.99" CC="00220"/>
					</TextLine>
					<TextLine ID="P12_TL00043" HPOS="453" VPOS="3300" WIDTH="1014" HEIGHT="62">
						<String ID="P12_ST00227" HPOS="453" VPOS="3301" WIDTH="43" HEIGHT="46" CONTENT="le" WC="0.94" CC="10"/>
						<SP ID="P12_SP00185" HPOS="496" VPOS="3347" WIDTH="54"/>
						<String ID="P12_ST00228" HPOS="550" VPOS="3301" WIDTH="194" HEIGHT="61" CONTENT="vertige," WC="0.77" CC="00007604"/>
						<SP ID="P12_SP00186" HPOS="744" VPOS="3362" WIDTH="62"/>
						<String ID="P12_ST00229" HPOS="806" VPOS="3303" WIDTH="118" HEIGHT="45" CONTENT="mais" WC="0.97" CC="0750"/>
						<SP ID="P12_SP00187" HPOS="924" VPOS="3362" WIDTH="58"/>
						<String ID="P12_ST00230" HPOS="982" VPOS="3302" WIDTH="118" HEIGHT="46" CONTENT="dont" WC="0.76" CC="0054"/>
						<SP ID="P12_SP00188" HPOS="1100" VPOS="3362" WIDTH="49"/>
						<String ID="P12_ST00231" HPOS="1149" VPOS="3300" WIDTH="222" HEIGHT="62" CONTENT="j'admire" WC="0.88" CC="04000400"/>
						<SP ID="P12_SP00189" HPOS="1371" VPOS="3362" WIDTH="53"/>
						<String ID="P12_ST00232" HPOS="1424" VPOS="3302" WIDTH="43" HEIGHT="47" CONTENT="le" WC="0.93" CC="10"/>
					</TextLine>
				</TextBlock>
				<TextBlock ID="P12_TB00003" HPOS="1565" VPOS="310" WIDTH="1025" HEIGHT="3040" STYLEREFS="TXT_4 PAR_LEFT">
					<TextLine ID="P12_TL00044" HPOS="1573" VPOS="310" WIDTH="1013" HEIGHT="60">
						<String ID="P12_ST00233" HPOS="1573" VPOS="310" WIDTH="137" HEIGHT="45" CONTENT="relief" WC="0.68" CC="007506"/>
						<SP ID="P12_SP00190" HPOS="1710" VPOS="355" WIDTH="28"/>
						<String ID="P12_ST00234" HPOS="1738" VPOS="319" WIDTH="49" HEIGHT="36" CONTENT="et" WC="0.72" CC="31"/>
						<SP ID="P12_SP00191" HPOS="1787" VPOS="355" WIDTH="47"/>
						<String ID="P12_ST00235" HPOS="1834" VPOS="310" WIDTH="45" HEIGHT="45" CONTENT="la" WC="0.81" CC="30"/>
						<SP ID="P12_SP00192" HPOS="1879" VPOS="355" WIDTH="45"/>
						<String ID="P12_ST00236" HPOS="1924" VPOS="310" WIDTH="248" HEIGHT="60" CONTENT="puissance" WC="0.90" CC="200000600"/>
						<SP ID="P12_SP00193" HPOS="2172" VPOS="370" WIDTH="47"/>
						<String ID="P12_ST00237" HPOS="2219" VPOS="310" WIDTH="367" HEIGHT="45" CONTENT="sensationnelle" WC="0.98" CC="00000001000001"/>
					</TextLine>
					<TextLine ID="P12_TL00045" HPOS="1573" VPOS="376" WIDTH="417" HEIGHT="61">
						<String ID="P12_ST00238" HPOS="1573" VPOS="377" WIDTH="59" HEIGHT="46" CONTENT="de" WC="1.00" CC="00"/>
						<SP ID="P12_SP00194" HPOS="1632" VPOS="423" WIDTH="34"/>
						<String ID="P12_ST00239" HPOS="1666" VPOS="376" WIDTH="324" HEIGHT="61" CONTENT="l'expression." WC="0.91" CC="3000200004000"/>
					</TextLine>
					<TextLine ID="P12_TL00046" HPOS="1640" VPOS="445" WIDTH="946" HEIGHT="47">
						<String ID="P12_ST00240" HPOS="1640" VPOS="446" WIDTH="101" HEIGHT="46" CONTENT="Vifs" WC="0.80" CC="0520"/>
						<SP ID="P12_SP00195" HPOS="1741" VPOS="492" WIDTH="59"/>
						<String ID="P12_ST00241" HPOS="1800" VPOS="446" WIDTH="382" HEIGHT="46" CONTENT="remerciements" WC="0.89" CC="0000206010300"/>
						<SP ID="P12_SP00196" HPOS="2182" VPOS="492" WIDTH="59"/>
						<String ID="P12_ST00242" HPOS="2241" VPOS="455" WIDTH="48" HEIGHT="36" CONTENT="et" WC="1.00" CC="00"/>
						<SP ID="P12_SP00197" HPOS="2289" VPOS="492" WIDTH="65"/>
						<String ID="P12_ST00243" HPOS="2354" VPOS="445" WIDTH="232" HEIGHT="47" CONTENT="cordiales" WC="0.86" CC="010600102"/>
					</TextLine>
					<TextLine ID="P12_TL00047" HPOS="1573" VPOS="513" WIDTH="313" HEIGHT="49">
						<String ID="P12_ST00244" HPOS="1573" VPOS="513" WIDTH="313" HEIGHT="49" CONTENT="félicitations." WC="0.75" CC="42060500050602"/>
					</TextLine>
					<TextLine ID="P12_TL00048" HPOS="1980" VPOS="582" WIDTH="531" HEIGHT="60">
						<String ID="P12_ST00245" HPOS="1980" VPOS="582" WIDTH="264" HEIGHT="60" CONTENT="Édouard" WC="0.58" CC="4304951" STYLEREFS="TXT_2"/>
						<SP ID="P12_SP00198" HPOS="2244" VPOS="642" WIDTH="32"/>
						<String ID="P12_ST00246" HPOS="2276" VPOS="593" WIDTH="235" HEIGHT="47" CONTENT="Schuré." WC="0.64" CC="1114456" STYLEREFS="TXT_2"/>
					</TextLine>
					<TextLine ID="P12_TL00049" HPOS="1574" VPOS="728" WIDTH="853" HEIGHT="63">
						<String ID="P12_ST00247" HPOS="1574" VPOS="728" WIDTH="213" HEIGHT="60" CONTENT="HÉLÈNE" WC="0.59" CC="553431" STYLEREFS="TXT_3"/>
						<SP ID="P12_SP00199" HPOS="1787" VPOS="788" WIDTH="38"/>
						<String ID="P12_ST00248" HPOS="1825" VPOS="739" WIDTH="200" HEIGHT="52" CONTENT="PICARD" WC="0.98" CC="067152" STYLEREFS="TXT_3"/>
						<SP ID="P12_SP00200" HPOS="2025" VPOS="791" WIDTH="36"/>
						<String ID="P12_ST00249" HPOS="2061" VPOS="756" WIDTH="30" HEIGHT="29" CONTENT="A" WC="1.00" CC="0" STYLEREFS="TXT_3"/>
						<SP ID="P12_SP00201" HPOS="2091" VPOS="791" WIDTH="39"/>
						<String ID="P12_ST00250" HPOS="2130" VPOS="741" WIDTH="272" HEIGHT="44" CONTENT="MARINETTI" WC="0.84" CC="005002401" STYLEREFS="TXT_3"/>
						<SP ID="P12_SP00202" HPOS="2402" VPOS="791" WIDTH="17"/>
						<String ID="P12_ST00251" HPOS="2419" VPOS="757" WIDTH="8" HEIGHT="27" CONTENT=":" WC="0.51" CC="4" STYLEREFS="TXT_3"/>
					</TextLine>
					<TextLine ID="P12_TL00050" HPOS="1709" VPOS="831" WIDTH="876" HEIGHT="61">
						<String ID="P12_ST00252" HPOS="1709" VPOS="831" WIDTH="248" HEIGHT="46" CONTENT="Monsieur" WC="0.82" CC="00201071"/>
						<SP ID="P12_SP00203" HPOS="1957" VPOS="877" WIDTH="37"/>
						<String ID="P12_ST00253" HPOS="1994" VPOS="841" WIDTH="47" HEIGHT="35" CONTENT="et" WC="0.90" CC="02"/>
						<SP ID="P12_SP00204" HPOS="2041" VPOS="877" WIDTH="36"/>
						<String ID="P12_ST00254" HPOS="2077" VPOS="832" WIDTH="110" HEIGHT="44" CONTENT="cher" WC="0.67" CC="3630"/>
						<SP ID="P12_SP00205" HPOS="2187" VPOS="877" WIDTH="41"/>
						<String ID="P12_ST00255" HPOS="2228" VPOS="831" WIDTH="157" HEIGHT="60" CONTENT="grand" WC="0.97" CC="93640"/>
						<SP ID="P12_SP00206" HPOS="2385" VPOS="891" WIDTH="44"/>
						<String ID="P12_ST00256" HPOS="2429" VPOS="831" WIDTH="156" HEIGHT="61" CONTENT="poète," WC="0.85" CC="004004"/>
					</TextLine>
					<TextLine ID="P12_TL00051" HPOS="1642" VPOS="909" WIDTH="947" HEIGHT="63">
						<String ID="P12_ST00257" HPOS="1642" VPOS="912" WIDTH="232" HEIGHT="45" CONTENT="Combien" WC="0.83" CC="0000532"/>
						<SP ID="P12_SP00207" HPOS="1874" VPOS="957" WIDTH="43"/>
						<String ID="P12_ST00258" HPOS="1917" VPOS="912" WIDTH="50" HEIGHT="60" CONTENT="je" WC="0.84" CC="11"/>
						<SP ID="P12_SP00208" HPOS="1967" VPOS="972" WIDTH="42"/>
						<String ID="P12_ST00259" HPOS="2009" VPOS="912" WIDTH="95" HEIGHT="44" CONTENT="suis" WC="0.63" CC="0670"/>
						<SP ID="P12_SP00209" HPOS="2104" VPOS="972" WIDTH="43"/>
						<String ID="P12_ST00260" HPOS="2147" VPOS="909" WIDTH="139" HEIGHT="47" CONTENT="émue" WC="0.41" CC="5664"/>
						<SP ID="P12_SP00210" HPOS="2286" VPOS="972" WIDTH="49"/>
						<String ID="P12_ST00261" HPOS="2335" VPOS="928" WIDTH="84" HEIGHT="43" CONTENT="par" WC="0.95" CC="670"/>
						<SP ID="P12_SP00211" HPOS="2419" VPOS="972" WIDTH="36"/>
						<String ID="P12_ST00262" HPOS="2455" VPOS="922" WIDTH="134" HEIGHT="34" CONTENT="votre" WC="0.76" CC="00326"/>
					</TextLine>
					<TextLine ID="P12_TL00052" HPOS="1571" VPOS="979" WIDTH="1018" HEIGHT="60">
						<String ID="P12_ST00263" HPOS="1571" VPOS="979" WIDTH="290" HEIGHT="60" CONTENT="sympathie!" WC="0.70" CC="0000573444"/>
						<SP ID="P12_SP00212" HPOS="1861" VPOS="1039" WIDTH="39"/>
						<String ID="P12_ST00264" HPOS="1900" VPOS="980" WIDTH="53" HEIGHT="59" CONTENT="Je" WC="0.54" CC="44"/>
						<SP ID="P12_SP00213" HPOS="1953" VPOS="1039" WIDTH="36"/>
						<String ID="P12_ST00265" HPOS="1989" VPOS="997" WIDTH="118" HEIGHT="27" CONTENT="vous" WC="0.79" CC="0160"/>
						<SP ID="P12_SP00214" HPOS="2107" VPOS="1039" WIDTH="36"/>
						<String ID="P12_ST00266" HPOS="2143" VPOS="979" WIDTH="100" HEIGHT="60" CONTENT="prie" WC="0.99" CC="0060"/>
						<SP ID="P12_SP00215" HPOS="2243" VPOS="1039" WIDTH="38"/>
						<String ID="P12_ST00267" HPOS="2281" VPOS="980" WIDTH="58" HEIGHT="44" CONTENT="de" WC="0.69" CC="06"/>
						<SP ID="P12_SP00216" HPOS="2339" VPOS="1039" WIDTH="37"/>
						<String ID="P12_ST00268" HPOS="2376" VPOS="980" WIDTH="150" HEIGHT="45" CONTENT="croire" WC="0.94" CC="000300"/>
						<SP ID="P12_SP00217" HPOS="2526" VPOS="1039" WIDTH="36"/>
						<String ID="P12_ST00269" HPOS="2562" VPOS="982" WIDTH="27" HEIGHT="43" CONTENT="à" WC="0.02" CC="9"/>
					</TextLine>
					<TextLine ID="P12_TL00053" HPOS="1572" VPOS="1047" WIDTH="1018" HEIGHT="61">
						<String ID="P12_ST00270" HPOS="1572" VPOS="1058" WIDTH="130" HEIGHT="35" CONTENT="toute" WC="0.59" CC="60533"/>
						<SP ID="P12_SP00218" HPOS="1702" VPOS="1093" WIDTH="37"/>
						<String ID="P12_ST00271" HPOS="1739" VPOS="1048" WIDTH="43" HEIGHT="44" CONTENT="la" WC="0.26" CC="59"/>
						<SP ID="P12_SP00219" HPOS="1782" VPOS="1093" WIDTH="39"/>
						<String ID="P12_ST00272" HPOS="1821" VPOS="1049" WIDTH="201" HEIGHT="46" CONTENT="mienne," WC="0.64" CC="0405707"/>
						<SP ID="P12_SP00220" HPOS="2022" VPOS="1095" WIDTH="50"/>
						<String ID="P12_ST00273" HPOS="2072" VPOS="1047" WIDTH="131" HEIGHT="45" CONTENT="C'est" WC="0.89" CC="04001"/>
						<SP ID="P12_SP00221" HPOS="2203" VPOS="1095" WIDTH="38"/>
						<String ID="P12_ST00274" HPOS="2241" VPOS="1049" WIDTH="91" HEIGHT="43" CONTENT="moi" WC="0.55" CC="165"/>
						<SP ID="P12_SP00222" HPOS="2332" VPOS="1095" WIDTH="44"/>
						<String ID="P12_ST00275" HPOS="2376" VPOS="1048" WIDTH="80" HEIGHT="60" CONTENT="qui" WC="0.96" CC="055"/>
						<SP ID="P12_SP00223" HPOS="2456" VPOS="1108" WIDTH="38"/>
						<String ID="P12_ST00276" HPOS="2494" VPOS="1049" WIDTH="96" HEIGHT="43" CONTENT="suis" WC="0.74" CC="0550"/>
					</TextLine>
					<TextLine ID="P12_TL00054" HPOS="1573" VPOS="1117" WIDTH="701" HEIGHT="45">
						<String ID="P12_ST00277" HPOS="1573" VPOS="1117" WIDTH="92" HEIGHT="45" CONTENT="fort" WC="0.91" CC="0001"/>
						<SP ID="P12_SP00224" HPOS="1665" VPOS="1162" WIDTH="36"/>
						<String ID="P12_ST00278" HPOS="1701" VPOS="1132" WIDTH="57" HEIGHT="28" CONTENT="en" WC="0.60" CC="07"/>
						<SP ID="P12_SP00225" HPOS="1758" VPOS="1162" WIDTH="39"/>
						<String ID="P12_ST00279" HPOS="1797" VPOS="1117" WIDTH="158" HEIGHT="43" CONTENT="retard" WC="0.88" CC="303000"/>
						<SP ID="P12_SP00226" HPOS="1955" VPOS="1162" WIDTH="37"/>
						<String ID="P12_ST00280" HPOS="1992" VPOS="1132" WIDTH="115" HEIGHT="28" CONTENT="avec" WC="0.88" CC="4000"/>
						<SP ID="P12_SP00227" HPOS="2107" VPOS="1162" WIDTH="36"/>
						<String ID="P12_ST00281" HPOS="2143" VPOS="1132" WIDTH="131" HEIGHT="28" CONTENT="vous." WC="0.91" CC="00004"/>
					</TextLine>
					<TextLine ID="P12_TL00055" HPOS="1640" VPOS="1183" WIDTH="949" HEIGHT="47">
						<String ID="P12_ST00282" HPOS="1640" VPOS="1184" WIDTH="150" HEIGHT="46" CONTENT="Votre" WC="0.88" CC="00600"/>
						<SP ID="P12_SP00228" HPOS="1790" VPOS="1230" WIDTH="47"/>
						<String ID="P12_ST00283" HPOS="1837" VPOS="1184" WIDTH="97" HEIGHT="44" CONTENT="Roi" WC="0.76" CC="051" STYLEREFS="TXT_5"/>
						<SP ID="P12_SP00229" HPOS="1934" VPOS="1230" WIDTH="32"/>
						<String ID="P12_ST00284" HPOS="1966" VPOS="1184" WIDTH="253" HEIGHT="44" CONTENT="Bombance" WC="0.47" CC="05458367" STYLEREFS="TXT_5"/>
						<SP ID="P12_SP00230" HPOS="2219" VPOS="1230" WIDTH="54"/>
						<String ID="P12_ST00285" HPOS="2273" VPOS="1195" WIDTH="72" HEIGHT="33" CONTENT="est" WC="0.97" CC="006"/>
						<SP ID="P12_SP00231" HPOS="2345" VPOS="1230" WIDTH="47"/>
						<String ID="P12_ST00286" HPOS="2392" VPOS="1183" WIDTH="197" HEIGHT="46" CONTENT="l'oeuvre" WC="0.98" CC="74679000"/>
					</TextLine>
					<TextLine ID="P12_TL00056" HPOS="1571" VPOS="1251" WIDTH="1018" HEIGHT="61">
						<String ID="P12_ST00287" HPOS="1571" VPOS="1252" WIDTH="45" HEIGHT="44" CONTENT="la" WC="0.85" CC="20"/>
						<SP ID="P12_SP00232" HPOS="1616" VPOS="1296" WIDTH="24"/>
						<String ID="P12_ST00288" HPOS="1640" VPOS="1252" WIDTH="105" HEIGHT="60" CONTENT="plus" WC="1.00" CC="0000"/>
						<SP ID="P12_SP00233" HPOS="1745" VPOS="1312" WIDTH="37"/>
						<String ID="P12_ST00289" HPOS="1782" VPOS="1252" WIDTH="425" HEIGHT="60" CONTENT="magnifiquement" WC="0.81" CC="00083330100060"/>
						<SP ID="P12_SP00234" HPOS="2207" VPOS="1312" WIDTH="36"/>
						<String ID="P12_ST00290" HPOS="2243" VPOS="1251" WIDTH="273" HEIGHT="54" CONTENT="étonnante," WC="0.61" CC="5807602303"/>
						<SP ID="P12_SP00235" HPOS="2516" VPOS="1312" WIDTH="29"/>
						<String ID="P12_ST00291" HPOS="2545" VPOS="1253" WIDTH="44" HEIGHT="43" CONTENT="la" WC="0.55" CC="08"/>
					</TextLine>
					<TextLine ID="P12_TL00057" HPOS="1571" VPOS="1319" WIDTH="1018" HEIGHT="62">
						<String ID="P12_ST00292" HPOS="1571" VPOS="1320" WIDTH="106" HEIGHT="59" CONTENT="plus" WC="1.00" CC="0000"/>
						<SP ID="P12_SP00236" HPOS="1677" VPOS="1379" WIDTH="36"/>
						<String ID="P12_ST00293" HPOS="1713" VPOS="1331" WIDTH="439" HEIGHT="47" CONTENT="somptueusement" WC="0.86" CC="00405000003006"/>
						<SP ID="P12_SP00237" HPOS="2152" VPOS="1379" WIDTH="49"/>
						<String ID="P12_ST00294" HPOS="2201" VPOS="1319" WIDTH="157" HEIGHT="45" CONTENT="amère" WC="0.97" CC="70680"/>
						<SP ID="P12_SP00238" HPOS="2358" VPOS="1379" WIDTH="45"/>
						<String ID="P12_ST00295" HPOS="2403" VPOS="1336" WIDTH="95" HEIGHT="44" CONTENT="quo" WC="0.95" CC="047"/>
						<SP ID="P12_SP00239" HPOS="2498" VPOS="1380" WIDTH="41"/>
						<String ID="P12_ST00296" HPOS="2539" VPOS="1321" WIDTH="50" HEIGHT="60" CONTENT="je" WC="1.00" CC="00"/>
					</TextLine>
					<TextLine ID="P12_TL00058" HPOS="1572" VPOS="1389" WIDTH="258" HEIGHT="45">
						<String ID="P12_ST00297" HPOS="1572" VPOS="1389" WIDTH="258" HEIGHT="45" CONTENT="connaisse." WC="0.65" CC="2076460303"/>
					</TextLine>
					<TextLine ID="P12_TL00059" HPOS="1633" VPOS="1455" WIDTH="956" HEIGHT="61">
						<String ID="P12_ST00298" HPOS="1633" VPOS="1456" WIDTH="51" HEIGHT="59" CONTENT="Je" WC="0.98" CC="00"/>
						<SP ID="P12_SP00240" HPOS="1684" VPOS="1515" WIDTH="38"/>
						<String ID="P12_ST00299" HPOS="1722" VPOS="1455" WIDTH="94" HEIGHT="46" CONTENT="n'ai" WC="0.78" CC="0304"/>
						<SP ID="P12_SP00241" HPOS="1816" VPOS="1515" WIDTH="37"/>
						<String ID="P12_ST00300" HPOS="1853" VPOS="1472" WIDTH="86" HEIGHT="42" CONTENT="pas" WC="1.00" CC="000"/>
						<SP ID="P12_SP00242" HPOS="1939" VPOS="1515" WIDTH="24"/>
						<String ID="P12_ST00301" HPOS="1963" VPOS="1472" WIDTH="173" HEIGHT="29" CONTENT="encore" WC="0.80" CC="030008"/>
						<SP ID="P12_SP00243" HPOS="2136" VPOS="1515" WIDTH="27"/>
						<String ID="P12_ST00302" HPOS="2163" VPOS="1457" WIDTH="45" HEIGHT="42" CONTENT="lu" WC="0.94" CC="10"/>
						<SP ID="P12_SP00244" HPOS="2208" VPOS="1515" WIDTH="40"/>
						<String ID="P12_ST00303" HPOS="2248" VPOS="1472" WIDTH="182" HEIGHT="28" CONTENT="comme" WC="0.67" CC="04560"/>
						<SP ID="P12_SP00245" HPOS="2430" VPOS="1515" WIDTH="30"/>
						<String ID="P12_ST00304" HPOS="2460" VPOS="1457" WIDTH="50" HEIGHT="59" CONTENT="je" WC="1.00" CC="00"/>
						<SP ID="P12_SP00246" HPOS="2510" VPOS="1516" WIDTH="37"/>
						<String ID="P12_ST00305" HPOS="2547" VPOS="1457" WIDTH="42" HEIGHT="44" CONTENT="le" WC="0.80" CC="30"/>
					</TextLine>
					<TextLine ID="P12_TL00060" HPOS="1570" VPOS="1523" WIDTH="1020" HEIGHT="60">
						<String ID="P12_ST00306" HPOS="1570" VPOS="1524" WIDTH="236" HEIGHT="59" CONTENT="voudrais," WC="0.85" CC="000000507"/>
						<SP ID="P12_SP00247" HPOS="1806" VPOS="1583" WIDTH="36"/>
						<String ID="P12_ST00307" HPOS="1842" VPOS="1523" WIDTH="114" HEIGHT="45" CONTENT="c'est" WC="0.87" CC="04020"/>
						<SP ID="P12_SP00248" HPOS="1956" VPOS="1583" WIDTH="36"/>
						<String ID="P12_ST00308" HPOS="1992" VPOS="1526" WIDTH="27" HEIGHT="42" CONTENT="à" WC="0.40" CC="5"/>
						<SP ID="P12_SP00249" HPOS="2019" VPOS="1583" WIDTH="35"/>
						<String ID="P12_ST00309" HPOS="2054" VPOS="1525" WIDTH="102" HEIGHT="44" CONTENT="dire" WC="1.00" CC="0000"/>
						<SP ID="P12_SP00250" HPOS="2156" VPOS="1583" WIDTH="27"/>
						<String ID="P12_ST00310" HPOS="2183" VPOS="1529" WIDTH="127" HEIGHT="54" CONTENT="page" WC="0.96" CC="0908" STYLEREFS="TXT_5"/>
						<SP ID="P12_SP00251" HPOS="2310" VPOS="1583" WIDTH="31"/>
						<String ID="P12_ST00311" HPOS="2341" VPOS="1531" WIDTH="97" HEIGHT="52" CONTENT="par" WC="1.00" CC="000" STYLEREFS="TXT_5"/>
						<SP ID="P12_SP00252" HPOS="2438" VPOS="1583" WIDTH="26"/>
						<String ID="P12_ST00312" HPOS="2464" VPOS="1531" WIDTH="126" HEIGHT="52" CONTENT="page" WC="1.00" CC="0000" STYLEREFS="TXT_5"/>
					</TextLine>
					<TextLine ID="P12_TL00061" HPOS="1571" VPOS="1590" WIDTH="1015" HEIGHT="61">
						<String ID="P12_ST00313" HPOS="1571" VPOS="1602" WIDTH="47" HEIGHT="35" CONTENT="et" WC="0.65" CC="06"/>
						<SP ID="P12_SP00253" HPOS="1618" VPOS="1637" WIDTH="36"/>
						<String ID="P12_ST00314" HPOS="1654" VPOS="1609" WIDTH="104" HEIGHT="28" CONTENT="vers" WC="0.65" CC="6025" STYLEREFS="TXT_5"/>
						<SP ID="P12_SP00254" HPOS="1758" VPOS="1637" WIDTH="34"/>
						<String ID="P12_ST00315" HPOS="1792" VPOS="1599" WIDTH="97" HEIGHT="52" CONTENT="par" WC="0.96" CC="360" STYLEREFS="TXT_5"/>
						<SP ID="P12_SP00255" HPOS="1889" VPOS="1651" WIDTH="35"/>
						<String ID="P12_ST00316" HPOS="1924" VPOS="1608" WIDTH="103" HEIGHT="28" CONTENT="vers" WC="0.74" CC="4202" STYLEREFS="TXT_5"/>
						<String ID="P12_ST00317" HPOS="2033" VPOS="1630" WIDTH="8" HEIGHT="16" CONTENT="," WC="1.00" CC="0"/>
						<SP ID="P12_SP00256" HPOS="2041" VPOS="1651" WIDTH="40"/>
						<String ID="P12_ST00318" HPOS="2081" VPOS="1592" WIDTH="43" HEIGHT="45" CONTENT="la" WC="0.96" CC="00"/>
						<SP ID="P12_SP00257" HPOS="2124" VPOS="1651" WIDTH="49"/>
						<String ID="P12_ST00319" HPOS="2173" VPOS="1590" WIDTH="131" HEIGHT="47" CONTENT="Ville" WC="0.98" CC="60025" STYLEREFS="TXT_5"/>
						<SP ID="P12_SP00258" HPOS="2304" VPOS="1651" WIDTH="35"/>
						<String ID="P12_ST00320" HPOS="2339" VPOS="1592" WIDTH="247" HEIGHT="47" CONTENT="charnelle." WC="0.67" CC="5150650007" STYLEREFS="TXT_5"/>
					</TextLine>
					<TextLine ID="P12_TL00062" HPOS="1566" VPOS="1658" WIDTH="1023" HEIGHT="62">
						<String ID="P12_ST00321" HPOS="1566" VPOS="1658" WIDTH="194" HEIGHT="61" CONTENT="J'arrive" WC="0.70" CC="84071300" STYLEREFS="TXT_6"/>
						<SP ID="P12_SP00259" HPOS="1760" VPOS="1719" WIDTH="61"/>
						<String ID="P12_ST00322" HPOS="1821" VPOS="1661" WIDTH="59" HEIGHT="42" CONTENT="de" WC="1.00" CC="00"/>
						<SP ID="P12_SP00260" HPOS="1880" VPOS="1719" WIDTH="60"/>
						<String ID="P12_ST00323" HPOS="1940" VPOS="1659" WIDTH="44" HEIGHT="45" CONTENT="la" WC="0.83" CC="30"/>
						<SP ID="P12_SP00261" HPOS="1984" VPOS="1719" WIDTH="60"/>
						<String ID="P12_ST00324" HPOS="2044" VPOS="1670" WIDTH="275" HEIGHT="50" CONTENT="montagne," WC="0.99" CC="000007603"/>
						<SP ID="P12_SP00262" HPOS="2319" VPOS="1720" WIDTH="57"/>
						<String ID="P12_ST00325" HPOS="2376" VPOS="1661" WIDTH="49" HEIGHT="59" CONTENT="je" WC="1.00" CC="00"/>
						<SP ID="P12_SP00263" HPOS="2425" VPOS="1720" WIDTH="54"/>
						<String ID="P12_ST00326" HPOS="2479" VPOS="1677" WIDTH="110" HEIGHT="43" CONTENT="pars" WC="1.00" CC="0000"/>
					</TextLine>
					<TextLine ID="P12_TL00063" HPOS="1572" VPOS="1728" WIDTH="1018" HEIGHT="59">
						<String ID="P12_ST00327" HPOS="1572" VPOS="1730" WIDTH="361" HEIGHT="43" CONTENT="incessamment" WC="0.79" CC="280000000049"/>
						<SP ID="P12_SP00264" HPOS="1933" VPOS="1773" WIDTH="36"/>
						<String ID="P12_ST00328" HPOS="1969" VPOS="1744" WIDTH="119" HEIGHT="43" CONTENT="pour" WC="1.00" CC="0000"/>
						<SP ID="P12_SP00265" HPOS="2088" VPOS="1787" WIDTH="28"/>
						<String ID="P12_ST00329" HPOS="2116" VPOS="1728" WIDTH="248" HEIGHT="45" CONTENT="Toulouse" WC="0.94" CC="00000400"/>
						<SP ID="P12_SP00266" HPOS="2364" VPOS="1787" WIDTH="38"/>
						<String ID="P12_ST00330" HPOS="2402" VPOS="1729" WIDTH="79" HEIGHT="58" CONTENT="qui" WC="0.97" CC="006"/>
						<SP ID="P12_SP00267" HPOS="2481" VPOS="1787" WIDTH="38"/>
						<String ID="P12_ST00331" HPOS="2519" VPOS="1739" WIDTH="71" HEIGHT="35" CONTENT="est" WC="1.00" CC="000"/>
					</TextLine>
					<TextLine ID="P12_TL00064" HPOS="1573" VPOS="1795" WIDTH="1016" HEIGHT="61">
						<String ID="P12_ST00332" HPOS="1573" VPOS="1806" WIDTH="135" HEIGHT="35" CONTENT="notre" WC="0.84" CC="70000"/>
						<SP ID="P12_SP00268" HPOS="1708" VPOS="1841" WIDTH="41"/>
						<String ID="P12_ST00333" HPOS="1749" VPOS="1795" WIDTH="109" HEIGHT="46" CONTENT="ville" WC="0.99" CC="03020"/>
						<SP ID="P12_SP00269" HPOS="1858" VPOS="1841" WIDTH="50"/>
						<String ID="P12_ST00334" HPOS="1908" VPOS="1796" WIDTH="169" HEIGHT="45" CONTENT="natale." WC="0.99" CC="0020303"/>
						<SP ID="P12_SP00270" HPOS="2077" VPOS="1841" WIDTH="50"/>
						<String ID="P12_ST00335" HPOS="2127" VPOS="1797" WIDTH="53" HEIGHT="59" CONTENT="Je" WC="1.00" CC="00"/>
						<SP ID="P12_SP00271" HPOS="2180" VPOS="1856" WIDTH="37"/>
						<String ID="P12_ST00336" HPOS="2217" VPOS="1796" WIDTH="56" HEIGHT="45" CONTENT="lis" WC="1.00" CC="000"/>
						<SP ID="P12_SP00272" HPOS="2273" VPOS="1856" WIDTH="38"/>
						<String ID="P12_ST00337" HPOS="2311" VPOS="1813" WIDTH="91" HEIGHT="41" CONTENT="peu" WC="0.85" CC="400"/>
						<SP ID="P12_SP00273" HPOS="2402" VPOS="1856" WIDTH="38"/>
						<String ID="P12_ST00338" HPOS="2440" VPOS="1813" WIDTH="58" HEIGHT="28" CONTENT="en" WC="0.61" CC="07"/>
						<SP ID="P12_SP00274" HPOS="2498" VPOS="1856" WIDTH="40"/>
						<String ID="P12_ST00339" HPOS="2538" VPOS="1813" WIDTH="51" HEIGHT="28" CONTENT="ce" WC="1.00" CC="00"/>
					</TextLine>
					<TextLine ID="P12_TL00065" HPOS="1572" VPOS="1862" WIDTH="1017" HEIGHT="62">
						<String ID="P12_ST00340" HPOS="1572" VPOS="1875" WIDTH="223" HEIGHT="40" CONTENT="moment," WC="1.00" CC="0030000"/>
						<SP ID="P12_SP00275" HPOS="1795" VPOS="1915" WIDTH="50"/>
						<String ID="P12_ST00341" HPOS="1845" VPOS="1880" WIDTH="79" HEIGHT="28" CONTENT="car" WC="1.00" CC="000"/>
						<SP ID="P12_SP00276" HPOS="1924" VPOS="1915" WIDTH="40"/>
						<String ID="P12_ST00342" HPOS="1964" VPOS="1865" WIDTH="50" HEIGHT="59" CONTENT="je" WC="1.00" CC="00"/>
						<SP ID="P12_SP00277" HPOS="2014" VPOS="1924" WIDTH="48"/>
						<String ID="P12_ST00343" HPOS="2062" VPOS="1866" WIDTH="95" HEIGHT="42" CONTENT="suis" WC="0.59" CC="0563"/>
						<SP ID="P12_SP00278" HPOS="2157" VPOS="1924" WIDTH="49"/>
						<String ID="P12_ST00344" HPOS="2206" VPOS="1862" WIDTH="221" HEIGHT="62" CONTENT="fatiguée," WC="0.76" CC="200306403"/>
						<SP ID="P12_SP00279" HPOS="2427" VPOS="1924" WIDTH="48"/>
						<String ID="P12_ST00345" HPOS="2475" VPOS="1882" WIDTH="114" HEIGHT="28" CONTENT="avec" WC="0.89" CC="0004"/>
					</TextLine>
					<TextLine ID="P12_TL00066" HPOS="1571" VPOS="1930" WIDTH="1018" HEIGHT="62">
						<String ID="P12_ST00346" HPOS="1571" VPOS="1932" WIDTH="229" HEIGHT="60" CONTENT="quelques" WC="0.91" CC="00000601"/>
						<SP ID="P12_SP00280" HPOS="1800" VPOS="1992" WIDTH="37"/>
						<String ID="P12_ST00347" HPOS="1837" VPOS="1930" WIDTH="335" HEIGHT="62" CONTENT="désagréables" WC="0.81" CC="055001500004"/>
						<SP ID="P12_SP00281" HPOS="2172" VPOS="1992" WIDTH="49"/>
						<String ID="P12_ST00348" HPOS="2221" VPOS="1933" WIDTH="117" HEIGHT="43" CONTENT="mais" WC="1.00" CC="0000"/>
						<SP ID="P12_SP00282" HPOS="2338" VPOS="1992" WIDTH="50"/>
						<String ID="P12_ST00349" HPOS="2388" VPOS="1949" WIDTH="88" HEIGHT="41" CONTENT="peu" WC="0.82" CC="005"/>
						<SP ID="P12_SP00283" HPOS="2476" VPOS="1992" WIDTH="46"/>
						<String ID="P12_ST00350" HPOS="2522" VPOS="1940" WIDTH="45" HEIGHT="38" CONTENT="sé" SUBS_TYPE="HypPart1" SUBS_CONTENT="sérieux" WC="0.63" CC="07"/>
						<HYP HPOS="2567" VPOS="1940" WIDTH="22" CONTENT="-"/>
					</TextLine>
					<TextLine ID="P12_TL00067" HPOS="1573" VPOS="2000" WIDTH="1017" HEIGHT="59">
						<String ID="P12_ST00351" HPOS="1573" VPOS="2002" WIDTH="130" HEIGHT="42" CONTENT="rieux" SUBS_TYPE="HypPart2" SUBS_CONTENT="sérieux" WC="0.76" CC="07004"/>
						<SP ID="P12_SP00284" HPOS="1703" VPOS="2044" WIDTH="35"/>
						<String ID="P12_ST00352" HPOS="1738" VPOS="2000" WIDTH="252" HEIGHT="44" CONTENT="désordres" WC="1.00" CC="000000000"/>
						<SP ID="P12_SP00285" HPOS="1990" VPOS="2044" WIDTH="27"/>
						<String ID="P12_ST00353" HPOS="2017" VPOS="2016" WIDTH="208" HEIGHT="29" CONTENT="nerveux" WC="0.93" CC="3000001"/>
						<SP ID="P12_SP00286" HPOS="2225" VPOS="2045" WIDTH="26"/>
						<String ID="P12_ST00354" HPOS="2251" VPOS="2001" WIDTH="58" HEIGHT="43" CONTENT="de" WC="1.00" CC="00"/>
						<SP ID="P12_SP00287" HPOS="2309" VPOS="2045" WIDTH="26"/>
						<String ID="P12_ST00355" HPOS="2335" VPOS="2000" WIDTH="44" HEIGHT="44" CONTENT="la" WC="0.81" CC="30"/>
						<SP ID="P12_SP00288" HPOS="2379" VPOS="2045" WIDTH="25"/>
						<String ID="P12_ST00356" HPOS="2404" VPOS="2017" WIDTH="104" HEIGHT="30" CONTENT="vue." WC="0.80" CC="0304"/>
						<SP ID="P12_SP00289" HPOS="2508" VPOS="2047" WIDTH="28"/>
						<String ID="P12_ST00357" HPOS="2536" VPOS="2001" WIDTH="54" HEIGHT="58" CONTENT="Je" WC="1.00" CC="00"/>
					</TextLine>
					<TextLine ID="P12_TL00068" HPOS="1572" VPOS="2068" WIDTH="1017" HEIGHT="58">
						<String ID="P12_ST00358" HPOS="1572" VPOS="2070" WIDTH="96" HEIGHT="42" CONTENT="suis" WC="0.92" CC="0003"/>
						<SP ID="P12_SP00290" HPOS="1668" VPOS="2112" WIDTH="38"/>
						<String ID="P12_ST00359" HPOS="1706" VPOS="2084" WIDTH="119" HEIGHT="42" CONTENT="pour" WC="0.90" CC="0030"/>
						<SP ID="P12_SP00291" HPOS="1825" VPOS="2126" WIDTH="25"/>
						<String ID="P12_ST00360" HPOS="1850" VPOS="2084" WIDTH="64" HEIGHT="28" CONTENT="un" WC="1.00" CC="00"/>
						<SP ID="P12_SP00292" HPOS="1914" VPOS="2126" WIDTH="26"/>
						<String ID="P12_ST00361" HPOS="1940" VPOS="2068" WIDTH="118" HEIGHT="44" CONTENT="mois" WC="0.89" CC="0030"/>
						<SP ID="P12_SP00293" HPOS="2058" VPOS="2126" WIDTH="25"/>
						<String ID="P12_ST00362" HPOS="2083" VPOS="2084" WIDTH="173" HEIGHT="29" CONTENT="encore" WC="0.97" CC="000000"/>
						<SP ID="P12_SP00294" HPOS="2256" VPOS="2126" WIDTH="39"/>
						<String ID="P12_ST00363" HPOS="2295" VPOS="2068" WIDTH="294" HEIGHT="46" CONTENT="condamnée" WC="0.78" CC="005000850"/>
					</TextLine>
					<TextLine ID="P12_TL00069" HPOS="1571" VPOS="2135" WIDTH="1018" HEIGHT="61">
						<String ID="P12_ST00364" HPOS="1571" VPOS="2153" WIDTH="58" HEIGHT="27" CONTENT="au" WC="1.00" CC="00"/>
						<SP ID="P12_SP00295" HPOS="1629" VPOS="2180" WIDTH="52"/>
						<String ID="P12_ST00365" HPOS="1681" VPOS="2135" WIDTH="156" HEIGHT="45" CONTENT="relatif" WC="0.78" CC="0500054"/>
						<SP ID="P12_SP00296" HPOS="1837" VPOS="2180" WIDTH="42"/>
						<String ID="P12_ST00366" HPOS="1879" VPOS="2152" WIDTH="151" HEIGHT="42" CONTENT="repos." WC="0.95" CC="000002"/>
						<SP ID="P12_SP00297" HPOS="2030" VPOS="2194" WIDTH="40"/>
						<String ID="P12_ST00367" HPOS="2070" VPOS="2137" WIDTH="53" HEIGHT="58" CONTENT="Je" WC="1.00" CC="00"/>
						<SP ID="P12_SP00298" HPOS="2123" VPOS="2195" WIDTH="46"/>
						<String ID="P12_ST00368" HPOS="2169" VPOS="2151" WIDTH="119" HEIGHT="30" CONTENT="vous" WC="0.92" CC="0300"/>
						<SP ID="P12_SP00299" HPOS="2288" VPOS="2195" WIDTH="50"/>
						<String ID="P12_ST00369" HPOS="2338" VPOS="2136" WIDTH="251" HEIGHT="60" CONTENT="reparlerai" WC="1.00" CC="0003040003"/>
					</TextLine>
					<TextLine ID="P12_TL00070" HPOS="1572" VPOS="2204" WIDTH="1017" HEIGHT="59">
						<String ID="P12_ST00370" HPOS="1572" VPOS="2220" WIDTH="61" HEIGHT="28" CONTENT="un" WC="0.64" CC="07"/>
						<SP ID="P12_SP00300" HPOS="1633" VPOS="2248" WIDTH="39"/>
						<String ID="P12_ST00371" HPOS="1672" VPOS="2220" WIDTH="91" HEIGHT="43" CONTENT="peu" WC="0.67" CC="090"/>
						<SP ID="P12_SP00301" HPOS="1763" VPOS="2263" WIDTH="38"/>
						<String ID="P12_ST00372" HPOS="1801" VPOS="2204" WIDTH="104" HEIGHT="59" CONTENT="plus" WC="0.99" CC="0500"/>
						<SP ID="P12_SP00302" HPOS="1905" VPOS="2263" WIDTH="38"/>
						<String ID="P12_ST00373" HPOS="1943" VPOS="2204" WIDTH="104" HEIGHT="44" CONTENT="tard" WC="0.94" CC="2000"/>
						<SP ID="P12_SP00303" HPOS="2047" VPOS="2263" WIDTH="33"/>
						<String ID="P12_ST00374" HPOS="2080" VPOS="2206" WIDTH="58" HEIGHT="43" CONTENT="de" WC="1.00" CC="00"/>
						<SP ID="P12_SP00304" HPOS="2138" VPOS="2263" WIDTH="24"/>
						<String ID="P12_ST00375" HPOS="2162" VPOS="2214" WIDTH="138" HEIGHT="35" CONTENT="votre" WC="0.90" CC="05000"/>
						<SP ID="P12_SP00305" HPOS="2300" VPOS="2263" WIDTH="26"/>
						<String ID="P12_ST00376" HPOS="2326" VPOS="2204" WIDTH="121" HEIGHT="45" CONTENT="beau" WC="1.00" CC="0100"/>
						<SP ID="P12_SP00306" HPOS="2447" VPOS="2263" WIDTH="27"/>
						<String ID="P12_ST00377" HPOS="2474" VPOS="2205" WIDTH="115" HEIGHT="44" CONTENT="livre" WC="0.90" CC="21000"/>
					</TextLine>
					<TextLine ID="P12_TL00071" HPOS="1571" VPOS="2270" WIDTH="1019" HEIGHT="62">
						<String ID="P12_ST00378" HPOS="1571" VPOS="2272" WIDTH="58" HEIGHT="44" CONTENT="de" WC="1.00" CC="00"/>
						<SP ID="P12_SP00307" HPOS="1629" VPOS="2316" WIDTH="48"/>
						<String ID="P12_ST00379" HPOS="1677" VPOS="2271" WIDTH="175" HEIGHT="59" CONTENT="poésie." WC="0.84" CC="0040402"/>
						<SP ID="P12_SP00308" HPOS="1852" VPOS="2330" WIDTH="56"/>
						<String ID="P12_ST00380" HPOS="1908" VPOS="2272" WIDTH="70" HEIGHT="45" CONTENT="Ce" WC="1.00" CC="00"/>
						<SP ID="P12_SP00309" HPOS="1978" VPOS="2330" WIDTH="48"/>
						<String ID="P12_ST00381" HPOS="2026" VPOS="2288" WIDTH="92" HEIGHT="43" CONTENT="que" WC="1.00" CC="000"/>
						<SP ID="P12_SP00310" HPOS="2118" VPOS="2331" WIDTH="42"/>
						<String ID="P12_ST00382" HPOS="2160" VPOS="2270" WIDTH="98" HEIGHT="62" CONTENT="j'en" WC="0.89" CC="0400"/>
						<SP ID="P12_SP00311" HPOS="2258" VPOS="2332" WIDTH="51"/>
						<String ID="P12_ST00383" HPOS="2309" VPOS="2273" WIDTH="41" HEIGHT="44" CONTENT="ai" WC="1.00" CC="00"/>
						<SP ID="P12_SP00312" HPOS="2350" VPOS="2332" WIDTH="50"/>
						<String ID="P12_ST00384" HPOS="2400" VPOS="2273" WIDTH="45" HEIGHT="44" CONTENT="lu" WC="0.56" CC="34"/>
						<SP ID="P12_SP00313" HPOS="2445" VPOS="2332" WIDTH="51"/>
						<String ID="P12_ST00385" HPOS="2496" VPOS="2272" WIDTH="94" HEIGHT="45" CONTENT="m'a" WC="0.86" CC="040"/>
					</TextLine>
					<TextLine ID="P12_TL00072" HPOS="1571" VPOS="2338" WIDTH="1018" HEIGHT="63">
						<String ID="P12_ST00386" HPOS="1571" VPOS="2340" WIDTH="141" HEIGHT="50" CONTENT="ravie," WC="0.78" CC="000705"/>
						<SP ID="P12_SP00314" HPOS="1712" VPOS="2390" WIDTH="27"/>
						<String ID="P12_ST00387" HPOS="1739" VPOS="2338" WIDTH="220" HEIGHT="59" CONTENT="étonnée," WC="0.54" CC="60457407"/>
						<SP ID="P12_SP00315" HPOS="1959" VPOS="2397" WIDTH="35"/>
						<String ID="P12_ST00388" HPOS="1994" VPOS="2338" WIDTH="278" HEIGHT="63" CONTENT="subjuguée." WC="0.81" CC="0003004504"/>
						<SP ID="P12_SP00316" HPOS="2272" VPOS="2401" WIDTH="43"/>
						<String ID="P12_ST00389" HPOS="2315" VPOS="2338" WIDTH="180" HEIGHT="47" CONTENT="L'éclat" WC="0.63" CC="6451330"/>
						<SP ID="P12_SP00317" HPOS="2495" VPOS="2401" WIDTH="36"/>
						<String ID="P12_ST00390" HPOS="2531" VPOS="2342" WIDTH="58" HEIGHT="43" CONTENT="de" WC="1.00" CC="00"/>
					</TextLine>
					<TextLine ID="P12_TL00073" HPOS="1569" VPOS="2408" WIDTH="1020" HEIGHT="60">
						<String ID="P12_ST00391" HPOS="1569" VPOS="2424" WIDTH="86" HEIGHT="28" CONTENT="vos" WC="0.95" CC="001"/>
						<SP ID="P12_SP00318" HPOS="1655" VPOS="2452" WIDTH="41"/>
						<String ID="P12_ST00392" HPOS="1696" VPOS="2408" WIDTH="182" HEIGHT="59" CONTENT="images" WC="0.89" CC="320000"/>
						<SP ID="P12_SP00319" HPOS="1878" VPOS="2467" WIDTH="48"/>
						<String ID="P12_ST00393" HPOS="1926" VPOS="2418" WIDTH="70" HEIGHT="35" CONTENT="est" WC="0.99" CC="003"/>
						<SP ID="P12_SP00320" HPOS="1996" VPOS="2467" WIDTH="48"/>
						<String ID="P12_ST00394" HPOS="2044" VPOS="2408" WIDTH="363" HEIGHT="60" CONTENT="incoinparable." WC="0.79" CC="46007700000400"/>
						<SP ID="P12_SP00321" HPOS="2407" VPOS="2468" WIDTH="35"/>
						<String ID="P12_ST00395" HPOS="2442" VPOS="2409" WIDTH="147" HEIGHT="44" CONTENT="Votre" WC="0.85" CC="30030"/>
					</TextLine>
					<TextLine ID="P12_TL00074" HPOS="1571" VPOS="2476" WIDTH="1016" HEIGHT="60">
						<String ID="P12_ST00396" HPOS="1571" VPOS="2476" WIDTH="188" HEIGHT="60" CONTENT="fougue," WC="0.90" CC="0000007"/>
						<SP ID="P12_SP00322" HPOS="1759" VPOS="2536" WIDTH="56"/>
						<String ID="P12_ST00397" HPOS="1815" VPOS="2485" WIDTH="134" HEIGHT="35" CONTENT="votre" WC="1.00" CC="00000"/>
						<SP ID="P12_SP00323" HPOS="1949" VPOS="2536" WIDTH="60"/>
						<String ID="P12_ST00398" HPOS="2009" VPOS="2476" WIDTH="139" HEIGHT="54" CONTENT="force," WC="0.99" CC="300103"/>
						<SP ID="P12_SP00324" HPOS="2148" VPOS="2536" WIDTH="56"/>
						<String ID="P12_ST00399" HPOS="2204" VPOS="2486" WIDTH="134" HEIGHT="35" CONTENT="votre" WC="1.00" CC="00000"/>
						<SP ID="P12_SP00325" HPOS="2338" VPOS="2536" WIDTH="54"/>
						<String ID="P12_ST00400" HPOS="2392" VPOS="2478" WIDTH="168" HEIGHT="43" CONTENT="enthou" SUBS_TYPE="HypPart1" SUBS_CONTENT="enthousiasme," WC="0.78" CC="000055"/>
						<HYP HPOS="2560" VPOS="2478" WIDTH="27" CONTENT="-"/>
					</TextLine>
					<TextLine ID="P12_TL00075" HPOS="1571" VPOS="2543" WIDTH="1016" HEIGHT="58">
						<String ID="P12_ST00401" HPOS="1571" VPOS="2544" WIDTH="187" HEIGHT="57" CONTENT="siasme," SUBS_TYPE="HypPart2" SUBS_CONTENT="enthousiasme," WC="0.84" CC="0300303"/>
						<SP ID="P12_SP00326" HPOS="1758" VPOS="2601" WIDTH="39"/>
						<String ID="P12_ST00402" HPOS="1797" VPOS="2553" WIDTH="134" HEIGHT="35" CONTENT="votre" WC="1.00" CC="00000"/>
						<SP ID="P12_SP00327" HPOS="1931" VPOS="2601" WIDTH="37"/>
						<String ID="P12_ST00403" HPOS="1968" VPOS="2543" WIDTH="146" HEIGHT="46" CONTENT="délire" WC="0.95" CC="030000"/>
						<SP ID="P12_SP00328" HPOS="2114" VPOS="2601" WIDTH="49"/>
						<String ID="P12_ST00404" HPOS="2163" VPOS="2555" WIDTH="108" HEIGHT="34" CONTENT="sont" WC="1.00" CC="0000"/>
						<SP ID="P12_SP00329" HPOS="2271" VPOS="2601" WIDTH="46"/>
						<String ID="P12_ST00405" HPOS="2317" VPOS="2560" WIDTH="117" HEIGHT="29" CONTENT="ceux" WC="0.86" CC="0050"/>
						<SP ID="P12_SP00330" HPOS="2434" VPOS="2601" WIDTH="40"/>
						<String ID="P12_ST00406" HPOS="2474" VPOS="2545" WIDTH="113" HEIGHT="44" CONTENT="d'un" WC="0.99" CC="0400"/>
					</TextLine>
					<TextLine ID="P12_TL00076" HPOS="1569" VPOS="2611" WIDTH="1020" HEIGHT="61">
						<String ID="P12_ST00407" HPOS="1569" VPOS="2611" WIDTH="155" HEIGHT="61" CONTENT="grand" WC="0.99" CC="00060"/>
						<SP ID="P12_SP00331" HPOS="1724" VPOS="2672" WIDTH="52"/>
						<String ID="P12_ST00408" HPOS="1776" VPOS="2611" WIDTH="155" HEIGHT="60" CONTENT="poète." WC="0.82" CC="006004"/>
						<SP ID="P12_SP00332" HPOS="1931" VPOS="2672" WIDTH="55"/>
						<String ID="P12_ST00409" HPOS="1986" VPOS="2612" WIDTH="54" HEIGHT="60" CONTENT="Je" WC="1.00" CC="00"/>
						<SP ID="P12_SP00333" HPOS="2040" VPOS="2672" WIDTH="47"/>
						<String ID="P12_ST00410" HPOS="2087" VPOS="2629" WIDTH="118" HEIGHT="27" CONTENT="vous" WC="0.88" CC="0030"/>
						<SP ID="P12_SP00334" HPOS="2205" VPOS="2672" WIDTH="48"/>
						<String ID="P12_ST00411" HPOS="2253" VPOS="2613" WIDTH="227" HEIGHT="43" CONTENT="remercie" WC="0.91" CC="00000430"/>
						<SP ID="P12_SP00335" HPOS="2480" VPOS="2672" WIDTH="48"/>
						<String ID="P12_ST00412" HPOS="2528" VPOS="2613" WIDTH="61" HEIGHT="45" CONTENT="de" WC="0.64" CC="07"/>
					</TextLine>
					<TextLine ID="P12_TL00077" HPOS="1571" VPOS="2680" WIDTH="1018" HEIGHT="60">
						<String ID="P12_ST00413" HPOS="1571" VPOS="2695" WIDTH="171" HEIGHT="43" CONTENT="penser" WC="0.95" CC="000030"/>
						<SP ID="P12_SP00336" HPOS="1742" VPOS="2738" WIDTH="42"/>
						<String ID="P12_ST00414" HPOS="1784" VPOS="2681" WIDTH="27" HEIGHT="42" CONTENT="à" WC="0.79" CC="2"/>
						<SP ID="P12_SP00337" HPOS="1811" VPOS="2738" WIDTH="47"/>
						<String ID="P12_ST00415" HPOS="1858" VPOS="2680" WIDTH="95" HEIGHT="45" CONTENT="moi" WC="0.93" CC="002"/>
						<SP ID="P12_SP00338" HPOS="1953" VPOS="2738" WIDTH="48"/>
						<String ID="P12_ST00416" HPOS="2001" VPOS="2696" WIDTH="120" HEIGHT="44" CONTENT="pour" WC="0.78" CC="0602"/>
						<SP ID="P12_SP00339" HPOS="2121" VPOS="2740" WIDTH="40"/>
						<String ID="P12_ST00417" HPOS="2161" VPOS="2681" WIDTH="179" HEIGHT="47" CONTENT="Poesia" WC="0.98" CC="548300" STYLEREFS="TXT_5"/>
						<String ID="P12_ST00418" HPOS="2345" VPOS="2716" WIDTH="8" HEIGHT="8" CONTENT="." WC="0.61" CC="3"/>
						<SP ID="P12_SP00340" HPOS="2353" VPOS="2740" WIDTH="49"/>
						<String ID="P12_ST00419" HPOS="2402" VPOS="2681" WIDTH="54" HEIGHT="59" CONTENT="Je" WC="1.00" CC="00"/>
						<SP ID="P12_SP00341" HPOS="2456" VPOS="2740" WIDTH="37"/>
						<String ID="P12_ST00420" HPOS="2493" VPOS="2681" WIDTH="96" HEIGHT="44" CONTENT="suis" WC="0.84" CC="0060"/>
					</TextLine>
					<TextLine ID="P12_TL00078" HPOS="1571" VPOS="2747" WIDTH="1016" HEIGHT="61">
						<String ID="P12_ST00421" HPOS="1571" VPOS="2748" WIDTH="231" HEIGHT="44" CONTENT="heureuse" WC="0.91" CC="00100005"/>
						<SP ID="P12_SP00342" HPOS="1802" VPOS="2792" WIDTH="38"/>
						<String ID="P12_ST00422" HPOS="1840" VPOS="2748" WIDTH="59" HEIGHT="44" CONTENT="de" WC="1.00" CC="00"/>
						<SP ID="P12_SP00343" HPOS="1899" VPOS="2792" WIDTH="37"/>
						<String ID="P12_ST00423" HPOS="1936" VPOS="2747" WIDTH="174" HEIGHT="61" CONTENT="figurer" WC="0.92" CC="0005000"/>
						<SP ID="P12_SP00344" HPOS="2110" VPOS="2808" WIDTH="38"/>
						<String ID="P12_ST00424" HPOS="2148" VPOS="2749" WIDTH="119" HEIGHT="44" CONTENT="dans" WC="0.87" CC="0500"/>
						<SP ID="P12_SP00345" HPOS="2267" VPOS="2808" WIDTH="29"/>
						<String ID="P12_ST00425" HPOS="2296" VPOS="2757" WIDTH="134" HEIGHT="36" CONTENT="votre" WC="0.97" CC="00001"/>
						<SP ID="P12_SP00346" HPOS="2430" VPOS="2808" WIDTH="37"/>
						<String ID="P12_ST00426" HPOS="2467" VPOS="2748" WIDTH="120" HEIGHT="45" CONTENT="belle" WC="1.00" CC="00300"/>
					</TextLine>
					<TextLine ID="P12_TL00079" HPOS="1571" VPOS="2815" WIDTH="1016" HEIGHT="61">
						<String ID="P12_ST00427" HPOS="1571" VPOS="2831" WIDTH="155" HEIGHT="29" CONTENT="revue." WC="0.84" CC="000504"/>
						<SP ID="P12_SP00347" HPOS="1726" VPOS="2860" WIDTH="57"/>
						<String ID="P12_ST00428" HPOS="1783" VPOS="2815" WIDTH="137" HEIGHT="45" CONTENT="Voici" WC="0.84" CC="00304"/>
						<SP ID="P12_SP00348" HPOS="1920" VPOS="2860" WIDTH="55"/>
						<String ID="P12_ST00429" HPOS="1975" VPOS="2832" WIDTH="77" HEIGHT="29" CONTENT="ma" WC="1.00" CC="00"/>
						<SP ID="P12_SP00349" HPOS="2052" VPOS="2861" WIDTH="54"/>
						<String ID="P12_ST00430" HPOS="2106" VPOS="2816" WIDTH="347" HEIGHT="60" CONTENT="photographie" WC="0.84" CC="040800000050"/>
						<SP ID="P12_SP00350" HPOS="2453" VPOS="2876" WIDTH="54"/>
						<String ID="P12_ST00431" HPOS="2507" VPOS="2817" WIDTH="80" HEIGHT="59" CONTENT="qui" WC="0.99" CC="003"/>
					</TextLine>
					<TextLine ID="P12_TL00080" HPOS="1571" VPOS="2882" WIDTH="1017" HEIGHT="63">
						<String ID="P12_ST00432" HPOS="1571" VPOS="2884" WIDTH="110" HEIGHT="44" CONTENT="date" WC="1.00" CC="0000"/>
						<SP ID="P12_SP00351" HPOS="1681" VPOS="2928" WIDTH="29"/>
						<String ID="P12_ST00433" HPOS="1710" VPOS="2883" WIDTH="59" HEIGHT="45" CONTENT="de" WC="1.00" CC="00"/>
						<SP ID="P12_SP00352" HPOS="1769" VPOS="2928" WIDTH="37"/>
						<String ID="P12_ST00434" HPOS="1806" VPOS="2882" WIDTH="95" HEIGHT="46" CONTENT="l'an" WC="0.63" CC="2407"/>
						<SP ID="P12_SP00353" HPOS="1901" VPOS="2928" WIDTH="39"/>
						<String ID="P12_ST00435" HPOS="1940" VPOS="2883" WIDTH="152" HEIGHT="59" CONTENT="passé." WC="0.74" CC="000554"/>
						<SP ID="P12_SP00354" HPOS="2092" VPOS="2942" WIDTH="34"/>
						<String ID="P12_ST00436" HPOS="2126" VPOS="2883" WIDTH="76" HEIGHT="61" CONTENT="J'y" WC="0.70" CC="530"/>
						<SP ID="P12_SP00355" HPOS="2202" VPOS="2944" WIDTH="28"/>
						<String ID="P12_ST00437" HPOS="2230" VPOS="2884" WIDTH="131" HEIGHT="61" CONTENT="joins" WC="0.60" CC="42074"/>
						<SP ID="P12_SP00356" HPOS="2361" VPOS="2945" WIDTH="26"/>
						<String ID="P12_ST00438" HPOS="2387" VPOS="2883" WIDTH="115" HEIGHT="45" CONTENT="celle" WC="1.00" CC="00200"/>
						<SP ID="P12_SP00357" HPOS="2502" VPOS="2945" WIDTH="26"/>
						<String ID="P12_ST00439" HPOS="2528" VPOS="2884" WIDTH="60" HEIGHT="45" CONTENT="de" WC="1.00" CC="00"/>
					</TextLine>
					<TextLine ID="P12_TL00081" HPOS="1572" VPOS="2951" WIDTH="944" HEIGHT="62">
						<String ID="P12_ST00440" HPOS="1572" VPOS="2967" WIDTH="109" HEIGHT="29" CONTENT="mon" WC="0.73" CC="034"/>
						<SP ID="P12_SP00358" HPOS="1681" VPOS="2996" WIDTH="39"/>
						<String ID="P12_ST00441" HPOS="1720" VPOS="2952" WIDTH="131" HEIGHT="56" CONTENT="mari," WC="0.98" CC="00067"/>
						<SP ID="P12_SP00359" HPOS="1851" VPOS="3008" WIDTH="28"/>
						<String ID="P12_ST00442" HPOS="1879" VPOS="2951" WIDTH="111" HEIGHT="46" CONTENT="faite" WC="0.96" CC="00100"/>
						<SP ID="P12_SP00360" HPOS="1990" VPOS="3008" WIDTH="37"/>
						<String ID="P12_ST00443" HPOS="2027" VPOS="2952" WIDTH="27" HEIGHT="44" CONTENT="il" WC="0.59" CC="62"/>
						<SP ID="P12_SP00361" HPOS="2054" VPOS="3008" WIDTH="37"/>
						<String ID="P12_ST00444" HPOS="2091" VPOS="2968" WIDTH="35" HEIGHT="45" CONTENT="y" WC="0.41" CC="5"/>
						<SP ID="P12_SP00362" HPOS="2126" VPOS="3013" WIDTH="38"/>
						<String ID="P12_ST00445" HPOS="2164" VPOS="2969" WIDTH="26" HEIGHT="27" CONTENT="a" WC="1.00" CC="0"/>
						<SP ID="P12_SP00363" HPOS="2190" VPOS="3013" WIDTH="30"/>
						<String ID="P12_ST00446" HPOS="2220" VPOS="2963" WIDTH="165" HEIGHT="49" CONTENT="quatre" WC="0.92" CC="004000"/>
						<SP ID="P12_SP00364" HPOS="2385" VPOS="3013" WIDTH="30"/>
						<String ID="P12_ST00447" HPOS="2415" VPOS="2968" WIDTH="101" HEIGHT="29" CONTENT="ans." WC="0.89" CC="0004"/>
					</TextLine>
					<TextLine ID="P12_TL00082" HPOS="1633" VPOS="3017" WIDTH="956" HEIGHT="62">
						<String ID="P12_ST00448" HPOS="1633" VPOS="3017" WIDTH="56" HEIGHT="60" CONTENT="Je" WC="0.71" CC="50"/>
						<SP ID="P12_SP00365" HPOS="1689" VPOS="3077" WIDTH="35"/>
						<String ID="P12_ST00449" HPOS="1724" VPOS="3035" WIDTH="120" HEIGHT="29" CONTENT="vous" WC="0.91" CC="0003"/>
						<SP ID="P12_SP00366" HPOS="1844" VPOS="3077" WIDTH="47"/>
						<String ID="P12_ST00450" HPOS="1891" VPOS="3020" WIDTH="99" HEIGHT="59" CONTENT="prie" WC="0.98" CC="0070"/>
						<SP ID="P12_SP00367" HPOS="1990" VPOS="3079" WIDTH="49"/>
						<String ID="P12_ST00451" HPOS="2039" VPOS="3020" WIDTH="59" HEIGHT="45" CONTENT="de" WC="1.00" CC="00"/>
						<SP ID="P12_SP00368" HPOS="2098" VPOS="3079" WIDTH="42"/>
						<String ID="P12_ST00452" HPOS="2140" VPOS="3020" WIDTH="162" HEIGHT="54" CONTENT="croire," WC="0.81" CC="0903000"/>
						<SP ID="P12_SP00369" HPOS="2302" VPOS="3079" WIDTH="43"/>
						<String ID="P12_ST00453" HPOS="2345" VPOS="3020" WIDTH="244" HEIGHT="45" CONTENT="Monsieur" WC="0.81" CC="00027040"/>
					</TextLine>
					<TextLine ID="P12_TL00083" HPOS="1571" VPOS="3086" WIDTH="1017" HEIGHT="61">
						<String ID="P12_ST00454" HPOS="1571" VPOS="3095" WIDTH="48" HEIGHT="36" CONTENT="et" WC="0.46" CC="45"/>
						<SP ID="P12_SP00370" HPOS="1619" VPOS="3131" WIDTH="40"/>
						<String ID="P12_ST00455" HPOS="1659" VPOS="3088" WIDTH="111" HEIGHT="43" CONTENT="cher" WC="0.92" CC="0300"/>
						<SP ID="P12_SP00371" HPOS="1770" VPOS="3131" WIDTH="40"/>
						<String ID="P12_ST00456" HPOS="1810" VPOS="3088" WIDTH="157" HEIGHT="59" CONTENT="grand" WC="0.98" CC="06060"/>
						<SP ID="P12_SP00372" HPOS="1967" VPOS="3147" WIDTH="47"/>
						<String ID="P12_ST00457" HPOS="2014" VPOS="3086" WIDTH="155" HEIGHT="61" CONTENT="poète," WC="0.88" CC="006000"/>
						<SP ID="P12_SP00373" HPOS="2169" VPOS="3147" WIDTH="39"/>
						<String ID="P12_ST00458" HPOS="2208" VPOS="3090" WIDTH="28" HEIGHT="43" CONTENT="à" WC="0.50" CC="4"/>
						<SP ID="P12_SP00374" HPOS="2236" VPOS="3147" WIDTH="38"/>
						<String ID="P12_ST00459" HPOS="2274" VPOS="3098" WIDTH="133" HEIGHT="35" CONTENT="notre" WC="0.88" CC="60000"/>
						<SP ID="P12_SP00375" HPOS="2407" VPOS="3147" WIDTH="37"/>
						<String ID="P12_ST00460" HPOS="2444" VPOS="3088" WIDTH="116" HEIGHT="45" CONTENT="admi" SUBS_TYPE="HypPart1" SUBS_CONTENT="admiration" WC="0.80" CC="0005"/>
						<HYP HPOS="2560" VPOS="3088" WIDTH="28" CONTENT="-"/>
					</TextLine>
					<TextLine ID="P12_TL00084" HPOS="1571" VPOS="3154" WIDTH="1017" HEIGHT="63">
						<String ID="P12_ST00461" HPOS="1571" VPOS="3155" WIDTH="155" HEIGHT="44" CONTENT="ration" SUBS_TYPE="HypPart2" SUBS_CONTENT="admiration" WC="0.59" CC="513408"/>
						<SP ID="P12_SP00376" HPOS="1726" VPOS="3199" WIDTH="54"/>
						<String ID="P12_ST00462" HPOS="1780" VPOS="3154" WIDTH="96" HEIGHT="46" CONTENT="très" WC="0.76" CC="4050"/>
						<SP ID="P12_SP00377" HPOS="1876" VPOS="3200" WIDTH="53"/>
						<String ID="P12_ST00463" HPOS="1929" VPOS="3156" WIDTH="119" HEIGHT="54" CONTENT="vive," WC="0.99" CC="07000"/>
						<SP ID="P12_SP00378" HPOS="2048" VPOS="3210" WIDTH="57"/>
						<String ID="P12_ST00464" HPOS="2105" VPOS="3155" WIDTH="96" HEIGHT="46" CONTENT="très" WC="0.75" CC="0063"/>
						<SP ID="P12_SP00379" HPOS="2201" VPOS="3210" WIDTH="57"/>
						<String ID="P12_ST00465" HPOS="2258" VPOS="3156" WIDTH="246" HEIGHT="61" CONTENT="profonde," WC="1.00" CC="400007000"/>
						<SP ID="P12_SP00380" HPOS="2504" VPOS="3217" WIDTH="57"/>
						<String ID="P12_ST00466" HPOS="2561" VPOS="3157" WIDTH="27" HEIGHT="42" CONTENT="à" WC="0.40" CC="5"/>
					</TextLine>
					<TextLine ID="P12_TL00085" HPOS="1573" VPOS="3222" WIDTH="753" HEIGHT="62">
						<String ID="P12_ST00467" HPOS="1573" VPOS="3232" WIDTH="134" HEIGHT="36" CONTENT="notre" WC="0.87" CC="10301"/>
						<SP ID="P12_SP00381" HPOS="1707" VPOS="3268" WIDTH="36"/>
						<String ID="P12_ST00468" HPOS="1743" VPOS="3222" WIDTH="269" HEIGHT="47" CONTENT="fraternelle" WC="0.84" CC="00002041260"/>
						<SP ID="P12_SP00382" HPOS="2012" VPOS="3269" WIDTH="35"/>
						<String ID="P12_ST00469" HPOS="2047" VPOS="3224" WIDTH="279" HEIGHT="60" CONTENT="sympathie." WC="0.89" CC="0000000406"/>
					</TextLine>
					<TextLine ID="P12_TL00086" HPOS="2054" VPOS="3304" WIDTH="461" HEIGHT="46">
						<String ID="P12_ST00470" HPOS="2054" VPOS="3304" WIDTH="213" HEIGHT="46" CONTENT="Hélène" WC="0.56" CC="462066" STYLEREFS="TXT_2"/>
						<SP ID="P12_SP00383" HPOS="2267" VPOS="3350" WIDTH="34"/>
						<String ID="P12_ST00471" HPOS="2301" VPOS="3304" WIDTH="214" HEIGHT="46" CONTENT="Picard." WC="0.98" CC="1053524" STYLEREFS="TXT_2"/>
					</TextLine>
				</TextBlock>
				<TextBlock ID="P12_TB00004" HPOS="2685" VPOS="297" WIDTH="1035" HEIGHT="3129" STYLEREFS="TXT_0 PAR_LEFT">
					<TextLine ID="P12_TL00087" HPOS="2692" VPOS="299" WIDTH="1015" HEIGHT="63">
						<String ID="P12_ST00472" HPOS="2692" VPOS="310" WIDTH="231" HEIGHT="52" CONTENT="FRANCIS" WC="0.97" CC="5775660" STYLEREFS="TXT_7"/>
						<SP ID="P12_SP00384" HPOS="2923" VPOS="362" WIDTH="15"/>
						<String ID="P12_ST00473" HPOS="2938" VPOS="299" WIDTH="404" HEIGHT="61" CONTENT="VIEIÉ-GRÌFFIN" WC="0.46" CC="0754555568580" STYLEREFS="TXT_7"/>
						<SP ID="P12_SP00385" HPOS="3342" VPOS="362" WIDTH="16"/>
						<String ID="P12_ST00474" HPOS="3358" VPOS="326" WIDTH="30" HEIGHT="29" CONTENT="A" WC="0.85" CC="1" STYLEREFS="TXT_7"/>
						<SP ID="P12_SP00386" HPOS="3388" VPOS="362" WIDTH="17"/>
						<String ID="P12_ST00475" HPOS="3405" VPOS="310" WIDTH="275" HEIGHT="45" CONTENT="MARINETTI" WC="0.85" CC="001016002" STYLEREFS="TXT_7"/>
						<SP ID="P12_SP00387" HPOS="3680" VPOS="362" WIDTH="16"/>
						<String ID="P12_ST00476" HPOS="3696" VPOS="326" WIDTH="11" HEIGHT="29" CONTENT=":" WC="0.41" CC="5" STYLEREFS="TXT_7"/>
					</TextLine>
					<TextLine ID="P12_TL00088" HPOS="2830" VPOS="400" WIDTH="468" HEIGHT="58">
						<String ID="P12_ST00477" HPOS="2830" VPOS="401" WIDTH="117" HEIGHT="44" CONTENT="Mon" WC="0.79" CC="006"/>
						<SP ID="P12_SP00388" HPOS="2947" VPOS="445" WIDTH="37"/>
						<String ID="P12_ST00478" HPOS="2984" VPOS="404" WIDTH="110" HEIGHT="41" CONTENT="cher" WC="0.63" CC="0544"/>
						<SP ID="P12_SP00389" HPOS="3094" VPOS="445" WIDTH="45"/>
						<String ID="P12_ST00479" HPOS="3139" VPOS="400" WIDTH="159" HEIGHT="58" CONTENT="Poéte," WC="0.66" CC="104543"/>
					</TextLine>
					<TextLine ID="P12_TL00089" HPOS="2761" VPOS="480" WIDTH="948" HEIGHT="60">
						<String ID="P12_ST00480" HPOS="2761" VPOS="480" WIDTH="151" HEIGHT="44" CONTENT="Votre" WC="0.74" CC="00244"/>
						<SP ID="P12_SP00390" HPOS="2912" VPOS="524" WIDTH="39"/>
						<String ID="P12_ST00481" HPOS="2951" VPOS="481" WIDTH="351" HEIGHT="44" CONTENT="enthousiasme" WC="0.66" CC="566055025003"/>
						<SP ID="P12_SP00391" HPOS="3302" VPOS="525" WIDTH="37"/>
						<String ID="P12_ST00482" HPOS="3339" VPOS="480" WIDTH="182" HEIGHT="60" CONTENT="lyrique" WC="0.63" CC="6306251"/>
						<SP ID="P12_SP00392" HPOS="3521" VPOS="540" WIDTH="33"/>
						<String ID="P12_ST00483" HPOS="3554" VPOS="490" WIDTH="71" HEIGHT="35" CONTENT="est" WC="0.96" CC="514"/>
						<SP ID="P12_SP00393" HPOS="3625" VPOS="540" WIDTH="25"/>
						<String ID="P12_ST00484" HPOS="3650" VPOS="480" WIDTH="59" HEIGHT="45" CONTENT="de" WC="0.76" CC="04"/>
					</TextLine>
					<TextLine ID="P12_TL00090" HPOS="2692" VPOS="548" WIDTH="1018" HEIGHT="61">
						<String ID="P12_ST00485" HPOS="2692" VPOS="548" WIDTH="43" HEIGHT="45" CONTENT="la" WC="0.69" CC="60"/>
						<SP ID="P12_SP00394" HPOS="2735" VPOS="593" WIDTH="37"/>
						<String ID="P12_ST00486" HPOS="2772" VPOS="550" WIDTH="159" HEIGHT="57" CONTENT="poesie" WC="0.99" CC="201070"/>
						<SP ID="P12_SP00395" HPOS="2931" VPOS="607" WIDTH="35"/>
						<String ID="P12_ST00487" HPOS="2966" VPOS="559" WIDTH="144" HEIGHT="35" CONTENT="avant" WC="0.58" CC="30385"/>
						<SP ID="P12_SP00396" HPOS="3110" VPOS="607" WIDTH="37"/>
						<String ID="P12_ST00488" HPOS="3147" VPOS="565" WIDTH="75" HEIGHT="29" CONTENT="me" WC="0.92" CC="00"/>
						<SP ID="P12_SP00397" HPOS="3222" VPOS="607" WIDTH="7"/>
						<String ID="P12_ST00489" HPOS="3229" VPOS="564" WIDTH="72" HEIGHT="29" CONTENT="me" WC="0.66" CC="60"/>
						<SP ID="P12_SP00398" HPOS="3301" VPOS="607" WIDTH="36"/>
						<String ID="P12_ST00490" HPOS="3337" VPOS="565" WIDTH="93" HEIGHT="44" CONTENT="que" WC="0.84" CC="040"/>
						<SP ID="P12_SP00399" HPOS="3430" VPOS="609" WIDTH="54"/>
						<String ID="P12_ST00491" HPOS="3484" VPOS="564" WIDTH="119" HEIGHT="29" CONTENT="vous" WC="0.81" CC="0340"/>
						<SP ID="P12_SP00400" HPOS="3603" VPOS="609" WIDTH="49"/>
						<String ID="P12_ST00492" HPOS="3652" VPOS="564" WIDTH="58" HEIGHT="29" CONTENT="ne" WC="1.00" CC="00"/>
					</TextLine>
					<TextLine ID="P12_TL00091" HPOS="2692" VPOS="617" WIDTH="1021" HEIGHT="60">
						<String ID="P12_ST00493" HPOS="2692" VPOS="617" WIDTH="191" HEIGHT="59" CONTENT="songiez" WC="0.77" CC="0070403"/>
						<SP ID="P12_SP00401" HPOS="2883" VPOS="676" WIDTH="36"/>
						<String ID="P12_ST00494" HPOS="2919" VPOS="618" WIDTH="28" HEIGHT="43" CONTENT="à" WC="0.95" CC="0"/>
						<SP ID="P12_SP00402" HPOS="2947" VPOS="676" WIDTH="37"/>
						<String ID="P12_ST00495" HPOS="2984" VPOS="618" WIDTH="43" HEIGHT="44" CONTENT="la" WC="0.51" CC="63"/>
						<SP ID="P12_SP00403" HPOS="3027" VPOS="676" WIDTH="38"/>
						<String ID="P12_ST00496" HPOS="3065" VPOS="617" WIDTH="238" HEIGHT="47" CONTENT="formuler." WC="0.53" CC="525966050"/>
						<SP ID="P12_SP00404" HPOS="3303" VPOS="676" WIDTH="44"/>
						<String ID="P12_ST00497" HPOS="3347" VPOS="618" WIDTH="50" HEIGHT="44" CONTENT="Si" WC="0.77" CC="04"/>
						<SP ID="P12_SP00405" HPOS="3397" VPOS="676" WIDTH="30"/>
						<String ID="P12_ST00498" HPOS="3427" VPOS="618" WIDTH="51" HEIGHT="59" CONTENT="je" WC="0.80" CC="30"/>
						<SP ID="P12_SP00406" HPOS="3478" VPOS="677" WIDTH="48"/>
						<String ID="P12_ST00499" HPOS="3526" VPOS="633" WIDTH="60" HEIGHT="28" CONTENT="ne" WC="0.36" CC="57"/>
						<SP ID="P12_SP00407" HPOS="3586" VPOS="677" WIDTH="52"/>
						<String ID="P12_ST00500" HPOS="3638" VPOS="632" WIDTH="75" HEIGHT="29" CONTENT="me" WC="0.97" CC="00"/>
					</TextLine>
					<TextLine ID="P12_TL00092" HPOS="2693" VPOS="685" WIDTH="1019" HEIGHT="60">
						<String ID="P12_ST00501" HPOS="2693" VPOS="685" WIDTH="247" HEIGHT="44" CONTENT="reconnais" WC="0.79" CC="004043060"/>
						<SP ID="P12_SP00408" HPOS="2940" VPOS="729" WIDTH="36"/>
						<String ID="P12_ST00502" HPOS="2976" VPOS="701" WIDTH="98" HEIGHT="44" CONTENT="pas," WC="0.83" CC="0023"/>
						<SP ID="P12_SP00409" HPOS="3074" VPOS="745" WIDTH="41"/>
						<String ID="P12_ST00503" HPOS="3115" VPOS="695" WIDTH="104" HEIGHT="35" CONTENT="tout" WC="0.72" CC="0054"/>
						<SP ID="P12_SP00410" HPOS="3219" VPOS="745" WIDTH="38"/>
						<String ID="P12_ST00504" HPOS="3257" VPOS="687" WIDTH="27" HEIGHT="43" CONTENT="à" WC="0.50" CC="4"/>
						<SP ID="P12_SP00411" HPOS="3284" VPOS="745" WIDTH="46"/>
						<String ID="P12_ST00505" HPOS="3330" VPOS="685" WIDTH="97" HEIGHT="51" CONTENT="fait," WC="0.72" CC="50107"/>
						<SP ID="P12_SP00412" HPOS="3427" VPOS="745" WIDTH="56"/>
						<String ID="P12_ST00506" HPOS="3483" VPOS="686" WIDTH="122" HEIGHT="43" CONTENT="dans" WC="0.85" CC="1040"/>
						<SP ID="P12_SP00413" HPOS="3605" VPOS="745" WIDTH="55"/>
						<String ID="P12_ST00507" HPOS="3660" VPOS="701" WIDTH="52" HEIGHT="28" CONTENT="ce" WC="0.72" CC="05"/>
					</TextLine>
					<TextLine ID="P12_TL00093" HPOS="2692" VPOS="752" WIDTH="1017" HEIGHT="62">
						<String ID="P12_ST00508" HPOS="2692" VPOS="752" WIDTH="263" HEIGHT="55" CONTENT="midaillon," WC="0.59" CC="6808000457" STYLEREFS="TXT_1"/>
						<SP ID="P12_SP00414" HPOS="2955" VPOS="807" WIDTH="15"/>
						<String ID="P12_ST00509" HPOS="2970" VPOS="754" WIDTH="49" HEIGHT="60" CONTENT="je" WC="0.73" CC="50"/>
						<SP ID="P12_SP00415" HPOS="3019" VPOS="814" WIDTH="19"/>
						<String ID="P12_ST00510" HPOS="3038" VPOS="769" WIDTH="119" HEIGHT="29" CONTENT="vous" WC="0.83" CC="1040"/>
						<SP ID="P12_SP00416" HPOS="3157" VPOS="814" WIDTH="25"/>
						<String ID="P12_ST00511" HPOS="3182" VPOS="770" WIDTH="30" HEIGHT="43" CONTENT="y" WC="1.00" CC="0"/>
						<SP ID="P12_SP00417" HPOS="3212" VPOS="814" WIDTH="27"/>
						<String ID="P12_ST00512" HPOS="3239" VPOS="764" WIDTH="179" HEIGHT="41" CONTENT="trouve," WC="0.64" CC="5305503"/>
						<SP ID="P12_SP00418" HPOS="3418" VPOS="814" WIDTH="32"/>
						<String ID="P12_ST00513" HPOS="3450" VPOS="769" WIDTH="59" HEIGHT="28" CONTENT="au" WC="0.58" CC="08"/>
						<SP ID="P12_SP00419" HPOS="3509" VPOS="814" WIDTH="33"/>
						<String ID="P12_ST00514" HPOS="3542" VPOS="753" WIDTH="167" HEIGHT="53" CONTENT="moins," WC="0.77" CC="002901"/>
					</TextLine>
					<TextLine ID="P12_TL00094" HPOS="2695" VPOS="821" WIDTH="1018" HEIGHT="59">
						<String ID="P12_ST00515" HPOS="2695" VPOS="832" WIDTH="102" HEIGHT="33" CONTENT="tout" WC="0.81" CC="0051"/>
						<SP ID="P12_SP00420" HPOS="2797" VPOS="865" WIDTH="58"/>
						<String ID="P12_ST00516" HPOS="2855" VPOS="823" WIDTH="163" HEIGHT="52" CONTENT="entier," WC="0.80" CC="0506002"/>
						<SP ID="P12_SP00421" HPOS="3018" VPOS="875" WIDTH="55"/>
						<String ID="P12_ST00517" HPOS="3073" VPOS="832" WIDTH="47" HEIGHT="34" CONTENT="et" WC="0.58" CC="08"/>
						<SP ID="P12_SP00422" HPOS="3120" VPOS="875" WIDTH="55"/>
						<String ID="P12_ST00518" HPOS="3175" VPOS="838" WIDTH="51" HEIGHT="28" CONTENT="ce" WC="0.72" CC="50"/>
						<SP ID="P12_SP00423" HPOS="3226" VPOS="875" WIDTH="64"/>
						<String ID="P12_ST00519" HPOS="3290" VPOS="821" WIDTH="138" HEIGHT="45" CONTENT="m'est" WC="0.91" CC="04000"/>
						<SP ID="P12_SP00424" HPOS="3428" VPOS="875" WIDTH="60"/>
						<String ID="P12_ST00520" HPOS="3488" VPOS="837" WIDTH="63" HEIGHT="28" CONTENT="un" WC="1.00" CC="00"/>
						<SP ID="P12_SP00425" HPOS="3551" VPOS="875" WIDTH="56"/>
						<String ID="P12_ST00521" HPOS="3607" VPOS="821" WIDTH="106" HEIGHT="59" CONTENT="plus" WC="0.96" CC="7081"/>
					</TextLine>
					<TextLine ID="P12_TL00095" HPOS="2692" VPOS="889" WIDTH="363" HEIGHT="60">
						<String ID="P12_ST00522" HPOS="2692" VPOS="889" WIDTH="154" HEIGHT="60" CONTENT="grand" WC="0.99" CC="70030"/>
						<SP ID="P12_SP00426" HPOS="2846" VPOS="949" WIDTH="39"/>
						<String ID="P12_ST00523" HPOS="2885" VPOS="889" WIDTH="170" HEIGHT="59" CONTENT="plaisir." WC="0.81" CC="03030214"/>
					</TextLine>
					<TextLine ID="P12_TL00096" HPOS="2763" VPOS="956" WIDTH="950" HEIGHT="62">
						<String ID="P12_ST00524" HPOS="2763" VPOS="959" WIDTH="198" HEIGHT="44" CONTENT="Gomme" WC="0.99" CC="60000"/>
						<SP ID="P12_SP00427" HPOS="2961" VPOS="1003" WIDTH="30"/>
						<String ID="P12_ST00525" HPOS="2991" VPOS="956" WIDTH="123" HEIGHT="62" CONTENT="j'eus" WC="0.65" CC="54080"/>
						<SP ID="P12_SP00428" HPOS="3114" VPOS="1018" WIDTH="37"/>
						<String ID="P12_ST00526" HPOS="3151" VPOS="958" WIDTH="155" HEIGHT="44" CONTENT="raison" WC="0.76" CC="408010"/>
						<SP ID="P12_SP00429" HPOS="3306" VPOS="1018" WIDTH="40"/>
						<String ID="P12_ST00527" HPOS="3346" VPOS="958" WIDTH="60" HEIGHT="43" CONTENT="de" WC="1.00" CC="00"/>
						<SP ID="P12_SP00430" HPOS="3406" VPOS="1018" WIDTH="53"/>
						<String ID="P12_ST00528" HPOS="3459" VPOS="973" WIDTH="120" HEIGHT="28" CONTENT="vous" WC="0.90" CC="3000"/>
						<SP ID="P12_SP00431" HPOS="3579" VPOS="1018" WIDTH="49"/>
						<String ID="P12_ST00529" HPOS="3628" VPOS="973" WIDTH="85" HEIGHT="29" CONTENT="en~" WC="0.75" CC="007"/>
					</TextLine>
					<TextLine ID="P12_TL00097" HPOS="2692" VPOS="1025" WIDTH="1020" HEIGHT="61">
						<String ID="P12_ST00530" HPOS="2692" VPOS="1042" WIDTH="150" HEIGHT="44" CONTENT="gager" WC="1.00" CC="00000"/>
						<SP ID="P12_SP00432" HPOS="2842" VPOS="1086" WIDTH="36"/>
						<String ID="P12_ST00531" HPOS="2878" VPOS="1026" WIDTH="27" HEIGHT="44" CONTENT="à" WC="0.46" CC="5"/>
						<SP ID="P12_SP00433" HPOS="2905" VPOS="1086" WIDTH="38"/>
						<String ID="P12_ST00532" HPOS="2943" VPOS="1025" WIDTH="285" HEIGHT="61" CONTENT="développer" WC="0.94" CC="0400000001"/>
						<SP ID="P12_SP00434" HPOS="3228" VPOS="1086" WIDTH="38"/>
						<String ID="P12_ST00533" HPOS="3266" VPOS="1041" WIDTH="59" HEIGHT="29" CONTENT="en" WC="1.00" CC="00"/>
						<SP ID="P12_SP00435" HPOS="3325" VPOS="1086" WIDTH="41"/>
						<String ID="P12_ST00534" HPOS="3366" VPOS="1025" WIDTH="187" HEIGHT="44" CONTENT="volume" WC="0.99" CC="602400"/>
						<SP ID="P12_SP00436" HPOS="3553" VPOS="1086" WIDTH="27"/>
						<String ID="P12_ST00535" HPOS="3580" VPOS="1033" WIDTH="132" HEIGHT="37" CONTENT="votre" WC="0.86" CC="00060"/>
					</TextLine>
					<TextLine ID="P12_TL00098" HPOS="2694" VPOS="1092" WIDTH="1014" HEIGHT="62">
						<String ID="P12_ST00536" HPOS="2694" VPOS="1092" WIDTH="229" HEIGHT="60" CONTENT="première" WC="0.99" CC="10007610"/>
						<SP ID="P12_SP00437" HPOS="2923" VPOS="1152" WIDTH="38"/>
						<String ID="P12_ST00537" HPOS="2961" VPOS="1094" WIDTH="243" HEIGHT="60" CONTENT="plaquette" WC="0.87" CC="000040600"/>
						<SP ID="P12_SP00438" HPOS="3204" VPOS="1154" WIDTH="38"/>
						<String ID="P12_ST00538" HPOS="3242" VPOS="1110" WIDTH="80" HEIGHT="28" CONTENT="sur" WC="0.98" CC="005"/>
						<SP ID="P12_SP00439" HPOS="3322" VPOS="1154" WIDTH="46"/>
						<String ID="P12_ST00539" HPOS="3368" VPOS="1093" WIDTH="340" HEIGHT="45" CONTENT="D'Annunzio!" WC="1.00" CC="03000001250"/>
					</TextLine>
					<TextLine ID="P12_TL00099" HPOS="2763" VPOS="1162" WIDTH="861" HEIGHT="61">
						<String ID="P12_ST00540" HPOS="2763" VPOS="1162" WIDTH="169" HEIGHT="54" CONTENT="Bravo," WC="1.00" CC="000000"/>
						<SP ID="P12_SP00440" HPOS="2932" VPOS="1216" WIDTH="39"/>
						<String ID="P12_ST00541" HPOS="2971" VPOS="1173" WIDTH="47" HEIGHT="34" CONTENT="et" WC="1.00" CC="00"/>
						<SP ID="P12_SP00441" HPOS="3018" VPOS="1216" WIDTH="36"/>
						<String ID="P12_ST00542" HPOS="3054" VPOS="1163" WIDTH="175" HEIGHT="60" CONTENT="longue" WC="0.70" CC="505060"/>
						<SP ID="P12_SP00442" HPOS="3229" VPOS="1223" WIDTH="35"/>
						<String ID="P12_ST00543" HPOS="3264" VPOS="1163" WIDTH="75" HEIGHT="43" CONTENT="vie" WC="0.99" CC="020"/>
						<SP ID="P12_SP00443" HPOS="3339" VPOS="1223" WIDTH="37"/>
						<String ID="P12_ST00544" HPOS="3376" VPOS="1163" WIDTH="28" HEIGHT="43" CONTENT="à" WC="0.93" CC="0"/>
						<SP ID="P12_SP00444" HPOS="3404" VPOS="1223" WIDTH="37"/>
						<String ID="P12_ST00545" HPOS="3441" VPOS="1162" WIDTH="183" HEIGHT="45" CONTENT="Poesia." WC="0.99" CC="1303043" STYLEREFS="TXT_1"/>
					</TextLine>
					<TextLine ID="P12_TL00100" HPOS="2960" VPOS="1242" WIDTH="678" HEIGHT="47">
						<String ID="P12_ST00546" HPOS="2960" VPOS="1242" WIDTH="233" HEIGHT="47" CONTENT="Francis" WC="0.98" CC="6516243" STYLEREFS="TXT_8"/>
						<SP ID="P12_SP00445" HPOS="3193" VPOS="1289" WIDTH="48"/>
						<String ID="P12_ST00547" HPOS="3241" VPOS="1242" WIDTH="397" HEIGHT="47" CONTENT="Vielé=Qriffin." WC="0.63" CC="71030349056054" STYLEREFS="TXT_8"/>
					</TextLine>
					<TextLine ID="P12_TL00101" HPOS="2700" VPOS="1388" WIDTH="976" HEIGHT="49">
						<String ID="P12_ST00548" HPOS="2700" VPOS="1388" WIDTH="290" HEIGHT="49" CONTENT="MARCELLE" WC="0.98" CC="84562577" STYLEREFS="TXT_7"/>
						<SP ID="P12_SP00446" HPOS="2990" VPOS="1437" WIDTH="37"/>
						<String ID="P12_ST00549" HPOS="3027" VPOS="1388" WIDTH="240" HEIGHT="49" CONTENT="TINAYRE" WC="0.62" CC="4510534" STYLEREFS="TXT_7"/>
						<SP ID="P12_SP00447" HPOS="3267" VPOS="1437" WIDTH="37"/>
						<String ID="P12_ST00550" HPOS="3304" VPOS="1405" WIDTH="29" HEIGHT="29" CONTENT="A" WC="0.81" CC="1" STYLEREFS="TXT_7"/>
						<SP ID="P12_SP00448" HPOS="3333" VPOS="1437" WIDTH="40"/>
						<String ID="P12_ST00551" HPOS="3373" VPOS="1389" WIDTH="52" HEIGHT="45" CONTENT="M" WC="1.00" CC="0" STYLEREFS="TXT_7"/>
						<SP ID="P12_SP00449" HPOS="3425" VPOS="1437" WIDTH="8"/>
						<String ID="P12_ST00552" HPOS="3433" VPOS="1404" WIDTH="215" HEIGHT="30" CONTENT="ARINETTI" WC="0.67" CC="74220413" STYLEREFS="TXT_7"/>
						<SP ID="P12_SP00450" HPOS="3648" VPOS="1437" WIDTH="20"/>
						<String ID="P12_ST00553" HPOS="3668" VPOS="1406" WIDTH="8" HEIGHT="27" CONTENT="I" WC="0.13" CC="8" STYLEREFS="TXT_7"/>
					</TextLine>
					<TextLine ID="P12_TL00102" HPOS="2832" VPOS="1479" WIDTH="260" HEIGHT="56">
						<String ID="P12_ST00554" HPOS="2832" VPOS="1479" WIDTH="260" HEIGHT="56" CONTENT="Monsieur," WC="0.81" CC="000201803"/>
					</TextLine>
					<TextLine ID="P12_TL00103" HPOS="2759" VPOS="1555" WIDTH="955" HEIGHT="62">
						<String ID="P12_ST00555" HPOS="2759" VPOS="1559" WIDTH="54" HEIGHT="58" CONTENT="Je" WC="0.84" CC="30"/>
						<SP ID="P12_SP00451" HPOS="2813" VPOS="1617" WIDTH="18"/>
						<String ID="P12_ST00556" HPOS="2831" VPOS="1574" WIDTH="119" HEIGHT="28" CONTENT="vous" WC="1.00" CC="0000"/>
						<SP ID="P12_SP00452" HPOS="2950" VPOS="1617" WIDTH="25"/>
						<String ID="P12_ST00557" HPOS="2975" VPOS="1557" WIDTH="226" HEIGHT="45" CONTENT="remercie" WC="0.87" CC="00004050"/>
						<SP ID="P12_SP00453" HPOS="3201" VPOS="1617" WIDTH="26"/>
						<String ID="P12_ST00558" HPOS="3227" VPOS="1558" WIDTH="59" HEIGHT="44" CONTENT="de" WC="1.00" CC="00"/>
						<SP ID="P12_SP00454" HPOS="3286" VPOS="1617" WIDTH="28"/>
						<String ID="P12_ST00559" HPOS="3314" VPOS="1555" WIDTH="197" HEIGHT="47" CONTENT="m'avoir" WC="0.79" CC="0440060"/>
						<SP ID="P12_SP00455" HPOS="3511" VPOS="1617" WIDTH="19"/>
						<String ID="P12_ST00560" HPOS="3530" VPOS="1563" WIDTH="184" HEIGHT="53" CONTENT="envoyé" WC="1.00" CC="000000"/>
					</TextLine>
					<TextLine ID="P12_TL00104" HPOS="2693" VPOS="1624" WIDTH="1022" HEIGHT="61">
						<String ID="P12_ST00561" HPOS="2693" VPOS="1642" WIDTH="86" HEIGHT="28" CONTENT="vos" WC="0.86" CC="400"/>
						<SP ID="P12_SP00456" HPOS="2779" VPOS="1670" WIDTH="37"/>
						<String ID="P12_ST00562" HPOS="2816" VPOS="1627" WIDTH="124" HEIGHT="43" CONTENT="deux" WC="1.00" CC="0000"/>
						<SP ID="P12_SP00457" HPOS="2940" VPOS="1670" WIDTH="23"/>
						<String ID="P12_ST00563" HPOS="2963" VPOS="1625" WIDTH="213" HEIGHT="45" CONTENT="volumes" WC="0.78" CC="0059000"/>
						<SP ID="P12_SP00458" HPOS="3176" VPOS="1670" WIDTH="38"/>
						<String ID="P12_ST00564" HPOS="3214" VPOS="1626" WIDTH="81" HEIGHT="58" CONTENT="qui" WC="1.00" CC="000"/>
						<SP ID="P12_SP00459" HPOS="3295" VPOS="1684" WIDTH="39"/>
						<String ID="P12_ST00565" HPOS="3334" VPOS="1642" WIDTH="52" HEIGHT="29" CONTENT="se" WC="1.00" CC="00"/>
						<SP ID="P12_SP00460" HPOS="3386" VPOS="1684" WIDTH="36"/>
						<String ID="P12_ST00566" HPOS="3422" VPOS="1624" WIDTH="293" HEIGHT="61" CONTENT="complètent" WC="0.71" CC="0000554039"/>
					</TextLine>
					<TextLine ID="P12_TL00105" HPOS="2693" VPOS="1693" WIDTH="1021" HEIGHT="61">
						<String ID="P12_ST00567" HPOS="2693" VPOS="1695" WIDTH="37" HEIGHT="43" CONTENT="si" WC="0.20" CC="78"/>
						<SP ID="P12_SP00461" HPOS="2730" VPOS="1738" WIDTH="35"/>
						<String ID="P12_ST00568" HPOS="2765" VPOS="1694" WIDTH="346" HEIGHT="44" CONTENT="curieusement" WC="0.83" CC="000300600090"/>
						<SP ID="P12_SP00462" HPOS="3111" VPOS="1738" WIDTH="47"/>
						<String ID="P12_ST00569" HPOS="3158" VPOS="1704" WIDTH="48" HEIGHT="34" CONTENT="et" WC="1.00" CC="00"/>
						<SP ID="P12_SP00463" HPOS="3206" VPOS="1738" WIDTH="50"/>
						<String ID="P12_ST00570" HPOS="3256" VPOS="1695" WIDTH="79" HEIGHT="59" CONTENT="qui" WC="0.98" CC="005"/>
						<SP ID="P12_SP00464" HPOS="3335" VPOS="1754" WIDTH="52"/>
						<String ID="P12_ST00571" HPOS="3387" VPOS="1693" WIDTH="211" HEIGHT="45" CONTENT="révèlent" WC="0.75" CC="24052004"/>
						<SP ID="P12_SP00465" HPOS="3598" VPOS="1754" WIDTH="47"/>
						<String ID="P12_ST00572" HPOS="3645" VPOS="1693" WIDTH="69" HEIGHT="45" CONTENT="les" WC="1.00" CC="000"/>
					</TextLine>
					<TextLine ID="P12_TL00106" HPOS="2693" VPOS="1761" WIDTH="1023" HEIGHT="60">
						<String ID="P12_ST00573" HPOS="2693" VPOS="1772" WIDTH="188" HEIGHT="49" CONTENT="aspects" WC="0.88" CC="7100000"/>
						<SP ID="P12_SP00466" HPOS="2881" VPOS="1821" WIDTH="27"/>
						<String ID="P12_ST00574" HPOS="2908" VPOS="1761" WIDTH="154" HEIGHT="44" CONTENT="divers" WC="0.90" CC="060000"/>
						<SP ID="P12_SP00467" HPOS="3062" VPOS="1821" WIDTH="19"/>
						<String ID="P12_ST00575" HPOS="3081" VPOS="1762" WIDTH="59" HEIGHT="44" CONTENT="de" WC="1.00" CC="00"/>
						<SP ID="P12_SP00468" HPOS="3140" VPOS="1821" WIDTH="19"/>
						<String ID="P12_ST00576" HPOS="3159" VPOS="1771" WIDTH="133" HEIGHT="35" CONTENT="votre" WC="0.97" CC="01000"/>
						<SP ID="P12_SP00469" HPOS="3292" VPOS="1821" WIDTH="28"/>
						<String ID="P12_ST00577" HPOS="3320" VPOS="1762" WIDTH="147" HEIGHT="44" CONTENT="talent" WC="1.00" CC="000000"/>
						<SP ID="P12_SP00470" HPOS="3467" VPOS="1821" WIDTH="28"/>
						<String ID="P12_ST00578" HPOS="3495" VPOS="1761" WIDTH="221" HEIGHT="60" CONTENT="ironique" WC="0.76" CC="60065000"/>
					</TextLine>
					<TextLine ID="P12_TL00107" HPOS="2693" VPOS="1827" WIDTH="1021" HEIGHT="62">
						<String ID="P12_ST00579" HPOS="2693" VPOS="1841" WIDTH="46" HEIGHT="33" CONTENT="et" WC="0.77" CC="12"/>
						<SP ID="P12_SP00471" HPOS="2739" VPOS="1874" WIDTH="36"/>
						<String ID="P12_ST00580" HPOS="2775" VPOS="1827" WIDTH="289" HEIGHT="62" CONTENT="pathétique." WC="0.84" CC="00045040003"/>
						<SP ID="P12_SP00472" HPOS="3064" VPOS="1889" WIDTH="47"/>
						<String ID="P12_ST00581" HPOS="3111" VPOS="1829" WIDTH="54" HEIGHT="59" CONTENT="Je" WC="0.64" CC="70"/>
						<SP ID="P12_SP00473" HPOS="3165" VPOS="1889" WIDTH="38"/>
						<String ID="P12_ST00582" HPOS="3203" VPOS="1829" WIDTH="69" HEIGHT="45" CONTENT="les" WC="1.00" CC="000"/>
						<SP ID="P12_SP00474" HPOS="3272" VPOS="1889" WIDTH="37"/>
						<String ID="P12_ST00583" HPOS="3309" VPOS="1830" WIDTH="43" HEIGHT="44" CONTENT="ai" WC="0.73" CC="05"/>
						<SP ID="P12_SP00475" HPOS="3352" VPOS="1889" WIDTH="37"/>
						<String ID="P12_ST00584" HPOS="3389" VPOS="1830" WIDTH="72" HEIGHT="44" CONTENT="lus" WC="0.95" CC="100"/>
						<SP ID="P12_SP00476" HPOS="3461" VPOS="1889" WIDTH="36"/>
						<String ID="P12_ST00585" HPOS="3497" VPOS="1846" WIDTH="116" HEIGHT="29" CONTENT="avec" WC="0.94" CC="0002"/>
						<SP ID="P12_SP00477" HPOS="3613" VPOS="1889" WIDTH="37"/>
						<String ID="P12_ST00586" HPOS="3650" VPOS="1845" WIDTH="64" HEIGHT="29" CONTENT="un" WC="1.00" CC="00"/>
					</TextLine>
					<TextLine ID="P12_TL00108" HPOS="2695" VPOS="1896" WIDTH="1020" HEIGHT="63">
						<String ID="P12_ST00587" HPOS="2695" VPOS="1898" WIDTH="156" HEIGHT="58" CONTENT="plaisir" WC="0.73" CC="5204050"/>
						<SP ID="P12_SP00478" HPOS="2851" VPOS="1956" WIDTH="25"/>
						<String ID="P12_ST00588" HPOS="2876" VPOS="1896" WIDTH="214" HEIGHT="46" CONTENT="d'autant" WC="0.91" CC="03010020"/>
						<SP ID="P12_SP00479" HPOS="3090" VPOS="1956" WIDTH="26"/>
						<String ID="P12_ST00589" HPOS="3116" VPOS="1897" WIDTH="104" HEIGHT="59" CONTENT="plus" WC="0.99" CC="0400"/>
						<SP ID="P12_SP00480" HPOS="3220" VPOS="1956" WIDTH="20"/>
						<String ID="P12_ST00590" HPOS="3240" VPOS="1897" WIDTH="73" HEIGHT="45" CONTENT="vif" WC="0.82" CC="031"/>
						<SP ID="P12_SP00481" HPOS="3313" VPOS="1956" WIDTH="19"/>
						<String ID="P12_ST00591" HPOS="3332" VPOS="1914" WIDTH="93" HEIGHT="43" CONTENT="que" WC="1.00" CC="000"/>
						<SP ID="P12_SP00482" HPOS="3425" VPOS="1957" WIDTH="19"/>
						<String ID="P12_ST00592" HPOS="3444" VPOS="1898" WIDTH="50" HEIGHT="61" CONTENT="je" WC="0.88" CC="20"/>
						<SP ID="P12_SP00483" HPOS="3494" VPOS="1959" WIDTH="26"/>
						<String ID="P12_ST00593" HPOS="3520" VPOS="1898" WIDTH="195" HEIGHT="45" CONTENT="connais" WC="0.82" CC="0006050"/>
					</TextLine>
					<TextLine ID="P12_TL00109" HPOS="2692" VPOS="1964" WIDTH="1025" HEIGHT="62">
						<String ID="P12_ST00594" HPOS="2692" VPOS="1976" WIDTH="134" HEIGHT="35" CONTENT="votre" WC="1.00" CC="00000"/>
						<SP ID="P12_SP00484" HPOS="2826" VPOS="2011" WIDTH="27"/>
						<String ID="P12_ST00595" HPOS="2853" VPOS="1965" WIDTH="134" HEIGHT="45" CONTENT="Italie" WC="0.99" CC="600050"/>
						<SP ID="P12_SP00485" HPOS="2987" VPOS="2011" WIDTH="33"/>
						<String ID="P12_ST00596" HPOS="3020" VPOS="1974" WIDTH="47" HEIGHT="35" CONTENT="et" WC="1.00" CC="00"/>
						<SP ID="P12_SP00486" HPOS="3067" VPOS="2011" WIDTH="26"/>
						<String ID="P12_ST00597" HPOS="3093" VPOS="1980" WIDTH="93" HEIGHT="44" CONTENT="que" WC="0.84" CC="120"/>
						<SP ID="P12_SP00487" HPOS="3186" VPOS="2024" WIDTH="18"/>
						<String ID="P12_ST00598" HPOS="3204" VPOS="1964" WIDTH="83" HEIGHT="62" CONTENT="j'ai" WC="0.60" CC="5207"/>
						<SP ID="P12_SP00488" HPOS="3287" VPOS="2026" WIDTH="27"/>
						<String ID="P12_ST00599" HPOS="3314" VPOS="1982" WIDTH="63" HEIGHT="42" CONTENT="pu" WC="1.00" CC="00"/>
						<SP ID="P12_SP00489" HPOS="3377" VPOS="2026" WIDTH="29"/>
						<String ID="P12_ST00600" HPOS="3406" VPOS="1965" WIDTH="86" HEIGHT="46" CONTENT="lire" WC="1.00" CC="0100"/>
						<SP ID="P12_SP00490" HPOS="3492" VPOS="2026" WIDTH="37"/>
						<String ID="P12_ST00601" HPOS="3529" VPOS="1966" WIDTH="119" HEIGHT="45" CONTENT="dans" WC="1.00" CC="0000"/>
						<SP ID="P12_SP00491" HPOS="3648" VPOS="2026" WIDTH="25"/>
						<String ID="P12_ST00602" HPOS="3673" VPOS="1965" WIDTH="44" HEIGHT="45" CONTENT="le" WC="0.89" CC="20"/>
					</TextLine>
					<TextLine ID="P12_TL00110" HPOS="2694" VPOS="2032" WIDTH="1023" HEIGHT="60">
						<String ID="P12_ST00603" HPOS="2694" VPOS="2045" WIDTH="128" HEIGHT="34" CONTENT="texte" WC="0.80" CC="80100"/>
						<SP ID="P12_SP00492" HPOS="2822" VPOS="2079" WIDTH="37"/>
						<String ID="P12_ST00604" HPOS="2859" VPOS="2034" WIDTH="66" HEIGHT="43" CONTENT="les" WC="1.00" CC="000"/>
						<SP ID="P12_SP00493" HPOS="2925" VPOS="2079" WIDTH="36"/>
						<String ID="P12_ST00605" HPOS="2961" VPOS="2032" WIDTH="192" HEIGHT="60" CONTENT="poèmes" WC="0.91" CC="005000"/>
						<SP ID="P12_SP00494" HPOS="3153" VPOS="2092" WIDTH="38"/>
						<String ID="P12_ST00606" HPOS="3191" VPOS="2034" WIDTH="59" HEIGHT="43" CONTENT="de" WC="1.00" CC="00"/>
						<SP ID="P12_SP00495" HPOS="3250" VPOS="2092" WIDTH="40"/>
						<String ID="P12_ST00607" HPOS="3290" VPOS="2034" WIDTH="231" HEIGHT="45" CONTENT="Carducci" WC="1.00" CC="00000044"/>
						<SP ID="P12_SP00496" HPOS="3521" VPOS="2092" WIDTH="45"/>
						<String ID="P12_ST00608" HPOS="3566" VPOS="2044" WIDTH="47" HEIGHT="35" CONTENT="et" WC="1.00" CC="00"/>
						<SP ID="P12_SP00497" HPOS="3613" VPOS="2092" WIDTH="35"/>
						<String ID="P12_ST00609" HPOS="3648" VPOS="2033" WIDTH="69" HEIGHT="45" CONTENT="les" WC="0.80" CC="600"/>
					</TextLine>
					<TextLine ID="P12_TL00111" HPOS="2695" VPOS="2098" WIDTH="1021" HEIGHT="51">
						<String ID="P12_ST00610" HPOS="2695" VPOS="2117" WIDTH="190" HEIGHT="30" CONTENT="romans" WC="0.79" CC="605000"/>
						<SP ID="P12_SP00498" HPOS="2885" VPOS="2147" WIDTH="24"/>
						<String ID="P12_ST00611" HPOS="2909" VPOS="2102" WIDTH="59" HEIGHT="44" CONTENT="de" WC="1.00" CC="00"/>
						<SP ID="P12_SP00499" HPOS="2968" VPOS="2147" WIDTH="27"/>
						<String ID="P12_ST00612" HPOS="2995" VPOS="2098" WIDTH="335" HEIGHT="51" CONTENT="D'Annunzio." WC="0.99" CC="03055660501"/>
						<SP ID="P12_SP00500" HPOS="3330" VPOS="2149" WIDTH="38"/>
						<String ID="P12_ST00613" HPOS="3368" VPOS="2102" WIDTH="37" HEIGHT="45" CONTENT="Il" WC="0.81" CC="30"/>
						<SP ID="P12_SP00501" HPOS="3405" VPOS="2149" WIDTH="27"/>
						<String ID="P12_ST00614" HPOS="3432" VPOS="2119" WIDTH="75" HEIGHT="28" CONTENT="me" WC="1.00" CC="00"/>
						<SP ID="P12_SP00502" HPOS="3507" VPOS="2149" WIDTH="27"/>
						<String ID="P12_ST00615" HPOS="3534" VPOS="2102" WIDTH="182" HEIGHT="45" CONTENT="semble" WC="0.89" CC="003030"/>
					</TextLine>
					<TextLine ID="P12_TL00112" HPOS="2693" VPOS="2167" WIDTH="1023" HEIGHT="63">
						<String ID="P12_ST00616" HPOS="2693" VPOS="2187" WIDTH="92" HEIGHT="43" CONTENT="que" WC="1.00" CC="000"/>
						<SP ID="P12_SP00503" HPOS="2785" VPOS="2230" WIDTH="30"/>
						<String ID="P12_ST00617" HPOS="2815" VPOS="2167" WIDTH="99" HEIGHT="63" CONTENT="j'ai," WC="0.74" CC="03017"/>
						<SP ID="P12_SP00504" HPOS="2914" VPOS="2230" WIDTH="28"/>
						<String ID="P12_ST00618" HPOS="2942" VPOS="2184" WIDTH="114" HEIGHT="30" CONTENT="avec" WC="0.87" CC="0005"/>
						<SP ID="P12_SP00505" HPOS="3056" VPOS="2230" WIDTH="25"/>
						<String ID="P12_ST00619" HPOS="3081" VPOS="2179" WIDTH="134" HEIGHT="35" CONTENT="votre" WC="0.63" CC="99000"/>
						<SP ID="P12_SP00506" HPOS="3215" VPOS="2230" WIDTH="27"/>
						<String ID="P12_ST00620" HPOS="3242" VPOS="2185" WIDTH="119" HEIGHT="35" CONTENT="race," WC="0.99" CC="00007"/>
						<SP ID="P12_SP00507" HPOS="3361" VPOS="2230" WIDTH="32"/>
						<String ID="P12_ST00621" HPOS="3393" VPOS="2170" WIDTH="84" HEIGHT="45" CONTENT="des" WC="1.00" CC="000"/>
						<SP ID="P12_SP00508" HPOS="3477" VPOS="2230" WIDTH="30"/>
						<String ID="P12_ST00622" HPOS="3507" VPOS="2168" WIDTH="209" HEIGHT="47" CONTENT="affinités" WC="0.74" CC="500003651"/>
					</TextLine>
					<TextLine ID="P12_TL00113" HPOS="2693" VPOS="2237" WIDTH="1023" HEIGHT="61">
						<String ID="P12_ST00623" HPOS="2693" VPOS="2237" WIDTH="195" HEIGHT="61" CONTENT="d'esprit" WC="1.00" CC="04000041"/>
						<SP ID="P12_SP00509" HPOS="2888" VPOS="2298" WIDTH="24"/>
						<String ID="P12_ST00624" HPOS="2912" VPOS="2248" WIDTH="47" HEIGHT="34" CONTENT="et" WC="0.83" CC="03"/>
						<SP ID="P12_SP00510" HPOS="2959" VPOS="2298" WIDTH="27"/>
						<String ID="P12_ST00625" HPOS="2986" VPOS="2237" WIDTH="59" HEIGHT="44" CONTENT="de" WC="1.00" CC="00"/>
						<SP ID="P12_SP00511" HPOS="3045" VPOS="2298" WIDTH="25"/>
						<String ID="P12_ST00626" HPOS="3070" VPOS="2253" WIDTH="140" HEIGHT="38" CONTENT="cceur," WC="0.67" CC="076103"/>
						<SP ID="P12_SP00512" HPOS="3210" VPOS="2298" WIDTH="28"/>
						<String ID="P12_ST00627" HPOS="3238" VPOS="2248" WIDTH="47" HEIGHT="34" CONTENT="et" WC="1.00" CC="00"/>
						<SP ID="P12_SP00513" HPOS="3285" VPOS="2298" WIDTH="29"/>
						<String ID="P12_ST00628" HPOS="3314" VPOS="2237" WIDTH="51" HEIGHT="61" CONTENT="je" WC="0.95" CC="00"/>
						<SP ID="P12_SP00514" HPOS="3365" VPOS="2298" WIDTH="38"/>
						<String ID="P12_ST00629" HPOS="3403" VPOS="2254" WIDTH="58" HEIGHT="29" CONTENT="ne" WC="1.00" CC="00"/>
						<SP ID="P12_SP00515" HPOS="3461" VPOS="2298" WIDTH="38"/>
						<String ID="P12_ST00630" HPOS="3499" VPOS="2255" WIDTH="76" HEIGHT="28" CONTENT="me" WC="1.00" CC="00"/>
						<SP ID="P12_SP00516" HPOS="3575" VPOS="2298" WIDTH="31"/>
						<String ID="P12_ST00631" HPOS="3606" VPOS="2253" WIDTH="110" HEIGHT="30" CONTENT="sens" WC="0.82" CC="0060"/>
					</TextLine>
					<TextLine ID="P12_TL00114" HPOS="2686" VPOS="2305" WIDTH="1028" HEIGHT="61">
						<String ID="P12_ST00632" HPOS="2686" VPOS="2306" WIDTH="172" HEIGHT="60" CONTENT="jamais" WC="0.89" CC="000051"/>
						<SP ID="P12_SP00517" HPOS="2858" VPOS="2366" WIDTH="37"/>
						<String ID="P12_ST00633" HPOS="2895" VPOS="2316" WIDTH="103" HEIGHT="34" CONTENT="tout" WC="0.72" CC="3070"/>
						<SP ID="P12_SP00518" HPOS="2998" VPOS="2366" WIDTH="37"/>
						<String ID="P12_ST00634" HPOS="3035" VPOS="2307" WIDTH="27" HEIGHT="42" CONTENT="à" WC="0.71" CC="2"/>
						<SP ID="P12_SP00519" HPOS="3062" VPOS="2366" WIDTH="39"/>
						<String ID="P12_ST00635" HPOS="3101" VPOS="2305" WIDTH="82" HEIGHT="45" CONTENT="fait" WC="0.95" CC="0010"/>
						<SP ID="P12_SP00520" HPOS="3183" VPOS="2366" WIDTH="36"/>
						<String ID="P12_ST00636" HPOS="3219" VPOS="2306" WIDTH="235" HEIGHT="59" CONTENT="dépaysee" WC="0.81" CC="07080000"/>
						<SP ID="P12_SP00521" HPOS="3454" VPOS="2366" WIDTH="29"/>
						<String ID="P12_ST00637" HPOS="3483" VPOS="2307" WIDTH="120" HEIGHT="44" CONTENT="dans" WC="1.00" CC="0000"/>
						<SP ID="P12_SP00522" HPOS="3603" VPOS="2366" WIDTH="26"/>
						<String ID="P12_ST00638" HPOS="3629" VPOS="2322" WIDTH="85" HEIGHT="28" CONTENT="vos" WC="1.00" CC="000"/>
					</TextLine>
					<TextLine ID="P12_TL00115" HPOS="2693" VPOS="2373" WIDTH="681" HEIGHT="46">
						<String ID="P12_ST00639" HPOS="2693" VPOS="2374" WIDTH="131" HEIGHT="44" CONTENT="villes" WC="0.81" CC="070003"/>
						<SP ID="P12_SP00523" HPOS="2824" VPOS="2418" WIDTH="37"/>
						<String ID="P12_ST00640" HPOS="2861" VPOS="2383" WIDTH="47" HEIGHT="35" CONTENT="et" WC="1.00" CC="00"/>
						<SP ID="P12_SP00524" HPOS="2908" VPOS="2418" WIDTH="37"/>
						<String ID="P12_ST00641" HPOS="2945" VPOS="2373" WIDTH="119" HEIGHT="45" CONTENT="dans" WC="0.79" CC="0080"/>
						<SP ID="P12_SP00525" HPOS="3064" VPOS="2418" WIDTH="36"/>
						<String ID="P12_ST00642" HPOS="3100" VPOS="2389" WIDTH="84" HEIGHT="29" CONTENT="vos" WC="1.00" CC="000"/>
						<SP ID="P12_SP00526" HPOS="3184" VPOS="2418" WIDTH="36"/>
						<String ID="P12_ST00643" HPOS="3220" VPOS="2373" WIDTH="154" HEIGHT="46" CONTENT="ìivres." WC="0.83" CC="4000006"/>
					</TextLine>
					<TextLine ID="P12_TL00116" HPOS="2758" VPOS="2442" WIDTH="958" HEIGHT="59">
						<String ID="P12_ST00644" HPOS="2758" VPOS="2443" WIDTH="54" HEIGHT="58" CONTENT="Je" WC="1.00" CC="00"/>
						<SP ID="P12_SP00527" HPOS="2812" VPOS="2501" WIDTH="37"/>
						<String ID="P12_ST00645" HPOS="2849" VPOS="2458" WIDTH="117" HEIGHT="28" CONTENT="vous" WC="1.00" CC="0000"/>
						<SP ID="P12_SP00528" HPOS="2966" VPOS="2501" WIDTH="37"/>
						<String ID="P12_ST00646" HPOS="3003" VPOS="2443" WIDTH="226" HEIGHT="43" CONTENT="remercie" WC="0.86" CC="00000036"/>
						<SP ID="P12_SP00529" HPOS="3229" VPOS="2501" WIDTH="37"/>
						<String ID="P12_ST00647" HPOS="3266" VPOS="2457" WIDTH="173" HEIGHT="30" CONTENT="encore" WC="0.94" CC="300000"/>
						<SP ID="P12_SP00530" HPOS="3439" VPOS="2501" WIDTH="46"/>
						<String ID="P12_ST00648" HPOS="3485" VPOS="2442" WIDTH="60" HEIGHT="44" CONTENT="de" WC="1.00" CC="00"/>
						<SP ID="P12_SP00531" HPOS="3545" VPOS="2501" WIDTH="36"/>
						<String ID="P12_ST00649" HPOS="3581" VPOS="2451" WIDTH="135" HEIGHT="35" CONTENT="votre" WC="0.79" CC="03060"/>
					</TextLine>
					<TextLine ID="P12_TL00117" HPOS="2693" VPOS="2510" WIDTH="1023" HEIGHT="46">
						<String ID="P12_ST00650" HPOS="2693" VPOS="2510" WIDTH="138" HEIGHT="44" CONTENT="envoi" WC="0.75" CC="60104"/>
						<SP ID="P12_SP00532" HPOS="2831" VPOS="2554" WIDTH="37"/>
						<String ID="P12_ST00651" HPOS="2868" VPOS="2519" WIDTH="46" HEIGHT="35" CONTENT="et" WC="1.00" CC="00"/>
						<SP ID="P12_SP00533" HPOS="2914" VPOS="2554" WIDTH="25"/>
						<String ID="P12_ST00652" HPOS="2939" VPOS="2525" WIDTH="119" HEIGHT="29" CONTENT="vous" WC="1.00" CC="0000"/>
						<SP ID="P12_SP00534" HPOS="3058" VPOS="2554" WIDTH="36"/>
						<String ID="P12_ST00653" HPOS="3094" VPOS="2525" WIDTH="165" HEIGHT="29" CONTENT="assure" WC="0.83" CC="000900"/>
						<SP ID="P12_SP00535" HPOS="3259" VPOS="2554" WIDTH="37"/>
						<String ID="P12_ST00654" HPOS="3296" VPOS="2510" WIDTH="59" HEIGHT="44" CONTENT="de" WC="1.00" CC="00"/>
						<SP ID="P12_SP00536" HPOS="3355" VPOS="2554" WIDTH="39"/>
						<String ID="P12_ST00655" HPOS="3394" VPOS="2526" WIDTH="78" HEIGHT="30" CONTENT="ma" WC="0.94" CC="10"/>
						<SP ID="P12_SP00537" HPOS="3472" VPOS="2556" WIDTH="37"/>
						<String ID="P12_ST00656" HPOS="3509" VPOS="2510" WIDTH="207" HEIGHT="45" CONTENT="cordiale" WC="1.00" CC="00000040"/>
					</TextLine>
					<TextLine ID="P12_TL00118" HPOS="2692" VPOS="2577" WIDTH="676" HEIGHT="61">
						<String ID="P12_ST00657" HPOS="2692" VPOS="2578" WIDTH="263" HEIGHT="60" CONTENT="sympathie" WC="0.82" CC="100000670"/>
						<SP ID="P12_SP00538" HPOS="2955" VPOS="2638" WIDTH="37"/>
						<String ID="P12_ST00658" HPOS="2992" VPOS="2577" WIDTH="376" HEIGHT="45" CONTENT="confraternelle." WC="0.91" CC="000416000000100"/>
					</TextLine>
					<TextLine ID="P12_TL00119" HPOS="3077" VPOS="2658" WIDTH="564" HEIGHT="58">
						<String ID="P12_ST00659" HPOS="3077" VPOS="2658" WIDTH="269" HEIGHT="47" CONTENT="Marcelle" WC="0.98" CC="31666614" STYLEREFS="TXT_8"/>
						<SP ID="P12_SP00539" HPOS="3346" VPOS="2705" WIDTH="43"/>
						<String ID="P12_ST00660" HPOS="3389" VPOS="2658" WIDTH="252" HEIGHT="58" CONTENT="Tinayre." WC="0.80" CC="00500504" STYLEREFS="TXT_8"/>
					</TextLine>
					<TextLine ID="P12_TL00120" HPOS="2693" VPOS="2791" WIDTH="890" HEIGHT="54">
						<String ID="P12_ST00661" HPOS="2693" VPOS="2791" WIDTH="258" HEIGHT="54" CONTENT="FERNAND" WC="0.67" CC="2561005" STYLEREFS="TXT_7"/>
						<SP ID="P12_SP00540" HPOS="2951" VPOS="2845" WIDTH="36"/>
						<String ID="P12_ST00662" HPOS="2987" VPOS="2791" WIDTH="189" HEIGHT="54" CONTENT="QREQH" WC="0.57" CC="66232" STYLEREFS="TXT_7"/>
						<SP ID="P12_SP00541" HPOS="3176" VPOS="2845" WIDTH="37"/>
						<String ID="P12_ST00663" HPOS="3213" VPOS="2808" WIDTH="31" HEIGHT="29" CONTENT="A" WC="1.00" CC="0" STYLEREFS="TXT_7"/>
						<SP ID="P12_SP00542" HPOS="3244" VPOS="2845" WIDTH="38"/>
						<String ID="P12_ST00664" HPOS="3282" VPOS="2792" WIDTH="301" HEIGHT="45" CONTENT="MARINETTI:" WC="0.71" CC="0057405041" STYLEREFS="TXT_7"/>
					</TextLine>
					<TextLine ID="P12_TL00121" HPOS="2830" VPOS="2880" WIDTH="462" HEIGHT="56">
						<String ID="P12_ST00665" HPOS="2830" VPOS="2881" WIDTH="116" HEIGHT="46" CONTENT="Mon" WC="0.82" CC="005"/>
						<SP ID="P12_SP00543" HPOS="2946" VPOS="2927" WIDTH="38"/>
						<String ID="P12_ST00666" HPOS="2984" VPOS="2884" WIDTH="110" HEIGHT="43" CONTENT="cher" WC="0.70" CC="0523"/>
						<SP ID="P12_SP00544" HPOS="3094" VPOS="2927" WIDTH="38"/>
						<String ID="P12_ST00667" HPOS="3132" VPOS="2880" WIDTH="160" HEIGHT="56" CONTENT="Poète," WC="0.87" CC="205000"/>
					</TextLine>
					<TextLine ID="P12_TL00122" HPOS="2760" VPOS="2961" WIDTH="956" HEIGHT="58">
						<String ID="P12_ST00668" HPOS="2760" VPOS="2961" WIDTH="213" HEIGHT="46" CONTENT="Excusez" WC="0.97" CC="0000001"/>
						<SP ID="P12_SP00545" HPOS="2973" VPOS="3007" WIDTH="39"/>
						<String ID="P12_ST00669" HPOS="3012" VPOS="2978" WIDTH="110" HEIGHT="29" CONTENT="mon" WC="0.69" CC="053"/>
						<SP ID="P12_SP00546" HPOS="3122" VPOS="3007" WIDTH="39"/>
						<String ID="P12_ST00670" HPOS="3161" VPOS="2963" WIDTH="193" HEIGHT="54" CONTENT="silence," WC="0.86" CC="03200004"/>
						<SP ID="P12_SP00547" HPOS="3354" VPOS="3017" WIDTH="37"/>
						<String ID="P12_ST00671" HPOS="3391" VPOS="2964" WIDTH="79" HEIGHT="55" CONTENT="j'ai" WC="0.80" CC="7000"/>
						<SP ID="P12_SP00548" HPOS="3470" VPOS="3019" WIDTH="37"/>
						<String ID="P12_ST00672" HPOS="3507" VPOS="2963" WIDTH="77" HEIGHT="45" CONTENT="été" WC="0.60" CC="326"/>
						<SP ID="P12_SP00549" HPOS="3584" VPOS="3019" WIDTH="37"/>
						<String ID="P12_ST00673" HPOS="3621" VPOS="2964" WIDTH="95" HEIGHT="46" CONTENT="très" WC="0.73" CC="0360"/>
					</TextLine>
					<TextLine ID="P12_TL00123" HPOS="2690" VPOS="3027" WIDTH="1026" HEIGHT="63">
						<String ID="P12_ST00674" HPOS="2690" VPOS="3027" WIDTH="178" HEIGHT="61" CONTENT="occupé" WC="0.80" CC="040006"/>
						<SP ID="P12_SP00550" HPOS="2868" VPOS="3088" WIDTH="38"/>
						<String ID="P12_ST00675" HPOS="2906" VPOS="3039" WIDTH="104" HEIGHT="35" CONTENT="tout" WC="0.90" CC="0400"/>
						<SP ID="P12_SP00551" HPOS="3010" VPOS="3088" WIDTH="35"/>
						<String ID="P12_ST00676" HPOS="3045" VPOS="3045" WIDTH="52" HEIGHT="29" CONTENT="ce" WC="1.00" CC="00"/>
						<SP ID="P12_SP00552" HPOS="3097" VPOS="3088" WIDTH="47"/>
						<String ID="P12_ST00677" HPOS="3144" VPOS="3031" WIDTH="235" HEIGHT="59" CONTENT="temps-ci." WC="0.87" CC="000003033"/>
						<SP ID="P12_SP00553" HPOS="3379" VPOS="3090" WIDTH="43"/>
						<String ID="P12_ST00678" HPOS="3422" VPOS="3031" WIDTH="124" HEIGHT="46" CONTENT="Mais" WC="0.99" CC="0040"/>
						<SP ID="P12_SP00554" HPOS="3546" VPOS="3090" WIDTH="43"/>
						<String ID="P12_ST00679" HPOS="3589" VPOS="3030" WIDTH="127" HEIGHT="47" CONTENT="enfin" WC="0.84" CC="05000"/>
					</TextLine>
					<TextLine ID="P12_TL00124" HPOS="2690" VPOS="3096" WIDTH="1029" HEIGHT="65">
						<String ID="P12_ST00680" HPOS="2690" VPOS="3099" WIDTH="118" HEIGHT="44" CONTENT="voici" WC="0.69" CC="04703"/>
						<SP ID="P12_SP00555" HPOS="2808" VPOS="3143" WIDTH="37"/>
						<String ID="P12_ST00681" HPOS="2845" VPOS="3097" WIDTH="42" HEIGHT="45" CONTENT="le" WC="1.00" CC="00"/>
						<SP ID="P12_SP00556" HPOS="2887" VPOS="3143" WIDTH="25"/>
						<String ID="P12_ST00682" HPOS="2912" VPOS="3096" WIDTH="169" HEIGHT="62" CONTENT="poème" WC="0.71" CC="04530"/>
						<SP ID="P12_SP00557" HPOS="3081" VPOS="3158" WIDTH="27"/>
						<String ID="P12_ST00683" HPOS="3108" VPOS="3097" WIDTH="149" HEIGHT="47" CONTENT="inédit" WC="0.67" CC="604071"/>
						<SP ID="P12_SP00558" HPOS="3257" VPOS="3158" WIDTH="30"/>
						<String ID="P12_ST00684" HPOS="3287" VPOS="3100" WIDTH="192" HEIGHT="58" CONTENT="promis." WC="0.73" CC="0623600"/>
						<SP ID="P12_SP00559" HPOS="3479" VPOS="3158" WIDTH="39"/>
						<String ID="P12_ST00685" HPOS="3518" VPOS="3100" WIDTH="55" HEIGHT="61" CONTENT="Je" WC="0.63" CC="42"/>
						<SP ID="P12_SP00560" HPOS="3573" VPOS="3161" WIDTH="25"/>
						<String ID="P12_ST00686" HPOS="3598" VPOS="3116" WIDTH="121" HEIGHT="30" CONTENT="vous" WC="1.00" CC="0000"/>
					</TextLine>
					<TextLine ID="P12_TL00125" HPOS="2692" VPOS="3166" WIDTH="1026" HEIGHT="61">
						<String ID="P12_ST00687" HPOS="2692" VPOS="3166" WIDTH="43" HEIGHT="46" CONTENT="le" WC="0.83" CC="30"/>
						<SP ID="P12_SP00561" HPOS="2735" VPOS="3212" WIDTH="59"/>
						<String ID="P12_ST00688" HPOS="2794" VPOS="3166" WIDTH="336" HEIGHT="46" CONTENT="recommande" WC="0.81" CC="0403040600"/>
						<SP ID="P12_SP00562" HPOS="3130" VPOS="3212" WIDTH="59"/>
						<String ID="P12_ST00689" HPOS="3189" VPOS="3184" WIDTH="61" HEIGHT="29" CONTENT="au" WC="0.77" CC="40"/>
						<SP ID="P12_SP00563" HPOS="3250" VPOS="3213" WIDTH="63"/>
						<String ID="P12_ST00690" HPOS="3313" VPOS="3168" WIDTH="133" HEIGHT="59" CONTENT="point" WC="0.93" CC="02000"/>
						<SP ID="P12_SP00564" HPOS="3446" VPOS="3227" WIDTH="60"/>
						<String ID="P12_ST00691" HPOS="3506" VPOS="3168" WIDTH="61" HEIGHT="46" CONTENT="de" WC="1.00" CC="00"/>
						<SP ID="P12_SP00565" HPOS="3567" VPOS="3227" WIDTH="61"/>
						<String ID="P12_ST00692" HPOS="3628" VPOS="3185" WIDTH="90" HEIGHT="29" CONTENT="vue" WC="0.97" CC="000"/>
					</TextLine>
					<TextLine ID="P12_TL00126" HPOS="2693" VPOS="3233" WIDTH="1025" HEIGHT="61">
						<String ID="P12_ST00693" HPOS="2693" VPOS="3233" WIDTH="395" HEIGHT="61" CONTENT="typographique," WC="0.76" CC="50306100550202"/>
						<SP ID="P12_SP00566" HPOS="3088" VPOS="3294" WIDTH="45"/>
						<String ID="P12_ST00694" HPOS="3133" VPOS="3233" WIDTH="45" HEIGHT="46" CONTENT="la" WC="1.00" CC="00"/>
						<SP ID="P12_SP00567" HPOS="3178" VPOS="3294" WIDTH="49"/>
						<String ID="P12_ST00695" HPOS="3227" VPOS="3234" WIDTH="218" HEIGHT="46" CONTENT="machine" WC="0.99" CC="0400260"/>
						<SP ID="P12_SP00568" HPOS="3445" VPOS="3294" WIDTH="47"/>
						<String ID="P12_ST00696" HPOS="3492" VPOS="3237" WIDTH="29" HEIGHT="43" CONTENT="à" WC="0.72" CC="2"/>
						<SP ID="P12_SP00569" HPOS="3521" VPOS="3294" WIDTH="47"/>
						<String ID="P12_ST00697" HPOS="3568" VPOS="3234" WIDTH="150" HEIGHT="47" CONTENT="écrire" WC="0.76" CC="503500"/>
					</TextLine>
					<TextLine ID="P12_TL00127" HPOS="2693" VPOS="3300" WIDTH="640" HEIGHT="64">
						<String ID="P12_ST00698" HPOS="2693" VPOS="3300" WIDTH="179" HEIGHT="61" CONTENT="l'ayant" WC="0.73" CC="4490000"/>
						<SP ID="P12_SP00570" HPOS="2872" VPOS="3361" WIDTH="35"/>
						<String ID="P12_ST00699" HPOS="2907" VPOS="3302" WIDTH="193" HEIGHT="61" CONTENT="recopié" WC="0.77" CC="3002062"/>
						<SP ID="P12_SP00571" HPOS="3100" VPOS="3363" WIDTH="39"/>
						<String ID="P12_ST00700" HPOS="3139" VPOS="3318" WIDTH="61" HEIGHT="29" CONTENT="un" WC="0.54" CC="27"/>
						<SP ID="P12_SP00572" HPOS="3200" VPOS="3363" WIDTH="40"/>
						<String ID="P12_ST00701" HPOS="3240" VPOS="3319" WIDTH="93" HEIGHT="45" CONTENT="peu" WC="1.00" CC="000"/>
					</TextLine>
				</TextBlock>
				<TextBlock ID="P12_TB00005" HPOS="1972" VPOS="3438" WIDTH="230" HEIGHT="48" STYLEREFS="TXT_9 PAR_CENTER">
					<TextLine ID="P12_TL00128" HPOS="1972" VPOS="3438" WIDTH="230" HEIGHT="48">
						<String ID="P12_ST00702" HPOS="1972" VPOS="3438" WIDTH="230" HEIGHT="48" CONTENT="10" WC="1.00" CC="00"/>
					</TextLine>
				</TextBlock>
			</PrintSpace>
		</Page>
	</Layout>
</alto>
