3982 3716
442 250 270 37 POESIA

430 384 73 37 che
533 384 39 37 lo
602 385 242 48 avvolgeva:
877 385 34 38 le
945 386 106 37 mani
1082 387 225 37 armoniose
1337 387 151 37 ebbero
1510 400 77 24 una
1608 387 256 37 contrazione
1893 387 74 37 che

431 452 49 25 ne
510 452 213 37 scompose
753 442 327 48 fuggevolmente
1124 444 36 36 la
1202 444 104 36 linea
1352 444 181 47 perfetta.
1568 443 57 37 La
1656 456 96 25 voce
1797 442 169 50 limpida

435 495 127 39 disse:

551 574 44 5 —
632 568 18 18 «
670 553 55 45 Sì,
759 553 38 37 io
828 566 176 26 conosco
1037 568 76 25 una
1146 569 102 34 pena
1280 556 68 47 più
1379 555 152 49 grande
1566 555 102 38 della
1707 562 133 31 vostra
1861 569 20 24 »
1917 578 49 5 —

547 631 50 6 —
633 623 20 21 «
671 609 150 49 Quale?
842 623 20 25 »
903 633 31 5 —
960 611 130 38 chiese
1122 611 37 37 la
1179 612 200 38 violinista
1409 612 278 37 accostandosi
1708 611 37 38 d'
1765 625 54 24 un
1841 612 125 51 balzo,

433 665 426 48 inginocchiandosele
888 667 35 37 ai
953 668 119 48 piedi,
1113 669 329 48 appoggiandole
1472 668 36 37 le
1539 669 108 36 mani
1687 668 61 37 sul
1783 670 181 47 grembo,

432 722 39 36 in
492 720 212 39 affettuoso
734 730 85 30 atto
850 723 41 37 di
922 724 202 49 omaggio,
1146 725 40 37 di
1209 725 89 37 fede
1327 739 21 23 e
1379 724 39 38 di
1441 725 324 47 interrogazione
1788 725 181 37 insieme.

548 779 49 51 —■
635 791 17 22 4
673 779 58 37 La
762 779 78 37 mia
870 793 142 35 pena...
1044 781 132 49 quella
1206 781 39 37 di
1282 795 80 24 non
1385 793 133 26 amare
1540 797 19 19 »
1606 804 40 5 —
1677 781 106 37 disse
1813 781 38 37 la
1872 781 102 37 bella

435 835 123 36 bocca
588 834 162 38 sinuosa
781 849 21 24 e
831 836 127 39 dolce.
993 859 49 5 —
1079 851 19 22 «
1121 838 122 37 Beata
1273 838 77 44 voi,
1381 838 138 43 amica,
1552 837 73 36 che
1655 845 132 29 amate
1820 850 20 23 e
1868 838 85 47 pian-

434 896 103 42 gete,
570 891 144 47 perchè
736 892 103 37 nella
859 900 135 30 vostra
1015 901 126 30 stessa
1163 907 103 35 pena
1287 893 22 38 è
1339 894 37 37 la
1407 893 96 38 vita!
1526 894 67 37 Ma
1613 894 95 47 guai
1740 907 22 24 a
1784 893 63 37 chi
1868 894 51 37 ha
1939 893 38 38 la

435 946 208 38 coscienza
673 947 41 37 di
744 955 265 31 attraversare
1039 950 26 36 il
1096 950 150 38 mondo
1267 963 113 25 come
1411 963 77 24 una
1508 957 195 37 estranea,
1722 962 116 24 senza
1858 963 118 24 avere

436 1003 77 37 mai
540 1002 164 45 vissuto,
736 1018 120 24 senza
886 1019 118 25 avere
1034 1007 78 37 mai
1143 1007 112 37 unito
1286 1007 26 37 il
1333 1008 168 47 proprio
1522 1006 152 48 palpito
1696 1006 34 37 al
1760 1019 103 35 gran
1887 1007 68 47 pal-

436 1059 84 48 pito
551 1058 40 37 di
624 1066 102 31 tutte
757 1061 36 37 le
824 1070 183 30 creature
1021 1063 6 36 !
1056 1078 16 21 »
1110 1084 51 7 —

549 1115 65 38 Gli
645 1116 115 38 occhi
791 1117 39 37 di
862 1119 184 38 ametista
1076 1119 30 36 si
1138 1131 121 25 erano
1291 1119 172 37 oscurati
1495 1126 61 29 tra
1593 1119 36 36 le
1660 1118 151 48 lunghe
1837 1119 141 48 frange

436 1171 101 38 delle
567 1173 120 46 ciglia
718 1186 21 23 e
771 1173 36 38 le
837 1175 156 37 fresche
1023 1175 139 37 labbra
1192 1188 181 24 avevano
1404 1174 254 49 impallidito.

551 1251 49 4 —
634 1229 125 37 «Che
788 1232 131 37 volete
950 1230 63 38 voi
1045 1231 109 37 dire?
1177 1232 91 36 Non
1299 1232 267 36 v'intendo?»
1595 1253 49 5 —
1671 1230 107 37 disse
1797 1231 36 36 la
1863 1230 114 38 calda

436 1296 98 25 voce
564 1298 53 24 un
649 1284 63 48 po'
744 1299 93 25 roca
867 1287 105 38 della
1002 1287 212 37 violinista.

551 1364 49 4 —
638 1357 16 17 «
676 1343 275 38 Intendermi?
983 1344 58 36 Lo
1072 1351 156 41 potrete
1249 1345 90 36 voi?
1362 1345 181 36 Tentate.
1570 1343 43 37 Io
1635 1346 143 47 ignoro
1800 1343 173 37 l'amore.

437 1396 92 37 Non
563 1409 68 35 per
660 1399 118 43 virtù,
810 1400 51 37 oh
894 1413 63 31 no,
992 1412 80 24 non
1117 1400 215 51 illudetevi,
1369 1413 113 24 come
1513 1413 100 23 sono
1662 1400 104 38 illusi
1796 1400 60 37 sul
1891 1399 76 37 mio

436 1460 120 29 conto
587 1454 54 47 gli
673 1454 103 38 altri.
819 1457 44 36 Io
905 1469 80 24 non
1016 1468 44 24 so
1099 1469 145 32 amare,
1277 1470 80 24 non
1393 1468 120 36 posso
1544 1469 144 32 amare,
1730 1469 79 25 non
1851 1457 126 36 riesco

437 1508 51 37 ad
519 1521 134 26 amare
684 1524 69 34 per
783 1513 140 46 quanti
955 1512 115 37 sforzi
1102 1512 39 36 io
1172 1513 53 36 mi
1256 1513 120 37 abbia
1407 1513 99 36 fatto
1538 1525 69 34 per
1643 1513 157 38 destare
1831 1512 36 36 la
1900 1512 78 36 mia

438 1564 159 49 duplice
627 1565 222 40 freddezza,
884 1580 32 26 JCL
947 1569 39 37 di
1018 1568 92 47 gelo
1141 1569 25 35 il
1200 1569 80 38 mio
1311 1581 135 35 corpo,
1474 1569 39 37 di
1534 1569 90 47 gelo
1651 1569 21 38 è
1704 1569 159 37 l'anima
1886 1568 92 38 mia.

438 1621 416 40 Irrimediabilmente.
888 1625 33 36 E
944 1624 141 48 poiché
1117 1625 52 36 ho
1199 1626 36 35 la
1270 1625 205 38 coscienza
1515 1624 71 37 che
1632 1627 26 36 il
1693 1628 101 35 bene
1828 1625 73 37 che
1941 1626 39 36 io

438 1677 148 49 ignoro
617 1681 22 34 è
668 1691 163 26 enorme
862 1702 15 5 -
920 1694 20 23 e
974 1681 144 48 poiché
1157 1694 174 25 nessuna
1365 1681 325 38 considerazione
1722 1682 53 37 mi
1816 1681 142 47 impedi-

438 1734 122 37 rebbe
583 1733 38 38 di
643 1735 126 47 gioire
799 1749 42 24 se
872 1736 95 37 fossi
989 1743 81 31 atta
1087 1736 36 37 ai
1155 1737 146 48 piaceri
1323 1738 63 38 del
1409 1737 238 38 sentimento
1668 1749 184 27 amoroso
1874 1750 20 24 e
1916 1737 64 37 del

437 1802 141 25 senso:
611 1803 20 24 e
675 1791 145 48 perchè
865 1792 104 39 vado
1012 1795 308 46 accorgendomi
1369 1794 71 37 che
1471 1807 147 25 nessun
1660 1795 108 37 dono
1812 1817 22 6 -
1864 1794 59 36 fra
1969 1794 11 35 i

439 1846 111 37 molti
581 1846 72 37 che
683 1847 112 38 sortii
827 1849 51 37 da
910 1856 152 38 natura,
1095 1850 88 36 vale
1222 1851 134 47 quello
1386 1851 73 36 che
1496 1863 80 25 non
1617 1851 120 45 ho....,
1771 1851 37 37 io
1855 1862 126 36 provo

439 1915 22 23 e
492 1901 167 49 patisco,
691 1904 65 37 voi
786 1905 38 37 lo
854 1905 262 44 intenderete,
1139 1906 37 37 la
1207 1906 66 48 più
1304 1914 251 41 struggente,
1586 1907 38 37 la
1655 1907 67 48 più
1754 1912 225 33 torturante

445 1958 211 49 nostalgia.
675 1975 21 20 »
732 1982 52 6 —

553 2015 57 36 La
640 2016 157 47 placida
828 2017 174 38 bellezza
1031 2017 101 37 della
1164 2031 69 24 sua
1265 2019 131 37 fronte
1418 2031 80 24 non
1519 2020 31 35 si
1581 2032 68 23 era
1670 2019 176 44 alterata,
1874 2031 81 25 men-

438 2070 129 37 tr'ella
598 2072 176 47 parlava,
809 2086 62 24 ma
902 2087 66 24 era
999 2074 103 36 nella
1132 2087 72 24 sua
1234 2088 97 24 voce
1361 2074 166 47 limpida
1559 2075 75 37 tale
1653 2084 165 29 accento
1841 2075 40 37 di
1914 2088 43 24 ac-

439 2133 137 31 corata
604 2128 138 43 verità,
786 2129 73 37 che
889 2130 38 38 la
970 2130 225 48 genuflessa
1225 2131 36 37 la
1306 2131 205 49 guardava
1555 2144 75 24 con
1666 2133 109 36 volto
1821 2131 157 49 dipinto

440 2182 103 38 della
572 2182 68 50 più
672 2185 200 47 profonda
904 2186 242 48 meraviglia.
1181 2187 56 36 La
1268 2187 134 38 donna
1432 2187 243 48 vaghissima
1707 2189 193 37 continuò
1913 2201 6 23 :

565 2263 40 4 —
640 2254 23 22 «
680 2241 105 38 Poco
816 2242 50 44 fa,
899 2242 164 49 quando
1092 2242 67 37 voi
1192 2244 52 36 mi
1275 2243 200 39 andavate
1495 2244 272 37 enumerando
1788 2244 37 38 le
1846 2251 135 31 vostre

441 2307 102 36 pene
573 2295 190 48 d'amore,
796 2306 135 41 sapete
961 2298 65 38 voi
1058 2298 179 49 qual'era
1268 2300 25 36 il
1325 2300 81 37 mio
1445 2300 239 37 sentimento
1697 2302 15 36 ?
1743 2302 44 37 Io
1827 2301 34 37 v'
1877 2300 85 37 invi-

442 2350 119 39 diavo
591 2353 280 39 brutalmente.
905 2355 238 46 Conoscere,
1190 2368 216 26 conoscere
1439 2357 26 36 il
1497 2369 101 35 gran
1636 2357 182 38 mistero:
1859 2369 100 26 cono-

440 2408 141 45 scerlo,
642 2410 231 46 possederlo
927 2424 79 24 una
1050 2411 86 37 sola
1180 2411 109 38 volta
1335 2425 21 24 e
1401 2413 66 47 poi
1513 2412 144 37 morire
1677 2414 5 35 !
1736 2413 120 38 Darei
1912 2425 69 36 per

442 2470 144 43 questo
624 2472 106 31 tutta
767 2474 149 42 quanta
952 2467 36 38 la
1028 2467 80 37 mia
1145 2468 261 47 glorificata...
1439 2483 21 23 e
1495 2481 75 35 pur
1601 2471 82 35 così
1724 2469 137 38 inutile
1902 2469 59 38 bel-

440 2521 110 36 lezza
579 2522 146 45 sterile,
759 2523 74 38 che
861 2536 80 25 non
972 2524 51 37 ha
1052 2532 143 39 saputo
1227 2524 95 38 dare
1352 2525 109 48 gioia
1492 2538 22 23 a
1544 2537 183 34 nessuno,
1766 2538 212 25 nemmeno

442 2589 22 24 a
496 2589 63 25 me
588 2579 147 37 stessa!
769 2580 44 36 Io
843 2592 99 25 sono
972 2586 115 37 stata,
1119 2580 37 36 io
1188 2594 99 24 sono
1319 2582 128 37 molto
1477 2588 145 38 amata,
1656 2582 65 38 voi
1754 2583 38 37 lo
1830 2582 125 48 imagi-

443 2641 91 29 nate
564 2646 23 24 o
618 2634 39 38 lo
687 2643 151 40 sapete.
871 2636 124 38 Forse
1031 2637 146 47 perchè
1213 2637 54 37 fui
1303 2650 155 36 sempre
1489 2636 256 48 "l'invitta,,
1778 2639 38 37 io
1852 2638 130 38 destai

442 2689 108 49 negli
580 2691 154 37 uomini
766 2705 79 25 una
878 2692 298 49 inestinguibile
1212 2700 82 31 sete
1333 2694 41 37 di
1411 2707 76 24 me.
1525 2695 43 36 Io
1609 2694 92 37 lessi
1736 2693 23 38 1'
1774 2707 148 32 amore,
1959 2707 24 24 o

443 2745 156 38 almeno
630 2747 25 37 il
696 2747 212 46 desiderio,
946 2749 40 36 in
1026 2749 93 38 tutti
1153 2749 55 48 gli
1246 2750 114 37 occhi
1399 2749 177 39 maschili
1612 2750 72 37 che
1723 2750 32 37 si
1791 2751 191 38 fissarono

442 2802 64 37 nei
538 2803 107 38 miei.
679 2803 178 40 Credetti
889 2818 54 24 un
973 2813 137 41 tempo
1140 2806 37 37 la
1207 2806 79 38 mia
1316 2806 280 48 impassibilità
1625 2806 212 50 disdegno,
1861 2807 102 37 incre-

442 2858 141 52 dulità,
604 2867 128 30 attesa
752 2862 172 47 superba
946 2861 40 37 di
1008 2862 163 48 omaggi
1194 2862 159 39 ideali...
1378 2862 179 39 Credetti
1578 2863 73 37 che
1673 2864 120 36 molte
1814 2864 98 37 fonti
1935 2863 39 37 di

442 2914 106 49 gioia
578 2915 152 39 fossero
762 2917 103 38 nella
896 2919 82 36 vita
1007 2918 105 37 fuori
1143 2918 244 39 dell'amore.
1419 2920 119 37 Amai
1569 2932 22 23 e
1621 2919 120 48 godei
1783 2921 9 35 i
1837 2920 144 48 piaceri

442 2970 362 51 dell'intelligenza,
837 2973 104 39 della
962 2974 210 46 ricchezza,
1202 2975 175 38 dell'alta
1399 2976 206 47 posizione
1634 2975 187 38 sociale...
1845 2976 115 37 m'ine-

443 3027 101 37 briai
576 3029 202 38 nell'onda
809 3030 40 37 di
882 3031 285 38 ammirazione
1197 3032 155 37 destata
1382 3032 105 37 dalla
1519 3031 79 38 mia
1632 3032 172 37 bellezza
1917 3033 66 37 Ma

442 3084 134 37 strada
605 3085 168 38 facendo
802 3086 120 38 venni
952 3088 311 48 accorgendomi
1296 3088 105 38 ch'io
1433 3087 265 39 racchiudevo
1734 3089 40 37 in
1806 3102 61 24 me
1903 3102 80 24 una

443 3140 113 37 triste
586 3141 159 38 lacuna:
786 3143 73 37 che
892 3151 107 30 tutto
1037 3151 137 31 stanca
1203 3159 21 23 e
1254 3152 105 30 tutto
1400 3144 157 46 delude,
1593 3145 74 37 che
1701 3152 106 30 tutto
1847 3145 136 48 quello

442 3196 73 37 che
545 3197 32 36 si
609 3198 183 47 possiede
821 3199 116 47 sazia,
969 3213 22 23 e
1020 3201 73 36 che
1115 3200 26 37 il
1171 3201 86 37 solo
1287 3202 100 37 bene
1409 3201 336 42 rinnovellantesi,
1769 3201 25 37 il
1816 3201 84 37 solo
1921 3215 42 24 ve-

442 3261 181 30 ramente
652 3255 152 45 divino,
826 3258 22 35 è
869 3255 177 39 l'amore.
1080 3257 102 37 Ebbi
1212 3257 190 44 l'intuito,
1435 3257 37 38 la
1503 3257 252 38 divinazione
1777 3257 39 38 di
1839 3265 144 41 questa

440 3309 142 45 verità,
614 3323 76 26 con
721 3311 37 37 la
788 3311 200 38 sicurezza
1016 3312 162 39 crudele
1208 3312 39 39 di
1280 3327 80 24 non
1398 3314 152 47 poterla
1590 3328 45 23 su
1666 3314 40 37 di
1750 3327 63 24 me
1853 3314 110 47 speri-

442 3373 192 32 mentare.
667 3367 183 50 Qualche
880 3370 108 36 volta
1019 3369 143 48 sperai,
1193 3370 168 38 credetti
1392 3370 325 47 fuggevolmente
1747 3370 38 36 di
1811 3370 170 47 potermi

2112 388 197 48 svegliare
2337 384 66 42 dal
2433 389 82 38 mio
2546 390 158 48 letargo
2736 403 113 25 come
2880 391 36 37 la
2946 390 196 39 Walkiria
3163 392 225 47 dormente,
3414 406 71 35 per
3513 393 153 48 l'opera

2113 444 238 38 miracolosa
2381 444 39 38 di
2451 459 54 24 un
2536 446 168 38 semidio
2796 448 69 36 Ma
2888 447 52 37 mi
2963 447 166 45 accorsi,
3162 449 148 45 ahimè,
3344 449 40 38 di
3412 450 165 37 essermi
3610 449 36 38 in-

2112 507 188 42 gannata.
2333 502 35 37 E
2399 502 26 37 il
2455 503 152 38 mondo
2646 504 197 38 continuò
2878 517 22 24 a
2934 505 236 37 sembrarmi
3214 519 52 23 un
3307 505 155 38 infinito
3505 506 163 39 deserta

2113 556 64 37 nel
2206 558 117 48 quale
2353 559 38 36 io
2423 571 131 35 passo,
2586 560 97 37 sola.
2717 560 43 37 Io
2791 574 100 25 sono
2928 561 37 37 la
3006 561 140 38 donna
3182 562 73 37 che
3287 563 92 37 tutti
3421 563 238 46 ammirano,

2112 613 72 38 che
2215 614 94 37 tutti
2340 627 159 32 amano,
2530 616 73 36 che
2634 623 105 31 tutte
2768 617 226 38 invidiano:
3019 630 101 25 sono
3142 618 101 37 colei
3263 617 72 38 che
3357 619 181 49 accoglie
3560 619 104 37 nella

2111 682 72 24 sua
2213 683 91 24 casa
2345 671 169 48 ospitale
2546 672 92 37 tutti
2668 673 10 36 i
2709 674 243 48 personaggi
2983 673 317 49 ragguardevoli
3332 675 325 45 internazionali;

2112 726 100 37 colei
2249 726 74 38 che
2352 730 21 34 è
2404 734 154 31 cortese
2587 740 75 25 con
2694 730 107 45 tutti,
2836 729 235 49 indulgente
3102 743 117 25 verso
3249 731 105 45 tutti,
3386 731 72 38 che
3484 733 182 37 benefica

2113 782 135 39 tutti...
2282 783 67 37 Ma
2380 785 107 43 tutti,
2520 798 69 34 per
2620 785 63 36 chi
2715 786 51 37 ha
2797 793 84 31 sete
2912 786 39 37 di
2982 799 96 24 vera
3109 786 96 45 vita,
3237 788 95 37 vuol
3361 788 86 37 dire
3481 788 191 38 nessuno/

2114 838 107 44 Così,
2253 845 59 30 tra
2342 853 81 24 una
2453 842 283 46 spaventevole
2766 842 93 37 folla
2890 843 44 36 di
2952 856 168 24 nessuno
3125 873 50 9 ....
3210 856 116 34 passa
3348 844 36 37 la
3417 844 78 37 mia
3516 845 149 38 fastosa

2113 908 22 24 e
2165 895 201 49 squallida
2398 897 205 37 esistenza.
2623 912 21 21 »
2684 922 44 4 —

2226 952 164 48 Tacque
2420 966 52 24 un
2504 962 217 37 momento,
2756 955 31 36 si
2819 954 135 38 chiuse
2985 968 75 24 con
3090 955 40 37 le
3163 955 132 49 palme
3325 956 36 37 le
3391 957 129 48 ciglia,
3548 958 115 48 quasi

2115 1020 69 35 per
2214 1007 192 39 iscrutare
2437 1009 146 49 meglio
2615 1011 143 37 dentro
2789 1011 165 37 l'anima
2984 1024 83 24 sua.
3102 1011 69 38 Poi
3203 1012 178 48 seguitò:

2227 1086 52 6 —
2314 1078 17 22 «
2352 1066 45 36 Io
2427 1066 138 37 dicevo
2597 1067 164 38 talvolta
2793 1067 78 48 agli
2906 1067 151 38 uomini
3090 1068 73 37 che
3200 1067 354 49 m'imploravano,
3586 1070 74 37 che

2114 1119 30 37 si
2186 1120 244 39 umiliavano
2469 1122 37 37 ai
2547 1122 93 37 miei
2678 1123 106 48 piedi
2815 1136 76 24 con
2923 1124 131 49 quella
3083 1124 94 38 viltà
3208 1125 73 37 che
3313 1124 191 38 disonora
3538 1126 127 38 anche

2114 1176 57 49 gli
2202 1177 109 37 eletti
2344 1179 163 47 quando
2538 1192 144 24 amano
2713 1194 23 23 o
2766 1180 177 37 credono
2975 1180 38 36 di
3036 1194 153 24 amare:
3221 1204 22 5 -
3274 1189 182 40 provate,
3496 1190 166 39 provate

2115 1232 164 49 dunque
2309 1247 23 23 a
2361 1236 336 38 commuovermi!
2730 1249 80 24 non
2832 1237 35 36 vi
2890 1236 144 38 chiedo
3057 1237 41 37 di
3122 1238 161 47 meglio.
3308 1237 207 49 Svegliate
3536 1239 26 36 il
3584 1239 81 37 mio

2115 1289 242 37 sentimento
2389 1303 23 24 o
2445 1291 24 37 il
2502 1291 79 37 mio
2613 1292 209 37 desiderio.
2857 1293 221 38 Benedetto
3109 1294 60 37 sia
3190 1294 105 37 colui
3320 1294 73 37 che
3414 1294 38 37 vi
3474 1294 179 39 riuscirà!

2114 1368 22 5 -
2167 1346 68 36 Ma
2271 1359 174 25 nessuno
2485 1348 37 36 vi
2559 1348 122 37 riuscì
2712 1372 21 5 ~
2765 1348 90 37 mai.
2897 1350 32 36 E
2965 1350 144 47 poiché
3140 1350 128 37 darmi
3301 1364 118 24 senza
3454 1364 150 32 amore,
3642 1364 26 24 o

2115 1402 159 37 almeno
2305 1415 118 24 senza
2455 1404 25 36 il
2511 1417 194 25 consenso
2737 1406 63 36 del
2822 1406 82 36 mio
2925 1418 126 35 corpo
3072 1429 22 5 -
3115 1420 81 24 non
3218 1406 93 39 volli
3335 1408 160 45 (cedere
3526 1408 138 43 allora,

2116 1458 192 49 perchè?)
2341 1458 38 38 io
2410 1461 118 36 restai
2559 1473 159 35 sempre
2740 1462 37 36 la
2798 1461 210 38 vincitrice
3038 1463 113 38 triste
3181 1463 50 37 ed
3256 1464 151 36 ironica
3443 1463 105 38 delle
3578 1467 65 34 bat-

2116 1515 125 49 taglie
2272 1528 79 24 non
2383 1517 267 38 combattute!
2685 1517 33 37 E
2749 1517 127 37 anche
2920 1518 36 37 la
2988 1531 103 35 pena
3123 1519 79 36 mia
3247 1521 30 36 si
3320 1533 50 24 va
3400 1520 169 37 facendo
3615 1521 51 36 da

2116 1571 172 49 qualche
2319 1579 136 41 tempo
2486 1574 66 47 più
2584 1573 168 44 intensa,
2786 1574 147 48 perchè
2969 1578 20 33 è
3026 1582 170 41 passata,
3231 1589 24 24 o
3290 1576 138 46 amica,
3461 1576 127 37 anche
3628 1576 37 38 la

2118 1628 80 37 mia
2229 1628 266 46 primavera...
2528 1629 172 38 Anch'io
2733 1630 51 37 ho
2814 1630 147 37 varcati
2984 1630 10 37 i
3017 1631 240 46 trent'anni;
3290 1644 21 24 e
3341 1632 154 38 benché
3527 1633 25 37 il
3583 1634 85 37 mio

2116 1696 123 35 corpo
2271 1684 57 36 sia
2368 1697 146 25 ancora
2544 1686 145 38 intatto
2721 1686 49 37 da
2801 1686 235 49 qualunque
3067 1700 129 36 segno
3227 1688 39 38 di
3298 1688 242 45 decadenza,
3566 1702 102 35 pure

2118 1741 25 36 il
2175 1741 148 48 giorno
2353 1740 108 38 dello
2492 1742 152 37 sfiorire
2674 1743 127 37 anche
2834 1755 69 35 per
2934 1755 64 24 me
3029 1743 31 37 si
3092 1745 196 37 avvicina.
3308 1760 20 20 »
3367 1768 50 5 —

2231 1797 57 36 La
2318 1796 135 38 donna
2485 1797 179 38 d'amore
2697 1806 111 30 stava
2839 1812 146 24 ancora
3025 1799 263 49 ginocchioni
3321 1801 102 37 sulla
3466 1802 195 36 mollezza

2118 1853 142 36 bianca
2290 1852 104 38 della
2424 1867 101 35 gran
2557 1855 103 48 pelle
2690 1855 136 43 ferina,
2860 1855 167 38 estatica
3059 1856 162 38 dinanzi
3254 1872 21 23 a
3311 1858 94 48 quel
3447 1858 216 37 fenomeno

2117 1909 74 38 che
2220 1922 66 23 era
2314 1909 104 38 fuori
2449 1910 103 38 della
2582 1924 73 25 sua
2685 1911 143 38 facoltà
2857 1912 42 38 'di
2936 1913 305 47 comprendere.
3281 1915 36 35 A
3349 1927 54 24 un
3440 1921 121 30 tratto
3592 1914 74 38 ella

2118 1978 203 35 proruppe
2335 1980 7 23 :

2232 2044 51 4 —
2318 2035 19 23 «
2358 2023 66 36 Ma
2454 2023 64 36 voi
2551 2036 81 24 non
2666 2031 113 30 avete
2810 2024 100 37 fatto
2944 2023 23 37 1'
2985 2025 141 37 ultimo
3163 2026 286 48 esperimento,
3487 2027 67 36 voi
3586 2039 80 24 non

2117 2085 138 41 sapete
2285 2091 41 24 se
2357 2078 105 38 dalle
2491 2081 225 36 sensazioni
2749 2093 117 34 possa
2896 2080 132 37 fiorire
3060 2093 70 35 per
3160 2083 66 36 voi
3259 2082 24 35 il
3314 2083 256 38 sentimento.
3609 2083 58 36 La

2118 2141 135 30 vostra
2284 2143 189 29 sventura
2505 2148 80 25 non
2615 2139 21 34 è
2667 2136 257 47 irreparabile
2954 2149 204 26 ancora....
3177 2151 21 23 »
3233 2161 50 4 —

2229 2191 57 36 La
2316 2190 139 39 donna
2485 2192 31 36 si
2550 2192 232 45 trascolorò,
2815 2190 101 39 esitò
2947 2205 54 24 un
3034 2206 103 34 poco
3240 2207 21 23 e
3291 2194 67 47 poi
3389 2194 106 38 disse
3509 2208 7 22 :

2233 2270 49 4 —
2319 2262 18 20 «
2359 2249 228 36 Nemmeno
2616 2248 172 38 l'ultimo
2819 2249 271 48 esperimento
3121 2250 54 36 mi
3206 2251 154 36 rimane
3393 2251 68 47 più
3494 2250 50 38 da
3584 2258 64 30 ten-

2118 2309 94 38 tare,
2245 2304 236 48 sappiatelo.
2516 2305 106 37 Poco
2653 2313 137 39 tempo
2822 2306 49 43 fa,
2895 2306 39 36 in
2956 2319 53 23 un
3032 2314 208 30 momento
3262 2314 120 30 acuto
3403 2307 40 37 di
3464 2305 200 40 desiderio

2119 2358 249 50 dell'ignoto,
2401 2361 40 36 di
2474 2361 222 48 nostalgica
2726 2368 82 31 sete
2841 2363 40 35 di
2913 2362 94 45 vita,
3041 2363 127 36 tentai
3199 2364 37 35 la
3267 2375 128 36 prova
3424 2371 185 30 estrema.

2236 2430 21 21 «
2280 2417 83 37 Ero
2395 2418 40 35 in
2467 2417 174 50 viaggio,
2674 2418 39 36 in
2746 2418 106 47 paesi
2882 2418 163 38 lontani.
3069 2419 67 38 Un
3167 2419 294 48 giovanissimo
3482 2420 161 37 innamo-

2119 2477 88 32 rato
2237 2473 51 36 mi
2320 2473 165 48 seguiva
2516 2474 50 37 da
2596 2474 132 38 alcuni
2762 2474 107 44 mesi,
2903 2474 41 37 di
2975 2474 93 38 città
3100 2476 40 35 in
3172 2476 110 44 città,
3305 2475 42 37 di
3379 2476 95 48 lago
3500 2477 39 37 in
3561 2476 103 48 lago,

2118 2540 45 24 su
2195 2540 70 35 per
2295 2529 10 36 i
2339 2530 111 43 mari,
2483 2543 45 23 su
2561 2544 70 34 per
2661 2530 36 37 le
2728 2537 116 31 vette.
2878 2531 66 36 Un
2975 2531 206 49 singolore
3213 2531 256 39 adolescente
3501 2532 39 38 di
3573 2545 71 24 ven-

2118 2582 139 49 tanni,
2289 2586 74 38 che
2392 2586 181 38 conduce
2603 2586 37 38 la
2670 2587 83 37 vita
2783 2586 126 38 libera
2930 2601 21 23 e
2972 2595 268 30 avventurosa
3262 2588 39 37 di
3322 2601 55 24 un
3402 2589 133 37 antico
3558 2602 109 24 eroe.

2120 2639 109 39 Bello
2273 2654 114 26 come
2432 2655 80 24 non
2552 2656 125 23 avevo
2725 2655 76 24 mai
2846 2642 150 39 veduto
3048 2657 190 24 nessuno.
3291 2645 62 36 Ne
3401 2645 54 36 fui
3507 2644 159 49 colpita,

2119 2709 228 28 commossa
2376 2699 314 46 esteticamente,
2725 2713 20 22 e
2766 2699 144 48 sperai;
2944 2700 165 37 m'illusi
3132 2700 74 37 che
3226 2701 105 37 colui
3354 2702 74 36 che
3457 2709 211 40 aspettavo

2119 2752 103 39 fosse
2253 2754 227 38 finalmente
2510 2762 160 30 venuto.
2704 2756 160 47 Sapevo
2897 2756 25 35 il
2953 2770 72 23 suo
3057 2770 130 32 nome,
3212 2770 64 24 ma
3308 2770 81 24 non
3424 2758 54 36 mi
3499 2771 66 24 era
3588 2759 79 37 mai

2118 2815 104 32 stato
2253 2811 298 48 regolarmente
2581 2819 248 41 presentato:
2862 2824 151 36 eppure
3045 2813 26 37 il
3104 2813 79 37 mio
3215 2813 264 38 tradizionale
3501 2815 168 48 rispetto

2119 2865 101 39 delle
2250 2867 201 38 formalità
2482 2867 150 38 cedeva
2662 2868 36 37 al
2728 2867 201 38 desiderio
2960 2869 38 36 di
3029 2869 197 38 lasciarmi
3248 2869 241 52 avvicinare,
3515 2869 155 39 benché

2118 2922 52 36 da
2199 2930 109 31 tante
2342 2924 213 37 settimane
2589 2925 208 36 ostentarsi
2834 2937 115 24 verso
2991 2925 38 36 di
3064 2926 56 37 lui
3158 2940 52 23 un
3241 2925 201 50 disdegno
3476 2928 190 47 superbo.

2121 2978 252 41 Finalmente
2405 2993 79 24 una
2514 2994 99 32 sera,
2647 2982 39 36 in
2719 2994 51 23 un
2801 2980 158 49 grande
2989 2982 165 49 albergo
3186 2983 276 48 cosmopolita,
3485 2984 40 36 in
3549 2984 119 37 faccia

2119 3034 51 37 ad
2201 3049 53 23 un
2285 3037 168 48 gigante
2483 3037 139 48 alpino
2666 3036 73 38 che
2769 3037 124 37 adoro
2925 3050 21 24 e
2976 3038 74 36 che
3081 3040 53 35 mi
3168 3039 136 45 esalta,
3337 3040 52 42 io,
3422 3040 105 38 forse
3563 3039 85 38 ecci-

2119 3097 82 31 tata
2232 3092 51 37 da
2313 3093 273 49 quell'altezza
2616 3093 265 44 atmosferica,
2916 3093 51 37 mi
2999 3094 119 38 decisi
3158 3095 36 36 al
3231 3097 198 36 tentativo
3467 3109 200 36 supremo.

2120 3147 55 37 Mi
2206 3148 131 38 lasciai
2377 3150 202 48 guardare
2610 3150 51 37 da
2701 3150 135 48 quegli
2881 3150 111 36 occhi
3033 3151 229 47 splendenti
3299 3152 41 36 di
3376 3153 233 47 giovinezza
3650 3166 21 23 e

2119 3203 181 39 d'amore
2315 3219 8 24 :
2356 3206 144 47 risposi
2533 3206 82 47 agli
2646 3206 164 47 sguardi
2822 3220 8 31 ;
2864 3207 52 35 mi
2949 3206 136 38 lasciai
3118 3208 167 47 parlare,
3318 3208 147 48 risposi
3497 3209 77 37 alle
3605 3222 44 35 pa-

2118 3260 83 37 role
2231 3262 141 37 timide
2402 3276 21 23 e
2453 3269 136 31 tenere
2620 3263 73 37 che
2716 3275 49 24 ne
2786 3262 313 38 nascondevono
3121 3264 99 36 altre
3250 3264 173 49 gravi,...
3448 3266 71 36 Poi
3542 3266 129 37 anche

2119 3317 36 36 le
2186 3318 112 47 gravi
2338 3318 146 38 furono
2524 3318 109 38 dette
2673 3332 20 24 e
2735 3319 200 37 ascoltate.
2979 3319 33 37 E
3052 3319 358 40 deliberatamente
3449 3321 54 37 fui
3544 3321 125 44 vinta,

2120 3373 177 39 volendo
2318 3374 181 48 perdere,
2531 3375 243 38 sembrando
2805 3375 220 38 concedere
3047 3389 71 35 per
3140 3377 107 37 forza
3269 3377 250 38 irresistibile
3539 3378 135 47 quello

1952 3518 217 38 42
