2758 3894
1933 244 309 55 TEK
2324 248 52 50 H
2458 249 55 50 N
2594 251 43 49 E

226 3661 84 60 16

248 2547 56 40 Le
341 2547 40 40 lit
413 2561 148 35 pourvu
596 2546 47 43 de
676 2548 178 42 roulettes
890 2557 133 35 trouve
1054 2557 137 46 refuge
1224 2554 98 43 dans
1355 2573 48 24 un

241 2618 127 43 réduit
399 2629 150 31 servant
580 2638 44 24 en
656 2624 121 38 même
809 2630 120 42 temps
960 2623 49 42 de
1038 2624 183 44 chambre
1253 2626 50 43 de
1335 2630 51 39 toi-

245 2693 88 40 lette
361 2702 34 31 et
421 2695 64 48 qui
510 2702 52 32 est
568 2728 8 12 ,
600 2693 99 42 dans
723 2712 42 24 ce
791 2695 79 47 but,
897 2698 189 49 aménagé
1108 2712 94 30 avec
1232 2704 166 45 confort.

245 2764 225 42 Excellente
502 2766 164 42 solution
696 2782 97 35 pour
823 2768 312 45 salon-chambre
1167 2776 22 37 à
1220 2773 166 42 coucher

1501 454 80 32 par
1619 454 58 23 un
1719 446 135 41 tuyau
1891 437 196 52 fkexible,
2128 440 227 40 maniable
2393 445 26 37 à
2455 441 201 45 volonté,

1500 506 43 30 et
1569 498 113 41 dont
1709 497 187 42 l'orifice
1924 506 66 33 est
2012 503 126 47 garni
2165 501 28 40 d
2215 518 87 23 une
2326 501 168 42 brosse.
2527 502 133 41 «Plus

1499 557 57 41 de
1586 562 143 38 mains
1757 558 116 43 sales
1909 576 41 35 »,
1982 559 162 42 dit-on.

1567 618 71 41 Un
1666 628 123 32 autre
1817 620 167 40 conseil
2015 620 185 42 d'ordre
2226 623 195 49 général,
2451 623 60 41 du
2540 623 96 41 tech-

1499 683 142 37 nicien
1677 680 297 50 d'Amérique
2014 698 7 22 :
2055 682 253 49 suspendez
2338 686 205 46 toujours
2576 701 84 24 vos

1497 739 249 43 radiateurs
1785 757 123 24 assez
1948 741 108 40 haut
2094 758 115 32 pour
2251 743 105 49 qu'il
2392 748 87 37 soit
2517 751 118 43 possi-

1496 800 74 41 ble
1605 801 291 41 d'entretenir
1931 801 259 41 facilement
2223 804 216 48 plancher
2472 814 43 31 et
2544 805 91 50 plin-

1496 861 74 41 the
1600 861 278 42 au-dessous.

1564 923 102 40 Une
1689 939 22 23 «
1738 922 110 42 salie
1868 924 25 40 à
1917 938 188 36 manger
2127 941 23 23 »
2178 925 57 40 de
2266 925 103 51 1,50
2395 929 38 37 X
2469 925 104 48 1,50
2595 944 59 25 m.

1494 983 117 41 n'est
1633 1000 80 33 pas
1741 983 136 42 chose
1903 1001 109 34 rare,
2039 988 43 38 ni
2105 985 276 51 impossible.
2413 987 78 41 Ses
2514 990 144 49 sièges

1500 1052 36 31 2t
1571 1044 44 43 la
1646 1043 122 43 table
1798 1052 108 35 sont
1931 1044 198 45 mobiles
2160 1054 47 35 et
2239 1063 48 26 se
2319 1048 192 50 replient
2545 1051 89 40 aisé-

1494 1114 124 31 ment
1649 1106 113 41 dans
1791 1105 63 42 tes
1883 1122 133 26 murs.
2062 1107 119 50 (Nos
2210 1112 237 39 carossiers
2479 1108 152 44 d'auto-

1492 1164 171 43 mobile
1690 1166 208 41 réalisent
1926 1167 57 42 de
2009 1167 127 42 telles
2166 1168 179 50 choses;
2371 1195 68 6 —
2464 1186 54 26 en
2545 1186 84 26 vou-

1494 1225 289 45 drions-nous
1805 1228 110 42 chez
1943 1230 197 49 nous?).

1557 1289 62 41 La
1640 1288 112 42 salle
1777 1289 61 41 de
1859 1289 124 45 Bain.
2009 1316 68 5 -—
2099 1308 182 25 comme
2303 1291 42 42 la
2369 1296 166 38 cuisine
2558 1300 73 33 tou-

1490 1352 126 47 jours
1652 1349 44 43 la
1724 1350 255 43 coloration
2018 1350 133 43 claire
2198 1352 65 50 (le
2297 1352 136 42 blanc
2467 1370 86 34 pur
2589 1362 67 32 est

1491 1412 90 39 très
1612 1419 194 33 souvent
1834 1428 57 25 en
1920 1411 253 52 honneur),
2208 1412 97 42 doit
2334 1417 198 48 pouvoir
2562 1417 94 39 être

1489 1475 213 45 nettoyée
1735 1489 88 24 aux
1851 1472 194 50 grandes
2080 1489 126 25 eaux.
2240 1473 120 41 Tout
2388 1491 83 26 son
2500 1492 124 25 ameu-

1489 1531 203 41 blement
1724 1549 99 25 sera
1859 1535 186 39 exécuté
2082 1552 56 24 en
2169 1538 315 47 conséquence
2526 1536 128 51 (sans

1490 1592 172 41 oublier
1712 1593 226 42 l'armoire
1986 1594 235 52 médicale,
2272 1596 132 52 logée
2452 1598 114 42 dans
2613 1598 41 42 le

1488 1671 110 33 mur,
1638 1654 204 42 émaiHée
1876 1657 413 51 intérieurement).

1550 1714 133 42 Deux
1713 1719 284 38 nouveautés
2033 1735 118 33 pour
2185 1717 41 44 la
2254 1719 111 42 salle
2401 1719 59 43 de
2493 1720 107 44 bain
2641 1738 10 25 :

1494 1774 68 53 1°)
1601 1775 43 43 la
1675 1776 179 44 douche
1886 1780 208 48 projetée
2126 1780 413 43 horizontalement
2571 1799 82 35 par

1487 1854 87 23 une
1612 1841 112 38 série
1762 1839 57 41 de
1854 1843 87 46 jets
1986 1839 80 50 (au
2108 1841 84 41 lieu
2228 1841 58 43 de
2322 1842 44 42 la
2406 1860 22 25 «
2462 1861 190 34 pomme

1487 1896 29 42 d
1538 1902 194 39 arrosoir
1769 1916 24 25 »
1834 1899 184 43 laissant
2053 1901 182 43 tomber
2271 1919 89 28 une
2393 1901 124 55 pluie
2552 1920 76 27 ver-

1485 1961 129 40 ticale
1663 1964 73 47 qui
1785 1961 262 42 éclabousse
2094 1972 43 31 et
2188 1981 146 33 coupe
2383 1965 237 53 l'haleine)
2640 1985 8 29 ;

1487 2021 70 49 2°)
1598 2030 149 32 toutes
1779 2040 291 25 manœuvres
2103 2024 57 41 de
2192 2025 180 43 robinet
2403 2027 59 43 de
2496 2027 130 43 chauf-

1485 2083 103 50 fage
1626 2101 56 23 ou
1720 2083 133 42 d'eau
1889 2101 47 24 se
1973 2086 81 40 fait
2094 2085 58 43 de
2186 2086 44 43 la
2263 2086 249 53 baignoire.

1547 2143 62 43 La
1638 2144 217 44 chambre
1887 2147 26 41 à
1944 2147 197 41 coucher
2178 2156 66 34 est
2276 2165 90 25 une
2395 2151 131 49 pièce
2556 2152 71 39 inu-

1482 2204 86 47 tile,
1609 2205 41 42 la
1681 2209 156 39 moitié
1872 2208 60 41 du
1965 2217 162 40 temps.
2162 2209 235 43 Certaines
2428 2210 223 43 solutions

1483 2269 293 41 américaines
1819 2268 104 42 font
1965 2269 271 50 disparaître
2277 2270 44 43 le
2360 2270 51 44 Ht
2451 2297 69 6 —
2559 2271 92 53 plié

1480 2335 44 33 et
1557 2327 240 43 basculant
1833 2329 347 44 verticalement
2209 2357 70 7 —
2311 2331 115 44 dans
2455 2350 60 25 un
2553 2333 72 51 pla-

1481 2389 107 42 card
1623 2390 184 51 disposé
1839 2390 114 44 dans
1987 2391 41 43 le
2058 2409 101 26 mur
2191 2396 28 39 à
2247 2401 72 35 cet
2348 2393 129 44 effet.
2508 2393 113 44 D'au-

1479 2458 100 39 tres,
1619 2460 298 42 augmentent
1951 2452 66 43 les
2049 2456 296 49 proportions
2381 2454 58 44 de
2467 2471 54 26 ce
2551 2455 72 52 pla-

1479 2512 108 43 card
1617 2513 183 51 jusqu'à
1833 2531 56 25 en
1922 2514 111 42 faire
2063 2531 61 26 un
2153 2514 183 44 cabinet
2366 2514 59 44 de
2456 2515 191 53 toilette,

1479 2576 57 38 cù
1564 2575 40 40 le
1633 2575 61 50 lit,
1723 2577 158 39 monté
1908 2594 73 24 sur
2006 2575 227 54 roulettes,
2261 2576 263 44 facilement
2550 2594 64 27 ma-

1478 2634 163 49 niable,
1678 2645 66 31 est
1776 2636 90 51 plié
1898 2645 43 33 et
1976 2637 153 42 dressé
2157 2637 358 46 verticalement.

1541 2721 120 40 (Note
1696 2735 5 18 :
1729 2721 69 33 Les
1828 2722 142 34 clichés
1998 2724 66 40 qui
2089 2722 193 36 illustrent
2312 2738 63 19 ces
2400 2731 126 31 notes,
2555 2731 91 28 sont

1477 2785 159 31 extraits
1666 2782 45 33 de
1745 2782 36 34 la
1810 2797 115 20 revue
1959 2794 20 23 «
2008 2783 78 35 Het
2113 2782 269 45 Bouwbedrijf
2407 2783 60 45 >.)

231 3529 513 51 SUPPLEMENT
782 3532 109 51 AU
927 3532 326 52 VOLUME
1294 3536 97 51 VI.
1545 3539 335 54 NUMERO
1924 3560 30 33 2
1992 3541 103 53 DE
2146 3561 30 32 «
2216 3542 101 52 LA
2357 3542 180 54 CITE
2579 3560 49 32 ».
