3474 4452
1678 133 111 52 339

124 286 95 52 und
249 286 101 50 ihre
382 286 172 50 Gatten
595 286 220 49 kommen
856 282 82 51 mit
969 280 213 68 Gefolge,
1227 279 82 51 das
1337 282 112 48 Fest
1488 280 79 50 des
1596 283 66 66 Hy-

122 372 195 46 menäus
363 367 83 48 mit
487 367 188 66 Gesang
726 363 97 51 und
874 364 127 47 Tanz
1040 379 56 31 za
1134 360 234 68 begehen,
1412 362 189 51 worauf
1624 363 74 48 ein

122 447 131 51 Mahl
284 447 130 67 folgt,
458 463 59 32 an
547 446 107 49 dem
686 443 109 69 jede
824 440 217 51 Danaide
1072 460 57 31 an
1161 442 83 49 der
1276 442 123 49 Seite
1430 442 123 49 ihres
1585 443 85 50 Gat-

122 537 78 42 ten
253 528 113 50 sitzt.
416 528 99 47 Der
559 543 144 51 ganze
733 524 92 50 Act
862 523 56 48 ist
950 522 127 49 Chor
1119 522 95 51 und
1243 523 151 50 Ballet
1427 523 96 50 und
1552 523 116 50 hoch-

120 608 235 50 zeitlicher
388 608 160 65 Pomp.

240 689 98 47 Das
369 687 206 48 Theater
618 680 291 54 verwandelt
950 682 95 51 sich
1088 683 61 50 im
1191 684 173 49 vierten
1394 684 217 66 Aufzuge
1652 684 45 49 in

120 768 105 50 eine
255 768 185 48 Galerie
472 767 84 48 mit
576 768 262 64 Zugängen
867 782 55 31 zu
951 763 90 50 den
1072 764 363 50 hochzeitlichen
1458 764 239 50 Zimmern

120 847 84 49 der
233 849 378 65 llypermnestra
651 843 94 51 und
790 844 127 49 ihrer
951 844 314 50 Schwestern.
1322 846 373 66 llypermnestra

119 928 98 48 tritt
246 927 83 49 mit
357 927 150 49 ihrem
540 926 147 49 Vater
717 923 94 58 auf,
857 923 89 51 den
989 924 65 50 sie
1097 924 119 50 noch
1261 942 56 32 zu
1360 924 203 50 erbitten
1592 942 77 32 ver-

120 1008 158 56 sucht;
322 1006 233 50 umsonst!
604 1004 82 49 Ihr
714 1004 195 59 Flehen,
954 1004 101 50 ihre
1087 1003 211 61 Gründe,
1342 1006 102 48 ihre
1476 1004 219 50 Thränen

122 1087 189 51 können
340 1087 98 48 sein
467 1084 282 50 Felsenherz
780 1084 125 50 nicht
933 1084 323 59 erschüttern;
1288 1102 52 31 er
1368 1086 213 64 verlangt
1608 1102 87 33 von

120 1167 74 49 ihr
225 1167 282 56 Gehorsam,
536 1164 321 68 Vollführung
888 1166 151 48 seiner
1062 1164 179 59 Rache,
1274 1164 94 50 und
1390 1166 108 48 lässt
1519 1164 66 50 sie
1610 1183 56 31 un-

122 1255 70 41 ter
222 1246 84 48 der
335 1244 189 50 Wache
552 1262 88 32 von
672 1244 240 58 Soldaten,
951 1243 74 50 die
1054 1243 91 51 den
1175 1244 203 66 Auftrag
1407 1243 174 60 haben,
1623 1243 72 51 die

122 1327 133 48 Thür
284 1324 80 50 des
393 1326 229 49 Zimmers
663 1343 56 31 zu
762 1326 214 48 besetzen
1018 1324 96 50 und
1143 1324 184 60 Jedem,
1378 1342 161 32 ausser
1587 1324 106 51 dem

120 1406 218 57 Linceus,
368 1404 90 50 den
487 1406 221 66 Eingang
736 1423 55 31 zu
824 1404 210 50 wehren.

241 1487 389 66 llypermnestra,
681 1486 45 48 in
773 1484 367 68 Verzweiflung,
1197 1484 83 50 hat
1327 1484 162 49 weiter
1528 1484 166 50 keinen

122 1564 237 59 Wunsch,
411 1567 66 48 als
520 1564 107 60 den,
678 1564 104 51 dass
811 1564 200 50 Linceus
1051 1566 97 48 sich
1186 1566 86 49 auf
1308 1564 168 50 immer
1505 1582 87 32 von
1622 1564 73 50 ihr

123 1646 243 49 entfernen
407 1649 155 63 möge.
616 1644 161 51 Indem
806 1644 99 50 tritt
935 1662 50 31 er
1015 1643 179 60 herein,
1238 1648 144 46 stürzt
1409 1644 97 50 sich
1538 1644 72 49 ihr
1639 1663 56 31 zu

120 1726 196 58 Füssen,
357 1726 87 49 voll
473 1724 242 51 liebender
743 1724 261 66 Hoffnung.
1055 1724 76 50 Sie
1162 1724 206 68 gebietet
1397 1724 92 49 ihm
1523 1726 171 48 Flucht

127 1822 126 33 —er
279 1810 174 63 zögert.
504 1808 76 49 Da
622 1806 108 48 hört
772 1822 110 32 man
912 1803 81 51 das
1023 1804 421 68 verhängnissvolle
1472 1804 221 59 Zeichen,

120 1886 64 48 sie
222 1886 94 48 ruft
353 1886 95 49 ihm
487 1901 83 34 zu:
621 1886 156 49 Flieh!
820 1902 111 32 man
973 1883 185 51 mordet
1200 1884 135 50 deine
1374 1883 203 51 Brüder!
1627 1886 67 48 Er

119 1968 145 46 stürzt
292 1966 184 58 hinaus,
526 1966 63 48 sie
630 1984 56 30 zu
730 1966 171 48 rächen
941 1963 114 51 oder
1092 1964 84 50 mit
1214 1964 141 49 ihnen
1392 1982 53 31 zu
1489 1963 204 52 sterben.

120 2046 158 48 Kaum
310 2046 56 48 ist
396 2062 50 32 er
476 2046 183 58 hinaus,
689 2044 65 51 als
778 2061 108 33 man
909 2043 154 51 hinter
1084 2044 84 49 der
1191 2046 149 48 Scene
1364 2043 82 51 das
1472 2044 221 50 Geschrei

122 2123 84 50 der
235 2124 372 67 Unglücklichen
637 2124 125 59 hört,
805 2123 74 50 die
922 2123 240 50 ermordet
1200 2123 207 50 werden,
1459 2124 205 67 llyperm-

122 2211 156 43 nestra
307 2203 122 50 sinkt
468 2204 46 49 in
546 2203 289 60 Ohnmacht,
885 2202 96 51 und
1025 2203 137 66 jener
1200 2203 316 50 schreckliche
1568 2203 127 50 Chor

124 2283 271 51 beschliesst
424 2283 90 50 den
542 2284 105 50 Act.

244 2363 91 50 Die
383 2363 289 50 Decoration
715 2362 146 49 bleibt
904 2363 61 48 im
1012 2362 184 49 fünften
1239 2362 219 51 dieselbe.
1507 2363 161 66 llyper-

124 2450 222 50 mnestra,
378 2442 73 50 die
482 2443 85 51 auf
590 2443 84 50 der
689 2442 168 51 Bühne
875 2442 120 50 noch
1017 2442 169 50 immer
1209 2443 43 47 in
1271 2442 273 50 Ohnmacht
1567 2443 126 65 liegt,

126 2523 181 50 kommt
334 2542 54 31 zu
419 2523 95 49 sich
545 2523 170 57 selber,
749 2521 268 51 unwissend
1046 2522 79 48 des
1155 2522 261 50 Schicksals
1445 2523 123 47 ihres
1601 2522 60 48 Ge-

122 2603 185 49 liebten.
358 2605 194 48 Danaus
584 2602 231 51 erscheint
858 2602 93 48 und
997 2602 122 65 fragt
1157 2602 81 57 sie,
1281 2602 61 50 ob
1374 2602 199 50 Linceus
1603 2619 87 31 von

120 2683 129 50 ihrer
272 2683 141 50 Hand
443 2683 211 66 getödtet
681 2683 78 50 sei.
791 2683 79 49 Ich
901 2682 124 50 habe
1056 2682 186 50 meinen
1274 2683 169 49 Gatten
1474 2688 216 61 gerettet,

122 2770 103 59 sagt
253 2763 80 59 sie,
362 2762 95 50 und
490 2770 142 42 trotze
663 2762 160 50 deiner
852 2762 184 50 Hache!
1088 2762 75 48 Sie
1214 2762 112 66 geht
1361 2761 184 58 hinaus,
1595 2759 96 50 und

123 2845 196 48 Danaus
350 2843 115 66 folgt
494 2845 87 55 ihr,
614 2842 89 50 den
733 2842 200 50 Linceus
964 2842 329 50 aufzusuchen.
1345 2841 204 51 Hierauf
1572 2845 96 45 strö-

126 2940 105 32 men
263 2923 73 50 die
358 2922 250 51 Danaiden
640 2922 82 50 auf
747 2922 73 50 die
842 2922 185 57 Bühne,
1051 2921 313 59 wutherfüllt,
1394 2921 83 49 mit
1503 2921 167 66 fliegen-

126 3002 88 50 den
245 3005 212 57 Haaren,
489 3003 109 50 halb
630 3003 82 49 mit
740 3002 320 66 Tigerhäuten
1091 3001 249 58 bekleidet,
1369 3001 46 49 in
1445 3001 84 49 der
1558 3001 135 49 einen

120 3081 144 49 Hand
292 3082 136 50 einen
458 3083 225 66 Thyrsus,
714 3082 45 48 in
788 3081 84 49 der
903 3081 207 49 anderen
1139 3081 135 49 einen
1299 3080 208 67 blutigen
1524 3078 166 51 Dolch.

120 3160 191 50 Andere
343 3161 155 49 haben
529 3162 244 66 Tympana
802 3161 45 48 in
877 3160 89 49 den
997 3160 217 58 Händen,
1253 3161 73 48 die
1355 3161 63 48 sie
1448 3161 83 47 mit
1558 3158 133 50 ihren

120 3241 214 49 Dolchen
382 3241 250 66 schlagen;
694 3240 174 49 andere
917 3240 233 49 schütteln
1200 3240 222 49 Fackeln.
1497 3241 194 47 Danaus

122 3321 181 49 kommt
324 3321 175 48 zurück
520 3320 98 49 und
641 3318 200 68 kündigt
861 3320 157 48 seinen
1042 3318 237 50 Töchtern
1303 3336 75 41 an,
1408 3320 102 48 ihre
1533 3318 160 50 Hache

122 3400 63 49 sei
214 3400 267 57 verrathen,
522 3398 94 50 und
645 3398 199 49 Linceus
884 3397 270 50 entkomme
1196 3397 175 50 seinem
1401 3398 167 49 Zorne.
1625 3398 68 47 Er

122 3480 94 49 will
245 3481 373 66 llypermnestra
658 3478 82 49 mit
780 3477 190 66 eigener
1001 3476 141 51 Hand
1176 3477 261 66 hinopfern.
1489 3478 53 49 In
1585 3476 106 49 dem

122 3558 344 68 Augenblicke,
496 3558 60 50 da
579 3575 51 32 er
653 3557 88 50 den
766 3558 130 49 Stahl
922 3575 151 48 gegen
1096 3557 63 48 sie
1183 3557 183 57 erhebt,
1398 3556 156 67 dringt
1581 3556 83 48 Lin-

124 3655 107 33 ceus
263 3638 81 49 mit
372 3637 91 51 den
493 3637 219 66 Seinigen
741 3636 86 49 auf
848 3637 80 48 ihn
960 3637 90 57 ein,
1091 3636 202 66 Pelagus
1322 3640 145 45 stürzt
1496 3636 84 49 auf
1603 3635 87 49 den

124 3721 196 48 Danaus
362 3736 54 31 zu
457 3717 95 50 und
580 3717 149 51 tödtet
755 3717 94 48 ihn.
907 3718 110 47 Nun
1058 3715 277 50 verdunkelt
1375 3716 83 49 das
1488 3716 205 48 Theater

124 3798 113 59 sich,
268 3797 72 51 die
369 3796 126 51 Erde
526 3796 129 58 bebt,
700 3795 95 50 und
834 3795 84 49 der
945 3796 197 48 Donner
1181 3795 156 49 brüllt.
1388 3795 103 49 Alle
1524 3795 167 48 fliehen

126 3880 215 49 bestürzt.
383 3878 102 49 Der
512 3877 174 57 Palast,
725 3894 107 31 vorn
861 3877 195 47 Donner
1084 3875 233 66 getroffen
1357 3873 98 51 und
1483 3892 89 32 von
1603 3873 90 50 den

126 3960 246 48 Flammen
395 3957 223 57 verzehrt,
649 3956 122 48 sinkt
800 3956 43 48 in
874 3955 95 49 sich
999 3955 74 48 ein
1101 3953 96 50 und
1220 3953 352 51 verschwindet.
1601 3953 92 50 Die

124 4038 286 50 Decoration
440 4036 163 51 ändert
631 4036 95 49 sich
772 4033 94 51 und
910 4035 121 49 stellt
1059 4032 90 51 den
1180 4035 226 48 Tartarus
1435 4051 95 32 vor.
1581 4033 112 50 Man

124 4117 121 50 sieht
284 4116 74 51 die
387 4115 316 53 Höllenflüsse
730 4115 287 49 Blutströme
1054 4113 174 50 wälzen
1271 4112 97 50 und
1409 4113 164 49 mitten
1614 4112 85 50 auf

127 4195 82 52 der
239 4197 168 50 Bühne
438 4196 89 51 den
556 4198 212 55 Danaus,
813 4211 58 33 an
901 4195 136 49 einen
1069 4193 166 51 Felsen
1276 4192 285 68 angekettet,
1604 4209 89 34 von

1777 282 151 49 einem
1963 279 140 51 Geier
2133 288 201 60 genagt;
2387 283 87 50 auf
2504 283 98 50 sein
2640 283 166 67 Haupt
2846 286 187 47 stürzen
3077 280 278 51 wiederholt

1774 360 323 51 Donnerkeile
2127 359 163 51 herab.
2320 363 89 48 Die
2431 362 266 59 Danaiden,
2728 362 360 68 gruppenweise
3119 360 234 68 gefesselt,

1774 460 89 33 von
1893 440 91 51 den
2013 443 251 47 Dämonen
2296 444 187 65 gequält
2523 443 120 52 oder
2679 461 91 33 von
2798 444 177 49 Furien
3011 443 216 66 verfolgt,
3276 458 50 33 er-

1775 523 148 48 füllen
1954 522 83 49 das
2067 522 207 49 Theater
2305 522 82 48 mit
2424 522 132 56 ihren
2586 524 335 66 Bewegungen
2961 523 97 56 und
3088 523 86 48 mit
3203 523 150 48 ihrem

1777 603 246 57 Geschrei;
2075 603 72 50 ein
2192 602 208 67 feuriger
2429 603 163 66 Regen
2640 604 198 66 ergiesst
2873 604 95 50 sich
3012 602 338 53 unaufhörlich

1774 682 164 51 herab.
1970 682 252 52 Während
2246 680 106 51 dass
2382 680 153 50 dieser
2556 683 384 65 pantomimische
2965 686 125 48 Tanz
3114 701 89 33 von
3227 684 93 49 Tän-

1773 781 108 32 zern
1911 763 231 50 executirt
2170 762 136 61 wird,
2338 762 169 49 drückt
2537 762 73 48 ein
2636 763 125 50 Chor
2784 764 81 49 das
2889 764 221 50 Geschrei
3134 763 97 51 und
3256 764 62 50 Ge-

1774 844 151 49 seufze
1956 843 83 50 der
2069 843 246 51 Danaiden
2347 860 100 41 aus,
2493 842 75 51 die
2598 842 95 48 sich
2725 852 208 41 umsonst
2963 844 266 59 bestreben,
3274 843 74 50 die

1775 923 333 67 verfolgenden
2137 923 97 50 und
2262 924 64 49 sie
2356 921 266 71 quälenden
2652 923 218 48 Dämone
2898 942 55 29 zu
2980 923 307 67 besänftigen.

1893 1003 247 51 Nachdem
2191 1003 82 50 der
2315 1002 401 51 kenntnissreiche
2758 1002 94 49 und
2897 1003 263 66 geschickte
3198 1006 120 47 Beur-

1773 1083 167 52 theiler
1970 1083 83 50 der
2083 1084 133 68 Oper
2243 1084 45 49 in
2320 1083 105 51 dem
2450 1083 265 51 Mai-Hefte
2740 1082 80 49 des
2836 1079 226 54 Mercure
3082 1083 58 50 de
3161 1083 190 51 France

1775 1162 71 49 die
1877 1164 220 66 Vorzüge
2138 1163 97 50 und
2277 1163 291 50 Schwächen
2612 1162 80 49 des
2737 1162 301 51 Textbuches
3081 1162 268 51 bezeichnet

1775 1243 95 51 und
1900 1244 108 49 sehr
2031 1244 199 49 treffend
2254 1243 352 51 charakterisirt
2627 1243 97 59 hat,
2756 1243 177 67 spricht
2963 1260 50 34 er
3043 1243 94 50 sich
3166 1244 46 49 in
3241 1243 107 51 dem

1775 1324 151 49 Blatte
1954 1340 106 33 vorn
2093 1323 87 50 22.
2206 1323 96 50 Mai
2339 1323 147 50 1784
2517 1323 121 50 über
2667 1323 75 50 die
2770 1323 158 50 Musik
2960 1340 98 33 aus.
3088 1323 69 48 Er
3185 1331 126 58 sagt:

1905 1403 109 59 „Bei
2046 1402 84 51 der
2158 1403 119 50 noch
2309 1403 166 50 immer
2497 1403 381 51 schwankenden
2900 1403 230 66 Meinung
3153 1402 80 51 des
3256 1404 62 49 Pu-

1775 1483 196 50 blicums
2001 1483 118 50 über
2150 1482 89 51 den
2272 1483 176 51 Werth
2478 1483 82 50 der
2591 1483 151 51 Musik
2773 1483 84 50 der
2886 1483 253 50 Danaiden
3176 1483 170 50 wollen

1770 1563 87 50 wir
1887 1581 84 32 uns
1997 1563 145 51 damit
2171 1563 271 67 begnügen,
2474 1563 73 50 die
2575 1564 191 66 unsrige
2789 1563 119 50 nach
2932 1563 92 50 den
3040 1562 309 51 Eindrücken

1769 1662 55 31 zu
1853 1661 162 49 sagen,
2067 1643 73 50 die
2169 1643 65 50 sie
2264 1643 85 50 auf
2387 1660 84 33 uns
2518 1643 220 66 gemacht
2766 1643 96 59 hat,
2893 1643 98 50 und
3020 1643 65 50 sie
3116 1643 106 50 dem
3255 1644 61 50 Ur-

1769 1724 140 50 theile
1939 1724 312 49 erleuchteter
2282 1723 95 50 und
2400 1723 373 67 unparteiischer
2795 1724 194 49 Kenner
3013 1724 333 51 unterwerfen.

1900 1804 117 59 „Die
2048 1804 268 50 Ouvertüre
2357 1804 56 49 ist
2457 1804 83 49 mit
2579 1803 130 50 einer
2747 1803 207 50 schönen
2984 1804 233 50 Intention
3259 1821 57 49 ge-

1768 1883 261 50 schrieben.
2088 1883 76 50 Sie
2193 1883 114 50 hebt
2337 1883 147 67 gleich
2518 1883 84 50 mit
2627 1884 145 47 Ernst
2809 1900 72 33 an.
2937 1884 65 47 Es
3034 1883 113 66 folgt
3176 1883 175 51 darauf

1768 1963 102 50 eine
1900 1964 139 49 Stelle
2083 1964 87 49 voll
2213 1963 234 50 lebhafter
2474 1964 278 65 Bewegung
2795 1962 97 49 und
2935 1963 275 50 fröhlichem
3251 1964 62 49 Ge-

1768 2061 162 50 sänge,
1961 2043 73 50 die
2065 2044 84 50 auf
2173 2043 72 51 die
2274 2046 155 57 Feste,
2461 2043 74 50 die
2563 2043 308 50 vorkommen
2897 2044 162 58 sollen,
3083 2043 263 57 hindeutet,

1769 2123 95 50 und
1895 2124 147 50 dieses
2072 2123 119 50 wird
2220 2124 176 50 wieder
2423 2141 90 32 von
2542 2123 209 50 anderen
2780 2124 162 65 Zügen
2974 2123 370 59 unterbrochen,

1770 2204 150 49 worin
1951 2204 72 49 die
2052 2203 189 50 starken
2271 2203 280 50 Ausdrücke
2580 2203 97 48 und
2705 2203 324 66 pathetischen
3052 2203 207 50 Accente
3288 2222 57 31 zu

1771 2283 221 50 finsteren
2022 2282 97 51 und
2147 2283 268 66 tragischen
2446 2282 259 49 Gedanken
2735 2282 154 49 leiten.
2939 2282 143 49 Diese
3111 2283 206 48 verschie-

1770 2362 150 49 denen
1963 2362 292 51 Charaktere
2297 2362 102 49 sind
2442 2362 84 49 mit
2563 2363 156 47 Kunst
2759 2378 271 32 zusammen
3074 2362 270 51 contrastirt

1770 2443 90 49 und
1896 2443 43 49 in
1970 2442 226 51 einander
2216 2443 364 57 verschmolzen,
2605 2445 47 47 et
2674 2443 219 49 soutenus
2908 2457 105 52 par
3040 2458 67 34 im
3135 2442 73 50 bei
3231 2442 115 67 effet

1766 2522 291 51 d'orchestre.
2107 2522 247 50 Vielleicht
2387 2522 56 48 ist
2479 2521 81 49 das
2592 2528 121 42 erste
2744 2528 154 41 ernste
2928 2521 146 49 Stück
3104 2521 128 51 nicht
3261 2540 54 49 ge-

1768 2620 95 48 nug
1892 2602 282 58 entwickelt,
2203 2619 50 33 so
2286 2601 103 49 dass
2420 2601 84 49 der
2527 2599 241 51 Eindruck
2793 2599 149 50 davon
2972 2619 55 30 zu
3058 2599 109 51 bald
3191 2601 151 51 durch

1768 2681 72 51 die
1863 2682 226 50 fröhliche
2114 2683 292 65 Bewegung,
2437 2681 72 49 die
2532 2679 174 51 darauf
2724 2681 129 65 folgt,
2885 2681 299 66 ausgelöscht
3207 2682 135 60 wird,

1768 2761 73 49 die
1870 2761 272 67 überhaupt
2183 2762 126 48 wohl
2353 2763 74 47 ein
2470 2761 155 66 wenig
2662 2779 54 30 zu
2756 2761 84 48 viel
2879 2761 43 48 in
2959 2759 173 51 diesem
3165 2761 176 51 Stücke

1766 2861 56 31 zu
1850 2842 255 50 herrschen
2135 2842 191 50 scheint.
2357 2843 68 47 Im
2451 2842 188 48 Ganzen
2669 2839 200 51 erkennt
2897 2857 110 32 man
3031 2839 89 51 den
3143 2842 199 50 wahren

1770 2922 130 50 Geist
1928 2921 150 51 dieser
2105 2922 91 48 Art
2222 2939 90 33 von
2344 2921 319 67 Composition
2693 2919 152 60 darin,
2880 2937 168 32 wovon
3081 2921 151 49 Gluck
3262 2923 84 49 auf

1769 3019 217 31 unserem
2010 3001 205 49 Theater
2239 3001 81 49 das
2344 3007 121 42 erste
2488 3001 180 49 Muster
2691 3000 44 49 in
2758 2998 84 51 der
2864 3000 271 50 erhabenen
3154 3002 155 48 Ouver-

1768 3088 104 42 türe
1904 3081 82 49 der
2014 3081 243 66 Iphigenie
2287 3081 45 48 in
2359 3081 135 48 Aulis
2523 3080 216 66 gegeben
2768 3080 94 49 hat.
2895 3080 88 48 Die
3013 3096 83 32 vor
3124 3080 90 49 den
3238 3082 66 48 Da-

1768 3160 185 57 naiden,
1984 3161 121 48 ohne
2137 3160 83 48 mit
2250 3160 137 66 jener
2415 3158 267 68 verglichen
2713 3157 193 51 werden
2947 3176 56 31 zu
3034 3158 206 61 können,
3283 3161 57 49 ist

1768 3240 108 48 weit
1905 3238 118 50 über
2046 3238 87 50 den
2160 3237 396 51 unbedeutenden
2578 3238 367 68 Symphonieen,
2969 3238 74 50 die
3066 3240 148 49 nichts
3238 3256 66 33 ma-

1768 3320 89 55 len,
1897 3317 149 50 nichts
2075 3317 320 67 ankündigen,
2436 3317 72 50 die
2537 3317 45 50 in
2613 3316 74 51 die
2718 3317 325 67 gewöhnliche
3073 3320 144 48 Form
3248 3336 89 32 von

1766 3400 207 48 Sonaten
2004 3414 245 49 gegossen,
2287 3398 89 49 alle
2406 3415 83 32 aus
2519 3396 100 51 drei
2649 3397 114 50 oder
2794 3397 95 50 vier
2920 3397 201 50 Stücken
3151 3415 154 33 zusam-

1766 3478 372 66 mengestoppelt
2180 3477 118 58 sind,
2348 3495 89 32 von
2475 3477 363 50 verschiedenen
2876 3477 325 50 Charakteren
3241 3478 98 49 und

1766 3558 292 65 Bewegung,
2102 3557 123 51 ohne
2254 3557 207 58 Einheit,
2504 3575 50 32 so
2597 3557 88 48 wie
2724 3557 122 48 ohne
2875 3556 213 59 Absicht,
3134 3557 95 50 und
3261 3557 74 51 die

1765 3636 393 66 dessungeachtet
2180 3637 263 66 geschickte
2460 3635 333 67 Componisten
2808 3635 302 50 Ouvertüren
3133 3654 202 33 nennen.

1897 3717 126 57 „Das
2046 3716 225 49 Recitativ
2293 3717 56 47 ist
2372 3732 85 32 uns
2481 3715 270 67 überhaupt
2779 3721 83 60 gut
2885 3716 276 58 accentuirt,
3185 3717 156 58 rasch,

1768 3796 349 49 ausdrucksvoll
2142 3796 93 49 und
2258 3796 133 49 wahr
2414 3795 391 66 vorgekommen;
2838 3796 137 49 allein
3000 3796 243 52 bisweilen
3265 3798 72 49 ein

1766 3876 157 66 wenig
1966 3876 117 49 allzu
2124 3875 108 49 sehr
2260 3873 211 68 singend,
2514 3873 82 50 das
2639 3873 143 51 heisst
2822 3875 47 49 in
2913 3894 57 30 zu
3010 3894 193 49 grossen
3246 3875 95 49 und

1766 3955 319 50 vornehmlich
2141 3953 371 51 consonirenden
2558 3956 280 49 Intervallen
2894 3955 440 50 einherschreitend.

1770 4035 112 50 Wir
1911 4035 156 49 finden
2098 4035 118 48 auch
2248 4033 194 68 gewisse
2472 4033 305 51 Schiussfälle
2808 4052 87 33 von
2925 4036 224 57 Phrasen,
3180 4032 72 50 die
3280 4051 56 31 zu

1768 4115 66 49 oft
1862 4113 398 51 wiederkommen
2290 4113 95 50 und
2415 4112 108 51 dem
2554 4115 167 66 Gange
2752 4115 80 49 des
2862 4113 312 51 italiänischen
3198 4112 109 48 Reci-

1768 4196 132 49 tativs
1930 4195 134 66 eigen
2091 4211 56 32 zu
2177 4195 97 49 sein
2312 4195 238 59 scheinen,
2589 4195 149 52 darin.
2796 4196 52 47 In
2885 4193 88 50 den
3011 4192 299 51 leidenschaft-
