3076 4178
2908 4049 47 21 273

127 111 37 19 zu
185 103 146 27 erhalten.
370 102 42 28 So
431 103 48 27 die
501 104 264 32 perspektivische
787 105 220 32 Anschauungs-

129 154 103 27 weise.
272 151 54 29 Nie
348 151 174 30 betrachtet
543 154 44 28 sie
609 153 56 30 das
685 154 174 30 Verhältnis
881 155 55 29 des
957 154 52 29 Ein-

128 202 105 28 zelnen
258 210 71 20 zum
352 202 135 33 Ganzen,
511 203 135 29 sondern
671 212 56 20 nur
753 205 55 28 des
831 205 100 29 Teiles
956 212 70 21 zum

128 252 72 28 Teil.
243 251 73 29 Man
341 252 50 28 hat
416 253 67 27 eine
510 252 98 33 Linie;
644 262 61 21 nun
894 263 70 20 man
988 272 39 3 —

127 302 52 28 auf
203 302 56 28 das
286 302 141 28 Fixieren
455 303 122 28 komme
604 304 48 28 ich
678 304 98 33 gleich
803 324 37 2 —
877 304 61 29 und
973 304 36 28 be-

127 352 115 27 stimmt
261 352 58 28 den
341 351 130 35 Winkel,
492 353 59 28 den
574 355 66 27 eine
661 355 111 28 zweite
792 355 84 28 Linie
897 355 53 28 mit
971 353 53 29 der

127 404 102 26 ersten
253 402 102 32 bildet,
380 402 44 28 ihr
448 402 298 33 Längenverhältnis
774 413 76 20 usw.

183 451 50 29 Ich
261 452 80 28 kann
370 452 73 28 aber
473 454 77 28 auch
578 454 67 28 eine
672 454 84 28 Linie
786 456 39 26 im
852 454 173 28 Verhältnis

127 510 69 19 zum
224 501 125 29 Ganzen
379 504 83 27 einer
491 503 90 33 Figur
619 504 75 28 oder
722 506 116 26 meines
865 503 160 30 Sehfeldes

126 551 189 29 betrachten.
359 552 127 29 Freilich
512 553 123 30 besteht
657 553 158 29 zwischen
838 554 106 29 diesen
967 553 40 28 Be-

126 602 301 31 trachtungsweisen
463 604 78 28 noch
582 605 46 26 ein
667 603 211 32 tiefgehender
915 603 93 29 Unter-

126 652 117 28 schied:
283 652 80 28 beim
600 654 81 28 steht
707 654 85 30 jenes
819 653 99 29 kleine
947 652 63 29 Teil-

133 682 136 11 f•t.■,
325 680 4 13 •
336 680 3 13 i
394 680 5 6 ?
714 680 315 13 ■

126 702 88 34 chen.
226 710 80 25 ganz
330 705 28 26 in
383 703 53 28 der
459 703 174 29 schärfsten
656 703 207 33 Bestrahlung
886 704 55 28 des
966 703 40 28 Be-

125 751 179 30 wußtseins.
355 753 34 28 Je
419 754 191 28 bestimmter
642 753 59 28 und
733 753 100 28 klarer
864 754 74 28 aber
970 753 54 28 das

126 802 198 30 Bewußtsein
344 805 86 27 einen
449 803 199 32 Gegenstand
669 802 140 30 erfassen
827 803 90 34 kann,
938 802 87 29 desto

125 852 115 28 kleiner
269 853 70 28 muß
366 862 32 19 er
426 855 73 27 sein.
544 852 68 28 Und
641 852 190 33 umgekehrt,
859 854 28 30 je
914 852 111 33 größer

127 903 54 28 der
210 903 199 32 Gegenstand
439 905 47 31 ist,
517 903 88 28 desto
635 902 234 30 unbestimmter
898 903 64 28 faßt
992 910 32 21 es

125 952 50 29 ihn
195 950 58 35 (als
273 950 146 35 Ganzes).
459 952 61 29 Der
538 952 205 29 Unterschied
762 953 54 28 der
836 953 110 28 beiden
966 952 40 28 Be-

125 1003 367 33 trachtungsweisen,der
520 1002 277 30 mechanistischen
823 1004 61 28 und
911 1003 54 29 der
990 1021 36 3 —

125 1053 46 28 ich
213 1054 122 28 möchte
375 1054 44 28 sie
456 1052 159 29 vitalis
627 1054 11 26 t
650 1054 7 26 i
670 1061 14 19 s
696 1061 18 20 c
724 1052 19 28 h
756 1061 16 20 e
811 1052 189 29 Betrach-

126 1105 273 30 tungsweise
429 1111 129 25 nennen,
584 1104 39 27 ist
652 1103 65 28 also
746 1105 47 26 ein
821 1101 202 30 Unterschied

124 1153 54 29 der
197 1153 365 29 Bewußtseinsfunktion.
599 1152 55 29 Bei
674 1153 54 28 der
748 1152 277 29 mechanistischen

125 1205 66 27 eine
219 1203 126 29 Summe
371 1203 115 28 kleiner
514 1202 93 34 Teile,
643 1203 74 29 aber
755 1204 85 31 jedes
868 1203 101 29 dieser
995 1202 31 28 in

124 1253 168 29 schärfster
318 1253 220 33 Bestrahlung;
576 1253 48 28 bei
649 1253 55 28 der
729 1253 222 29 vitalistischen
978 1253 45 27 ein

124 1303 121 33 großer,
262 1303 208 30 einheitlicher
490 1303 210 34 Gegenstand,
719 1303 74 29 aber
812 1303 82 29 nicht
910 1305 29 26 in
956 1302 52 29 der-

125 1353 104 29 selben
257 1353 139 30 Schärfe.
444 1353 36 28 Je
508 1353 86 28 mehr
623 1353 74 28 aber
726 1353 48 28 die
803 1352 128 30 Schärfe
971 1352 53 28 des

123 1402 217 31 Bewußtseins
362 1406 40 26 im
424 1403 200 29 Beobachten
649 1404 157 33 abnimmt,
830 1404 88 28 desto
939 1402 85 28 mehr

123 1454 120 29 wächst
279 1453 56 29 das
374 1453 183 34 subjektive,
595 1453 244 33 gefühlsmäßige
878 1452 146 29 Element.

125 1504 66 28 Und
220 1505 63 28 hier
315 1504 132 29 eröffnet
473 1505 64 28 sich
567 1503 47 29 für
643 1504 48 28 die
720 1504 147 28 moderne
896 1502 127 29 Malerei

124 1555 66 27 eine
211 1554 227 28 unermeßliche
460 1554 102 29 Weite
583 1554 60 27 und
664 1553 91 28 Fülle.
796 1552 117 29 Weiter
933 1552 39 29 ist
992 1560 33 20 es

125 1604 209 28 bezeichnend
353 1603 48 29 für
422 1603 48 29 die
490 1602 288 30 Lebensfremdheit
797 1602 54 28 der
871 1602 135 32 Perspek-

127 1655 69 32 tive,
218 1653 58 29 daß
297 1654 79 28 nach
398 1653 44 28 ihr
464 1653 55 29 der
541 1653 183 29 Betrachter
747 1653 156 28 stehen
922 1651 102 29 bleibt.

124 1703 65 29 Wir
221 1703 98 31 haben
352 1704 74 28 aber
459 1703 47 29 die
539 1703 205 29 Schönheiten
777 1702 93 29 sehen
902 1701 118 32 gelernt

126 1755 47 28 bei
210 1754 54 28 der
301 1754 249 31 Bewegung
588 1754 55 27 des
682 1752 214 33 Betrachtens,
944 1752 80 28 beim

126 1804 115 33 Gehen,
265 1806 28 26 in
320 1804 53 28 der
399 1804 221 32 Elektrischen,
644 1804 29 27 in
699 1803 54 28 der
777 1802 183 33 Eisenbahn,
985 1802 41 26 im

123 1854 89 30 Auto.
251 1854 101 28 Wenn
374 1855 48 27 ein
443 1853 67 28 Bild
534 1853 56 29 das
612 1853 115 28 andere
748 1852 179 33 verdrängt,
950 1851 74 28 oder

125 1905 52 30 eilt
198 1904 67 30 Bild
291 1904 65 30 sich
382 1905 54 27 mit
463 1905 99 27 einem
589 1903 136 29 anderen
751 1901 171 34 verbindet,
950 1901 74 28 oder

125 1963 89 20 wenn
243 1955 44 28 sie
315 1954 245 29 durcheinander
587 1953 147 29 huschen.
782 1952 122 29 Ebenso
932 1952 93 28 kennt

125 2005 47 28 die
212 2004 204 33 Perspektive
458 2004 110 28 keinen
607 2004 167 31 bewegten
814 2001 209 33 Gegenstand.

125 2056 153 28 Grausam
296 2055 70 27 muß
384 2055 56 28 das
460 2054 150 32 Bewegte
628 2055 29 27 in
675 2053 210 33 irgendeinem
904 2051 121 29 Punkte

125 2107 166 27 erstarren.
336 2105 29 27 In
392 2104 161 29 Wahrheit
579 2103 94 30 sehen
701 2104 57 27 wir
786 2103 88 28 einen
900 2101 125 30 solchen

125 2155 101 29 Punkt
255 2163 34 20 so
318 2156 113 32 wenig,
458 2155 60 28 wie
548 2154 64 29 sich
642 2154 182 31 Bewegung
853 2152 173 31 überhaupt

126 2214 55 20 aus
207 2206 82 28 einer
314 2204 126 30 Summe
464 2213 61 20 von
551 2203 179 34 Ruhelagen
755 2202 271 30 zusammensetzt.

125 2255 77 29 Was
228 2257 56 27 wir
311 2255 104 33 sehen,
443 2256 39 27 ist
508 2254 150 28 vielmehr
696 2255 47 27 ein
781 2253 145 32 eilendes,
962 2251 63 29 sich

123 2305 263 30 überstürzendes
417 2304 166 32 Gedränge
611 2312 62 20 von
703 2303 133 28 Bildern.
874 2321 38 3 —
950 2300 76 29 Was

125 2356 104 28 früher
247 2356 96 29 fester
362 2356 61 27 und
442 2357 117 26 starrer
579 2354 200 32 Gegenstand
798 2361 77 25 war,
894 2351 79 29 wird
991 2359 34 21 so

126 2407 192 32 hingerissen
344 2407 27 27 in
400 2407 46 27 ein
473 2404 154 29 flutendes
654 2403 146 33 Werden,
826 2404 29 26 in
880 2401 128 29 tausend-

127 2456 86 31 fache
240 2456 209 33 Verbindung,
476 2456 29 27 in
531 2453 223 30 tausendfache
782 2452 186 32 Beziehung,
997 2452 29 27 in

128 2506 219 29 tausendfache
372 2505 254 32 Verschlingung.

182 2563 40 29 Es
246 2564 52 28 hat
321 2565 106 27 seinen
450 2563 84 33 Sinn,
558 2562 59 28 daß
643 2562 48 28 die
716 2561 204 32 Perspektive
945 2560 80 32 kam,

126 2614 44 29 als
198 2615 49 28 die
274 2613 312 33 mystisch-religiöse
614 2612 56 28 Art
696 2611 55 29 des
780 2610 122 31 Geistes
931 2608 95 29 durch

125 2665 49 27 die
200 2662 513 30 rationalistisch-mechanistische
741 2660 141 33 abgelöst
908 2658 118 30 wurde.

129 2714 38 29 Es
188 2714 51 28 hat
259 2716 105 27 seinen
386 2713 84 34 Sinn,
491 2713 59 28 daß
572 2712 117 32 gerade
710 2710 142 30 heutedie
873 2709 134 32 Perspek-

129 2766 60 26 tive
212 2764 214 29 überwunden
449 2764 88 32 v/ird,
562 2771 51 20 wo
639 2762 63 28 sich
729 2760 77 29 auch
832 2762 39 26 im
898 2759 129 28 Denken

128 2815 55 28 das
203 2817 101 26 starre
325 2813 71 30 Sein
417 2816 28 26 in
466 2813 137 29 Werden
624 2811 121 33 auflöst,
765 2818 51 20 wo
837 2817 72 20 man
931 2808 95 29 selbst

127 2865 48 28 die
191 2864 99 29 festen
306 2864 136 32 Begriffe
459 2864 207 31 verflüssigen
684 2860 133 33 möchte,
834 2868 51 20 wo
903 2867 50 21 um
971 2858 55 29 das

128 2914 102 29 Leben
254 2914 49 28 die
327 2912 271 31 Gedankenarbeit
621 2914 108 26 immer
754 2910 86 28 mehr
866 2910 103 27 kreist.

184 2964 171 28 Ueberdies
373 2966 38 26 ist
428 2964 48 28 die
494 2963 201 29 vitalistische
714 2961 170 31 Sehweise,
904 2959 47 28 die
971 2959 55 28 des

129 3015 149 32 täglichen
301 3013 130 29 Lebens.
473 3013 101 29 Schon
597 3013 48 28 die
668 3011 101 29 Farbe
790 3009 168 28 verändert
979 3008 47 28 die

129 3064 212 33 Perspektive.
384 3063 72 28 Eine
480 3063 99 30 weiße
603 3062 112 29 Fläche
737 3059 155 30 erscheint
915 3058 110 32 größer

129 3115 43 28 als
202 3116 66 27 eine
296 3114 119 32 farbige
443 3122 70 20 zum
542 3112 142 33 Beispiel.
732 3111 98 27 Wenn
869 3117 70 20 man
976 3107 51 29 auf

130 3164 114 29 weißes
265 3164 111 32 Papier
400 3166 45 26 ein
469 3163 156 33 Rechteck
646 3161 140 30 zeichnet
808 3159 60 28 und
890 3159 48 27 die
960 3159 66 27 eine

129 3214 101 29 Hälfte
249 3214 90 31 färbt,
360 3215 47 27 die
427 3214 114 27 andere
558 3212 80 29 weiß
656 3211 71 33 läßt,
745 3218 35 20 so
799 3209 145 29 scheinen
962 3208 64 28 sich

129 3265 48 28 die
207 3264 104 28 Linien
341 3264 76 28 nach
448 3264 54 27 der
531 3263 140 32 farbigen
702 3260 83 30 Seite
825 3267 36 19 zu
901 3257 125 28 nähern.

131 3314 119 29 Ebenso
273 3314 77 28 wird
376 3314 54 28 der
452 3312 153 29 Eindruck
628 3313 83 27 einer
733 3311 84 27 Linie
838 3309 75 27 oder
936 3307 90 31 Figur

130 3365 95 27 durch
249 3365 48 27 die
320 3363 104 29 Linien
450 3363 60 28 und
534 3362 131 32 Figuren
689 3362 54 27 der
767 3358 183 32 Umgebung
974 3357 36 27 be-

131 3414 132 29 einflußt.
303 3413 64 30 Das
389 3415 39 27 ist
450 3422 54 19 nur
527 3413 47 27 die
596 3412 138 32 optische
757 3410 91 28 Seite.
889 3406 59 28 Für
972 3406 54 28 das

133 3464 126 28 Erleben
283 3464 53 28 der
362 3463 168 29 modernen
554 3461 127 29 Malerei
704 3459 162 31 wichtiger
891 3457 38 28 ist
953 3456 73 28 aber

130 3514 48 27 die
202 3513 256 31 psychologische
483 3512 91 28 Seite.
619 3511 30 28 In
673 3512 101 30 jenem
797 3505 212 30 Bewußtseins-

132 3563 138 33 zustand,
287 3564 27 26 in
331 3563 68 27 dem
417 3563 56 28 das
489 3561 184 30 Innenleben
690 3557 242 32 überschwingt,
951 3555 75 28 wird

132 3613 47 27 die
209 3615 133 28 strenge,
383 3610 264 33 perspektivische
678 3607 242 34 Raumordnung
950 3604 61 28 voll-

133 3662 140 28 kommen
297 3663 131 30 gestört:
463 3660 49 30 Ich
535 3661 78 32 gehe
635 3660 51 28 auf
708 3659 54 27 der
786 3655 119 30 Straße.
948 3655 79 27 Alles

134 3712 122 31 bewegt
282 3711 63 29 sich
373 3719 50 19 um
450 3711 88 28 mich.
583 3710 55 29 Die
665 3709 120 28 Häuser
821 3707 109 30 biegen
967 3704 58 27 und

132 3764 150 25 stemmen
313 3761 63 28 sich
407 3760 256 31 gegeneinander.
714 3754 174 32 Manchmal
918 3753 110 28 huscht

134 3813 28 26 in
186 3810 146 28 schiefem
357 3810 127 27 Fenster
510 3811 65 26 eine
600 3808 120 32 Gestalt
745 3805 116 29 vorbei.
906 3803 121 28 Lichter

134 3864 108 24 tanzen
259 3859 116 28 vorbei.
412 3859 98 27 Ferne
525 3858 121 32 beugen
664 3857 65 29 sich
748 3857 47 27 die
813 3853 121 29 Wände
954 3852 73 28 über

134 3911 47 27 die
207 3909 108 28 Straße
343 3932 5 5 .
375 3932 5 4 .
407 3931 5 5 .
446 3907 64 29 Das
536 3907 113 28 könnte
676 3915 60 20 nun
763 3904 180 29 erscheinen
970 3902 58 26 wie

135 3958 187 33 Schlaffheit,
362 3960 59 26 wie
461 3958 94 29 matte
595 3956 196 31 Duseligkeit.
842 3953 78 27 Aber
952 3952 77 27 nein.

137 4009 50 27 Ein
211 4008 145 30 Beispiel:
389 4008 55 27 das
469 4006 83 28 Haus
574 4006 185 31 gegenüber.
804 4003 47 28 Ich
877 4001 99 29 denke
1000 4000 29 28 in

1103 106 98 30 jenem
1226 105 363 29 Bewußtseinszustand:
1623 106 87 33 „Wie
1735 108 116 28 streckt
1877 117 33 20 es
1935 109 64 28 sich

1103 157 29 26 in
1152 155 48 28 die
1393 154 69 29 Und
1484 155 47 29 ich
1553 156 73 28 sehe
1649 157 48 28 die
1720 157 85 29 mehr
1828 158 73 28 oder
1924 159 57 27 min-

1103 204 54 28 der
1185 204 218 28 Horizontalen
1431 205 220 33 dahinsausen;
1689 207 46 28 bis
1764 216 54 19 zur
1848 207 151 29 Starrheit

1103 254 64 28 klar
1193 262 57 20 vor
1275 256 70 30 mir;
1383 254 49 29 die
1457 254 177 30 Vertikalen
1659 256 121 33 beugen
1809 257 59 28 und
1896 257 83 28 krüm-

1103 312 69 20 men
1197 304 64 28 sich
1285 304 61 28 und
1370 304 106 29 ziehen
1501 306 65 28 sich
1590 306 59 28 wie
1673 307 180 28 zerknittert
1877 315 102 21 zusam-

1103 362 82 24 men;
1215 362 67 20 was
1300 354 82 29 nicht
1400 355 54 28 der
1472 354 321 34 Horizontalrichtung
1811 357 85 33 folgt,
1916 358 83 31 biegt

1102 404 64 27 sich
1186 404 76 27 oder
1280 404 242 29 verschwindet.
1540 405 50 29 Ich
1612 406 112 28 denke:
1748 406 85 33 „Wie
1854 409 69 30 ragt
1943 407 56 28 das

1103 452 84 28 Haus
1205 461 35 20 so
1404 454 65 28 Alle
1487 454 178 30 Vertikalen
1682 457 150 27 stemmen
1851 456 63 29 sich
1933 457 66 28 steil

1102 502 60 29 auf.
1219 503 54 28 Die
1310 503 128 29 Fenster
1477 504 126 29 werden
1641 513 79 24 ganz
1757 506 125 33 schmal,
1920 514 79 24 ganz

1102 552 125 34 schmal,
1246 553 74 28 aber
1341 562 49 19 um
1410 562 34 21 so
1464 555 115 31 länger.
1616 554 97 32 Kaum
1731 556 106 28 merke
1855 556 47 28 ich
1920 557 77 27 noch

1102 611 79 23 ganz
1201 603 95 28 kurze
1317 603 233 34 Horizontalen;
1581 613 35 20 so
1637 605 110 32 drängt
1767 606 65 28 sich
1853 605 73 30 alles
1947 614 35 20 zu-

1103 661 138 21 sammen
1265 661 49 21 um
1339 654 65 28 sich
1427 656 30 26 in
1479 654 48 29 die
1550 654 88 29 Höhe
1660 663 38 20 zu
1721 656 114 28 recken
1858 678 69 6 ...
1949 656 49 28 Ich

1101 703 114 28 wählte
1245 703 65 29 dies
1340 704 139 28 einfache
1509 704 142 34 Beispiel,
1691 705 69 29 weil
1792 714 33 20 es
1856 714 56 20 nur
1943 706 55 28 das

1102 753 89 33 zeigt,
1211 753 122 28 worauf
1352 762 33 20 es
1404 756 57 26 mir
1479 754 64 29 hier
1562 755 165 28 ankommt.
1764 754 150 29 Nämlich:
1934 755 65 29 hier

1101 803 78 29 wird
1200 803 54 28 der
1275 802 129 30 Mensch
1424 812 70 20 zum
1513 804 181 34 Herrscher,
1716 805 64 28 hier
1801 805 144 32 gestaltet
1967 814 31 20 er

1102 855 156 27 souverän
1285 851 161 33 (natürlich
1473 854 78 29 auch
1576 856 29 26 in
1632 856 97 27 einem
1756 855 225 32 ungleich-kom-

1101 903 193 32 plizierteren
1323 903 102 35 Sinne,
1472 905 60 28 wie
1560 906 28 26 in
1618 906 99 30 jenem
1747 905 234 33 psychologisch-

1102 953 189 29 einfachsten
1320 951 155 35 Beispiel).
1525 954 53 29 Ein
1610 955 119 28 solcher
1760 955 171 29 Herrscher
1962 956 37 28 ist

1101 1003 117 33 Robert
1238 1003 171 33 Delaunay.
1430 1004 67 28 Und
1519 1005 85 31 jenes
1626 1005 199 28 Gestaltende
1845 1007 28 26 in
1894 1007 105 26 seinen

1101 1052 134 35 Bildern,
1263 1054 56 27 das
1346 1055 39 27 ist
1413 1054 64 33 das,
1506 1062 67 20 was
1601 1062 69 20 man
1698 1056 82 27 seine
1818 1054 93 29 Ideen
1946 1063 35 23 ge-

1101 1106 93 25 nannt
1217 1103 59 29 hat.

1105 1337 531 73 Wagner-Feier

1102 1446 66 28 Von
1189 1446 74 28 Paul
1284 1446 133 28 Hatvani

1540 1497 9 28 I

1158 1547 55 28 Die
1232 1547 234 34 Begeisterung,
1487 1548 47 28 die
1554 1548 48 28 die
1621 1548 218 29 Philiströsität
1856 1557 38 19 zu
1915 1549 82 28 einer

1101 1595 87 30 Feier
1208 1596 151 29 aufraffen
1380 1596 88 34 wird,
1486 1599 38 27 ist
1544 1598 48 27 ein
1611 1597 138 32 Abglanz
1769 1597 54 30 des
1843 1597 154 30 Anlasses.

1102 1646 63 29 Das
1182 1646 126 34 Pathos,
1325 1647 56 28 das
1400 1647 58 28 den
1475 1647 96 28 Anlaß
1588 1647 106 34 gebar,
1711 1656 71 24 mag
1799 1648 47 28 die
1865 1647 117 33 Begleit-

1101 1697 204 32 erscheinung
1331 1699 83 27 eines
1440 1696 284 33 Naturereignisses
1751 1707 147 23 gewesen
1924 1699 73 28 sein.

1101 1746 109 30 Dieses
1235 1746 240 35 Naturereignis,
1500 1748 55 28 das
1579 1748 115 28 Dasein
1722 1750 83 26 eines
1830 1748 167 33 Künstlers,

1103 1797 73 28 aber
1207 1806 67 19 war
1305 1798 66 28 eine
1401 1797 283 33 Stilverquickung:
1717 1799 57 28 das
1804 1798 192 29 neunzehnte

1101 1846 216 35 Jahrhundert,
1335 1867 37 2 —
1390 1856 26 25 o,
1435 1848 99 28 welch
1553 1849 47 27 ein
1619 1848 220 29 Jahrhundert!
1860 1867 37 3 —
1915 1848 82 28 hätte

1101 1898 83 28 eines
1202 1897 118 29 Helden
1338 1896 83 31 nicht
1440 1898 86 28 mehr
1543 1897 132 30 bedurft.
1693 1898 175 29 Manchmal
1886 1898 112 29 kitscht

1101 1948 78 28 auch
1198 1948 49 28 die
1268 1948 59 28 alte
1346 1947 106 30 Natur.
1489 1948 69 28 Und
1579 1949 173 28 manchmal
1773 1948 69 29 muß
1865 1949 64 28 sich
1951 1948 47 29 die

1101 1998 94 32 große
1238 1998 138 29 Ursache
1419 1999 55 28 der
1506 1999 120 28 kleinen
1660 1999 151 32 Wirkung
1843 1999 153 28 schämen,

1101 2049 83 28 einer
1209 2048 160 34 Wirkung,
1395 2049 47 28 die
1468 2049 64 28 sich
1559 2049 81 28 Welt
1665 2051 93 26 nennt
1785 2049 60 28 und
1870 2049 48 28 die
1943 2049 54 28 der

1100 2098 138 30 Ursache
1256 2100 159 28 immerhin
1436 2100 66 28 eine
1520 2099 99 32 Sorge
1637 2100 130 28 bereitet
1785 2099 65 29 hat:
1880 2101 44 27 sie
1944 2107 54 20 aus

1101 2150 70 27 dem
1196 2149 99 33 Wege
1321 2157 38 21 zu
1384 2149 148 34 schaffen,
1558 2158 50 20 um
1632 2150 89 28 leben
1748 2158 37 20 zu
1811 2149 130 29 können.

1157 2199 56 29 Die
1238 2199 219 30 Philiströsität
1482 2200 52 29 hat
1560 2200 63 29 sich
1650 2200 96 29 selbst
1771 2199 226 29 überwunden:

1101 2258 70 20 man
1194 2250 94 29 kennt
1313 2250 57 28 den
1393 2249 204 30 Unterschied
1621 2249 83 30 nicht
1728 2250 95 33 mehr,
1848 2250 54 28 der
1927 2249 54 28 Phi-

1101 2300 84 29 lister
1207 2300 52 29 hat
1278 2301 65 28 sich
1363 2309 70 20 zum
1453 2300 169 29 Bohemien
1644 2300 174 33 entkleidet,
1840 2300 47 28 die
1908 2300 89 28 blaue

1100 2350 109 29 Blume
1233 2352 101 28 seiner
1359 2350 111 30 Einfalt
1494 2352 38 28 ist
1557 2350 162 34 verwelkt,
1745 2359 33 20 er
1802 2350 51 28 hat
1879 2349 119 29 sowohl

1101 2399 163 31 Nietzsche
1280 2401 44 29 als
1342 2401 78 29 auch
1437 2401 59 29 den
1513 2401 157 29 Hermann
1687 2400 82 29 Bahr
1787 2399 210 30 überwunden

1102 2451 60 28 und
1186 2451 49 29 die
1258 2451 187 34 Abendröte,
1470 2452 49 29 bei
1542 2451 54 29 der
1621 2451 90 29 sich's
1736 2460 35 20 so
1795 2451 96 29 schön
1915 2452 67 27 träu-

1101 2510 70 20 men
1193 2501 68 35 ließ,
1284 2503 38 28 ist
1346 2502 126 29 erblaßt.
1513 2501 94 32 Keine
1632 2502 135 28 einsame
1790 2500 103 29 Träne
1915 2500 83 29 fließt

1101 2552 86 29 mehr
1206 2552 61 28 und
1287 2552 139 34 manche,
1447 2552 49 29 die
1513 2552 131 28 vordem
1663 2552 79 28 noch
1763 2551 84 29 nicht
1864 2550 134 34 wußten,

1101 2611 68 20 was
1188 2603 57 29 soll
1266 2611 33 21 es
1319 2603 164 33 bedeuten,
1503 2601 88 29 rufen
1612 2602 64 28 sich
1698 2602 90 28 heute
1812 2598 110 36 (hinter
1944 2602 53 28 der

1099 2652 117 34 Bühne,
1231 2653 94 28 durch
1342 2653 47 28 ein
1404 2648 189 36 Schallrohr)
1609 2651 201 35 „Hojotohoh,
1951 2660 46 19 zu.

1533 2752 27 30 II

1158 2803 46 35 Ja,
1233 2803 281 33 Ungeheuerliches
1554 2803 53 29 hat
1636 2803 64 29 sich
1731 2803 153 32 begeben:
1927 2803 66 27 eine

1103 2854 200 32 Menschheit,
1325 2854 48 28 die
1395 2853 82 29 nicht
1498 2853 86 30 mehr
1604 2853 90 33 weiß,
1715 2861 52 20 wo
1790 2852 73 29 Gott
1883 2851 114 32 wohnt,

1101 2904 85 29 betet
1204 2913 69 20 zum
1291 2904 131 32 heiligen
1440 2904 82 29 Gral.
1558 2903 41 29 Es
1618 2903 118 29 scheint
1753 2903 61 28 wie
1833 2904 48 27 ein
1900 2901 78 29 Hara-

1101 2955 56 29 kiri
1177 2955 54 29 der
1250 2954 226 33 Begeisterung
1494 2962 38 20 zu
1553 2955 79 31 sein;
1662 2954 83 27 einer
1763 2952 234 32 Begeisterung,

1103 3005 47 28 die
1175 3004 159 29 immerhin
1360 3005 83 27 einer
1470 3003 210 29 urweltlichen
1706 3002 114 29 Extase
1847 3001 135 32 entsprin-

1102 3063 59 24 gen
1184 3063 79 25 mag,
1287 3056 83 27 einer
1393 3053 123 34 Extase,
1539 3053 47 28 die
1609 3062 33 19 es
1665 3060 112 24 wagen
1801 3051 109 33 durfte,
1933 3051 63 28 ihre

1101 3105 117 29 Helden
1238 3104 95 29 durch
1358 3105 58 28 den
1437 3104 226 31 Flammenring
1685 3111 37 19 zu
1745 3102 83 28 einer
1850 3100 147 29 Walküre

1102 3157 96 27 reiten
1225 3164 36 20 zu
1286 3155 112 29 lassen.
1443 3154 99 28 Heute
1567 3153 73 32 geht
1666 3161 34 19 es
1725 3151 82 29 wohl
1833 3150 163 32 einfacher,

1101 3205 123 29 obwohl
1251 3213 33 21 es
1311 3204 77 29 auch
1417 3206 53 26 mit
1517 3203 59 28 den
1613 3201 294 30 Zirkusreiterinnen
1934 3208 62 19 von

1103 3258 123 28 gestern
1247 3255 95 28 schon
1362 3254 60 29 fast
1442 3262 37 20 zu
1501 3253 85 29 Ende
1605 3253 46 27 ist.
1690 3251 56 28 Die
1766 3258 106 21 waren
1894 3249 82 30 wahr-

1101 3305 56 29 lich
1177 3305 82 28 nicht
1278 3305 181 32 schlechter,
1479 3303 60 29 und
1560 3302 145 28 mancher
1725 3303 87 26 unter
1833 3300 58 28 den
1911 3298 64 28 wah-

1101 3363 54 20 ren
1175 3354 150 29 Männern
1345 3362 72 23 mag
1436 3354 39 28 da
1495 3353 60 28 und
1576 3352 69 28 dort
1663 3349 115 34 gefühlt
1796 3350 112 28 haben:
1943 3349 52 28 der

1103 3405 226 31 Scheinwerfer
1349 3403 175 29 beleuchtet
1545 3403 46 28 ein
1613 3401 98 28 Weib.
1752 3399 53 28 Ein
1827 3398 98 33 Weib,
1948 3406 46 19 am

1102 3455 96 32 Gipfel
1225 3455 83 28 einer
1330 3453 223 29 Weiblichkeit.
1577 3453 4 34 -
1581 3469 34 3 —

1158 3504 54 29 Bei
1239 3504 73 29 Gott
1357 3523 38 2 —
1439 3502 105 33 glaubt
1570 3509 32 19 er
1630 3502 80 26 wohl
1740 3502 76 26 noch
1847 3507 35 19 an
1912 3499 83 27 seine

1103 3554 191 29 Menschheit
1324 3572 37 3 —
1390 3554 49 27 bei
1461 3552 82 32 Gott,
1563 3559 33 20 es
1619 3557 67 20 war
1708 3549 47 28 ein
1778 3549 108 27 weiter
1907 3546 88 33 Weg,

1103 3605 57 27 den
1185 3605 67 31 Gog
1275 3603 59 28 und
1358 3602 131 32 Magogs
1513 3601 103 29 Söhne
1638 3606 161 25 gegangen
1822 3597 76 29 sind.
1940 3595 38 29 Zu-

1103 3657 62 25 erst
1183 3655 110 27 kamen
1312 3655 43 26 sie
1372 3652 95 28 durch
1486 3652 87 27 einen
1592 3648 99 33 Wald,
1709 3648 38 28 da
1767 3655 106 20 waren
1891 3645 104 32 Vögel,

1102 3704 48 28 die
1181 3711 117 24 sangen
1329 3702 143 29 Psalmen
1507 3700 59 28 und
1600 3698 93 28 Eulen
1727 3697 93 29 saßen
1854 3696 51 28 auf
1937 3695 58 28 den

1103 3753 122 28 Aesten.
1268 3752 46 28 Da
1338 3759 107 20 waren
1467 3749 173 31 Schlangen
1666 3747 59 28 und
1748 3754 106 20 waren
1879 3745 116 27 Bäume

1104 3802 53 28 der
1183 3801 191 29 Erkenntnis.
1419 3800 87 27 Dann
1534 3797 108 31 wurde
1670 3805 33 20 es
1729 3796 106 28 lichter
1864 3794 60 28 und
1952 3793 43 28 sie

1103 3854 99 26 traten
1221 3853 30 27 in
1270 3853 67 27 eine
1356 3850 112 28 Ebene.
1506 3847 67 29 Und
1594 3846 95 28 sahen
1708 3845 139 32 Wolken,
1869 3843 60 28 und
1948 3842 47 28 die

1103 3909 105 20 waren
1232 3901 134 32 Weiber,
1389 3899 116 32 Speere
1529 3895 199 32 schwingend
1752 3894 59 28 und
1836 3893 50 28 auf
1909 3892 69 28 Pfer-

1106 3950 57 28 den
1187 3949 126 29 reitend.
1353 3947 70 30 Und
1446 3949 46 26 ein
1516 3946 72 29 Gott
1610 3944 149 31 schwang
1784 3944 86 27 einen
1893 3940 87 33 golde-

1105 4008 57 19 nen
1181 3999 155 28 Hammer.
1372 3997 67 29 Und
1458 3997 52 29 als.
1520 3997 44 29 sie
1581 3994 107 28 weiter
1707 3994 119 30 kamen,
1846 3991 38 28 da
1903 3990 92 29 sahen

2074 111 44 28 sie
2148 113 47 26 ein
2226 111 100 32 Kreuz
2357 114 201 32 aufgerichtet
2606 117 59 27 und
2695 118 95 28 daran
2821 127 65 21 war
2916 120 47 28 ein

2075 159 103 34 Mann,
2202 161 54 28 der
2281 162 123 30 blutete.
2448 163 67 30 Und
2542 166 47 27 die
2616 165 127 30 Männer
2769 168 131 29 blickten
2925 178 36 19 zu

2076 209 106 29 Boden
2203 212 59 27 und
2284 212 47 28 die
2351 213 124 29 Weiber
2497 215 130 34 heulten,
2646 218 59 27 wie
2727 217 44 28 sie
2790 217 49 28 ihn
2859 219 103 28 sahen.

2075 258 67 29 Und
2167 261 44 27 als
2235 262 44 27 sie
2303 270 54 20 ans
2380 263 94 34 Meer,
2499 273 54 20 ans
2578 264 85 30 Meer
2688 266 119 34 kamen,
2831 268 55 28 das
2909 268 53 29 saß

2077 308 87 29 Einer
2184 311 59 26 und
2264 319 84 24 sang.
2387 312 64 31 Das
2473 314 51 29 hat
2543 315 43 28 sie
2608 317 153 27 verwirrt.
2801 317 54 29 Die
2877 317 65 29 Män-

2075 366 54 20 ner
2155 367 98 24 zogen
2278 360 44 28 ihr
2348 360 143 31 Schwert
2517 364 59 28 und
2602 365 93 33 siehe,
2740 374 33 20 es
2808 375 65 20 war
2909 375 54 20 aus

2075 407 113 33 Pappe.
2228 409 54 29 Die
2303 411 124 29 Weiber
2447 412 100 32 legten
2566 414 139 33 Rüstung
2725 424 47 25 an,
2790 416 59 28 und
2871 417 92 32 siehe,

2075 457 64 29 ihre
2161 458 110 29 Brüste
2293 461 128 28 wurden
2443 462 71 28 dürr
2537 463 60 29 und
2619 464 48 28 die
2689 464 108 29 Leiber
2820 466 123 28 verküm-

2075 510 117 26 merten
2220 509 153 30 darunter.
2420 511 67 28 Und
2514 513 43 28 sie
2585 515 109 30 gingen
2733 515 58 28 den
2827 515 71 29 Gral
2926 525 36 19 zu

2075 558 125 34 suchen,
2218 559 57 28 den
2296 560 80 33 Gral,
2397 562 53 27 der
2470 562 43 28 sie
2532 562 81 29 nicht
2632 564 120 29 erlösen
2769 565 89 28 kann.
2896 565 67 28 Und

2075 609 44 27 sie
2141 608 103 34 sahen,
2268 609 57 28 daß
2348 619 33 19 es
2404 611 81 28 nicht
2507 612 120 28 schwer
2653 615 52 32 sei,
2729 614 49 28 ihn
2801 623 37 20 zu
2862 615 101 29 finden

2075 658 60 27 und
2155 659 153 28 stimmten
2328 661 47 26 ein
2394 660 71 29 Lied
2487 669 36 20 an
2544 663 58 26 und
2625 665 120 27 tanzten
2766 666 86 26 einen
2871 665 92 28 Tanz.

2131 730 34 6 ..
2187 731 6 5 .
2215 708 86 29 Wird
2339 710 69 28 bald
2447 711 47 28 ein
2531 711 82 29 Ende
2652 713 85 28 sein?
2788 713 55 30 Die
2869 713 94 30 Natur

2075 757 82 28 lehnt
2174 758 49 33 ab,
2241 759 43 27 sie
2301 759 62 29 will
2379 760 81 28 nicht
2478 762 60 27 mit.
2575 761 63 29 Das
2658 762 80 33 Spiel
2757 764 72 31 geht
2847 765 116 28 weiter.

2076 807 54 28 Die
2152 807 97 31 Kunst
2270 809 144 33 entflieht,
2437 811 78 27 denn
2536 819 70 20 man
2630 812 51 28 hat
2702 813 45 28 ihr
2769 815 46 27 ein
2839 813 123 32 System

2074 857 113 31 gebaut
2216 866 54 20 aus
2298 858 113 29 Traum
2440 861 60 27 und
2527 861 108 28 Wahn.
2682 861 82 29 Mein
2791 863 81 33 Gott,
2898 872 65 19 wer

2074 907 78 28 wird
2173 908 116 28 wieder
2311 910 47 27 ein
2378 909 73 29 Lied
2472 911 128 32 singen?
2642 911 39 28 Es
2703 913 46 32 ist,
2769 913 43 28 als
2832 913 38 28 ob
2892 913 71 28 aller

2075 955 125 35 Gesang
2219 960 184 28 verstummt
2421 961 96 33 wäre,
2537 961 43 29 als
2600 963 42 27 sie
2663 970 37 20 zu
2721 962 106 28 heulen
2850 963 95 32 began-

2074 1015 67 20 nen.
2183 1007 55 29 Die
2260 1008 118 33 Sänger
2399 1009 119 32 hängen
2541 1011 47 28 die
2607 1010 115 30 Harfen
2745 1011 59 29 auf.
2845 1012 45 28 Da
2912 1014 39 27 sit-

2075 1065 56 20 zen
2157 1058 44 28 sie
2228 1058 47 28 bei
2304 1059 57 28 den
2390 1059 125 30 Flüssen
2542 1060 156 32 Babylons
2737 1062 58 28 und
2831 1064 132 27 trauern.

2074 1106 87 29 Denn
2187 1108 47 28 die
2260 1108 100 29 Musik
2387 1110 37 28 ist
2450 1111 46 27 ein
2523 1111 184 28 verbotener
2736 1111 131 31 Gesang.

2455 1209 114 30 III

2130 1257 55 29 Die
2214 1258 100 29 Musik
2352 1259 39 29 ist
2429 1261 45 26 ein
2504 1261 184 28 verbotener
2719 1261 136 32 Gesang:
2894 1270 68 19 man

2074 1308 78 28 wird
2179 1310 43 26 sie
2248 1317 179 24 vergessen.
2474 1307 131 36 Richard
2632 1310 145 34 Wagner,
2823 1313 45 27 ein
2896 1311 45 29 Mu-

2074 1358 89 33 siker,
2191 1359 69 27 dem
2290 1359 47 28 die
2365 1359 194 33 Heldenpose
2587 1362 47 26 ein
2663 1360 95 29 Mittel
2789 1370 52 20 zur
2867 1360 97 32 Kunst

2075 1416 73 25 war,
2173 1408 78 29 wird
2275 1409 29 27 in
2329 1409 47 28 die
2401 1409 95 29 Netze
2521 1411 81 28 einer
2627 1411 260 32 Weltanschaung
2911 1420 35 23 ge-

2074 1466 145 25 sponnen,
2242 1459 48 28 die
2314 1459 55 29 das
2392 1459 159 30 Geräusch
2575 1461 99 28 seiner
2696 1460 100 29 Musik
2822 1461 141 28 entlehnt.

2073 1507 194 34 Heutzutage
2296 1509 63 32 gibt
2388 1518 32 20 es
2450 1510 116 28 überall
2595 1510 197 33 Leitmotive;
2833 1511 53 28 das
2925 1511 39 28 ist

2074 1560 66 26 eine
2162 1559 52 28 Art
2234 1567 61 20 von
2317 1559 305 33 Individualisierung
2642 1560 53 28 der
2716 1560 116 32 Typen.

2129 1607 66 30 Daß
2223 1616 33 21 er
2281 1608 193 30 Musiker
2501 1618 75 25 war,
2604 1612 38 27 ist
2668 1610 90 29 heute
2785 1611 94 28 schon
2905 1609 39 30 Ne-

2073 1658 163 29 bensache.
2273 1658 67 29 Und
2361 1660 125 28 deshalb
2506 1660 69 28 muß
2595 1669 32 19 er
2647 1669 67 19 zum
2736 1660 124 32 Apostel
2880 1662 82 27 einer

2072 1716 99 22 neuen
2188 1708 217 30 Philiströsität
2421 1712 122 30 taugen.
2572 1710 72 33 Ach,
2665 1718 32 20 es
2716 1711 37 27 ist
2772 1711 65 27 eine
2858 1710 87 28 kunst-

2070 1759 161 28 feindliche
2259 1759 225 34 Philiströsität,
2513 1761 79 27 denn
2620 1761 43 27 sie
2691 1762 106 26 nimmt
2825 1761 61 28 sich
2915 1759 47 29 für

2074 1808 47 28 die
2138 1807 97 32 Kunst
2252 1810 30 26 in
2300 1809 168 32 Anspruch.
2507 1809 50 29 Sie
2574 1809 51 28 hat
2643 1810 27 31 ja
2688 1810 77 28 auch
2783 1809 160 28 Harmonie-

2072 1858 83 29 lehre
2177 1859 60 27 und
2259 1858 212 33 Kontrapunkt
2494 1859 128 29 studiert
2644 1860 58 27 und
2726 1860 80 28 kann
2830 1860 46 28 die
2900 1858 42 29 Me-

2072 1908 80 28 lodie
2172 1908 81 29 nicht
2273 1909 86 28 mehr
2380 1909 102 28 hören.
2522 1909 75 29 Was
2618 1910 42 28 sie
2681 1909 95 32 sucht,
2796 1910 64 28 sind
2883 1909 64 28 Leit-

2073 1960 123 28 motive,
2221 1967 67 20 was
2311 1961 43 26 sie
2378 1959 120 33 schafft,
2521 1960 65 28 sind
2611 1959 176 28 Leitartikel
2811 1959 60 28 und
2895 1966 67 21 was

2074 2010 43 26 sie
2140 2009 69 33 lebt,
2234 2010 38 27 ist
2295 2010 46 27 ein
2364 2009 146 28 Libretto.

2129 2058 87 29 Wird
2244 2067 32 21 es
2303 2058 168 30 Menschen
2499 2060 96 31 geben
2625 2061 26 26 in
2681 2060 103 28 diesen
2813 2059 129 32 Wagner-

2072 2108 105 34 feiern,
2204 2109 47 29 die
2278 2109 53 28 der
2359 2108 137 29 Musik
2524 2117 110 24 wegen
2660 2109 118 29 feiern?
2825 2109 56 29 Die
2908 2108 54 28 das

2072 2160 122 32 „innere
2330 2168 61 19 von
2413 2159 69 29 dem
2506 2159 111 29 Arnold
2639 2159 179 32 Schönberg
2840 2158 122 32 spricht,

2071 2227 38 3 —
2134 2209 47 28 ein
2207 2208 136 29 Musiker
2369 2217 54 20 zur
2448 2208 63 29 Zeit
2537 2208 53 29 der
2618 2208 191 29 Musikanten
2836 2227 45 14 —,
2909 2208 52 27 der

2073 2258 138 29 Musik
2240 2258 124 29 öffnen?
2406 2258 30 28 In
2456 2258 153 32 Wagners
2630 2258 99 29 Musik
2749 2258 63 32 gibt
2832 2267 32 19 es
2885 2258 75 28 auch

2073 2307 166 29 Schönheit
2260 2331 5 5 .
2288 2331 5 5 .
2315 2331 16 11 ~
2370 2308 60 28 und
2461 2317 32 19 es
2522 2309 39 27 ist
2590 2308 116 28 wieder
2736 2308 107 28 einmal
2882 2307 81 28 nicht

2073 2358 85 28 mehr
2187 2358 191 29 sentimental
2409 2358 59 28 und
2498 2360 80 31 naiv,
2608 2357 109 29 darauf
2746 2357 216 28 hinzuweisen.

2129 2407 114 30 Musik:
2276 2409 47 28 ein
2343 2408 186 29 extatischer
2548 2408 169 33 Ausdruck,
2736 2406 161 30 formloser
2917 2406 31 28 In-

2072 2459 72 34 halt,
2164 2459 176 29 inhaltslose
2360 2459 100 34 Form,
2481 2460 45 28 ein
2547 2458 113 35 Chaos,
2681 2458 69 29 dem
2769 2457 193 30 Urzustände

2072 2510 122 32 jeder
2220 2509 98 32 Kunst
2346 2510 226 32 entspringend.
2618 2508 63 30 Das
2709 2508 172 29 Verhältnis
2909 2507 54 28 des

2073 2559 164 30 Einzelnen
2257 2569 54 20 zur
2331 2559 101 30 Musik
2453 2561 38 28 ist
2512 2561 45 27 ein
2578 2560 161 32 einsames,
2761 2559 78 28 denn
2862 2556 100 30 Musik

2073 2612 39 27 ist
2137 2610 48 29 die
2213 2610 186 29 unsozialste
2425 2610 72 29 aller
2523 2609 123 32 Künste.

2129 2660 73 29 Eine
2227 2660 91 34 Welt,
2344 2660 48 29 die
2418 2660 64 28 sich
2508 2660 82 28 nicht
2616 2658 163 33 langweilt,
2815 2658 69 28 weil
2919 2658 43 27 sie

2072 2710 163 29 Virtuosen
2257 2710 60 33 hat,
2339 2710 48 29 die
2408 2710 43 28 ihr
2473 2709 174 33 vorspielen
2669 2709 130 29 können,
2820 2708 52 28 hat
2893 2707 68 28 kein

2073 2759 96 34 Recht
2192 2761 85 28 mehr
2300 2760 50 29 auf
2373 2759 110 29 Musik.
2526 2759 50 29 Sie
2599 2758 163 29 entweicht
2786 2757 44 28 ihr
2855 2759 28 26 in
2909 2764 35 21 un-

2072 2813 137 30 gestörte
2234 2810 111 33 Ecken,
2369 2811 110 31 mögen
2504 2818 60 19 nun
2588 2809 47 28 die
2659 2808 193 28 Musikanten
2877 2807 63 28 kom-

2072 2869 69 20 men
2165 2860 58 28 und
2248 2860 47 28 die
2318 2859 81 29 Welt
2423 2859 143 29 erobern!
2611 2858 113 32 Mögen
2750 2858 42 28 sie
2817 2865 55 20 uns
2896 2857 64 27 eine

2071 2910 246 33 Musik-fremde,
2360 2909 277 29 Musik-feindliche
2682 2907 82 28 Welt
2809 2905 148 30 schaffen!

2072 2959 82 34 Eine,
2171 2960 48 28 die
2237 2959 59 29 den
2314 2959 182 32 Fliegenden
2514 2957 164 29 Holländer
2697 2956 81 28 nicht
2796 2955 84 29 mehr
2898 2961 61 21 von

2072 3011 98 27 einem
2192 3010 156 28 Aviatiker
2373 3008 233 29 unterscheiden
2631 3006 92 29 kann!
2768 3005 52 28 Ein
2845 3004 99 32 Pilger-

2072 3060 73 28 chor
2165 3059 70 32 paßt
2253 3059 82 29 nicht
2353 3058 85 29 mehr
2456 3060 28 26 in
2505 3058 83 28 diese
2608 3057 63 27 Zeit
2688 3074 38 4 —
2744 3064 69 19 man
2834 3056 125 28 entsage

2073 3112 82 26 einer
2173 3109 174 32 Intelligenz
2366 3109 58 27 und
2444 3108 82 28 einer
2544 3106 179 31 Stimmung,
2743 3105 47 28 die
2809 3104 76 27 dazu
2908 3111 34 19 an-

2072 3161 92 31 getan
2201 3160 47 29 ist,
2285 3158 48 29 die
2372 3166 97 24 ganze
2509 3156 264 28 Instrumentation
2814 3162 35 19 zu
2889 3160 53 20 ver-

2072 3211 149 27 stimmen.

2128 3259 81 28 Aber
2233 3259 39 27 da
2294 3260 94 26 reiten
2413 3257 47 28 die
2483 3255 165 28 Walküren
2674 3253 94 30 durch
2792 3253 47 28 die
2862 3250 97 31 Lüfte,

2072 3309 275 29 Geschicklichkeit
2372 3308 37 27 ist
2435 3307 87 27 keine
2548 3304 252 31 Feuerzauberei,
2827 3302 57 28 und
2910 3300 47 28 die

2073 3358 198 34 Menschheit,
2296 3376 37 3 —
2354 3357 80 28 ihrer
2458 3355 84 28 Bibel
2568 3355 100 30 längst
2692 3351 206 32 entwachsen,

2071 3410 123 27 blättert
2215 3409 107 27 weiter
2343 3408 28 26 in
2391 3406 53 27 der
2465 3404 143 28 Partitur.

2071 3599 139 55 Das
2258 3595 171 56 Herz
2476 3593 118 55 der

2070 3680 152 54 Else
2265 3671 577 61 Lasker-Schüler

2127 3786 39 27 Es
2187 3785 62 31 gibt
2270 3781 226 32 Schriftsteller,
2517 3780 47 28 die
2587 3779 54 27 das
2663 3777 80 28 Herz
2766 3777 106 29 haben,
2893 3772 62 30 sich

2071 3845 36 18 zu
2127 3833 170 30 entkleiden
2316 3850 37 3 —
2373 3831 58 28 und
2454 3830 105 27 weiter
2581 3827 104 29 nichts.
2726 3825 49 29 Sie
2796 3823 140 29 verwech-

2070 3885 64 28 seln
2155 3885 47 27 die
2220 3883 74 27 Lust
2312 3890 47 19 am
2379 3881 144 30 Vorgang
2543 3879 54 27 des
2618 3875 193 29 Entkleidens
2831 3874 52 26 mit
2902 3872 53 27 der

2068 3935 134 31 Absicht,
2221 3933 44 27 ihr
2285 3931 79 27 Herz
2384 3939 36 19 zu
2441 3930 114 30 zeigen.

2122 3982 257 27 Exhibitionisten.
