3027 4054
106 3947 46 24 130

104 108 44 28 als
169 106 83 29 Qabe
273 114 37 20 zu
332 105 105 32 Adam,

104 157 39 28 da
162 165 31 20 er
213 158 38 26 im
272 154 205 29 Qreisenalter

102 207 47 27 ins
173 205 236 28 Jordanwasser
435 202 121 29 tauchte

106 257 44 27 bis
176 264 69 20 zum
268 253 75 29 Kinn

104 305 58 27 und
183 303 120 29 fastete.

102 352 105 28 Moses
230 360 130 23 gewann

102 403 40 27 im
168 400 235 30 Jordanwasser

102 449 79 30 Hilfe
205 450 53 29 der
282 451 64 28 drei

105 501 210 28 sonderlichen
345 499 102 29 Stäbe.

104 550 124 28 Salomo
255 550 135 31 erlangte

102 599 40 27 im
162 597 175 29 Babelturm

102 647 56 28 alle
179 644 262 31 Wissenschaften

101 698 29 28 in
153 696 107 28 Asiens
282 695 94 29 Land.

101 745 42 29 So
166 746 135 30 erlangte
323 744 47 29 ich

99 796 30 27 in
146 797 117 26 meinen
283 794 182 28 bardischen
483 793 140 29 Büchern

101 844 55 29 alle
181 844 273 32 Wissenschaften,

102 894 167 33 Europens,
295 894 131 33 Afrikas,

99 943 64 28 ihre
184 941 166 34 Laufbahn,
370 942 63 28 ihre
454 941 150 33 Führung,

101 992 57 28 den
177 992 155 29 erlaubten
351 991 87 32 Weg.

101 1041 47 29 Ihr
169 1041 156 29 Schicksal

101 1092 80 28 kenn
203 1092 46 28 ich
269 1093 45 27 bis
334 1100 54 21 ans
408 1090 91 30 Ende.

99 1140 142 28 Welches
266 1140 93 28 Elend

98 1190 79 28 wird
203 1189 233 32 Prophezeiung

101 1239 92 28 durch
214 1239 186 28 Aeußerstes
424 1240 54 28 des
498 1239 96 29 Wehs

99 1289 54 28 der
172 1288 205 33 Troja-Rasse
397 1290 125 28 weisen.

100 1338 98 28 Eine
231 1339 222 29 kochende
486 1338 213 33 Schlange

101 1387 131 33 stolz,
268 1388 330 34 unbarmherzig

102 1437 150 29 erhebt
287 1437 90 28 sich

101 1488 68 27 auf
202 1487 212 33 goldenen
445 1486 178 34 Flügeln

101 1543 78 21 von
217 1535 316 34 Deutschland,

101 1585 68 28 Sie
203 1586 105 27 wird
341 1585 301 29 überstürmen

100 1634 206 33 England,
341 1634 263 30 Schottland

97 1690 63 21 von
180 1683 157 34 Lychlyns
361 1683 154 29 Meerufer

97 1732 46 29 bis
160 1741 69 20 zum
247 1732 123 31 Häfren.

98 1781 56 29 Die
183 1782 103 29 Briten
312 1783 126 29 werden

99 1831 177 33 Gefangene
297 1835 73 32 sein,

97 1889 61 21 von
177 1881 150 30 Fremden
344 1883 174 34 fortgefegt,

96 1939 63 20 von
177 1931 152 30 Sachsen!

97 1980 51 29 Sie
169 1982 126 28 werden
315 1984 57 27 den
391 1982 98 29 Herrn
509 1985 129 32 preisen,

98 2032 44 27 sie
164 2031 126 29 werden
314 2032 47 28 die
383 2031 137 34 Sprache
539 2033 103 34 hüten,

101 2081 43 28 sie
174 2082 94 29 sollen
300 2082 44 30 ihr
374 2083 86 29 Land
490 2085 162 33 verlieren,

101 2130 92 29 außer
223 2131 208 30 Wild-Wales.

98 2177 53 30 Bis
175 2178 130 32 Wandel
323 2180 118 30 kommt

97 2229 79 28 nach
193 2231 105 31 langer
315 2229 94 38 Buße,

97 2286 92 21 wann
214 2281 77 28 zwei
315 2279 198 32 Verbrechen

97 2328 138 32 zugleich
256 2329 174 31 herrschen.

99 2377 88 29 Dann
212 2379 95 29 sollen
330 2379 105 31 Briten

98 2427 48 29 die
165 2428 101 32 Krone
287 2429 139 30 besitzen

98 2477 54 29 der
176 2478 309 31 Freimdenschwarm

99 2528 80 28 wird
204 2528 187 37 schwinden,

98 2577 56 28 alle
175 2576 212 34 Engelsworte

101 2627 45 28 für
175 2627 137 35 Frieden,
339 2629 47 29 für
416 2631 90 34 Krieg

98 2676 126 28 werden
247 2677 52 28 der
322 2677 194 32 Britenrasse
541 2681 106 30 erfüllt.

423 2735 13 16 *
650 2739 13 13 *

536 2758 13 14 *

156 2784 150 30 Hiernach
330 2789 87 30 sagte
441 2798 31 20 er
495 2789 69 29 dem
584 2791 98 33 König
702 2792 78 29 viele
804 2791 164 36 Prophezei-

99 2840 99 24 ungen
227 2842 60 20 von
317 2835 126 36 Dingen,
473 2838 47 28 die
548 2838 103 29 ferner
681 2841 28 27 in
738 2841 53 28 der
823 2841 82 31 Welt
935 2851 35 23 ge-

99 2883 134 29 schehen
256 2885 102 28 sollen.

502 2939 85 28 Ende

101 3090 498 72 Expressionist
647 3098 344 62 Artillerist

101 3181 98 29 Franz
218 3182 132 31 Richard
371 3184 138 31 Behrens

101 3248 59 28 Für
184 3250 98 30 Jakob
308 3261 61 20 von
394 3253 137 35 Uexküll,
557 3256 50 27 auf
633 3259 122 28 dessem
780 3261 191 32 granatgegit-

101 3299 99 28 terten
221 3299 222 33 Heimatboden
471 3306 82 27 einer
576 3305 183 31 Feldwache
784 3309 65 28 dies
873 3309 117 28 wuchs.

102 3369 65 30 Bäh

104 3421 114 29 drüben
236 3422 84 33 fliegt
338 3427 46 27 ein
403 3426 185 34 Eisenvogel
606 3429 46 33 ab,
673 3429 226 34 kerzengrader

103 3471 43 28 als
168 3472 56 28 alle
245 3471 96 34 Vögel
363 3475 53 29 der
440 3476 78 30 Erde

103 3519 288 37 Ein-und-zwanzig

104 3572 65 28 die
203 3573 83 30 Linie
312 3575 93 30 kennt
430 3577 47 30 die
500 3578 96 31 Natur
623 3580 82 30 nicht

101 3628 49 19 zw
153 3621 261 35 ei-und-zwanzig

104 3669 52 29 der
178 3670 200 34 Organismus
401 3676 39 28 ist
462 3677 43 27 sie

101 3720 299 36 drei-und-zwanzig

104 3769 58 29 den
180 3770 84 30 Blick
283 3774 82 29 nicht
383 3776 151 30 verlieren
910 3782 5 9 '

104 3818 47 29 Ob
170 3822 86 28 teuer
274 3822 95 33 Opfer
388 3825 174 31 schließlich
581 3831 80 26 wert

102 3868 308 39 Fünf-und-zwanzig

1068 97 212 33 Schäumende
1300 96 195 32 Schrapnells
1515 96 107 28 kleben
1644 94 102 30 Sonne
1767 94 173 29 Sehnsucht

1068 147 333 32 Sechs-und-zwanzig

1068 197 82 28 Mein
1171 196 220 32 Seelensingen
1410 195 134 29 brechen
1566 197 40 27 im
1625 195 73 28 Muß

1068 246 347 32 Sieben-und-zwanzig

1069 296 187 29 Zweckblitz
1276 296 119 28 ducken
1417 296 114 28 droben
1552 296 47 27 die
1618 294 104 29 sieben
1742 293 180 32 Haubitzen,

1068 345 313 33 Acht-und-zwianzig

1068 395 180 29 Verdammt
1275 396 104 29 echtes
1406 394 224 33 Lebensgefühl
1657 395 90 28 bornt
1772 392 152 29 verflucht

1069 445 106 29 heißen
1200 446 169 29 Ausdruck.

1069 494 321 34 Neun-und-zwanzig

1070 545 47 29 die
1138 545 68 30 Luft
1227 547 93 28 stinkt
1340 545 156 29 Millionen
1517 543 162 33 Schwefel,
1699 543 95 31 Kohle

1068 595 193 30 Blutabsinth

1068 646 49 28 die
1137 646 69 29 Luft
1230 648 39 27 ist
1291 646 85 29 Stahl
1401 645 59 29 und
1483 646 64 27 rein

1068 694 265 34 Ein-und-dreißig

1071 746 46 28 die
1141 746 244 29 Granattrichter
1409 745 114 31 tüpfeln
1547 745 139 32 garnicht
1707 744 196 29 harmonisch

1070 795 294 32 Zwei-und-dreißig

1071 846 53 28 der
1141 845 162 29 feindliche
1323 844 194 30 Beobachter
1534 844 95 30 findet
1651 844 53 28 das
1723 844 111 29 höchst

1069 895 150 33 glücklich

1069 945 283 32 Drei-und-dreißig

1069 997 56 28 Die
1151 996 108 29 Blüten
1285 997 120 28 weinen
1432 996 86 30 Licht
1546 998 87 27 unter

1422 1045 380 33 Donnererschlagendem
1821 1044 140 31 Krachen

1068 1094 283 33 Vier-und-dreißig

1068 1146 56 28 Die
1150 1145 259 34 Zentralisierung
1437 1146 54 29 des
1517 1145 129 29 Willens
1670 1147 39 26 ist
1736 1145 47 29 die
1812 1144 85 31 Kraft

1643 1195 54 28 des
1717 1194 245 31 Kommandeurs

1067 1243 287 33 Fünf-und-dreißig

1068 1295 44 28 Im
1135 1295 199 29 Leichenblut
1360 1295 115 29 schöne
1499 1295 121 29 Farben
1645 1295 103 29 sehen.
1772 1295 69 28 Alte
1867 1295 94 28 Jacke

1068 1344 264 32 Knochensplitter
1357 1346 73 32 sein,
1454 1345 266 33 Impressionisten
1745 1347 61 27 und

1755 1394 207 29 Naturalisten

1070 1441 323 35 Sieben-und-dreißig

1069 1492 72 30 Sein
1160 1493 61 29 und
1237 1494 179 29 Uebersein.

1069 1542 288 34 Acht-und-dreißig

1066 1592 84 30 Mein
1172 1594 155 29 Geschütz
1349 1594 82 29 steht
1454 1596 28 26 in
1505 1594 289 33 Wechselwirkung
1817 1603 70 20 zum

1809 1645 153 33 sechsten,

1068 1691 298 35 Neun-und-dreißig

1068 1742 115 32 Keinen
1200 1743 101 30 Meter
1319 1744 85 29 mehr
1421 1744 79 29 nach
1519 1745 102 29 rechts
1640 1745 67 29 darf
1723 1754 33 20 es
1774 1744 117 34 stehen,

1067 1792 265 35 Ein-und-vierzig

1066 1843 146 32 Kanionen
1239 1844 103 30 macht
1368 1853 79 21 man.

1067 1894 156 30 Granaten
1245 1895 129 29 werden
1397 1896 141 32 gemacht

1068 1944 296 38 Zwei-und-vierzig

1066 1992 190 33 Kanonaden
1278 1996 161 29 entstehen

1067 2044 79 29 drei-

1067 2094 50 29 Ich
1139 2095 112 33 glaube
1275 2096 171 33 aufzugehn

1068 2145 77 30 -und

1068 2196 50 28 Ich
1139 2196 115 29 drücke
1273 2196 79 30 mich
1371 2196 79 31 hoch
1470 2197 90 34 heilig

1070 2247 134 32 -vierzig

1067 2295 64 31 Aus

1066 2347 115 30 Fetzen
1203 2348 131 29 Fratzen
1358 2347 128 33 Platzen

1141 2397 85 31 Ende

1069 2591 126 58 Die
1239 2591 473 61 Renaissance
1760 2594 120 58 der

1073 2674 518 76 Wiedergeburt

1125 2783 159 36 Hamburg
1306 2786 39 28 ist
1368 2787 66 29 eine
1458 2785 76 30 freie
1556 2786 90 30 Stadt
1669 2787 61 28 und
1752 2786 109 35 gehört
1881 2787 83 29 nicht

1070 2843 37 19 zu
1134 2834 165 30 Preussen.
1336 2836 63 28 Der
1423 2836 174 31 Zeitschrift
1624 2837 124 34 „Bühne
1774 2839 61 28 und

1070 2885 109 30 wurde
1208 2886 155 30 Preussen
1390 2897 36 20 zu
1456 2887 79 29 klein
1563 2890 63 28 und
1656 2889 44 29 sie
1729 2888 140 33 verlegte
1899 2889 64 29 sich

1069 2935 77 30 nach
1165 2936 167 35 Hamburg,
1350 2937 83 31 nicht
1453 2939 78 29 ohne
1551 2939 66 30 sich
1635 2939 115 30 vorher
1769 2940 28 29 in
1816 2941 68 28 eine
1903 2940 41 29 Ge-

1070 2986 157 30 sellschaft
1249 2989 53 28 mit
1327 2989 221 30 beschränkter
1574 2988 137 36 Haftung
1735 2991 229 32 umgewandelt

1070 3045 38 21 zu
1133 3037 109 30 haben.
1276 3038 55 29 Ein
1358 3040 103 29 echter
1487 3040 182 35 Deutscher,
1694 3042 101 32 Kiefer
1823 3041 82 30 heißt
1931 3050 33 21 er

1071 3088 157 33 natürlich,
1254 3090 108 29 wurde
1391 3099 70 21 zum
1489 3090 217 35 Herausgeber
1736 3094 137 32 ernannt,
1905 3094 59 29 und

1069 3147 60 21 nun
1149 3141 39 27 ist
1199 3139 125 35 „Bühne
1342 3142 62 28 und
1529 3142 128 31 berufen
1680 3144 61 28 und
1750 3142 146 35 befähigt,
1908 3153 56 20 uns

1070 3188 148 29 führende
1243 3189 102 30 Fahne
1368 3192 39 27 im
1430 3191 205 31 kommenden
1661 3193 230 33 Geisteskampf
1914 3202 50 21 um

1072 3240 47 28 die
1146 3240 180 34 geläuterte,
1357 3242 146 30 deutsche
1530 3242 243 31 Nationalkultur
1803 3252 37 20 zu

1070 3289 53 30 Ein
1139 3290 109 28 Aufruf
1261 3299 42 21 an
1317 3292 58 28 den
1395 3292 167 30 deutschen
1582 3292 197 31 Buchhandel
1797 3295 78 28 wird
1893 3303 54 22 ver-

1071 3340 98 30 sandt.
1206 3341 80 32 „Der
1315 3342 148 30 deutsche
1490 3342 223 39 Buchhändler,
1741 3347 27 26 in
1796 3346 68 29 dem
1894 3355 70 20 man

1071 3391 52 29 mit
1143 3391 97 32 Recht
1257 3394 90 27 einen
1364 3393 214 31 bedeutenden
1598 3395 209 32 Kulturfaktor
1827 3397 137 34 erblickt,

1072 3443 76 28 wird
1167 3443 27 28 in
1214 3452 125 21 unserer
1359 3445 168 34 ringenden
1546 3448 60 27 und
1618 3447 262 31 -entscheidenden
1897 3448 67 30 Zeit

1071 3493 82 28 seine
1187 3493 281 34 Aufmerksamkeit
1506 3497 56 28 den
1595 3499 151 31 geistigen
1779 3497 185 31 Problemen

1072 3550 126 21 unseres
1225 3546 171 28 nationalen
1421 3546 120 29 Lebens
1566 3548 134 30 widmen
1913 3550 51 29 Ich

1072 3593 133 29 erblicke
1230 3596 26 26 in
1285 3596 68 29 dem
1379 3596 214 31 Buchhändler
1623 3607 56 21 nur
1705 3602 87 28 einen
1818 3600 146 35 Händler,

1072 3642 52 29 der
1165 3652 56 19 nur
1261 3645 47 29 die
1346 3645 122 31 Bücher
1509 3648 38 27 da
1586 3648 60 34 hat,
1686 3650 47 28 die
1771 3657 70 21 man
1882 3652 83 28 nicht

1070 3692 155 30 brauchen
1278 3695 96 30 sollte.
1425 3696 125 30 Diesem
1602 3697 232 32 händlerischen
1887 3700 58 30 Pro-

1069 3741 81 28 blem
1188 3744 78 29 wird
1308 3754 32 20 er
1381 3747 84 29 seine
1508 3746 282 33 Aufmerksamkeit
1828 3749 135 30 widmen

1070 3791 134 33 müssen,
1261 3801 92 21 wenn
1411 3803 34 21 er
1500 3795 215 32 Buchhändler
1771 3800 65 28 sein
1892 3800 70 29 will.

1069 3838 63 30 Nur
1162 3841 88 28 keine
1282 3843 259 32 Kulturfaktoren.
1582 3846 168 31 Trotzdem
1783 3856 33 21 es
1849 3850 97 33 eigent-

1069 3890 55 27 lich
1165 3890 72 30 sehr
1276 3892 117 30 einfach
1432 3896 48 32 ist,
1519 3896 83 28 einer
1639 3906 38 19 zu
1715 3899 134 29 werden.
1888 3899 73 30 Man

2039 94 129 30 braucht
2186 95 63 27 sich
2267 94 132 29 nämlich
2416 104 55 21 nur
2489 97 45 28 für
2552 98 46 27 die
2616 94 173 30 Zeitschrift
2806 95 125 33 „Bühne

2039 145 60 28 und
2239 153 37 20 zu
2298 147 187 28 verwenden
2506 148 58 26 und
2585 146 101 28 dieses
2705 147 129 32 geistige
2854 146 57 27 Pro-

2039 195 79 30 blem
2142 196 38 28 ist
2201 195 95 28 schon
2319 195 139 28 erreicht.
2490 197 62 28 Das
2573 199 68 31 sagt
2664 197 52 28 der
2737 195 193 33 Hamburger

2039 245 212 29 Buchhändler
2270 246 83 31 Pape
2375 246 85 27 auch.
2489 246 108 30 Dieser
2618 247 87 33 Herr,
2724 246 140 29 offenbar
2884 247 46 27 ein

2039 295 219 34 Kulturfaktor,
2277 296 141 28 wünscht
2436 304 128 24 „unsere
2585 296 106 31 Bühne
2707 305 62 21 von
2790 296 54 28 der
2860 303 54 21 ver-

2039 346 155 33 giftenden
2225 345 139 29 fremden
2393 345 272 36 Umklammerung
2696 357 37 19 zu

2041 397 62 29 Das
2130 398 79 27 wird
2239 405 47 20 am
2316 395 188 30 einfachsten
2534 398 93 27 durch
2656 399 57 28 den
2742 397 106 35 Bezug
2878 399 53 27 der

2038 446 173 30 Zeitschrift
2232 446 125 34 „Bühne
2381 446 59 28 und
2583 448 138 29 erreicht.
2752 449 76 31 „Die
2853 447 63 29 Zeit-

2041 495 105 31 schrift
2173 496 60 30 hält
2260 497 179 28 wesentlich
2466 496 85 29 mehr
2587 497 43 27 als
2667 498 51 28 der
2745 498 78 28 Titel
2860 505 54 20 ver-

2041 547 122 32 spricht.
2197 547 51 28 Sie
2274 548 37 28 ist
2336 547 80 29 nicht
2443 548 82 28 etwa
2552 555 54 20 nur
2630 547 66 28 eine
2722 548 193 28 Theaterzeit-

2039 595 107 30 schrift
2168 598 38 27 im
2231 606 134 22 engeren
2387 597 102 33 Sinne,
2512 597 134 29 sondern
2670 599 43 27 sie
2737 599 117 28 umfaßt
2876 598 56 29 alle

2041 646 128 29 Gebiete
2194 648 52 27 der
2272 649 153 28 redenden
2451 648 125 33 Künste,
2599 648 80 28 ohne
2707 648 226 34 grundsätzlich

2042 697 54 28 das
2131 696 110 30 Gebiet
2276 699 52 27 der
2364 699 161 28 bildenden
2562 698 115 32 Künste
2714 707 35 21 zu

2041 747 227 32 Infolgedessen
2288 748 92 29 reden
2400 750 46 29 die
2464 749 193 30 Mitarbeiter
2677 750 54 28 das
2745 750 96 28 Blaue
2860 759 73 19 vom

2041 797 130 29 Himmel
2206 797 153 34 herunter,
2397 799 94 29 sodaß
2530 801 53 27 der
2619 799 131 28 Himmel
2785 801 59 28 wie
2881 802 52 26 der

2041 848 258 33 Kuppelhorizont
2346 858 60 19 von
2453 851 74 29 Max
2575 850 168 33 Reinhardt
2790 851 145 29 aussieht.

2041 899 313 30 Selbstverständlich
2377 902 86 27 redet
2481 901 144 30 Schillers
2645 901 135 29 Urenkel
2801 903 62 31 mit,
2883 910 35 25 ge-

2042 954 66 24 treu
2135 952 101 27 seiner
2262 949 114 34 großen
2402 950 166 31 Tradition.
2602 952 155 29 Friedrich
2783 952 153 28 Lienhard

2042 1001 87 29 redet
2154 1001 74 28 über
2254 1000 143 29 Schillers
2425 1001 142 35 Urenkel,
2591 1004 53 28 mit
2670 1006 69 26 dem
2768 1011 31 21 er
2825 1002 112 29 einmal

2042 1051 86 28 einen
2150 1051 134 29 schönen
2303 1052 66 32 Tag
2390 1053 27 26 in
2438 1051 135 30 Weimar
2592 1054 166 28 verbracht
2780 1055 52 27 hat
2872 1053 64 28 Alle

2041 1100 135 34 Dichter,
2192 1102 48 27 die
2254 1102 86 29 nicht
2358 1104 161 32 genügend
2538 1103 171 33 aufgeführt
2728 1105 127 28 werden
2876 1103 59 29 und

2041 1161 86 20 zwar
2147 1153 54 28 mit
2220 1151 175 31 demselben
2418 1153 106 32 Recht,
2545 1156 52 27 mit
2617 1155 69 30 dem
2707 1157 114 27 andere
2844 1154 73 29 Dich-

2041 1204 47 27 ter
2112 1202 175 32 aufgeführt
2312 1205 136 31 werden,
2476 1204 136 29 aroeiten
2638 1205 79 29 feste
2743 1207 63 29 mit.
2853 1206 83 28 Alles

2041 1261 110 26 wegen
2189 1253 53 28 der
2279 1253 126 34 giftigen
2442 1254 279 36 Umklammerung.
2768 1256 167 30 Sämtliche

2041 1303 301 35 Schiller-Epigonen
2372 1305 224 30 Deutschlands
2639 1307 115 29 hofften
2797 1310 50 27 auf
2888 1308 49 28 die

2041 1354 95 34 große
2159 1355 75 28 Zeit.
2269 1354 55 30 Die
2346 1356 65 28 Zeit
2436 1365 66 20 war
2529 1357 75 32 groß
2629 1366 107 26 genug,
2761 1359 63 28 ihre
2850 1357 69 30 Hoff-

2042 1413 81 24 nung
2150 1406 197 30 zuschanden
2373 1416 36 20 zu
2437 1407 138 29 machen.
2623 1408 54 29 Die
2706 1409 65 28 Zeit
2809 1409 126 29 brachte

2042 1456 183 34 Strindberg
2262 1456 52 29 auf
2342 1458 47 28 die
2421 1458 115 28 Bühne.
2582 1458 123 33 „Bühne
2745 1460 60 28 und
2834 1460 92 28 Welt'

2041 1507 130 30 braucht
2197 1509 74 28 aber
2298 1509 86 29 einen
2409 1507 108 34 König.
2551 1509 67 30 Und
2646 1519 85 20 zwar
2757 1510 59 28 den
2841 1510 76 29 Eber-

2042 1559 75 28 hard
2146 1566 55 21 aus
2228 1559 272 29 Weidmannslust.
2537 1560 173 30 Außerdem
2735 1563 130 28 braucht
2892 1563 46 27 sie

2041 1610 44 26 sie
2103 1609 78 28 noch
2199 1610 87 30 einen
2302 1610 104 30 Burte.
2426 1611 69 29 Und
2510 1611 122 29 endlich
2648 1613 129 28 braucht
2796 1613 45 28 sie
2858 1613 79 28 noch

2043 1661 85 28 einen
2150 1660 160 30 Lienhard.
2338 1662 100 28 Wenn
2460 1663 83 29 diese
2566 1664 63 27 drei
2649 1662 124 31 Dichter
2793 1664 64 29 sich
2874 1672 63 20 von

2041 1710 77 30 allen
2140 1710 127 30 Bühnen
2291 1712 94 29 herab
2409 1714 168 31 verneigen
2600 1712 130 35 können,
2752 1715 80 28 dann
2856 1714 81 29 kann

2041 1761 65 29 sich
2128 1761 182 36 Strindberg
2336 1763 163 33 allerdings
2521 1764 155 33 begraben
2699 1765 111 29 lassen.
2844 1765 93 29 Diese

2042 1813 65 28 drei
2126 1812 120 31 Herren
2268 1813 101 30 fühlen
2393 1816 46 27 die
2460 1815 87 30 Kraft
2569 1824 36 19 zu
2628 1816 95 29 ihrem
2744 1817 194 29 Dichtertum

2041 1861 81 30 kraft
2145 1862 54 29 der
2209 1862 296 36 Eigentümlichkeit,
2529 1865 27 28 in
2567 1865 208 30 Deutschland
2800 1868 138 32 geboren

2042 1920 38 20 zu
2109 1914 74 27 sein.
2220 1913 97 29 Dabei
2345 1916 152 27 stammen
2528 1916 45 27 sie
2593 1923 60 21 .aus
2683 1916 164 30 Arkadien.
2885 1918 52 28 Sie

2041 1962 111 29 hinken
2192 1963 163 33 fünffiissig
2390 1965 106 29 herum
2533 1966 63 28 und
2634 1966 111 30 wollen
2783 1967 154 30 durchaus

2041 2015 255 31 wiedergeboren
2323 2017 137 28 werden.
2502 2017 86 33 „Und
2615 2024 94 27 sagen
2736 2019 103 28 diesen
2865 2027 55 21 ver-

2042 2064 204 31 schworenen
2270 2066 134 29 Feinden
2429 2074 127 24 unserer
2585 2068 148 30 sittlichen
2755 2068 163 35 Wiederge-

2041 2116 71 28 burt
2131 2116 111 33 Kampf
2355 2117 75 28 Wer
2451 2118 120 31 hindert
2593 2118 47 29 die
2661 2119 116 30 Herren
2799 2129 38 20 an
2856 2121 82 28 ihrer

2040 2166 246 34 Wiedergeburt.
2319 2168 74 29 Wer
2404 2170 67 28 sind
2484 2170 48 28 die
2544 2172 258 27 verschworenen
2815 2171 124 34 Feinde,

2042 2224 99 25 gegen
2162 2217 47 28 die
2228 2219 46 27 sie
2294 2218 65 28 ihre
2378 2219 117 31 großen
2515 2218 146 32 Kanonen
2684 2220 167 30 auffahren.
2874 2222 64 28 Das

2043 2265 116 30 erfährt
2186 2276 69 21 man
2284 2276 55 21 aus
2368 2269 69 30 dem
2465 2269 114 32 Munde
2606 2270 81 29 ihres
2716 2271 221 34 Heerredners,

2043 2318 84 27 eines
2159 2317 101 30 Herrn
2296 2318 92 30 Ernst
2423 2319 92 30 Adolf
2551 2319 135 31 Greiner.
2736 2321 202 35 „Wedekind,

2042 2367 191 34 Strindberg,
2272 2369 175 31 Schönherr
2484 2372 44 27 als
2558 2372 46 28 die
2631 2372 159 29 Vertreter
2820 2374 56 29 des
2902 2390 36 4 —

2042 2421 159 28 ernsteren
2242 2419 115 38 Spiels;
2398 2420 201 35 Blumenthal,
2639 2423 185 34 Kadelburg,
2865 2426 55 27 Ber-

2042 2476 106 26 nauer,
2175 2469 126 35 Gilbert,
2328 2471 64 31 Leo
2420 2472 62 30 Fall
2513 2473 59 28 und
2599 2474 99 29 Lehar
2726 2476 54 30 mit
2808 2475 132 29 hundert

2042 2520 117 30 andern
2181 2521 234 33 Komödianten.
2446 2522 84 37 Nein,
2553 2526 56 27 wir
2634 2525 99 29 haben
2757 2528 79 27 nach
2861 2526 62 28 fünf-

2042 2570 77 29 zehn
2140 2570 255 35 Kriegsmonaten
2416 2576 58 27 und
2496 2575 26 27 in
2545 2575 52 28 der
2619 2575 88 30 Mitte
2731 2576 54 29 des
2807 2578 131 28 zweiten

2042 2622 290 33 Kriegsspieljahres
2376 2624 87 30 keine
2506 2625 156 35 Hoffnung
2872 2629 67 28 Den

2042 2672 280 35 Bundesgenossen
2361 2674 174 31 Schönherr
2571 2678 77 27 trete
2686 2677 47 29 ich
2772 2678 56 28 den
2868 2687 54 20 ver-

2043 2722 203 32 schworenen
2273 2726 161 30 Freunden
2461 2726 46 31 ab,
2535 2727 174 30 Wedekind
2735 2731 59 27 und
2820 2730 108 28 Strind-

2042 2774 77 33 berg
2136 2775 129 29 werden
2284 2784 91 26 sogar
2395 2779 53 28 mit
2468 2779 116 29 diesem
2604 2778 215 31 Vierverband
2841 2780 98 34 fertig.

2041 2824 167 31 Trotzdem
2246 2826 172 31 Wedekind
2458 2837 37 19 zu
2534 2829 184 33 Strindberg
2757 2830 82 30 steht
2879 2831 61 31 wie

2043 2876 127 29 Schiller
2194 2887 34 19 zu
2255 2878 105 31 König.
2395 2878 167 30 Trotzdem
2590 2880 129 29 Schiller
2746 2883 76 28 noch
2850 2883 88 33 lange

2042 2927 68 28 kein
2136 2927 181 35 Strindberg
2342 2930 38 28 ist
2404 2931 60 28 und
2489 2928 98 37 König
2614 2932 89 33 lange
2728 2932 68 29 kein
2825 2933 92 29 Wede-

2042 2977 80 29 kind.
2141 2978 63 28 Das
2219 2979 86 29 hätte
2322 2979 182 36 Strindberg
2520 2981 67 29 sich
2603 2982 78 32 auch
2699 2983 81 29 nicht
2798 2985 140 28 träumen

2043 3029 110 30 lassen,
2181 3029 56 29 daß
2261 3038 34 20 er
2322 3031 47 29 die
2394 3031 130 31 sittliche
2552 3033 238 35 Wiedergeburt
2816 3035 105 28 verhin-

2044 3080 72 28 dern
2145 3080 116 29 würde.
2296 3081 160 35 Hingegen
2481 3083 103 30 haben
2610 3086 46 28 die
2684 3085 113 29 andern
2825 3085 91 32 Komö-

2044 3130 120 29 dianten
2194 3130 54 31 das
2277 3132 94 32 ihrige
2401 3136 101 32 getan,
2531 3143 37 20 an
2599 3136 52 29 der
2681 3135 258 34 Verherrlichung

2044 3181 52 28 der
2117 3181 115 33 großen
2253 3182 66 30 Zeit
2337 3184 206 30 mitzuhelfen.
2573 3185 99 30 Wenn
2691 3185 79 30 auch
2790 3186 53 29 mit
2864 3188 55 28 den-

2043 3229 104 32 selben
2173 3231 118 31 Mitteln
2317 3236 59 27 wie
2404 3235 46 28 die
2476 3235 379 34 Wiederzugebärenden:
2886 3239 53 28 mit

2043 3282 293 33 unkünstlerischen.
2374 3285 55 30 Mit
2458 3287 113 32 großen
2601 3287 103 33 Reden
2733 3288 38 28 ist
2798 3297 34 19 es
2860 3288 78 30 eben

2042 3333 82 28 nicht
2149 3343 37 20 zu
2211 3335 146 30 schaffen.
2383 3337 56 28 Die
2463 3337 119 28 Herren
2607 3346 55 20 aus
2686 3337 162 36 Hamburg
2870 3341 68 27 sind

2043 3391 54 20 aus
2120 3383 147 33 Weimar,
2289 3388 42 26 sie
2354 3386 106 28 sollten
2488 3387 62 27 sich
2576 3388 109 27 einmal
2709 3390 74 27 statt
2808 3391 54 28 mit
2885 3391 53 28 der

2042 3431 131 35 Bildung
2213 3434 45 28 als
2288 3435 104 33 Kunst,
2432 3437 54 27 mit
2517 3436 52 28 der
2601 3436 97 33 Kunst
2731 3438 44 28 als
2808 3439 131 34 Bildung

2042 3482 153 31 befassen.
2238 3484 50 29 Sie
2329 3485 125 28 werden
2498 3494 37 21 zu
2580 3487 56 29 den
2681 3489 256 29 erstaunlichsten

2043 3530 180 32 Resultaten
2252 3533 151 34 kommen,
2430 3543 91 21 wenn
2552 3536 76 28 auch
2659 3538 81 31 nicht
2779 3547 36 20 zu
2854 3540 84 28 einer

2042 3581 247 34 Wiedergeburt.
2333 3585 59 29 Auf
2416 3586 56 28 das
2498 3584 143 31 Gebären
2669 3589 116 29 kommt
2821 3598 32 20 es
2889 3598 49 22 an.

2042 3633 82 29 Aber
2151 3635 47 28 die
2228 3635 117 29 Herren
2374 3636 67 28 sind
2467 3644 99 26 gegen
2597 3639 47 28 die
2673 3640 134 29 Geburt:
2843 3638 94 36 „Wer

2041 3683 156 30 fürderhin
2227 3685 50 28 auf
2303 3686 56 27 den
2386 3686 225 31 menschlichen
2641 3690 156 29 Unterleib
2826 3692 93 31 speku-

2042 3733 75 33 liert,
2140 3735 53 27 der
2212 3734 54 28 soll
2286 3734 52 29 auf
2355 3736 84 30 klare
2459 3737 97 33 Köpfe
2575 3741 133 33 stossen,
2726 3740 47 29 die
2793 3740 55 29 das

2042 3786 235 31 setzungswerk
2313 3785 54 29 des
2404 3788 168 31 modernen
2610 3790 239 29 Literatentums
2884 3800 36 20 zu-

2042 3834 154 29 schanden
2416 3838 72 30 Also
2514 3840 54 28 das
2592 3840 76 31 Kind
2694 3842 40 27 im
2760 3841 176 31 Mutterleib

2044 3884 75 28 wird
2138 3885 28 26 in
2183 3884 55 29 der
2257 3885 64 30 Zeit
2341 3887 53 28 der
2413 3888 152 30 sittlichen
2585 3890 237 33 Wiedergeburt
2841 3892 97 30 schon
