2839 4216
676 368 97 43 374

1224 369 247 33 BULLETIN
1499 368 245 44 FRANÇAIS
1770 369 62 33 DE
1860 369 60 32 LA
1949 368 38 33 S.
2017 368 28 34 1.
2075 368 50 33 M.

679 518 233 50 opprimer
934 530 78 30 ses
1046 517 220 46 éditeurs.
1303 518 120 45 Mais
1458 520 90 44 elle
1581 532 109 31 aura
1726 518 249 45 l'occasion
2010 520 57 43 de
2102 518 196 46 méditer
2333 520 42 44 la
2409 525 169 44 morale
2611 530 52 46 du

670 582 219 46 fabuliste
910 583 76 55 qui
1008 591 109 37 veut
1139 584 138 54 qu'on
1300 598 59 31 ne
1379 598 117 32 nous
1515 600 29 40 y
1566 586 196 53 prendra
1783 584 117 55 plus.

768 649 65 43 Le
858 649 188 51 Journal
1074 653 56 41 de
1163 651 182 54 Chopin
1374 661 70 35 est
1472 653 118 43 donc
1618 666 61 30 un
1708 652 249 44 document
1983 652 265 54 apocryphe
2277 652 110 54 qu'il
2419 653 97 47 faut
2542 671 123 42 rayer

669 715 84 45 des
777 717 273 44 documents
1074 724 137 47 ayant
1235 718 103 44 trait
1362 732 59 30 au
1446 720 164 42 maître
1635 718 221 54 polonais.
1887 717 75 45 On
1989 732 53 30 se
2067 718 179 46 méfiait
2272 719 103 53 déjà
2400 720 83 45 des
2507 734 158 38 revues

668 780 320 53 américaines,
1019 785 225 51 espérons
1271 783 109 55 qu'il
1411 798 58 30 ne
1496 797 118 31 nous
1641 783 161 44 faudra
1830 783 125 54 point
1983 784 240 54 appliquer
2251 785 45 43 le
2323 788 152 42 même
2502 789 163 53 régime

669 850 24 42 à
719 847 229 45 certaines
973 861 171 32 revues
1167 850 300 44 allemandes.
1497 850 130 44 Nous
1651 850 297 44 nourrissons
1972 850 237 44 d'ailleurs
2235 851 42 43 la
2302 852 258 46 conviction
2584 869 81 42 que

669 913 63 46 M.
769 915 139 44 Kiïhn
941 924 71 36 est
1044 916 348 46 suffisamment
1425 917 136 55 peiné
1594 918 57 45 de
1684 931 51 31 sa
1769 925 99 46 trop
1902 917 173 54 grande
2109 916 244 46 confiance
2387 931 57 32 en
2479 924 186 45 certains

669 981 405 54 musicographes;
1113 982 30 44 il
1182 983 142 45 serait
1361 983 126 45 cruel
1529 983 57 45 de
1624 991 131 37 notre
1793 991 99 46 part
1931 982 256 56 d'appuyer
2226 983 254 55 davantage
2519 1000 75 32 sur
2629 991 36 44 la

668 1048 266 47 dominante
969 1057 45 37 et
1049 1062 119 33 nous
1202 1051 329 44 continuerons
1567 1053 25 42 à
1629 1051 116 44 faire
1780 1049 148 46 crédit
1963 1063 88 31 aux
2086 1048 187 47 articles
2310 1065 90 40 que
2436 1051 63 45 M.
2540 1053 125 48 Kuhn

668 1117 174 43 voudra
866 1115 108 46 bien
1000 1115 181 56 publier
1205 1117 114 44 dans
1345 1117 344 45 l'intéressante
1712 1131 146 30 revue
1883 1115 225 46 musicale
2133 1117 112 54 qu'il
2272 1117 146 54 dirige
2444 1118 223 51 d'ailleurs

668 1181 165 55 depuis
867 1183 226 54 quelques
1126 1184 177 43 années
1334 1195 115 31 avec
1481 1197 93 30 une
1608 1185 93 42 très
1736 1183 172 53 grande
1942 1184 316 52 compétence.
2298 1183 105 54 Que
2438 1184 230 49 l'accident

669 1249 90 45 soit
788 1250 118 44 donc
937 1251 209 51 enterré;
1178 1249 31 44 il
1240 1263 61 30 ne
1331 1249 54 45 fit
1416 1263 90 40 que
1538 1258 100 45 trop
1670 1250 158 43 couler
1860 1249 238 45 d'encre...
2133 1258 46 36 et
2211 1250 85 44 des
2328 1251 170 45 larmes
2527 1256 141 43 même

666 1316 40 44 si
740 1315 93 56 j'en
867 1316 122 44 crois
1023 1317 228 54 quelques
1282 1319 130 41 âmes
1446 1316 248 43 sensibles.
1733 1315 94 44 Moi
1863 1316 43 53 je
1942 1329 228 31 conserve
2204 1330 55 30 ce
2293 1316 228 55 journal...
2559 1333 53 31 on
2644 1335 23 31 a

670 1383 84 43 des
777 1383 171 43 heures
971 1395 210 31 moroses
1204 1382 114 44 dans
1341 1381 297 45 l'existence!

767 1447 199 46 Comme
995 1448 240 45 corollaire
1266 1451 25 42 à
1323 1462 55 31 ce
1408 1448 222 56 chapitre,
1663 1449 30 44 il
1726 1462 118 32 nous
1874 1449 98 46 faut
2004 1449 293 46 mentionner
2326 1463 63 32 un
2422 1451 110 54 petit
2561 1461 86 38 cata-

668 1515 136 54 logue
843 1515 57 45 de
939 1514 64 45 M.
1047 1514 402 55 Liepmannssohn
1489 1515 75 50 (de
1606 1514 182 53 Berlin)
1830 1515 139 45 établi
2010 1518 25 42 à
2076 1529 169 41 propos
2284 1517 59 44 de
2381 1517 43 44 la
2463 1517 116 45 mise
2616 1533 52 31 en

666 1588 141 39 vente
832 1583 57 44 de
913 1580 170 57 quinze
1107 1581 160 46 lettres
1293 1581 248 55 originales
1567 1583 57 44 de
1649 1581 186 56 Chopin
1862 1595 115 41 pour
2002 1583 254 54 lesquelles
2282 1597 58 30 on
2370 1597 59 31 ne
2455 1585 214 46 demande

668 1663 91 40 que
788 1649 150 54 3.600
967 1649 171 44 marks.
1173 1647 309 53 (Pourrait-on
1515 1649 176 45 hésiter
1722 1663 62 30 un
1817 1650 102 44 seul
1952 1649 218 53 instant!)
2206 1649 97 45 Ces
2336 1650 161 44 lettres
2527 1653 119 44 adres-

666 1717 108 43 sées
805 1717 25 43 à
863 1715 217 52 Fontana,
1115 1715 124 44 l'ami
1271 1716 58 44 de
1361 1714 186 55 Chopin
1578 1724 46 36 et
1654 1716 110 44 dont
1795 1716 44 44 le
1869 1716 241 53 catalogue
2141 1716 155 44 donne
2328 1717 83 43 des
2443 1730 222 42 passages,

666 1782 261 46 coïncident
965 1795 114 32 avec
1116 1782 202 45 certains
1355 1781 206 46 feuillets
1599 1782 58 45 du
1693 1783 190 51 Journal
1921 1785 57 42 de
2020 1782 197 53 Chopin.
2262 1783 213 45 Prenons!
2509 1785 41 43 la
2585 1785 63 44 cin-

672 1849 186 55 quième
886 1849 132 45 lettre
1046 1849 135 45 datée
1207 1849 56 45 de
1291 1848 173 53 Palma,
1502 1862 57 41 14
1586 1849 250 45 décembre
1870 1848 140 56 1838,
2041 1851 177 53 parlant
2245 1849 278 46 d'insomnie
2550 1862 42 36 et
2618 1853 51 43 de

666 1923 122 37 toux.
815 1914 66 46 Le
904 1914 180 46 feuillet
1107 1915 60 45 du
1191 1932 24 24 «
1239 1914 189 55 Journal
1456 1932 42 36 »,
1525 1915 104 45 daté
1653 1915 57 45 de
1735 1914 257 56 Majorque,
2025 1915 57 46 16
2105 1917 257 43 novembre
2392 1915 138 56 1838,
2555 1929 86 32 men-

666 1981 158 53 tionne
848 1983 262 53 également
1134 1995 81 32 ces
1239 1983 120 44 deux
1385 1983 169 43 choses
1578 1984 111 43 dont
1713 1981 221 46 souffrait'
1957 1981 199 56 Chopin.
2187 1984 64 43 La
2277 1983 227 54 septième
2530 1984 137 52 lettre,

672 2049 143 46 écrite
839 2050 59 45 de
923 2049 239 46 Marseille
1187 2051 42 44 le
1263 2059 55 44 17
1345 2063 123 30 mars
1501 2049 138 54 1839,
1668 2058 72 37 est
1765 2050 108 45 bien
1900 2050 285 55 rapprochée
2212 2051 60 44 du
2298 2050 181 46 feuillet
2504 2060 166 45 portant

668 2115 42 44 la
732 2115 106 46 date
861 2116 57 43 de
942 2115 145 52 Paris,
1120 2128 58 41 14
1200 2129 124 32 mars
1354 2115 138 56 1839,
1519 2119 58 42 où
1602 2115 185 56 Chopin
1812 2116 126 55 parle
1963 2116 60 45 de
2046 2129 83 32 son
2155 2129 197 42 passage
2376 2119 25 42 à
2425 2116 242 45 Marseille.

666 2182 224 45 Avouons
920 2182 117 45 donc
1069 2195 90 42 que
1190 2182 42 45 la
1262 2182 302 55 supercherie
1596 2182 281 45 américaine
1908 2182 281 55 empruntait
2220 2196 62 32 un
2314 2182 174 46 certain
2519 2183 150 45 cachet

666 2248 364 48 d'authenticité.

767 2314 75 46 Un
899 2315 81 45 des
1036 2315 104 55 plus
1195 2314 190 46 curieux
1441 2315 310 54 autographes
1808 2315 57 45 de
1921 2313 184 57 Chopin
2164 2315 89 45 mis
2309 2329 58 31 en
2406 2323 139 37 vente
2598 2328 71 42 par

668 2382 62 45 M.
762 2383 400 54 Liepmannssohn
1191 2390 70 37 est
1287 2395 63 31 un
1378 2383 104 54 plan
1511 2383 367 53 d'appartement
1906 2382 202 54 imaginé
2137 2395 80 42 par
2244 2382 202 55 Chopin,
2476 2390 170 51 apparte-

666 2456 129 39 ment
826 2449 111 56 qu'il
971 2449 154 44 désire
1157 2449 130 44 louer
1319 2449 116 44 dans
1465 2462 56 31 ce
1553 2448 204 55 quartier
1789 2449 59 44 de
1881 2449 132 44 Paris
2044 2458 303 45 comprenant
2380 2450 70 43 les
2481 2463 106 30 rues
2618 2449 51 44 de

668 2514 237 53 Verneuil,
943 2516 57 43 de
1039 2515 292 53 Bourgogne,
1371 2515 57 43 de
1467 2514 194 44 Beaune
1695 2522 47 36 et
1776 2514 252 45 Las-Case.
2069 2514 138 47 Cette
2244 2515 222 44 demeure
2503 2516 167 43 semble

669 2583 241 54 beaucoup
941 2582 42 45 le
1013 2583 309 54 préoccuper;
1354 2582 29 43 il
1416 2582 42 43 la
1488 2582 93 43 doit
1611 2582 181 43 habiter
1822 2595 116 30 avec
1969 2582 60 45 G.
2065 2581 124 46 Sand
2221 2590 46 37 et
2297 2582 321 45 recommande
2646 2583 23 42 à

666 2649 219 53 Fontana,
928 2649 170 54 chargé
1139 2649 57 45 de
1237 2648 62 45 lui
1340 2657 187 37 trouver
1566 2662 55 31 ce
1661 2649 231 45 tusculum
1934 2649 135 51 idéal,
2113 2649 57 45 de
2213 2663 59 31 ne
2314 2663 81 41 pas
2436 2648 95 55 agir
2569 2651 24 43 à
2631 2648 38 45 la

666 2717 158 53 légère
840 2735 9 25 :
884 2732 22 25 «
945 2716 276 53 Remarque,
1257 2713 182 55 écrit-il,
1473 2714 140 55 qu'on
1646 2728 58 31 ne
1737 2714 94 46 doit
1862 2728 81 41 pas
1976 2714 98 55 agir
2105 2716 291 54 légèrement
2429 2730 112 40 pour
2573 2714 94 51 elle,

670 2796 247 41 remarque
945 2783 106 43 bien
1079 2783 113 43 cela.
1228 2798 23 25 »
1282 2782 174 50 (Lettre
1483 2783 57 44 de
1569 2782 64 44 La
1661 2780 192 57 Châtre,
1882 2794 33 42 4
1940 2783 192 44 octobre
2165 2783 161 54 1838).
2358 2784 74 43 Au
2460 2796 132 31 cours
2618 2782 51 44 de

670 2850 121 45 deux
815 2858 156 37 autres
995 2850 176 53 lettres,
1197 2849 207 53 toujours
1430 2850 58 45 de
1515 2867 23 24 «
1568 2849 65 46 La
1658 2849 177 46 Châtre
1867 2850 123 55 1838
2019 2867 41 36 »,
2088 2851 30 44 il
2143 2851 182 46 revient
2349 2854 26 41 à
2400 2858 119 38 cette
2545 2862 100 43 ques-

670 2915 93 44 tion
799 2916 59 43 de
890 2916 237 52 demeure,
1166 2916 203 55 ajoutant
1403 2916 112 55 qu'il
1553 2919 165 51 espère
1754 2929 59 30 ne
1850 2917 103 54 plus
1987 2930 28 41 y
2052 2916 191 45 souffrir
2278 2919 58 43 de
2372 2931 50 31 sa
2458 2925 105 37 toux
2598 2914 69 56 qui

672 2982 224 46 l'étouffé.

765 3047 121 55 Quel
914 3057 70 37 est
1011 3050 43 44 le
1080 3050 219 53 seigneur
1327 3050 76 54 qui
1431 3064 57 30 va
1516 3050 193 54 pouvoir
1737 3050 177 44 s'offrir
1940 3064 55 30 ce
2022 3050 74 54 joli
2128 3052 62 43 lot
2218 3051 58 44 de
2303 3051 159 44 lettres
2490 3051 57 44 du
2575 3050 94 53 plus

666 3117 143 52 grand
835 3114 226 46 musicien
1091 3116 245 54 polonais?

765 3183 227 53 Ajoutons
1014 3196 91 40 que
1127 3183 44 43 le
1192 3183 240 53 catalogue
1455 3184 57 43 de
1535 3197 80 30 ces
1639 3184 160 43 lettres
1822 3183 217 46 continue
2063 3185 25 44 à
2112 3197 226 42 propager
2362 3184 192 43 l'erreur
2577 3189 91 45 trop

666 3250 261 45 accréditée
953 3263 59 32 en
1039 3249 168 46 faisant
1233 3251 148 44 naître
1407 3249 183 56 Chopin
1619 3250 44 45 le
1695 3264 15 29 i
1721 3250 34 21 er
1780 3264 125 31 mars
1938 3250 138 55 1809.
2108 3251 35 44 Il
2171 3259 72 37 est
2269 3254 26 41 à
2323 3253 189 52 espérer
2538 3249 130 55 qu'en

668 3315 96 46 ceci
793 3315 143 53 aussi,
965 3316 42 43 la
1035 3315 387 56 musicographie,
1454 3316 198 45 d'année
1681 3330 57 31 en
1769 3319 150 42 année
1949 3318 103 53 plus
2081 3318 219 53 étendue,
2331 3316 286 46 contribuera
2645 3314 23 42 à

666 3382 199 55 dissiper
891 3390 121 37 cette
1040 3394 175 33 erreur.

2150 3389 197 39 Gaston
2380 3389 196 39 knosp.

768 3483 244 55 Signalons
1032 3500 61 32 un
1116 3486 112 55 petit
1248 3502 205 40 ouvrage
1474 3489 76 55 qui
1573 3489 127 46 vient
1722 3489 226 46 d'arriver
1968 3493 24 42 à
2016 3492 42 43 la
2081 3490 177 54 Revue,
2283 3500 45 37 et
2352 3493 108 43 dont
2481 3490 187 45 l'auteur

666 3554 188 43 résume
879 3566 57 31 en
961 3554 248 54 cinquante
1234 3568 141 40 pages
1399 3556 69 43 les
1493 3555 130 46 traits
1648 3556 248 46 essentiels
1922 3559 58 43 de
2005 3559 43 44 la
2074 3559 75 44 vie
2175 3559 57 44 de
2259 3558 198 55 Chopin.

764 3619 242 45 EDOUARD
1040 3620 230 45 GANCHE.
1407 3624 65 41 La
1511 3624 80 41 Vie
1625 3626 57 41 de
1721 3624 182 53 Chopin
1940 3630 45 39 et
2019 3638 85 30 son
2141 3638 175 31 œuvre.
2357 3624 199 52 (Société
2590 3621 78 44 des

665 3683 203 46 Auteurs
896 3692 45 38 et
969 3685 230 54 Editeurs,
1235 3687 139 55 1908,
1404 3686 165 54 in-8°).
