2839 4216
961 381 393 40 BIBLIOGRAPHIE

2069 397 92 43 411

154 526 147 56 partie
327 529 243 56 complète,
600 543 111 34 sous
739 530 107 48 bien
875 533 84 47 des
987 543 224 48 rapports,
1242 536 239 59 l'ouvrage
1509 539 58 47 de
1594 541 142 47 Land.
1769 543 35 47 Il
1833 552 71 39 est
1931 545 97 47 vrai
2058 545 108 57 qu'à

154 591 216 58 l'époque
400 596 24 43 à
455 595 202 57 laquelle
687 596 129 48 Land
846 606 46 38 et
923 600 303 48 Gronemann
1257 605 254 48 étudiaient
1543 607 41 46 la
1616 609 216 57 musique
1863 610 57 46 de
1955 611 207 55 Batavia,

155 660 40 44 le
222 660 331 57 phonographe
581 677 26 32 n
630 663 111 49 était
767 679 83 43 pas
876 681 171 33 encore
1075 670 109 47 d'un
1212 685 145 41 usage
1384 675 187 52 général
1600 689 115 42 pour
1743 677 423 57 l'enregistrement

151 726 84 45 des
263 728 240 55 musiques
532 731 256 57 exotiques.
822 733 33 46 Il
885 743 72 38 est
984 738 260 54 cependant
1271 738 141 46 d'une
1440 741 234 47 nécessité
1702 745 193 47 absolue
1923 760 114 42 pour
2065 761 76 42 per-

151 800 167 40 mettre
341 794 317 50 l'élaboration
682 798 280 58 d'ouvrages
983 803 193 46 féconds
1198 818 57 32 en
1279 806 354 55 enseignement
1655 823 180 35 comme
1858 813 43 45 le
1923 822 104 38 sont
2047 828 117 33 ceux

150 859 58 46 de
235 859 116 47 MM.
381 860 186 59 Stumpf
592 873 46 38 et
664 865 300 56 Hornbostel,
993 883 78 32 car
1097 870 196 47 l'oreille
1320 873 131 46 seule
1477 887 59 32 ne
1562 875 211 55 parvient
1799 892 82 41 pas
1908 882 24 43 à
1959 879 134 47 saisir
2121 889 45 38 et

150 930 25 43 à
207 929 173 47 retenir
410 944 117 32 avec
558 939 127 41 toute
715 934 296 48 l'exactitude
1043 938 231 45 désirable
1307 939 70 46 les
1407 940 280 48 intonations
1719 952 45 38 et
1795 945 255 49 vibrations
2082 949 82 46 des

151 995 167 56 degrés
346 996 82 47 des
456 1011 210 41 gammes
692 1001 257 56 exotiques.
981 1002 72 47 Ce
1082 1006 170 45 second
1283 1019 204 43 ouvrage
1514 1016 71 38 est
1612 1013 113 43 orné
1753 1011 141 47 d'une
1920 1028 135 32 assez
2083 1015 54 46 im-

150 1068 210 49 portante
386 1065 244 47 collection
659 1066 165 55 d'airs;
855 1070 68 44 les
950 1074 220 41 numéros
1205 1084 59 43 14
1292 1080 44 38 et
1369 1084 54 44 15
1454 1082 179 39 surtout
1660 1085 103 38 sont
1791 1077 82 46 des
1900 1080 264 54 spécimens

150 1129 265 49 charmants
455 1133 58 46 de
554 1147 80 32 ces
675 1147 160 34 muses
875 1136 245 47 lointaines
1162 1146 93 38 et...
1299 1141 215 46 combien
1557 1143 248 49 modernes
1847 1146 175 56 malgré
2064 1148 100 46 leur

150 1197 142 54 grand
320 1201 101 52 âge.

248 1265 35 46 Il
310 1279 61 32 ne
396 1279 119 33 nous
541 1275 123 39 reste
691 1268 142 57 qu'un
860 1270 126 46 désir
1011 1274 24 42 à
1063 1272 248 47 formuler:
1340 1288 91 43 que
1458 1275 62 46 M.
1551 1277 58 45 de
1637 1278 285 48 Hornbostel
1948 1282 215 47 réunisse

149 1338 104 40 tous
282 1345 78 35 ses
389 1348 230 43 ouvrages
648 1338 137 53 épars
816 1350 57 32 en
903 1352 61 31 un
996 1340 212 55 volume;
1240 1340 57 47 ils
1327 1350 103 38 sont
1461 1343 38 47 si
1529 1345 294 47 nécessaires
1853 1347 140 57 qu'on
2023 1349 112 47 aime-

149 1399 85 47 rait
262 1399 68 47 les
358 1401 130 47 avoir
516 1415 112 33 sous
654 1404 42 45 la
725 1404 139 54 main,
896 1413 45 38 et
969 1420 55 32 ce
1052 1408 141 45 serait
1221 1422 61 33 un
1313 1410 188 46 volume
1531 1425 91 42 que
1650 1427 52 31 se
1732 1413 333 57 disputeraient
2093 1416 70 46 les

149 1466 291 58 Spécialistes
466 1470 257 47 nombreux
752 1471 83 46 des
861 1472 243 57 musiques
1133 1475 255 56 exotiques.

1665 1546 197 48 Gaston
1895 1546 196 48 Knosp.

751 1901 454 69 OUVRAGES
1271 1906 274 82 REÇUS

145 2090 239 47 PEDRELL
414 2091 186 57 (Felip).
1324 2091 222 49 Catatech
1830 2097 59 43 de
2006 2097 44 43 la
2154 2090 4 58 B

417 2159 215 45 Barcelona.
633 2158 242 59 (Barcelona,
911 2161 99 56 in-4
1016 2163 18 19 0
1070 2163 58 45 de
1158 2176 98 43 330
1288 2177 90 42 pp.,
1421 2166 162 57 1908.)

146 2224 195 47 DACIER
375 2225 207 55 (Emile).
1293 2229 113 46 Mlle
1584 2231 142 49 Sallé,
1938 2243 92 32 une

271 2290 150 55 (Pion,
456 2305 139 45 1909,
622 2294 130 47 in-12
780 2295 57 47 de
861 2307 99 45 350
986 2297 98 55 pp.)

144 2359 241 47 VATIELLI
412 2360 315 55 (Francesco).
1556 2365 65 43 La
1734 2365 119 55 Lyra
2023 2366 135 45 Barbe
1776 2368 205 56 (Pesaro,
2018 2383 137 43 1909,

271 2426 122 47 in-8°
427 2429 57 44 de
515 2427 63 47 80
609 2443 91 43 pp.,
736 2430 151 55 2.50.)

141 2493 174 46 AUBRY
356 2493 93 54 (P.)
489 2504 45 38 et
574 2496 226 47 BERDIER
840 2496 95 56 (J.).
1080 2500 91 44 Les
1213 2501 246 44 Chansons
1498 2502 57 45 de
1598 2502 239 51 Croisade,
1879 2515 115 33 avec
2032 2505 126 43 leurs

272 2562 237 44 mélodies.
542 2561 78 52 (H.
652 2561 279 57 Champion,
968 2576 137 43 1909,
1137 2565 98 55 in-4
1241 2566 18 19 0
1291 2566 58 46 de
1376 2577 97 45 320
1501 2566 97 56 pp.)

141 2628 216 46 GANCHE
395 2628 271 55 (Edouard).
1475 2632 66 44 La
1688 2633 80 43 Vie
1920 2633 58 43 de
2115 2633 43 43 Ch
1834 2634 203 52 (Société
2074 2636 84 45 des

272 2695 431 54 auteurs-éditeurs,
739 2708 137 43 1909,
906 2697 128 45 in-12
1064 2698 58 46 de
1148 2707 63 47 54
1237 2699 97 55 pp.)

146 2763 209 45 FARMER
381 2761 78 52 (H.
489 2763 100 53 G.).
1283 2765 208 43 Memors
1750 2766 52 53 of
1900 2766 76 44 the
2110 2766 48 44 Ro
1719 2766 222 55 (London,
1974 2769 184 55 Boosey

272 2830 88 44 and
385 2829 85 53 C°,
504 2841 138 45 1909,
669 2829 122 47 in-8°
821 2831 57 45 de
906 2843 95 33 220
1025 2830 97 56 pp.)

142 2896 219 46 MILLIEN
396 2896 112 53 (A.).
1157 2899 178 44 Chants
1579 2902 46 41 et
1735 2900 232 44 chansons

272 2965 117 49 J.-B.
415 2965 274 44 Pênavaire.
718 2962 214 56 (Leroux,
965 2965 139 55 1908,
1132 2977 24 32 2
1183 2966 88 44 vol.
1299 2966 98 54 in-4
1404 2967 17 19 0
1449 2966 57 46 de
1533 2979 95 33 220
1651 2980 73 40 pp.
1758 2976 53 46 15
1839 2967 79 51 fr.)

144 3031 283 45 SCARLATTI
460 3031 339 53 (Alessandro).
1719 3034 316 52 Harpsichard

268 3099 38 50 J.
339 3098 52 44 C.
418 3099 260 50 Shedlock;
704 3099 90 45 vdl.
822 3111 32 44 4
878 3107 44 39 et
948 3109 43 46 5.
1020 3099 225 54 (London,
1275 3100 126 45 Bach
1429 3107 44 39 et
1499 3098 108 53 C°.)

141 3164 346 46 HORNBOSTEL
511 3164 156 52 (Erich
692 3165 64 46 M.
781 3165 130 54 von).
1917 3166 241 56 Phonogra

271 3234 92 42 und
390 3233 296 43 Indonésien.
719 3230 127 52 (Karl
878 3231 311 55 Siegismund,
1223 3231 173 55 Berlin,
1435 3231 162 55 1909.)

141 3299 346 45 HORNBOSTEL
512 3297 155 52 (Erich
692 3297 63 46 M.
781 3299 129 52 von).
1967 3300 60 43 Über
2028 3297 126 57 (Joseph

273 3365 122 45 Baer
419 3374 45 36 et
488 3363 85 54 C°,
602 3365 247 45 Frankfurt
874 3365 88 44 Am
987 3365 142 52 Main,
1164 3363 162 55 1908.)
