2839 4216
862 380 62 35 LA
953 378 245 45 JEUNESSE
1229 378 63 33 DE
1324 377 161 34 LULLY

2083 375 94 45 347

180 536 270 51 déclaration
482 535 227 53 analogue
741 532 86 53 (1).
863 531 72 45 Ce
967 531 121 45 n'est
1119 529 107 56 qu'à
1259 528 140 57 partir
1432 528 57 46 de
1530 528 119 47 1682
1686 542 105 42 que,
1827 542 80 32 sur
1937 528 84 45 des
2053 535 127 38 actes

180 602 334 54 authentiques,
544 599 133 56 Lully
705 607 71 38 est
804 598 188 56 qualifié
1020 597 220 54 d'écuyer
1268 595 85 53 (2).

271 670 71 45 De
373 670 154 42 même
561 679 185 41 encore,
780 678 62 33 un
875 664 237 56 pamphlet
1142 664 192 45 adressé
1367 664 25 43 à
1425 663 44 44 la
1503 663 263 44 maréchale
1799 663 57 44 de
1891 663 41 43 la
1968 662 134 44 Ferté
2135 667 46 38 et

181 739 170 47 intitulé
586 738 65 43 Le
768 736 227 53 triomphe
1278 736 57 42 de
1450 735 119 43 Lulli
1806 744 89 33 aux
2109 733 77 43 Cha
1643 730 233 55 pamphlet
1936 729 82 44 des
2078 729 103 54 plus

180 804 255 48 favorables
469 815 57 32 au
562 801 249 52 Florentin,
849 799 140 45 incite
1023 802 24 41 à
1084 799 61 45 lui
1182 797 222 46 attribuer
1438 810 92 31 une
1564 796 251 45 extraction
1851 796 234 52 modeste;
2121 808 59 31 on

180 880 101 49 peut
308 885 28 41 y
365 870 84 44 lire
478 882 90 42 que
600 869 67 45 les
696 867 254 46 musiciens
981 866 215 55 français,
1230 879 80 42 par
1338 863 209 55 jalousie,
1580 865 280 52 alléguaient
1889 876 84 32 son
2003 876 90 42 peu
2123 862 58 45 de

180 938 250 54 naissance,
460 938 26 42 à
514 936 106 56 quoi
651 935 241 54 Polymnie
921 933 174 55 répond
1126 950 23 24 «
1183 946 90 41 que
1303 932 117 43 Lulli
1451 931 110 44 était
1589 931 137 43 noble

178 1018 103 33 sans
309 1004 240 54 contredit,
581 1003 117 45 mais
726 1016 105 42 que,
864 1002 154 53 quand
1048 1001 28 44 il
1108 1013 58 32 ne
1197 1001 42 43 le
1268 998 141 46 serait
1439 1012 94 41 pas,
1568 998 42 45 la
1640 998 217 43 bassesse
1888 998 57 43 de
1974 996 184 45 l'extrac-

178 1074 87 46 tion
291 1070 197 46 n'aurait
511 1070 163 55 jamais
699 1072 75 43 été
801 1083 61 31 un
889 1068 207 44 obstacle
1122 1069 24 42 à
1173 1081 61 31 un
1262 1067 332 53 triomphateur
1625 1082 23 24 »
1677 1063 85 56 (3).

273 1139 35 44 Il
338 1145 73 38 est
441 1139 118 44 donc
588 1136 173 56 permis
792 1136 58 45 de
881 1149 52 31 se
963 1143 205 38 montrer
1198 1134 240 53 sceptique
1470 1145 79 32 sur
1580 1133 44 44 le
1654 1139 182 46 compte
1869 1131 59 44 du
1961 1147 23 24 «
2022 1129 137 54 gentil-

178 1209 181 42 homme
384 1204 213 46 florentin
628 1220 24 24 »
680 1204 57 44 de
764 1204 42 43 la
835 1204 194 42 Gazette
1056 1209 46 38 et
1128 1201 57 43 de
1215 1199 137 45 Fétis.

271 1274 89 43 Les
399 1274 181 42 Lettres
618 1274 57 40 de
715 1271 243 43 naturalité
997 1269 251 44 accordées
1284 1270 26 42 à
1349 1267 132 55 Lully
1522 1265 67 56 (4)
1632 1266 284 55 proclament
1954 1277 51 32 sa
2043 1263 141 45 haute

177 1341 168 43 valeur.
375 1340 34 43 Il
434 1352 39 40 a,
501 1340 63 44 dit
588 1338 42 44 le
656 1346 137 43 texte,
823 1354 23 24 «
877 1338 204 44 monstré
1107 1349 50 30 sa
1183 1335 254 44 suffisance
1461 1341 46 38 et
1531 1333 204 54 capacité
1762 1332 114 45 dans
1899 1331 42 44 la
1966 1330 216 55 musique

177 1421 53 32 en
252 1415 151 38 toutes
425 1406 246 53 manières,
696 1412 285 37 notamment
1002 1417 58 31 en
1084 1403 231 55 plusieurs
1336 1402 152 44 beaux
1509 1401 93 44 airs
1624 1401 55 44 de
1704 1399 147 45 balets
1872 1408 46 36 et
1940 1399 58 44 de
2018 1398 164 45 chants

176 1488 77 42 par
280 1474 75 55 luy
383 1476 244 52 composés
654 1486 59 30 en
743 1479 152 38 toutes
922 1478 152 37 sortes
1102 1471 57 44 de
1188 1471 207 52 langues.
1430 1486 25 24 »
1486 1468 75 44 On
1592 1467 81 45 fait
1701 1467 116 44 ainsi
1847 1465 211 54 allusion,
2090 1477 91 32 non

177 1542 257 45 seulement
455 1554 57 32 au
536 1540 141 45 talent
700 1539 56 45 de
781 1539 134 53 Lully
938 1537 335 55 symphoniste,
1300 1537 116 44 mais
1441 1548 169 32 encore
1635 1537 24 41 à
1683 1547 84 30 son
1792 1533 164 45 mérite
1980 1533 58 44 de
2062 1544 90 32 com-

176 1609 224 55 positeurs
420 1606 141 46 d'airs
581 1619 202 39 vocaux;
804 1619 58 31 on
883 1618 59 32 ne
962 1617 200 41 manque
1184 1617 81 40 pas
1284 1603 58 44 de
1362 1601 235 54 souligner
1618 1600 237 44 l'habileté
1876 1600 60 43 du
1956 1598 226 45 musicien

177 1679 23 42 à
221 1675 148 44 écrire
394 1675 83 43 des
500 1674 92 44 airs
618 1690 23 24 «
670 1686 57 31 en
752 1680 153 37 toutes
928 1679 151 37 sortes
1103 1671 57 45 de
1185 1671 192 52 langues
1405 1686 39 36 »,
1474 1667 228 46 entendez
1725 1680 80 42 par
1831 1667 40 44 là
1897 1667 68 44 les
1991 1666 193 53 langues

178 1742 239 55 française,
454 1741 235 53 italienne,
727 1740 250 54 espagnole
1011 1747 46 36 et
1091 1737 153 46 latine.
1284 1736 163 46 Faut-il
1483 1735 210 56 rappeler
1728 1733 336 56 quelques-uns
2098 1732 84 45 des

177 1810 88 44 airs
290 1808 183 45 italiens
498 1808 108 45 dont
633 1807 29 45 il
689 1806 123 46 avait
836 1806 184 44 émaillé
1047 1818 77 31 ses
1151 1803 180 54 ballets,
1359 1816 171 32 encore
1556 1815 90 42 que
1674 1802 41 43 la
1742 1799 227 56 paternité
1994 1798 61 46 de
2079 1806 105 38 tous

177 1876 175 45 ceux-là
378 1888 59 32 ne
463 1874 157 55 puisse
648 1887 81 42 pas
756 1873 61 46 lui
844 1876 99 42 être
968 1872 229 46 attribuée
1223 1885 110 31 sans
1358 1871 255 44 réserves?
1641 1867 165 47 Citons
1833 1868 114 43 dans
1974 1865 210 45 VAmour

187 1944 173 43 malade
387 1958 22 26 «
447 1942 129 44 Eche
608 1940 199 46 sarebbe
839 1953 129 32 amor
1004 1957 40 35 »,
1080 1939 116 45 dans
1503 1953 23 24 «
1565 1935 182 45 Amiam
1781 1935 187 54 dunque
2005 1949 22 26 »
2063 1940 46 39 et
2142 1933 42 43 le

178 2010 85 45 duo
296 2027 23 24 «
356 2009 132 46 Cede
552 2009 40 44 al
657 2017 156 36 vostro
877 2008 157 44 valore
1069 2023 40 37 »,
1143 2006 115 45 dans
1321 2005 42 45 la
1710 2003 43 44 le
1815 2001 163 45 chœur
2041 2000 144 55 fugué

178 2094 22 24 «
229 2076 116 45 L'un
403 2075 109 46 deir
571 2076 114 45 altro
713 2092 42 35 »,
784 2075 43 43 le
884 2074 91 44 duo
1034 2072 187 45 fameux
1248 2088 24 25 «
1302 2070 161 46 Gentil
1522 2069 176 45 musica
1757 2067 214 46 francese
2001 2084 40 35 »,
2069 2066 116 46 dans

178 2144 328 54 Vlmpatience,
530 2145 42 43 le
592 2142 115 46 récit
727 2142 84 45 des
831 2155 226 42 preneurs
1077 2141 58 45 de
1156 2140 146 52 tabac,
1328 2139 68 44 les
1416 2139 187 44 choeurs
1626 2154 24 25 «
1677 2136 62 46 Se
1758 2149 92 31 non
1871 2142 134 38 canto
2029 2150 73 37 »,«
2128 2133 57 45 Al

178 2225 135 42 corpo
343 2211 44 44 di
418 2212 143 43 bacco
595 2227 40 35 »,
671 2217 85 38 etc.
792 2208 64 45 Le
886 2216 143 37 motet
1061 2207 58 46 de
1150 2208 40 44 la
1222 2206 163 53 Merci,
1422 2222 22 26 «
1479 2212 132 38 autre
1640 2205 144 44 chose
1814 2202 183 46 louable
2032 2219 42 38 »,
2109 2201 52 44 dé-

178 2278 211 46 montrait
414 2291 93 42 que
533 2277 147 55 Lully,
710 2277 202 44 danseur
938 2276 268 43 consommé
1234 2281 44 38 et
1305 2272 320 56 symphoniste
1651 2269 173 54 d'élite,
1855 2267 279 47 s'entendait
2161 2269 24 42 à

178 2346 238 44 merveille
441 2347 24 42 à
492 2344 149 45 écrire
667 2344 57 45 de
751 2344 42 43 la
820 2342 215 54 musique
1063 2340 153 46 latine.
1248 2339 172 46 C'était
1446 2352 62 32 un
1536 2339 187 43 homme
1749 2337 236 45 universel
2013 2343 46 37 et
2086 2347 75 42 pro-

180 2413 194 53 digieux.
400 2412 158 54 Aussi,
587 2412 42 44 le
653 2412 66 44 roi
746 2412 57 44 de
827 2424 52 31 se
903 2417 205 38 montrer
1132 2409 85 44 fier
1241 2408 59 44 de
1325 2408 43 44 le
1392 2414 210 47 compter
1625 2404 258 47 désormais
1907 2417 57 31 au
1991 2403 194 44 nombre

178 2480 57 45 de
262 2493 79 32 ses
370 2479 160 54 sujets,
564 2487 45 36 et
639 2479 57 44 de
727 2479 61 43 lui
818 2485 212 46 octroyer
1061 2475 326 55 gratuitement
1418 2487 51 31 sa
1498 2471 346 47 naturalisation
1878 2488 22 24 «
1936 2483 110 31 sans
2077 2483 105 42 que,

180 2560 111 42 pour
312 2560 68 41 ce,
403 2547 31 44 il
455 2546 88 46 soit
563 2554 111 37 tenu
695 2546 57 45 de
773 2558 118 31 nous
911 2556 141 42 payer
1072 2542 182 45 finance
1276 2541 45 45 ni
1344 2540 253 46 indemnité
1618 2540 58 44 de
1697 2537 215 56 laquelle,
1937 2540 26 42 à
1984 2536 202 56 quelque

180 2627 175 32 somme
385 2614 173 54 qu'elle
587 2626 52 31 se
670 2611 158 56 puisse
858 2619 195 44 monter,
1086 2611 78 52 luy
1193 2621 145 33 avons
1370 2607 81 46 fait
1481 2615 46 37 et
1559 2606 176 46 faisons
1764 2606 89 44 don
1885 2617 80 42 par
1997 2602 189 46 lesdites

177 2682 255 52 présentes,
468 2682 25 42 à
525 2680 41 44 la
597 2680 171 52 charge
798 2691 91 41 que
922 2676 111 45 ledit
1066 2676 133 54 Lully
1230 2674 133 46 finira
1397 2687 78 32 ses
1505 2673 127 55 jours
1664 2686 59 30 en
1757 2678 156 38 nostre
1945 2682 236 42 royaume,

177 2756 43 38 et
246 2747 110 56 qu'il
381 2760 59 31 ne
465 2760 104 31 sera
594 2746 177 45 facteur
795 2744 45 45 ni
867 2743 298 55 négociateur
1188 2742 240 45 d'affaires
1455 2753 113 42 pour
1593 2741 70 43 les
1687 2741 254 50 étrangers.
1973 2753 24 26 »

271 2815 39 44 A
331 2814 137 56 peine
488 2813 249 46 naturalisé
761 2812 230 54 Français,
1016 2810 133 55 Lully
1169 2823 57 32 va
1246 2808 234 48 travailler
1498 2821 80 31 sur
1597 2821 61 31 un
1681 2808 139 53 opéra
1841 2804 170 46 italien.
2036 2803 75 44 On
2133 2815 52 32 se

178 2881 202 55 rappelle
403 2894 90 41 que
516 2879 259 53 Marucelli,
801 2880 24 42 à
849 2878 247 44 l'occasion
1121 2878 57 44 de
1201 2878 42 43 la
1264 2874 368 57 représentation
1655 2873 60 44 du
1904 2870 60 46 de
1985 2869 196 53 Cavalli,

180 2949 242 54 annonçait
453 2949 41 43 la
526 2946 367 56 représentation
925 2959 114 41 pour
1074 2946 40 43 le
1147 2942 219 56 prochain
1400 2941 229 46 Carnaval
1663 2941 57 43 de
1753 2939 198 45 VErcole
1984 2941 197 41 amante.

178 3014 126 45 Nous
319 3026 170 33 savons
508 3026 80 40 par
608 3014 43 44 le
666 3014 104 43 titre
785 3011 57 46 de
858 3011 42 44 la
920 3010 212 56 partition
1149 3024 90 42 que
1259 3008 180 46 Cavalli
1463 3020 218 42 composa
1702 3014 73 36 cet
1797 3007 139 52 opéra
1959 3017 57 31 en
2040 3003 144 45 l'hon-

280 3172 58 45 (1)
365 3170 256 37 Documents
648 3167 174 37 extraits
848 3167 50 36 de
924 3166 48 36 V.
1002 3175 22 25 2
1055 3174 43 36 35
1127 3168 42 32 et
1194 3163 160 49 publiés
1381 3174 75 36 par
1481 3163 55 36 M.
1564 3160 260 48 Campardon
1852 3158 104 36 dans
1975 3170 7 25 :
2010 3158 157 37 l'Acadé-

174 3224 74 36 mie
276 3226 130 44 royale
434 3224 43 36 de
505 3222 183 48 musique
715 3233 55 26 au
798 3219 160 37 XVIII
959 3228 17 18 e
1001 3219 123 41 siècle,
1156 3219 55 42 11,
1229 3228 69 37 pp.
1334 3218 179 43 144-148.
1542 3214 215 37 Consulter
1785 3212 109 37 aussi
1912 3224 7 25 :
1951 3212 120 37 Arch.
2100 3217 87 33 nat.

173 3276 118 44 V2Ô2,
315 3278 40 34 f°
375 3285 72 40 255
453 3284 36 20 r0
508 3279 42 33 et
573 3275 24 46 V
597 3275 98 46 263.
721 3276 47 35 88
773 3276 15 22 r
793 3282 16 19 °

280 3334 57 44 (2)
379 3332 46 36 L.
456 3341 58 26 DE
541 3331 336 36 GRANDMAISON.
922 3326 121 37 Essai
1071 3325 246 38 d'Armoriai
1343 3325 66 35 des
1448 3323 153 37 artistes
1629 3320 176 47 français
1823 3320 72 43 ;in
1912 3320 185 38 Réunion
2125 3320 65 36 des

185 3383 162 39 Sociétés
549 3386 66 35 des
738 3382 251 39 Beaux-Arts
1326 3383 66 36 des
1519 3381 309 47 Départements,
1192 3388 109 36 1904,
1336 3387 70 37 pp.
1438 3377 187 45 651-682.

281 3440 57 45 (3)
364 3438 94 37 Bib.
483 3439 50 36 de
554 3436 215 37 l'Arsenal.
793 3433 161 38 Recueil
975 3433 182 47 Tralage.
1185 3442 35 26 2.
1244 3433 115 44 6542,
1385 3430 38 36 f°
1580 3434 42 30 et
1646 3429 71 35 261
1734 3435 62 28 v».

281 3494 57 44 (4)
567 3492 181 36 Minutes
1028 3490 117 35 Ader.
770 3489 109 35 Elles
931 3486 138 37 furent
1119 3485 264 47 enregistrées
1415 3483 26 36 à
1469 3483 40 36 la
1540 3482 203 37 Chambre
1789 3481 71 35 des
1898 3481 208 47 Comptes,
2154 3480 36 36 le

176 3544 195 37 vendredi
394 3555 48 35 30
463 3546 89 47 juin
578 3544 111 36 1662.
713 3542 137 47 (Arch.
874 3544 88 32 nat.
980 3541 44 35 P.
1049 3541 113 40 2688,
1188 3539 37 36 f°
1250 3548 67 36 131
1343 3542 40 30 et
1408 3536 80 38 PP.
1514 3546 82 37 151,
1616 3536 37 35 f°
1672 3544 47 37 45
1742 3537 82 44 v®.)
1839 3534 110 37 C'est
1964 3544 75 37 par
2055 3544 135 26 erreur

176 3609 78 36 que
277 3600 56 36 M.
360 3600 137 35 Radet
521 3598 100 37 écrit
641 3609 10 26 :
665 3613 17 24 «
709 3598 64 35 Au
792 3596 103 36 mois
911 3595 51 36 de
977 3594 215 37 décembre
1221 3594 110 39 1861,
1357 3591 29 36 il
1400 3591 188 36 obtenait
1603 3591 57 36 du
1674 3589 64 37 roi
1753 3600 46 26 sa
1815 3588 333 38 naturalisation.
2163 3604 18 23 »

177 3651 103 38 Mais
309 3656 109 32 cette
447 3663 136 24 erreur
614 3656 61 31 est
705 3649 231 48 imputable
966 3650 25 35 à
1022 3646 267 37 l'lnventaire
1319 3645 56 35 du
1406 3643 197 37 musicien
1635 3643 71 47 qui
1737 3647 118 45 porte
1897 3642 38 36 le
1978 3640 212 38 millésime

182 3706 90 35 1681
299 3716 52 25 au
373 3706 80 35 lieu
474 3706 51 34 de
552 3706 109 35 1661.
756 3703 61 36 Cf.
842 3702 149 42 Radet,
1862 3702 69 37 loc.
2043 3702 78 41 cit.,
1208 3710 40 37 p.
1272 3710 62 34 24.
