2839 4216
657 329 93 41 402

1211 329 245 34 BULLETIN
1485 329 245 44 FRANÇAIS
1754 330 62 33 DE
1844 330 63 33 LA
1932 330 38 35 S.
2002 330 26 33 I.
2058 330 50 33 M.

652 476 185 70 grand
870 475 216 55 intérêt
1127 480 61 51 et
1228 476 317 72 applaudie
1585 494 141 40 avec
1767 476 456 59 enthousiasme.
2268 480 78 52 M.
2389 479 328 69 Schweitzer

652 574 34 36 a
727 555 92 55 été
860 556 220 72 engagé
1118 573 150 55 pour
1307 556 59 55 la
1406 558 198 56 saison
1644 556 336 73 prochaine.

765 636 123 72 Que
943 635 120 57 dire
1119 638 372 57 maintenant
1546 640 71 56 de
1672 640 77 54 M.
1805 639 253 72 Georges
2111 640 221 56 Walter
2364 647 23 48 ?
2442 643 271 76 Pourquoi

649 736 73 38 ne
766 736 107 53 pas
916 718 262 56 l'avouer
1207 724 23 48 ?
1278 719 82 55 Ici
1409 738 76 37 on
1529 719 229 58 n'avait
1804 720 214 71 jamais
2061 723 263 54 entendu
2369 723 237 58 chanter
2649 732 67 57 du

651 799 163 53 Bach
849 813 141 41 avec
1025 817 114 38 une
1175 800 154 55 aussi
1367 803 220 70 grande
1621 800 341 74 perfection.
2002 800 192 71 Aussi,
2230 819 78 38 on
2341 799 80 58 l'a
2455 807 258 71 applaudi

651 893 140 41 avec
835 898 108 37 une
981 884 157 50 sorte
1178 883 71 54 de
1286 882 151 55 furie
1462 883 118 56 !...
1630 882 223 57 Walter
1890 888 89 51 est
2020 901 81 38 un
2136 883 122 54 très
2295 888 188 67 grand
2519 894 57 49 et
2613 893 100 56 très

648 959 171 56 noble
855 959 222 56 artiste.
1105 960 51 54 Il
1192 979 74 36 va
1299 978 136 38 sans
1461 962 123 58 dire
1607 962 145 73 qu'il
1785 982 34 37 a
1853 963 94 54 été
1975 963 329 72 également
2336 968 218 70 engagé
2586 987 127 53 pour

647 1040 56 56 la
743 1040 315 71 prochaine
1098 1043 162 56 série.

764 1122 219 55 Faut-il
1037 1122 146 57 faire
1235 1141 355 56 remarquer,
1649 1125 393 70 maintenant,
2097 1132 136 49 tout
2288 1127 256 56 l'intérêt
2596 1134 120 68 qu'a

648 1221 74 36 eu
765 1221 148 52 pour
955 1221 149 38 nous
1147 1204 59 55 la
1250 1204 260 57 dernière
1555 1205 205 58 séance
1807 1208 227 56 donnée
2077 1226 108 53 par
2228 1207 211 71 YOrfeô
2489 1210 186 59 Català
2695 1219 23 50 ?

648 1283 51 53 Il
731 1284 200 53 suffira
965 1283 354 58 d'annoncer
1350 1285 182 70 qu'on
1564 1304 148 39 nous
1745 1306 35 35 a
1814 1289 193 55 donné
2039 1306 149 54 pour
2219 1291 57 52 la
2308 1291 283 69 première
2622 1293 98 57 fois

663 1363 151 71 Cinq
1038 1364 255 71 Madrigaux
1294 1367 63 56 de
1358 1365 251 58 Brudieu
1646 1373 60 50 et
1745 1386 115 38 une
2657 1378 59 55 de

648 1444 202 56 Mateu
887 1444 231 56 Flécha.
1161 1445 163 58 Nous
1362 1447 405 57 n'insisterons
1804 1467 108 53 pas
1948 1468 100 38 sur
2084 1451 412 72 l'importance
2534 1454 69 56 de
2638 1463 78 48 cet

647 1525 367 56 événement.
1058 1527 104 70 Ici,
1206 1529 146 55 dans
1392 1533 155 51 cette
1587 1546 195 54 revue,
1825 1550 78 36 on
1942 1531 155 57 aime
2136 1533 83 55 les
2260 1533 179 56 vieux
2479 1536 235 58 maîtres.

648 1605 93 56 On
781 1609 385 69 comprendra
1212 1609 169 69 donc,
1426 1609 308 71 aisément,
1777 1611 274 59 combien
2093 1616 220 69 grande
2357 1633 35 37 a
2432 1617 96 53 été
2567 1623 149 52 notre

645 1687 117 71 joie
802 1706 75 37 en
915 1691 329 55 entendant
1283 1697 136 51 tout
1461 1692 35 53 à
1536 1710 153 53 coup
1729 1698 156 51 cette
1926 1693 193 57 vieille
2159 1702 60 50 et
2261 1696 169 56 chère
2470 1699 247 73 musique

645 1768 181 71 qu'on
878 1771 226 69 croyait
1157 1771 229 57 oubliée
1413 1773 73 52 !...

767 1851 111 71 Qui
932 1851 240 57 était-ce
1228 1853 280 70 Brudieu,
1562 1854 102 73 qui
1719 1856 241 56 était-ce
2016 1857 214 57 Flécha
2261 1863 23 50 ?

758 1932 98 56 Du
901 1933 271 70 premier,
1221 1951 77 39 on
1343 1934 136 56 n'en
1524 1936 116 54 sait
1687 1955 108 53 pas
1842 1936 400 73 grand'chose.
2313 1941 163 56 Nous
2521 1959 196 39 savons

647 2013 322 56 seulement
1020 2014 145 73 qu'il
1213 2016 93 54 fut
1358 2017 213 56 maître
1620 2019 71 55 de
1741 2018 262 73 chapelle
2063 2022 72 55 de
2188 2021 59 54 la
2305 2022 110 56 Seo
2482 2023 236 73 d'Urgell

651 2093 363 73 (Catalogne)
1066 2093 28 79 e
1122 2093 28 79 1
1178 2093 141 79 qu'il
1371 2098 175 55 vécut
1595 2098 59 55 là
1703 2117 115 38 une
1866 2099 427 73 cinquantaine
2345 2103 287 57 d'années.
2679 2105 40 54 Il

648 2174 90 56 fut
790 2174 325 72 également
1167 2177 210 55 maître
1432 2181 71 54 de
1552 2180 281 72 chapelle,
1867 2183 264 69 pendant
2185 2186 156 54 deux
2390 2202 105 40 ans
2547 2186 171 68 (1576-

871 2258 72 55 de
974 2258 182 55 Santa
1189 2258 201 55 Maria
1423 2260 86 54 del
1541 2262 139 55 Mar
1684 2308 14 23 ,
1734 2263 70 55 de
1839 2263 336 59 Barcelone.
2210 2266 152 56 C'est
2398 2268 37 54 à
2464 2285 113 55 peu
2608 2270 111 70 près

644 2342 137 50 tout
825 2353 63 39 ce
931 2356 114 52 que
1089 2356 148 38 nous
1279 2356 277 41 savons...

760 2418 200 70 Quant
1004 2420 35 53 à
1077 2437 90 38 ses
1211 2437 250 54 œuvres,
1501 2440 150 39 nous
1692 2441 72 38 ne
1806 2426 381 56 connaissons
2227 2427 238 73 jusqu'à
2503 2430 214 71 présent

645 2497 185 74 qu'un
882 2501 212 56 recueil
1152 2503 71 55 de
1265 2502 367 74 Madrigaux.
1677 2505 50 53 Il
1766 2512 88 50 est
1896 2506 243 58 évident
2181 2510 145 71 qu'il
2366 2529 35 35 a
2444 2512 80 55 dû
2561 2510 156 56 écrire

644 2581 306 70 beaucoup
998 2586 59 49 et
1105 2587 234 51 surtout
1391 2583 70 56 de
1508 2585 58 53 la
1614 2586 270 71 musique
1932 2588 320 72 religieuse.
2305 2590 51 53 Il
2406 2591 177 57 disait
2627 2590 69 56 lui-

647 2661 208 70 même,
899 2663 148 55 dans
1089 2665 56 54 la
1193 2663 273 58 dédicace
1510 2684 71 38 ou
2624 2667 96 73 Epi
1936 2670 71 56 de
2050 2689 107 38 son
2201 2688 257 57 ouvrage
2488 2695 9 32 :
2538 2694 21 28 «
2604 2717 47 9 ...
2690 2689 28 52 y

647 2741 118 56 assi
802 2761 68 52 yo
910 2762 114 36 uno
1061 2750 150 49 entre
1249 2745 130 54 ellos
1424 2765 103 53 que
1564 2765 100 53 soy
1702 2756 236 48 maestro
1978 2752 63 54 de
2081 2752 210 73 capilla
2332 2754 65 53 de
2435 2754 56 55 la
2529 2756 187 55 Sancta

652 2823 213 72 Iglesia
1138 2826 64 52 de
1325 2825 54 54 la
1498 2826 105 55 Seo
1767 2827 65 54 de
1966 2827 170 71 Urgel
2364 2834 104 66 por
2630 2830 90 54 ord

651 2905 127 53 toda
977 2905 57 53 la
1162 2905 131 54 vida
1500 2907 328 55 consumido
2229 2926 70 36 en
2437 2914 115 50 esta

644 2982 341 59 tunândome
1035 2987 239 70 algunos
1326 2990 250 54 curiosas
1628 3009 36 52 y
1748 2992 246 55 deseosos
2074 2996 151 55 desta
2304 2996 252 69 facultad
2632 3010 84 57 que

645 3085 191 37 sacase
871 3069 126 69 algo
1035 3069 36 54 â
1108 3070 91 53 luz
1233 3071 65 52 de
1334 3071 52 53 lo
1423 3072 199 55 mucho
1663 3091 101 54 que
1800 3075 154 54 ténia
1989 3077 292 72 trabajado
2318 3098 69 35 en
2425 3079 161 54 e11a...
2637 3099 18 27 »

758 3150 89 54 De
887 3168 63 36 ce
992 3151 198 55 mucho
1233 3152 351 73 (beaucoup)
1618 3154 142 73 qu'il
1796 3174 189 38 avoue
2025 3157 302 58 lui-même
2368 3161 166 55 avoir
2572 3156 140 67 écrit,

648 3248 77 35 on
764 3230 204 72 ignore
1010 3237 156 63 tout,
1212 3232 180 70 hélas,
1438 3239 58 49 et
1543 3253 73 36 on
1665 3255 73 36 ne
1782 3239 266 70 possède,
2093 3240 56 71 je
2192 3240 54 56 le
2289 3242 218 72 répète,
2553 3237 161 74 qu'un

645 3310 213 56 recueil
905 3314 69 53 de
1023 3312 367 71 Madrigaux.
1440 3315 227 56 Pedrell
1711 3315 91 57 dit
1847 3319 146 71 qu'il
2040 3321 136 57 n'en
2222 3324 237 53 connaît
2509 3323 205 57 d'autre

644 3391 352 71 exemplaire
1028 3410 113 53 que
1171 3394 145 54 celui
1350 3395 101 71 qui
1484 3396 188 56 existe
1703 3397 36 53 à
1767 3397 57 55 la
1856 3397 418 75 Bibliothèque
2308 3403 71 55 de
2411 3396 302 62 l'Escurial.

647 3470 51 53 Il
734 3477 88 50 est
856 3471 240 57 intitulé
1125 3496 11 32 :
1719 3476 85 54 De
1962 3475 80 55 los
2202 3477 357 72 Madrigales

647 3551 258 56 Brudieu
1457 3560 236 50 maestro
2003 3557 66 54 de
2204 3557 57 55 la
2389 3559 211 54 Sancta

762 3650 35 36 a
842 3640 187 48 cuatro
1075 3654 151 36 voces
1392 3637 281 72 dirigidas
1720 3641 58 54 al
1820 3643 344 57 Serenisimo
2211 3646 200 56 Carolo
2458 3636 258 66 Emanuel
