2839 4216
732 358 96 53 348

1278 374 249 34 BULLETIN
1555 377 245 43 FRANÇAIS
1825 379 63 32 DE
1917 380 60 33 LA
2004 380 37 35 S.
2073 383 28 32 I.
2131 383 50 33 M.

731 530 116 31 neur
867 519 58 43 du
947 519 203 54 mariage
1170 521 60 45 du
1250 523 67 44 roi
1339 537 114 31 avec
1475 524 211 47 l'infante
1707 525 84 55 (i).
1818 526 120 47 Mais
1961 529 388 57 l'aménagement
2371 537 56 43 de
2450 538 41 44 la
2512 543 107 46 salle
2639 549 68 47 des

731 582 226 47 Tuileries
996 586 175 46 n'étant
1211 601 81 41 pas
1333 591 209 53 terminé,
1585 605 58 32 on
1684 594 136 45 remit
1861 596 42 43 la
1943 600 368 51 représentation
2352 604 25 42 à
2418 603 178 49 l'année
2633 618 56 43 sui-

729 657 138 37 vante
891 650 83 54 (2),
1000 660 46 37 et
1068 653 41 44 la
1132 653 243 47 naissance
1399 658 58 45 du
1482 658 215 55 Dauphin
1721 674 235 33 survenue
1982 664 44 43 le
2054 678 15 30 i
2081 665 33 20 er
2138 669 255 43 novembre
2422 670 113 46 1661
2565 678 24 40 à
2613 678 71 48 Fon-

728 717 262 46 tainebleau
1016 719 172 47 fournit
1212 723 24 42 à
1263 722 40 44 la
1329 724 131 54 pièce
1486 738 60 32 un
1574 727 156 52 regain
1758 727 277 47 d'actualité.
2065 731 148 56 Lully,
2242 747 79 31 sur
2349 735 40 44 la
2416 736 217 52 demande
2657 750 46 44 du

728 783 81 53 roi,
841 783 260 48 introduisit
1127 788 114 44 dans
1269 789 174 55 l'opéra
1471 792 55 44 de
1555 792 179 46 Cavalli
1764 793 348 57 d'importantes
2140 807 46 37 et
2213 802 306 47 nombreuses
2544 815 163 45 entrées

728 850 57 43 de
816 850 141 46 ballet
987 850 84 56 (3).
1107 853 64 45 Le
1202 855 220 55 prologue
1453 859 223 46 célébrait
1707 860 243 46 l'heureux
1982 865 280 46 événement
2294 868 57 43 de
2383 873 258 56 novembre,
2672 893 33 33 et

728 918 39 41 la
797 933 23 25 «
850 916 224 56 Tragédie
1103 938 23 24 »
1154 923 121 44 avait
1300 937 114 40 pour
1439 925 122 55 sujet
1587 926 68 44 les
1681 940 185 32 amours
1893 929 175 52 d'Ulus,
2097 932 73 44 fils
2196 933 257 48 d'Hercule
2478 947 45 35 et
2547 940 146 51 d'Yole

726 995 185 33 amours
930 987 283 46 contrariées
1234 1004 80 39 par
1334 992 41 44 la
1396 992 184 54 passion
1602 992 288 55 qu'Hercule
1910 1006 183 37 ressent
2114 999 237 47 lui-même
2373 1015 113 41 pour
2507 1005 107 47 Yole
2633 987 70 79 (4)!

727 1048 230 57 Vigarani,
997 1053 45 45 le
1077 1067 277 35 successeur
1392 1059 57 44 de
1486 1059 184 54 Torelli,
1711 1062 111 45 était
1860 1062 279 47 l'inventeur
2176 1066 58 45 de
2271 1070 240 46 machines
2548 1086 137 45 surpre-

726 1125 163 36 nantes
929 1119 76 54 qui
1046 1122 309 52 produisirent
1395 1139 61 30 un
1498 1126 114 46 effet
1651 1127 329 47 sensationnel.
2027 1131 129 46 Dans
2197 1133 232 54 plusieurs
2472 1139 151 48 lettres
2660 1147 44 44 de

726 1183 172 46 février
934 1186 137 54 1662,
1105 1188 242 47 Marucelli
1376 1191 178 54 signale
1584 1194 69 44 les
1682 1197 277 52 préparatifs
1987 1198 58 45 de
2074 1198 214 47 VErcole.
2323 1202 36 44 Il
2389 1203 113 47 écrit
2532 1206 40 44 le
2599 1221 26 42 3
2655 1212 34 45 fé-

718 1248 123 45 vrier
858 1267 9 25 :
888 1267 23 25 ((
936 1250 49 46 Si
1004 1266 57 30 va
1081 1267 271 40 preparamo
1371 1258 29 43 il
1422 1258 140 53 grand
1584 1259 187 46 balletto
1791 1276 25 30 e
1836 1263 257 47 commedia
2112 1279 83 41 per
2215 1268 42 45 la
2276 1267 154 48 futura
2450 1268 235 56 Settimana
2698 1300 6 9 •

727 1316 275 55 s'apprende
1035 1321 332 47 notabilmente
1401 1324 28 43 il
1466 1326 202 53 pericolo
1702 1328 79 44 d'il
1818 1329 148 46 fuoco.
2007 1330 84 56 (5).
2133 1349 24 26 »
2195 1334 62 45 La
2291 1337 314 54 complication
2639 1344 68 46 des

727 1385 251 53 machines,
1006 1386 68 45 les
1100 1404 23 24 «
1152 1390 101 43 vols
1281 1406 22 25 »
1331 1399 45 37 et
1400 1393 281 53 apparitions
1705 1396 57 44 de
1787 1410 315 42 personnages
2129 1403 371 56 mythologiques
2526 1408 72 53 qui
2624 1412 63 44 des-

726 1450 243 45 cendaient
999 1452 58 45 du
1088 1453 86 45 ciel
1206 1456 114 43 dans
1349 1457 84 45 des
1462 1460 150 52 chars,
1648 1461 214 47 faisaient
1893 1465 226 55 craindre,
2153 1480 56 31 en
2242 1469 129 53 effet,
2407 1484 91 41 que
2528 1476 177 55 quelque

724 1514 212 47 incendie
972 1532 52 29 se
1060 1520 202 47 déclarât
1300 1522 83 52 (6).
1424 1525 74 44 On
1536 1526 173 47 n'avait
1743 1542 81 41 pas
1861 1532 155 43 oublié
2054 1532 43 45 le
2134 1536 251 52 précédent
2422 1539 202 48 accident
2659 1545 46 44 du

726 1583 139 46 ballet
894 1584 58 43 de
983 1587 40 43 la
1402 1588 135 50 Nuit;
1225 1589 56 45 de
1312 1592 117 52 plus,
1465 1593 119 45 deux
1616 1608 82 31 ans
1729 1607 297 46 auparavant,
2062 1601 43 44 le
2135 1602 31 45 6
2199 1602 188 55 février,
2422 1606 42 44 le
2496 1606 76 46 feu
2603 1612 102 46 avait

724 1650 96 54 pris
849 1652 114 44 dans
994 1654 40 45 la
1066 1655 174 52 galerie
1269 1657 83 44 des
1383 1658 110 46 Rois
1523 1673 57 32 au
1613 1662 183 45 Louvre
1828 1663 95 55 (7);
1957 1666 41 45 la
2029 1680 111 33 cour
2171 1668 160 47 n'était
2360 1672 117 44 donc
2507 1687 79 41 pas
2614 1690 93 34 sans

723 1716 295 55 inquiétudes
1049 1734 79 31 sur
1160 1723 10 43 1
1193 1724 259 55 exécution,
1489 1728 113 43 dans
1635 1742 91 32 une
1758 1732 116 43 salle
1905 1746 168 40 neuve,
2111 1735 109 45 d'un
2253 1749 204 44 ouvrage
2490 1742 119 44 aussi
2639 1744 11 32 ,-
2655 1758 26 31 m-

722 1793 179 43 portant
925 1794 46 37 et
996 1791 192 42 entouré
1215 1789 26 44 d
1262 1803 92 31 une
1381 1793 283 45 machinerie
1691 1796 125 45 aussi
1844 1798 210 47 délicate.
2084 1800 135 47 C'est
2246 1805 223 54 pourquoi
2498 1821 56 30 on
2581 1812 124 50 prend

722 1851 82 44 des
830 1854 294 52 précautions
1150 1865 158 37 contre
1334 1857 260 49 l'incendie.
1626 1861 234 48 Ecoutons
1886 1865 258 57 Marucelli,
2175 1869 29 44 il
2233 1884 57 32 va
2317 1884 118 33 nous
2462 1874 95 44 dire
2585 1876 120 55 qu'on

720 1917 281 48 connaissait
1027 1921 100 53 déjà
1152 1922 179 56 l'usage
1357 1925 82 44 des
1465 1928 279 53 passerelles
1770 1932 317 55 métalliques:

818 2001 26 25 «
872 1986 167 45 Hanno
1062 1988 43 43 le
1128 1989 159 54 regine
1311 1991 113 45 fatto
1447 1993 180 54 erigere
1651 2008 61 32 un
1736 1997 234 47 balaustro
1994 2000 43 44 di
2064 2001 125 46 ferro
2213 2005 87 44 che
2323 2005 259 54 spicandosi
2605 2010 102 45 dalla

720 2053 40 42 la
790 2052 259 47 Residenza
1077 2068 58 32 va
1164 2069 25 32 a
1220 2058 249 47 terminare
1498 2061 56 44 ad
1584 2076 90 32 una
1703 2072 130 46 porta
1862 2066 79 44 d'il
1973 2075 144 38 teatro
2148 2082 81 42 per
2260 2072 153 46 uscire
2444 2073 71 55 pia
2545 2085 137 44 pronta-

718 2127 156 36 mente
898 2132 27 30 e
948 2121 339 53 speditamente
1311 2124 43 44 in
1381 2127 105 52 ogni
1512 2128 224 47 accidenti
1763 2130 84 52 (8).
1881 2149 23 25 »

816 2184 258 48 Rassurées
1098 2203 80 39 par
1202 2193 10 40 1
1236 2193 351 47 établissement
1609 2196 56 45 de
1692 2198 41 43 la
1757 2199 173 52 galerie
1955 2202 76 54 qui
2058 2204 150 44 reliait
2233 2205 125 45 leurs
2382 2217 322 44 appartements

714 2264 59 31 au
811 2254 193 53 théâtre,
1044 2256 69 43 les
1150 2257 119 45 deux
1306 2259 155 45 reines
1498 2271 166 44 purent
1698 2265 201 46 admirer
1937 2269 24 42 à
2001 2268 127 45 loisir
2164 2271 69 45 les
2271 2273 276 53 splendeurs
2582 2276 54 45 de
2670 2278 33 44 la

717 2318 106 45 fête.
841 2320 144 85 JWais
1021 2322 41 43 la
1099 2326 290 52 préparation
1427 2327 82 45 des
1549 2332 392 51 représentations
1978 2335 174 47 n'allait
2189 2351 83 41 pas
2308 2354 109 32 sans
2454 2342 245 46 difficultés.

715 2384 65 45 Le
816 2400 14 28 1
905 2387 186 55 février,
1123 2403 56 31 on
1213 2395 158 50 répète
1401 2409 115 30 avec
1546 2396 69 44 les
1644 2406 235 38 costumes
1909 2415 57 30 au
1996 2402 160 46 milieu
2186 2405 109 45 d'un
2326 2409 143 52 grand
2500 2410 202 46 désordre

714 2454 76 51 qui
825 2467 53 30 se
911 2457 180 51 produit
1123 2471 57 30 au
1216 2468 203 37 moment
1453 2463 57 43 de
1543 2464 11 42 1
1576 2464 256 54 apparition
1866 2468 83 45 des
1983 2471 253 53 machines,
2274 2482 45 37 et
2352 2487 93 42 que
2477 2476 223 47 Marucelli

720 2519 199 46 attribue
977 2534 57 31 en
1093 2524 144 53 partie
1262 2527 92 44 àla
1380 2528 335 48 malveillance.
1777 2532 36 45 Il
1871 2534 197 47 termine
2128 2551 49 32 sa
2237 2539 133 46 lettre
2429 2543 59 45 du
2553 2556 55 33 10
2660 2557 47 32 en

816 2725 33 43 (i
863 2726 11 44 )
915 2726 56 34 Le
1001 2726 96 36 titre
1125 2729 50 34 de
1202 2729 40 35 la
1268 2730 201 46 partition
1496 2732 196 38 italienne
1720 2740 61 31 est
1808 2736 36 36 le
1873 2738 166 37 suivant
2060 2751 7 26 :
2095 2741 47 35 L*
2147 2742 137 38 Ercole
2312 2747 69 44 per
2408 2747 38 35 la
2494 2751 141 32 maesta
2676 2746 32 36 di

707 2777 121 47 Luigi
856 2778 149 36 XIIII
1023 2791 38 25 re
1088 2782 42 35 di
1150 2782 187 43 Francia,
1359 2787 96 35 nelle
1481 2798 68 24 sue
1575 2787 125 37 Nozze
1733 2790 45 35 in
1817 2790 154 49 Parigi,
1999 2794 136 38 Fanno
2160 2796 272 45 MDCLXII,
2445 2800 42 36 di
2512 2801 195 36 Francesco

709 2831 155 37 Cavalli
909 2832 107 44 (Bib.
1046 2834 178 37 St-Marc
1250 2836 25 35 à
1299 2838 176 47 Venise).
1503 2839 56 37 Le
1584 2841 121 36 livret
1731 2843 141 46 publié
1898 2845 25 36 à
1948 2846 114 37 Paris
2088 2859 74 36 par
2189 2850 156 37 Robert
2383 2853 168 36 Ballard
2592 2854 115 45 (1662)

705 2888 94 42 port
803 2895 47 24 v
885 2886 138 38 Ercole
1055 2894 168 37 amante,
1263 2891 208 48 Tragedia,
1507 2895 281 46 Representata
1820 2902 70 42 per
1921 2900 32 36 le
1986 2900 126 38 Nozze
2147 2904 94 36 delle
2274 2904 161 39 Maesta
2469 2907 219 37 Christianis-

706 2949 108 24 sime.
842 2939 52 35 Ce
921 2943 96 32 titre
1043 2946 60 31 est
1129 2944 211 45 reproduit
1367 2947 157 35 ensuite
1550 2959 49 24 en
1625 2949 189 48 français.
1841 2952 92 37 Bib.
1961 2959 85 32 nat.
2077 2956 93 36 Rés.
2199 2957 50 37 Y.
2277 2960 87 41 408.
2469 2960 75 36 Les
2569 2961 139 40 paroles

705 2991 155 36 étaient
893 2993 48 34 de
973 2994 135 37 l'abbé
1138 2996 114 37 Buti.

812 3046 56 44 (2)
897 3046 432 42 NUITTER-THOINAN.
1358 3053 77 36 LOC
1441 3082 6 6 .
1487 3055 76 42 cit.,
1604 3067 40 35 p.
1685 3067 85 26 LXI.

813 3100 55 44 (3)
896 3100 61 35 La
986 3102 188 47 musique
1206 3105 55 34 du
1291 3106 127 36 ballet
1450 3107 210 39 d'Hercule
1686 3122 215 27 amoureux
1924 3125 42 25 se
1990 3119 145 34 trouve
2159 3119 103 35 dans
2282 3120 36 35 le
2339 3121 45 36 T.
2409 3121 42 35 II
2476 3122 54 36 du
2554 3119 149 39 Recueil

703 3162 62 24 ms
800 3153 79 34 \m
884 3154 11 24 r
896 3163 15 31 \
953 3154 82 37 àla
1053 3155 93 37 Bib.
1168 3162 85 32 nat.
1276 3163 41 31 et
1338 3160 103 36 dans
1460 3161 36 35 le
1515 3162 80 36 vol.
1620 3163 41 35 II
1681 3165 71 35 des
1773 3165 172 39 Œuvres
1966 3170 49 34 de
2035 3170 124 48 Lully
2177 3183 49 25 au
2250 3173 320 39 Conservatoire.

811 3208 57 44 (4)
896 3208 141 35 Livret
1067 3210 49 35 de
1144 3210 221 39 BALLARD.
1397 3213 88 38 LOC.
1517 3216 61 36 cit.
1613 3217 273 49 (Argument).

811 3260 56 46 (5)
895 3261 192 38 Mediceo.
1114 3266 113 42 4662.

811 3314 56 44 (6)
896 3314 276 39 Nombieases
1202 3323 94 32 sont
1326 3320 56 36 les
1412 3322 210 37 machines
1651 3334 51 27 ae
1729 3326 27 34 Y
1762 3327 138 38 Ercole
1919 3339 7 26 :
1959 3340 52 25 au
2048 3340 49 26 ier
2126 3337 90 31 acte
2247 3334 138 37 Vénus
2415 3337 174 35 descend
2618 3336 87 34 dans

703 3377 78 23 une
808 3367 189 36 Machine
1016 3380 89 32 ;au
1135 3382 20 24 2
1158 3380 15 18 e
1178 3401 7 12 ,
1216 3384 21 23 c
1253 3378 61 30 est
1345 3375 138 46 Junon
1511 3377 71 45 qui
1609 3380 185 35 emmène
1820 3381 36 35 le
1885 3382 195 37 Sommeil
2107 3396 68 25 sur
2201 3398 74 24 son
2303 3389 97 35 char
2420 3401 82 32 ;au
2519 3401 18 35 3
2540 3400 14 17 e
2560 3420 6 12 ,
2585 3391 119 34 Vénus

702 3423 189 67 apparaît
913 3422 102 35 dans
1036 3435 56 23 un
1112 3436 132 35 nuage
1282 3427 92 46 puis
1394 3429 191 37 demeure
1605 3442 50 24 en
1674 3433 90 35 l'air
1785 3446 99 24 avec
1904 3436 36 35 le
1957 3437 207 38 Sommeil.
2186 3440 182 38 Mercure
2388 3443 114 36 vient
2517 3455 48 25 en
2579 3443 125 36 volant

701 3473 183 35 reveilier
913 3476 185 37 Hercule.
1122 3478 63 36 Au
1214 3488 52 35 4c,
1301 3481 138 47 Junon
1466 3485 136 44 paraît
1630 3496 50 24 en
1706 3487 91 35 l'air
1823 3499 68 24 sur
1919 3502 56 23 un
2004 3492 127 42 trône,
2163 3493 193 48 Neptune
2384 3502 83 31 sort
2496 3499 49 34 de
2571 3498 37 34 la
2633 3504 71 26 mer

701 3528 102 32 dans
828 3539 79 23 une
933 3540 158 36 conque
1118 3534 154 34 traînée
1297 3546 74 34 par
1396 3536 70 35 des
1491 3537 189 37 chevaux
1704 3541 165 36 marins.
1899 3543 137 46 Junon
2062 3552 185 31 remonte
2272 3560 52 24 au
2349 3550 88 36 ciel.
2465 3552 63 35 Au
2561 3560 32 26 çe
2615 3553 88 34 acte,

700 3581 189 34 nouvelle
928 3583 190 37 descente
1157 3586 51 35 de
1251 3588 150 45 Junon.

808 3635 55 43 (7)
892 3636 286 38 MOTTEVILLE.
1221 3640 139 43 Mém.,
1403 3653 39 36 p.
1488 3652 85 36 501.

808 3688 55 44 (8)
892 3687 178 40 Mediceo
1074 3719 8 13 ,
1119 3693 112 41 4662.
