2839 4216
1235 372 249 36 BULLETIN
1512 371 245 45 FRANÇAIS
1783 371 64 33 DE
1874 370 61 34 LA
1963 370 38 35 S.
2033 370 28 34 I.
2093 371 49 33 M.

688 367 97 54 356

681 524 345 57 néanmoins
1062 524 175 55 d'une
1270 522 176 71 façon
1476 522 46 54 si
1559 520 336 72 frappante,
1917 519 148 57 celui
2103 520 72 56 de
2206 520 60 55 la
2296 520 144 56 voix
2472 523 258 75 humaine.

797 604 297 57 Villoteau
1138 622 33 36 a
1212 619 75 39 eu
1327 603 180 72 garde
1550 600 292 59 d'oublier
1880 600 55 56 le
1975 600 98 56 néï
2115 613 146 43 dans
2302 618 61 38 sa

709 684 328 71 historique,
1470 683 294 71 technique
2157 689 49 49 et
2364 680 269 56 littéraire

708 767 95 54 des
978 766 249 54 Orientaux
1228 766 58 67 (i)
1287 786 5 47 ;
1325 763 44 55 il
1407 782 74 37 en
1517 762 184 56 traite
1739 762 192 59 même
1969 778 164 40 assez
2178 781 78 37 au
2293 762 138 72 long
2468 782 143 53 pour
2644 788 87 56 que

680 846 161 54 Fétis
880 844 150 56 n'ait
1071 863 74 37 eu
1184 844 142 71 qu'à
1363 843 53 56 le
1461 844 254 57 résumer
1755 840 149 58 dans
1943 858 110 40 son

713 927 57 54 la
922 924 249 74 Musique
1172 927 46 66 (2).
1270 923 51 55 Il
1368 924 131 55 faut
1546 923 141 55 bien
1733 922 266 56 l'avouer
2046 923 356 71 cependant,
2449 923 53 56 le
2547 932 186 60 travail

678 1008 73 56 de
802 1007 296 56 Villoteau
1147 1004 295 57 fourmille
1495 1006 285 55 d'erreurs
1829 1008 61 51 et
1940 1002 318 57 fournirait
2309 1004 283 63 aisément
2638 1030 62 42 ma-

675 1088 148 56 tière
873 1089 34 54 à
950 1093 139 51 tout
1133 1106 85 37 un
1261 1086 149 55 livre
1461 1087 70 54 de
1576 1083 257 75 critique
1860 1106 14 48 ;
1923 1102 79 38 on
2049 1084 364 56 m'excusera
2460 1093 178 52 certes
2679 1097 53 57 de

677 1168 220 57 reculer
927 1167 77 54 ici
1046 1168 223 56 devant
1305 1164 241 74 pareille
1580 1167 177 54 tâche
1783 1166 12 53 !

792 1251 154 53 Tout
995 1249 379 65 récemment,
1439 1247 159 53 Dom
1664 1246 56 71 J.
1787 1244 234 56 Parisot
2084 1246 292 55 touchant
2441 1265 76 38 au
2577 1251 158 62 même

676 1329 176 72 sujet,
884 1328 216 56 n'était
1132 1328 175 73 guère
1339 1327 133 72 plus
1504 1328 265 53 heureux
1796 1347 14 48 ;
1841 1324 54 59 le
1926 1327 241 54 schéma
2202 1327 80 56 du
2314 1328 97 56 néï
2441 1328 144 73 qu'il
2614 1352 119 40 nous

675 1409 271 72 présente
992 1409 146 56 dans
1180 1425 109 38 son
2007 1408 262 71 Rapport
2617 1406 125 69 offici

673 1488 355 74 scientifique
1067 1507 70 37 en
1181 1487 257 72 Turquie
1477 1492 50 50 et
1566 1487 167 72 Syrie
1776 1488 81 69 (3)
1899 1492 90 51 est
2032 1487 245 61 inexact
2324 1507 75 38 en
2444 1488 131 74 plus
2620 1492 117 61 d'un

672 1568 192 74 point,
888 1587 64 38 ce
991 1568 99 74 qui
1133 1589 73 36 ne
1244 1564 252 77 pouvait
1537 1568 403 71 qu'entraîner
1980 1568 71 56 de
2091 1568 227 60 fausses
2356 1569 380 73 explications.

673 1651 131 56 Une
844 1649 395 58 rectification
1275 1648 277 74 s'impose
1594 1649 151 58 donc
1774 1670 14 48 ;
1828 1648 122 73 j'en
1988 1649 277 73 prendrai
2309 1651 272 58 occasion
2615 1672 123 54 pour

672 1731 269 73 rappeler
981 1736 61 49 et
1084 1731 146 56 fixer
1273 1731 72 56 de
1385 1747 278 41 nouveau
1701 1728 350 59 l'attention
2092 1731 71 56 de
2205 1747 109 41 nos
2354 1731 251 57 célèbres
2643 1736 73 54 fac-

671 1816 161 51 teurs
880 1811 453 59 d'instruments
1377 1812 36 53 à
1460 1816 161 63 vent,
1669 1811 102 56 des
1816 1809 319 58 musiciens
2180 1816 59 51 et
2284 1812 104 55 des
2431 1812 309 74 physiciens

670 1892 382 67 eux-mêmes,
1082 1910 99 38 sur
1218 1891 291 73 l'antique
1550 1892 144 56 flûte
1734 1889 306 59 orientale.
2082 1892 204 57 Avant
2324 1897 202 52 toutes
2564 1896 176 56 choses

671 1973 354 71 cependant,
1062 1971 56 73 je
1152 1972 158 57 tiens
1343 1975 35 52 à
1404 1971 308 57 remercier
1743 1971 76 56 ici
1856 1973 79 54 M.
1975 1970 198 59 Raouf
2209 1972 192 71 Jecta,
2431 1973 53 57 le
2520 1975 187 59 musico-

668 2052 173 74 logue
882 2058 61 51 et
985 2052 229 57 flûtiste
1254 2058 134 51 turc
1429 2052 55 57 le
1524 2052 136 75 plus
1700 2072 76 37 en
1820 2071 113 38 vue
1976 2053 36 55 à
2062 2053 511 77 Constantinople,
2614 2074 127 56 pour

667 2132 83 57 les
798 2133 278 75 précieux
1123 2133 503 75 renseignements
1674 2133 147 74 qu'il
1870 2152 37 38 a
1952 2133 144 59 bien
2143 2135 185 58 voulu
2376 2154 94 42 me
2517 2136 221 70 fournir,

668 2215 501 72 renseignements
1209 2215 187 72 qu'on
1435 2235 74 37 ne
1550 2216 228 56 saurait
1823 2232 289 56 manquer
2157 2216 368 76 d'apprécier
2567 2220 33 53 à
2636 2217 104 57 leur

667 2293 159 71 juste
872 2296 222 57 valeur.

784 2377 162 56 Dans
990 2378 57 55 la
1093 2377 361 74 description
1499 2377 145 74 qu'il
1688 2395 150 39 nous
1881 2377 114 56 fait
2044 2380 78 56 du
2167 2380 115 70 néï,
2328 2381 160 58 Dom
2531 2378 209 58 Parisot

666 2457 315 73 s'exprime
1028 2458 147 56 ainsi
1209 2479 11 34 :
1268 2480 21 29 «
1313 2460 80 54 Le
1439 2458 206 60 milieu
1692 2460 71 56 de
1806 2458 60 56 la
1908 2458 288 74 longueur
2242 2462 245 73 marqué
2531 2479 103 56 par
2674 2479 67 37 un

663 2541 140 52 trou
852 2540 192 54 donne
1091 2537 60 57 la
1194 2544 141 52 note
1372 2538 60 55 la
1467 2540 134 71 plus
1637 2540 218 68 élevée,
1894 2538 119 58 soit
2050 2540 260 57 l'octave
2351 2542 72 56 de
2460 2541 59 56 la
2554 2540 153 57 fonda-

666 2620 274 56 mentale.
996 2618 381 59 L'intervalle
1432 2620 69 56 de
1555 2638 65 39 ce
1672 2620 207 57 milieu
1931 2622 35 54 à
2016 2620 363 61 l'extrémité
2430 2626 90 52 est
2573 2621 167 58 divisé

659 2698 519 74 imaginairement
1228 2720 74 38 en
1347 2700 185 58 treize
1579 2701 223 75 parties
1852 2707 60 51 et
1961 2702 84 57 les
2092 2707 170 52 trous
2310 2710 138 51 sont
2501 2702 239 74 disposés

665 2781 35 52 à
739 2781 58 55 la
837 2782 322 70 troisième,
1204 2781 351 74 quatrième,
1601 2782 353 73 cinquième,
1997 2784 307 73 septième,
2350 2785 305 60 neuvième
2691 2787 49 51 et

659 2861 303 57 treizième
1015 2864 71 55 de
1137 2880 95 39 ces
1286 2862 307 59 divisions.
1649 2864 75 54 Ce
1777 2865 175 60 mode
2002 2864 334 75 empirique
2389 2866 71 57 de
2512 2862 229 57 fixation

663 2944 101 55 des
807 2960 136 39 sons
988 2944 193 57 donne
1223 2944 54 55 le
1320 2944 251 58 résultat
1614 2963 117 54 que
1780 2944 151 58 voici
1983 2946 101 70 (4).
2133 2969 21 28 »

778 3449 64 48 (1)
875 3447 189 40 Extrait
1084 3447 55 40 de
1159 3446 45 39 la
1225 3443 282 52 Description
1527 3443 50 40 de
1599 3443 220 52 l'Egypte.
1842 3445 143 44 Paris,
2008 3445 120 54 Imp.
2150 3445 263 54 Impériale,
2433 3444 172 53 janvier
2632 3441 106 47 1813,

685 3520 42 40 p.
768 3510 201 38 108-111.

774 3569 64 48 (2)
869 3567 52 41 T.
951 3567 63 47 11,
1044 3580 75 39 pp.
1154 3567 202 50 153-156.

773 3629 64 50 (3)
870 3627 236 40 Nouvelles
1130 3626 307 40 Archives'des
1463 3626 220 40 Missions
1707 3625 295 53 scientifiques
2007 3658 9 13 ,
2041 3629 36 39 t.
2104 3627 59 47 X,
2190 3640 49 40 p.
2269 3638 97 40 172.

773 3689 62 50 (4)
869 3688 85 53 Op.
985 3687 95 47 cit.,
1110 3699 47 40 p.
1193 3698 96 39 172.
