2839 4216
862 337 61 33 LA
953 336 246 42 JEUNESSE
1228 336 64 33 DE
1325 336 161 33 LULLY

2087 337 95 42 339

183 494 111 47 tions
314 489 56 46 de
393 487 356 54 garde-malade.
777 487 130 53 Lully
950 485 122 46 avait
1095 485 114 46 écrit
1231 485 42 45 la
1297 485 214 55 musique
1536 485 57 45 de
1616 499 54 32 ce
1693 485 379 46 divertissement
2094 484 85 55 (1),

182 569 40 37 et
255 558 28 44 il
319 569 29 42 y
381 557 108 52 joue
526 555 42 45 le
605 555 97 43 rôle
737 554 59 46 de
835 553 356 45 Scaramouche.
1232 551 89 47 Sur
1358 553 42 44 la
1437 553 229 54 musique,
1707 554 69 44 les
1812 560 207 47 gazettes
2055 553 127 45 n'ont

182 639 82 43 que
291 624 83 44 des
401 621 185 55 éloges:

574 745 24 25 «
635 727 64 45 Là
730 727 298 44 s'entendent
1058 725 84 46 des
1174 725 283 45 Harmonies

574 795 123 45 Dont
734 794 69 44 les
840 795 231 43 douceurs
1106 805 201 42 presque
1344 792 187 45 infinies

563 863 259 44 Procèdent
850 861 82 45 des
959 860 164 46 acords
1150 860 247 45 charmans

575 929 72 44 De
677 929 104 54 plus
812 929 57 44 de
899 927 209 45 soixante
1139 927 286 45 instrumens

573 996 131 44 Avec
738 996 69 44 les
840 995 106 44 voix
981 1007 128 32 rares
1143 1002 46 37 et
1223 993 149 46 belles

574 1063 71 45 De
668 1063 113 46 trois
803 1065 147 43 mâles
974 1071 45 37 et
1042 1062 111 46 trois
1177 1061 229 45 femelles.
1437 1077 24 26 »
1487 1059 85 54 (2).

271 1176 70 45 De
365 1189 82 32 son
473 1171 118 57 côté,
620 1174 270 44 Benserade
913 1186 59 32 va
995 1174 177 44 donner
1195 1175 26 42 à
1247 1171 210 56 Baptiste
1480 1185 61 32 un
1566 1170 235 55 magistral
1825 1183 118 40 coup
1969 1169 188 44 d'encen-

179 1244 101 45 soir.
309 1242 157 55 Voyez
492 1242 40 44 la
559 1253 25 43 5
589 1242 17 19 e
631 1242 162 44 entrée
818 1242 58 44 où
904 1256 25 26 «
958 1253 118 31 onze
1103 1239 217 45 docteurs
1345 1239 240 54 reçoivent
1609 1250 62 33 un
1698 1237 192 45 docteur
1914 1247 60 33 en
2000 1233 185 47 asnerie

181 1311 85 56 qui,
295 1322 113 42 pour
432 1308 189 45 mériter
648 1315 72 38 cet
746 1308 227 52 honneur,
1002 1306 203 47 soutient
1231 1306 84 46 des
1340 1306 160 44 thèses
1527 1305 191 44 dédiées
1744 1306 25 42 à
1797 1302 328 46 Saramouche.
2159 1319 24 24 »

182 1377 261 46 Benserade
482 1376 138 44 écrit:
662 1392 23 24 «
727 1374 124 46 Pour
888 1374 223 55 Baptiste,
1152 1373 312 56 compositeur
1503 1373 57 43 de
1598 1373 42 43 la
1678 1371 220 54 Musique
1934 1369 61 45 du
2036 1369 146 52 Balet,

179 1447 315 53 représentant
521 1443 343 44 Scaramouche
879 1461 9 25 :

567 1569 22 24 «
624 1552 103 45 Aux
756 1551 104 56 plus
889 1564 197 42 sçavans
1115 1551 216 44 docteurs
1360 1551 44 53 je
1433 1550 95 54 sçai
1558 1550 117 44 faire
1705 1551 41 43 la
1778 1550 59 44 loi

564 1620 79 44 Ma
671 1620 203 53 grimace
902 1627 109 37 vaut
1039 1618 155 45 mieux
1223 1631 90 42 que
1341 1626 98 37 tout
1467 1617 99 46 leur
1595 1617 286 55 préambule,

575 1687 359 52 Scaramouche,
963 1700 57 30 en
1047 1686 129 52 effet,
1207 1684 120 46 n'est
1353 1698 81 41 pas
1459 1684 39 45 si
1524 1684 208 55 ridicule,

644 1753 57 44 Ni
732 1753 38 44 si
802 1752 342 45 Scaramouche
1174 1766 91 40 que
1296 1752 105 44 moi.
1439 1768 24 26 »
1496 1750 84 55 (3).

274 1862 70 45 Ne
376 1861 210 46 voilà-t-il
619 1875 82 40 pas
733 1874 91 31 une
857 1860 281 44 affirmation
1171 1858 297 56 catégorique
1503 1858 57 45 de
1593 1860 42 43 la
1668 1857 277 56 supériorité
1979 1857 57 44 de
2070 1857 88 53 Bap-

179 1929 139 46 tiste?

276 1997 63 45 Le
371 1997 234 44 Florentin
636 2009 54 32 se
718 1995 216 45 montrait
964 1995 37 44 si
1034 1995 128 44 drôle
1195 2007 90 42 que
1316 1994 138 45 Loret
1484 1993 205 53 écrivait,
1724 1995 24 42 à
1778 2006 169 40 propos
1979 1992 57 45 de
2065 1998 122 38 cette

179 2065 155 45 entrée
352 2083 8 25 :

569 2147 23 24 ((
629 2129 134 44 Onze
794 2129 222 44 Dottours
1047 2136 45 37 et
1125 2128 343 44 Scaramouche

579 2196 276 46 Pourroient
892 2196 194 53 enjotier
1122 2209 94 32 une
1251 2195 177 44 souche

568 2263 114 45 Tant
705 2262 342 46 Scaramouche
1071 2271 44 37 et
1137 2276 80 31 ces
1240 2262 222 45 Dottours

570 2332 115 44 Font
714 2345 58 30 en
803 2343 53 32 ce
889 2331 92 44 lieu
1012 2332 58 43 de
1099 2343 129 32 rares
1257 2337 141 38 tours.
1438 2346 23 24 »
1495 2328 85 55 (4).

276 2440 89 46 Les
395 2440 160 53 éloges
587 2453 51 30 se
668 2439 234 54 précisent
934 2445 44 37 et
1010 2450 52 31 se
1092 2436 281 53 complètent
1406 2435 183 44 l'année
1621 2434 227 54 suivante,
1884 2436 24 42 à
1941 2432 247 46 l'occasion

178 2507 56 45 du
264 2507 149 45 Ballet
440 2507 125 54 royal
593 2505 304 49 d'Alcidiane,
930 2505 141 43 ballet
1099 2516 57 31 en
1184 2502 112 45 trois
1324 2502 185 54 parties,
1542 2502 143 43 dansé
1713 2514 80 40 par
1823 2500 139 44 Louis
1993 2500 119 53 XIV,
2144 2500 42 44 le

188 2587 55 42 14
280 2575 174 44 février
495 2572 139 56 1658,
675 2581 44 37 et
757 2573 76 54 qui
871 2571 280 54 empruntait
1188 2583 82 31 son
1308 2570 121 53 sujet
1466 2582 57 31 au
1561 2568 217 55 poétique
1815 2581 160 30 roman
2013 2568 59 43 de
2108 2567 56 44 Po-

181 2641 229 53 lexandre,
441 2641 43 44 le
511 2642 285 52 conquérant
824 2639 56 45 de
909 2638 41 45 la
981 2655 21 24 «
1045 2637 248 46 Princesse
1321 2636 220 44 lointaine
1571 2652 24 25 »
1626 2634 255 45 Alcidiane.
1914 2633 64 53 Si,
2008 2646 182 31 comme

182 2722 114 32 nous
335 2708 323 55 l'apprennent
697 2708 69 44 les
807 2713 221 47 gazettes,
1072 2705 41 45 la
1152 2704 216 55 musique
1409 2704 57 45 de
1505 2717 53 30 ce
1598 2703 142 43 ballet
1778 2709 71 38 est
1889 2702 57 44 de
1985 2702 42 43 la
2066 2700 122 45 main

182 2777 53 43 de
263 2775 222 55 Baptiste,
513 2775 29 43 il
569 2774 121 44 n'est
715 2787 81 42 pas
822 2771 409 46 invraisemblable
1257 2784 91 42 que
1376 2770 198 45 Boësset
1599 2783 28 41 y
1654 2769 61 44 ait
1740 2769 232 43 collaboré
1999 2766 84 55 (5).
2115 2768 73 43 On

181 2857 26 39 y
233 2850 245 37 rencontre
503 2855 94 31 une
624 2849 124 37 sorte
776 2841 57 43 de
863 2840 250 53 précédent
1141 2851 57 33 au
1227 2839 187 43 fameux
1442 2837 90 45 duo
1560 2836 58 45 de
1646 2836 42 45 la
1716 2835 215 55 musique
1960 2834 230 54 française

182 2919 43 37 et
252 2910 56 43 de
335 2910 42 44 la
405 2909 215 54 musique
648 2907 221 46 italienne
896 2907 59 45 du
984 2906 152 45 Ballet
1163 2906 56 45 de
1249 2905 41 44 la
1318 2905 243 48 Raillerie;
1591 2904 116 44 c'est
1734 2915 61 33 un
1825 2919 23 24 «
1881 2910 187 37 concert
2094 2904 25 41 à
2148 2902 42 43 la

179 2990 109 32 cour
321 2976 290 46 d'Alcidiane
647 2991 24 26 »
708 2987 57 31 en
800 2975 156 44 italien
992 2981 44 37 et
1071 2986 57 31 en
1165 2972 200 53 français
1398 2985 115 32 avec
1546 2971 84 44 des
1663 2970 139 44 récits
1835 2970 115 44 dans
1984 2968 126 45 l'une
2143 2976 45 38 et

282 3121 56 44 (1)
365 3118 63 37 La
445 3117 191 47 musique
654 3118 52 34 de
724 3127 46 27 ce
788 3116 129 36 ballet
936 3118 62 33 est
1017 3116 105 35 dans
1139 3114 38 36 le
1197 3113 171 37 Recueil
1383 3113 101 34 Vm6
1524 3112 51 35 de
1593 3111 148 36 laßib.
1759 3109 100 36 Nat.
1881 3109 61 45 (T.
1961 3108 52 46 I.)
2028 3112 42 33 et
2088 3109 105 36 dans

174 3174 36 36 le
233 3174 44 36 T.
304 3173 81 35 XV
408 3174 51 36 de
482 3174 41 36 la
546 3171 219 37 collection
789 3169 199 37 Philidor.

282 3229 56 44 (2)
366 3226 157 37 LORET.
545 3225 145 37 Lettre
709 3225 57 35 du
788 3234 50 26 20
857 3221 163 50 janvier
1044 3222 112 46 1657,
1177 3232 42 36 p.
1241 3231 37 34 9.

282 3282 57 44 (3)
370 3281 165 35 Œuvres
554 3279 52 36 de
624 3278 249 37 Benserade.
897 3277 57 42 11,
976 3287 40 36 p.
1044 3277 85 44 178.

281 3335 58 46 (4)
365 3334 158 37 LORET.
550 3333 142 35 Lettre
722 3332 66 35 111
816 3332 55 35 du
901 3340 50 27 20
979 3329 159 49 janvier
1170 3329 110 44 1657,
1311 3337 40 36 p.
1386 3335 58 27 10.

281 3390 58 44 (5)
367 3387 65 37 On
460 3399 42 24 se
527 3390 211 43 reportera
758 3385 26 35 à
809 3395 45 25 ce
880 3395 80 37 que
986 3394 106 25 nous
1118 3392 131 26 avons
1274 3381 65 36 dit
1364 3380 94 47 plus
1484 3378 106 37 haut
1617 3389 70 25 sur
1712 3377 38 37 le
1777 3377 209 37 caractère
2013 3375 187 38 collectif

177 3442 48 36 de
249 3442 42 37 la
315 3441 191 47 musique
531 3441 72 35 des
626 3439 163 36 ballets.
816 3438 60 36 La
901 3437 189 47 musique
1117 3434 254 38 d'Alcidiane
1397 3432 144 47 figure,
1564 3442 96 27 sous
1684 3432 37 34 le
1746 3441 101 26 nom
1865 3431 50 35 de
1931 3429 138 49 Lully,
2092 3429 105 37 dans

175 3494 36 37 le
233 3495 47 37 T.
306 3495 18 36 I
365 3497 56 34 du
446 3494 168 37 Recueil
775 3493 52 35 de
847 3493 42 34 la
911 3490 293 46 Bibliothèque
1226 3486 212 37 nationale
1476 3490 42 32 et
1557 3485 111 37 aussi
1691 3485 104 37 dans
1818 3484 38 38 le
1880 3484 47 37 T.
1952 3484 108 35 VIII
2083 3484 52 35 de
2157 3484 42 35 la

177 3549 214 38 collection
419 3549 198 35 Philidor.
640 3547 117 36 Nous
775 3558 52 24 ne
849 3555 151 28 savons
1019 3555 70 25 sur
1109 3542 117 49 quels
1246 3542 245 36 documents
1511 3551 44 26 se
1574 3540 127 35 fonde
1729 3540 57 35 M.
1821 3541 51 37 A.
1914 3539 141 35 Hervé
2093 3547 106 39 pour

175 3602 233 38 l'attribuer
435 3602 25 36 à
513 3602 108 47 J.-B.
662 3601 173 37 Boësset
864 3601 65 44 (A.
958 3598 170 36 HERVÉ.
2145 3597 55 35 Les

187 3655 93 38 Arts
432 3658 65 34 des
621 3657 200 45 Départements,
822 3655 92 40 1888,
915 3663 16 36 p.
962 3653 104 44 317).
