2839 4216
1311 373 248 35 BULLETIN
1587 369 245 44 FRANÇAIS
1857 369 64 33 DE
1950 369 60 32 LA
2038 368 38 33 S.
2109 368 26 32 I.
2166 367 48 33 M.

764 381 93 41 342

860 526 65 45 Le
944 526 118 45 mois
1082 525 57 44 de
1160 524 254 44 novembre
1434 534 189 33 ramena
1644 521 67 43 les
1733 518 119 46 fêtes
1872 518 273 45 mondaines
2166 530 115 32 avec
2303 517 171 54 l'opéra
2496 520 54 43 de

762 595 60 44 du
842 592 205 46 vénitien
1071 592 256 43 Francesco
1349 590 197 53 Cavalli,
1569 588 272 54 représenté
1863 586 44 44 le
1929 597 59 31 22
2013 586 256 43 novembre
2290 584 114 44 dans
2427 584 41 45 la
2488 586 132 47 haute
2639 596 76 49 gale-

761 661 67 43 rie
858 661 59 43 du
945 659 197 45 Louvre.
1174 657 242 44 Marucelli
1444 668 117 32 nous
1589 653 205 56 apprend
1823 666 90 42 que
1942 653 43 43 le
2015 652 64 44 roi
2112 651 181 55 quittait
2323 651 259 48 Vincennes
2610 657 37 44 le
2674 673 58 44 20,

761 727 91 44 afin
883 724 240 47 d'assister
1153 727 26 42 à
1212 724 41 45 la
1284 722 381 56 représentation.
1702 720 133 54 Lully
1867 720 122 44 avait
2021 720 76 44 été
2129 719 170 52 chargé
2332 718 221 54 d'ajouter
2586 724 22 42 à
2637 737 96 38 cette

760 807 162 31 œuvre
949 793 81 43 des
1057 793 187 43 entrées
1272 791 55 44 de
1355 790 164 51 ballet;
1548 789 31 43 il
1606 802 57 30 en
1691 799 218 41 composa
1936 785 68 45 six
2032 785 76 55 qui
2138 784 270 44 méritèrent
2436 784 297 56 l'approbation

762 860 59 45 du
842 859 361 53 correspondant
1225 856 228 54 florentin,
1480 855 218 55 puisqu'il
1721 854 133 44 traite
1877 854 69 43 les
1969 852 166 45 ballets
2158 868 24 25 «
2209 851 170 45 d'assai
2402 852 134 54 vaghi
2562 871 20 25 »
2606 855 75 56 (i),
2702 871 33 37 et

761 927 108 44 dont
896 926 69 43 les
993 926 119 43 deux
1139 924 270 54 premières,
1440 936 58 31 en
1527 921 206 44 manière
1762 920 294 53 d'hommage
2084 921 26 42 à
2140 920 41 43 la
2209 918 140 54 jeune
2376 918 143 55 reine,
2549 920 166 53 introdui-

760 992 148 45 saient
938 992 82 45 des
1049 992 206 53 basques
1284 998 45 37 et
1359 991 83 44 des
1473 991 169 43 danses
1673 988 289 54 espagnoles.
1999 987 64 43 Le
2093 987 141 43 Serse
2267 986 57 43 de
2356 985 178 45 Cavalli
2564 991 99 44 était
2690 995 45 45 du

758 1068 124 36 reste
901 1073 61 31 un
983 1059 231 54 spectacle
1235 1057 233 53 d'attente,
1493 1071 90 41 que
1604 1056 90 44 l'on
1716 1054 187 46 donnait
1924 1067 115 42 pour
2059 1054 117 44 faire
2197 1053 226 55 patienter
2444 1054 42 44 le
2506 1057 144 51 public
2666 1059 53 54 jus-

760 1127 105 54 qu'à
887 1127 198 44 YErcole
1105 1131 182 39 amante
1310 1124 83 52 (2).
1421 1124 33 45 Il
1476 1138 58 29 ne
1556 1124 178 43 semble
1755 1136 82 40 pas
1858 1134 90 42 que
1970 1122 150 53 Lullly
2142 1120 60 45 ait
2224 1134 111 41 paru
2359 1120 113 45 dans
2492 1122 66 43 les
2578 1129 158 45 entrées

760 1194 57 45 de
841 1194 140 45 ballet
1005 1194 57 43 de
1315 1194 147 47 Xercès;
1463 1206 106 30 aucune
1570 1198 130 47 gazette
1725 1203 58 30 ne
1809 1189 268 44 mentionne
2103 1202 84 30 son
2213 1200 106 32 nom
2346 1188 143 53 parmi
2517 1204 23 26 «
2570 1190 63 45 les
2655 1194 80 52 plus

758 1260 181 43 habiles
979 1260 227 43 danseurs
1246 1259 57 43 de
1346 1258 177 44 France
1567 1274 40 27 ».
1654 1256 137 45 Loret
1832 1255 315 44 s'émerveille
2189 1268 78 31 sur
2310 1255 42 43 la
2393 1254 241 54 splendeur
2671 1260 64 45 des

758 1325 290 46 décorations
1072 1339 92 40 que
1185 1325 169 43 Torelli
1380 1324 121 44 avait
1526 1325 250 52 préparées
1800 1324 82 43 dès
1908 1322 43 45 le
1975 1322 118 45 mois
2119 1322 56 44 de
2200 1321 105 53 mai,
2335 1329 44 37 et
2404 1335 79 31 sur
2507 1321 66 45 les
2596 1325 140 47 talents

757 1392 182 45 d'Anna
965 1391 275 53 Bergerotti,
1269 1391 116 44 mais
1410 1391 30 43 il
1466 1404 60 30 ne
1551 1390 168 44 souffle
1748 1397 93 37 mot
1867 1390 57 43 de
1950 1390 133 53 Lully
2110 1387 85 56 (3).

856 1458 129 45 Nous
1015 1460 337 43 réentendrons
1383 1458 150 54 parler
1566 1458 56 43 de
1656 1457 207 55 Baptiste
1896 1457 44 43 le
1971 1457 118 43 mois
2121 1456 197 44 suivant.
2356 1454 75 45 On
2464 1456 118 44 avait
2613 1460 123 53 repris

758 1527 69 43 les
850 1526 113 44 bals.
993 1526 74 44 Un
1094 1524 94 45 soir
1211 1538 90 41 que
1327 1524 265 52 Francœur,
1621 1524 42 43 le
1691 1540 23 25 «
1744 1523 268 46 confiturier
2039 1523 56 44 de
2120 1523 42 43 la
2189 1536 110 31 cour
2327 1540 42 35 »,
2397 1522 152 45 s'était
2573 1526 145 52 particu-

758 1592 244 47 lièrement
1026 1592 232 54 distingué
1284 1606 57 30 en
1368 1592 409 54 approvisionnant
1802 1592 42 44 la
1872 1608 23 24 «
1927 1592 213 44 collation
2171 1607 23 25 »
2224 1592 56 43 de
2308 1590 169 54 grands
2502 1592 170 44 bassins
2695 1595 43 44 de

757 1660 264 52 confitures,
1056 1659 246 55 d'oranges
1331 1660 59 43 de
1421 1659 230 53 Portugal,
1686 1659 58 44 de
1774 1659 173 44 citrons
1978 1659 134 52 doux,
2147 1658 58 44 de
2235 1658 272 53 limonades,
2542 1661 196 45 caramels

757 1734 45 37 et
822 1727 241 54 grenades,
1087 1727 42 44 le
1151 1734 96 38 tout
1268 1743 24 25 «
1319 1726 108 45 d'un
1449 1729 110 51 goût
1579 1739 109 32 sans
1708 1727 102 53 égal
1837 1743 23 24 »
1884 1733 44 38 et
1950 1725 152 44 fourni
2125 1725 57 44 de
2205 1725 130 44 franc
2355 1739 143 39 cœur,
2523 1739 215 42 remarque

756 1792 138 47 Loret
930 1794 76 54 qui
1042 1794 171 44 cultive
1247 1794 229 44 aisément
1512 1794 43 43 le
1589 1794 282 53 calembour,
1912 1792 68 45 les
2016 1794 133 43 hôtes
2186 1792 60 45 du
2282 1791 68 46 roi
2388 1792 245 45 entendent
2663 1807 75 32 une

755 1860 275 54 symphonie
1056 1862 136 52 après
1218 1860 200 55 laquelle
1444 1860 174 53 Legros
1645 1860 180 52 chante,
1856 1867 197 37 soutenu
2081 1860 57 44 de
2166 1860 120 44 deux
2312 1858 291 46 théorbistes.
2632 1860 103 55 Puis,

755 1938 57 32 on
842 1927 144 44 danse
1014 1940 61 31 un
1104 1927 165 44 ballet:

1146 2077 23 25 «
1200 2060 207 54 Ensuite,
1435 2073 59 32 on
1520 2061 143 44 dansa
1689 2060 44 45 le
1759 2060 134 45 Balet

1145 2128 96 44 Peu
1264 2128 199 52 sérieux,
1487 2128 117 44 mais
1625 2129 95 43 très
1741 2126 126 55 folet,

1159 2194 187 45 Surtout
1373 2195 114 44 dans
1513 2209 61 29 un
1603 2195 130 44 Récit
1758 2194 306 55 Turquesque

1157 2262 56 45 Et
1246 2262 108 45 dont
1387 2262 208 53 Baptiste
1628 2262 111 45 étoit
1773 2262 178 45 Auteur

1148 2327 106 56 Que
1283 2341 109 32 sans
1421 2328 139 45 doute
1589 2336 98 37 tout
1716 2336 263 47 spectateur

1157 2394 69 45 En
1256 2403 78 37 eut
1363 2395 42 45 la
1432 2403 99 37 rate
1559 2398 243 52 épanouye

1146 2460 114 47 Tant
1283 2476 81 40 par
1388 2463 69 43 les
1479 2476 120 40 yeux
1625 2476 90 41 que
1739 2476 80 40 par
1844 2463 168 54 l'ouye.
2044 2479 25 26 »
2096 2462 85 54 (4).

855 2595 130 46 Nous
1011 2609 60 30 ne
1098 2609 170 32 savons
1297 2596 57 45 de
1383 2597 107 54 quel
1519 2597 141 44 ballet
1688 2596 31 46 il
1749 2605 72 37 est
1849 2597 58 45 ici
1937 2597 212 55 question
2167 2616 10 33 ;
2208 2611 149 32 aucun
2389 2599 84 44 des
2501 2597 218 46 divertisse-

753 2670 153 37 ments
930 2661 259 46 antérieurs
1214 2676 58 31 ne
1298 2662 203 46 contient
1528 2663 57 44 de
1609 2662 116 46 récit
1749 2671 287 47 turquesque
2063 2662 86 56 (5),
2178 2665 284 54 susceptible
2487 2663 251 46 d'identifier

753 2728 44 45 le
819 2728 141 46 ballet
985 2730 57 44 de
1066 2728 250 46 décembre
1346 2730 138 45 1660.
1514 2730 34 44 Il
1574 2731 136 53 s'agit
1734 2731 57 52 là,
1819 2731 504 54 vraisemblablement,
2352 2732 110 44 d'un
2489 2732 108 55 petit
2623 2731 117 44 ballet

753 2794 252 56 improvisé
1038 2794 85 54 (6).
1161 2796 325 55 Beauchamps
1519 2797 178 54 signale
1730 2798 265 53 justement,
2032 2801 26 42 à
2093 2801 42 43 la
2168 2799 104 45 date
2307 2799 59 45 du
2407 2810 53 44 15
2498 2799 238 50 décembre,

851 2938 57 45 (1)
934 2938 44 35 M
981 2947 223 27 ARUCELLI.
1223 2938 140 38 Lettre
1391 2940 55 35 du
1476 2950 50 26 20
1552 2940 224 37 novembre
1809 2942 110 36 1660.
1948 2942 192 42 Mediceo,
2170 2943 90 44 466.

851 2992 57 44 (2)
935 2991 274 38 MARUCELLI.
1244 2993 92 36 LOC.
1362 2994 65 35 cit.

850 3046 57 45 (3)
937 3044 149 38 Gazette
1089 3076 8 12 ,
1125 3056 48 35 27
1188 3046 225 36 novembre
1433 3048 109 42 1660,
1561 3059 40 36 p.
1625 3058 110 35 1119.
1820 3049 156 36 LORET.
1991 3050 162 36 Lettres
2169 3050 56 36 du
2239 3060 27 35 4
2279 3050 179 43 octobre,
2477 3061 48 36 27
2540 3048 200 38 novembie

740 3104 43 31 et
817 3110 41 25 11
891 3098 214 37 décembre
1139 3100 110 37 1660.
1360 3100 310 38 BEAUCHAMPS.
1700 3102 90 38 LOC.
1822 3102 77 42 cit.,
1931 3102 78 43 111,
2042 3114 40 35 p.
2118 3113 84 36 150.
2325 3104 62 36 La
2441 3100 299 51 représentation

741 3152 139 38 durait
901 3152 93 47 plus
1015 3152 51 37 de
1110 3152 92 37 huit
1244 3154 156 42 heures,
1444 3159 41 32 et
1520 3155 57 36 les
1599 3156 93 47 plus
1712 3156 125 36 belles
1859 3157 232 47 tapisseries
2112 3157 50 36 de
2182 3157 43 36 la
2245 3168 204 26 couronne
2471 3157 222 37 décoraient
2710 3154 31 35 la

739 3206 112 37 salle.

848 3260 57 45 (4)
932 3260 171 37 LORET..
1108 3260 141 37 Lettre
1279 3271 48 36 50
1352 3262 56 36 du
1440 3264 44 35 18
1512 3263 213 36 décembre
1757 3265 110 36 1660.
1894 3275 41 36 p.
1969 3266 83 44 198.

849 3314 56 45 (5)
931 3313 59 36 Le
1012 3314 129 36 ballet
1164 3315 51 36 de
1237 3316 41 35 la
1298 3315 169 37 Revente
1490 3318 65 35 des
1598 3318 126 36 habits
1746 3318 185 36 contient
1974 3330 56 24 un
2074 3319 102 35 récit
2222 3323 261 43 turquesque.
2523 3318 101 37 Mais
2655 3324 85 28 nous

739 3367 174 36 n'avons
930 3378 56 37 pu
1005 3368 150 36 établir
1173 3379 100 26 avec
1292 3369 202 37 certitude
1512 3370 41 36 la
1570 3371 98 35 date
1686 3371 50 35 de
1754 3382 45 26 ce
1816 3371 129 37 ballet
1963 3371 72 47 qui
2052 3383 42 25 se
2111 3372 118 46 place
2246 3377 115 32 entre
2385 3375 94 45 1655
2501 3377 41 33 et
2565 3372 104 37 1661.

850 3422 56 44 (6)
934 3421 75 36 Ces
1046 3421 150 37 ballets
1232 3422 243 47 improvisés
1512 3424 156 36 étaient
1706 3426 82 35 très
1825 3425 224 47 fréquents.
2088 3425 290 48 Beauchamps
2438 3438 50 24 en
2545 3423 195 48 enregistre

741 3474 109 36 deux
885 3485 51 25 en
983 3476 109 45 1656,
1132 3486 57 26 un
1207 3476 142 42 ballet,
1364 3477 170 37 inventé
1554 3488 69 26 sur
1635 3478 37 36 le
1692 3478 150 48 champ
1862 3483 41 31 et
1923 3479 127 37 dansé
2068 3490 77 36 par
2162 3479 37 36 le
2220 3479 81 37 Roi
2319 3480 105 36 dans
2443 3477 297 51 l'appartement

739 3526 51 37 de
814 3528 42 35 la
882 3528 144 42 Reine,
1054 3529 39 35 le
1122 3538 18 38 5
1169 3529 162 47 janvier
1350 3542 9 31 ;
1386 3542 56 24 un
1469 3535 118 32 autre
1613 3531 170 37 inventé
1809 3544 51 24 en
1884 3544 80 36 peu
1991 3533 51 35 de
2070 3537 146 43 temps,
2239 3537 41 33 et
2305 3534 129 36 dansé
2458 3535 223 46 également
2698 3539 40 25 au

737 3580 163 37 Louvre
922 3592 76 37 par
1019 3582 38 35 le
1079 3584 231 41 souverain,
1336 3585 37 34 le
1402 3595 46 34 14
1470 3584 160 37 février.
1658 3585 317 49 (Beauchamps,
2003 3586 78 43 111,
2112 3589 104 44 141.)

844 3634 64 35 On
934 3646 51 24 en
1011 3639 148 33 trouve
1183 3648 57 24 un
1265 3642 118 31 autre
1409 3639 188 35 concerté
1621 3639 227 37 seulement
1874 3640 55 36 du
1955 3639 93 48 jour
2070 3641 235 46 précédent,
2322 3641 37 37 le
2389 3652 46 35 19
2460 3641 158 49 janvier
2645 3637 92 38 1662,

738 3686 97 37 chez
857 3688 204 37 Madame.
1088 3689 166 46 (Gazette
1259 3720 8 12 ,
1298 3693 45 33 16
1366 3690 160 48 janvier
1553 3694 110 41 1662,
1688 3703 41 37 p.
1754 3695 81 44 98.)
