2839 4216
845 385 62 33 LA
937 386 245 41 JEUNESSE
1212 389 64 33 DE
1308 390 161 33 LULLY

2067 399 90 42 341

167 533 88 46 duit
277 532 113 43 dans
412 545 54 31 ce
491 533 140 45 ballet
654 547 61 31 un
743 551 22 25 «
797 536 264 47 Intermède
1086 538 57 45 de
1169 541 41 42 la
1235 541 215 54 musique
1475 543 230 56 française
1731 555 44 37 et
1799 548 59 45 de
1883 548 42 45 la
1949 550 216 54 musique

166 599 208 46 italienne
407 614 41 37 »,
481 600 58 42 où
570 600 57 44 de
659 600 115 45 fines
805 602 227 47 railleries
1063 613 104 36 sont
1196 607 206 46 confiées
1432 622 89 31 aux
1552 611 104 44 voix
1686 614 389 46 enchanteresses
2107 617 58 44 de

166 667 104 45 Mlle
296 665 57 46 de
379 665 41 45 la
451 667 146 44 Barre
623 675 45 37 et
694 668 183 47 d'Anna
908 670 259 55 Bergerotti
1197 689 23 26 «
1254 688 54 31 ce
1334 677 150 43 trésor
1511 691 123 33 venu
1662 679 180 48 d'ltalie
1873 700 24 24 »
1928 683 116 46 ainsi
2074 698 90 41 que

166 733 230 54 l'exprime
419 733 43 43 le
487 734 179 54 lyrique
692 735 151 46 Loret.
872 736 128 46 Dans
1027 739 41 43 la
1094 739 30 44 8
1126 740 15 19 e
1167 743 175 44 entrée,
1371 755 59 31 on
1454 752 95 38 met
1574 758 58 30 en
1657 749 141 42 scène
1825 749 82 45 des
1934 766 24 25 «
1987 758 153 37 contre-

166 801 189 46 faiseurs
398 816 23 26 »
463 809 46 37 et
548 802 83 44 des
669 804 156 44 échos.
871 805 269 47 Benserade
1180 820 59 32 ne
1277 823 201 42 manque
1517 825 83 41 pas
1641 813 275 48 d'encenser
1957 818 207 54 Baptiste

165 868 159 53 chargé
351 867 59 45 du
437 868 97 44 rôle
561 868 108 45 d'un
699 886 23 24 «
753 872 338 45 contrefaiseur
1121 891 39 27 ».
1193 875 83 44 Lui
1307 877 99 44 seul
1435 885 109 46 peut
1571 879 151 44 imiter
1748 882 164 54 autrui,
1944 885 116 43 mais
2086 885 79 44 nul

165 948 52 32 ne
251 942 106 46 peut
393 934 210 46 l'imiter:

551 1061 24 25 <(
608 1044 196 47 Chacun
833 1048 57 44 de
919 1061 117 34 nous
1065 1063 26 30 a
1119 1050 59 45 du
1207 1051 166 45 mérite
1402 1065 57 32 en
1489 1067 84 40 soy

547 1112 56 45 Et
628 1126 55 31 ce
711 1122 104 36 sont
842 1115 82 44 des
952 1116 149 45 talens
1129 1117 227 46 différens
1384 1133 90 42 que
1503 1121 69 43 les
1600 1130 195 37 nostres.

551 1178 89 45 Les
669 1187 170 47 autres,
873 1183 153 52 quand
1054 1183 44 54 je
1129 1197 136 40 veux,
1299 1194 103 36 sont
1432 1187 269 46 contrefaits
1731 1202 81 41 par
1842 1202 106 42 moy

548 1244 121 46 Mais
697 1247 44 53 je
772 1261 58 30 ne
859 1262 77 31 me
965 1262 89 42 voy
1083 1252 126 52 point
1238 1253 245 45 contrefait
1514 1267 80 42 par
1623 1256 70 44 les
1721 1263 170 39 autres.
1929 1275 23 24 »
1986 1257 84 53 (i).

255 1378 63 44 Le
353 1380 214 45 carnaval
603 1380 57 45 de
702 1380 138 55 1660,
879 1384 234 45 endeuillé
1148 1398 81 41 par
1265 1387 42 43 la
1341 1395 118 37 mort
1494 1389 59 43 de
1587 1388 179 47 Gaston
1803 1390 266 55 d'Orléans,
2108 1407 58 30 ne

162 1445 88 46 voit
274 1448 197 52 paraître
495 1460 150 33 aucun
672 1449 153 46 ballet.
854 1449 72 47 Ce
950 1451 122 46 n'est
1097 1453 217 54 qu'après
1340 1455 43 43 le
1408 1456 203 54 mariage
1637 1456 59 46 du
1722 1458 67 44 roi
1816 1472 115 31 avec
1955 1459 211 48 l'infante

162 1511 370 47 Marie-Thérèse
565 1528 90 41 que
689 1516 69 45 les
791 1516 121 46 fêtes
945 1528 283 44 reprennent
1261 1520 101 46 leur
1394 1535 137 32 cours
1564 1536 61 32 un
1661 1524 170 47 instant
1863 1525 299 57 interrompu.

162 1578 115 46 Mais
298 1581 42 43 le
360 1581 226 55 chômage
608 1583 57 44 de
688 1582 168 46 l'hiver
877 1592 45 37 et
943 1586 61 44 du
1026 1586 255 56 printemps
1303 1587 258 56 n'enrayait
1582 1604 59 32 en
1662 1604 183 33 aucune
1867 1592 134 56 façon
2025 1594 121 45 l'acti-

162 1646 87 44 vité
282 1648 284 45 débordante
599 1649 56 45 de
689 1649 149 55 Lully,
873 1660 46 36 et
951 1656 137 51 après
1121 1653 197 46 l'entrée
1350 1656 258 47 solennelle
1641 1658 58 45 de
1732 1660 42 43 la
1806 1660 139 53 jeune
1978 1661 131 44 reine
2141 1663 25 42 à

164 1713 137 53 Paris,
327 1714 42 43 le
395 1714 62 46 26
478 1718 122 51 août,
627 1716 31 44 il
683 1717 81 46 fait
787 1731 78 32 ses
887 1719 167 46 débuts
1078 1722 24 42 à
1127 1721 42 44 la
1193 1721 149 45 Merci
1365 1736 183 32 comme
1571 1724 227 46 musicien
1823 1726 209 54 d'église.
2058 1727 41 44 A
2124 1728 42 43 la

161 1780 57 43 fin
246 1779 168 56 d'août,
445 1784 70 42 les
542 1783 121 44 deux
691 1784 168 53 reines,
892 1785 378 47 Marie-Thérèse
1298 1797 45 38 et
1371 1789 42 45 la
1440 1790 296 56 reine-mère,
1766 1792 169 47 s'étant
1962 1794 204 45 rendues

161 1849 23 42 à
211 1848 39 43 la
279 1848 146 44 Merci
456 1862 115 41 pour
599 1850 41 46 la
670 1850 94 46 fête
795 1853 57 43 de
882 1851 311 56 St-Raymond
1224 1868 57 32 en
1312 1857 77 53 qui
1420 1857 43 45 le
1492 1862 264 43 monastère
1785 1860 202 46 révérait
2015 1876 61 30 un
2108 1862 58 45 de

161 1926 72 33 ses
252 1923 201 48 patrons,
478 1917 295 47 entendirent
795 1920 190 44 d'abord
1008 1921 42 45 la
1072 1921 237 55 harangue
1331 1923 109 45 d'un
1464 1925 84 45 des
1571 1925 160 55 Pères,
1756 1926 104 55 puis
1884 1944 24 26 «
1934 1942 62 30 un
2020 1928 146 45 Motet

162 1981 52 46 de
246 1982 234 56 Musique,
514 1985 385 48 admirablement
932 1989 305 55 harmonique
1275 2008 40 35 »,
1352 1991 78 55 qui
1463 1992 222 46 célébrait
1719 1994 43 44 le
1795 1995 171 44 double
1999 1997 141 44 événe-

162 2057 121 37 ment
308 2051 108 44 dont
440 2051 41 44 la
506 2051 177 47 France
706 2066 53 32 se
783 2055 277 53 réjouissait,
1091 2056 40 44 la
1157 2056 103 55 paix
1285 2058 82 44 des
1394 2057 238 55 Pyrénées
1657 2067 46 38 et
1727 2061 43 43 le
1795 2062 205 54 mariage
2024 2062 140 55 royal.

162 2114 68 46 Ce
259 2124 142 37 motet
433 2118 110 45 était
575 2119 57 44 de
665 2119 132 55 Lully
832 2128 44 37 et
908 2119 117 47 c'est
1058 2123 350 54 probablement
1441 2126 41 43 là
1516 2140 50 30 sa
1600 2127 230 53 première
1863 2128 303 55 composition

161 2183 53 46 de
247 2184 216 56 musique
496 2185 250 55 religieuse
763 2206 8 25 :

566 2310 24 24 «
626 2293 207 55 Baptiste
865 2309 57 30 en
951 2296 110 44 était
1091 2296 294 56 l'inventeur,

561 2361 67 44 En
660 2370 74 36 cet
763 2370 69 38 art
862 2376 135 32 assez
1027 2365 142 52 grand
1201 2365 205 53 docteur,

561 2427 56 44 Et
649 2427 92 54 qui,
777 2429 220 45 touchant
1028 2431 70 43 les
1131 2429 243 55 sinfonies,

561 2494 81 46 Est
665 2509 62 31 un
752 2495 58 45 de
834 2508 85 32 nos
943 2497 103 53 plus
1072 2498 149 43 beaux
1247 2498 175 53 génies.
1454 2516 24 24 »
1506 2498 85 53 (2).

260 2626 64 45 Le
354 2626 147 46 Motet
534 2645 24 24 «
594 2641 116 41 pour
741 2629 44 44 le
816 2629 209 54 Mariage
1059 2638 46 36 et
1138 2644 114 41 pour
1285 2631 41 45 la
1360 2631 110 45 Paix
1507 2649 23 24 »
1567 2640 131 46 parut
1729 2634 40 43 si
1801 2635 151 43 réussi
1986 2649 105 39 que,
2127 2635 42 44 la

160 2695 205 44 semaine
396 2695 229 54 suivante,
661 2710 59 30 on
754 2696 229 47 l'exécuta
1017 2699 57 43 de
1107 2711 230 41 nouveau,
1374 2700 118 43 mais
1524 2707 122 37 cette
1679 2700 104 53 fois,
1820 2702 25 42 à
1879 2701 42 45 la
1954 2702 210 55 chapelle

162 2761 151 53 royale
346 2763 138 54 après
517 2776 62 30 un
614 2771 143 37 motet
791 2765 57 44 de
884 2763 194 47 Gobert.
1116 2765 154 53 Loret,
1309 2765 189 45 d'abord
1534 2780 61 30 un
1630 2780 91 40 peu
1756 2770 192 42 réservé
1982 2782 80 31 sur
2096 2768 70 45 les

157 2827 187 46 mérites
374 2828 57 45 de
463 2828 209 55 Baptiste
702 2829 226 46 musicien
961 2831 210 54 d'église,
1205 2846 53 30 se
1290 2839 199 47 rattrape
1520 2833 93 43 lors
1643 2833 58 43 de
1733 2834 41 44 la
1804 2834 204 45 seconde
2038 2836 100 44 audi-

161 2893 89 46 tion
266 2913 11 34 ;
301 2895 30 45 il
355 2909 26 31 a
404 2897 204 44 entendu
631 2909 180 42 causer,
838 2898 114 44 dans
976 2911 84 31 son
1083 2907 271 46 entourage,
1383 2907 58 47 et,
1469 2900 24 44 à
1519 2902 202 52 présent,
1750 2900 68 45 les
1841 2900 231 55 épithètes
2096 2902 69 45 les

160 2960 99 53 plus
282 2961 310 55 louangeuses
614 2977 52 30 se
691 2973 214 44 pressent
927 2978 110 32 sous
1060 2979 51 31 sa
1133 2965 157 55 plume
1305 2984 9 26 :

552 3093 23 25 «
604 3077 56 44 Et
684 3077 81 46 fait
788 3091 80 41 par
892 3080 42 43 le
959 3078 186 46 fameux
1171 3080 222 53 Baptiste,

556 3142 185 54 Garçon
767 3144 252 45 admirable
1042 3158 58 31 en
1126 3158 83 31 son
1233 3153 81 37 art.
1346 3163 23 24 »
1395 3146 86 54 (3).

260 3275 74 45 On
360 3276 154 46 devait
537 3278 42 43 la
603 3278 303 53 composition
932 3279 60 43 du
1018 3287 142 36 motet
1186 3293 56 30 en
1270 3280 212 54 question
1510 3283 24 40 à
1561 3280 260 45 l'initiative
1845 3289 44 37 et
1914 3284 24 42 à
1964 3283 42 44 la
2033 3285 109 51 géné-

160 3341 136 46 rosité
320 3344 108 43 d'un
452 3344 82 44 des
557 3344 305 45 bienfaiteurs
886 3346 56 43 de
967 3345 41 44 la
1033 3345 162 53 Merci,
1221 3346 63 43 M.
1314 3345 207 46 Bernard
1545 3346 84 55 (4).

261 3473 56 44 (1)
345 3472 127 37 Ballet
496 3474 43 34 de
564 3474 39 36 la
627 3474 198 37 Raillerie.
853 3475 52 36 R.
929 3474 183 44 Ballard,
1139 3486 40 36 p.
1206 3485 62 26 22.
1294 3475 93 36 Bib.
1413 3480 87 32 nat.
1527 3474 40 35 Y
1590 3476 115 45 6034.

260 3527 57 45 (2)
343 3525 156 38 LORET.
527 3527 142 36 Lettre
695 3527 55 37 du
777 3538 25 34 4
828 3532 104 43 sept.
964 3529 110 41 1660,
1103 3539 40 36 p.
1176 3529 85 45 138.

261 3581 57 43 (3)
346 3579 62 37 Id.
434 3580 142 36 Lettre
601 3582 55 34 du
688 3583 43 34 18
758 3586 103 43 sept.
894 3583 109 36 1660.
1029 3593 41 35 p.
1102 3591 83 37 145.

263 3633 56 45 (4)
346 3633 54 36 Ce
421 3635 56 34 M.
499 3634 186 36 Bernard
708 3636 115 35 avait
846 3635 184 46 organisé
1053 3636 24 35 à
1097 3636 42 35 la
1159 3635 139 44 Merci,
1322 3648 50 24 en
1395 3638 100 35 août
1516 3638 107 44 1658,
1644 3648 56 26 un
1724 3638 130 46 grand
1877 3643 164 32 concert
2065 3650 109 36 pour

162 3686 172 35 célébrer
367 3686 225 37 l'heureuse
628 3688 186 46 guérison
850 3689 55 36 du
940 3688 74 37 roi.
