2839 4216
718 327 97 53 368

1266 338 246 34 BULLETIN
1541 339 244 43 FRANÇAIS
1809 340 64 33 DE
1901 340 60 32 LA
1989 340 39 34 S.
2059 341 28 33 I.
2118 342 49 32 M.

710 494 60 51 et
786 488 47 55 si
855 490 158 55 doux
1032 489 10 52 !
1063 488 155 56 Elles
1237 507 148 38 nous
1402 490 230 73 parlent
1653 492 80 53 du
1754 496 189 68 temps
1966 493 79 53 où
2070 497 138 52 tout
2225 494 118 55 étai
2357 501 18 48 t
2403 498 160 55 soleil
2586 515 174 55 autour

713 572 70 53 de
813 586 167 52 nous,
1010 584 173 56 parce
1214 586 113 53 que
1355 569 59 59 la
1442 570 242 55 lumière
1714 570 151 55 était
1898 573 146 53 dans
2073 578 169 50 notre
2272 591 159 38 cœur
2460 595 217 59 propre,
2705 596 55 53 où

704 649 44 52 il
802 647 202 56 faisait
1056 648 45 53 si
1161 649 119 56 bon
1335 652 184 68 vivre,
1575 668 174 54 parce
1804 668 113 54 que
1970 670 150 38 nous
2178 653 193 56 étions
2426 657 145 57 bons
2623 681 110 46 nous-

706 728 238 69 mêmes,
976 729 77 54 où
1080 729 53 57 le
1164 729 119 56 Ciel
1312 732 150 54 était
1491 730 47 55 si
1570 732 155 67 bleu,
1755 730 59 55 la
1843 750 123 36 mer
1994 732 47 53 si
2074 732 168 71 belle,
2271 733 53 56 le
2355 736 197 72 rivage
2580 742 43 53 si
2656 748 104 61 doré

706 816 61 49 et
800 827 107 38 nos
943 810 169 55 héros
1145 810 45 55 si
1228 814 235 69 grands,
1500 813 76 53 où
1608 813 158 55 enfin
1799 830 148 38 nous
1982 814 410 71 comprenions
2425 836 219 43 comme
2674 847 85 43 une

706 892 173 54 chose
917 894 169 52 toute
1126 890 209 73 simple
1374 911 64 38 ce
1477 893 303 71 voisinage
1815 892 314 59 immédiat
2173 897 69 53 de
2283 896 172 57 Dieu.
2497 901 142 57 Mais
2674 926 85 52 peu

704 970 37 55 à
767 988 117 54 peu
911 969 81 57 les
1026 972 138 54 voix
1195 972 355 57 deviennent
1580 973 131 71 plus
1742 990 226 54 graves,
1999 992 228 41 comme
2256 976 47 53 si
2332 977 52 56 le
2413 978 162 56 soleil
2604 983 130 75 dispa-

703 1051 235 55 raissait
972 1053 246 56 derrière
1242 1053 285 56 l'horizon
1561 1056 79 54 du
1679 1072 179 51 cœur,
1900 1061 59 48 et
1999 1056 132 71 plus
2169 1056 221 71 tristes,
2432 1064 59 50 et
2530 1066 229 70 toujours

704 1132 132 71 plus
866 1132 223 70 tristes,
1123 1133 239 71 jusqu'à
1392 1151 65 37 ce
1490 1151 114 53 que
1636 1134 174 59 l'âme
1844 1152 60 37 se
1937 1153 221 54 prenne
2192 1137 36 53 à
2260 1139 230 69 pleurer
2510 1161 13 47 ;
2557 1160 91 38 car
2676 1151 82 57 elle

701 1211 117 55 sait
841 1212 210 70 qu'elle
1075 1232 34 36 a
1131 1214 170 70 porté
1324 1214 254 56 atteinte
1602 1216 34 53 à
1658 1233 63 37 ce
1742 1214 148 71 qu'il
1912 1233 40 54 y
1974 1235 35 36 a
2034 1217 69 54 de
2129 1216 167 57 divin
2318 1237 74 37 en
2413 1219 125 56 elle.
2563 1223 197 64 N'est-il

703 1308 106 55 pas
858 1292 144 70 vrai,
1049 1311 122 37 mes
1216 1291 197 72 frères,
1460 1312 114 53 que
1618 1312 148 38 nous
1813 1313 185 38 avons
2042 1305 274 62 souvent,
2363 1301 138 54 bien
2544 1318 214 49 souvent

701 1372 186 56 blessé
920 1372 57 56 la
1014 1372 251 57 divinité
1301 1393 72 37 en
1407 1393 168 51 nous,
1612 1376 189 56 même
1837 1376 237 72 jusqu'à
2106 1378 53 55 la
2200 1386 156 49 mort
2388 1381 135 54 ?Et
2545 1385 140 55 alors

700 1454 144 55 c'est
878 1454 154 55 aussi
1066 1454 58 55 la
1155 1454 171 56 triste
1364 1456 183 54 vérité
1684 1475 148 38 nous
1866 1475 185 40 avons
2083 1462 263 56 entendu
2377 1463 57 55 la
2465 1463 215 71 plainte
2708 1473 50 56 de

742 1533 170 74 l'êpée
1161 1534 173 55 brisée
1559 1534 25 55 !

813 1614 151 56 Mais
997 1616 243 56 écoutez
1273 1616 218 72 l'appel
1509 1618 99 71 qui
1637 1619 245 56 résonne
1910 1626 259 66 partout
2194 1622 282 57 l'univers
2504 1645 11 33 :
2553 1646 22 28 «
2589 1626 167 60 Rentre

732 1694 146 55 dans
1073 1701 59 48 ta
1242 1701 159 63 tente,
1626 1697 207 70 Israël,
2100 1697 146 55 voici
2453 1698 49 54 le
2600 1698 132 71 jour

703 1776 147 54 leurs
879 1774 211 73 glaives
1117 1777 24 55 !
1167 1799 21 27 »
1204 1778 80 55 Le
1312 1778 239 59 combat
1578 1797 147 38 nous
1754 1781 245 71 appelle,
2027 1782 52 55 le
2106 1785 240 58 combat
2364 1804 147 52 pour
2526 1787 80 55 les
2623 1788 133 59 biens

696 1857 299 72 suprêmes
1014 1858 70 55 de
1108 1858 372 70 l'humanité,
1507 1879 148 53 pour
1670 1859 58 58 la
1752 1862 210 55 liberté
1985 1865 70 53 de
2079 1865 247 71 l'esprit,
2343 1885 149 53 pour
2507 1867 80 56 les
2605 1871 151 56 droits

699 1938 71 55 de
803 1937 58 56 la
894 1940 418 69 personnalité,
1350 1959 150 53 pour
1533 1941 341 57 l'élévation
1908 1948 58 50 et
2003 1945 57 55 la
2096 1946 249 71 majesté
2383 1948 70 55 de
2488 1950 57 54 la
2578 1953 178 68 pensée

696 2023 60 50 et
793 2020 100 54 des
927 2020 369 58 sentiments.
1331 2021 168 56 Tirez
1533 2022 201 72 l'épée,
1863 2023 183 73 l'épée
2076 2027 69 55 de
2180 2027 58 55 la
2274 2028 125 70 Foi,
2429 2030 99 71 qui
2561 2049 129 37 vous
2718 2032 37 57 le

694 2115 175 39 savez
896 2100 151 54 n'est
1075 2106 169 49 autre
1272 2119 114 53 que
1413 2101 500 62 l'enthousiasme.
1945 2105 153 55 C'est
2125 2106 58 56 la
2210 2105 80 58 foi
2321 2108 101 72 qui
2454 2127 145 40 nous
2624 2112 131 70 parle

698 2180 68 54 de
794 2180 175 69 force,
991 2182 70 55 de
1089 2187 246 67 respect,
1358 2183 434 73 d'inspiration,
1820 2191 60 51 et
1909 2187 100 70 qui
2040 2187 112 55 fait
2181 2188 185 58 éclore
2393 2210 75 37 en
2495 2209 104 39 nos
2625 2195 130 54 âmes

692 2260 53 54 le
765 2258 298 60 leitmotiv
1081 2262 285 69 d'amour,
1507 2265 151 54 alors
1693 2266 188 56 même
1913 2284 114 53 que
2062 2274 243 66 partout
2338 2289 206 39 encore
2577 2272 178 56 l'hiver

694 2359 146 38 nous
883 2341 339 58 environne.
1267 2343 149 56 Mais
1458 2346 231 71 lorsque
1733 2352 156 51 cette
1933 2347 78 56 foi
2056 2350 140 56 s'est
2239 2352 221 57 éteinte
2502 2373 71 36 en
2615 2373 137 50 nous,

694 2421 152 54 alors
883 2421 81 56 les
1002 2422 235 57 enfants
1278 2426 99 53 des
1416 2426 265 58 hommes
1720 2446 72 37 en
1835 2427 279 57 viennent
2153 2431 36 55 à
2225 2432 253 71 préférer
2515 2435 57 54 la
2606 2435 148 56 lettre

692 2501 35 53 à
769 2501 245 72 l'esprit,
1058 2503 54 56 le
1155 2506 274 70 précepte
1475 2507 35 54 à
1551 2507 358 57 l'intention.
1957 2510 79 54 Et
2077 2511 73 55 ils
2194 2512 331 59 s'excusent
2571 2514 134 57 ainsi
2744 2534 7 33 :

691 2601 22 29 «
746 2582 218 57 Wotan
993 2585 69 54 fit
1095 2586 71 56 de
1195 2586 191 58 même
1411 2609 14 47 ;
1458 2587 154 57 Dieu
1641 2590 52 54 le
1725 2596 142 50 veut
1895 2591 10 53 !
1942 2611 22 30 »

718 2688 6 7 •
802 2663 391 74 Maudissons,
1217 2684 123 42 mes
1361 2668 198 70 frères,
1581 2675 138 53 tout
1740 2689 66 37 ce
1829 2672 100 70 qui
1956 2680 145 65 peut
2124 2675 147 54 ainsi
2296 2694 149 39 nous
2469 2679 283 54 détourner

689 2745 101 54 des
840 2745 263 57 chemins
1153 2747 101 73 qui
1306 2750 352 57 conduisent
1708 2770 120 38 aux
1893 2761 283 51 sommets
2244 2757 99 56 des
2408 2765 341 65 montagnes.

686 2823 390 61 Combattons
1103 2846 78 38 au
1206 2830 312 57 contraire.
1548 2832 319 57 Saisissons
1893 2834 183 72 l'épée
2106 2837 70 55 de
2201 2837 269 72 l'amour,
2500 2839 99 72 qui
2625 2837 126 58 n'est

685 2911 169 51 autre
889 2925 115 53 que
1037 2909 54 55 le
1126 2910 251 71 pouvoir
1415 2912 70 55 de
1521 2912 276 56 s'oublier
1832 2914 325 59 soi-même.
2194 2917 204 58 Allons
2426 2920 10 53 !
2477 2921 109 55 Les
2620 2933 131 58 yeux

682 2986 291 72 brillants,
988 2990 59 54 la
1068 2990 136 56 voix
1222 2992 260 71 joyeuse,
1500 2999 60 50 et
1575 2994 83 55 les
1673 2995 137 54 bras
1824 2995 192 74 pleins
2034 3000 69 55 de
2121 2999 175 70 force,
2307 3039 73 7 —
2399 3008 135 49 tout
2552 3015 199 41 comme

681 3066 93 55 s'il
813 3069 295 71 s'agissait
1152 3072 70 55 de
1263 3071 225 57 cueillir
1531 3075 100 54 des
1673 3075 173 57 fleurs
1891 3079 124 66 (des
2058 3079 172 56 fleurs
2271 3080 239 74 simples
2552 3094 198 43 comme

684 3149 100 54 des
822 3149 292 71 violettes,
1150 3157 59 50 et
1244 3170 157 38 rares
1434 3171 229 42 comme
1700 3157 100 55 des
1834 3159 327 68 orchidées)
2199 3179 148 53 pour
2380 3163 83 54 les
2497 3164 145 71 jeter
2671 3174 79 39 sur

679 3227 85 57 les
803 3246 232 55 genoux
1079 3234 71 54 de
1189 3234 371 59 l'humanité.
1604 3237 148 55 Sans
1792 3256 150 39 nous
1987 3240 222 57 désoler
2248 3243 134 72 plus
2421 3244 328 72 longtemps,

679 3309 309 57 saisissons
1032 3312 58 56 la
1134 3312 195 58 bonne
1373 3316 141 70 épée
1562 3317 72 55 de
1678 3317 377 74 l'Espérance
2101 3321 100 71 qui
2250 3324 151 54 n'est
2450 3330 164 50 autre
2657 3334 92 58 que

677 3389 357 62 l'ldéalisme
1060 3395 11 52 !
1107 3394 120 72 N'y
1256 3396 157 55 a-t-il
1447 3397 150 56 donc
1627 3399 127 56 rien
1785 3419 77 36 au
1891 3403 216 55 monde
2138 3420 99 38 sur
2267 3404 139 71 quoi
2440 3423 146 38 nous
2614 3401 108 75 puis-

676 3469 179 71 sions,
897 3490 149 40 nous
1089 3474 244 57 devions
1373 3476 146 56 faire
1560 3477 174 58 fonds
1761 3480 10 55 !
1816 3480 441 60 N'avons-nous
2298 3485 170 71 point
2507 3486 59 55 la
2604 3477 120 61 certi-

675 3551 146 55 tude
865 3568 116 54 que
1023 3571 151 39 nous
1217 3555 343 72 planterons
1604 3559 57 56 la
1707 3559 174 56 Croix
1926 3579 99 38 sur
2067 3570 138 50 tous
2250 3565 82 55 les
2375 3566 266 73 tempies.
2683 3559 64 57 Et

673 3629 248 59 n'est-ce
946 3650 108 55 pas
1080 3653 114 38 une
1220 3636 157 56 force
1404 3654 113 53 que
1542 3637 375 74 l'espérance,
1943 3643 390 71 précisément
2360 3663 174 55 parce
2562 3639 185 79 qu'elle
