<?xml version="1.0" encoding="UTF-8"?>
<alto xmlns:xsi="http://www.w3.org/2001/XMLSchema-instance" xmlns="http://www.loc.gov/standards/alto/ns-v2#" xsi:schemaLocation="http://www.loc.gov/standards/alto/ns-v2# http://www.loc.gov/standards/alto/alto-v2.0.xsd" xmlns:xlink="http://www.w3.org/1999/xlink">
	<Description>
		<MeasurementUnit>mm10</MeasurementUnit>
		<sourceImageInformation>
			<fileName>//fileserver7/IN2/Princeton/Batch3/bmtnabh/1909/04/15_01/00000433.tif</fileName>
		</sourceImageInformation>
		<OCRProcessing ID="OCRPROCESSING_1">
			<preProcessingStep>
				<processingSoftware>
					<softwareCreator>CCS Content Conversion Specialists GmbH, Germany</softwareCreator>
					<softwareName>CCS docWORKS</softwareName>
					<softwareVersion>6.6-1.18</softwareVersion>
				</processingSoftware>
			</preProcessingStep>
			<ocrProcessingStep>
				<processingSoftware>
					<softwareCreator>ABBYY (BIT Software), Russia</softwareCreator>
					<softwareName>FineReader</softwareName>
					<softwareVersion>10.0</softwareVersion>
				</processingSoftware>
			</ocrProcessingStep>
		</OCRProcessing>
	</Description>
	<Styles>
		<TextStyle ID="TXT_0" FONTSIZE="17" FONTFAMILY="Times New Roman"/>
		<TextStyle ID="TXT_1" FONTSIZE="15" FONTFAMILY="Times New Roman"/>
		<TextStyle ID="TXT_2" FONTSIZE="18" FONTFAMILY="Times New Roman"/>
		<TextStyle ID="TXT_3" FONTSIZE="16" FONTFAMILY="Times New Roman"/>
		<ParagraphStyle ID="PAR_RIGHT" ALIGN="Right"/>
		<ParagraphStyle ID="PAR_LEFT" ALIGN="Left"/>
		<ParagraphStyle ID="PAR_BLOCK" ALIGN="Block"/>
	</Styles>
	<Layout>
		<Page ID="P73" PHYSICAL_IMG_NR="73" HEIGHT="4216" WIDTH="2839" PC="0.943">
			<TopMargin ID="P73_TM00001" HPOS="0" VPOS="0" WIDTH="2839" HEIGHT="440">
				<TextBlock ID="P73_TB00001" HPOS="1986" VPOS="395" WIDTH="95" HEIGHT="43" STYLEREFS="TXT_0 PAR_RIGHT">
					<TextLine ID="P73_TL00001" HPOS="1987" VPOS="395" WIDTH="94" HEIGHT="43">
						<String ID="P73_ST00001" HPOS="1987" VPOS="395" WIDTH="94" HEIGHT="43" CONTENT="393" WC="0.32" CC="676"/>
					</TextLine>
				</TextBlock>
				<TextBlock ID="P73_TB00002" HPOS="982" VPOS="403" WIDTH="201" HEIGHT="35" STYLEREFS="TXT_1 PAR_LEFT">
					<TextLine ID="P73_TL00002" HPOS="982" VPOS="403" WIDTH="201" HEIGHT="34">
						<String ID="P73_ST00002" HPOS="982" VPOS="405" WIDTH="61" HEIGHT="32" CONTENT="LE" WC="0.78" CC="40"/>
						<SP ID="P73_SP00001" HPOS="1043" VPOS="437" WIDTH="22"/>
						<String ID="P73_ST00003" HPOS="1065" VPOS="403" WIDTH="118" HEIGHT="34" CONTENT="MOIS" WC="1.00" CC="0200"/>
					</TextLine>
				</TextBlock>
			</TopMargin>
			<LeftMargin ID="P73_LM00001" HPOS="0" VPOS="440" WIDTH="72" HEIGHT="3331"/>
			<RightMargin ID="P73_RM00001" HPOS="2099" VPOS="440" WIDTH="740" HEIGHT="3331"/>
			<BottomMargin ID="P73_BM00001" HPOS="0" VPOS="3771" WIDTH="2839" HEIGHT="445">
				<TextBlock ID="P73_TB00003" HPOS="1937" VPOS="3842" WIDTH="28" HEIGHT="47" STYLEREFS="TXT_2 PAR_RIGHT">
					<TextLine ID="P73_TL00003" HPOS="1938" VPOS="3845" WIDTH="25" HEIGHT="43">
						<String ID="P73_ST00004" HPOS="1938" VPOS="3845" WIDTH="25" HEIGHT="43" CONTENT="5" WC="0.55" CC="4"/>
					</TextLine>
				</TextBlock>
			</BottomMargin>
			<PrintSpace ID="P73_PS00001" HPOS="72" VPOS="440" WIDTH="2027" HEIGHT="3331">
				<TextBlock ID="P73_TB00004" HPOS="72" VPOS="549" WIDTH="2015" HEIGHT="1605" STYLEREFS="TXT_3 PAR_BLOCK">
					<TextLine ID="P73_TL00004" HPOS="82" VPOS="550" WIDTH="1998" HEIGHT="57">
						<String ID="P73_ST00005" HPOS="82" VPOS="573" WIDTH="182" HEIGHT="32" CONTENT="encore." WC="1.00" CC="0002000"/>
						<SP ID="P73_SP00002" HPOS="264" VPOS="605" WIDTH="34"/>
						<String ID="P73_ST00006" HPOS="298" VPOS="559" WIDTH="99" HEIGHT="43" CONTENT="Elle" WC="0.99" CC="0300"/>
						<SP ID="P73_SP00003" HPOS="397" VPOS="605" WIDTH="31"/>
						<String ID="P73_ST00007" HPOS="428" VPOS="565" WIDTH="71" HEIGHT="37" CONTENT="est" WC="0.98" CC="004"/>
						<SP ID="P73_SP00004" HPOS="499" VPOS="605" WIDTH="29"/>
						<String ID="P73_ST00008" HPOS="528" VPOS="557" WIDTH="130" HEIGHT="44" CONTENT="riche" WC="1.00" CC="00000"/>
						<SP ID="P73_SP00005" HPOS="658" VPOS="605" WIDTH="29"/>
						<String ID="P73_ST00009" HPOS="687" VPOS="564" WIDTH="46" HEIGHT="37" CONTENT="et" WC="1.00" CC="00"/>
						<SP ID="P73_SP00006" HPOS="733" VPOS="605" WIDTH="28"/>
						<String ID="P73_ST00010" HPOS="761" VPOS="557" WIDTH="199" HEIGHT="50" CONTENT="colorée," WC="1.00" CC="00000000"/>
						<SP ID="P73_SP00007" HPOS="960" VPOS="607" WIDTH="33"/>
						<String ID="P73_ST00011" HPOS="993" VPOS="554" WIDTH="117" HEIGHT="44" CONTENT="mais" WC="0.98" CC="0340"/>
						<SP ID="P73_SP00008" HPOS="1110" VPOS="607" WIDTH="28"/>
						<String ID="P73_ST00012" HPOS="1138" VPOS="564" WIDTH="181" HEIGHT="32" CONTENT="comme" WC="1.00" CC="00000"/>
						<SP ID="P73_SP00009" HPOS="1319" VPOS="607" WIDTH="30"/>
						<String ID="P73_ST00013" HPOS="1349" VPOS="550" WIDTH="90" HEIGHT="45" CONTENT="elle" WC="0.99" CC="0030"/>
						<SP ID="P73_SP00010" HPOS="1439" VPOS="607" WIDTH="30"/>
						<String ID="P73_ST00014" HPOS="1469" VPOS="550" WIDTH="104" HEIGHT="45" CONTENT="l'est" WC="0.99" CC="12005"/>
						<SP ID="P73_SP00011" HPOS="1573" VPOS="607" WIDTH="31"/>
						<String ID="P73_ST00015" HPOS="1604" VPOS="563" WIDTH="109" HEIGHT="30" CONTENT="sans" WC="0.98" CC="0430"/>
						<SP ID="P73_SP00012" HPOS="1713" VPOS="607" WIDTH="28"/>
						<String ID="P73_ST00016" HPOS="1741" VPOS="560" WIDTH="138" HEIGHT="42" CONTENT="repos" WC="0.99" CC="00050"/>
						<SP ID="P73_SP00013" HPOS="1879" VPOS="607" WIDTH="28"/>
						<String ID="P73_ST00017" HPOS="1907" VPOS="554" WIDTH="46" HEIGHT="37" CONTENT="et" WC="0.81" CC="03"/>
						<SP ID="P73_SP00014" HPOS="1953" VPOS="607" WIDTH="31"/>
						<String ID="P73_ST00018" HPOS="1984" VPOS="558" WIDTH="72" HEIGHT="42" CONTENT="par" SUBS_TYPE="HypPart1" SUBS_CONTENT="parfois" WC="0.96" CC="950"/>
						<HYP HPOS="2056" VPOS="558" WIDTH="24" CONTENT="-"/>
					</TextLine>
					<TextLine ID="P73_TL00005" HPOS="84" VPOS="614" WIDTH="1997" HEIGHT="63">
						<String ID="P73_ST00019" HPOS="84" VPOS="626" WIDTH="88" HEIGHT="46" CONTENT="fois" SUBS_TYPE="HypPart2" SUBS_CONTENT="parfois" WC="0.97" CC="6050"/>
						<SP ID="P73_SP00015" HPOS="172" VPOS="672" WIDTH="28"/>
						<String ID="P73_ST00020" HPOS="200" VPOS="639" WIDTH="110" HEIGHT="31" CONTENT="sans" WC="0.99" CC="0400"/>
						<SP ID="P73_SP00016" HPOS="310" VPOS="672" WIDTH="29"/>
						<String ID="P73_ST00021" HPOS="339" VPOS="638" WIDTH="221" HEIGHT="39" CONTENT="nuances," WC="0.99" CC="30400003"/>
						<SP ID="P73_SP00017" HPOS="560" VPOS="677" WIDTH="32"/>
						<String ID="P73_ST00022" HPOS="592" VPOS="624" WIDTH="30" HEIGHT="43" CONTENT="il" WC="0.91" CC="01"/>
						<SP ID="P73_SP00018" HPOS="622" VPOS="677" WIDTH="31"/>
						<String ID="P73_ST00023" HPOS="653" VPOS="623" WIDTH="62" HEIGHT="47" CONTENT="lui" WC="0.98" CC="400"/>
						<SP ID="P73_SP00019" HPOS="715" VPOS="677" WIDTH="30"/>
						<String ID="P73_ST00024" HPOS="745" VPOS="623" WIDTH="153" HEIGHT="45" CONTENT="arrive" WC="1.00" CC="000004"/>
						<SP ID="P73_SP00020" HPOS="898" VPOS="677" WIDTH="29"/>
						<String ID="P73_ST00025" HPOS="927" VPOS="621" WIDTH="57" HEIGHT="45" CONTENT="de" WC="1.00" CC="00"/>
						<SP ID="P73_SP00021" HPOS="984" VPOS="677" WIDTH="29"/>
						<String ID="P73_ST00026" HPOS="1013" VPOS="621" WIDTH="197" HEIGHT="54" CONTENT="paraître" WC="0.99" CC="04040200"/>
						<SP ID="P73_SP00022" HPOS="1210" VPOS="677" WIDTH="29"/>
						<String ID="P73_ST00027" HPOS="1239" VPOS="616" WIDTH="143" HEIGHT="45" CONTENT="sèche" WC="1.00" CC="00000"/>
						<SP ID="P73_SP00023" HPOS="1382" VPOS="677" WIDTH="29"/>
						<String ID="P73_ST00028" HPOS="1411" VPOS="624" WIDTH="44" HEIGHT="35" CONTENT="et" WC="1.00" CC="00"/>
						<SP ID="P73_SP00024" HPOS="1455" VPOS="677" WIDTH="31"/>
						<String ID="P73_ST00029" HPOS="1486" VPOS="616" WIDTH="136" HEIGHT="54" CONTENT="grise." WC="1.00" CC="103000"/>
						<SP ID="P73_SP00025" HPOS="1622" VPOS="677" WIDTH="34"/>
						<String ID="P73_ST00030" HPOS="1656" VPOS="615" WIDTH="65" HEIGHT="44" CONTENT="Le" WC="1.00" CC="00"/>
						<SP ID="P73_SP00026" HPOS="1721" VPOS="677" WIDTH="30"/>
						<String ID="P73_ST00031" HPOS="1751" VPOS="614" WIDTH="199" HEIGHT="54" CONTENT="premier" WC="1.00" CC="0000000"/>
						<SP ID="P73_SP00027" HPOS="1950" VPOS="677" WIDTH="31"/>
						<String ID="P73_ST00032" HPOS="1981" VPOS="620" WIDTH="100" HEIGHT="36" CONTENT="acte" WC="0.98" CC="0070"/>
					</TextLine>
					<TextLine ID="P73_TL00006" HPOS="81" VPOS="681" WIDTH="2003" HEIGHT="65">
						<String ID="P73_ST00033" HPOS="81" VPOS="700" WIDTH="299" HEIGHT="46" CONTENT="notamment," WC="1.00" CC="3001002004"/>
						<SP ID="P73_SP00028" HPOS="380" VPOS="746" WIDTH="33"/>
						<String ID="P73_ST00034" HPOS="413" VPOS="691" WIDTH="115" HEIGHT="45" CONTENT="dans" WC="0.97" CC="6242"/>
						<SP ID="P73_SP00029" HPOS="528" VPOS="746" WIDTH="29"/>
						<String ID="P73_ST00035" HPOS="557" VPOS="704" WIDTH="51" HEIGHT="30" CONTENT="sa" WC="1.00" CC="00"/>
						<SP ID="P73_SP00030" HPOS="608" VPOS="746" WIDTH="31"/>
						<String ID="P73_ST00036" HPOS="639" VPOS="690" WIDTH="213" HEIGHT="44" CONTENT="violence" WC="0.99" CC="10050022"/>
						<SP ID="P73_SP00031" HPOS="852" VPOS="746" WIDTH="29"/>
						<String ID="P73_ST00037" HPOS="881" VPOS="695" WIDTH="262" HEIGHT="43" CONTENT="monotone," WC="1.00" CC="004000102"/>
						<SP ID="P73_SP00032" HPOS="1143" VPOS="746" WIDTH="34"/>
						<String ID="P73_ST00038" HPOS="1177" VPOS="697" WIDTH="114" HEIGHT="32" CONTENT="avec" WC="1.00" CC="1000"/>
						<SP ID="P73_SP00033" HPOS="1291" VPOS="746" WIDTH="31"/>
						<String ID="P73_ST00039" HPOS="1322" VPOS="690" WIDTH="74" HEIGHT="37" CONTENT="cet" WC="1.00" CC="001"/>
						<SP ID="P73_SP00034" HPOS="1396" VPOS="746" WIDTH="30"/>
						<String ID="P73_ST00040" HPOS="1426" VPOS="682" WIDTH="237" HEIGHT="45" CONTENT="orchestre" WC="0.99" CC="100203700"/>
						<SP ID="P73_SP00035" HPOS="1663" VPOS="746" WIDTH="32"/>
						<String ID="P73_ST00041" HPOS="1695" VPOS="681" WIDTH="76" HEIGHT="55" CONTENT="qui" WC="0.97" CC="025"/>
						<SP ID="P73_SP00036" HPOS="1771" VPOS="746" WIDTH="32"/>
						<String ID="P73_ST00042" HPOS="1803" VPOS="681" WIDTH="153" HEIGHT="43" CONTENT="donne" WC="0.98" CC="04361"/>
						<SP ID="P73_SP00037" HPOS="1956" VPOS="746" WIDTH="30"/>
						<String ID="P73_ST00043" HPOS="1986" VPOS="687" WIDTH="74" HEIGHT="37" CONTENT="tou" SUBS_TYPE="HypPart1" SUBS_CONTENT="toujours" WC="1.00" CC="100"/>
						<HYP HPOS="2060" VPOS="687" WIDTH="24" CONTENT="-"/>
					</TextLine>
					<TextLine ID="P73_TL00007" HPOS="72" VPOS="747" WIDTH="2011" HEIGHT="70">
						<String ID="P73_ST00044" HPOS="72" VPOS="762" WIDTH="126" HEIGHT="55" CONTENT="jours" SUBS_TYPE="HypPart2" SUBS_CONTENT="toujours" WC="0.97" CC="64630"/>
						<SP ID="P73_SP00038" HPOS="198" VPOS="817" WIDTH="33"/>
						<String ID="P73_ST00045" HPOS="231" VPOS="760" WIDTH="57" HEIGHT="44" CONTENT="de" WC="0.74" CC="05"/>
						<SP ID="P73_SP00039" HPOS="288" VPOS="817" WIDTH="33"/>
						<String ID="P73_ST00046" HPOS="321" VPOS="766" WIDTH="152" HEIGHT="38" CONTENT="toutes" WC="1.00" CC="000000"/>
						<SP ID="P73_SP00040" HPOS="473" VPOS="817" WIDTH="34"/>
						<String ID="P73_ST00047" HPOS="507" VPOS="771" WIDTH="77" HEIGHT="32" CONTENT="ses" WC="1.00" CC="000"/>
						<SP ID="P73_SP00041" HPOS="584" VPOS="817" WIDTH="36"/>
						<String ID="P73_ST00048" HPOS="620" VPOS="757" WIDTH="119" HEIGHT="54" CONTENT="voix," WC="1.00" CC="00002"/>
						<SP ID="P73_SP00042" HPOS="739" VPOS="817" WIDTH="35"/>
						<String ID="P73_ST00049" HPOS="774" VPOS="770" WIDTH="60" HEIGHT="30" CONTENT="ne" WC="1.00" CC="00"/>
						<SP ID="P73_SP00043" HPOS="834" VPOS="817" WIDTH="34"/>
						<String ID="P73_ST00050" HPOS="868" VPOS="755" WIDTH="214" HEIGHT="45" CONTENT="s'entend" WC="1.00" CC="00020000"/>
						<SP ID="P73_SP00044" HPOS="1082" VPOS="817" WIDTH="34"/>
						<String ID="P73_ST00051" HPOS="1116" VPOS="766" WIDTH="81" HEIGHT="41" CONTENT="pas" WC="0.99" CC="030"/>
						<SP ID="P73_SP00045" HPOS="1197" VPOS="817" WIDTH="35"/>
						<String ID="P73_ST00052" HPOS="1232" VPOS="765" WIDTH="108" HEIGHT="30" CONTENT="sans" WC="1.00" CC="0000"/>
						<SP ID="P73_SP00046" HPOS="1340" VPOS="817" WIDTH="34"/>
						<String ID="P73_ST00053" HPOS="1374" VPOS="751" WIDTH="202" HEIGHT="53" CONTENT="quelque" WC="1.00" CC="0000022"/>
						<SP ID="P73_SP00047" HPOS="1576" VPOS="817" WIDTH="35"/>
						<String ID="P73_ST00054" HPOS="1611" VPOS="748" WIDTH="187" HEIGHT="54" CONTENT="fatigue." WC="0.99" CC="64000300"/>
						<SP ID="P73_SP00048" HPOS="1798" VPOS="817" WIDTH="38"/>
						<String ID="P73_ST00055" HPOS="1836" VPOS="747" WIDTH="220" HEIGHT="55" CONTENT="L'impres" SUBS_TYPE="HypPart1" SUBS_CONTENT="L'impression" WC="0.99" CC="00569300"/>
						<HYP HPOS="2056" VPOS="747" WIDTH="27" CONTENT="-"/>
					</TextLine>
					<TextLine ID="P73_TL00008" HPOS="81" VPOS="813" WIDTH="2000" HEIGHT="60">
						<String ID="P73_ST00056" HPOS="81" VPOS="828" WIDTH="100" HEIGHT="45" CONTENT="sion" SUBS_TYPE="HypPart2" SUBS_CONTENT="L'impression" WC="0.99" CC="0031"/>
						<SP ID="P73_SP00049" HPOS="181" VPOS="873" WIDTH="31"/>
						<String ID="P73_ST00057" HPOS="212" VPOS="835" WIDTH="70" HEIGHT="36" CONTENT="est" WC="0.98" CC="004"/>
						<SP ID="P73_SP00050" HPOS="282" VPOS="873" WIDTH="28"/>
						<String ID="P73_ST00058" HPOS="310" VPOS="835" WIDTH="127" HEIGHT="36" CONTENT="toute" WC="1.00" CC="00300"/>
						<SP ID="P73_SP00051" HPOS="437" VPOS="873" WIDTH="28"/>
						<String ID="P73_ST00059" HPOS="465" VPOS="826" WIDTH="250" HEIGHT="44" CONTENT="différente" WC="0.99" CC="0645000020"/>
						<SP ID="P73_SP00052" HPOS="715" VPOS="873" WIDTH="29"/>
						<String ID="P73_ST00060" HPOS="744" VPOS="824" WIDTH="114" HEIGHT="45" CONTENT="dans" WC="0.98" CC="0540"/>
						<SP ID="P73_SP00053" HPOS="858" VPOS="873" WIDTH="31"/>
						<String ID="P73_ST00061" HPOS="889" VPOS="824" WIDTH="67" HEIGHT="42" CONTENT="les" WC="0.98" CC="400"/>
						<SP ID="P73_SP00054" HPOS="956" VPOS="873" WIDTH="29"/>
						<String ID="P73_ST00062" HPOS="985" VPOS="823" WIDTH="120" HEIGHT="42" CONTENT="deux" WC="1.00" CC="0020"/>
						<SP ID="P73_SP00055" HPOS="1105" VPOS="873" WIDTH="30"/>
						<String ID="P73_ST00063" HPOS="1135" VPOS="818" WIDTH="211" HEIGHT="46" CONTENT="derniers" WC="1.00" CC="00000000"/>
						<SP ID="P73_SP00056" HPOS="1346" VPOS="873" WIDTH="28"/>
						<String ID="P73_ST00064" HPOS="1374" VPOS="824" WIDTH="127" HEIGHT="37" CONTENT="actes" WC="0.99" CC="20030"/>
						<SP ID="P73_SP00057" HPOS="1501" VPOS="873" WIDTH="28"/>
						<String ID="P73_ST00065" HPOS="1529" VPOS="819" WIDTH="58" HEIGHT="41" CONTENT="où" WC="0.86" CC="02"/>
						<SP ID="P73_SP00058" HPOS="1587" VPOS="873" WIDTH="31"/>
						<String ID="P73_ST00066" HPOS="1618" VPOS="817" WIDTH="43" HEIGHT="43" CONTENT="le" WC="0.95" CC="00"/>
						<SP ID="P73_SP00059" HPOS="1661" VPOS="873" WIDTH="30"/>
						<String ID="P73_ST00067" HPOS="1691" VPOS="816" WIDTH="135" HEIGHT="44" CONTENT="livret" WC="0.99" CC="600000"/>
						<SP ID="P73_SP00060" HPOS="1826" VPOS="873" WIDTH="28"/>
						<String ID="P73_ST00068" HPOS="1854" VPOS="828" WIDTH="25" HEIGHT="32" CONTENT="a" WC="0.56" CC="4"/>
						<SP ID="P73_SP00061" HPOS="1879" VPOS="873" WIDTH="31"/>
						<String ID="P73_ST00069" HPOS="1910" VPOS="813" WIDTH="171" HEIGHT="56" CONTENT="permis" WC="0.99" CC="000060"/>
					</TextLine>
					<TextLine ID="P73_TL00009" HPOS="81" VPOS="880" WIDTH="2002" HEIGHT="68">
						<String ID="P73_ST00070" HPOS="81" VPOS="908" WIDTH="57" HEIGHT="32" CONTENT="au" WC="0.77" CC="40"/>
						<SP ID="P73_SP00062" HPOS="138" VPOS="940" WIDTH="32"/>
						<String ID="P73_ST00071" HPOS="170" VPOS="893" WIDTH="312" HEIGHT="55" CONTENT="compositeur" WC="1.00" CC="00000030300"/>
						<SP ID="P73_SP00063" HPOS="482" VPOS="948" WIDTH="33"/>
						<String ID="P73_ST00072" HPOS="515" VPOS="893" WIDTH="103" HEIGHT="55" CONTENT="plus" WC="1.00" CC="0020"/>
						<SP ID="P73_SP00064" HPOS="618" VPOS="948" WIDTH="32"/>
						<String ID="P73_ST00073" HPOS="650" VPOS="892" WIDTH="57" HEIGHT="44" CONTENT="de" WC="0.90" CC="10"/>
						<SP ID="P73_SP00065" HPOS="707" VPOS="948" WIDTH="33"/>
						<String ID="P73_ST00074" HPOS="740" VPOS="891" WIDTH="175" HEIGHT="44" CONTENT="variété" WC="0.99" CC="0216000"/>
						<SP ID="P73_SP00066" HPOS="915" VPOS="948" WIDTH="32"/>
						<String ID="P73_ST00075" HPOS="947" VPOS="897" WIDTH="46" HEIGHT="35" CONTENT="et" WC="0.82" CC="30"/>
						<SP ID="P73_SP00067" HPOS="993" VPOS="948" WIDTH="32"/>
						<String ID="P73_ST00076" HPOS="1025" VPOS="888" WIDTH="57" HEIGHT="44" CONTENT="de" WC="1.00" CC="00"/>
						<SP ID="P73_SP00068" HPOS="1082" VPOS="948" WIDTH="33"/>
						<String ID="P73_ST00077" HPOS="1115" VPOS="885" WIDTH="326" HEIGHT="45" CONTENT="demi-teintes." WC="1.00" CC="0001000050000"/>
						<SP ID="P73_SP00069" HPOS="1441" VPOS="948" WIDTH="35"/>
						<String ID="P73_ST00078" HPOS="1476" VPOS="883" WIDTH="83" HEIGHT="53" CONTENT="J'ai" WC="0.98" CC="5005"/>
						<SP ID="P73_SP00070" HPOS="1559" VPOS="948" WIDTH="36"/>
						<String ID="P73_ST00079" HPOS="1595" VPOS="884" WIDTH="239" HEIGHT="52" CONTENT="beaucoup" WC="1.00" CC="00000100"/>
						<SP ID="P73_SP00071" HPOS="1834" VPOS="948" WIDTH="35"/>
						<String ID="P73_ST00080" HPOS="1869" VPOS="883" WIDTH="136" HEIGHT="51" CONTENT="goûté" WC="1.00" CC="00030"/>
						<SP ID="P73_SP00072" HPOS="2005" VPOS="948" WIDTH="36"/>
						<String ID="P73_ST00081" HPOS="2041" VPOS="880" WIDTH="42" HEIGHT="44" CONTENT="le" WC="0.59" CC="52"/>
					</TextLine>
					<TextLine ID="P73_TL00010" HPOS="82" VPOS="949" WIDTH="2001" HEIGHT="65">
						<String ID="P73_ST00082" HPOS="82" VPOS="960" WIDTH="165" HEIGHT="47" CONTENT="délicat" WC="0.99" CC="0054003"/>
						<SP ID="P73_SP00073" HPOS="247" VPOS="1007" WIDTH="31"/>
						<String ID="P73_ST00083" HPOS="278" VPOS="960" WIDTH="229" HEIGHT="45" CONTENT="interlude" WC="1.00" CC="000010301"/>
						<SP ID="P73_SP00074" HPOS="507" VPOS="1007" WIDTH="30"/>
						<String ID="P73_ST00084" HPOS="537" VPOS="959" WIDTH="77" HEIGHT="55" CONTENT="qui" WC="1.00" CC="000"/>
						<SP ID="P73_SP00075" HPOS="614" VPOS="1014" WIDTH="31"/>
						<String ID="P73_ST00085" HPOS="645" VPOS="971" WIDTH="145" HEIGHT="31" CONTENT="ouvre" WC="1.00" CC="00000"/>
						<SP ID="P73_SP00076" HPOS="790" VPOS="1014" WIDTH="30"/>
						<String ID="P73_ST00086" HPOS="820" VPOS="957" WIDTH="43" HEIGHT="43" CONTENT="le" WC="1.00" CC="00"/>
						<SP ID="P73_SP00077" HPOS="863" VPOS="1014" WIDTH="33"/>
						<String ID="P73_ST00087" HPOS="896" VPOS="968" WIDTH="25" HEIGHT="30" CONTENT="2" WC="0.52" CC="4"/>
						<String ID="P73_ST00088" HPOS="926" VPOS="957" WIDTH="16" HEIGHT="17" CONTENT="e" STYLE="superscript" WC="0.65" CC="3"/>
						<SP ID="P73_SP00078" HPOS="942" VPOS="1014" WIDTH="31"/>
						<String ID="P73_ST00089" HPOS="973" VPOS="962" WIDTH="114" HEIGHT="44" CONTENT="acte," WC="0.99" CC="60000"/>
						<SP ID="P73_SP00079" HPOS="1087" VPOS="1014" WIDTH="34"/>
						<String ID="P73_ST00090" HPOS="1121" VPOS="954" WIDTH="43" HEIGHT="43" CONTENT="le" WC="0.74" CC="50"/>
						<SP ID="P73_SP00080" HPOS="1164" VPOS="1014" WIDTH="31"/>
						<String ID="P73_ST00091" HPOS="1195" VPOS="951" WIDTH="216" HEIGHT="55" CONTENT="gracieux" WC="1.00" CC="00003000"/>
						<SP ID="P73_SP00081" HPOS="1411" VPOS="1014" WIDTH="31"/>
						<String ID="P73_ST00092" HPOS="1442" VPOS="950" WIDTH="140" HEIGHT="43" CONTENT="ballet" WC="1.00" CC="020200"/>
						<SP ID="P73_SP00082" HPOS="1582" VPOS="1014" WIDTH="31"/>
						<String ID="P73_ST00093" HPOS="1613" VPOS="949" WIDTH="59" HEIGHT="44" CONTENT="du" WC="0.77" CC="04"/>
						<SP ID="P73_SP00083" HPOS="1672" VPOS="1014" WIDTH="32"/>
						<String ID="P73_ST00094" HPOS="1704" VPOS="951" WIDTH="154" HEIGHT="42" CONTENT="même" WC="1.00" CC="0000"/>
						<SP ID="P73_SP00084" HPOS="1858" VPOS="1014" WIDTH="30"/>
						<String ID="P73_ST00095" HPOS="1888" VPOS="955" WIDTH="116" HEIGHT="45" CONTENT="acte," WC="0.99" CC="60002"/>
						<SP ID="P73_SP00085" HPOS="2004" VPOS="1014" WIDTH="34"/>
						<String ID="P73_ST00096" HPOS="2038" VPOS="955" WIDTH="45" HEIGHT="36" CONTENT="et" WC="1.00" CC="00"/>
					</TextLine>
					<TextLine ID="P73_TL00011" HPOS="81" VPOS="1014" WIDTH="2002" HEIGHT="67">
						<String ID="P73_ST00097" HPOS="81" VPOS="1037" WIDTH="193" HEIGHT="44" CONTENT="surtout," WC="1.00" CC="04100001"/>
						<SP ID="P73_SP00086" HPOS="274" VPOS="1081" WIDTH="45"/>
						<String ID="P73_ST00098" HPOS="319" VPOS="1028" WIDTH="114" HEIGHT="43" CONTENT="dans" WC="1.00" CC="0200"/>
						<SP ID="P73_SP00087" HPOS="433" VPOS="1081" WIDTH="42"/>
						<String ID="P73_ST00099" HPOS="475" VPOS="1028" WIDTH="40" HEIGHT="42" CONTENT="la" WC="0.79" CC="22"/>
						<SP ID="P73_SP00088" HPOS="515" VPOS="1081" WIDTH="42"/>
						<String ID="P73_ST00100" HPOS="557" VPOS="1028" WIDTH="141" HEIGHT="43" CONTENT="scène" WC="0.99" CC="00600"/>
						<SP ID="P73_SP00089" HPOS="698" VPOS="1081" WIDTH="40"/>
						<String ID="P73_ST00101" HPOS="738" VPOS="1024" WIDTH="111" HEIGHT="44" CONTENT="trois" WC="1.00" CC="02000"/>
						<SP ID="P73_SP00090" HPOS="849" VPOS="1081" WIDTH="44"/>
						<String ID="P73_ST00102" HPOS="893" VPOS="1023" WIDTH="87" HEIGHT="44" CONTENT="fois" WC="0.98" CC="7200"/>
						<SP ID="P73_SP00091" HPOS="980" VPOS="1081" WIDTH="42"/>
						<String ID="P73_ST00103" HPOS="1022" VPOS="1021" WIDTH="177" HEIGHT="52" CONTENT="ingrate" WC="0.99" CC="6300403"/>
						<SP ID="P73_SP00092" HPOS="1199" VPOS="1081" WIDTH="42"/>
						<String ID="P73_ST00104" HPOS="1241" VPOS="1020" WIDTH="59" HEIGHT="43" CONTENT="du" WC="1.00" CC="00"/>
						<SP ID="P73_SP00093" HPOS="1300" VPOS="1081" WIDTH="43"/>
						<String ID="P73_ST00105" HPOS="1343" VPOS="1019" WIDTH="326" HEIGHT="49" CONTENT="dénouement," WC="1.00" CC="00203003300"/>
						<SP ID="P73_SP00094" HPOS="1669" VPOS="1081" WIDTH="45"/>
						<String ID="P73_ST00106" HPOS="1714" VPOS="1014" WIDTH="369" HEIGHT="45" CONTENT="l'orchestration" WC="1.00" CC="405000300000005"/>
					</TextLine>
					<TextLine ID="P73_TL00012" HPOS="81" VPOS="1080" WIDTH="2003" HEIGHT="70">
						<String ID="P73_ST00107" HPOS="81" VPOS="1096" WIDTH="281" HEIGHT="54" CONTENT="vigoureuse" WC="0.99" CC="0600065206"/>
						<SP ID="P73_SP00095" HPOS="362" VPOS="1150" WIDTH="29"/>
						<String ID="P73_ST00108" HPOS="391" VPOS="1103" WIDTH="44" HEIGHT="36" CONTENT="et" WC="0.69" CC="06"/>
						<SP ID="P73_SP00096" HPOS="435" VPOS="1150" WIDTH="30"/>
						<String ID="P73_ST00109" HPOS="465" VPOS="1095" WIDTH="162" HEIGHT="53" CONTENT="souple" WC="0.99" CC="000007"/>
						<SP ID="P73_SP00097" HPOS="627" VPOS="1150" WIDTH="29"/>
						<String ID="P73_ST00110" HPOS="656" VPOS="1092" WIDTH="78" HEIGHT="55" CONTENT="qui" WC="0.99" CC="030"/>
						<SP ID="P73_SP00098" HPOS="734" VPOS="1150" WIDTH="29"/>
						<String ID="P73_ST00111" HPOS="763" VPOS="1101" WIDTH="311" HEIGHT="42" CONTENT="accompagne" WC="0.99" CC="4000007060"/>
						<SP ID="P73_SP00099" HPOS="1074" VPOS="1150" WIDTH="28"/>
						<String ID="P73_ST00112" HPOS="1102" VPOS="1101" WIDTH="53" HEIGHT="31" CONTENT="ce" WC="0.67" CC="42"/>
						<SP ID="P73_SP00100" HPOS="1155" VPOS="1150" WIDTH="30"/>
						<String ID="P73_ST00113" HPOS="1185" VPOS="1087" WIDTH="181" HEIGHT="45" CONTENT="tableau" WC="0.98" CC="3604572"/>
						<SP ID="P73_SP00101" HPOS="1366" VPOS="1150" WIDTH="32"/>
						<String ID="P73_ST00114" HPOS="1398" VPOS="1086" WIDTH="56" HEIGHT="42" CONTENT="de" WC="1.00" CC="00"/>
						<SP ID="P73_SP00102" HPOS="1454" VPOS="1150" WIDTH="30"/>
						<String ID="P73_ST00115" HPOS="1484" VPOS="1091" WIDTH="219" HEIGHT="37" CONTENT="meurtre." WC="0.99" CC="04062540"/>
						<SP ID="P73_SP00103" HPOS="1703" VPOS="1150" WIDTH="33"/>
						<String ID="P73_ST00116" HPOS="1736" VPOS="1082" WIDTH="35" HEIGHT="43" CONTENT="Il" WC="0.82" CC="03"/>
						<SP ID="P73_SP00104" HPOS="1771" VPOS="1150" WIDTH="31"/>
						<String ID="P73_ST00117" HPOS="1802" VPOS="1095" WIDTH="52" HEIGHT="30" CONTENT="se" WC="1.00" CC="00"/>
						<SP ID="P73_SP00105" HPOS="1854" VPOS="1150" WIDTH="28"/>
						<String ID="P73_ST00118" HPOS="1882" VPOS="1080" WIDTH="202" HEIGHT="56" CONTENT="pourrait" WC="0.99" CC="00446450"/>
					</TextLine>
					<TextLine ID="P73_TL00013" HPOS="82" VPOS="1147" WIDTH="2004" HEIGHT="70">
						<String ID="P73_ST00119" HPOS="82" VPOS="1176" WIDTH="90" HEIGHT="41" CONTENT="que" WC="1.00" CC="000"/>
						<SP ID="P73_SP00106" HPOS="172" VPOS="1217" WIDTH="34"/>
						<String ID="P73_ST00120" HPOS="206" VPOS="1161" WIDTH="63" HEIGHT="43" CONTENT="M." WC="0.98" CC="00"/>
						<SP ID="P73_SP00107" HPOS="269" VPOS="1217" WIDTH="39"/>
						<String ID="P73_ST00121" HPOS="308" VPOS="1161" WIDTH="206" HEIGHT="52" CONTENT="Delmas," WC="0.81" CC="3004004"/>
						<SP ID="P73_SP00108" HPOS="514" VPOS="1217" WIDTH="38"/>
						<String ID="P73_ST00122" HPOS="552" VPOS="1161" WIDTH="42" HEIGHT="42" CONTENT="le" WC="1.00" CC="00"/>
						<SP ID="P73_SP00109" HPOS="594" VPOS="1217" WIDTH="34"/>
						<String ID="P73_ST00123" HPOS="628" VPOS="1160" WIDTH="99" HEIGHT="52" CONTENT="jour" WC="0.99" CC="4100"/>
						<SP ID="P73_SP00110" HPOS="727" VPOS="1217" WIDTH="34"/>
						<String ID="P73_ST00124" HPOS="761" VPOS="1160" WIDTH="58" HEIGHT="42" CONTENT="où" WC="0.88" CC="02"/>
						<SP ID="P73_SP00111" HPOS="819" VPOS="1217" WIDTH="33"/>
						<String ID="P73_ST00125" HPOS="852" VPOS="1156" WIDTH="30" HEIGHT="44" CONTENT="il" WC="1.00" CC="00"/>
						<SP ID="P73_SP00112" HPOS="882" VPOS="1217" WIDTH="35"/>
						<String ID="P73_ST00126" HPOS="917" VPOS="1156" WIDTH="202" HEIGHT="52" CONTENT="allégera" WC="1.00" CC="23000000"/>
						<SP ID="P73_SP00113" HPOS="1119" VPOS="1217" WIDTH="33"/>
						<String ID="P73_ST00127" HPOS="1152" VPOS="1166" WIDTH="61" HEIGHT="32" CONTENT="un" WC="0.83" CC="03"/>
						<SP ID="P73_SP00114" HPOS="1213" VPOS="1217" WIDTH="34"/>
						<String ID="P73_ST00128" HPOS="1247" VPOS="1166" WIDTH="90" HEIGHT="41" CONTENT="peu" WC="1.00" CC="000"/>
						<SP ID="P73_SP00115" HPOS="1337" VPOS="1217" WIDTH="34"/>
						<String ID="P73_ST00129" HPOS="1371" VPOS="1165" WIDTH="83" HEIGHT="30" CONTENT="son" WC="0.99" CC="001"/>
						<SP ID="P73_SP00116" HPOS="1454" VPOS="1217" WIDTH="34"/>
						<String ID="P73_ST00130" HPOS="1488" VPOS="1148" WIDTH="351" HEIGHT="52" CONTENT="orchestration," WC="1.00" CC="21200010023042"/>
						<SP ID="P73_SP00117" HPOS="1839" VPOS="1217" WIDTH="38"/>
						<String ID="P73_ST00131" HPOS="1877" VPOS="1150" WIDTH="57" HEIGHT="40" CONTENT="où" WC="0.82" CC="03"/>
						<SP ID="P73_SP00118" HPOS="1934" VPOS="1217" WIDTH="36"/>
						<String ID="P73_ST00132" HPOS="1970" VPOS="1147" WIDTH="29" HEIGHT="43" CONTENT="il" WC="0.77" CC="04"/>
						<SP ID="P73_SP00119" HPOS="1999" VPOS="1217" WIDTH="35"/>
						<String ID="P73_ST00133" HPOS="2034" VPOS="1160" WIDTH="52" HEIGHT="29" CONTENT="se" WC="1.00" CC="00"/>
					</TextLine>
					<TextLine ID="P73_TL00014" HPOS="81" VPOS="1216" WIDTH="2000" HEIGHT="66">
						<String ID="P73_ST00134" HPOS="81" VPOS="1237" WIDTH="231" HEIGHT="37" CONTENT="montrera" WC="0.98" CC="91605212"/>
						<SP ID="P73_SP00120" HPOS="312" VPOS="1274" WIDTH="32"/>
						<String ID="P73_ST00135" HPOS="344" VPOS="1242" WIDTH="61" HEIGHT="31" CONTENT="un" WC="0.93" CC="01"/>
						<SP ID="P73_SP00121" HPOS="405" VPOS="1274" WIDTH="33"/>
						<String ID="P73_ST00136" HPOS="438" VPOS="1241" WIDTH="89" HEIGHT="41" CONTENT="peu" WC="1.00" CC="000"/>
						<SP ID="P73_SP00122" HPOS="527" VPOS="1282" WIDTH="32"/>
						<String ID="P73_ST00137" HPOS="559" VPOS="1227" WIDTH="101" HEIGHT="53" CONTENT="plus" WC="1.00" CC="0000"/>
						<SP ID="P73_SP00123" HPOS="660" VPOS="1282" WIDTH="31"/>
						<String ID="P73_ST00138" HPOS="691" VPOS="1227" WIDTH="166" HEIGHT="42" CONTENT="sévère" WC="0.99" CC="003230"/>
						<SP ID="P73_SP00124" HPOS="857" VPOS="1282" WIDTH="32"/>
						<String ID="P73_ST00139" HPOS="889" VPOS="1236" WIDTH="114" HEIGHT="42" CONTENT="pour" WC="0.98" CC="0306"/>
						<SP ID="P73_SP00125" HPOS="1003" VPOS="1282" WIDTH="31"/>
						<String ID="P73_ST00140" HPOS="1034" VPOS="1222" WIDTH="238" HEIGHT="44" CONTENT="lui-même" WC="1.00" CC="00000002"/>
						<SP ID="P73_SP00126" HPOS="1272" VPOS="1282" WIDTH="32"/>
						<String ID="P73_ST00141" HPOS="1304" VPOS="1221" WIDTH="113" HEIGHT="43" CONTENT="dans" WC="0.98" CC="0260"/>
						<SP ID="P73_SP00127" HPOS="1417" VPOS="1282" WIDTH="32"/>
						<String ID="P73_ST00142" HPOS="1449" VPOS="1219" WIDTH="43" HEIGHT="44" CONTENT="le" WC="0.56" CC="44"/>
						<SP ID="P73_SP00128" HPOS="1492" VPOS="1282" WIDTH="31"/>
						<String ID="P73_ST00143" HPOS="1523" VPOS="1217" WIDTH="134" HEIGHT="44" CONTENT="choix" WC="1.00" CC="00000"/>
						<SP ID="P73_SP00129" HPOS="1657" VPOS="1282" WIDTH="32"/>
						<String ID="P73_ST00144" HPOS="1689" VPOS="1217" WIDTH="57" HEIGHT="43" CONTENT="de" WC="0.95" CC="00"/>
						<SP ID="P73_SP00130" HPOS="1746" VPOS="1282" WIDTH="31"/>
						<String ID="P73_ST00145" HPOS="1777" VPOS="1230" WIDTH="77" HEIGHT="30" CONTENT="ses" WC="1.00" CC="000"/>
						<SP ID="P73_SP00131" HPOS="1854" VPOS="1282" WIDTH="32"/>
						<String ID="P73_ST00146" HPOS="1886" VPOS="1216" WIDTH="195" HEIGHT="49" CONTENT="thèmes," WC="0.99" CC="5220001"/>
					</TextLine>
					<TextLine ID="P73_TL00015" HPOS="82" VPOS="1282" WIDTH="1999" HEIGHT="67">
						<String ID="P73_ST00147" HPOS="82" VPOS="1311" WIDTH="57" HEIGHT="30" CONTENT="en" WC="1.00" CC="00"/>
						<SP ID="P73_SP00132" HPOS="139" VPOS="1341" WIDTH="36"/>
						<String ID="P73_ST00148" HPOS="175" VPOS="1310" WIDTH="61" HEIGHT="30" CONTENT="un" WC="0.81" CC="30"/>
						<SP ID="P73_SP00133" HPOS="236" VPOS="1341" WIDTH="38"/>
						<String ID="P73_ST00149" HPOS="274" VPOS="1303" WIDTH="108" HEIGHT="46" CONTENT="mot," WC="1.00" CC="0000"/>
						<SP ID="P73_SP00134" HPOS="382" VPOS="1349" WIDTH="38"/>
						<String ID="P73_ST00150" HPOS="420" VPOS="1298" WIDTH="60" HEIGHT="42" CONTENT="où" WC="0.80" CC="12"/>
						<SP ID="P73_SP00135" HPOS="480" VPOS="1349" WIDTH="37"/>
						<String ID="P73_ST00151" HPOS="517" VPOS="1294" WIDTH="30" HEIGHT="45" CONTENT="il" WC="0.75" CC="04"/>
						<SP ID="P73_SP00136" HPOS="547" VPOS="1349" WIDTH="38"/>
						<String ID="P73_ST00152" HPOS="585" VPOS="1307" WIDTH="51" HEIGHT="32" CONTENT="se" WC="0.94" CC="01"/>
						<SP ID="P73_SP00137" HPOS="636" VPOS="1349" WIDTH="37"/>
						<String ID="P73_ST00153" HPOS="673" VPOS="1292" WIDTH="174" HEIGHT="46" CONTENT="défiera" WC="1.00" CC="0000000"/>
						<SP ID="P73_SP00138" HPOS="847" VPOS="1349" WIDTH="35"/>
						<String ID="P73_ST00154" HPOS="882" VPOS="1289" WIDTH="465" HEIGHT="56" CONTENT="systématiquement" WC="1.00" CC="0000000020000000"/>
						<SP ID="P73_SP00139" HPOS="1347" VPOS="1349" WIDTH="38"/>
						<String ID="P73_ST00155" HPOS="1385" VPOS="1287" WIDTH="57" HEIGHT="44" CONTENT="de" WC="0.81" CC="03"/>
						<SP ID="P73_SP00140" HPOS="1442" VPOS="1349" WIDTH="36"/>
						<String ID="P73_ST00156" HPOS="1478" VPOS="1299" WIDTH="51" HEIGHT="31" CONTENT="sa" WC="0.83" CC="03"/>
						<SP ID="P73_SP00141" HPOS="1529" VPOS="1349" WIDTH="37"/>
						<String ID="P73_ST00157" HPOS="1566" VPOS="1285" WIDTH="291" HEIGHT="54" CONTENT="dangereuse" WC="1.00" CC="0500000300"/>
						<SP ID="P73_SP00142" HPOS="1857" VPOS="1349" WIDTH="38"/>
						<String ID="P73_ST00158" HPOS="1895" VPOS="1282" WIDTH="186" HEIGHT="52" CONTENT="facilité," WC="0.99" CC="632162000"/>
					</TextLine>
					<TextLine ID="P73_TL00016" HPOS="82" VPOS="1355" WIDTH="1399" HEIGHT="55">
						<String ID="P73_ST00159" HPOS="82" VPOS="1364" WIDTH="230" HEIGHT="46" CONTENT="devienne" WC="1.00" CC="00050000"/>
						<SP ID="P73_SP00143" HPOS="312" VPOS="1410" WIDTH="31"/>
						<String ID="P73_ST00160" HPOS="343" VPOS="1376" WIDTH="62" HEIGHT="31" CONTENT="un" WC="0.73" CC="50"/>
						<SP ID="P73_SP00144" HPOS="405" VPOS="1410" WIDTH="33"/>
						<String ID="P73_ST00161" HPOS="438" VPOS="1363" WIDTH="58" HEIGHT="43" CONTENT="de" WC="1.00" CC="00"/>
						<SP ID="P73_SP00145" HPOS="496" VPOS="1410" WIDTH="31"/>
						<String ID="P73_ST00162" HPOS="527" VPOS="1374" WIDTH="84" HEIGHT="31" CONTENT="nos" WC="0.99" CC="030"/>
						<SP ID="P73_SP00146" HPOS="611" VPOS="1410" WIDTH="31"/>
						<String ID="P73_ST00163" HPOS="642" VPOS="1359" WIDTH="239" HEIGHT="46" CONTENT="meilleurs" WC="1.00" CC="000000000"/>
						<SP ID="P73_SP00147" HPOS="881" VPOS="1410" WIDTH="32"/>
						<String ID="P73_ST00164" HPOS="913" VPOS="1357" WIDTH="253" HEIGHT="45" CONTENT="musiciens" WC="1.00" CC="000015000"/>
						<SP ID="P73_SP00148" HPOS="1166" VPOS="1410" WIDTH="33"/>
						<String ID="P73_ST00165" HPOS="1199" VPOS="1357" WIDTH="58" HEIGHT="43" CONTENT="de" WC="0.84" CC="03"/>
						<SP ID="P73_SP00149" HPOS="1257" VPOS="1410" WIDTH="31"/>
						<String ID="P73_ST00166" HPOS="1288" VPOS="1355" WIDTH="193" HEIGHT="45" CONTENT="théâtre." WC="1.00" CC="00000000"/>
					</TextLine>
					<TextLine ID="P73_TL00017" HPOS="179" VPOS="1416" WIDTH="1906" HEIGHT="59">
						<String ID="P73_ST00167" HPOS="179" VPOS="1429" WIDTH="218" HEIGHT="46" CONTENT="L'œuvre" WC="1.00" CC="0200000"/>
						<SP ID="P73_SP00150" HPOS="397" VPOS="1475" WIDTH="28"/>
						<String ID="P73_ST00168" HPOS="425" VPOS="1429" WIDTH="59" HEIGHT="43" CONTENT="de" WC="1.00" CC="00"/>
						<SP ID="P73_SP00151" HPOS="484" VPOS="1475" WIDTH="29"/>
						<String ID="P73_ST00169" HPOS="513" VPOS="1428" WIDTH="62" HEIGHT="43" CONTENT="M." WC="1.00" CC="00"/>
						<SP ID="P73_SP00152" HPOS="575" VPOS="1475" WIDTH="34"/>
						<String ID="P73_ST00170" HPOS="609" VPOS="1428" WIDTH="192" HEIGHT="43" CONTENT="Delmas" WC="0.85" CC="404000"/>
						<SP ID="P73_SP00153" HPOS="801" VPOS="1475" WIDTH="28"/>
						<String ID="P73_ST00171" HPOS="829" VPOS="1438" WIDTH="25" HEIGHT="32" CONTENT="a" WC="0.67" CC="3"/>
						<SP ID="P73_SP00154" HPOS="854" VPOS="1475" WIDTH="30"/>
						<String ID="P73_ST00172" HPOS="884" VPOS="1426" WIDTH="75" HEIGHT="44" CONTENT="été" WC="1.00" CC="000"/>
						<SP ID="P73_SP00155" HPOS="959" VPOS="1475" WIDTH="29"/>
						<String ID="P73_ST00173" HPOS="988" VPOS="1424" WIDTH="90" HEIGHT="43" CONTENT="fort" WC="0.98" CC="6003"/>
						<SP ID="P73_SP00156" HPOS="1078" VPOS="1475" WIDTH="28"/>
						<String ID="P73_ST00174" HPOS="1106" VPOS="1423" WIDTH="107" HEIGHT="43" CONTENT="bien" WC="0.99" CC="0400"/>
						<SP ID="P73_SP00157" HPOS="1213" VPOS="1475" WIDTH="29"/>
						<String ID="P73_ST00175" HPOS="1242" VPOS="1423" WIDTH="197" HEIGHT="43" CONTENT="chantée" WC="1.00" CC="0230000"/>
						<SP ID="P73_SP00158" HPOS="1439" VPOS="1475" WIDTH="29"/>
						<String ID="P73_ST00176" HPOS="1468" VPOS="1433" WIDTH="80" HEIGHT="40" CONTENT="par" WC="0.99" CC="030"/>
						<SP ID="P73_SP00159" HPOS="1548" VPOS="1475" WIDTH="30"/>
						<String ID="P73_ST00177" HPOS="1578" VPOS="1418" WIDTH="112" HEIGHT="44" CONTENT="Mlle" WC="0.99" CC="0320"/>
						<SP ID="P73_SP00160" HPOS="1690" VPOS="1475" WIDTH="29"/>
						<String ID="P73_ST00178" HPOS="1719" VPOS="1416" WIDTH="197" HEIGHT="55" CONTENT="Virgitti," WC="0.79" CC="040060212"/>
						<SP ID="P73_SP00161" HPOS="1916" VPOS="1475" WIDTH="33"/>
						<String ID="P73_ST00179" HPOS="1949" VPOS="1416" WIDTH="109" HEIGHT="43" CONTENT="chan" SUBS_TYPE="HypPart1" SUBS_CONTENT="chanteuse" WC="0.98" CC="3550"/>
						<HYP HPOS="2058" VPOS="1416" WIDTH="27" CONTENT="-"/>
					</TextLine>
					<TextLine ID="P73_TL00018" HPOS="82" VPOS="1482" WIDTH="2002" HEIGHT="66">
						<String ID="P73_ST00180" HPOS="82" VPOS="1508" WIDTH="132" HEIGHT="37" CONTENT="teuse" SUBS_TYPE="HypPart2" SUBS_CONTENT="chanteuse" WC="0.98" CC="43004"/>
						<SP ID="P73_SP00162" HPOS="214" VPOS="1545" WIDTH="41"/>
						<String ID="P73_ST00181" HPOS="255" VPOS="1498" WIDTH="175" HEIGHT="44" CONTENT="adroite" WC="0.98" CC="6052055"/>
						<SP ID="P73_SP00163" HPOS="430" VPOS="1545" WIDTH="40"/>
						<String ID="P73_ST00182" HPOS="470" VPOS="1504" WIDTH="44" HEIGHT="35" CONTENT="et" WC="0.62" CC="70"/>
						<SP ID="P73_SP00164" HPOS="514" VPOS="1545" WIDTH="41"/>
						<String ID="P73_ST00183" HPOS="555" VPOS="1498" WIDTH="123" HEIGHT="49" CONTENT="sûre," WC="0.99" CC="00602"/>
						<SP ID="P73_SP00165" HPOS="678" VPOS="1547" WIDTH="43"/>
						<String ID="P73_ST00184" HPOS="721" VPOS="1508" WIDTH="80" HEIGHT="40" CONTENT="par" WC="0.95" CC="076"/>
						<SP ID="P73_SP00166" HPOS="801" VPOS="1548" WIDTH="41"/>
						<String ID="P73_ST00185" HPOS="842" VPOS="1493" WIDTH="115" HEIGHT="44" CONTENT="MM." WC="1.00" CC="000"/>
						<SP ID="P73_SP00167" HPOS="957" VPOS="1548" WIDTH="46"/>
						<String ID="P73_ST00186" HPOS="1003" VPOS="1490" WIDTH="229" HEIGHT="46" CONTENT="Gauthier" WC="0.99" CC="07042223"/>
						<SP ID="P73_SP00168" HPOS="1232" VPOS="1548" WIDTH="40"/>
						<String ID="P73_ST00187" HPOS="1272" VPOS="1496" WIDTH="45" HEIGHT="37" CONTENT="et" WC="0.83" CC="30"/>
						<SP ID="P73_SP00169" HPOS="1317" VPOS="1548" WIDTH="40"/>
						<String ID="P73_ST00188" HPOS="1357" VPOS="1489" WIDTH="185" HEIGHT="43" CONTENT="Daram." WC="0.67" CC="335600"/>
						<SP ID="P73_SP00170" HPOS="1542" VPOS="1548" WIDTH="148"/>
						<String ID="P73_ST00189" HPOS="1690" VPOS="1485" WIDTH="295" HEIGHT="44" CONTENT="L'orchestre" WC="0.99" CC="00150040334"/>
						<SP ID="P73_SP00171" HPOS="1985" VPOS="1548" WIDTH="40"/>
						<String ID="P73_ST00190" HPOS="2025" VPOS="1482" WIDTH="59" HEIGHT="45" CONTENT="du" WC="1.00" CC="00"/>
					</TextLine>
					<TextLine ID="P73_TL00019" HPOS="82" VPOS="1551" WIDTH="2003" HEIGHT="66">
						<String ID="P73_ST00191" HPOS="82" VPOS="1566" WIDTH="178" HEIGHT="43" CONTENT="théâtre" WC="0.99" CC="5020000"/>
						<SP ID="P73_SP00172" HPOS="260" VPOS="1609" WIDTH="42"/>
						<String ID="P73_ST00192" HPOS="302" VPOS="1564" WIDTH="57" HEIGHT="44" CONTENT="de" WC="1.00" CC="00"/>
						<SP ID="P73_SP00173" HPOS="359" VPOS="1609" WIDTH="42"/>
						<String ID="P73_ST00193" HPOS="401" VPOS="1562" WIDTH="136" HEIGHT="55" CONTENT="Dijon" WC="0.98" CC="06310"/>
						<SP ID="P73_SP00174" HPOS="537" VPOS="1617" WIDTH="41"/>
						<String ID="P73_ST00194" HPOS="578" VPOS="1561" WIDTH="75" HEIGHT="45" CONTENT="n'a" WC="0.98" CC="003"/>
						<SP ID="P73_SP00175" HPOS="653" VPOS="1617" WIDTH="41"/>
						<String ID="P73_ST00195" HPOS="694" VPOS="1560" WIDTH="144" HEIGHT="54" CONTENT="qu'un" WC="0.99" CC="00210"/>
						<SP ID="P73_SP00176" HPOS="838" VPOS="1617" WIDTH="42"/>
						<String ID="P73_ST00196" HPOS="880" VPOS="1559" WIDTH="173" HEIGHT="49" CONTENT="défaut," WC="1.00" CC="0060000"/>
						<SP ID="P73_SP00177" HPOS="1053" VPOS="1617" WIDTH="44"/>
						<String ID="P73_ST00197" HPOS="1097" VPOS="1556" WIDTH="116" HEIGHT="46" CONTENT="c'est" WC="1.00" CC="00000"/>
						<SP ID="P73_SP00178" HPOS="1213" VPOS="1617" WIDTH="40"/>
						<String ID="P73_ST00198" HPOS="1253" VPOS="1553" WIDTH="292" HEIGHT="45" CONTENT="l'infériorité" WC="1.00" CC="5000600000500"/>
						<SP ID="P73_SP00179" HPOS="1545" VPOS="1617" WIDTH="42"/>
						<String ID="P73_ST00199" HPOS="1587" VPOS="1551" WIDTH="276" HEIGHT="55" CONTENT="numérique" WC="1.00" CC="030000000"/>
						<SP ID="P73_SP00180" HPOS="1863" VPOS="1617" WIDTH="41"/>
						<String ID="P73_ST00200" HPOS="1904" VPOS="1551" WIDTH="55" HEIGHT="43" CONTENT="de" WC="1.00" CC="00"/>
						<SP ID="P73_SP00181" HPOS="1959" VPOS="1617" WIDTH="42"/>
						<String ID="P73_ST00201" HPOS="2001" VPOS="1562" WIDTH="84" HEIGHT="31" CONTENT="son" WC="1.00" CC="000"/>
					</TextLine>
					<TextLine ID="P73_TL00020" HPOS="84" VPOS="1616" WIDTH="2001" HEIGHT="71">
						<String ID="P73_ST00202" HPOS="84" VPOS="1640" WIDTH="217" HEIGHT="47" CONTENT="quatuor:" WC="1.00" CC="50300000"/>
						<SP ID="P73_SP00182" HPOS="301" VPOS="1687" WIDTH="37"/>
						<String ID="P73_ST00203" HPOS="338" VPOS="1631" WIDTH="57" HEIGHT="43" CONTENT="de" WC="0.91" CC="01"/>
						<SP ID="P73_SP00183" HPOS="395" VPOS="1687" WIDTH="33"/>
						<String ID="P73_ST00204" HPOS="428" VPOS="1630" WIDTH="42" HEIGHT="43" CONTENT="là" WC="0.72" CC="50"/>
						<SP ID="P73_SP00184" HPOS="470" VPOS="1687" WIDTH="34"/>
						<String ID="P73_ST00205" HPOS="504" VPOS="1641" WIDTH="61" HEIGHT="32" CONTENT="un" WC="0.60" CC="16"/>
						<SP ID="P73_SP00185" HPOS="565" VPOS="1687" WIDTH="35"/>
						<String ID="P73_ST00206" HPOS="600" VPOS="1640" WIDTH="202" HEIGHT="42" CONTENT="manque" WC="0.99" CC="040004"/>
						<SP ID="P73_SP00186" HPOS="802" VPOS="1687" WIDTH="35"/>
						<String ID="P73_ST00207" HPOS="837" VPOS="1625" WIDTH="277" HEIGHT="55" CONTENT="d'équilibre" WC="1.00" CC="00000031010"/>
						<SP ID="P73_SP00187" HPOS="1114" VPOS="1687" WIDTH="35"/>
						<String ID="P73_ST00208" HPOS="1149" VPOS="1623" WIDTH="76" HEIGHT="55" CONTENT="qui" WC="0.99" CC="002"/>
						<SP ID="P73_SP00188" HPOS="1225" VPOS="1687" WIDTH="36"/>
						<String ID="P73_ST00209" HPOS="1261" VPOS="1621" WIDTH="137" HEIGHT="45" CONTENT="trahit" WC="0.99" CC="001050"/>
						<SP ID="P73_SP00189" HPOS="1398" VPOS="1687" WIDTH="34"/>
						<String ID="P73_ST00210" HPOS="1432" VPOS="1620" WIDTH="173" HEIGHT="55" CONTENT="parfois" WC="0.99" CC="0201420"/>
						<SP ID="P73_SP00190" HPOS="1605" VPOS="1687" WIDTH="36"/>
						<String ID="P73_ST00211" HPOS="1641" VPOS="1620" WIDTH="68" HEIGHT="43" CONTENT="les" WC="0.98" CC="500"/>
						<SP ID="P73_SP00191" HPOS="1709" VPOS="1687" WIDTH="33"/>
						<String ID="P73_ST00212" HPOS="1742" VPOS="1617" WIDTH="252" HEIGHT="44" CONTENT="intentions" WC="1.00" CC="0400034000"/>
						<SP ID="P73_SP00192" HPOS="1994" VPOS="1687" WIDTH="34"/>
						<String ID="P73_ST00213" HPOS="2028" VPOS="1616" WIDTH="57" HEIGHT="43" CONTENT="de" WC="1.00" CC="00"/>
					</TextLine>
					<TextLine ID="P73_TL00021" HPOS="84" VPOS="1686" WIDTH="1999" HEIGHT="61">
						<String ID="P73_ST00214" HPOS="84" VPOS="1700" WIDTH="209" HEIGHT="45" CONTENT="l'auteur." WC="1.00" CC="400000100"/>
						<SP ID="P73_SP00193" HPOS="293" VPOS="1745" WIDTH="48"/>
						<String ID="P73_ST00215" HPOS="341" VPOS="1698" WIDTH="68" HEIGHT="45" CONTENT="En" WC="0.96" CC="00"/>
						<SP ID="P73_SP00194" HPOS="409" VPOS="1745" WIDTH="44"/>
						<String ID="P73_ST00216" HPOS="453" VPOS="1697" WIDTH="235" HEIGHT="44" CONTENT="revanche" WC="0.99" CC="03025010"/>
						<SP ID="P73_SP00195" HPOS="688" VPOS="1745" WIDTH="43"/>
						<String ID="P73_ST00217" HPOS="731" VPOS="1693" WIDTH="200" HEIGHT="46" CONTENT="certains" WC="0.99" CC="00043320"/>
						<SP ID="P73_SP00196" HPOS="931" VPOS="1745" WIDTH="44"/>
						<String ID="P73_ST00218" HPOS="975" VPOS="1705" WIDTH="200" HEIGHT="42" CONTENT="groupes" WC="1.00" CC="1000000"/>
						<SP ID="P73_SP00197" HPOS="1175" VPOS="1747" WIDTH="43"/>
						<String ID="P73_ST00219" HPOS="1218" VPOS="1689" WIDTH="365" HEIGHT="51" CONTENT="d'instruments," WC="1.00" CC="00205000005003"/>
						<SP ID="P73_SP00198" HPOS="1583" VPOS="1747" WIDTH="46"/>
						<String ID="P73_ST00220" HPOS="1629" VPOS="1700" WIDTH="182" HEIGHT="30" CONTENT="comme" WC="1.00" CC="00000"/>
						<SP ID="P73_SP00199" HPOS="1811" VPOS="1747" WIDTH="43"/>
						<String ID="P73_ST00221" HPOS="1854" VPOS="1686" WIDTH="69" HEIGHT="43" CONTENT="les" WC="0.98" CC="500"/>
						<SP ID="P73_SP00200" HPOS="1923" VPOS="1747" WIDTH="41"/>
						<String ID="P73_ST00222" HPOS="1964" VPOS="1697" WIDTH="119" HEIGHT="42" CONTENT="cors," WC="1.00" CC="01000"/>
					</TextLine>
					<TextLine ID="P73_TL00022" HPOS="82" VPOS="1750" WIDTH="2005" HEIGHT="61">
						<String ID="P73_ST00223" HPOS="82" VPOS="1774" WIDTH="78" HEIGHT="37" CONTENT="ont" WC="0.97" CC="450"/>
						<SP ID="P73_SP00201" HPOS="160" VPOS="1811" WIDTH="28"/>
						<String ID="P73_ST00224" HPOS="188" VPOS="1764" WIDTH="327" HEIGHT="46" CONTENT="d'admirables" WC="1.00" CC="000004010400"/>
						<SP ID="P73_SP00202" HPOS="515" VPOS="1811" WIDTH="28"/>
						<String ID="P73_ST00225" HPOS="543" VPOS="1762" WIDTH="244" HEIGHT="45" CONTENT="sonorités." WC="1.00" CC="0000000000"/>
						<SP ID="P73_SP00203" HPOS="787" VPOS="1811" WIDTH="33"/>
						<String ID="P73_ST00226" HPOS="820" VPOS="1760" WIDTH="128" HEIGHT="45" CONTENT="Dans" WC="0.98" CC="5500"/>
						<SP ID="P73_SP00204" HPOS="948" VPOS="1811" WIDTH="27"/>
						<String ID="P73_ST00227" HPOS="975" VPOS="1772" WIDTH="83" HEIGHT="30" CONTENT="son" WC="1.00" CC="000"/>
						<SP ID="P73_SP00205" HPOS="1058" VPOS="1811" WIDTH="29"/>
						<String ID="P73_ST00228" HPOS="1087" VPOS="1755" WIDTH="256" HEIGHT="52" CONTENT="ensemble," WC="1.00" CC="000003603"/>
						<SP ID="P73_SP00206" HPOS="1343" VPOS="1811" WIDTH="32"/>
						<String ID="P73_ST00229" HPOS="1375" VPOS="1763" WIDTH="73" HEIGHT="36" CONTENT="cet" WC="1.00" CC="000"/>
						<SP ID="P73_SP00207" HPOS="1448" VPOS="1811" WIDTH="28"/>
						<String ID="P73_ST00230" HPOS="1476" VPOS="1754" WIDTH="238" HEIGHT="43" CONTENT="orchestre" WC="1.00" CC="200000000"/>
						<SP ID="P73_SP00208" HPOS="1714" VPOS="1811" WIDTH="28"/>
						<String ID="P73_ST00231" HPOS="1742" VPOS="1766" WIDTH="26" HEIGHT="30" CONTENT="a" WC="0.77" CC="2"/>
						<SP ID="P73_SP00209" HPOS="1768" VPOS="1811" WIDTH="28"/>
						<String ID="P73_ST00232" HPOS="1796" VPOS="1752" WIDTH="57" HEIGHT="44" CONTENT="de" WC="1.00" CC="00"/>
						<SP ID="P73_SP00210" HPOS="1853" VPOS="1811" WIDTH="29"/>
						<String ID="P73_ST00233" HPOS="1882" VPOS="1752" WIDTH="42" HEIGHT="41" CONTENT="la" WC="0.57" CC="71"/>
						<SP ID="P73_SP00211" HPOS="1924" VPOS="1811" WIDTH="26"/>
						<String ID="P73_ST00234" HPOS="1950" VPOS="1750" WIDTH="110" HEIGHT="43" CONTENT="cohé" SUBS_TYPE="HypPart1" SUBS_CONTENT="cohésion," WC="1.00" CC="0000"/>
						<HYP HPOS="2060" VPOS="1750" WIDTH="27" CONTENT="-"/>
					</TextLine>
					<TextLine ID="P73_TL00023" HPOS="82" VPOS="1816" WIDTH="2004" HEIGHT="69">
						<String ID="P73_ST00235" HPOS="82" VPOS="1834" WIDTH="116" HEIGHT="51" CONTENT="sion," SUBS_TYPE="HypPart2" SUBS_CONTENT="cohésion," WC="0.98" CC="07042"/>
						<SP ID="P73_SP00212" HPOS="198" VPOS="1885" WIDTH="29"/>
						<String ID="P73_ST00236" HPOS="227" VPOS="1833" WIDTH="57" HEIGHT="44" CONTENT="de" WC="0.55" CC="80"/>
						<SP ID="P73_SP00213" HPOS="284" VPOS="1885" WIDTH="26"/>
						<String ID="P73_ST00237" HPOS="310" VPOS="1832" WIDTH="166" HEIGHT="52" CONTENT="l'éclat," WC="0.99" CC="63005341"/>
						<SP ID="P73_SP00214" HPOS="476" VPOS="1885" WIDTH="28"/>
						<String ID="P73_ST00238" HPOS="504" VPOS="1838" WIDTH="46" HEIGHT="37" CONTENT="et" WC="1.00" CC="00"/>
						<SP ID="P73_SP00215" HPOS="550" VPOS="1885" WIDTH="24"/>
						<String ID="P73_ST00239" HPOS="574" VPOS="1843" WIDTH="84" HEIGHT="32" CONTENT="son" WC="1.00" CC="000"/>
						<SP ID="P73_SP00216" HPOS="658" VPOS="1885" WIDTH="25"/>
						<String ID="P73_ST00240" HPOS="683" VPOS="1828" WIDTH="123" HEIGHT="52" CONTENT="chef," WC="0.99" CC="00070"/>
						<SP ID="P73_SP00217" HPOS="806" VPOS="1885" WIDTH="28"/>
						<String ID="P73_ST00241" HPOS="834" VPOS="1827" WIDTH="64" HEIGHT="44" CONTENT="M." WC="1.00" CC="00"/>
						<SP ID="P73_SP00218" HPOS="898" VPOS="1885" WIDTH="30"/>
						<String ID="P73_ST00242" HPOS="928" VPOS="1825" WIDTH="135" HEIGHT="54" CONTENT="Petit," WC="1.00" CC="100202"/>
						<SP ID="P73_SP00219" HPOS="1063" VPOS="1885" WIDTH="28"/>
						<String ID="P73_ST00243" HPOS="1091" VPOS="1824" WIDTH="91" HEIGHT="44" CONTENT="m'a" WC="0.99" CC="002"/>
						<SP ID="P73_SP00220" HPOS="1182" VPOS="1885" WIDTH="26"/>
						<String ID="P73_ST00244" HPOS="1208" VPOS="1824" WIDTH="152" HEIGHT="44" CONTENT="donné" WC="0.98" CC="93040"/>
						<SP ID="P73_SP00221" HPOS="1360" VPOS="1885" WIDTH="24"/>
						<String ID="P73_ST00245" HPOS="1384" VPOS="1820" WIDTH="311" HEIGHT="55" CONTENT="l'impression" WC="1.00" CC="302000000003"/>
						<SP ID="P73_SP00222" HPOS="1695" VPOS="1885" WIDTH="27"/>
						<String ID="P73_ST00246" HPOS="1722" VPOS="1818" WIDTH="109" HEIGHT="45" CONTENT="d'un" WC="0.98" CC="0044"/>
						<SP ID="P73_SP00223" HPOS="1831" VPOS="1885" WIDTH="28"/>
						<String ID="P73_ST00247" HPOS="1859" VPOS="1816" WIDTH="227" HEIGHT="45" CONTENT="excellent" WC="1.00" CC="000000006"/>
					</TextLine>
					<TextLine ID="P73_TL00024" HPOS="84" VPOS="1884" WIDTH="2003" HEIGHT="62">
						<String ID="P73_ST00248" HPOS="84" VPOS="1900" WIDTH="240" HEIGHT="46" CONTENT="musicien." WC="0.99" CC="900402010"/>
						<SP ID="P73_SP00224" HPOS="324" VPOS="1946" WIDTH="129"/>
						<String ID="P73_ST00249" HPOS="453" VPOS="1898" WIDTH="122" HEIGHT="44" CONTENT="Mais" WC="0.99" CC="0030"/>
						<SP ID="P73_SP00225" HPOS="575" VPOS="1946" WIDTH="31"/>
						<String ID="P73_ST00250" HPOS="606" VPOS="1896" WIDTH="30" HEIGHT="45" CONTENT="il" WC="0.72" CC="31"/>
						<SP ID="P73_SP00226" HPOS="636" VPOS="1946" WIDTH="33"/>
						<String ID="P73_ST00251" HPOS="669" VPOS="1896" WIDTH="97" HEIGHT="45" CONTENT="faut" WC="0.98" CC="6100"/>
						<SP ID="P73_SP00227" HPOS="766" VPOS="1946" WIDTH="30"/>
						<String ID="P73_ST00252" HPOS="796" VPOS="1901" WIDTH="179" HEIGHT="37" CONTENT="surtout" WC="1.00" CC="0000020"/>
						<SP ID="P73_SP00228" HPOS="975" VPOS="1946" WIDTH="29"/>
						<String ID="P73_ST00253" HPOS="1004" VPOS="1893" WIDTH="168" HEIGHT="43" CONTENT="rendre" WC="1.00" CC="004000"/>
						<SP ID="P73_SP00229" HPOS="1172" VPOS="1946" WIDTH="30"/>
						<String ID="P73_ST00254" HPOS="1202" VPOS="1891" WIDTH="247" HEIGHT="51" CONTENT="hommage" WC="1.00" CC="0300130"/>
						<SP ID="P73_SP00230" HPOS="1449" VPOS="1946" WIDTH="30"/>
						<String ID="P73_ST00255" HPOS="1479" VPOS="1901" WIDTH="57" HEIGHT="31" CONTENT="au" WC="1.00" CC="00"/>
						<SP ID="P73_SP00231" HPOS="1536" VPOS="1946" WIDTH="32"/>
						<String ID="P73_ST00256" HPOS="1568" VPOS="1887" WIDTH="247" HEIGHT="51" CONTENT="directeur," WC="1.00" CC="0000030003"/>
						<SP ID="P73_SP00232" HPOS="1815" VPOS="1946" WIDTH="34"/>
						<String ID="P73_ST00257" HPOS="1849" VPOS="1885" WIDTH="109" HEIGHT="43" CONTENT="dont" WC="1.00" CC="0000"/>
						<SP ID="P73_SP00233" HPOS="1958" VPOS="1946" WIDTH="29"/>
						<String ID="P73_ST00258" HPOS="1987" VPOS="1884" WIDTH="80" HEIGHT="43" CONTENT="l'in" SUBS_TYPE="HypPart1" SUBS_CONTENT="l'intelligente" WC="0.98" CC="4063"/>
						<HYP HPOS="2067" VPOS="1884" WIDTH="20" CONTENT="-"/>
					</TextLine>
					<TextLine ID="P73_TL00025" HPOS="81" VPOS="1951" WIDTH="2004" HEIGHT="70">
						<String ID="P73_ST00259" HPOS="81" VPOS="1966" WIDTH="239" HEIGHT="55" CONTENT="telligente" SUBS_TYPE="HypPart2" SUBS_CONTENT="l'intelligente" WC="0.99" CC="0013330230"/>
						<SP ID="P73_SP00234" HPOS="320" VPOS="2021" WIDTH="33"/>
						<String ID="P73_ST00260" HPOS="353" VPOS="1964" WIDTH="227" HEIGHT="45" CONTENT="initiative" WC="0.99" CC="2550200605"/>
						<SP ID="P73_SP00235" HPOS="580" VPOS="2021" WIDTH="33"/>
						<String ID="P73_ST00261" HPOS="613" VPOS="1978" WIDTH="26" HEIGHT="29" CONTENT="a" WC="0.86" CC="1"/>
						<SP ID="P73_SP00236" HPOS="639" VPOS="2021" WIDTH="34"/>
						<String ID="P73_ST00262" HPOS="673" VPOS="1961" WIDTH="174" HEIGHT="56" CONTENT="permis" WC="1.00" CC="000010"/>
						<SP ID="P73_SP00237" HPOS="847" VPOS="2021" WIDTH="34"/>
						<String ID="P73_ST00263" HPOS="881" VPOS="1964" WIDTH="23" HEIGHT="40" CONTENT="à" WC="0.76" CC="2"/>
						<SP ID="P73_SP00238" HPOS="904" VPOS="2021" WIDTH="36"/>
						<String ID="P73_ST00264" HPOS="940" VPOS="1974" WIDTH="61" HEIGHT="30" CONTENT="un" WC="1.00" CC="00"/>
						<SP ID="P73_SP00239" HPOS="1001" VPOS="2021" WIDTH="34"/>
						<String ID="P73_ST00265" HPOS="1035" VPOS="1960" WIDTH="138" HEIGHT="52" CONTENT="jeune" WC="0.99" CC="40030"/>
						<SP ID="P73_SP00240" HPOS="1173" VPOS="2021" WIDTH="33"/>
						<String ID="P73_ST00266" HPOS="1206" VPOS="1956" WIDTH="313" HEIGHT="53" CONTENT="compositeur" WC="1.00" CC="04000060003"/>
						<SP ID="P73_SP00241" HPOS="1519" VPOS="2021" WIDTH="34"/>
						<String ID="P73_ST00267" HPOS="1553" VPOS="1954" WIDTH="146" HEIGHT="44" CONTENT="d'être" WC="0.99" CC="900300"/>
						<SP ID="P73_SP00242" HPOS="1699" VPOS="2021" WIDTH="33"/>
						<String ID="P73_ST00268" HPOS="1732" VPOS="1952" WIDTH="107" HEIGHT="54" CONTENT="joué" WC="0.98" CC="6010"/>
						<SP ID="P73_SP00243" HPOS="1839" VPOS="2021" WIDTH="34"/>
						<String ID="P73_ST00269" HPOS="1873" VPOS="1954" WIDTH="25" HEIGHT="41" CONTENT="à" WC="1.00" CC="0"/>
						<SP ID="P73_SP00244" HPOS="1898" VPOS="2021" WIDTH="36"/>
						<String ID="P73_ST00270" HPOS="1934" VPOS="1951" WIDTH="151" HEIGHT="53" CONTENT="Dijon." WC="0.99" CC="425000"/>
					</TextLine>
					<TextLine ID="P73_TL00026" HPOS="85" VPOS="2018" WIDTH="2001" HEIGHT="69">
						<String ID="P73_ST00271" HPOS="85" VPOS="2034" WIDTH="138" HEIGHT="45" CONTENT="Cette" WC="1.00" CC="00000"/>
						<SP ID="P73_SP00245" HPOS="223" VPOS="2079" WIDTH="32"/>
						<String ID="P73_ST00272" HPOS="255" VPOS="2031" WIDTH="367" HEIGHT="56" CONTENT="représentation" WC="1.00" CC="00010000000045"/>
						<SP ID="P73_SP00246" HPOS="622" VPOS="2087" WIDTH="34"/>
						<String ID="P73_ST00273" HPOS="656" VPOS="2030" WIDTH="83" HEIGHT="44" CONTENT="fait" WC="0.97" CC="5260"/>
						<SP ID="P73_SP00247" HPOS="739" VPOS="2087" WIDTH="33"/>
						<String ID="P73_ST00274" HPOS="772" VPOS="2030" WIDTH="43" HEIGHT="44" CONTENT="le" WC="0.60" CC="43"/>
						<SP ID="P73_SP00248" HPOS="815" VPOS="2087" WIDTH="33"/>
						<String ID="P73_ST00275" HPOS="848" VPOS="2028" WIDTH="103" HEIGHT="54" CONTENT="plus" WC="0.99" CC="0320"/>
						<SP ID="P73_SP00249" HPOS="951" VPOS="2087" WIDTH="34"/>
						<String ID="P73_ST00276" HPOS="985" VPOS="2026" WIDTH="143" HEIGHT="55" CONTENT="grand" WC="0.98" CC="80400"/>
						<SP ID="P73_SP00250" HPOS="1128" VPOS="2087" WIDTH="31"/>
						<String ID="P73_ST00277" HPOS="1159" VPOS="2026" WIDTH="212" HEIGHT="43" CONTENT="honneur" WC="0.99" CC="6004000"/>
						<SP ID="P73_SP00251" HPOS="1371" VPOS="2087" WIDTH="33"/>
						<String ID="P73_ST00278" HPOS="1404" VPOS="2036" WIDTH="58" HEIGHT="31" CONTENT="au" WC="0.97" CC="00"/>
						<SP ID="P73_SP00252" HPOS="1462" VPOS="2087" WIDTH="35"/>
						<String ID="P73_ST00279" HPOS="1497" VPOS="2023" WIDTH="108" HEIGHT="52" CONTENT="goût" WC="0.98" CC="0106"/>
						<SP ID="P73_SP00253" HPOS="1605" VPOS="2087" WIDTH="34"/>
						<String ID="P73_ST00280" HPOS="1639" VPOS="2028" WIDTH="45" HEIGHT="37" CONTENT="et" WC="1.00" CC="00"/>
						<SP ID="P73_SP00254" HPOS="1684" VPOS="2087" WIDTH="33"/>
						<String ID="P73_ST00281" HPOS="1717" VPOS="2034" WIDTH="58" HEIGHT="30" CONTENT="au" WC="0.85" CC="20"/>
						<SP ID="P73_SP00255" HPOS="1775" VPOS="2087" WIDTH="33"/>
						<String ID="P73_ST00282" HPOS="1808" VPOS="2018" WIDTH="253" HEIGHT="46" CONTENT="désintéres" SUBS_TYPE="HypPart1" SUBS_CONTENT="désintéressement" WC="1.00" CC="5001000000"/>
						<HYP HPOS="2061" VPOS="2018" WIDTH="25" CONTENT="-"/>
					</TextLine>
					<TextLine ID="P73_TL00027" HPOS="85" VPOS="2096" WIDTH="862" HEIGHT="58">
						<String ID="P73_ST00283" HPOS="85" VPOS="2110" WIDTH="180" HEIGHT="38" CONTENT="sement" SUBS_TYPE="HypPart2" SUBS_CONTENT="désintéressement" WC="1.00" CC="000050"/>
						<SP ID="P73_SP00256" HPOS="265" VPOS="2148" WIDTH="28"/>
						<String ID="P73_ST00284" HPOS="293" VPOS="2101" WIDTH="240" HEIGHT="53" CONTENT="artistique" WC="1.00" CC="4006030000"/>
						<SP ID="P73_SP00257" HPOS="533" VPOS="2154" WIDTH="28"/>
						<String ID="P73_ST00285" HPOS="561" VPOS="2100" WIDTH="57" HEIGHT="43" CONTENT="de" WC="1.00" CC="00"/>
						<SP ID="P73_SP00258" HPOS="618" VPOS="2154" WIDTH="28"/>
						<String ID="P73_ST00286" HPOS="646" VPOS="2097" WIDTH="62" HEIGHT="44" CONTENT="M." WC="0.96" CC="00"/>
						<SP ID="P73_SP00259" HPOS="708" VPOS="2154" WIDTH="33"/>
						<String ID="P73_ST00287" HPOS="741" VPOS="2096" WIDTH="206" HEIGHT="45" CONTENT="Audisio." WC="0.90" CC="00010600"/>
					</TextLine>
				</TextBlock>
				<TextBlock ID="P73_TB00005" HPOS="1871" VPOS="2151" WIDTH="145" HEIGHT="45" STYLEREFS="TXT_2 PAR_RIGHT">
					<TextLine ID="P73_TL00028" HPOS="1871" VPOS="2152" WIDTH="145" HEIGHT="44">
						<String ID="P73_ST00288" HPOS="1871" VPOS="2152" WIDTH="49" HEIGHT="44" CONTENT="P." WC="0.69" CC="06"/>
						<SP ID="P73_SP00260" HPOS="1920" VPOS="2196" WIDTH="35"/>
						<String ID="P73_ST00289" HPOS="1955" VPOS="2152" WIDTH="61" HEIGHT="43" CONTENT="M." WC="0.78" CC="21"/>
					</TextLine>
				</TextBlock>
				<TextBlock ID="P73_TB00006" HPOS="83" VPOS="2313" WIDTH="177" HEIGHT="43" STYLEREFS="TXT_3 PAR_LEFT">
					<TextLine ID="P73_TL00029" HPOS="83" VPOS="2313" WIDTH="177" HEIGHT="43">
						<String ID="P73_ST00290" HPOS="83" VPOS="2313" WIDTH="177" HEIGHT="43" CONTENT="LILLE" WC="0.99" CC="06000"/>
					</TextLine>
				</TextBlock>
				<TextBlock ID="P73_TB00007" HPOS="84" VPOS="2432" WIDTH="2015" HEIGHT="1339" STYLEREFS="TXT_3 PAR_BLOCK">
					<TextLine ID="P73_TL00030" HPOS="179" VPOS="2432" WIDTH="1910" HEIGHT="59">
						<String ID="P73_ST00291" HPOS="179" VPOS="2446" WIDTH="223" HEIGHT="43" CONTENT="MADAME" WC="0.99" CC="006005" STYLEREFS="TXT_1"/>
						<SP ID="P73_SP00261" HPOS="402" VPOS="2489" WIDTH="26"/>
						<String ID="P73_ST00292" HPOS="428" VPOS="2444" WIDTH="230" HEIGHT="45" CONTENT="SUZANNE" WC="0.99" CC="0300540" STYLEREFS="TXT_1"/>
						<SP ID="P73_SP00262" HPOS="658" VPOS="2489" WIDTH="28"/>
						<String ID="P73_ST00293" HPOS="686" VPOS="2440" WIDTH="485" HEIGHT="51" CONTENT="MAURICE-MAQUET." WC="0.85" CC="403070000004101" STYLEREFS="TXT_1"/>
						<SP ID="P73_SP00263" HPOS="1171" VPOS="2491" WIDTH="115"/>
						<String ID="P73_ST00294" HPOS="1286" VPOS="2437" WIDTH="206" HEIGHT="50" CONTENT="Grande," WC="1.00" CC="0300000"/>
						<SP ID="P73_SP00264" HPOS="1492" VPOS="2491" WIDTH="29"/>
						<String ID="P73_ST00295" HPOS="1521" VPOS="2436" WIDTH="68" HEIGHT="43" CONTENT="les" WC="1.00" CC="000"/>
						<SP ID="P73_SP00265" HPOS="1589" VPOS="2491" WIDTH="25"/>
						<String ID="P73_ST00296" HPOS="1614" VPOS="2435" WIDTH="209" HEIGHT="43" CONTENT="cheveux" WC="1.00" CC="0000000"/>
						<SP ID="P73_SP00266" HPOS="1823" VPOS="2491" WIDTH="27"/>
						<String ID="P73_ST00297" HPOS="1850" VPOS="2432" WIDTH="136" HEIGHT="45" CONTENT="lissés" WC="1.00" CC="000000"/>
						<SP ID="P73_SP00267" HPOS="1986" VPOS="2491" WIDTH="23"/>
						<String ID="P73_ST00298" HPOS="2009" VPOS="2444" WIDTH="80" HEIGHT="30" CONTENT="sur" WC="1.00" CC="000"/>
					</TextLine>
					<TextLine ID="P73_TL00031" HPOS="84" VPOS="2498" WIDTH="2005" HEIGHT="65">
						<String ID="P73_ST00299" HPOS="84" VPOS="2529" WIDTH="58" HEIGHT="30" CONTENT="un" WC="0.92" CC="01"/>
						<SP ID="P73_SP00268" HPOS="142" VPOS="2559" WIDTH="34"/>
						<String ID="P73_ST00300" HPOS="176" VPOS="2514" WIDTH="122" HEIGHT="44" CONTENT="front" WC="0.99" CC="70020"/>
						<SP ID="P73_SP00269" HPOS="298" VPOS="2559" WIDTH="32"/>
						<String ID="P73_ST00301" HPOS="330" VPOS="2514" WIDTH="169" HEIGHT="43" CONTENT="bombé" WC="1.00" CC="00200"/>
						<SP ID="P73_SP00270" HPOS="499" VPOS="2559" WIDTH="32"/>
						<String ID="P73_ST00302" HPOS="531" VPOS="2519" WIDTH="45" HEIGHT="36" CONTENT="et" WC="1.00" CC="00"/>
						<SP ID="P73_SP00271" HPOS="576" VPOS="2559" WIDTH="32"/>
						<String ID="P73_ST00303" HPOS="608" VPOS="2509" WIDTH="271" HEIGHT="54" CONTENT="énergique," WC="1.00" CC="0000152001"/>
						<SP ID="P73_SP00272" HPOS="879" VPOS="2563" WIDTH="34"/>
						<String ID="P73_ST00304" HPOS="913" VPOS="2509" WIDTH="70" HEIGHT="43" CONTENT="les" WC="1.00" CC="010"/>
						<SP ID="P73_SP00273" HPOS="983" VPOS="2563" WIDTH="32"/>
						<String ID="P73_ST00305" HPOS="1015" VPOS="2520" WIDTH="120" HEIGHT="41" CONTENT="yeux" WC="1.00" CC="0000"/>
						<SP ID="P73_SP00274" HPOS="1135" VPOS="2563" WIDTH="33"/>
						<String ID="P73_ST00306" HPOS="1168" VPOS="2505" WIDTH="106" HEIGHT="52" CONTENT="vifs," WC="0.98" CC="03602"/>
						<SP ID="P73_SP00275" HPOS="1274" VPOS="2563" WIDTH="35"/>
						<String ID="P73_ST00307" HPOS="1309" VPOS="2505" WIDTH="321" HEIGHT="52" CONTENT="flamboyants," WC="1.00" CC="545600000003"/>
						<SP ID="P73_SP00276" HPOS="1630" VPOS="2563" WIDTH="36"/>
						<String ID="P73_ST00308" HPOS="1666" VPOS="2514" WIDTH="61" HEIGHT="31" CONTENT="un" WC="0.89" CC="20"/>
						<SP ID="P73_SP00277" HPOS="1727" VPOS="2563" WIDTH="34"/>
						<String ID="P73_ST00309" HPOS="1761" VPOS="2507" WIDTH="187" HEIGHT="37" CONTENT="menton" WC="0.99" CC="800030"/>
						<SP ID="P73_SP00278" HPOS="1948" VPOS="2563" WIDTH="34"/>
						<String ID="P73_ST00310" HPOS="1982" VPOS="2498" WIDTH="81" HEIGHT="45" CONTENT="dan" SUBS_TYPE="HypPart1" SUBS_CONTENT="dantesque," WC="0.98" CC="045"/>
						<HYP HPOS="2063" VPOS="2498" WIDTH="26" CONTENT="-"/>
					</TextLine>
					<TextLine ID="P73_TL00032" HPOS="84" VPOS="2568" WIDTH="2005" HEIGHT="68">
						<String ID="P73_ST00311" HPOS="84" VPOS="2590" WIDTH="177" HEIGHT="46" CONTENT="tesque," SUBS_TYPE="HypPart2" SUBS_CONTENT="dantesque," WC="0.99" CC="6000003"/>
						<SP ID="P73_SP00279" HPOS="261" VPOS="2636" WIDTH="36"/>
						<String ID="P73_ST00312" HPOS="297" VPOS="2580" WIDTH="269" HEIGHT="52" CONTENT="volontaire," WC="1.00" CC="00401034003"/>
						<SP ID="P73_SP00280" HPOS="566" VPOS="2636" WIDTH="36"/>
						<String ID="P73_ST00313" HPOS="602" VPOS="2585" WIDTH="95" HEIGHT="38" CONTENT="tout" WC="0.99" CC="1002"/>
						<SP ID="P73_SP00281" HPOS="697" VPOS="2636" WIDTH="32"/>
						<String ID="P73_ST00314" HPOS="729" VPOS="2591" WIDTH="57" HEIGHT="31" CONTENT="en" WC="0.80" CC="04"/>
						<SP ID="P73_SP00282" HPOS="786" VPOS="2636" WIDTH="34"/>
						<String ID="P73_ST00315" HPOS="820" VPOS="2576" WIDTH="127" HEIGHT="44" CONTENT="Mme" WC="0.99" CC="300"/>
						<SP ID="P73_SP00283" HPOS="947" VPOS="2636" WIDTH="34"/>
						<String ID="P73_ST00316" HPOS="981" VPOS="2573" WIDTH="216" HEIGHT="46" CONTENT="Suzanne" WC="1.00" CC="0003000"/>
						<SP ID="P73_SP00284" HPOS="1197" VPOS="2636" WIDTH="33"/>
						<String ID="P73_ST00317" HPOS="1230" VPOS="2571" WIDTH="421" HEIGHT="53" CONTENT="Maurice-Maquet" WC="0.94" CC="00004000040000"/>
						<SP ID="P73_SP00285" HPOS="1651" VPOS="2636" WIDTH="33"/>
						<String ID="P73_ST00318" HPOS="1684" VPOS="2568" WIDTH="167" HEIGHT="45" CONTENT="dénote" WC="1.00" CC="000000"/>
						<SP ID="P73_SP00286" HPOS="1851" VPOS="2636" WIDTH="32"/>
						<String ID="P73_ST00319" HPOS="1883" VPOS="2581" WIDTH="61" HEIGHT="30" CONTENT="un" WC="0.56" CC="34"/>
						<SP ID="P73_SP00287" HPOS="1944" VPOS="2636" WIDTH="33"/>
						<String ID="P73_ST00320" HPOS="1977" VPOS="2568" WIDTH="84" HEIGHT="42" CONTENT="tem" SUBS_TYPE="HypPart1" SUBS_CONTENT="tempérament" WC="0.97" CC="007"/>
						<HYP HPOS="2061" VPOS="2568" WIDTH="28" CONTENT="-"/>
					</TextLine>
					<TextLine ID="P73_TL00033" HPOS="85" VPOS="2638" WIDTH="1479" HEIGHT="65">
						<String ID="P73_ST00321" HPOS="85" VPOS="2651" WIDTH="239" HEIGHT="52" CONTENT="pérament" SUBS_TYPE="HypPart2" SUBS_CONTENT="tempérament" WC="1.00" CC="00050020"/>
						<SP ID="P73_SP00288" HPOS="324" VPOS="2703" WIDTH="22"/>
						<String ID="P73_ST00322" HPOS="346" VPOS="2647" WIDTH="177" HEIGHT="52" CONTENT="ardent," WC="1.00" CC="4000002"/>
						<SP ID="P73_SP00289" HPOS="523" VPOS="2703" WIDTH="28"/>
						<String ID="P73_ST00323" HPOS="551" VPOS="2658" WIDTH="91" HEIGHT="31" CONTENT="une" WC="0.99" CC="300"/>
						<SP ID="P73_SP00290" HPOS="642" VPOS="2703" WIDTH="25"/>
						<String ID="P73_ST00324" HPOS="667" VPOS="2644" WIDTH="185" HEIGHT="44" CONTENT="volonté" WC="0.99" CC="3060000"/>
						<SP ID="P73_SP00291" HPOS="852" VPOS="2703" WIDTH="25"/>
						<String ID="P73_ST00325" HPOS="877" VPOS="2642" WIDTH="240" HEIGHT="54" CONTENT="opiniâtre," WC="1.00" CC="0045300003"/>
						<SP ID="P73_SP00292" HPOS="1117" VPOS="2703" WIDTH="30"/>
						<String ID="P73_ST00326" HPOS="1147" VPOS="2642" WIDTH="108" HEIGHT="42" CONTENT="sûre" WC="1.00" CC="0000"/>
						<SP ID="P73_SP00293" HPOS="1255" VPOS="2703" WIDTH="24"/>
						<String ID="P73_ST00327" HPOS="1279" VPOS="2639" WIDTH="58" HEIGHT="45" CONTENT="de" WC="1.00" CC="00"/>
						<SP ID="P73_SP00294" HPOS="1337" VPOS="2703" WIDTH="24"/>
						<String ID="P73_ST00328" HPOS="1361" VPOS="2652" WIDTH="83" HEIGHT="30" CONTENT="son" WC="0.98" CC="012"/>
						<SP ID="P73_SP00295" HPOS="1444" VPOS="2703" WIDTH="26"/>
						<String ID="P73_ST00329" HPOS="1470" VPOS="2638" WIDTH="94" HEIGHT="43" CONTENT="but." WC="0.99" CC="0003"/>
					</TextLine>
					<TextLine ID="P73_TL00034" HPOS="178" VPOS="2698" WIDTH="1913" HEIGHT="70">
						<String ID="P73_ST00330" HPOS="178" VPOS="2714" WIDTH="53" HEIGHT="54" CONTENT="Je" WC="0.86" CC="20"/>
						<SP ID="P73_SP00296" HPOS="231" VPOS="2768" WIDTH="27"/>
						<String ID="P73_ST00331" HPOS="258" VPOS="2713" WIDTH="120" HEIGHT="44" CONTENT="crois" WC="1.00" CC="00000"/>
						<SP ID="P73_SP00297" HPOS="378" VPOS="2768" WIDTH="28"/>
						<String ID="P73_ST00332" HPOS="406" VPOS="2726" WIDTH="90" HEIGHT="40" CONTENT="que" WC="0.99" CC="001"/>
						<SP ID="P73_SP00298" HPOS="496" VPOS="2768" WIDTH="27"/>
						<String ID="P73_ST00333" HPOS="523" VPOS="2710" WIDTH="164" HEIGHT="55" CONTENT="depuis" WC="1.00" CC="000050"/>
						<SP ID="P73_SP00299" HPOS="687" VPOS="2768" WIDTH="27"/>
						<String ID="P73_ST00334" HPOS="714" VPOS="2710" WIDTH="208" HEIGHT="54" CONTENT="Augusta" WC="0.98" CC="0000001"/>
						<SP ID="P73_SP00300" HPOS="922" VPOS="2768" WIDTH="29"/>
						<String ID="P73_ST00335" HPOS="951" VPOS="2708" WIDTH="194" HEIGHT="44" CONTENT="Holmès" WC="0.91" CC="005000"/>
						<SP ID="P73_SP00301" HPOS="1145" VPOS="2768" WIDTH="27"/>
						<String ID="P73_ST00336" HPOS="1172" VPOS="2705" WIDTH="91" HEIGHT="55" CONTENT="qui," WC="0.99" CC="0042"/>
						<SP ID="P73_SP00302" HPOS="1263" VPOS="2768" WIDTH="31"/>
						<String ID="P73_ST00337" HPOS="1294" VPOS="2718" WIDTH="61" HEIGHT="31" CONTENT="un" WC="0.75" CC="04"/>
						<SP ID="P73_SP00303" HPOS="1355" VPOS="2768" WIDTH="28"/>
						<String ID="P73_ST00338" HPOS="1383" VPOS="2705" WIDTH="114" HEIGHT="52" CONTENT="jour," WC="0.99" CC="60000"/>
						<SP ID="P73_SP00304" HPOS="1497" VPOS="2768" WIDTH="31"/>
						<String ID="P73_ST00339" HPOS="1528" VPOS="2702" WIDTH="174" HEIGHT="53" CONTENT="dirigea" WC="0.99" CC="0005003"/>
						<SP ID="P73_SP00305" HPOS="1702" VPOS="2768" WIDTH="28"/>
						<String ID="P73_ST00340" HPOS="1730" VPOS="2698" WIDTH="275" HEIGHT="45" CONTENT="l'exécution" WC="1.00" CC="20000000300"/>
						<SP ID="P73_SP00306" HPOS="2005" VPOS="2768" WIDTH="29"/>
						<String ID="P73_ST00341" HPOS="2034" VPOS="2699" WIDTH="57" HEIGHT="42" CONTENT="de" WC="0.27" CC="86"/>
					</TextLine>
					<TextLine ID="P73_TL00035" HPOS="86" VPOS="2768" WIDTH="2003" HEIGHT="64">
						<String ID="P73_ST00342" HPOS="86" VPOS="2796" WIDTH="76" HEIGHT="30" CONTENT="ses" WC="1.00" CC="000"/>
						<SP ID="P73_SP00307" HPOS="162" VPOS="2826" WIDTH="35"/>
						<String ID="P73_ST00343" HPOS="197" VPOS="2793" WIDTH="202" HEIGHT="39" CONTENT="œuvres," WC="1.00" CC="0002000"/>
						<SP ID="P73_SP00308" HPOS="399" VPOS="2832" WIDTH="38"/>
						<String ID="P73_ST00344" HPOS="437" VPOS="2792" WIDTH="180" HEIGHT="31" CONTENT="aucune" WC="1.00" CC="000010"/>
						<SP ID="P73_SP00309" HPOS="617" VPOS="2832" WIDTH="36"/>
						<String ID="P73_ST00345" HPOS="653" VPOS="2778" WIDTH="174" HEIGHT="44" CONTENT="femme" WC="0.99" CC="52010"/>
						<SP ID="P73_SP00310" HPOS="827" VPOS="2832" WIDTH="35"/>
						<String ID="P73_ST00346" HPOS="862" VPOS="2775" WIDTH="126" HEIGHT="51" CONTENT="(sans" WC="1.00" CC="00300"/>
						<SP ID="P73_SP00311" HPOS="988" VPOS="2832" WIDTH="35"/>
						<String ID="P73_ST00347" HPOS="1023" VPOS="2774" WIDTH="179" HEIGHT="44" CONTENT="oublier" WC="0.99" CC="4306200"/>
						<SP ID="P73_SP00312" HPOS="1202" VPOS="2832" WIDTH="36"/>
						<String ID="P73_ST00348" HPOS="1238" VPOS="2773" WIDTH="127" HEIGHT="43" CONTENT="Mme" WC="1.00" CC="000"/>
						<SP ID="P73_SP00313" HPOS="1365" VPOS="2832" WIDTH="37"/>
						<String ID="P73_ST00349" HPOS="1402" VPOS="2769" WIDTH="211" HEIGHT="52" CONTENT="Savare)," WC="0.84" CC="00350003"/>
						<SP ID="P73_SP00314" HPOS="1613" VPOS="2832" WIDTH="39"/>
						<String ID="P73_ST00350" HPOS="1652" VPOS="2768" WIDTH="130" HEIGHT="43" CONTENT="n'osa" WC="0.99" CC="00301"/>
						<SP ID="P73_SP00315" HPOS="1782" VPOS="2832" WIDTH="35"/>
						<String ID="P73_ST00351" HPOS="1817" VPOS="2774" WIDTH="179" HEIGHT="37" CONTENT="monter" WC="1.00" CC="400000"/>
						<SP ID="P73_SP00316" HPOS="1996" VPOS="2832" WIDTH="36"/>
						<String ID="P73_ST00352" HPOS="2032" VPOS="2778" WIDTH="57" HEIGHT="30" CONTENT="au" WC="0.52" CC="63"/>
					</TextLine>
					<TextLine ID="P73_TL00036" HPOS="87" VPOS="2845" WIDTH="743" HEIGHT="60">
						<String ID="P73_ST00353" HPOS="87" VPOS="2849" WIDTH="178" HEIGHT="56" CONTENT="pupitre" WC="0.99" CC="9050000"/>
						<SP ID="P73_SP00317" HPOS="265" VPOS="2905" WIDTH="34"/>
						<String ID="P73_ST00354" HPOS="299" VPOS="2850" WIDTH="58" HEIGHT="42" CONTENT="de" WC="1.00" CC="00"/>
						<SP ID="P73_SP00318" HPOS="357" VPOS="2905" WIDTH="33"/>
						<String ID="P73_ST00355" HPOS="390" VPOS="2846" WIDTH="108" HEIGHT="44" CONTENT="chef" WC="0.98" CC="0106"/>
						<SP ID="P73_SP00319" HPOS="498" VPOS="2905" WIDTH="33"/>
						<String ID="P73_ST00356" HPOS="531" VPOS="2845" WIDTH="299" HEIGHT="45" CONTENT="d'orchestre." WC="1.00" CC="033203002000"/>
					</TextLine>
					<TextLine ID="P73_TL00037" HPOS="185" VPOS="2901" WIDTH="1906" HEIGHT="65">
						<String ID="P73_ST00357" HPOS="185" VPOS="2916" WIDTH="127" HEIGHT="43" CONTENT="Mme" WC="0.99" CC="001"/>
						<SP ID="P73_SP00320" HPOS="312" VPOS="2959" WIDTH="41"/>
						<String ID="P73_ST00358" HPOS="353" VPOS="2911" WIDTH="419" HEIGHT="55" CONTENT="Maurice-Maquet" WC="0.84" CC="05411000050300"/>
						<SP ID="P73_SP00321" HPOS="772" VPOS="2966" WIDTH="39"/>
						<String ID="P73_ST00359" HPOS="811" VPOS="2917" WIDTH="78" HEIGHT="37" CONTENT="eut" WC="0.98" CC="320"/>
						<SP ID="P73_SP00322" HPOS="889" VPOS="2966" WIDTH="39"/>
						<String ID="P73_ST00360" HPOS="928" VPOS="2917" WIDTH="121" HEIGHT="36" CONTENT="cette" WC="0.99" CC="00230"/>
						<SP ID="P73_SP00323" HPOS="1049" VPOS="2966" WIDTH="38"/>
						<String ID="P73_ST00361" HPOS="1087" VPOS="2909" WIDTH="190" HEIGHT="50" CONTENT="audace," WC="1.00" CC="0001002"/>
						<SP ID="P73_SP00324" HPOS="1277" VPOS="2966" WIDTH="44"/>
						<String ID="P73_ST00362" HPOS="1321" VPOS="2915" WIDTH="44" HEIGHT="35" CONTENT="et" WC="1.00" CC="00"/>
						<SP ID="P73_SP00325" HPOS="1365" VPOS="2966" WIDTH="39"/>
						<String ID="P73_ST00363" HPOS="1404" VPOS="2917" WIDTH="83" HEIGHT="31" CONTENT="son" WC="0.99" CC="002"/>
						<SP ID="P73_SP00326" HPOS="1487" VPOS="2966" WIDTH="41"/>
						<String ID="P73_ST00364" HPOS="1528" VPOS="2905" WIDTH="165" HEIGHT="42" CONTENT="succès" WC="0.99" CC="000240"/>
						<SP ID="P73_SP00327" HPOS="1693" VPOS="2966" WIDTH="39"/>
						<String ID="P73_ST00365" HPOS="1732" VPOS="2901" WIDTH="296" HEIGHT="52" CONTENT="l'encourage" WC="0.99" CC="30300005087"/>
						<SP ID="P73_SP00328" HPOS="2028" VPOS="2966" WIDTH="38"/>
						<String ID="P73_ST00366" HPOS="2066" VPOS="2901" WIDTH="25" HEIGHT="42" CONTENT="à" WC="0.30" CC="6"/>
					</TextLine>
					<TextLine ID="P73_TL00038" HPOS="89" VPOS="2980" WIDTH="597" HEIGHT="57">
						<String ID="P73_ST00367" HPOS="89" VPOS="2982" WIDTH="274" HEIGHT="55" CONTENT="poursuivre" WC="1.00" CC="0500005002"/>
						<SP ID="P73_SP00329" HPOS="363" VPOS="3037" WIDTH="30"/>
						<String ID="P73_ST00368" HPOS="393" VPOS="2994" WIDTH="50" HEIGHT="30" CONTENT="sa" WC="0.84" CC="03"/>
						<SP ID="P73_SP00330" HPOS="443" VPOS="3037" WIDTH="29"/>
						<String ID="P73_ST00369" HPOS="472" VPOS="2980" WIDTH="214" HEIGHT="44" CONTENT="carrière." WC="1.00" CC="100153100"/>
					</TextLine>
					<TextLine ID="P73_TL00039" HPOS="188" VPOS="3032" WIDTH="1905" HEIGHT="65">
						<String ID="P73_ST00370" HPOS="188" VPOS="3048" WIDTH="128" HEIGHT="45" CONTENT="Dans" WC="0.98" CC="4400"/>
						<SP ID="P73_SP00331" HPOS="316" VPOS="3093" WIDTH="29"/>
						<String ID="P73_ST00371" HPOS="345" VPOS="3048" WIDTH="69" HEIGHT="43" CONTENT="les" WC="1.00" CC="000"/>
						<SP ID="P73_SP00332" HPOS="414" VPOS="3093" WIDTH="30"/>
						<String ID="P73_ST00372" HPOS="444" VPOS="3046" WIDTH="220" HEIGHT="43" CONTENT="Flandres" WC="1.00" CC="00500000"/>
						<SP ID="P73_SP00333" HPOS="664" VPOS="3093" WIDTH="30"/>
						<String ID="P73_ST00373" HPOS="694" VPOS="3043" WIDTH="271" HEIGHT="54" CONTENT="françaises," WC="1.00" CC="50303100004"/>
						<SP ID="P73_SP00334" HPOS="965" VPOS="3097" WIDTH="32"/>
						<String ID="P73_ST00374" HPOS="997" VPOS="3044" WIDTH="24" HEIGHT="41" CONTENT="à" WC="0.82" CC="1"/>
						<SP ID="P73_SP00335" HPOS="1021" VPOS="3097" WIDTH="30"/>
						<String ID="P73_ST00375" HPOS="1051" VPOS="3042" WIDTH="130" HEIGHT="51" CONTENT="Lille," WC="0.99" CC="140200"/>
						<SP ID="P73_SP00336" HPOS="1181" VPOS="3097" WIDTH="33"/>
						<String ID="P73_ST00376" HPOS="1214" VPOS="3039" WIDTH="164" HEIGHT="55" CONTENT="depuis" WC="1.00" CC="000030"/>
						<SP ID="P73_SP00337" HPOS="1378" VPOS="3097" WIDTH="30"/>
						<String ID="P73_ST00377" HPOS="1408" VPOS="3038" WIDTH="174" HEIGHT="43" CONTENT="bientôt" WC="1.00" CC="0100042"/>
						<SP ID="P73_SP00338" HPOS="1582" VPOS="3097" WIDTH="29"/>
						<String ID="P73_ST00378" HPOS="1611" VPOS="3034" WIDTH="195" HEIGHT="45" CONTENT="dix-huit" WC="1.00" CC="02000050"/>
						<SP ID="P73_SP00339" HPOS="1806" VPOS="3097" WIDTH="28"/>
						<String ID="P73_ST00379" HPOS="1834" VPOS="3046" WIDTH="97" HEIGHT="39" CONTENT="ans," WC="0.98" CC="4500"/>
						<SP ID="P73_SP00340" HPOS="1931" VPOS="3097" WIDTH="35"/>
						<String ID="P73_ST00380" HPOS="1966" VPOS="3032" WIDTH="127" HEIGHT="43" CONTENT="Mme" WC="0.98" CC="006"/>
					</TextLine>
					<TextLine ID="P73_TL00040" HPOS="91" VPOS="3099" WIDTH="2000" HEIGHT="71">
						<String ID="P73_ST00381" HPOS="91" VPOS="3116" WIDTH="189" HEIGHT="54" CONTENT="Maquet" WC="0.92" CC="040000"/>
						<SP ID="P73_SP00341" HPOS="280" VPOS="3170" WIDTH="25"/>
						<String ID="P73_ST00382" HPOS="305" VPOS="3116" WIDTH="231" HEIGHT="43" CONTENT="collabora" WC="1.00" CC="000030000"/>
						<SP ID="P73_SP00342" HPOS="536" VPOS="3170" WIDTH="24"/>
						<String ID="P73_ST00383" HPOS="560" VPOS="3126" WIDTH="114" HEIGHT="30" CONTENT="avec" WC="0.99" CC="3000"/>
						<SP ID="P73_SP00343" HPOS="674" VPOS="3170" WIDTH="27"/>
						<String ID="P73_ST00384" HPOS="701" VPOS="3112" WIDTH="79" HEIGHT="43" CONTENT="feu" WC="1.00" CC="000"/>
						<SP ID="P73_SP00344" HPOS="780" VPOS="3170" WIDTH="26"/>
						<String ID="P73_ST00385" HPOS="806" VPOS="3124" WIDTH="82" HEIGHT="31" CONTENT="son" WC="1.00" CC="000"/>
						<SP ID="P73_SP00345" HPOS="888" VPOS="3170" WIDTH="29"/>
						<String ID="P73_ST00386" HPOS="917" VPOS="3109" WIDTH="113" HEIGHT="45" CONTENT="mari" WC="0.99" CC="0004"/>
						<SP ID="P73_SP00346" HPOS="1030" VPOS="3170" WIDTH="28"/>
						<String ID="P73_ST00387" HPOS="1058" VPOS="3112" WIDTH="23" HEIGHT="40" CONTENT="à" WC="0.84" CC="1"/>
						<SP ID="P73_SP00347" HPOS="1081" VPOS="3170" WIDTH="26"/>
						<String ID="P73_ST00388" HPOS="1107" VPOS="3122" WIDTH="92" HEIGHT="30" CONTENT="une" WC="1.00" CC="000"/>
						<SP ID="P73_SP00348" HPOS="1199" VPOS="3170" WIDTH="25"/>
						<String ID="P73_ST00389" HPOS="1224" VPOS="3121" WIDTH="163" HEIGHT="30" CONTENT="œuvre" WC="0.98" CC="05306"/>
						<SP ID="P73_SP00349" HPOS="1387" VPOS="3170" WIDTH="26"/>
						<String ID="P73_ST00390" HPOS="1413" VPOS="3105" WIDTH="121" HEIGHT="44" CONTENT="belle" WC="0.99" CC="00061"/>
						<SP ID="P73_SP00350" HPOS="1534" VPOS="3170" WIDTH="27"/>
						<String ID="P73_ST00391" HPOS="1561" VPOS="3112" WIDTH="44" HEIGHT="35" CONTENT="et" WC="1.00" CC="00"/>
						<SP ID="P73_SP00351" HPOS="1605" VPOS="3170" WIDTH="27"/>
						<String ID="P73_ST00392" HPOS="1632" VPOS="3102" WIDTH="137" HEIGHT="44" CONTENT="noble" WC="1.00" CC="00030"/>
						<SP ID="P73_SP00352" HPOS="1769" VPOS="3170" WIDTH="16"/>
						<String ID="P73_ST00393" HPOS="1785" VPOS="3119" WIDTH="9" HEIGHT="25" CONTENT=":" WC="0.61" CC="3"/>
						<SP ID="P73_SP00353" HPOS="1794" VPOS="3170" WIDTH="28"/>
						<String ID="P73_ST00394" HPOS="1822" VPOS="3102" WIDTH="41" HEIGHT="42" CONTENT="la" WC="0.82" CC="03"/>
						<SP ID="P73_SP00354" HPOS="1863" VPOS="3170" WIDTH="27"/>
						<String ID="P73_ST00395" HPOS="1890" VPOS="3099" WIDTH="201" HEIGHT="45" CONTENT="création" WC="1.00" CC="00040030"/>
					</TextLine>
					<TextLine ID="P73_TL00041" HPOS="91" VPOS="3174" WIDTH="1242" HEIGHT="57">
						<String ID="P73_ST00396" HPOS="91" VPOS="3182" WIDTH="108" HEIGHT="44" CONTENT="d'un" WC="0.97" CC="8002"/>
						<SP ID="P73_SP00355" HPOS="199" VPOS="3226" WIDTH="28"/>
						<String ID="P73_ST00397" HPOS="227" VPOS="3189" WIDTH="158" HEIGHT="37" CONTENT="centre" WC="1.00" CC="004000"/>
						<SP ID="P73_SP00356" HPOS="385" VPOS="3226" WIDTH="29"/>
						<String ID="P73_ST00398" HPOS="414" VPOS="3179" WIDTH="192" HEIGHT="45" CONTENT="musical" WC="1.00" CC="0000013"/>
						<SP ID="P73_SP00357" HPOS="606" VPOS="3226" WIDTH="28"/>
						<String ID="P73_ST00399" HPOS="634" VPOS="3178" WIDTH="311" HEIGHT="53" CONTENT="indépendant" WC="1.00" CC="00000070102"/>
						<SP ID="P73_SP00358" HPOS="945" VPOS="3231" WIDTH="28"/>
						<String ID="P73_ST00400" HPOS="973" VPOS="3177" WIDTH="55" HEIGHT="43" CONTENT="de" WC="1.00" CC="00"/>
						<SP ID="P73_SP00359" HPOS="1028" VPOS="3231" WIDTH="30"/>
						<String ID="P73_ST00401" HPOS="1058" VPOS="3175" WIDTH="40" HEIGHT="43" CONTENT="la" WC="0.57" CC="43"/>
						<SP ID="P73_SP00360" HPOS="1098" VPOS="3231" WIDTH="27"/>
						<String ID="P73_ST00402" HPOS="1125" VPOS="3174" WIDTH="208" HEIGHT="55" CONTENT="capitale." WC="1.00" CC="000500300"/>
					</TextLine>
					<TextLine ID="P73_TL00042" HPOS="189" VPOS="3232" WIDTH="1905" HEIGHT="64">
						<String ID="P73_ST00403" HPOS="189" VPOS="3248" WIDTH="218" HEIGHT="44" CONTENT="L'œuvre" WC="1.00" CC="0401000"/>
						<SP ID="P73_SP00361" HPOS="407" VPOS="3292" WIDTH="26"/>
						<String ID="P73_ST00404" HPOS="433" VPOS="3246" WIDTH="67" HEIGHT="45" CONTENT="fut" WC="0.97" CC="700"/>
						<SP ID="P73_SP00362" HPOS="500" VPOS="3292" WIDTH="24"/>
						<String ID="P73_ST00405" HPOS="524" VPOS="3244" WIDTH="191" HEIGHT="46" CONTENT="difficile" WC="1.00" CC="006000400"/>
						<SP ID="P73_SP00363" HPOS="715" VPOS="3292" WIDTH="24"/>
						<String ID="P73_ST00406" HPOS="739" VPOS="3251" WIDTH="44" HEIGHT="37" CONTENT="et" WC="1.00" CC="00"/>
						<SP ID="P73_SP00364" HPOS="783" VPOS="3292" WIDTH="26"/>
						<String ID="P73_ST00407" HPOS="809" VPOS="3244" WIDTH="180" HEIGHT="52" CONTENT="longue." WC="1.00" CC="6000000"/>
						<SP ID="P73_SP00365" HPOS="989" VPOS="3296" WIDTH="29"/>
						<String ID="P73_ST00408" HPOS="1018" VPOS="3241" WIDTH="71" HEIGHT="45" CONTENT="Ce" WC="1.00" CC="00"/>
						<SP ID="P73_SP00366" HPOS="1089" VPOS="3296" WIDTH="26"/>
						<String ID="P73_ST00409" HPOS="1115" VPOS="3241" WIDTH="68" HEIGHT="43" CONTENT="fut" WC="0.97" CC="701"/>
						<SP ID="P73_SP00367" HPOS="1183" VPOS="3296" WIDTH="25"/>
						<String ID="P73_ST00410" HPOS="1208" VPOS="3239" WIDTH="189" HEIGHT="45" CONTENT="d'abord" WC="0.99" CC="0340200"/>
						<SP ID="P73_SP00368" HPOS="1397" VPOS="3296" WIDTH="28"/>
						<String ID="P73_ST00411" HPOS="1425" VPOS="3239" WIDTH="39" HEIGHT="42" CONTENT="la" WC="0.92" CC="10"/>
						<SP ID="P73_SP00369" HPOS="1464" VPOS="3296" WIDTH="25"/>
						<String ID="P73_ST00412" HPOS="1489" VPOS="3235" WIDTH="202" HEIGHT="46" CONTENT="création" WC="1.00" CC="00030230"/>
						<SP ID="P73_SP00370" HPOS="1691" VPOS="3296" WIDTH="27"/>
						<String ID="P73_ST00413" HPOS="1718" VPOS="3234" WIDTH="108" HEIGHT="44" CONTENT="d'un" WC="0.99" CC="0200"/>
						<SP ID="P73_SP00371" HPOS="1826" VPOS="3296" WIDTH="28"/>
						<String ID="P73_ST00414" HPOS="1854" VPOS="3232" WIDTH="240" HEIGHT="44" CONTENT="ensemble" WC="0.99" CC="02000306"/>
					</TextLine>
					<TextLine ID="P73_TL00043" HPOS="92" VPOS="3298" WIDTH="2002" HEIGHT="70">
						<String ID="P73_ST00415" HPOS="92" VPOS="3316" WIDTH="171" HEIGHT="50" CONTENT="choral," WC="0.99" CC="0060060"/>
						<SP ID="P73_SP00372" HPOS="263" VPOS="3366" WIDTH="31"/>
						<String ID="P73_ST00416" HPOS="294" VPOS="3314" WIDTH="102" HEIGHT="54" CONTENT="puis" WC="0.99" CC="0040"/>
						<SP ID="P73_SP00373" HPOS="396" VPOS="3368" WIDTH="30"/>
						<String ID="P73_ST00417" HPOS="426" VPOS="3312" WIDTH="110" HEIGHT="45" CONTENT="d'un" WC="1.00" CC="0000"/>
						<SP ID="P73_SP00374" HPOS="536" VPOS="3368" WIDTH="30"/>
						<String ID="P73_ST00418" HPOS="566" VPOS="3312" WIDTH="238" HEIGHT="42" CONTENT="orchestre" WC="1.00" CC="000000100"/>
						<SP ID="P73_SP00375" HPOS="804" VPOS="3368" WIDTH="29"/>
						<String ID="P73_ST00419" HPOS="833" VPOS="3310" WIDTH="295" HEIGHT="49" CONTENT="d'amateurs," WC="1.00" CC="04301400100"/>
						<SP ID="P73_SP00376" HPOS="1128" VPOS="3368" WIDTH="33"/>
						<String ID="P73_ST00420" HPOS="1161" VPOS="3320" WIDTH="58" HEIGHT="31" CONTENT="ne" WC="0.84" CC="30"/>
						<SP ID="P73_SP00377" HPOS="1219" VPOS="3368" WIDTH="29"/>
						<String ID="P73_ST00421" HPOS="1248" VPOS="3312" WIDTH="201" HEIGHT="47" CONTENT="pouvant" WC="1.00" CC="0200100"/>
						<SP ID="P73_SP00378" HPOS="1449" VPOS="3368" WIDTH="29"/>
						<String ID="P73_ST00422" HPOS="1478" VPOS="3302" WIDTH="257" HEIGHT="55" CONTENT="cependant" WC="1.00" CC="000000300"/>
						<SP ID="P73_SP00379" HPOS="1735" VPOS="3368" WIDTH="29"/>
						<String ID="P73_ST00423" HPOS="1764" VPOS="3298" WIDTH="232" HEIGHT="46" CONTENT="satisfaire" WC="0.99" CC="0010061602"/>
						<SP ID="P73_SP00380" HPOS="1996" VPOS="3368" WIDTH="32"/>
						<String ID="P73_ST00424" HPOS="2028" VPOS="3298" WIDTH="66" HEIGHT="42" CONTENT="les" WC="0.94" CC="564"/>
					</TextLine>
					<TextLine ID="P73_TL00044" HPOS="94" VPOS="3366" WIDTH="2003" HEIGHT="68">
						<String ID="P73_ST00425" HPOS="94" VPOS="3384" WIDTH="164" HEIGHT="43" CONTENT="hautes" WC="0.98" CC="521060"/>
						<SP ID="P73_SP00381" HPOS="258" VPOS="3427" WIDTH="31"/>
						<String ID="P73_ST00426" HPOS="289" VPOS="3381" WIDTH="249" HEIGHT="53" CONTENT="exigences" WC="0.99" CC="004056050"/>
						<SP ID="P73_SP00382" HPOS="538" VPOS="3434" WIDTH="35"/>
						<String ID="P73_ST00427" HPOS="573" VPOS="3377" WIDTH="265" HEIGHT="54" CONTENT="artistiques" WC="0.99" CC="22440030043"/>
						<SP ID="P73_SP00383" HPOS="838" VPOS="3434" WIDTH="33"/>
						<String ID="P73_ST00428" HPOS="871" VPOS="3377" WIDTH="57" HEIGHT="43" CONTENT="de" WC="0.76" CC="04"/>
						<SP ID="P73_SP00384" HPOS="928" VPOS="3434" WIDTH="33"/>
						<String ID="P73_ST00429" HPOS="961" VPOS="3389" WIDTH="55" HEIGHT="30" CONTENT="ce" WC="0.91" CC="00"/>
						<SP ID="P73_SP00385" HPOS="1016" VPOS="3434" WIDTH="33"/>
						<String ID="P73_ST00430" HPOS="1049" VPOS="3375" WIDTH="164" HEIGHT="52" CONTENT="couple" WC="1.00" CC="000004"/>
						<SP ID="P73_SP00386" HPOS="1213" VPOS="3434" WIDTH="34"/>
						<String ID="P73_ST00431" HPOS="1247" VPOS="3371" WIDTH="254" HEIGHT="53" CONTENT="artistique," WC="0.99" CC="55400050262"/>
						<SP ID="P73_SP00387" HPOS="1501" VPOS="3434" WIDTH="38"/>
						<String ID="P73_ST00432" HPOS="1539" VPOS="3370" WIDTH="76" HEIGHT="53" CONTENT="qui" WC="1.00" CC="001"/>
						<SP ID="P73_SP00388" HPOS="1615" VPOS="3434" WIDTH="36"/>
						<String ID="P73_ST00433" HPOS="1651" VPOS="3381" WIDTH="119" HEIGHT="30" CONTENT="voua" WC="1.00" CC="0002"/>
						<SP ID="P73_SP00389" HPOS="1770" VPOS="3434" WIDTH="36"/>
						<String ID="P73_ST00434" HPOS="1806" VPOS="3367" WIDTH="43" HEIGHT="43" CONTENT="le" WC="0.73" CC="05"/>
						<SP ID="P73_SP00390" HPOS="1849" VPOS="3434" WIDTH="34"/>
						<String ID="P73_ST00435" HPOS="1883" VPOS="3366" WIDTH="214" HEIGHT="43" CONTENT="meilleur" WC="0.98" CC="90340408"/>
					</TextLine>
					<TextLine ID="P73_TL00045" HPOS="95" VPOS="3434" WIDTH="1996" HEIGHT="60">
						<String ID="P73_ST00436" HPOS="95" VPOS="3451" WIDTH="56" HEIGHT="43" CONTENT="de" WC="0.22" CC="95"/>
						<SP ID="P73_SP00391" HPOS="151" VPOS="3494" WIDTH="27"/>
						<String ID="P73_ST00437" HPOS="178" VPOS="3450" WIDTH="100" HEIGHT="43" CONTENT="leur" WC="0.96" CC="4750"/>
						<SP ID="P73_SP00392" HPOS="278" VPOS="3494" WIDTH="25"/>
						<String ID="P73_ST00438" HPOS="303" VPOS="3448" WIDTH="75" HEIGHT="43" CONTENT="vie" WC="0.98" CC="022"/>
						<SP ID="P73_SP00393" HPOS="378" VPOS="3494" WIDTH="28"/>
						<String ID="P73_ST00439" HPOS="406" VPOS="3455" WIDTH="45" HEIGHT="36" CONTENT="et" WC="0.61" CC="61"/>
						<SP ID="P73_SP00394" HPOS="451" VPOS="3494" WIDTH="26"/>
						<String ID="P73_ST00440" HPOS="477" VPOS="3447" WIDTH="57" HEIGHT="43" CONTENT="de" WC="0.64" CC="07"/>
						<SP ID="P73_SP00395" HPOS="534" VPOS="3494" WIDTH="28"/>
						<String ID="P73_ST00441" HPOS="562" VPOS="3447" WIDTH="99" HEIGHT="42" CONTENT="leur" WC="0.95" CC="5537"/>
						<SP ID="P73_SP00396" HPOS="661" VPOS="3494" WIDTH="27"/>
						<String ID="P73_ST00442" HPOS="688" VPOS="3444" WIDTH="184" HEIGHT="44" CONTENT="fortune" WC="0.98" CC="5250075"/>
						<SP ID="P73_SP00397" HPOS="872" VPOS="3494" WIDTH="27"/>
						<String ID="P73_ST00443" HPOS="899" VPOS="3446" WIDTH="23" HEIGHT="40" CONTENT="à" WC="0.42" CC="5"/>
						<SP ID="P73_SP00398" HPOS="922" VPOS="3494" WIDTH="29"/>
						<String ID="P73_ST00444" HPOS="951" VPOS="3444" WIDTH="41" HEIGHT="42" CONTENT="la" WC="0.65" CC="07"/>
						<SP ID="P73_SP00399" HPOS="992" VPOS="3494" WIDTH="28"/>
						<String ID="P73_ST00445" HPOS="1020" VPOS="3441" WIDTH="262" HEIGHT="44" CONTENT="réalisation" WC="0.99" CC="61405263307"/>
						<SP ID="P73_SP00400" HPOS="1282" VPOS="3494" WIDTH="30"/>
						<String ID="P73_ST00446" HPOS="1312" VPOS="3441" WIDTH="58" HEIGHT="42" CONTENT="du" WC="1.00" CC="00"/>
						<SP ID="P73_SP00401" HPOS="1370" VPOS="3494" WIDTH="29"/>
						<String ID="P73_ST00447" HPOS="1399" VPOS="3441" WIDTH="111" HEIGHT="40" CONTENT="rêve" WC="0.97" CC="6006"/>
						<SP ID="P73_SP00402" HPOS="1510" VPOS="3494" WIDTH="29"/>
						<String ID="P73_ST00448" HPOS="1539" VPOS="3436" WIDTH="38" HEIGHT="44" CONTENT="si" WC="0.73" CC="05"/>
						<SP ID="P73_SP00403" HPOS="1577" VPOS="3494" WIDTH="29"/>
						<String ID="P73_ST00449" HPOS="1606" VPOS="3437" WIDTH="258" HEIGHT="51" CONTENT="longtemps" WC="1.00" CC="005007000"/>
						<SP ID="P73_SP00404" HPOS="1864" VPOS="3494" WIDTH="28"/>
						<String ID="P73_ST00450" HPOS="1892" VPOS="3434" WIDTH="199" HEIGHT="42" CONTENT="caressé." WC="0.99" CC="07603000"/>
					</TextLine>
					<TextLine ID="P73_TL00046" HPOS="193" VPOS="3500" WIDTH="1904" HEIGHT="68">
						<String ID="P73_ST00451" HPOS="193" VPOS="3516" WIDTH="96" HEIGHT="44" CONTENT="Peu" WC="1.00" CC="000"/>
						<SP ID="P73_SP00405" HPOS="289" VPOS="3560" WIDTH="40"/>
						<String ID="P73_ST00452" HPOS="329" VPOS="3517" WIDTH="24" HEIGHT="41" CONTENT="à" WC="1.00" CC="0"/>
						<SP ID="P73_SP00406" HPOS="353" VPOS="3560" WIDTH="38"/>
						<String ID="P73_ST00453" HPOS="391" VPOS="3527" WIDTH="105" HEIGHT="41" CONTENT="peu," WC="1.00" CC="0000"/>
						<SP ID="P73_SP00407" HPOS="496" VPOS="3568" WIDTH="42"/>
						<String ID="P73_ST00454" HPOS="538" VPOS="3514" WIDTH="135" HEIGHT="51" CONTENT="grâce" WC="1.00" CC="00000"/>
						<SP ID="P73_SP00408" HPOS="673" VPOS="3568" WIDTH="38"/>
						<String ID="P73_ST00455" HPOS="711" VPOS="3525" WIDTH="57" HEIGHT="29" CONTENT="au" WC="0.77" CC="40"/>
						<SP ID="P73_SP00409" HPOS="768" VPOS="3568" WIDTH="39"/>
						<String ID="P73_ST00456" HPOS="807" VPOS="3509" WIDTH="161" HEIGHT="45" CONTENT="travail" WC="1.00" CC="0030500"/>
						<SP ID="P73_SP00410" HPOS="968" VPOS="3568" WIDTH="39"/>
						<String ID="P73_ST00457" HPOS="1007" VPOS="3507" WIDTH="250" HEIGHT="44" CONTENT="inlassable" WC="1.00" CC="5003000000"/>
						<SP ID="P73_SP00411" HPOS="1257" VPOS="3568" WIDTH="38"/>
						<String ID="P73_ST00458" HPOS="1295" VPOS="3507" WIDTH="56" HEIGHT="42" CONTENT="de" WC="1.00" CC="00"/>
						<SP ID="P73_SP00412" HPOS="1351" VPOS="3568" WIDTH="41"/>
						<String ID="P73_ST00459" HPOS="1392" VPOS="3504" WIDTH="127" HEIGHT="43" CONTENT="Mme" WC="1.00" CC="000"/>
						<SP ID="P73_SP00413" HPOS="1519" VPOS="3568" WIDTH="42"/>
						<String ID="P73_ST00460" HPOS="1561" VPOS="3502" WIDTH="200" HEIGHT="53" CONTENT="Maquet," WC="0.93" CC="0300001"/>
						<SP ID="P73_SP00414" HPOS="1761" VPOS="3568" WIDTH="45"/>
						<String ID="P73_ST00461" HPOS="1806" VPOS="3502" WIDTH="66" HEIGHT="42" CONTENT="les" WC="0.98" CC="600"/>
						<SP ID="P73_SP00415" HPOS="1872" VPOS="3568" WIDTH="38"/>
						<String ID="P73_ST00462" HPOS="1910" VPOS="3500" WIDTH="187" HEIGHT="44" CONTENT="chœurs" WC="0.98" CC="067056"/>
					</TextLine>
					<TextLine ID="P73_TL00047" HPOS="96" VPOS="3565" WIDTH="2002" HEIGHT="70">
						<String ID="P73_ST00463" HPOS="96" VPOS="3582" WIDTH="365" HEIGHT="53" CONTENT="s'assouplirent," WC="1.00" CC="024000000075400"/>
						<SP ID="P73_SP00416" HPOS="461" VPOS="3635" WIDTH="34"/>
						<String ID="P73_ST00464" HPOS="495" VPOS="3593" WIDTH="53" HEIGHT="29" CONTENT="se" WC="1.00" CC="00"/>
						<SP ID="P73_SP00417" HPOS="548" VPOS="3635" WIDTH="32"/>
						<String ID="P73_ST00465" HPOS="580" VPOS="3579" WIDTH="268" HEIGHT="50" CONTENT="formèrent," WC="0.99" CC="5060061603"/>
						<SP ID="P73_SP00418" HPOS="848" VPOS="3635" WIDTH="34"/>
						<String ID="P73_ST00466" HPOS="882" VPOS="3584" WIDTH="45" HEIGHT="37" CONTENT="et" WC="0.76" CC="40"/>
						<SP ID="P73_SP00419" HPOS="927" VPOS="3635" WIDTH="34"/>
						<String ID="P73_ST00467" HPOS="961" VPOS="3577" WIDTH="42" HEIGHT="43" CONTENT="le" WC="0.33" CC="67"/>
						<SP ID="P73_SP00420" HPOS="1003" VPOS="3635" WIDTH="31"/>
						<String ID="P73_ST00468" HPOS="1034" VPOS="3575" WIDTH="154" HEIGHT="43" CONTENT="choral" WC="0.99" CC="052040"/>
						<SP ID="P73_SP00421" HPOS="1188" VPOS="3635" WIDTH="34"/>
						<String ID="P73_ST00469" HPOS="1222" VPOS="3574" WIDTH="57" HEIGHT="43" CONTENT="de" WC="0.89" CC="02"/>
						<SP ID="P73_SP00422" HPOS="1279" VPOS="3635" WIDTH="34"/>
						<String ID="P73_ST00470" HPOS="1313" VPOS="3571" WIDTH="114" HEIGHT="45" CONTENT="Lille" WC="0.99" CC="05004"/>
						<SP ID="P73_SP00423" HPOS="1427" VPOS="3635" WIDTH="32"/>
						<String ID="P73_ST00471" HPOS="1459" VPOS="3579" WIDTH="71" HEIGHT="36" CONTENT="est" WC="0.97" CC="600"/>
						<SP ID="P73_SP00424" HPOS="1530" VPOS="3635" WIDTH="33"/>
						<String ID="P73_ST00472" HPOS="1563" VPOS="3571" WIDTH="226" HEIGHT="53" CONTENT="peut-être" WC="0.99" CC="040000560"/>
						<SP ID="P73_SP00425" HPOS="1789" VPOS="3635" WIDTH="33"/>
						<String ID="P73_ST00473" HPOS="1822" VPOS="3569" WIDTH="42" HEIGHT="42" CONTENT="le" WC="0.72" CC="05"/>
						<SP ID="P73_SP00426" HPOS="1864" VPOS="3635" WIDTH="33"/>
						<String ID="P73_ST00474" HPOS="1897" VPOS="3565" WIDTH="201" HEIGHT="56" CONTENT="premier" WC="0.99" CC="0009710"/>
					</TextLine>
					<TextLine ID="P73_TL00048" HPOS="98" VPOS="3634" WIDTH="2000" HEIGHT="61">
						<String ID="P73_ST00475" HPOS="98" VPOS="3660" WIDTH="55" HEIGHT="32" CONTENT="en" WC="1.00" CC="00"/>
						<SP ID="P73_SP00427" HPOS="153" VPOS="3692" WIDTH="31"/>
						<String ID="P73_ST00476" HPOS="184" VPOS="3648" WIDTH="174" HEIGHT="43" CONTENT="France" WC="0.99" CC="004400"/>
						<SP ID="P73_SP00428" HPOS="358" VPOS="3692" WIDTH="29"/>
						<String ID="P73_ST00477" HPOS="387" VPOS="3649" WIDTH="26" HEIGHT="41" CONTENT="à" WC="0.80" CC="1"/>
						<SP ID="P73_SP00429" HPOS="413" VPOS="3692" WIDTH="30"/>
						<String ID="P73_ST00478" HPOS="443" VPOS="3646" WIDTH="178" HEIGHT="44" CONTENT="l'heure" WC="0.99" CC="0150060"/>
						<SP ID="P73_SP00430" HPOS="621" VPOS="3692" WIDTH="29"/>
						<String ID="P73_ST00479" HPOS="650" VPOS="3644" WIDTH="210" HEIGHT="44" CONTENT="actuelle." WC="1.00" CC="400000000"/>
						<SP ID="P73_SP00431" HPOS="860" VPOS="3692" WIDTH="35"/>
						<String ID="P73_ST00480" HPOS="895" VPOS="3643" WIDTH="118" HEIGHT="43" CONTENT="Mais" WC="0.98" CC="0070"/>
						<SP ID="P73_SP00432" HPOS="1013" VPOS="3692" WIDTH="29"/>
						<String ID="P73_ST00481" HPOS="1042" VPOS="3654" WIDTH="113" HEIGHT="41" CONTENT="pour" WC="0.99" CC="0003"/>
						<SP ID="P73_SP00433" HPOS="1155" VPOS="3695" WIDTH="31"/>
						<String ID="P73_ST00482" HPOS="1186" VPOS="3640" WIDTH="175" HEIGHT="43" CONTENT="donner" WC="0.99" CC="003305"/>
						<SP ID="P73_SP00434" HPOS="1361" VPOS="3695" WIDTH="31"/>
						<String ID="P73_ST00483" HPOS="1392" VPOS="3636" WIDTH="297" HEIGHT="56" CONTENT="l'équivalent" WC="1.00" CC="020004054430"/>
						<SP ID="P73_SP00435" HPOS="1689" VPOS="3695" WIDTH="30"/>
						<String ID="P73_ST00484" HPOS="1719" VPOS="3634" WIDTH="267" HEIGHT="51" CONTENT="orchestral," WC="1.00" CC="00042000202"/>
						<SP ID="P73_SP00436" HPOS="1986" VPOS="3695" WIDTH="34"/>
						<String ID="P73_ST00485" HPOS="2020" VPOS="3645" WIDTH="78" HEIGHT="31" CONTENT="ses" WC="1.00" CC="000"/>
					</TextLine>
					<TextLine ID="P73_TL00049" HPOS="100" VPOS="3710" WIDTH="866" HEIGHT="53">
						<String ID="P73_ST00486" HPOS="100" VPOS="3714" WIDTH="172" HEIGHT="44" CONTENT="formes" WC="0.99" CC="400200"/>
						<SP ID="P73_SP00437" HPOS="272" VPOS="3758" WIDTH="27"/>
						<String ID="P73_ST00487" HPOS="299" VPOS="3712" WIDTH="171" HEIGHT="45" CONTENT="locales" WC="1.00" CC="0024100"/>
						<SP ID="P73_SP00438" HPOS="470" VPOS="3758" WIDTH="29"/>
						<String ID="P73_ST00488" HPOS="499" VPOS="3725" WIDTH="57" HEIGHT="31" CONTENT="ne" WC="1.00" CC="00"/>
						<SP ID="P73_SP00439" HPOS="556" VPOS="3758" WIDTH="27"/>
						<String ID="P73_ST00489" HPOS="583" VPOS="3710" WIDTH="261" HEIGHT="46" CONTENT="suffisaient" WC="1.00" CC="00000021011"/>
						<SP ID="P73_SP00440" HPOS="844" VPOS="3758" WIDTH="28"/>
						<String ID="P73_ST00490" HPOS="872" VPOS="3723" WIDTH="94" HEIGHT="40" CONTENT="pas." WC="0.99" CC="0500"/>
					</TextLine>
				</TextBlock>
				<ComposedBlock ID="P73_CB00001" HPOS="1043" VPOS="2217" WIDTH="85" HEIGHT="84" STYLEREFS="TXT_1 PAR_LEFT" TYPE="Illustration">
					<GraphicalElement ID="P73_CB00001_SUB" HPOS="1043" VPOS="2217" WIDTH="85" HEIGHT="84"/>
				</ComposedBlock>
			</PrintSpace>
		</Page>
	</Layout>
</alto>
