3025 4371
1524 3699 115 103 26

492 3726 70 37 LA
613 3713 123 50 CITÉ

2367 3717 154 39 AOUT
2576 3720 89 35 1919

498 416 208 48 moderne
729 435 85 28 une
837 434 78 29 rue
937 419 25 43 à
985 416 81 47 ciel
1089 431 170 39 ouvert,
1284 419 83 44 très
1392 418 115 58 large
1524 431 42 32 et
1588 420 25 42 à
1635 417 216 46 tendance
1875 416 336 51 monumentale,
2236 414 190 46 d'autres
2450 413 203 48 l'avaient

499 493 233 55 envisagée
795 506 174 30 comme
1006 506 188 42 passage
1253 504 187 31 couvert
1495 507 60 28 ou
1590 488 158 59 galerie
1784 491 149 48 vitrée,
1975 504 113 42 pour
2143 487 231 59 reprendre
2438 505 83 27 une
2559 486 94 46 idée

501 575 212 32 courante
750 560 110 47 dans
898 560 60 45 les
997 560 174 46 milieux
1209 568 239 46 anversois,
1472 564 59 42 où
1565 560 152 59 depuis
1746 559 242 59 longtemps
2012 558 293 46 bourdonnait
2328 558 39 46 la
2389 558 157 59 plainte
2569 576 85 40 que

501 634 108 46 dans
633 651 84 29 une
753 632 162 60 grande
951 632 100 46 ville
1084 650 172 28 comme
1280 632 195 53 Anvers,
1500 651 57 27 un
1580 649 185 43 passage
1797 645 186 33 couvert
2005 644 65 33 est
2103 630 320 59 indispensable
2445 647 112 42 pour
2593 630 60 46 les

499 714 119 50 jours
641 706 54 46 de
732 705 114 60 pluie
878 721 59 29 ou
975 704 54 46 de
1052 704 178 46 chaleur
1253 710 204 48 extrême,
1480 705 149 58 refuge
1672 722 113 41 pour
1817 703 60 47 les
1910 703 185 46 flâneurs
2138 708 72 52 qui
2249 719 53 28 ne
2343 715 155 33 savent
2532 708 121 39 vivre

500 795 53 31 en
575 778 159 47 dehors
767 777 52 47 de
842 778 39 45 la
904 794 76 29 rue
1002 791 42 31 et
1067 776 59 47 du
1149 777 222 58 spectacle
1404 777 76 46 des
1515 777 259 58 boutiques,-
1796 793 56 28 on
1874 775 205 57 jalousait
2112 773 236 53 Bruxelles,
2371 792 56 26 on
2457 780 198 52 songeait

501 854 24 42 à
550 849 154 47 Milan.

620 920 386 47 Subsidiairement
1029 919 37 47 le
1088 927 100 51 jury
1206 920 164 46 affirma
1396 920 100 58 qu'il
1522 926 235 40 convenait
1778 919 55 47 de
1855 924 222 40 maintenir
2096 935 56 28 au
2177 915 189 47 Marché
2389 935 88 27 aux
2499 915 154 48 CËufs

498 1011 82 29 son
604 995 223 45 caractère
849 992 235 59 archaïque
1107 1005 43 32 et
1172 992 54 45 de
1265 1009 236 29 conserver
1538 1010 57 27 au
1623 1009 125 29 cœur
1770 991 53 46 de
1856 990 41 46 la
1919 989 97 47 ville
2039 1004 114 31 cette
2175 995 129 53 petite
2326 989 126 59 place
2474 996 34 38 si
2536 1002 119 33 tran*

500 1065 125 59 quille
646 1079 43 32 et
710 1071 35 39 si
768 1077 246 47 reposante,
1039 1063 107 46 dont
1167 1077 103 32 tous
1294 1063 61 46 les
1380 1081 104 41 gens
1508 1063 206 45 sensibles
1748 1069 160 39 aiment
1930 1061 39 46 la
1992 1060 158 48 subtile
2171 1059 289 60 atmosphère.
2484 1060 170 47 Aucun

500 1152 107 31 tram
630 1154 55 28 ne
706 1136 91 45 doit
817 1154 32 41 y
871 1153 150 42 passer
1042 1148 42 33 et
1122 1134 23 46 il
1171 1134 93 47 faut
1286 1134 239 47 s'évertuer
1547 1135 53 46 de
1623 1135 195 58 décrépir
1856 1133 59 47 les
1938 1133 211 59 quelques
2185 1132 162 46 vieilles
2380 1132 178 56 façades
2581 1138 72 52 qui

498 1226 33 42 y
553 1209 237 45 subsistent
811 1214 106 39 mais
950 1225 85 40 que
1070 1225 52 28 ce
1144 1206 135 60 qu'on
1303 1207 167 59 appelle
1492 1206 37 47 le
1551 1209 178 57 progrès
1761 1213 118 39 avait
1910 1204 240 47 banalisées
2183 1204 110 46 dans
2332 1204 36 46 le
2405 1221 133 29 cours
2577 1204 78 46 des

501 1280 214 47 dernières
753 1283 174 43 années.
967 1278 29 46 Il
1018 1297 32 41 y
1072 1296 26 28 a
1120 1296 56 29 eu
1200 1279 77 46 des
1312 1279 259 47 architectes
1595 1286 71 51 qui
1691 1277 121 47 n'ont
1834 1295 78 41 pas
1945 1277 134 46 hésité
2102 1279 26 43 à
2150 1276 189 46 sacrifier
2362 1290 114 32 cette
2498 1275 157 47 beauté

499 1352 128 47 réelle
659 1355 25 43 à
707 1352 114 47 leurs
844 1357 290 53 conceptions
1167 1350 53 46 de
1539 1350 101 60 N'y
1662 1350 121 47 a*t*il
1806 1367 78 42 pas
1917 1348 188 59 quelque
2128 1348 135 46 chose
2296 1348 227 46 d'effarant
2545 1348 110 46 dans

501 1423 130 47 l'acte
655 1424 53 46 de
731 1441 74 29 ces
828 1423 367 59 pseudo-artistes
1218 1429 74 52 qui
1315 1440 102 28 sans
1439 1421 229 60 scrupules
1691 1420 194 47 abattent
1916 1437 85 29 une
2023 1420 157 47 beauté
2197 1427 279 52 patiemment
2492 1418 165 47 formée

500 1510 41 33 et
564 1496 365 46 laborieusement
960 1501 262 46 maintenue,
1266 1495 54 46 de
1357 1496 224 45 caractère
1627 1493 177 59 original
1838 1507 43 33 et
1916 1489 282 61 authentique
2227 1491 54 46 de
2319 1491 128 59 style,
2470 1508 112 42 pour
2617 1491 41 45 la

499 1567 241 60 remplacer
762 1585 86 28 non
872 1585 76 41 pas
972 1585 77 42 par
1071 1567 77 46 des
1171 1580 242 33 structures
1450 1566 229 46 modernes
1792 1581 52 29 ce
1867 1569 72 54 qui
1962 1570 128 39 serait
2124 1562 386 60 compréhensible,
2543 1580 114 42 pour

499 1657 86 43 peu
604 1657 83 42 que
710 1639 91 47 leur
828 1639 225 46 futurisme
1091 1638 64 46 fut
1177 1641 168 43 sincère
1367 1652 42 32 et
1431 1651 100 46 apte
1552 1639 26 43 à
1601 1640 120 42 créer
1742 1635 190 59 quelque
1949 1642 120 39 vraie
2091 1634 158 47 beauté
2281 1634 264 46 moderniste
2568 1636 26 43 à
2615 1634 42 46 la

499 1711 126 60 place
647 1713 53 44 de
732 1729 52 28 ce
815 1710 126 60 qu'ils
979 1717 270 53 suppriment
1362 1716 107 39 mais
1493 1716 88 52 qui,
1604 1707 158 47 bouffis
1786 1707 53 47 de
1861 1714 150 40 sottise
2033 1706 290 60 orgueilleuse
2345 1720 42 32 et
2403 1706 53 46 de
2488 1705 167 60 pédant

501 1790 102 39 terie
625 1797 246 45 grotesque,
897 1800 53 28 ne
973 1799 113 29 nous
1119 1782 156 46 offrent
1312 1799 85 41 que
1430 1781 57 46 du
1809 1778 96 61 plus
1929 1796 235 42 pompeux,
2187 1785 89 38 issu
2300 1778 54 45 de
2377 1778 92 45 leur
2490 1795 166 42 pauvre

499 1862 129 53 petite
671 1861 275 53 imagination
984 1871 294 41 romanesque
1310 1867 43 31 et
1391 1853 53 45 dé
1482 1852 112 46 leurs
1632 1856 264 55 prétentions
1935 1851 292 52 décoratives,
2251 1868 52 28 en
2343 1849 115 59 style
2481 1849 174 46 Vieux*

500 1926 219 47 Bruxelles
743 1943 59 29 ou
820 1925 339 53 VieiUAnvers,
1183 1942 54 29 en
1272 1924 255 59 baroquerie
1548 1923 290 59 d'exposition
1873 1922 255 46 universelle
2150 1921 108 46 dont
2290 1921 50 46 ils
2364 1935 77 31 ont
2462 1923 195 43 ramassé

499 1998 61 47 les
583 1999 205 46 éléments
811 2000 25 43 à
859 1998 136 46 droite
1018 2011 42 33 et
1077 2001 25 42 à
1124 1997 172 59 gauche
1318 2011 43 31 et
1393 1995 125 60 qu'ils
1540 1995 304 47 caeafonisent
1865 2011 53 29 en
1943 2011 56 28 un
2023 1993 407 46 monumentalisme
2456 1992 55 45 de
2532 1995 124 56 pièce

503 2074 184 42 montée.
713 2069 218 48 Combien
956 2069 39 46 la
1018 2086 78 29 rue
1119 2069 53 46 de
1195 2068 141 46 Rivoli
1361 2086 77 42 par
1459 2067 194 60 exemple
1674 2086 26 26 a
1722 2069 157 56 inspiré
1903 2082 115 30 ceux
2055 2065 165 45 d'entre
2262 2082 74 28 ces
2362 2065 155 46 braves
2550 2081 105 41 gens

501 2149 87 52 qui,
629 2149 216 40 soucieux
882 2142 54 46 de
981 2142 125 45 doter
1143 2140 92 47 leur
1266 2139 99 46 ville
1401 2138 230 47 d'arcades
1668 2156 60 28 ou
1766 2137 54 47 de
1855 2138 194 59 galeries,
2083 2154 46 29 se
2166 2150 101 32 sont
2307 2138 247 58 empressés
2601 2135 54 47 de

502 2220 241 40 construire
769 2212 188 59 quelque
986 2213 150 46 cloître
1159 2230 52 28 en
1230 2212 113 58 style
1366 2216 245 54 composite
1628 2223 160 32 autour
1821 2209 53 46 de
1897 2209 112 46 leurs
2034 2208 123 47 blocs
2181 2211 24 42 à
2229 2208 122 52 bâtir,
2375 2225 101 28 sans
2498 2224 159 43 songer

501 2289 26 42 à
549 2302 237 29 conserver
808 2284 252 47 l'harmonie
1082 2283 266 47 d'ensemble
1391 2283 54 46 de
1489 2299 51 29 ce
1578 2288 99 40 coin
1722 2281 199 46 sensible.
1946 2280 30 46 Il
2013 2298 33 42 y
2082 2298 53 29 en
2173 2298 26 27 a
2237 2286 72 52 qui
2347 2293 78 32 ont
2463 2283 116 41 noué
2616 2278 41 46 la

500 2356 225 47 farandole
738 2355 53 48 de
803 2356 114 47 leurs
940 2356 186 46 arcades
1148 2369 98 33 tout
1269 2368 161 33 autour
1446 2354 59 45 du
1522 2352 101 47 bloc
1641 2359 135 40 entier
1792 2355 25 43 à
1835 2356 246 55 aménager,
2099 2351 154 59 depuis
2270 2351 39 46 le
2325 2350 111 46 Pont
2453 2351 53 46 de
2524 2350 131 53 Meir,

501 2446 52 29 en
576 2428 293 60 enveloppant
890 2442 101 32 tous
1015 2427 38 47 le
1077 2427 188 47 Marché
1285 2444 89 28 aux
1397 2425 197 52 souliers,
1618 2425 40 45 la
1679 2424 129 47 Place
1832 2424 138 46 Verte
1993 2437 42 33 et
2058 2425 39 45 le
2119 2423 193 46 Marché
2340 2441 87 28 aux
2449 2423 131 53 œufs,
2603 2422 54 46 de

501 2500 112 47 leurs
637 2507 156 40 cintres
816 2514 42 32 et
1200 2498 277 47 calamiteux.
1510 2496 63 46 Et
1609 2496 109 46 dans
1761 2510 97 32 tout
1899 2495 96 47 cela
2037 2514 77 41 pas
2159 2513 86 27 une
2288 2494 120 46 seule
2452 2501 206 39 tentative

501 2571 278 54 moderniste,
802 2574 24 44 à
849 2585 95 46 part
965 2571 109 46 dans
1097 2571 60 46 les
1181 2571 115 46 deux
1319 2576 159 53 projets
1502 2568 239 46 hollandais
1768 2582 20 23 «
1810 2568 178 46 Eurêka
2008 2582 20 24 »
2054 2581 42 32 et
2131 2587 21 23 «
2171 2566 188 60 Passage
2379 2587 20 23 »
2425 2580 42 31 et
2486 2566 110 46 dans
2620 2565 38 47 le

500 2651 139 54 projet
659 2643 123 59 belge
804 2648 69 54 qui
895 2642 377 47 s'individualisait
1291 2660 78 41 par
1392 2659 58 27 un
1474 2657 172 29 anneau
1669 2639 109 53 d'or,
1801 2639 96 47 bien
1921 2643 161 49 mérité,
2106 2638 59 46 du
2187 2652 127 32 reste.

621 2715 181 46 Louons
825 2714 125 47 MM.
974 2714 206 47 Delvaux
1203 2728 43 33 et
1266 2712 230 47 Francken
1520 2712 170 46 d'avoir
1713 2715 67 42 été
1802 2724 294 46 respectueux
2119 2724 42 33 et
2183 2710 55 46 de
2260 2717 116 39 vrais
2395 2717 183 39 artistes.
2604 2708 53 48 Ils

503 2800 77 33 ont
602 2786 76 46 fait
699 2804 58 28 un
778 2789 86 43 très
885 2785 114 47 beau
1021 2792 153 53 projet,
1196 2792 196 53 pratique
1414 2798 42 32 et
1479 2784 224 52 décoratif,
1748 2797 43 32 et
1833 2790 72 51 qui
1947 2790 105 39 tient
2092 2796 175 46 compte
2310 2782 76 46 des
2429 2788 228 52 exigences

503 2858 360 46 contradictoires
886 2858 59 46 du
968 2857 233 61 problème.
1225 2857 55 46 Ils
1304 2870 78 33 ont
1402 2869 98 33 tout
1521 2855 183 46 d'abord
1727 2861 189 53 compris
1938 2853 111 61 qu'il
2062 2853 147 54 fallait,
2242 2867 151 35 autant
2430 2871 84 41 que
2550 2870 107 42 pos*

502 2930 120 54 sible,
642 2944 219 45 respecter
884 2930 40 46 la
945 2937 205 40 situation
1174 2936 227 39 ancienne.
1425 2927 54 48 Ils
1501 2926 106 47 l'ont
1628 2931 139 41 même
1789 2930 194 55 corrigée
2006 2943 52 28 en
2082 2943 113 28 nous
2216 2939 226 32 ramenant
2463 2944 58 27 au
2556 2924 99 60 plan

503 3001 54 47 de
583 3002 127 53 1565,
733 3019 82 41 que
837 3001 76 47 des
932 3001 376 47 transformations
1320 3018 86 42 peu
1420 2999 236 46 heureuses
1678 3005 175 39 avaient
1870 2998 195 45 déformé
2081 3015 7 27 :
2107 2998 38 45 le
2162 2996 190 47 Marché
2369 3014 87 29 aux
2474 2996 183 47 souliers

503 3078 103 41 était
625 3079 330 54 primitivement
976 3073 96 60 plus
1096 3073 115 59 large
1234 3090 85 41 que
1341 3078 266 40 maintenant
1628 3085 43 32 et
1694 3070 39 46 la
1753 3076 194 50 jonction
1982 3069 255 46 Meir-Pont
2272 3068 54 46 de
2363 3067 131 54 Meir,
2531 3069 53 45 de
2617 3067 40 47 la

501 3145 126 60 place
648 3145 115 59 large
785 3163 57 28 au
864 3159 105 46 pont
991 3149 139 49 étroit,
1145 3149 102 42 était
1259 3144 86 47 fort
1356 3144 422 45 harmonieusement
1789 3144 192 50 assurée,
1995 3159 56 27 au
2065 3158 163 41 moyen
2241 3140 131 46 d'une
2385 3145 272 54 perspective

503 3220 26 43 à
550 3215 172 54 redans,
745 3224 70 52 qui
838 3217 168 46 fermait
1028 3217 39 46 la
1090 3217 124 59 place
1237 3230 42 33 et
1301 3215 163 47 laissait
1486 3213 245 60 cependant
1753 3213 53 46 de
1828 3213 190 59 l'espace
2034 3240 15 25 ,•
2070 3231 58 27 un
2152 3230 96 27 mur
2270 3212 54 45 de
2359 3211 135 58 jardin
2533 3229 26 28 a
2595 3211 58 46 dû

503 3288 108 57 jadis
635 3289 160 46 former
817 3306 53 29 en
893 3302 70 33 cet
985 3289 169 46 endroit
1176 3306 58 28 un
1258 3287 130 47 fonds
1411 3286 78 46 bas
1511 3299 44 33 et
1578 3285 116 47 clair.
1721 3286 66 46 Ce
1811 3303 94 27 mur
1926 3302 27 28 a
1975 3287 67 43 été
2065 3283 217 59 remplacé
2319 3283 95 59 plus
2448 3283 94 45 tard
2578 3300 78 41 par

504 3379 58 28 un
584 3359 101 47 bloc
708 3359 54 47 de
785 3367 204 46 maisons,
1013 3368 69 51 qui
1106 3359 175 47 bouche
1304 3359 40 46 la
1366 3375 87 30 vue
1475 3371 43 33 et
1540 3357 161 46 semble
1724 3356 97 47 bien
1845 3355 187 47 sombre.
2055 3354 83 47 Les
2171 3368 179 32 auteurs
2373 3369 77 32 ont
2472 3357 134 56 songé
2627 3355 28 44 à

504 3450 32 41 y
557 3431 235 48 substituer
814 3449 84 29 une
919 3433 163 58 grande
1105 3438 301 40 construction
1428 3447 115 29 avec
1563 3443 185 32 terrasse
1780 3445 52 30 en
1877 3427 146 52 saillie,
2066 3445 74 27 sur
2181 3426 168 60 pilliers.
2392 3426 64 46 La
2498 3426 157 56 façade

499 3518 279 46 proprement
798 3504 100 52 dite,
922 3504 240 46 au-dessus
1186 3503 54 46 de
1262 3502 39 46 la
1324 3517 184 31 terrasse
1525 3502 187 45 arcadée
1734 3518 47 29 se
1802 3506 237 40 trouverait
2058 3516 55 28 en
2156 3499 118 45 recul
2319 3498 52 46 de
2414 3499 25 43 3
2482 3500 169 44 mètres.
