3025 4371
508 3769 70 37 LA
629 3757 123 49 CITÉ

1560 3755 61 50 30

2378 3768 155 41 AOUT
2583 3772 90 37 1919

1052 392 689 54 URBANI
1817 394 316 54 SME

451 596 87 46 LA
564 594 619 50 RECONSTRUCTION
1211 599 90 46 DE
1323 601 208 47 REIMS.

471 658 72 45 En
582 657 139 59 pleine
751 675 167 42 guerre,
941 658 116 45 alors
1086 676 81 41 que
1190 659 210 48 l'horizon
1434 665 102 43 était

390 733 163 30 encore
590 717 97 46 bien
726 717 185 54 sombre,
934 717 37 47 le
1006 718 181 46 Conseil
1214 721 234 58 municipal
1481 721 55 45 de

390 776 146 46 Reims
560 794 46 29 se
628 781 288 55 préoccupait
948 778 95 58 déjà
1076 778 53 46 de
1167 778 39 46 la
1242 783 291 44 résurrection

392 837 54 46 de
479 837 40 45 la
550 837 98 46 ville
685 851 201 44 martyre.
915 837 93 47 Dès
1046 838 126 51 1916,
1196 837 23 47 il
1253 848 200 50 organisa
1477 859 56 27 un

392 914 223 28 concours
639 896 161 47 d'idées
824 904 69 52 qui
924 897 147 46 donna
1103 898 82 45 lieu
1218 902 25 41 à
1275 900 76 45 des
1375 908 158 51 projets

392 956 54 46 de
483 964 364 46 reconstruction,
890 957 107 46 dont
1039 957 312 59 quelques-uns
1395 959 141 47 furent

392 1020 187 55 exposés
612 1034 52 28 en
708 1018 126 51 1919,
870 1020 26 42 à
939 1017 294 59 l'Exposition
1272 1019 54 46 de
1368 1019 40 46 la
1451 1025 83 41 cité

392 1081 292 42 reconstituée
717 1080 25 42 à
774 1077 129 45 Paris.
940 1077 123 53 .Mais
1100 1077 40 46 la
1176 1084 209 40 situation
1419 1087 116 38 avait

390 1135 95 47 bien
510 1135 166 60 changé
694 1136 150 58 depuis
868 1137 98 45 lors.
988 1137 84 45 Les
1082 1137 273 56 Allemands,
1373 1157 161 28 renou*

388 1196 148 46 vêlant
577 1196 112 51 Içurs
733 1196 168 49 furieux
949 1211 171 32 assauts
1164 1211 151 33 contre
1356 1198 39 46 la
1436 1199 98 46 ville

390 1256 324 58 champenoise,
732 1263 174 39 avaient
923 1261 256 41 consommé
1201 1258 92 46 leur
1309 1277 154 28 oeuvre
1481 1259 53 46 de

390 1315 281 47 destruction.
696 1316 49 45 A
766 1316 40 45 la
819 1316 53 45 fin
891 1316 75 45 des
983 1316 226 54 hostilités,
1232 1318 76 46 des
1326 1326 207 51 quartiers

390 1383 155 39 entiers
568 1375 53 46 de
644 1375 40 45 la
705 1376 97 45 ville
825 1380 159 41 étaient
1005 1394 53 28 en
1080 1384 159 39 ruines.
1265 1377 92 47 Des
1381 1379 152 45 études

390 1442 281 53 importantes
710 1439 156 42 étaient
903 1439 266 44 nécessaires
1206 1455 112 42 pour
1361 1456 172 28 assurer

390 1513 84 28 une
506 1502 348 39 reconstruction
893 1497 273 45 convenable
1199 1497 53 46 de
1281 1497 41 47 la
1343 1498 110 46 ville.
1474 1498 58 47 Sa

388 1555 307 58 municipalité,
713 1555 83 45 fort
818 1563 294 51 progressiste,
1130 1557 156 46 décida
1302 1558 53 46 de

388 1622 71 45 rir,
494 1627 113 33 cette
658 1615 82 45 fois
786 1632 177 35 encore,
1006 1633 56 28 au
1107 1634 222 28 concours
1371 1617 158 59 public.

391 1673 199 48 Celui-ci
615 1681 118 40 vient
755 1674 133 46 d'être
908 1679 99 54 jugé
1030 1693 78 41 par
1130 1693 84 29 une
1237 1684 295 46 commission,

390 1738 238 55 composée
665 1734 54 46 de
756 1735 243 45 notabilités
1037 1735 54 46 de
1123 1736 39 44 la
1194 1736 99 46 ville
1315 1750 42 32 et
1380 1737 153 46 d'émis

388 1807 125 32 nents
536 1801 183 45 artistes,
742 1794 107 45 dont
877 1794 125 46 MM.
1028 1795 201 53 Bonnier,
1254 1794 279 49 Cordonnier

388 1867 43 33 et
454 1853 211 59 Deglave.
683 1853 62 46 Le
767 1861 150 52 projet,
950 1859 196 55 présenté
1168 1874 76 40 par
1266 1855 124 46 MM.
1410 1857 93 45 Bou-

388 1913 143 46 chette
553 1926 42 33 et
616 1913 183 59 Expert,
818 1933 25 26 a
859 1928 150 32 retenu
1032 1915 61 45 les
1117 1916 210 58 suffrages
1350 1916 53 46 de
1420 1929 113 33 cette

388 1980 280 39 commission
712 1991 172 28 comme
922 1974 236 47 conciliant
1199 1975 59 45 les
1301 1982 230 52 exigences

388 2032 77 47 des
487 2032 175 46 besoins
687 2032 131 47 d'une
846 2034 163 58 grande
1040 2034 97 46 ville
1173 2035 204 46 moderne
1414 2050 43 31 et
1494 2036 39 44 la

389 2100 310 39 conservation
723 2093 76 46 des
822 2101 231 38 souvenirs
1077 2095 59 45 du
1164 2099 143 54 passé,
1340 2101 33 39 si

389 2151 136 47 breux
562 2156 25 42 à
625 2152 158 47 Reims.
817 2152 76 47 Un
931 2153 221 58 quotidien
1190 2154 188 56 français
1420 2173 112 28 nous

389 2212 76 46 fait
487 2217 224 41 connaître
733 2212 60 46 les
816 2213 184 58 grandes
1019 2213 132 58 lignes
1175 2214 54 45 de
1247 2232 51 28 ce
1321 2222 139 51 projet
1482 2214 51 46 de

387 2279 350 39 reconstruction
781 2280 69 50 qui
888 2273 90 45 fera
1030 2274 53 45 de
1124 2273 146 46 Reims
1313 2292 85 28 une
1450 2279 84 41 cité

388 2331 200 59 d'aspect
624 2332 199 59 agréable
855 2345 42 33 et
927 2332 298 54 harmonieux,
1257 2346 97 33 tout
1390 2351 52 28 en
1475 2333 58 46 lui

386 2398 265 39 maintenant
682 2409 81 28 son
802 2395 224 43 caractère
1058 2400 34 38 si
1131 2406 235 33 nettement

386 2468 158 42 resque
565 2464 42 32 et
628 2451 249 58 historique.

447 2521 81 47 Au
567 2522 157 46 chevet
755 2523 53 45 de
840 2523 40 45 la
912 2523 224 59 splendide
1159 2524 262 53 cathédrale,
1444 2528 26 42 à
1491 2524 39 46 la

385 2582 127 60 place
535 2582 105 45 d'un
661 2583 79 45 îlot
772 2582 53 46 de
847 2589 190 40 maisons
1062 2584 220 52 détruites,
1301 2601 57 28 un
1377 2601 155 42 square

385 2659 98 29 sera
506 2646 207 55 aménagé
736 2657 42 31 et
795 2643 160 46 devant
976 2643 180 46 l'édifice
1179 2647 140 49 sacré,
1344 2643 40 46 la
1406 2644 125 59 place

386 2701 60 46 du
484 2701 146 46 Parvis
668 2720 96 28 sera
806 2702 156 59 élargie
1004 2702 108 47 dans
1145 2703 76 46 des
1253 2710 278 55 proportions

385 2761 236 53 modestes,
639 2775 256 44 permettant
911 2762 53 46 de
981 2781 236 31 conserver
1233 2766 26 42 à
1276 2776 113 33 cette
1406 2763 126 59 place

386 2819 59 47 du
468 2828 132 39 vieux
621 2822 146 46 Reims
789 2840 82 28 son
904 2826 223 43 caractère

387 2880 79 47 On
499 2898 54 28 ne
575 2895 103 45 peut
699 2881 301 59 qu'applaudir
1023 2885 25 42 à
1080 2895 114 33 cette
1216 2887 189 48 réserve,
1427 2896 43 32 et
1491 2882 40 46 la

386 2947 108 40 citer
531 2958 52 28 en
616 2941 195 59 exemple
844 2945 26 42 à
902 2959 114 29 ceux
1037 2949 87 51 qui,
1148 2961 56 27 un
1227 2961 85 41 peu
1340 2956 190 47 partout,

386 2999 177 49 veulent
605 3000 185 59 dégager
826 3005 395 43 outrancièrement
1252 3002 60 45 les
1354 3008 176 40 anciens

390 3059 188 47 édifices.

447 3130 61 46 Le
545 3130 135 59 palais
717 3131 53 46 de
813 3131 317 53 l'archevêché,
1174 3131 214 47 touchant
1425 3135 26 43 à
1493 3133 37 45 la

389 3190 263 53 cathédrale,
675 3208 97 29 sera
789 3196 235 49 conservé/
1040 3192 39 45 la
1097 3192 194 59 chapelle
1308 3193 72 45 n'a
1395 3191 136 61 perdu

388 3268 84 41 que
508 3268 49 28 sa
595 3257 157 40 toiture
799 3264 43 33 et
882 3251 41 46 la
966 3252 156 57 façade
1166 3259 238 40 construite
1456 3270 77 41 par

388 3309 165 47 Robert
585 3310 52 46 de
681 3309 134 54 Cote,
866 3325 105 45 peut
1026 3317 88 41 être
1166 3316 234 43 restaurée.
1449 3312 82 46 Les

389 3374 192 55 épaisses
618 3383 43 33 et
696 3370 158 47 solides
892 3372 213 45 murailles
1138 3372 54 45 de
1234 3372 40 45 la
1315 3371 103 46 salle
1456 3371 75 45 des

388 3430 106 45 Rois
512 3443 100 32 sont
633 3435 261 41 conservées
919 3438 196 39 intactes.
1140 3431 63 45 La
1220 3431 125 59 place
1362 3430 171 59 Royale

390 3506 263 30 conservera
675 3507 81 28 son
779 3503 152 47 aspect
955 3510 7 26 :
981 3509 58 27 au
1061 3504 161 33 centre,
1247 3490 40 46 la
1309 3504 144 33 statue
1479 3491 54 45 de

390 3549 135 46 Louis
569 3549 92 45 XV
703 3556 172 45 intacte,
919 3568 110 28 avec
1071 3569 80 28 son
1479 3549 53 47 de

1643 602 170 59 Pigalle,
1836 602 289 59 symbolisant
2165 602 37 47 le
2235 620 250 29 commerce
2516 610 156 39 remois
2698 622 9 26 :
2731 621 56 27 on

1642 667 169 54 prévoit
1831 662 239 47 seulement
2086 664 40 45 la
2142 663 350 46 transformation
2511 663 76 46 des
2606 663 181 46 arcades

1643 740 52 28 en
1719 729 221 52 portiques
1963 726 25 42 à
2011 730 108 50 jour.

1701 782 168 46 L'hôtel
1903 783 53 46 de
1999 783 97 46 ville
2133 800 96 29 sera
2275 789 262 40 reconstruit
2587 801 75 27 sur
2705 801 82 28 son

1641 843 316 57 emplacement
1979 843 162 52 actuel,
2163 856 44 33 et
2217 842 93 46 Ton
2335 860 52 28 ne
2410 849 81 39 sait
2513 860 78 42 pas
2625 860 162 28 encore

1642 909 48 45 si,
1714 902 54 45 de
1790 902 40 45 la
1852 902 124 59 place
1999 902 170 59 Royale
2191 905 24 42 à
2239 903 40 45 la
2310 903 125 58 place
2469 902 53 46 de
2554 902 145 46 l'hôtel
2734 903 53 44 de

1641 961 112 53 ville,
1776 961 23 45 if
1837 980 96 28 sera
1966 970 216 38 construit
2204 962 76 46 des
2314 969 191 39 maisons
2533 961 252 54 uniformes,

1641 1022 108 45 dans
1787 1039 57 28 un
1878 1022 112 58 style
2027 1022 196 45 ordonné
2262 1039 111 28 avec
2415 1022 38 45 le
2491 1020 133 47 cadre
2661 1022 53 45 de
2749 1021 38 46 fa

1642 1080 124 59 place
1790 1081 183 59 Royale.

1704 1140 148 45 D'une
1889 1141 133 56 façon
2059 1140 211 59 générale,
2309 1140 40 46 la
2385 1140 101 46 ville
2524 1158 261 28 conservera

1641 1217 80 29 son
1759 1207 156 39 ancien
1954 1204 223 42 caractère
2215 1207 72 51 qui
2324 1200 140 46 faisait
2502 1201 283 46 l'admiration

1641 1259 76 46 des
1750 1266 213 47 visiteurs,
1996 1278 101 28 sans
2131 1260 206 47 toutefois
2373 1260 189 46 sacrifier
2598 1260 59 47 les
2695 1265 92 41 exi*

1640 1337 160 41 gences
1823 1324 267 42 nécessaires
2113 1320 248 58 auxquelles
2384 1324 190 42 entraîne
2596 1319 38 47 le
2651 1319 135 47 deve*

1638 1380 250 58 loppement
1928 1380 132 46 d'une
2100 1380 162 59 grande
2302 1380 99 45 ville
2439 1380 218 45 moderne.
2692 1380 93 45 Des

1639 1457 101 27 rues
1758 1453 147 32 seront
1922 1440 192 58 élargies,
2133 1439 76 46 des
2226 1439 265 46 boulevards
2509 1443 149 56 percés
2677 1440 108 44 dans

1641 1500 61 45 les
1735 1505 208 52 quartiers
1976 1500 190 58 éloignés
2204 1499 59 46 du
2287 1513 147 32 centre
2467 1499 53 46 de
2542 1499 40 46 la
2603 1499 184 53 ville,-et

1641 1558 87 46 l'on
1761 1558 135 47 bâtira
1935 1559 75 46 des
2044 1566 190 39 maisons
2267 1562 237 49 ouvrières,
2526 1559 77 46 des
2625 1559 159 56 jardins

1640 1618 54 46 de
1717 1625 184 52 quartier
1923 1632 42 32 et
1987 1618 53 48 de
2074 1618 240 47 nombreux
2346 1636 194 40 squares.
2564 1618 61 46 Le
2648 1626 137 52 projet

1639 1695 98 30 sera
1758 1686 165 38 soumis
1948 1678 355 59 prochainement
2324 1681 26 43 à
2383 1679 40 45 la
2450 1678 253 46 ratification
2726 1678 58 47 du

1641 1737 165 47 conseil
1844 1738 247 60 municipal,
2113 1751 43 35 et
2177 1756 58 28 on
2262 1751 106 46 peut
2397 1742 172 55 espérer
2591 1756 86 40 que
2700 1742 84 42 très

1639 1797 355 61 prochainement
2030 1798 59 46 les
2126 1798 176 45 Rémois
2334 1812 147 32 seront
2503 1798 102 45 fixés
2628 1815 74 28 sur
2725 1798 59 45 les

1640 1864 160 52 projets
1823 1857 53 47 de
1899 1864 350 40 reconstruction
2272 1858 54 46 de
2358 1857 38 46 la
2425 1858 185 59 capitale

1640 1925 192 51 penoise.
2153 1952 23 24 $£
2203 1956 18 17 *

1702 1974 347 60 CRÉATION
2092 2005 60 29 DE
2186 1974 478 72 CITÉS-JARDINS
2697 2005 87 29 AUX

1642 2048 346 46 ENVIRONS
2032 2048 90 46 DE
2159 2048 190 46 PARIS.
2380 2073 45 9 -
2454 2048 102 46 Une
2578 2055 206 40 initiative

1642 2108 85 45 fort
1764 2112 279 42 intéressante
2076 2125 161 29 encore
2269 2121 67 32 est
2368 2107 107 46 celle
2511 2108 53 45 de
2604 2107 179 47 l'Office

1640 2168 78 45 des
1741 2168 279 45 Habitations
2043 2171 26 42 à
2091 2168 92 45 Bon
2200 2167 187 46 Marché
2410 2168 59 45 du
2491 2168 294 59 département

1641 2227 55 46 de
1713 2227 39 46 la
1770 2227 140 47 Seine.
1931 2227 90 46 Cet
2037 2234 242 52 organisme
2297 2234 280 53 progressiste
2594 2246 26 27 a
2636 2232 148 41 estimé

1641 2304 85 41 que
1749 2286 38 46 la
1825 2287 216 46 meilleure
2064 2290 187 43 manière
2274 2287 206 46 d'utiliser
2503 2287 37 45 le
2573 2287 136 46 crédit
2731 2287 53 46 de

1646 2347 52 45 10
1716 2346 183 47 millions
1910 2353 72 51 qui
2000 2347 56 46 lui
2069 2354 117 39 avait
2194 2351 68 41 été
2271 2360 156 33 ouvert
2437 2365 77 41 par
2526 2347 37 46 le
2580 2347 175 59 départe-

1640 2420 117 32 ment
1779 2405 94 47 delà
1896 2406 145 53 Seine,
2063 2413 227 40 consistait
2306 2410 26 42 à
2344 2424 172 28 assurer
2533 2406 40 46 la
2590 2410 192 42 création

1640 2483 87 28 aux
1744 2473 203 39 environs
1971 2466 54 47 de
2046 2466 118 46 Paris
2187 2467 54 45 de
2262 2466 231 46 véritables
2516 2466 266 59 faubourgs*

1639 2526 171 56 jardins.
1825 2525 31 45 Il
1874 2544 26 27 a
1916 2533 149 51 acquis
2085 2527 106 45 dans
2210 2544 51 28 ce
2277 2525 77 47 but
2370 2526 212 59 plusieurs
2600 2527 182 57 grandes

1639 2589 237 55 propriétés
1899 2599 42 32 et
1963 2586 74 46 fait
2059 2586 165 45 étudier
2246 2586 91 46 leur
2358 2589 328 55 aménagement
2707 2603 77 42 par

1639 2645 76 45 des
1753 2645 265 46 techniciens
2056 2645 281 59 spécialistes.
2365 2645 84 46 Les
2486 2652 159 58 projets
2684 2658 100 33 sont

1639 2704 76 46 des
1757 2705 96 58 plus
1897 2705 204 46 heureux.
2147 2705 137 46 Nous
2336 2708 209 56 espérons
2596 2712 188 52 pouvoir

1637 2764 168 46 donner
1816 2765 355 58 prochainement
2183 2784 57 26 un
2615 2765 168 45 détaillé

1639 2824 58 45 du
1735 2827 83 43 très
1851 2824 298 59 remarquable
2185 2838 176 45 rapport
2393 2825 54 45 de
2484 2824 126 46 MM.
2644 2825 137 45 Henri

1638 2883 149 47 Sellier
1830 2898 44 32 et
1917 2884 42 46 P.
2008 2885 221 58 Dormoy,
2272 2885 254 45 conseillers
2547 2888 232 54 généraux.

2150 2959 22 25 &
2206 2959 22 25 *
2262 2959 22 24 *

1704 3014 102 46 Line
1830 3017 174 44 Société
2018 3017 80 44 des
2116 3017 283 44 Urbanismes
2420 3018 150 55 belges
2589 3022 119 39 vient
2728 3014 53 47 de

1639 3091 48 29 se
1709 3073 171 47 former.
1914 3075 101 45 Elle
2050 3088 219 33 recrutera
2302 3093 69 28 ses
2396 3075 209 46 membres
2627 3075 155 45 exclue

1641 3141 210 38 sivement
1892 3141 134 53 parmi
2068 3135 60 46 les
2182 3134 264 47 techniciens
2495 3139 286 55 compétents,

1640 3194 250 58 spécialisés
1914 3195 109 45 dans
2046 3195 94 46 l'art
2157 3195 277 58 d'aménager
2455 3194 60 46 les
2535 3198 105 42 cités
2664 3208 41 32 et
2723 3195 59 45 les

1643 3254 204 58 Régions.

1703 3327 21 23 «
1754 3316 59 42 Là
1843 3315 100 45 Cité
1968 3332 20 26 »
2014 3331 96 29 sera
2143 3314 191 59 l'organe
2366 3315 54 45 de
2453 3313 41 46 la
2517 3313 44 47 S.
2585 3313 61 47 U.
2671 3313 47 46 B.
2742 3327 43 33 et

1641 3372 191 60 publiera
1844 3373 107 46 dans
1969 3391 81 28 son
2065 3374 208 58 prochain
2293 3377 181 42 numéro
2490 3373 38 47 le
2545 3375 239 44 Manifeste

1643 3435 80 43 des
1749 3433 282 46 Urbanismes
2053 3436 159 55 belges.
2241 3430 148 49 Toute
2412 3440 370 39 communication

1642 3491 178 52 relative
1848 3496 26 42 à
1917 3493 39 45 la
1999 3492 44 47 S.
2090 3493 59 46 U.
2189 3494 47 45 B.
2275 3494 91 45 doit
2394 3497 88 42 être
2500 3494 202 45 adressée
2726 3511 57 28 au

1642 3550 265 48 Secrétariat
1929 3559 253 51 provisoire,
2204 3553 72 52 90,
2300 3571 57 27 av
2389 3553 53 46 de
2459 3553 41 45 la
2523 3552 259 47 Couronne.
