3025 4371
558 3725 66 38 LA
674 3714 121 48 CITÉ

1608 3708 60 49 22

2420 3718 153 38 AOUT
2620 3719 96 37 1919

558 435 160 49 moins,
745 446 56 29 ou
828 433 114 42 beau
967 432 174 53 chaque
1164 430 90 43 fois
1278 430 137 54 qu'on
1439 430 40 41 le
1505 431 118 52 peut,
1651 436 88 46 que
1764 427 191 43 réclame
1980 427 40 42 le
2043 437 106 32 sens
2173 427 254 53 esthétique
2453 427 166 43 obscur
2641 427 58 41 du

559 504 154 55 public
743 502 66 57 (Je
834 504 69 42 dis
917 504 179 47 obscur,
1122 513 74 31 car
1220 502 39 42 la
1282 501 240 42 touchante
1547 497 350 49 unanimité,des
1921 498 203 55 citoyens
2138 498 24 41 à
2182 498 177 41 vouloir
2378 510 84 30 une

561 577 105 42 ville
690 579 42 40 et
754 577 81 42 des
851 577 214 54 patriotes
1077 574 26 42 à
1117 573 228 43 souhaiter
1357 585 86 30 une
1460 572 139 54 patrie
1700 572 9 40 1
1731 583 26 29 u
1777 576 20 36 S
1833 571 177 41 belle
2045 571 296 53 qu'avant
2378 571 51 40 la
2468 582 230 44 guerre,,

561 659 49 32 se
644 649 206 54 disperse
889 645 465 45 instantanément'en
1395 644 41 42 la
1474 643 103 55 plus
1615 642 262 56 déplorable
1916 642 222 49 anarchie,
2178 642 25 42 à
2239 640 153 45 défaut
2429 642 134 42 d'une
2604 642 98 43 idée

562 719 363 43 communément
947 731 57 30 ou
1029 717 330 43 suffisamment
1383 714 207 56 partagée
1620 725 53 31 en
1709 713 180 42 matière
1924 712 246 55 artistique,
2205 713 191 42 aussitôt
2429 713 105 53 qu'il
2572 713 131 54 s'agit

563 793 55 42 de
642 792 150 43 savoir
815 793 104 53 quel
944 792 158 53 aspect
1123 789 174 43 donner
1317 788 27 44 à
1368 789 94 41 leur
1485 786 104 44 ville
1612 798 57 30 ou
1696 785 23 42 à
1745 789 122 39 notre
1894 785 174 54 patrie.)

682 861 64 45 Ce
770 865 136 40 terme
944 860 405 43 d'aboutissement
1386 859 56 42 de
1480 858 314 49 l'Urbanisme,
1834 858 115 40 cette
1989 856 254 51 résultante,
2284 868 88 42 que
2408 856 73 54 j'ai
2524 855 178 43 nommé

916 948 67 40 est
1000 945 118 42 donc
1138 944 324 42 l'habillement
1479 943 162 42 visible
1756 941 368 50 élévation,
2161 940 459 43 construction

561 1020 133 42 d'une
728 1018 210 55 synthèse
982 1015 248 57 organique
1274 1023 42 34 et
1358 1014 337 49 fonctionnelle,
1742 1011 227 56 exprimée
2012 1012 113 42 dans
2171 1024 56 29 un
2272 1012 105 54 plan
2421 1011 279 43 d'ensemble

561 1090 388 55 d'aménagement
976 1089 54 42 de
1056 1087 42 44 la
1119 1086 101 51 cité,
1244 1086 66 42 dit
1352 1085 151 43 Plan
1550 1085 58 42 ré
1627 1096 27 43 g
1673 1098 24 28 u
1720 1085 88 41 lat
1825 1096 23 30 e
1869 1094 24 30 u
1914 1096 19 30 r
1955 1081 81 56 (1),
2083 1082 281 44 c'est-à-dire
2389 1082 77 55 qui
2490 1082 143 56 dirige
2657 1085 43 41 et

563 1161 76 56 qui
666 1161 119 56 règle
809 1161 66 43 les
897 1160 368 54 aménagements
1307 1170 70 30 en
1420 1156 304 43 fonction
1770 1156 94 41 les
1909 1167 115 30 uns
2064 1156 114 41 des
2218 1157 244 40 autres.
2499 1152 63 45 Ge
2598 1155 101 53 plan

563 1233 95 42 doit
680 1233 118 42 donc
822 1233 90 42 être
938 1232 39 42 le
1002 1231 122 42 reflet
1150 1231 250 55 graphique
1425 1231 42 39 et
1489 1230 41 40 le
1554 1227 165 43 témoin
1745 1227 56 42 de
1829 1228 148 41 toutes
2002 1227 65 42 les
2095 1226 324 56 contingences
2453 1239 53 29 en
2543 1227 39 41 la
2617 1226 82 42 cité

566 1303 279 44 considérée.

684 1386 237 44 Comment
944 1387 175 41 aboutir
1146 1386 331 53 pratiquement
1499 1385 113 42 dans
1636 1383 65 41 les
1729 1382 335 45 circonstances
2088 1382 216 41 actuelles
2332 1380 22 43 à
2391 1381 308 42 l'élaboration

564 1461 104 40 d'un
695 1460 56 41 tel
778 1460 103 54 plan
902 1458 22 42 ?

682 1541 46 44 Si
755 1542 86 42 l'on
867 1541 118 42 avait
1009 1542 38 41 le
1071 1543 161 51 temps,
1258 1542 133 39 avant
1413 1537 363 55 d'entreprendre
1801 1537 41 41 la
1866 1536 354 43 reconstruction
2241 1536 82 42 des
2342 1534 111 42 cités
2472 1534 228 51 détruites,

563 1614 56 42 de
642 1611 108 45 faire
774 1614 56 42 de
855 1613 41 42 la
917 1612 185 51 théorie,
1127 1612 56 42 de
1206 1611 161 43 fonder
1389 1611 82 42 des
1494 1611 152 43 écoles
1669 1609 226 54 spéciales
1918 1621 59 29 ou
2002 1608 223 42 normales
2250 1609 42 41 et
2325 1608 55 41 de
2419 1606 166 44 former
2622 1607 81 42 des

564 1686 266 49 urbanistes,
855 1684 224 55 peut-être
1114 1682 281 54 pourrait-ôn
1433 1681 180 54 espérer
1646 1681 197 53 quelque
1884 1679 101 42 bien
2026 1677 105 44 d'un
2172 1679 200 54 appareil
2408 1678 294 53 méthodique

564 1757 240 54 grandiose
828 1759 44 38 et
895 1754 309 56 parfaitement
1227 1753 235 55 équilibré.
1488 1750 110 45 Cela
1625 1753 73 41 eût
1724 1763 57 42 pu
1808 1752 89 42 être
1922 1762 85 32 une
2031 1750 128 44 tâche
2199 1750 58 42 du
2298 1752 148 52 temps
2486 1749 56 42 de
2582 1749 118 55 paix.

564 1828 206 43 D'autres
804 1835 111 49 pays
1019 1827 65 43 les
1123 1824 263 44 Etats-Unis
1419 1823 301 54 d'Amérique,
1757 1821 302 58 l'Angleterre,
2100 1821 294 56 l'Allemagne
2526 1821 177 42 avaient

563 1899 246 44 carrément
848 1899 171 43 entamé
1060 1900 113 40 cette
1196 1909 152 31 œuvre
1373 1896 163 54 depuis
1560 1907 80 43 pas
1664 1895 85 42 mal
1775 1894 214 43 d'années
2013 1898 131 38 avant
2168 1894 41 42 la
2232 1905 170 43 guerre.
2430 1893 96 43 Une
2549 1904 154 31 œuvre

562 1971 222 55 analogue
809 1970 197 55 pourrait
1044 1969 89 43 être
1169 1968 246 54 entreprise
1453 1968 108 41 chez
1602 1978 113 30 nous
1754 1978 108 30 avec
1902 1968 231 53 avantage,
2173 1976 174 31 comme
2387 1964 233 42 corollaire
2660 1964 43 40 et

569 2041 337 56 parallèlement
929 2041 24 43 à
977 2041 185 42 l'œuvre
1183 2041 54 41 de
1263 2040 367 42 reconstruction.

688 2112 116 42 Mais
827 2125 113 42 pour
961 2112 199 42 l'instant
1184 2122 114 31 nous
1323 2120 198 32 sommes
1542 2110 132 42 saisis
1697 2109 24 41 à
1756 2110 40 40 la
1819 2120 137 44 gorge
1982 2120 77 43 par
2092 2109 81 41 des
2208 2107 249 42 nécessites
2491 2106 211 43 brutales.

568 2185 126 43 Nous
718 2185 174 42 devons
917 2183 190 55 prendre
1131 2183 82 41 des
1237 2194 201 30 mesures
1472 2181 254 56 d'urgence,
1753 2180 298 54 improvisées
2077 2192 52 35 en
2149 2180 167 56 grande
2342 2180 154 53 partie,
2521 2181 42 39 et
2586 2190 117 30 nous

567 2267 167 32 savons
759 2267 101 42 que,
888 2255 173 43 bonnes
1084 2266 57 29 ou
1161 2253 268 50 mauvaises,
1456 2253 39 41 la
1530 2253 177 54 plupart
1739 2255 42 39 et
1820 2252 65 42 les
1924 2252 103 53 plus
2067 2251 291 53 importantes
2391 2249 168 42 d'entre
2593 2249 110 42 elles

568 2331 109 39 vont
715 2338 195 44 engager
948 2326 184 43 l'avenir
1166 2324 447 44 irrémédiablement.
1640 2322 239 44 Comment
1909 2322 108 43 faire
2058 2335 114 43 pour
2203 2322 141 43 éviter
2375 2333 88 42 que
2487 2322 41 42 le
2553 2332 70 31 raz
2646 2321 57 43 de

569 2398 148 43 marée
750 2398 76 55 qui
851 2409 24 31 a
905 2397 144 43 réduit
1071 2397 24 40 à
1128 2397 134 42 néant
1292 2398 93 39 tant
1414 2396 55 41 de
1493 2396 269 53 splendeurs
1784 2393 288 44 accumulées
2095 2404 53 32 au
2182 2404 134 32 cours
2339 2393 82 42 des
2454 2392 164 43 siècles
2648 2403 55 31 ne

569 2470 88 42 soit
681 2470 128 55 point
831 2469 114 42 suivi
971 2465 56 46 de
1061 2468 239 43 l'invasion
1324 2467 104 43 d'un
1455 2468 138 42 océan
1618 2467 56 42 de
1701 2467 146 43 fautes
1870 2469 43 40 et
1945 2467 56 42 de
2035 2467 196 42 laideurs
2265 2465 75 54 qui
2368 2464 280 43 banniraient
2679 2462 25 43 à

571 2544 94 39 tout
685 2542 161 54 jamais
870 2553 113 42 pour
1006 2540 41 42 la
1071 2539 213 56 postérité
1306 2539 244 42 l'occasion
1569 2539 56 41 de
1649 2539 265 53 poursuivre
1940 2549 76 31 sur
2048 2549 85 31 une
2158 2538 149 42 bonne
2333 2536 122 50 base,
2481 2538 42 40 et
2546 2535 76 55 qui
2647 2547 55 30 au

571 2614 146 42 moins
751 2613 135 42 laisse
910 2613 207 42 ouvertes
1157 2613 148 40 toutes
1339 2610 65 43 les
1439 2609 291 54 possibilités,
1770 2610 185 41 l'œuvre
1992 2609 246 42 millénaire
2275 2608 55 42 de
2366 2606 159 44 beauté
2566 2609 42 41 et
2645 2606 57 42 de

571 2683 185 57 progrès
780 2683 407 43 momentanément
1208 2681 338 55 interrompue?

690 2752 436 52 Concordance,
1151 2752 410 46 coordination
1588 2752 109 42 c'est
1720 2764 53 30 en
1792 2754 98 40 cela
1913 2752 108 54 qu'il
2045 2751 94 43 faut
2166 2751 214 42 chercher
2403 2750 40 42 le
2467 2750 131 42 salut.

689 2825 123 46 C'est
834 2826 40 42 le
900 2826 198 42 moment
1119 2825 56 43 de
1199 2836 49 31 se
1282 2825 212 42 souvenir
1527 2836 88 42 que
1643 2825 35 42 si
1714 2825 56 42 de
1804 2826 94 41 tout
1921 2827 147 51 temps
2092 2824 28 41 il
2143 2836 27 42 y
2198 2835 25 30 a
2246 2835 54 30 eu
2335 2822 81 43 des
2450 2822 253 42 urbanistes

568 2897 273 43 théoriciens
875 2909 56 30 ou
968 2895 240 57 praticiens
1232 2919 55 5 —
1321 2895 83 43 tels
1442 2895 148 50 Wren,
1626 2890 203 57 l'Enfant,
1865 2893 300 52 Haussmann,
2200 2891 125 53 Sitte,
2349 2893 195 42 d'autres
2567 2892 136 42 —de

569 2971 96 40 tout
696 2972 146 51 temps
875 2968 122 42 aussi
1033 2968 66 42 les
1133 2967 191 55 peuples
1358 2970 89 48 ont,
1484 2978 173 31 comme
1691 2967 58 42 M.
1772 2967 212 56 Jourdain
2017 2966 150 43 faisait
2199 2966 56 42 de
2290 2966 41 42 la
2361 2976 146 44 prose,
2530 2964 79 42 fait
2646 2964 56 41 de

569 3041 290 42 l'urbanisme
883 3051 107 32 sans
1020 3039 38 42 le
1084 3039 161 42 savoir.

689 3109 161 52 Quand
874 3112 55 43 ils
953 3123 55 31 ne
1032 3111 94 43 s'en
1145 3111 232 41 doutaient
1396 3122 81 43 pas
1502 3109 58 42 du
1585 3112 94 39 tout
1702 3112 42 40 et
1767 3109 135 55 qu'ils
1926 3108 278 44 obéissaient
2225 3107 25 43 à
2285 3109 94 41 leur
2403 3119 82 42 pur
2509 3107 193 54 instinct,

569 3197 56 29 ou
652 3184 23 43 à
708 3184 82 42 des
828 3183 291 56 suggestions
1156 3183 230 42 utilitaires
1424 3180 230 55 imposées
1692 3192 79 44 par
1804 3182 40 40 la
1877 3180 237 51 nécessité,
2138 3192 57 30 ou
2224 3179 161 43 èncore
2420 3178 24 42 à
2482 3189 86 31 une
2603 3177 99 43 idée

571 3254 362 43 communément
958 3254 221 56 partagée,
1199 3253 177 43 d'ordre
1400 3253 196 53 éthique,
1620 3253 109 42 dont
1748 3253 95 42 l'art
1865 3250 66 45 de
1965 3253 123 40 leur
2125 3252 225 54 époque
2388 3249 66 43 fut
2486 3250 39 42 le
2566 3249 136 51 reflet,

815 3316 1464 16 »'ji.,■•.-'
1303 3316 122 16 ;
2295 3316 1 16 '
2421 3316 4 16 *
2438 3316 1 16 •
2511 3316 1 16 ■
2526 3316 3 16 .
2563 3316 3 16 .
2577 3316 2 16 .
2588 3316 1 16 .
2650 3318 38 8 ...

665 3457 53 41 (1)
743 3457 149 32 Termes
910 3456 114 32 admis
1043 3456 292 39 provisoirement
1366 3455 19 31 à
1415 3453 118 33 défaut
1563 3456 31 30 et
1623 3453 88 32 dans
1743 3455 154 30 l'attente
1926 3453 42 32 de
1996 3455 129 30 termes
2156 3452 77 41 plus
2260 3451 270 41 complètement
2562 3453 32 30 et
2627 3451 76 39 plus

569 3519 219 32 exactement
807 3516 212 33 révélateurs
1039 3516 42 31 de
1099 3516 74 31 leur
1192 3517 164 30 contenu.
