2268 3850
754 252 148 28 COURS
939 249 59 27 DU
1033 238 199 37 COLLÈGE
1268 245 57 27 DE
1358 241 172 30 FRANCE

138 260 51 31 72

808 448 73 42 III.
916 471 50 6 —
987 446 188 42 Période
1191 443 259 43 transitoire.

198 610 136 42 Entre
357 610 172 40 l'année
557 610 118 49 1548,
707 612 57 36 où
797 604 96 43 finit
917 604 38 41 le
978 609 136 46 règne
1153 602 77 41 des
1267 604 233 50 mystères,
1524 606 43 33 et
1605 597 63 41 les
1709 593 163 43 débuts
1906 593 54 40 de
1983 588 161 57 l'opéra

144 680 227 47 moderne,
395 676 283 52 l'interrègne
713 683 65 33 est
804 680 86 36 très
919 673 120 41 riche
1075 686 54 27 en
1169 670 319 53 compositions
1521 664 257 47 musicales,
1820 664 116 39 mais
1974 671 170 34 surtout

144 763 54 27 en
221 750 206 51 musique
461 746 236 50 religieuse
719 753 41 31 et
795 744 207 52 musique
1037 742 53 40 de
1131 739 234 50 chambre;
1404 749 113 42 pour
1552 735 12 40 1
1585 734 140 47 Italie,
1770 741 111 32 cette
1917 744 141 40 pause
2095 732 49 42 de

145 815 213 42 l'histoire
396 815 57 41 du
492 815 152 40 drame
682 814 172 52 lyrique
887 810 166 43 s'étend
1092 806 206 57 jusqu'en
1340 819 101 41 1594
1499 817 113 41 pour
1635 803 40 40 la
1714 802 185 49 France,
1941 800 134 53 jusqu
2094 814 50 29 en

150 889 70 47 167
237 898 10 25 1
266 899 10 35 ;
304 898 112 39 pour
438 883 310 50 l'Allemagne,
771 880 206 54 jusqu'au
997 879 151 41 milieu
1173 878 59 41 du
1254 892 105 26 xvm
1364 881 15 17 e
1396 874 147 42 siècle.
1564 871 70 42 Au
1657 871 126 54 point
1797 871 54 40 de
1872 882 87 28 vue
1982 871 162 51 spécial

145 954 57 40 du
228 953 167 41 théâtre
438 953 170 52 lyrique
645 950 208 52 français,
896 950 39 40 la
977 949 236 41 transition
1251 959 99 28 vers
1390 946 11 39 1
1423 953 65 32 art
1521 942 215 41 moderne
1763 948 66 33 est
1866 942 278 50 représentée

146 1036 80 39 par
248 1022 62 41 les
334 1020 158 41 ballets
515 1021 53 40 de
591 1033 105 28 cour
718 1027 40 33 et
798 1033 79 38 par
906 1018 219 53 quelques
1160 1016 143 41 essais
1327 1014 54 41 de
1416 1011 202 43 comédie
1660 1024 57 28 ou
1741 1009 54 41 de
1819 1008 202 51 tragédie
2046 1022 98 28 avec

145 1091 221 50 musique.

199 1157 86 41 Les
310 1157 158 41 ballets
491 1165 75 32 ont
586 1156 77 42 fait
698 1156 64 41 les
800 1155 161 41 délices
984 1155 53 41 de
1069 1152 246 43 l'ancienne
1349 1150 276 43 monarchie.
1666 1147 65 43 Le
1776 1149 196 52 premier
2011 1155 67 33 est
2110 1148 34 41 le

144 1226 142 40 Ballet
332 1225 190 55 comique
563 1226 49 40 de
645 1224 40 41 la
724 1224 135 41 Reine
897 1237 57 29 ou
995 1223 124 41 Circê
1125 1255 9 16 ,
1158 1223 148 41 donné
1325 1235 55 28 en
1408 1223 119 49 1581,
1553 1231 107 29 sous
1688 1217 139 42 Henri
1845 1216 74 52 111,
1943 1230 115 40 pour
2081 1217 60 41 les

147 1308 131 28 noces
297 1295 58 40 du
372 1295 82 40 duc
489 1294 53 40 de
555 1294 191 56 Joyeuse
776 1301 41 33 et
840 1293 52 41 de
915 1292 46 41 M
965 1290 40 26 lle
1025 1293 55 41 de
1098 1291 302 48 Vaudemont,
1421 1303 122 28 sœur
1560 1288 55 41 de
1654 1288 40 40 la
1721 1288 121 41 reine
1884 1285 169 42 Louise
2092 1286 50 43 de

144 1362 216 43 Lorraine
385 1373 10 40 ;
421 1376 196 38 ouvrage
633 1365 244 51 important
893 1375 113 40 pour
1029 1360 230 49 l'histoire,
1282 1374 74 28 car
1392 1360 204 49 l'auteur,
1637 1356 244 42 Balthazar
1920 1355 55 42 de
1998 1355 116 42 Beau-

144 1433 173 52 joyeux,
343 1432 62 40 dit
442 1431 130 53 qu'en
616 1431 167 42 mêlant
809 1431 38 41 la
872 1432 166 52 poésie,
1077 1431 38 40 la
1141 1431 138 40 danse
1300 1437 41 33 et
1365 1428 39 41 la
1448 1428 226 52 musique,
1708 1426 30 41 il
1774 1440 21 26 a
1820 1425 138 42 voulu
1984 1438 20 25 «
2039 1424 105 43 faire

147 1501 145 52 parler
313 1501 38 40 le
374 1499 150 51 ballet,
548 1513 53 28 en
614 1499 163 42 faisant
795 1499 181 42 chanter
995 1508 42 32 et
1058 1503 212 37 résonner
1302 1498 39 41 la
1360 1497 199 42 comédie
1576 1509 38 36 »,
1642 1509 47 28 ce
1724 1497 78 51 qui
1852 1503 67 33 est
1954 1494 97 54 déjà
2089 1508 55 27 un

146 1581 286 40 programme
454 1567 193 54 d'opéra.
674 1567 32 42 Il
723 1583 26 38 y
766 1583 22 26 a
811 1567 386 42 d'innombrables
1220 1567 110 42 fêtes
1348 1572 58 36 où
1423 1566 37 41 la
1482 1567 210 52 musique
1708 1573 66 33 est
1794 1565 201 40 associée
2016 1567 22 37 à
2061 1577 83 28 une

146 1638 111 40 mise
280 1651 52 27 en
369 1642 129 36 scène
517 1642 86 36 très
626 1637 212 41 luxueuse
861 1645 41 33 et
926 1641 21 36 à
969 1638 77 40 des
1066 1637 265 50 madrigaux
1357 1647 9 40 ;
1390 1649 57 28 on
1468 1644 105 45 peut
1607 1636 108 40 citer
1757 1634 144 53 parmi
1940 1633 64 41 les
2046 1633 98 53 plus

146 1706 141 41 beaux
311 1704 159 43 ballets
496 1719 8 28 :
530 1718 54 28 en
612 1709 118 48 1615,
755 1706 40 40 \Q
813 1705 228 53 Triomphe
1052 1706 51 39 de
1125 1704 193 42 Minerve
1325 1737 8 18 ,
1357 1718 113 40 pour
1493 1704 146 54 lequel
1657 1704 39 40 le
1710 1705 306 51 compositeur
2033 1701 84 43 Gué-

146 1774 110 42 dron
280 1788 208 39 composa
512 1788 60 27 un
596 1776 65 39 air
692 1787 76 29 sur
807 1774 78 42 des
917 1774 174 53 paroles
1110 1774 54 41 de
1200 1773 233 42 Malherbe
1454 1785 9 37 ;
1508 1788 55 27 en
1589 1777 123 50 1617,
1738 1773 40 41 la
1814 1772 260 42 Délivrance
2098 1772 46 40 de

146 1842 182 41 Renaud
334 1873 8 18 ,
362 1849 56 35 où
437 1842 137 42 Louis
596 1842 97 42 XIII
708 1843 139 41 dansa
870 1851 42 33 et
934 1849 57 35 où
1011 1858 59 26 un
1094 1843 225 41 orchestre
1340 1843 55 41 de
1428 1856 48 40 45
1502 1844 260 47 musiciens,
1786 1855 105 28 avec
1916 1842 55 42 60
2009 1841 108 41 chan-

146 1919 134 41 teurs,
299 1910 63 42 fut
383 1912 143 50 dirigé
548 1925 79 39 par
646 1911 205 42 Mauduit
868 1922 9 40 ;
901 1925 54 28 en
989 1914 119 49 1648,
1130 1912 39 41 le
1206 1911 143 41 Ballet
1367 1912 56 40 du
1449 1912 289 54 dérèglement
1745 1943 8 15 ,
1774 1917 58 36 où
1856 1912 40 40 le
1928 1912 189 52 composi-

146 1988 110 40 teur,
289 1978 191 53 Mollier,
502 1988 129 44 parut
659 1993 54 28 en
751 1981 107 40 trois
894 1990 225 32 costumes
1157 1980 259 49 différents,,
1429 1985 22 36 à
1475 1983 96 39 côté
1591 1981 78 41 des
1700 1981 101 53 plus
1837 1979 198 43 célèbres
2069 1981 57 40 sei-

144 2061 165 37 gneurs
329 2048 52 41 de
404 2047 39 42 la
463 2061 106 28 cour
588 2059 7 37 ;
614 2062 55 28 en
697 2053 118 48 1659,
838 2049 40 40 la
899 2049 171 42 célèbre
1101 2049 226 41 Pastorale
1355 2050 54 41 de
1426 2049 147 42 l'abbé
1589 2049 159 42 Perrin
1770 2058 42 33 et
1836 2050 54 41 de
1914 2049 229 49 Cambert,

146 2118 74 51 qui
255 2115 64 42 fut
342 2121 202 37 exécutée
582 2131 53 27 en
664 2121 120 45 1660,
803 2131 113 39 pour
952 2119 38 40 le
1014 2120 200 49 mariage
1236 2119 53 41 de
1315 2117 141 43 Louis
1477 2118 100 42 XIV
1613 2129 41 32 et
1674 2119 54 41 de
1764 2119 379 48 Marie-Thérèse,

144 2198 104 28 avec
270 2183 40 43 le
334 2187 229 39 sous-titre
600 2186 53 41 de
687 2188 261 51 «première
989 2188 201 40 comédie
1211 2186 221 53 française
1455 2202 55 27 en
1530 2190 213 52 musique
1764 2201 20 25 »
1811 2199 8 38 ;
1854 2202 55 27 en
1950 2192 122 48 1663,
2108 2188 36 41 le

143 2252 141 42 Ballet
299 2254 71 39 des
388 2261 84 33 arts
478 2287 9 18 ,
504 2260 57 36 où
584 2254 45 40 M
633 2253 39 29 lle
691 2255 52 41 de
767 2254 211 52 Sévigné,
998 2256 39 40 la
1063 2255 145 43 future
1227 2256 47 42 M
1278 2261 48 19 me
1345 2257 54 41 de
1421 2256 223 52 Grignan,
1659 2256 48 44 fit
1731 2271 70 28 ses
1821 2256 163 43 débuts
2006 2261 23 37 à
2053 2260 91 39 côté

143 2321 59 41 du
226 2324 63 39 roi
310 2323 74 52 qui
402 2322 176 42 dansait
612 2338 60 26 un
697 2324 91 41 rôle
807 2324 53 41 de
895 2324 161 52 berger
1089 2339 9 35 ;
1127 2338 54 29 en
1211 2325 122 51 1664,
1356 2326 40 41 la
1426 2325 117 42 Mort
1578 2326 217 41 d'Adonis
1802 2359 9 18 ,
1852 2329 210 51 musique
2095 2326 49 41 de

145 2388 183 42 Boesset
350 2399 57 41 et,
427 2404 54 28 au
531 2392 169 41 théâtre
721 2392 59 41 du
802 2392 184 51 Marais,
1012 2393 62 41 les
1105 2393 189 42 Amours
1316 2395 50 40 de
1376 2395 176 55 Jupiter
1582 2402 37 35 et
1638 2396 50 40 de
1712 2395 163 41 Sèmèlé
1883 2428 8 17 ,
1924 2395 138 42 ballet
2094 2395 50 41 de

145 2457 51 41 P.
218 2458 146 53 Boyer
393 2467 42 33 et
469 2458 178 42 Mollier
671 2472 9 33 ;
717 2473 55 28 en
805 2465 117 47 1666,
946 2461 39 41 le
1021 2477 21 25 2
1066 2463 250 52 décembre,
1342 2478 57 28 au
1434 2464 187 42 château
1661 2465 54 41 de
1751 2463 364 44 Saint-Germain-

144 2524 211 54 en-Laye,
381 2527 40 40 le
443 2527 139 40 Ballet
603 2529 70 39 des
706 2527 141 42 Muses
853 2560 10 20 ,
901 2529 54 42 de
990 2530 269 53 Benserade,
1286 2546 103 28 avec
1434 2547 43 38 13
1503 2538 175 38 entrées
1703 2547 9 38 ;
1754 2534 39 42 le
1823 2533 230 57 Triomphe
2095 2534 47 40 de

143 2592 193 41 Bacchus
372 2595 106 38 dans
501 2594 56 41 les
586 2595 125 40 Indes
717 2628 8 18 ,
750 2597 54 40 de
826 2596 200 44 Boesset.

201 2660 67 41 En
291 2665 142 38 même
456 2672 159 44 temps,
640 2664 29 41 il
692 2663 93 44 faut
807 2667 281 41 mentionner
1127 2671 218 40 certaines
1381 2672 146 52 pièces
1567 2676 355 49 accompagnées
1956 2672 54 42 de
2046 2687 66 28 mu-

147 2731 141 50 sique,
310 2731 52 40 de
383 2731 177 48 danses,
595 2733 54 40 de
682 2746 20 25 «
726 2734 228 42 machines
974 2748 37 36 »,
1040 2750 173 29 comme
1235 2736 26 44 Y
1264 2738 277 43 Andromède
1561 2738 145 56 (1647)
1799 2741 11 42 l
1816 2756 22 26 a
1868 2741 164 42 Toison
2056 2741 88 42 d'or

147 2795 164 55 (1660),
332 2799 52 41 de
404 2799 47 40 P.
486 2799 238 53 Corneille,
749 2802 38 41 le
819 2802 203 57 Mariage
1040 2807 48 50 fo
1094 2810 66 37 rcè
1181 2806 158 54 (1664),
1381 2809 63 41 les
1487 2809 181 42 Amants
1700 2810 294 57 magnifiques
2028 2820 42 34 et
2107 2811 37 42 le

150 2864 246 55 Bourgeois
409 2868 306 53 gentilhomme
735 2868 163 57 (1670),
918 2873 53 41 de
994 2873 201 44 Molière.

202 2931 87 42 Les
311 2934 123 41 dates
456 2937 292 52 importantes
765 2940 53 40 de
838 2948 110 33 cette
972 2943 194 51 période,
1195 2948 21 36 à
1239 2960 59 26 un
1329 2955 124 33 autre
1473 2949 123 52 point
1620 2948 54 42 de
1695 2962 100 34 vue,
1823 2958 103 33 sont
1950 2962 7 28 :
2001 2950 123 40 l'arri-

147 3006 78 35 vée
262 3002 131 41 dune
426 3013 153 44 troupe
620 3008 227 48 italienne,
885 3011 183 52 appelée
1103 3013 329 52 par'Mazarin,
1477 3018 75 52 qui
1576 3018 103 52 joue
1714 3018 38 42 le
1769 3021 196 51 premier
1997 3023 137 49 opéra

149 3082 56 39 qu
226 3082 54 28 on
303 3071 57 40 ait
372 3086 56 26 vu
454 3076 21 36 à
498 3072 144 52 Paris,
668 3075 40 39 la
726 3076 110 50 festa
859 3077 202 42 theatrale
1083 3082 112 40 délia
1219 3082 128 42 Tinta
1371 3084 141 55 Pazqa
1530 3087 53 41 de
1607 3085 190 51 Sacrati,
1824 3101 55 28 en
1889 3091 122 50 1645,
2054 3089 66 40 sui-

146 3138 84 47 vie,
256 3151 54 27 en
341 3152 116 40 1547?
482 3141 53 40 do
558 3142 11 39 1
590 3141 349 56 Or/èodeLuigi
964 3146 132 44 Rossi
1113 3164 10 33 ;
1219 3151 202 44 l'arrivée
1439 3155 52 41 de
1514 3154 137 53 Lulli,
1678 3157 159 52 appelé
1863 3161 21 36 à
1911 3157 130 42 Paris
2064 3171 80 40 par

149 3206 37 39 le
209 3206 218 42 chevalier
447 3209 53 40 de
523 3207 152 55 Guise,
701 3225 54 28 en
783 3217 102 48 1646
910 3225 90 38 ;
1026 3230 54 29 en
1106 3222 102 50 1669
1231 3219 15 53 (
1253 3235 19 26 2
1280 3224 21 38 $
1338 3222 126 54 juin),
1491 3224 63 41 les
1574 3225 152 41 lettres
1753 3235 206 44 patentes
1999 3241 120 27 accor-

147 3274 105 41 dant
288 3289 57 26 un
381 3278 213 51 privilège
630 3283 21 36 à
676 3279 170 54 Perrin,
882 3286 112 39 mais
1025 3284 171 45 bientôt
1229 3295 244 49 révoquées
1517 3292 139 53 (mars
1685 3296 121 51 1672)
1848 3310 55 28 au
1936 3295 134 55 profit
2091 3296 52 40 de

146 3340 118 42 Lulli
286 3375 10 17 ,
390 3359 53 26 en
472 3350 116 48 1670,
612 3348 39 40 la
672 3350 230 50 signature
924 3353 57 41 du
1006 3354 87 41 bail
1111 3370 112 39 pour
1242 3359 40 42 la
1306 3364 305 41 construction
1630 3364 54 42 de
1707 3364 41 42 la
1763 3365 111 41 salle
1889 3366 54 41 de
1962 3364 176 58 l'Opéra

148 3425 78 37 par
249 3411 242 51 Guichard,
516 3416 230 44 intendant
769 3420 58 40 du
851 3419 83 42 duc
956 3422 253 46 d'Orléans.

202 3480 124 43 Cette
367 3486 177 50 période
584 3487 53 41 de
678 3491 235 40 transition
955 3504 96 30 sera
1094 3505 174 35 surtout
1308 3500 298 43 intéressante
1639 3517 54 28 au
1718 3505 126 52 point
1874 3505 54 42 de
1960 3519 85 29 vue
2067 3507 76 41 des

146 3564 167 29 mœurs
336 3554 251 42 musicales.
