2268 3850
744 256 145 28 COURS
923 256 57 26 DU
1016 246 198 36 COLLÈGE
1247 253 56 26 DE
1338 249 168 28 FRANCE

132 265 52 39 70

130 355 227 52 exception
379 349 120 55 (avec
524 363 86 28 une
651 348 261 52 inscription
948 360 75 26 sur
1052 345 39 41 le
1120 358 99 26 mur
1255 343 224 41 antérieur
1508 340 54 41 de
1593 339 40 41 la
1668 335 179 56 scène);
1886 337 112 40 mais
2041 334 29 40 il
2106 347 20 27 a

132 425 145 39 moins
299 419 318 54 d'importance
641 430 85 40 que
746 415 110 42 celui
880 414 285 54 d'Epidaure.

186 491 73 41 IV.
353 489 36 40 A
421 491 94 38 côté
535 487 52 41 de
619 499 70 28 ces
713 484 193 52 grandes
939 496 179 28 sources
1139 480 352 47 d'information,
1518 492 56 28 on
1599 485 104 46 peut
1727 476 289 42 mentionner
2051 472 77 41 des

132 561 259 40 documents
427 558 53 39 de
517 555 202 41 moindre
746 554 168 49 valeur,
955 561 40 32 et
1031 553 75 52 qui
1143 551 343 53 appartiennent
1527 555 175 33 surtout
1736 549 21 37 à
1796 545 11 40 1
1828 542 299 50 archéologie.

130 628 125 42 Nous
275 626 247 54 possédons
544 639 58 25 un
626 624 166 40 certain
828 621 187 42 nombre
1040 621 53 40 de
1125 621 141 52 jetons
1293 632 53 27 en
1386 619 140 40 ivoire
1550 630 57 27 ou
1634 628 54 28 en
1715 627 49 28 os
1787 612 9 52 (
1805 619 164 34 tesserœ
1977 610 11 53 )
2021 610 113 41 dans

132 697 191 52 lesquels
362 708 56 28 on
438 708 22 26 a
498 708 57 26 vu
595 706 102 27 avec
736 692 149 40 raison
920 690 77 40 des
1031 697 364 43 contremarques
1435 687 54 40 de
1529 685 189 42 théâtre.
1760 681 116 42 D'un
1916 683 112 45 côté,
2069 687 65 32 est

131 765 177 50 l'image
327 762 396 53 d'unpersonnage
739 760 341 52 mythologique
1094 770 57 28 ou
1165 757 265 51 historique,
1451 768 56 28 ou
1531 769 59 26 un
1607 751 223 43 emblème
1848 765 9 34 ;
1892 749 53 41 de
1961 748 172 48 l'autre,

132 849 59 26 un
214 831 150 43 chiffre
391 840 40 33 et
461 846 58 26 un
543 843 104 28 nom
671 842 53 27 en
745 842 117 37 grec,
889 841 45 27 se
962 834 260 45 rapportant
1248 829 22 36 à
1291 823 177 52 l'image
1492 823 150 53 placée
1661 835 75 27 sur
1759 819 158 42 l'autre
1937 817 108 41 face.
2072 815 62 42 Le

132 901 150 41 chiffre
304 909 65 32 est
391 901 147 39 donné
560 902 22 37 à
616 899 40 39 la
679 896 85 42 fois
787 911 52 26 en
864 898 153 48 signes
1042 896 131 39 latins
1195 892 71 54 (en
1294 892 125 52 haut)
1447 901 41 32 et
1520 905 54 27 en
1608 891 150 40 lettres
1797 900 219 40 grecques
2036 887 74 49 (au-

130 967 224 54 dessous).
378 967 85 41 Ces
484 976 363 41 contremarques
866 965 345 51 appartiennent
1236 975 104 28 sans
1372 962 134 40 doute
1525 958 21 41 à
1571 957 207 55 l'époque
1802 956 249 54 impériale,
2077 961 57 34 où

131 1051 57 27 on
209 1038 136 52 jouait
369 1040 21 36 à
412 1033 40 42 la
475 1034 83 41 fois
579 1047 112 40 pour
711 1033 77 40 des
808 1031 137 42 Grecs
964 1040 40 32 et
1021 1032 77 39 des
1117 1031 234 41 Romains.
1378 1028 276 41 L'emblème
1678 1027 186 52 indique
1888 1038 86 28 une
1994 1026 140 50 partie

129 1107 58 39 du
221 1106 182 44 théâtre,
427 1112 40 31 et
489 1103 36 39 le
561 1101 151 41 chiffre
741 1101 38 40 le
821 1114 110 36 rang
955 1106 55 34 où
1035 1112 45 27 se
1105 1100 191 40 trouvait
1338 1099 38 39 la
1402 1098 140 52 place.
1569 1097 191 40 Comme
1799 1108 71 28 ces
1903 1096 144 52 jetons
2081 1106 53 28 ne

130 1181 174 46 portent
327 1172 156 52 jamais
506 1170 53 40 de
598 1168 151 42 chiffre
790 1170 231 51 supérieur
1045 1172 21 35 à
1103 1181 62 38 15,
1197 1180 56 27 on
1279 1180 21 26 a
1326 1170 139 49 pensé
1502 1163 133 56 qu'ils
1669 1166 224 39 servaient
1933 1176 113 40 pour
2068 1162 65 40 les

137 1254 39 38 15
206 1241 211 52 premiers
437 1251 149 38 rangs,
613 1242 197 36 réservés
842 1250 81 27 aux
946 1244 274 45 spectateurs
1262 1235 257 53 privilégiés
1556 1242 223 45 occupant
1801 1233 63 40 les
1898 1245 139 37 rangs
2062 1232 48 39 in-

130 1310 197 40 férieurs.
351 1306 71 43 On
446 1322 22 25 a
494 1308 120 40 aussi
652 1306 232 51 beaucoup
908 1305 193 41 d'autres
1125 1313 366 43 contremarques
1505 1301 48 54 (?)
1577 1316 55 27 en
1666 1301 141 42 forme
1840 1302 55 40 de
1919 1301 215 40 monnaie

130 1377 53 40 de
206 1376 151 54 plomb
379 1376 20 55 (
399 1374 162 57 piombi
561 1376 17 49 )
600 1387 222 40 pourvues
844 1373 331 53 d'inscriptions
1199 1381 40 32 et
1256 1372 54 41 de
1332 1370 169 53 figures
1525 1370 216 41 diverses.

864 1526 56 42 II.—
1025 1526 58 41 Le
1105 1540 150 39 moyen
1277 1525 98 54 âge.

187 1652 77 40 Tel
289 1659 80 40 est,
391 1654 21 37 à
435 1650 167 51 grands
625 1651 140 48 traits,
792 1649 37 40 le
861 1649 129 40 cadre
1026 1662 86 39 que
1135 1647 86 42 l'on
1247 1657 105 44 peut
1378 1648 174 41 donner
1578 1651 21 36 à
1622 1660 88 28 une
1745 1647 134 40 étude
1903 1647 59 40 du
1983 1646 155 41 drame

131 1721 171 52 lyrique
324 1721 111 39 dans
470 1717 248 55 l'antiquité
743 1733 9 35 ;
777 1727 41 33 et
838 1719 124 41 telles
998 1727 101 32 sont
1138 1718 62 40 les
1223 1731 180 29 sources
1440 1716 341 42 d'information
1814 1722 58 35 où
1912 1713 89 44 l'on
2033 1724 103 45 peut

131 1790 168 51 puiser.

188 1856 121 41 Dans
333 1857 38 40 la
403 1856 189 41 seconde
620 1856 170 50 grande
813 1856 193 52 période,
1033 1857 75 51 qui
1131 1864 65 32 est
1215 1868 173 28 comme
1405 1868 86 28 une
1515 1859 186 37 énorme
1719 1854 269 53 parenthèse
2012 1861 124 34 entre

132 1925 40 40 la
205 1927 217 50 première
443 1933 41 32 et
507 1924 38 40 la
571 1925 240 47 troisième,
835 1938 129 39 parce
996 1938 100 39 que,
1124 1932 94 33 tout
1240 1938 54 27 en
1332 1932 167 33 restant
1534 1922 130 43 fidèle
1693 1938 55 27 au
1792 1925 200 52 principe
2018 1922 54 40 de
2095 1922 38 43 la

131 1993 225 50 tradition,
381 1993 81 40 elle
498 1994 263 51 interrompt
800 2007 60 26 un
887 2001 183 32 courant
1106 1995 92 50 qui,
1225 1998 128 47 après
1378 1993 99 48 elle,
1523 1997 245 48 reparaîtra
1790 1993 113 40 dans
1929 1992 39 40 le
1990 1995 146 37 même

131 2074 118 38 sens,
271 2075 112 27 nous
407 2070 181 32 entrons
612 2061 112 40 dans
744 2076 58 26 un
831 2061 161 42 monde
1016 2075 220 36 nouveau,
1263 2062 111 40 celui
1399 2062 58 41 du
1481 2075 163 39 moyen
1665 2065 83 48 âge
1765 2061 214 40 chrétien.
2007 2059 129 43 Nous

130 2143 188 39 passons
341 2130 54 40 de
414 2130 40 40 la
483 2129 190 51 religion
706 2129 52 41 de
793 2129 223 54 Dionysos
1040 2134 21 36 à
1086 2131 107 40 celle
1215 2130 60 41 du
1296 2129 167 52 Christ,
1497 2131 59 40 du
1578 2132 269 51 paganisme
1872 2134 22 36 à
1920 2130 40 40 la
1985 2129 146 42 Bible.

130 2196 86 43 Les
239 2198 144 41 seules
409 2198 229 50 analogies
682 2211 102 28 avec
824 2198 113 51 l'âge
978 2199 233 52 précédent
1254 2208 98 32 sont
1389 2199 62 41 les
1489 2200 230 40 suivantes
1741 2199 73 41 Me
1834 2199 154 40 drame
2022 2207 114 33 reste

129 2266 200 47 musical,
355 2266 230 53 populaire
612 2275 41 32 et
677 2266 255 53 liturgique.
976 2266 190 54 L'esprit
1196 2268 94 40 seul
1314 2276 65 32 est
1404 2277 94 32 tout
1522 2277 125 31 autre
1667 2280 9 38 ;
1710 2268 98 41 l'art
1846 2270 136 39 aussi.
2008 2266 128 42 Nous

130 2348 137 28 avons
285 2334 75 41 des
383 2348 174 27 œuvres
572 2336 317 40 intéressantes
912 2345 40 31 et
983 2334 83 42 fort
1086 2338 240 46 curieuses,
1351 2339 114 38 mais
1498 2350 47 28 ce
1567 2350 54 28 ne
1645 2346 99 32 sont
1763 2337 102 52 plus
1888 2337 78 41 des
1990 2335 119 43 chefs-

129 2402 194 42 d'œuvre
353 2416 172 27 comme
548 2417 54 27 au
626 2411 142 44 temps
797 2402 236 55 d'Eschyle
1061 2413 41 32 et
1124 2404 54 41 de
1211 2404 239 53 Sophocle.
1491 2404 121 43 C'est
1645 2406 39 40 la
1706 2406 181 52 période
1910 2406 78 40 des
2012 2404 90 54 Mys-

130 2475 127 36 tères.
284 2470 231 41 Certaines
552 2470 107 42 fêtes
697 2472 274 52 populaires,
1012 2477 352 48 accompagnées
1397 2473 134 41 d'une
1570 2474 180 50 liturgie
1784 2477 76 50 qui
1896 2475 106 40 était
2038 2474 97 52 déjà

132 2552 85 27 une
241 2540 109 38 mise
372 2552 54 27 en
447 2543 143 43 scène,
674 2552 173 28 comme
866 2540 39 40 la
922 2540 82 40 fête
1025 2541 52 40 de
1100 2539 111 42 Noël
1230 2555 105 26 avec
1362 2542 39 40 le
1424 2540 131 43 défilé
1575 2543 79 40 des
1669 2543 256 52 prophètes,
1949 2543 40 40 la
2013 2541 100 42 Nati-

130 2608 103 44 vité,
258 2605 276 42 l'Adoration
559 2607 76 40 des
661 2621 153 37 mages
837 2616 41 32 et
898 2609 76 39 des
1008 2609 197 51 bergers,
1246 2610 39 40 le
1316 2623 223 28 massacre
1576 2611 78 40 des
1679 2610 254 48 Innocents,
1957 2611 38 40 la
2021 2620 117 32 mort

132 2674 278 41 d'Hérodeet
433 2675 39 40 la
496 2674 109 41 fuite
621 2688 54 27 en
689 2674 172 54 Egypte
884 2691 8 33 ;
930 2677 37 40 le
991 2677 117 52 cycle
1142 2679 53 39 de
1219 2677 179 54 Pâques
1418 2688 41 32 et
1502 2679 38 41 la
1567 2679 211 48 Passion,
1802 2680 129 41 l'idée
1957 2680 181 41 terrible

133 2743 58 39 du
204 2742 236 53 Jugement
462 2743 174 40 dernier
659 2757 103 27 avec
784 2757 80 28 son
898 2754 184 43 partage
1105 2747 58 40 du
1190 2747 163 41 monde
1378 2761 54 27 en
1455 2748 113 41 deux
1587 2762 255 40 royaumes,
1863 2748 155 42 l'enfer
2042 2758 40 32 et
2099 2750 39 40 le

134 2810 77 40 ciel
236 2821 7 37 ;
269 2810 61 40 les
355 2811 202 40 miracles
579 2811 52 40 de
653 2810 300 44 Notre-Dame
978 2822 40 32 et
1053 2815 77 40 des
1164 2817 155 47 saints,
1448 2817 81 41 tels
1560 2827 103 31 sont
1689 2818 64 41 les
1776 2818 218 41 éléments
2035 2816 101 44 d'où

134 2886 64 32 est
222 2879 121 45 sorti,
369 2892 78 38 par
470 2893 85 26 une
591 2882 225 39 extension
841 2882 215 41 naturelle
1095 2884 53 40 de
1184 2884 39 40 la
1256 2885 195 51 liturgie,
1499 2886 38 41 le
1560 2886 154 42 drame
1747 2887 59 41 du
1847 2900 162 38 moyen
2035 2891 98 47 âge.

136 2944 124 42 Nous
283 2959 53 27 ne
373 2947 166 40 devons
568 2961 80 39 pas
678 2948 166 42 hésiter
866 2954 22 36 à
918 2948 221 44 l'annexer
1162 2956 21 36 à
1203 2951 213 43 l'histoire
1440 2954 53 41 de
1517 2954 40 41 la
1581 2957 225 51 musique,
1830 2969 74 27 car
1926 2955 40 41 le
1988 2956 124 53 plain-

134 3013 131 42 chant
285 3013 63 53 s'y
365 3023 153 32 trouve
538 3018 184 47 associé,
745 3019 84 39 soit
852 3032 114 38 pour
987 3020 77 40 des
1087 3021 194 51 chœurs,
1308 3023 85 40 soit
1412 3035 115 40 pour
1551 3023 77 42 des
1651 3023 99 42 soli.

191 3081 124 41 Cette
335 3083 178 51 période
536 3096 253 30 commence
812 3086 77 41 dès
912 3087 39 40 le
972 3102 58 26 XII
1036 3099 15 19 C
1073 3089 132 41 siècle
1228 3103 103 28 avec
1357 3091 38 40 le
1423 3091 76 40 Jeu
1521 3092 186 41 cTAdam
1737 3101 41 34 et
1800 3106 46 28 se
1871 3095 189 40 termine
2081 3108 54 27 au

136 3150 151 40 milieu
323 3150 57 40 du
403 3166 68 24 xvi
477 3156 15 17 e
515 3152 144 49 siècle,
686 3159 56 35 où
783 3169 59 25 un
873 3160 113 37 arrêt
1009 3157 57 40 du
1102 3157 271 49 Parlement,
1401 3160 102 41 daté
1548 3161 57 41 du
1640 3176 43 37 17
1726 3162 245 41 novembre
2014 3166 120 49 1548,

136 3217 157 42 défend
317 3232 82 27 aux
426 3219 222 42 confrères
668 3222 52 40 de
738 3222 38 40 la
802 3222 190 43 Passion
1019 3238 19 25 «
1064 3225 53 41 de
1139 3227 124 51 jouer
1283 3228 39 40 le
1345 3234 193 47 mystère
1561 3231 54 39 de
1649 3230 38 40 la
1715 3230 188 42 Passion
1931 3232 54 40 de
2009 3241 128 32 notre

138 3286 257 50 Sauveur»,
423 3292 21 36 à
464 3302 131 27 cause
619 3289 76 40 des
719 3289 178 43 libertés
920 3302 40 31 et
983 3293 78 41 des
1093 3300 125 35 excès
1241 3298 77 50 qui
1355 3299 177 39 avaient
1556 3296 78 42 fini
1655 3313 81 38 par
1757 3313 45 27 se
1823 3300 165 50 glisser
2022 3301 115 41 dans

139 3355 115 40 leurs
280 3357 158 51 pièces.
465 3355 35 42 C
519 3366 64 31 est
608 3359 191 52 quelque
818 3359 135 42 chose
987 3374 173 29 comme
1186 3363 39 41 le
1245 3365 302 42 modernisme
1568 3367 198 41 chrétien
1790 3382 55 27 en
1870 3371 188 39 matière
2082 3370 54 41 de

137 3422 185 50 théâtre,
341 3425 263 52 condamné,
625 3435 109 32 cette
760 3426 99 50 fois,
878 3442 80 38 par
981 3428 222 44 l'autorité
1223 3433 143 41 civile.

193 3491 125 42 Cette
350 3493 194 52 période,
586 3496 74 51 qui
697 3496 166 40 s'étend
893 3497 58 40 du
993 3512 57 26 xn
1055 3503 15 18 e
1108 3498 131 42 siècle
1273 3505 22 36 à
1338 3506 118 46 1548,
1498 3512 65 32 est
1603 3504 185 53 remplie
1826 3519 81 39 par
1945 3521 59 26 un
2047 3512 89 37 très

138 3561 140 50 grand
330 3560 185 43 nombre
560 3562 52 41 de
650 3563 177 41 drames
870 3578 7 26 :
927 3579 113 28 nous
1076 3580 55 29 en
1172 3571 296 40 connaissons
1513 3585 84 37 400
1635 3574 203 45 environ»
1899 3575 25 40 d
1945 3576 191 42 étendue
