2268 3850
723 273 146 30 COURS
904 270 56 28 DU
996 255 199 39 COLLÈGE
1228 260 56 28 DE
1318 251 170 33 FRANCE

108 286 137 40 66

194 384 7 6 .
449 380 7 9 ,
500 375 9 14 ,
569 373 21 17 r
595 388 23 15 tl
753 365 490 38 j..v
790 370 16 18 e
825 360 127 43 siècle
978 374 11 24 :
1026 356 141 47 phase
1199 348 189 44 obscure
1429 351 40 33 et
1504 337 227 58 primitive
1766 336 58 37 où
1857 328 42 42 le
1921 327 190 47 théâtre,

277 398 19 25 6
472 395 36 80 ,^
518 395 49 40 34
567 395 2 91 :
399 451 66 35 été
488 454 149 32 œuvre
658 437 53 42 de
733 434 111 43 libre
863 427 216 45 initiative
1102 418 248 57 populaire,
1373 422 174 33 comme
1567 417 102 33 tous
1692 404 63 41 les
1778 407 148 34 autres
1949 404 163 42 genres

117 468 386 104 décomposition,
528 509 178 43 devient
724 501 134 43 chose
876 483 147 56 d'État
1041 506 10 36 ;
1077 488 84 43 elle
1189 493 68 36 est
1280 478 343 61 probablement
1643 465 292 49 caractérisée
1958 473 81 43 par
2057 473 61 28 un

322 580 229 114 îTScÎT
1097 628 64 41 les
1184 633 91 33 arts
1295 620 59 43 du
1389 615 176 56 rythme
1595 620 43 33 e,
1676 608 64 43 les
1760 613 92 35 arts
1872 600 249 56 piastres

122 735 173 35 comme
317 732 112 43 pour
447 717 66 43 les
536 651 292 106 sdels/le
858 646 143 109 gran'd
1021 712 20 25 ,
1067 694 132 43 siècle
1222 691 53 41 de
1308 684 198 45 recelés
1595 679 61 43 La
1697 674 172 43 théone
1902 663 219 49 mus,cale

189 798 6 6 •
244 793 73 30 w
354 789 195 34 nrfrUée
584 783 117 40 alors
725 785 88 35 sert
834 783 160 33 encore
1027 768 55 40 de
1120 765 108 41 base
1257 765 23 37 à
1321 766 127 33 notre
1481 752 358 49 enseignement,
1873 749 41 33 et
1932 740 64 39 les
2036 749 68 27 îes

124 872 181 33 sources
325 851 224 49 essenheU
556 864 20 28 e
584 864 18 28 s
642 849 56 41 de
729 854 127 33 notre
894 841 135 51 opéra
1062 841 101 33 sont
1186 831 165 41 restées
1374 823 135 44 celles
1529 818 56 44 de
1613 816 40 43 la
1689 808 201 56 tragédie
1923 813 200 43 souque.

127 933 71 40 On
218 938 102 45 peu.
338 925 249 48 distinguer
607 933 8 28 :
640 917 41 44 le
706 920 135 46 régne
861 905 251 53 d'Eschyle,

129 1011 201 112 iÛsqu'Tu
691 1047 226 58 Sophocle
937 1052 43 33 et
993 1034 257 56 d'Euripide
1270 1027 206 61 jusqu'en
1496 1042 25 35 4
1526 1039 26 28 o
1559 1039 16 38 S
1603 1037 10 35 ;
1628 1022 112 43 celui
1760 1011 368 56 d'Aristophane,

130 1138 72 35 nui
226 1129 240 44 comorend
486 1128 38 39 le
546 1124 176 41 dernier
745 1125 129 46 quart
896 1114 58 41 du
975 1109 144 43 siècle.

185 1203 37 47 c)
245 1201 57 40 Le
330 1197 66 42 IV
397 1202 14 19 e
428 1194 138 46 siècle,
589 1197 57 35 où
670 1189 88 41 l'on
781 1183 192 54 exploite
1003 1177 233 47 l'héritage
1258 1170 59 41 du
1344 1165 257 57 précédent,
1625 1168 44 33 et
1700 1171 96 40 qui,
1822 1164 190 40 marque
2034 1161 73 28 sur-

133 1283 73 33 tou
248 1284 78 36 par
347 1282 61 28 un
430 1263 141 54 grand
607 1258 369 52 développement
1007 1248 55 42 de
1083 1246 42 41 la
1149 1241 239 51 technique
1410 1236 59 41 du
1502 1230 249 46 comédien,
1777 1239 45 28 se
1845 1232 188 33 termine
2056 1231 77 41 par

133 1354 84 31 une
237 1328 529 56 nouveUeorganisation
800 1324 77 42 des
917 1321 99 54 jeux
1040 1314 236 52 scéniques
1300 1312 23 37 à
1347 1305 207 53 l'époque
1577 1301 54 41 de
1652 1298 257 41 Démétrius
1934 1291 56 40 de
2017 1287 87 42 Pha-

137 1411 98 119 klJ)
260 1476 57 41 La
345 1471 172 57 période
540 1467 83 41 dite
648 1464 92 39 «de
762 1458 232 44 décadence
1017 1467 38 33 »,
1082 1465 84 40 peu
1189 1457 189 36 connue,
1415 1442 213 51 marquée
1651 1448 81 41 par
1751 1433 40 41 la
1816 1429 60 42 fin
1895 1429 59 41 du
1990 1429 131 49 génie

142 1551 199 37 créateur
363 1550 41 32 et
425 1540 64 40 les
510 1538 187 53 progrès
716 1531 59 42 du
799 1526 158 43 métier.
1337 1530 5 5 '

198 1630 19 24 2
222 1625 17 19 o
256 1612 120 41 Chez
400 1608 62 41 les
486 1603 236 46 Romains,
747 1599 108 41 dont
885 1592 155 57 j'aurai
1062 1587 228 44 d'ailleurs
1309 1596 87 40 peu
1429 1579 54 42 de
1506 1577 135 41 chose
1665 1588 21 25 a
1712 1571 110 47 due,
1843 1582 58 28 on
1938 1571 104 47 peut

142 1685 156 40 lonner
314 1692 78 40 par
414 1677 60 39 les
494 1674 124 40 dates
641 1671 228 40 suivantes
889 1676 86 29 une
997 1658 185 43 histoire
1205 1654 60 42 du
1288 1652 171 43 théâtre
1483 1652 57 36 où
1561 1645 39 41 la
1623 1652 211 41 musique
1867 1650 21 31 a
1907 1646 88 31 une
2018 1631 123 55 place

143 1763 49 41 Pr
199 1817 41 54 a)
258 1817 68 40 I)e
343 1739 279 127 la*première
644 1801 350 58 représentation
1012 1796 105 42 d'un
1131 1794 154 40 drame
1308 1789 124 40 imité
1450 1785 78 42 des
1544 1781 137 43 Grecs
1697 1791 82 41 par
1791 1775 155 42 Livius
1967 1768 177 50 Andro,-

146 1886 140 47 nicus,
310 1898 53 28 en
387 1894 79 39 240
488 1885 132 36 avant
637 1874 103 43 l'ère
759 1870 275 43 chrétienne,
1055 1860 174 58 jusqu'à
1253 1860 42 40 la
1321 1864 115 35 mort
1459 1855 56 40 de
1543 1851 204 48 rérence,
1770 1860 55 28 en
1855 1856 75 41 159
1948 1874 9 18 ,

263 1954 47 49 b)
311 1952 25 42 De
354 1964 89 38 159,
466 1949 212 52 septième
701 1941 129 43 siècle
855 1940 53 40 de
931 1937 40 41 la
994 1933 233 44 fondation
1251 1928 53 41 de
1324 1926 162 44 Rome,
1507 1926 22 37 à
1552 1921 11 40 1
1581 1925 175 48 époque
1780 1914 26 41 d
1829 1913 204 50 Auguste
2052 1940 10 16 ,

203 2022 36 55 c)
256 2021 61 41 La
344 2017 177 56 période
538 2015 54 40 de
611 2011 213 52 l'empire,
851 2007 211 51 marquée
1079 2015 79 39 par
1180 1996 237 44 l'invasion
1440 1992 58 42 du
1524 1991 152 45 mime,
1709 1993 42 33 et
1774 1984 41 41 la
1836 1979 311 45 souveraineté

150 2090 278 45 nrogressive
451 2086 56 40 du
530 2081 286 54 pantomime.

206 2158 86 42 Les
314 2154 165 54 grands
500 2149 363 45 chefs-d'œuvre,
888 2143 102 42 d'où
1012 2140 102 41 s'est
1147 2135 167 54 inspiré
1337 2130 95 43 l'art
1455 2129 174 53 lyrique
1653 2123 230 44 moderne,
1909 2125 103 35 sont
2046 2128 104 28 ceux

151 2229 57 42 du
231 2242 25 25 v
260 2232 15 19 e
295 2224 144 42 siècle.
462 2220 125 44 Nous
611 2228 197 32 sommes
830 2214 91 41 loin
950 2210 53 41 de
1025 2205 213 57 posséder
1258 2213 99 30 tous
1377 2200 64 41 les
1458 2198 178 40 drames
1653 2193 232 41 musicaux
1909 2201 76 40 qui
2023 2196 105 30 uren

152 2297 233 48 composés
405 2292 161 40 durant
606 2294 110 34 cette
742 2281 196 56 période.
976 2276 88 42 Les
1084 2274 219 42 richesses
1332 2270 55 41 de
1420 2265 250 52 l'antiquité
1705 2271 115 31 nous
1844 2259 310 50 apparaissent

154 2375 172 32 comme
361 2361 63 41 les
465 2365 137 33 restes
623 2354 106 42 d'un
767 2349 231 51 naufrage.
1026 2345 64 42 De
1126 2342 233 50 beaucoup
1394 2337 55 41 de
1488 2339 155 49 poètes
1665 2330 30 42 il
1721 2342 53 28 ne
1806 2326 199 43 subsiste
2045 2333 106 37 rien,

156 2431 102 45 sauf
277 2431 118 42 leurs
418 2439 142 29 noms.
583 2420 259 53 D'Eschyle,
869 2419 73 53 qui
966 2416 117 41 avait
1105 2412 212 52 composé
1333 2401 403 59 quatre-vingt-dix
1758 2398 179 41 drames
1961 2393 194 54 lyriques

157 2501 200 45 environ,
372 2507 112 30 nous
500 2494 99 40 n'en
621 2502 136 30 avons
776 2501 85 40 que
881 2492 121 46 sept:
1022 2477 252 46 Prométhée
1297 2468 223 55 enchaîné,
1534 2472 58 39 les
1614 2468 103 53 Sept
1741 2472 145 34 contre
1911 2460 174 49 Thebes,
2121 2472 37 25 es

208 2566 573 51 Suppliantes,
471 2562 56 39 les
555 2560 156 47 Perses,
1153 2548 255 69 Agamemnon,les
1409 2543 97 55 Choéphores,
1507 2541 257 39 les
1834 2532 63 40 De
1915 2530 241 52 Sophocle,

162 2641 22 35 à
203 2636 74 47 qui
300 2647 55 27 on
375 2646 53 27 en
453 2645 21 25 a
517 2627 190 43 attribué
739 2632 97 34 cent
856 2622 161 53 quinze
1057 2613 247 55 (Dindorf),
1346 2623 114 29 nous
1483 2622 55 28 en
1571 2618 141 29 avons
1745 2601 254 53 également
2036 2604 120 46 sept.

162 2701 162 57 Œdipe
361 2699 81 47 roi,
482 2697 163 54 Œdipe
684 2698 23 36 à
761 2692 179 47 Colone,
982 2688 133 54 Ajax,
1172 2683 185 45 Electre,
1403 2678 253 48 Philoctète,
1704 2673 57 40 les
1808 2668 350 44 Trachimennes,

161 2770 236 54 Antigone,
429 2763 282 53 D'Euripide,
742 2761 74 54 qui
839 2773 55 28 en
916 2758 116 40 avait
1054 2754 107 42 écrit
1184 2764 86 29 une
1313 2750 217 45 centaine,
1573 2756 116 30 nous
1721 2755 56 28 en
1799 2737 253 56 possédons
2075 2735 64 40 dix-

165 2836 127 45 neuf:
312 2835 181 47 A/ces/e,
528 2833 321 52 Andromaque,
889 2825 184 47 Electre,
1117 2820 162 47 Oreste,
1304 2816 186 48 Hécube,
1526 2812 183 49 Hélène,
1731 2808 169 46 Médee,
1924 2806 93 46 lon,
2053 2803 89 55 lphi-

169 2905 123 56 qénie
312 2919 51 25 en
405 2900 173 51 Aulide,
599 2897 224 56 Iphigénie
844 2911 51 26 en
923 2894 203 50 Tauride,
1148 2891 180 44 Rhésus,
1368 2883 184 44 Hercule
1562 2888 203 49 Jurieux,
1806 2878 57 40 les
1904 2875 257 53 Tioyennes,

165 2941 60 74 les
249 2970 272 49 Bacchantes,
545 2968 56 40 les
629 2965 265 48 Héraclides,
917 2962 250 56 Hippolyte,
1192 2961 58 39 les
1271 2953 329 47 Phéniciennes,
1624 2949 59 41 les
1719 2944 281 58 Suppliantes
2036 2951 42 33 et
2109 2952 54 29 un

169 3043 151 41 drame
344 3040 227 52 satirique,
590 3036 37 40 le
651 3035 197 54 Cyclope.
874 3031 373 53 D'Aristophane,
1272 3027 78 52 qui
1374 3022 47 43 fit
1439 3026 278 49 représenter
1737 3029 87 30 une
1850 3012 315 54 cinquantaine

169 3112 53 41 de
245 3112 159 52 pièces,
432 3118 111 30 nous
562 3104 100 41 n'en
686 3116 137 28 avons
846 3115 85 40 que
952 3111 131 31 onze:
1101 3099 57 41 les
1180 3093 285 47 Acharniens,
1492 3090 57 41 les
1575 3085 261 47 Chevaliers,
1857 3084 55 39 les
1933 3080 157 50 Nuées,
2116 3078 53 42 les

173 3178 180 53 Guêpes,
378 3176 41 40 la
451 3173 129 47 Paix,
606 3172 57 39 les
698 3170 204 50 Oiseaux,
933 3168 248 54 Lysistrata,
1206 3165 59 41 les
1286 3162 122 41 Fêtes
1446 3160 51 40 de
1728 3155 51 40 de
2117 3146 53 41 les

176 3243 284 47 Grenouilles,
480 3239 267 43 /'Assemblée
768 3239 70 39 des
858 3238 191 52 femmes,
1074 3235 169 41 Plutus.
1264 3230 82 57 J'ai
1387 3230 156 53 plaisir
1585 3230 21 37 à
1632 3235 204 31 nommer
1857 3221 53 41 ici
1934 3226 147 35 toutes
2104 3226 66 31 ces

175 3315 140 41 belles
339 3323 175 30 œuvres
536 3309 261 51 classiques,
825 3306 345 41 contrairement
1209 3316 84 26 aux
1323 3301 128 40 vieux
1477 3308 165 39 usages
1669 3290 357 44 universitaires,
2062 3286 108 41 dans

178 3396 85 28 une
287 3381 185 41 histoire
494 3379 53 39 de
570 3377 183 53 l'opéra.

234 3450 87 40 Les
339 3449 262 40 documents
623 3457 87 41 que
731 3456 112 29 nous
867 3442 252 55 possédons
1139 3454 76 28 sur
1236 3447 111 33 cette
1370 3435 183 54 période
1571 3433 35 41 si
1627 3431 212 42 brillante
1879 3435 101 33 sont
2012 3427 135 39 incom-

176 3520 113 53 plets
308 3531 82 27 eux
413 3517 134 46 aussi,
573 3523 42 32 et
634 3511 166 56 parfois
822 3511 344 52 fragmentaires
1189 3522 58 28 ou
1272 3506 181 42 mutilés
1495 3513 175 31 comme
1707 3499 63 41 les
1793 3508 177 32 œuvres
2012 3498 163 37 mêmes

176 3590 108 40 dont
303 3587 54 41 ils
375 3598 113 30 nous
508 3583 189 55 parlent.
726 3581 56 42 Ils
823 3581 198 42 donnent
1049 3579 89 42 lieu
1162 3582 22 37 à
1220 3577 78 42 des
1322 3573 234 43 difficultés
1596 3570 26 41 d
1641 3567 340 54 interprétation
2020 3577 86 40 que
2136 3572 40 30 se
