2268 3850
619 219 282 40 EXÉCUTIONS
934 232 52 27 ET
1015 232 327 34 PUBLICATIONS
1375 229 231 41 RÉCENTES
1817 251 5 6 •

2071 227 56 60 83

107 314 63 42 les
193 314 165 54 harpes
380 323 42 33 et
436 315 63 42 les
523 317 158 52 flûtes;
706 322 102 51 puis
832 336 58 26 un
916 323 148 43 thème
1086 329 219 49 guerrier,
1326 332 113 42 -le
1462 333 147 43 thème
1623 334 257 53 d'Antoine,
1962 345 165 48 exposé

108 398 80 41 par
224 384 66 42 les
311 385 306 51 violoncelles,
644 390 141 51 repris
821 406 81 38 par
936 392 64 42 les
1038 395 178 44 violons
1254 402 217 51 auxquels
1506 406 237 42 succèdent
1778 407 64 42 les
1865 407 260 44 trombones

108 454 187 53 épiques
315 484 8 19 ,
347 467 114 40 pour
480 454 38 42 le
537 455 215 53 dialogue
769 458 25 42 d
813 473 175 38 amour,
1011 463 41 40 le
1068 474 209 42 quatuor,
1293 469 208 43 combiné
1523 475 174 41 ensuite
1711 488 105 28 avec
1833 477 62 42 les
1915 479 173 40 cuivres
2113 495 9 34 ;

108 531 57 41 et,
187 536 114 41 pour
322 524 38 40 le
382 524 202 43 désastre
606 524 124 51 final,
756 541 60 27 un
836 530 391 46 enchevêtrement
1249 536 54 42 de
1339 547 145 34 toutes
1501 540 64 42 les
1586 543 124 42 idées
1729 545 59 41 du
1811 552 173 47 poème.
2008 547 119 44 C'est

108 592 95 42 bien
222 606 14 33 ;
259 606 49 28 ce
330 591 113 44 n'est
476 608 82 39 pas
581 608 124 30 assez
729 597 254 52 saisissant,
1009 600 104 44 bien
1144 602 107 55 qu'il
1273 620 28 40 y
1321 608 60 40 ait
1404 608 41 41 là
1471 618 93 34 tout
1584 625 47 28 ce
1651 613 106 53 qu'il
1779 614 110 43 faut.
1913 615 120 43 C'est
2067 633 60 28 un

111 676 85 41 peu
231 663 145 54 jeune.
405 663 31 42 Il
470 679 197 40 manque
700 680 88 28 une
810 671 195 41 certaine
1025 672 211 43 intensité
1258 675 53 42 de
1349 677 164 50 vision,
1538 690 111 32 cette
1672 682 180 44 flamme
1867 685 55 42 de
1943 690 184 50 passion

111 746 57 29 ou
191 742 113 33 cette
343 735 260 41 distinction
639 736 53 42 de
728 736 41 42 la
809 736 142 44 forme
976 742 75 51 qui
1089 741 95 43 font
1205 743 65 42 les
1293 759 177 29 œuvres
1498 751 221 42 vraiment
1732 751 154 44 belles.
1909 754 64 43 Le
1992 756 136 43 début

111 817 28 27 n
156 811 66 33 est
262 816 60 39 qu
341 816 87 28 une
456 803 104 53 jolie
583 803 249 45 barcarolle
857 821 9 35 ;
902 807 39 42 le
964 818 116 33 reste
1114 820 69 33 est
1205 812 102 53 plus
1349 815 404 56 mélodramatique
1796 836 85 35 que
1905 827 206 44 trafique

109 871 276 43 convenable
407 873 144 53 plutôt
574 888 87 40 que
681 877 221 51 puissant.

1760 890 145 44 L.H.

112 1034 46 42 M
163 1041 44 17 1116
232 1034 295 45 Ris-Arbeau
547 1038 212 43 continue
779 1039 312 46 vaillamment
1127 1057 81 29 son
1248 1051 246 50 entreprise
1523 1052 219 55 héroïque
1764 1070 56 29 en
1839 1057 171 53 jouant,
2050 1076 79 38 par

112 1118 137 36 cœui,
276 1112 112 34 toute
427 1107 13 40 1
459 1121 154 27 œuvre
651 1108 54 42 de
728 1108 196 56 Chopin.
966 1109 38 43 L
1021 1113 357 55 interprétation,
1420 1123 259 51 supérieure
1714 1138 57 28 au
1806 1128 126 51 point
1964 1129 54 42 de
2044 1145 84 28 vue

115 1173 238 53 technique
375 1175 56 41 de
461 1174 320 53 l'instrument,
821 1187 67 34 est
928 1183 302 51 personnelle,
1265 1187 223 50 originale
1513 1190 169 52 parfois
1705 1193 165 43 subtile
1895 1204 41 33 et
1952 1212 61 27 un
2041 1213 87 38 peu

115 1242 340 44 déconceitante
492 1259 115 39 pour
647 1261 107 28 ceux
789 1250 93 52 qui,
915 1249 218 44 familiers
1173 1268 106 28 avec
1315 1255 63 42 les
1418 1270 222 41 ouvrages
1668 1261 58 42 du
1766 1265 142 50 grand
1936 1268 192 51 pianiste

115 1321 317 45 compositeur,
459 1324 94 39 ont,
577 1329 105 40 poui
713 1317 173 55 chaque
914 1333 224 38 moiceau,
1165 1322 77 42 des
1278 1324 240 44 habitudes
1541 1329 25 39 d
1588 1330 168 48 oreille,
1787 1333 183 54 d'esprit
1999 1345 41 32 et
2076 1336 54 42 de

115 1382 254 41 sentiment.
398 1381 32 42 Il
451 1397 29 40 y
502 1397 23 27 a
568 1385 79 40 des
672 1386 240 43 mazurkas
944 1391 93 51 qui,
1079 1402 105 30 sous
1208 1391 64 42 les
1303 1394 152 52 doigts
1476 1396 55 41 de
1554 1396 47 42 M
1606 1402 48 20 me
1674 1399 324 56 Riss-Arbeau,
2030 1416 99 33 sont

115 1451 345 53 complètement
478 1453 321 43 transformées
820 1471 80 38 par
921 1472 88 27 une
1032 1465 330 45 accentuation,
1387 1477 59 28 un
1474 1466 176 53 rythme
1677 1477 42 33 et
1757 1485 60 27 un
1839 1485 291 32 mouvement

116 1532 249 29 nouveaux.
404 1521 195 52 Parfois,
625 1522 272 57 l'interprète
926 1527 184 55 analyse
1129 1538 41 33 et
1190 1531 179 42 détaille
1391 1535 396 45 minutieusement
1820 1541 41 41 la
1898 1542 162 52 phrase
2090 1545 39 42 la

117 1589 101 53 plus
251 1590 161 54 simple
433 1599 42 33 et
496 1592 39 42 la
557 1593 100 52 plus
680 1609 82 26 une
784 1611 9 34 ;
818 1596 27 40 d
864 1606 151 33 autres
1038 1597 102 51 fois,
1165 1599 85 42 elle
1272 1602 101 53 joue
1410 1607 22 37 à
1451 1603 38 42 la
1514 1603 149 46 bonne
1688 1607 252 56 franquette
1956 1621 42 33 et
2024 1627 104 29 avec

116 1673 89 28 une
226 1659 291 44 indifférence
553 1673 242 44 apparente
834 1667 78 40 des
948 1667 188 54 phrases
1159 1668 103 44 d'où
1284 1670 89 44 l'on
1410 1676 216 41 attendait
1660 1692 57 27 un
1754 1681 174 42 intense
1969 1697 134 39 rayon-

117 1736 182 33 nement
332 1729 56 42 de
416 1733 169 50 poésie.
610 1730 306 47 L'admirable
958 1747 157 33 sonate
1145 1742 76 50 qui
1244 1743 197 40 contient
1470 1743 39 40 la
1535 1745 181 42 marche
1758 1747 188 44 funèbre
1969 1750 82 42 m'a
2088 1753 40 41 le

117 1797 101 54 plus
240 1801 187 51 surpris.
450 1799 63 42 La
539 1805 221 50 première
789 1806 159 51 partie,
973 1806 27 41 d
1018 1822 87 26 une
1143 1808 116 43 belle
1288 1809 169 54 fougue
1499 1818 301 52 romantique,
1844 1833 22 27 a
1907 1824 67 37 été
2012 1823 118 51 prise

121 1875 98 46 trop
240 1869 105 40 vite.
383 1867 66 43 La
473 1871 183 42 marche
680 1886 19 27 a
726 1874 181 53 produit
929 1890 59 27 un
1008 1877 143 51 grand
1174 1877 118 51 effet,
1319 1884 21 37 à
1361 1895 134 28 cause
1517 1883 54 41 de
1597 1884 40 42 la
1660 1885 190 53 parfaite
1884 1889 165 52 égalité
2071 1891 54 42 de

120 1936 175 53 rythme
317 1946 42 33 et
378 1936 256 47 d'intensité
654 1942 176 42 donnée
850 1959 84 26 aux
952 1946 115 42 deux
1082 1956 127 33 notes
1232 1949 55 41 de
1303 1949 40 41 la
1367 1949 133 44 basse
1521 1964 7 28 \
1541 1954 67 50 fa,
1630 1955 67 41 sol
1716 1955 38 47 t>,
1766 1957 73 54 fa,
1863 1959 67 39 sol
1950 1957 37 45 t>,
2011 1969 80 33 etc.

116 2004 37 42 L
171 2007 271 53 impression
492 2010 179 43 devient
719 2011 174 46 bientôt
947 2021 88 37 très
1077 2017 300 56 dramatique.
1416 2021 64 42 Le
1513 2021 149 52 finale,
1698 2029 261 50 expression
1998 2029 135 43 d'une

119 2076 189 43 douleur
350 2078 209 53 éperdue,
607 2095 22 26 a
670 2086 68 38 été
759 2097 59 27 un
842 2097 86 40 peu
948 2084 159 44 confus
1127 2110 46 5 —
1201 2092 22 36 à
1262 2088 195 52 dessein,
1476 2091 40 53 je
1537 2095 113 39 crois
1682 2116 39 7 -
1742 2104 40 31 et
1811 2110 174 29 comme
2016 2100 118 40 voilé

119 2144 24 41 d
162 2159 58 27 un
254 2161 150 36 nuage
440 2162 72 38 pai
559 2149 9 41 1
590 2150 167 54 emploi
776 2153 55 41 de
870 2154 41 40 la
940 2154 174 54 pédale.
1141 2156 274 44 Rubinstein
1453 2159 41 41 le
1531 2161 139 53 jouait
1693 2171 97 34 tout
1832 2168 21 37 à
1877 2166 254 52 découvert,

120 2227 103 28 avec
289 2229 87 27 une
432 2223 163 35 netteté
648 2218 315 57 foudroyante.
1004 2222 64 43 Le
1122 2225 71 52 jeu
1241 2225 55 42 de
1343 2227 44 40 M
1395 2233 47 18 me
1484 2228 308 46 Riss-Arbeau
1834 2248 115 28 nous
1990 2242 144 47 paraît

117 2283 396 50 révolutionnaire,
557 2293 222 47 peut-être
801 2304 133 40 parce
974 2307 59 38 qu
1052 2293 29 40 il
1104 2303 66 33 est
1193 2295 103 54 plus
1329 2297 230 43 conforme
1602 2314 85 40 que
1711 2302 64 40 les
1804 2312 147 33 autres
1977 2309 21 37 à
2021 2314 112 33 cette

115 2351 199 45 fameuse
356 2368 19 25 «
416 2355 214 43 tradition
656 2370 20 26 »
705 2373 88 39 que
816 2369 95 33 tant
934 2361 56 42 de
1016 2377 113 36 gens
1173 2378 47 28 se
1251 2365 173 43 flattent
1449 2368 55 42 de
1536 2370 230 52 posséder.
1809 2370 70 43 En
1912 2383 94 33 tout
2041 2389 92 36 cas,

119 2421 100 43 c'est
256 2438 59 26 un
352 2422 135 43 noble
534 2434 42 33 et
615 2425 113 44 beau
776 2431 224 51 spectacle
1039 2432 167 54 qu'une
1262 2435 102 43 telle
1418 2439 115 40 série
1575 2438 222 44 d'oeuvres
1833 2443 152 47 jouées
2027 2458 106 29 sans

120 2490 260 44 défaillance
414 2507 82 40 par
517 2509 89 28 une
629 2496 101 42 telle
767 2500 169 40 artiste.

1034 2500 143 43 E.T.

177 2580 123 46 —Le
318 2594 21 26 2
344 2586 16 18 e
374 2577 222 59 Cycledes
619 2598 15 39 5
654 2585 223 44 Matinées
890 2590 242 42 musicales
1151 2600 42 33 et
1209 2594 259 52 populaires
1494 2594 251 54 (fondation
1766 2598 176 57 Danbé)
1956 2617 22 26 a
1992 2605 141 51 repris

120 2662 53 30 au
191 2650 171 43 théâtre
379 2651 59 42 du
460 2651 263 56 Gymmase,
750 2656 39 42 le
808 2671 52 40 29
901 2659 188 53 janvier,
1129 2674 116 40 pour
1283 2675 47 28 se
1363 2665 235 42 continuer
1619 2666 206 55 jusqu'au
1859 2674 53 38 26
1952 2670 177 52 février,

120 2732 101 28 avec
240 2720 40 40 le
313 2732 221 31 concours
559 2723 55 41 de
648 2722 46 43 M
699 2728 49 19 me
766 2725 113 56 Jane
903 2726 208 56 Raunay,
1138 2727 46 42 M
1189 2727 39 26 Ue
1249 2730 298 53 Demougeot,
1572 2735 55 40 de
1660 2734 197 55 l'Opéra,
1891 2737 47 42 M
1943 2737 41 26 lle
2016 2739 90 43 Mar-

120 2788 105 42 cella
268 2788 184 53 Preggi,
482 2791 43 40 M
534 2797 64 19 n,cs
630 2792 360 57 Roger-Miclos,
1035 2797 144 43 Marie
1216 2800 214 49 Panthès,
1473 2802 112 42 MM.
1632 2803 141 44 Louis
1813 2806 194 53 Diémer,
2045 2808 85 45 Ed.

121 2854 160 55 Risler,
302 2859 219 52 pianistes
540 2869 9 42 ;
570 2859 115 43 MM.
710 2862 200 53 Delmas,
935 2864 306 54 Plamondon,
1259 2868 56 42 de
1334 2868 198 56 l'Opéra,
1552 2871 230 52 Brémont,
1801 2876 56 40 de
1880 2874 192 46 l'Odéon
2091 2890 43 31 et

118 2924 75 43 des
212 2925 254 45 Chanteurs
489 2929 55 41 de
563 2930 42 42 la
630 2930 323 54 Renaissance,
995 2948 108 29 sous
1125 2935 42 42 la
1200 2937 219 44 direction
1458 2941 55 40 de
1536 2939 61 43 M.
1627 2941 53 43 H.
1719 2942 180 56 Expert.
1924 2946 73 44 On
2027 2960 106 43 peut

121 2990 236 47 s'abonner
376 3010 84 28 aux
485 3010 18 40 5
543 3001 200 51 séances,
770 3015 86 28 aux
878 3003 150 53 places
1051 3008 22 38 à
1099 3019 21 27 2
1144 3004 54 43 fr.
1223 3014 42 34 et
1302 3021 14 26 x
1343 3005 53 43 fr.
1419 3021 66 40 50,
1512 3018 100 33 tous
1645 3012 65 42 les
1732 3013 122 52 jours
1882 3029 56 28 au
1962 3017 171 44 théâtre

121 3061 56 43 du
200 3061 245 59 Gymnase,
470 3068 55 41 de
551 3083 42 28 11
621 3069 45 42 h.
694 3074 22 37 à
741 3073 25 39 6
798 3071 45 41 h.

484 3229 63 39 Le
569 3230 271 49 vaudeville,
860 3232 57 40 tel
940 3246 58 39 qu
1016 3234 30 40 il
1069 3239 205 48 apparaît
1302 3249 76 28 sur
1397 3250 82 28 nos
1507 3244 153 37 scènes
1680 3241 53 41 de
1754 3256 153 37 genre,
1933 3260 104 27 avec
2062 3261 71 27 ses

122 3290 249 46 intentions
392 3294 286 52 bouffonnes,
694 3312 70 28 ses
786 3313 310 41 personnages
1110 3302 223 43 enfermés
1351 3305 113 42 dans
1486 3305 62 44 les
1571 3308 221 55 placards,
1806 3324 70 30 ses
1895 3314 241 43 situations

123 3366 196 49 risquées
339 3366 132 41 sinon
494 3368 134 50 pires,
650 3382 56 28 ne
727 3368 105 43 date
853 3383 82 40 pas
957 3368 157 45 d'hier.
1130 3370 92 43 Car
1239 3370 93 45 c'en
1350 3383 66 33 est
1436 3389 60 28 un
1511 3378 232 51 véritable,
1768 3389 42 33 et
1826 3383 95 40 rien
1944 3383 53 42 de
2015 3384 118 52 plus,

123 3437 107 35 cette
250 3435 198 41 comédie
476 3449 56 29 en
555 3451 59 27 un
634 3446 96 33 acte
752 3439 54 40 de
827 3439 179 52 Favart,
1031 3440 179 43 Isabelle
1232 3449 37 34 et
1299 3443 210 43 Gertrude
1530 3460 56 27 ou
1609 3448 58 40 les
1705 3449 185 57 Sylphes
1910 3453 226 56 supposés,

120 3503 102 46 paré
242 3503 248 53 cependant
531 3506 133 42 d'une
710 3510 209 53 musique
933 3510 109 43 dont
1072 3525 115 28 nous
1223 3512 214 54 publions
1479 3516 287 54 aujourd'hui
1807 3534 60 28 un
1900 3535 235 31 morceau.

174 3566 67 44 Un
259 3573 250 44 vaudeville
531 3589 56 29 ne
603 3589 48 30 se
673 3587 181 33 raconte
876 3581 144 52 point.
1041 3580 136 44 Aussi
1201 3581 192 56 n'irai-je
1415 3597 82 40 pas
1520 3582 211 47 m'aviser
1749 3589 54 41 de
1821 3604 155 29 narrer
1997 3606 81 39 par
2099 3592 39 44 le

172 3153 156 45 NOTRE
352 3172 293 29 SUPPLÉMENT
664 3175 197 28 MUSICAL:
893 3153 287 68 «ISABELLE
1205 3180 52 27 ET
1282 3165 316 54 GERTRUDE»,
1625 3179 199 36 COAIÉDIE
1858 3191 24 25 A
1917 3191 214 30 ARIETTES

121 3236 53 28 DE
197 3224 193 44 FAVART.

166 963 93 43 LES
298 980 196 28 ŒUVRES
518 981 56 27 DE
598 966 193 53 CHOPIN,
817 976 257 38 EXÉCUTÉES
1100 987 84 28 PAR
1207 973 45 44 M
1257 981 47 19 ME
1321 976 319 49 RISS-ARBEAU
1662 984 155 47 (SALLE
1842 987 210 44 PLEYEL).
