2268 3850
646 261 276 37 EXÉCUTIONS
956 266 52 28 ET
1040 259 324 35 PUBLICATIONS
1395 251 231 38 RÉCENTES

133 260 59 47 80

135 383 106 29 sans
262 366 256 45 recherches
553 364 221 48 affectées,
800 375 47 29 ce
876 361 134 42 serait
1042 359 172 43 inutile.
1240 356 118 43 Tout
1391 355 40 42 le
1456 351 165 44 monde
1644 359 66 34 est
1733 343 205 47 d'accord
1977 357 77 28 sur
2094 359 45 29 ce

134 440 137 52 point.
300 437 115 42 Mais
438 435 277 54 j'insisterais
737 432 245 41 volontiers
1016 444 76 27 sur
1120 429 38 41 la
1183 426 167 55 qualité
1370 425 54 41 de
1444 421 222 44 l'élément
1690 416 260 52 mélodique
1992 413 117 42 Abon-

135 508 132 40 dante
288 515 41 32 et
353 505 158 54 pleine,
536 504 38 41 la
616 502 205 49 mélodie,
848 513 53 28 en
925 512 71 29 ces
1019 512 155 40 pages,
1200 496 127 42 coule
1349 494 55 41 de
1428 505 158 29 source
1607 502 105 29 avec
1748 499 87 29 une
1859 484 282 53 spontanéité

137 577 74 52 qui
250 588 53 28 ne
339 583 95 32 sent
474 574 123 52 point
639 569 170 43 l'effort.
835 567 323 54 L'inspiration
1181 566 210 41 demeure
1433 562 202 52 toujours
1667 557 152 42 élevée
1851 562 58 38 et,
1950 551 193 54 quelque

135 644 249 52 complexes
416 656 85 40 que
522 642 201 53 puissent
756 644 91 36 être
878 639 63 40 les
964 635 394 44 transformations
1399 646 55 26 au
1488 641 131 31 cours
1658 627 55 41 du
1753 623 385 52 développement,

137 712 186 54 j'estime
355 712 131 53 qu'on
524 719 102 45 peut
661 719 178 44 partout
861 709 130 41 saisir
1025 706 58 41 du
1108 705 194 54 premier
1322 715 115 39 coup
1461 701 40 40 la
1524 700 165 52 pensée
1712 695 53 40 de
1790 694 12 40 1
1822 701 182 39 auteur,
2033 689 110 44 dans

137 790 110 33 cette
276 781 235 52 technique
534 779 278 53 compliquée
835 778 172 52 chaque
1039 775 191 41 élément
1254 774 203 51 apparaît
1480 769 85 41 mis
1600 780 54 27 en
1676 764 126 54 place
1825 771 41 32 et
1898 774 55 28 en
1976 759 164 41 valeur.

191 849 63 41 Le
277 851 223 40 troisième
520 861 207 28 morceau
759 861 55 28 ne
851 844 170 43 semble
1056 849 137 46 guère
1221 840 227 42 inférieur.
1494 835 119 44 Sans
1651 835 135 40 doute
1832 830 125 42 est-il
1999 830 143 41 moins

138 918 228 53 expressif.
404 917 119 41 C'est
555 917 188 47 naturel,
782 914 239 55 puisqu'au
1050 912 105 42 fond
1180 912 29 40 il
1244 908 114 43 n'est
1381 922 60 39 qu
1462 921 58 27 un
1543 903 169 42 scherzo
1721 934 8 16 ,
1756 916 60 26 un
1840 900 244 49 badinage,
2108 899 34 41 si

137 985 87 42 l'on
248 999 46 28 se
317 987 201 40 souvient
541 985 58 41 du
629 999 101 27 sens
753 984 142 41 initial
918 983 54 41 de
995 995 47 28 ce
1065 988 108 34 mot.
1210 977 267 54 Cependant
1497 974 39 40 la
1559 971 194 43 mélodie
1779 967 265 56 principale,
2064 980 79 28 aux

138 1054 163 42 allures
325 1054 53 40 de
399 1054 131 40 chant
552 1053 246 53 populaire,
824 1065 47 28 se
902 1051 144 42 revèle
1068 1053 131 50 parée
1228 1046 135 42 d'une
1396 1048 133 48 grâce
1552 1039 335 52 mélancolique
1910 1046 40 32 et
1975 1036 166 49 tendre,

140 1123 147 52 quand
308 1122 40 40 la
363 1123 101 39 voix
495 1136 59 27 un
576 1135 83 40 peu
684 1122 123 40 triste
844 1119 104 43 d'un
969 1120 86 41 alto
1087 1117 96 42 solo
1203 1117 39 40 la
1276 1114 81 42 fait
1379 1112 232 47 entendre,
1633 1110 79 42 dès
1736 1108 40 42 le
1804 1106 156 49 début,
1986 1119 77 28 sur
2085 1105 58 41 les

142 1191 179 40 accords
347 1190 207 41 détachés
575 1190 77 41 des
675 1189 156 42 cordes
854 1199 9 31 :

201 1690 151 54 Quant
375 1706 53 27 au
457 1691 176 41 dernier
656 1703 223 35 morceau,
922 1702 19 27 «
973 1689 320 51 Introduction,
1317 1689 138 51 fugue
1474 1698 41 33 et
1537 1686 137 44 finale
1702 1702 40 37 »,
1770 1688 106 43 bien
1900 1701 87 41 que
2010 1686 109 44 beau-

146 1773 112 40 coup
292 1760 53 40 de
367 1761 125 52 juges
515 1759 237 41 excellents
779 1759 272 41 s'accordent
1076 1763 22 36 à
1134 1759 61 40 lui
1220 1759 173 41 donner
1424 1759 40 40 la
1486 1760 221 51 première
1740 1759 145 52 place,
1910 1759 40 53 je
1970 1771 55 28 ne
2048 1771 74 28 sau-

146 1830 87 39 rais
254 1828 294 52 m'empêcher
560 1828 53 40 de
628 1828 40 40 le
682 1836 155 32 mettre
851 1827 268 41 au-dessous
1138 1827 77 41 des
1230 1837 165 31 autres.
1408 1826 50 56 Je
1470 1840 56 28 ne
1541 1829 262 39 méconnais
1819 1828 127 52 point
1966 1827 40 41 le
2018 1841 103 37 gran-

145 1897 122 41 diose
287 1896 58 42 du
366 1895 132 42 finale
514 1903 57 35 où
593 1896 39 41 le
650 1896 144 40 thème
814 1896 52 40 de
883 1894 225 42 bandante
1127 1900 208 49 reparaît,
1352 1894 222 54 magnifié
1588 1911 81 39 par
1684 1897 39 41 la
1740 1898 98 40 voix
1858 1896 78 42 des
1960 1898 185 47 cuivres,

146 1978 54 28 en
239 1964 139 42 forme
400 1966 53 39 de
472 1964 163 41 choral.
661 1964 132 48 Mais,
811 1978 112 40 pour
946 1965 63 41 les
1038 1978 138 39 pages
1199 1965 289 53 précédentes
1511 1972 58 35 où
1594 1968 262 39 reviennent
1877 1966 247 41 successive-

146 2042 120 32 ment
289 2034 61 40 les
372 2034 147 40 divers
541 2033 172 41 thèmes
736 2042 40 32 et
799 2033 54 41 de
885 2032 246 43 nombreux
1152 2034 177 53 rappels
1352 2035 54 40 de
1428 2035 121 41 leurs
1580 2034 400 43 transformations
1999 2038 125 50 précé-

146 2102 153 40 dentes
316 2101 62 41 les
401 2101 98 53 plus
519 2101 243 48 saillantes,
787 2101 107 42 elles
918 2115 53 27 ne
992 2104 224 41 sauraient
1239 2107 92 37 être
1353 2104 248 41 entendues
1625 2118 106 28 sans
1750 2103 188 53 fatigue.
1965 2105 160 53 Impres-

147 2172 96 39 sion
265 2168 284 43 défavorable
569 2169 331 54 qu'expliquent
923 2175 217 48 peut-être
1163 2171 63 42 les
1246 2173 280 42 dimensions
1549 2173 53 41 de
1627 2174 39 40 la
1698 2175 303 52 composition
2025 2172 125 55 (cette

148 2239 264 52 symphonie
435 2239 106 40 dure
565 2252 189 40 presque
773 2253 87 27 une
884 2239 155 52 heure)
1060 2249 40 32 et
1124 2254 86 39 que
1231 2243 120 39 vient
1373 2242 348 43 heureusement
1740 2242 249 43 combattre
2013 2240 136 44 l'éclat

148 2307 52 40 de
229 2307 39 40 la
289 2309 274 50 péroraison.

202 2374 118 53 Quoi
340 2374 106 54 qu'il
466 2390 54 26 en
551 2377 102 47 soit,
678 2385 110 33 cette
811 2378 267 52 symphonie
1108 2379 53 41 de
1185 2378 62 41 M.
1281 2379 158 55 d'indy
1477 2381 212 42 demeure
1719 2396 61 27 un
1803 2391 268 33 monument
2099 2381 52 42 de

149 2444 9 40 1
181 2452 63 32 art
263 2446 350 50 contemporain.
638 2444 55 42 Et
726 2459 120 27 rares
882 2456 101 32 sont
1006 2448 63 40 les
1100 2450 176 39 artistes
1301 2451 94 51 qui,
1418 2453 146 40 même
1606 2465 106 28 avec
1736 2466 60 27 un
1834 2452 315 50 demi-succès,

148 2521 179 32 eussent
357 2514 137 39 réussi
520 2517 21 36 à
566 2522 154 32 mettre
744 2528 76 27 sur
846 2516 99 52 pied
969 2525 65 32 cet
1057 2517 231 41 ensemble
1311 2519 244 52 imposant.

205 2578 153 43 Est-ce
381 2595 59 27 un
463 2580 325 43 chef-d'œuvre
811 2587 16 37 ?
856 2583 129 42 Voilà
1010 2599 60 26 un
1108 2594 94 33 mot
1228 2600 60 39 qu
1308 2587 29 40 il
1358 2601 55 27 ne
1449 2587 94 42 faut
1563 2601 253 40 prononcer
1860 2590 184 54 qu'avec,
2067 2603 83 29 une

150 2652 172 37 réserve
359 2653 190 37 extrême
570 2651 149 52 quand
740 2651 27 40 il
792 2651 131 52 s'agit
958 2651 105 43 d'un
1085 2655 151 41 artiste
1259 2658 357 51 contemporain.
1646 2657 64 43 La
1737 2662 215 50 postérité
1973 2660 177 42 dément

150 2717 35 40 si
226 2726 184 32 souvent
433 2717 39 41 la
506 2718 101 41 hâte
635 2719 104 42 d'un
761 2721 336 43 enthousiasme
1121 2731 97 45 trop
1244 2735 179 43 prompt
1451 2728 7 38 !
1485 2725 119 43 Mais
1628 2729 152 52 quand
1808 2742 54 28 on
1900 2743 139 39 pense
2069 2742 82 41 que

150 2792 120 33 toute
295 2784 294 54 l'Allemagne
618 2790 212 40 musicale
870 2790 210 54 applique
1117 2804 310 32 couramment
1465 2804 114 33 cette
1615 2796 311 54 qualification
1962 2797 187 55 superbe

152 2867 81 26 aux
254 2854 287 52 symphonies
564 2856 54 41 de
640 2855 205 52 Brahms,
872 2860 36 39 si
931 2872 216 41 opaques,
1172 2863 36 39 si
1229 2862 198 51 lourdes,
1454 2865 36 40 si
1515 2864 368 55 désespérément
1906 2867 244 54 classiques

153 2920 111 41 dans
279 2921 38 40 le
338 2924 201 40 mauvais
559 2937 102 29 sens
679 2926 62 40 !...
760 2925 51 55 Je
825 2940 55 28 ne
902 2929 181 40 conclus
1101 2931 141 51 point.
1260 2929 111 44 Plus
1394 2931 225 55 qu'aucun
1633 2935 164 55 peuple
1818 2950 115 28 nous
1957 2948 193 31 sommes

156 2993 189 48 sévères,
377 2992 129 41 sinon
539 2993 202 52 injustes,
767 2999 22 36 à
817 2993 166 52 l'égard
1021 2999 53 40 de
1114 3004 330 40 nous-mêmes.

1847 3071 140 57 H.Q.

1426 3203 40 5 —
1486 3179 144 54 Après
1644 3180 287 57 Rédemption
1945 3184 54 42 de
2013 3183 138 44 César

159 3236 23 34 t
197 3236 151 43 lanck,
371 3236 108 37 dont
501 3236 62 38 M.
585 3236 203 41 Colonne
817 3248 96 32 sent
935 3250 41 31 et
999 3240 78 43 fait
1100 3246 140 39 sentir
1254 3249 391 50 magistralement
1680 3251 207 43 l'intense
1910 3256 169 51 poésie,
2115 3253 36 41 le

155 3298 179 52 lytisme
357 3309 39 32 et
419 3301 36 40 la
490 3303 239 51 giandeur,
772 3319 113 29 nous
924 3323 140 29 avons
1101 3316 244 41 réentendu
1379 3317 40 41 la
1461 3317 110 52 Mer,
1615 3321 172 51 dirigée
1830 3337 80 38 par
1948 3323 11 41 1
1980 3333 168 33 auteur.

156 3365 292 57 M.Debussy
485 3370 147 42 faisait
655 3386 68 27 ses
749 3375 158 43 débuts
950 3392 54 28 au
1023 3383 178 51 pupitre
1218 3394 10 39 ;
1274 3385 30 40 il
1346 3385 105 44 s'est
1488 3393 88 37 très
1593 3389 348 45 heureusement
1985 3395 82 40 tiré
2103 3392 50 42 de

157 3444 109 32 cette
288 3440 204 50 épreuve,
517 3441 112 40 mais
651 3443 28 38 il
704 3451 65 33 est
806 3444 263 54 impossible
1092 3450 54 41 de
1184 3451 40 42 le
1247 3453 128 52 juger
1414 3456 229 44 là-dessus
1685 3473 176 30 comme
1893 3461 106 42 chef
2033 3462 94 42 d'or-

157 3503 185 43 chestre.
388 3505 31 41 Il
459 3506 192 45 faudrait
691 3514 97 38 voir
827 3527 222 32 comment
1080 3519 30 40 il
1148 3520 144 53 dirige
1343 3538 87 28 une
1467 3530 302 51 composition
1802 3540 127 33 autre
1962 3546 89 39 que
2093 3531 59 42 les

160 3572 176 43 siennes
361 3585 8 29 :
400 3588 87 29 une
524 3589 150 30 œuvre
695 3578 54 42 de
771 3579 137 53 Bach,
932 3584 53 41 de
1021 3584 220 57 Rameau,
1265 3590 55 42 de
1357 3591 259 47 Beethoven
1640 3609 58 32 ou
1717 3598 55 42 de
1800 3599 192 44 Mozart.
2019 3599 65 44 Or
2118 3599 35 54 je

214 3160 277 55 «LAMER»,
508 3179 56 26 DE
582 3164 60 42 M.
656 3166 208 44 DEBUSSY
879 3169 526 61 (CONCERTSCOLONNE).
