2268 3850
917 241 414 30 CORRESPONDANCE
1720 257 7 11 ,

2083 243 49 41 91

120 334 126 41 telles
271 346 87 40 que
379 331 66 42 sol
468 329 80 43 %et
566 331 40 41 la
625 327 19 36 b
663 331 151 51 (Essai
834 347 71 26 sur
929 334 41 40 la
991 348 173 40 gamme
1169 367 9 18 ,
1196 350 41 39 p.
1262 335 111 53 384).
1389 335 155 43 Est-ce
1564 336 38 42 là
1617 336 246 42 confondre
1887 349 69 29 ces
1977 345 127 33 notes
2123 337 15 40 ?

173 402 84 56 J'ai
280 402 78 40 fait
381 400 213 42 observer
636 400 202 54 qu'entre
861 402 39 40 la
943 417 181 37 gamme
1148 419 85 38 que
1272 420 111 27 nous
1424 416 186 31 sentons
1633 415 41 32 et
1716 406 108 41 celle
1847 406 77 41 des
1971 409 141 40 instru-

120 480 148 33 ments
307 474 223 49 tempérés
576 470 64 40 les
679 470 264 42 différences
979 481 101 32 sont
1122 474 126 41 telles
1294 489 102 39 que,
1437 480 146 37 même
1622 477 111 40 dans
1777 476 63 41 les
1879 478 256 40 exécutions

122 540 294 43 orchestrales
442 540 62 40 les
528 539 101 53 plus
650 541 227 49 soignées,
898 547 205 34 certaines
1133 544 305 41 modulations
1474 546 381 53 enharmoniques
1876 546 262 53 produisent

121 626 61 27 un
211 609 101 42 effet
348 609 53 41 de
443 607 198 42 fausseté
684 616 94 33 tout
813 613 21 36 à
876 608 79 42 fait
990 610 253 53 déplaisant
1283 611 161 55 {Essai,
1478 629 41 38 p.
1559 613 113 54 220).
1712 614 150 42 Est-ce
1898 615 39 41 là
1975 628 163 28 encore

121 679 249 43 confondre
394 679 64 40 les
495 686 129 33 notes
644 677 386 54 enharmoniques
1055 683 17 36 }

178 748 101 43 Non
303 748 249 41 seulement
575 747 38 53 je
637 760 54 27 ne
723 748 94 40 suis
840 761 81 39 pas
941 748 188 51 aveugle
1218 751 44 39 ni
1289 750 136 41 sourd
1522 765 82 27 aux
1624 752 337 41 inconvénients
1985 751 154 55 qu'ont

121 817 171 56 parfois
306 831 69 28 ces
393 816 275 51 confusions,
684 817 114 40 mais
813 814 70 54 j'ai
898 820 146 38 même
1058 817 185 53 indiqué
1259 818 63 41 les
1337 832 187 40 moyens
1539 833 187 40 propres
1746 825 19 35 à
1782 836 26 38 y
1827 821 217 42 remédier
2057 822 10 52 (
2083 823 52 49 1).

176 887 72 42 Au
292 888 114 52 sujet
448 887 55 41 de
542 898 107 28 mon
690 898 153 29 erreur
881 883 51 55 {})
975 886 53 40 de
1065 886 226 45 méthode,
1336 886 104 43 c'est
1492 889 40 40 la
1571 889 190 54 musique
1806 904 85 39 que
1922 904 112 28 vous
2069 905 71 28 me

122 957 239 54 reprochez
383 955 284 54 aujourd'hui
690 952 15 55 (
710 954 143 41 Revue
889 954 202 41 musicale
1100 988 7 16 ,
1130 969 43 39 p.
1201 955 100 54 605)
1326 956 54 41 de
1421 971 55 28 ne
1506 959 125 52 point
1662 957 175 50 définir,
1862 960 146 41 tandis
2032 961 106 52 qu'il

122 1042 27 39 y
169 1041 22 27 a
213 1027 219 53 quelques
452 1025 223 40 semaines
710 1021 179 52 (Revue,
914 1039 40 38 p.
973 1023 119 55 452),
1117 1023 143 44 c'était
1280 1025 144 54 plutôt
1458 1027 38 41 le
1518 1027 222 41 critérium
1759 1038 180 32 servant
1964 1034 21 36 à
2010 1030 128 52 juger

124 1097 35 39 si
183 1109 87 28 une
294 1108 153 28 œuvre
472 1093 215 42 musicale
710 1101 66 33 est
809 1092 148 42 bonne
994 1107 56 28 ou
1075 1096 232 40 mauvaise

179 1164 124 42 Pour
325 1178 47 28 ce
395 1165 77 52 qui
495 1172 65 32 est
580 1163 54 41 de
654 1162 40 42 la
719 1176 191 42 musique
916 1195 9 18 ,
951 1162 39 54 je
1011 1176 114 28 vous
1154 1165 239 53 répondrai
1418 1178 86 40 que
1527 1166 39 40 le
1595 1180 197 40 manque
1825 1168 54 40 de
1902 1165 236 43 définition

125 1248 86 40 que
232 1247 113 28 vous
371 1234 212 52 critiquez
609 1232 360 53 théoriquement
992 1229 68 44 n'a
1083 1246 80 40 pas
1195 1233 59 41 dû
1272 1233 232 54 beaucoup
1528 1234 307 42 embarrasser
1858 1236 39 41 le
1931 1236 168 41 lecteur
2126 1252 9 35 ;

122 1307 146 38 même
291 1315 105 29 sans
416 1310 111 33 cette
550 1300 235 43 définition
804 1301 108 41 dont
940 1314 114 28 vous
1069 1302 172 40 blâmez
1265 1301 238 53 l'absence,
1526 1304 28 39 il
1576 1317 22 27 a
1620 1309 226 36 sûrement
1869 1306 193 51 compris
2085 1305 54 40 de

126 1373 101 54 quel
249 1382 66 31 art
334 1372 30 41 il
404 1372 148 41 devait
575 1375 92 37 être
703 1372 210 51 question
954 1371 113 40 dans
1090 1384 88 28 une
1206 1371 132 41 étude
1380 1385 76 27 sur
1488 1372 39 40 la
1554 1374 224 51 musique,
1804 1382 41 32 et
1866 1371 68 42 n'a
1969 1386 79 39 pas
2081 1387 57 38 pu

125 1442 190 53 prendre
337 1441 41 41 le
399 1441 174 50 change
595 1453 55 28 en
682 1449 249 44 supposant
968 1437 106 56 qu'il
1102 1437 226 54 s'agissait
1348 1438 103 43 d'un
1491 1449 125 33 autre
1661 1450 79 31 art.

183 1510 121 42 Pour
326 1523 47 28 ce
400 1512 75 51 qui
495 1518 65 33 est
583 1509 59 41 du
667 1509 214 40 critérium
893 1542 7 14 ,
924 1509 108 41 dont
1056 1510 39 52 je
1117 1507 356 52 nied'existence,
1493 1523 113 27 vous
1630 1510 112 40 dites
1768 1523 84 40 que
1879 1524 19 25 «
1922 1508 102 42 c'est
2042 1518 93 33 tout

126 1580 286 53 simplement
437 1579 36 40 le
507 1593 95 25 sens
642 1577 179 41 musical
828 1611 8 18 ,
891 1578 108 42 base
1043 1581 252 39 nécessaire
1350 1579 53 41 de
1449 1587 122 33 toute
1607 1580 170 40 théorie
1817 1580 53 40 de
1907 1580 40 39 la
1991 1581 112 39 musi-

127 1663 86 40 que
237 1662 38 28 ».
391 1648 119 41 Hum
535 1651 8 37 !
571 1646 32 43 Il
636 1661 55 27 ne
715 1649 133 39 serait
875 1662 79 38 pas
985 1648 265 53 impossible
1275 1662 86 40 que
1396 1656 111 34 cette
1545 1646 251 51 définition,
1823 1649 135 53 jointe
1983 1652 20 36 à
2029 1648 109 43 celle

127 1733 87 38 que
228 1731 112 28 vous
363 1718 173 41 donnez
558 1717 53 41 de
634 1716 39 41 la
692 1719 227 51 musique,
944 1719 243 40 constituât
1210 1731 47 28 ce
1289 1731 103 39 que,
1427 1718 59 41 du
1525 1726 145 45 temps
1709 1717 54 41 de
1802 1717 249 48 Descartes,
2079 1730 58 28 on

125 1787 194 54 appelait
341 1787 220 53 poliment
585 1801 58 27 un
668 1786 153 42 cercle.
838 1785 63 42 Le
931 1800 103 28 sens
1057 1787 207 49 musical,
1289 1801 54 28 en
1361 1786 116 51 effet,
1503 1801 72 27 me
1595 1790 142 50 paraît
1755 1786 102 41 bien
1882 1787 253 50 changeant

126 1855 105 43 d'un
272 1856 202 42 individu
519 1860 21 37 à
580 1854 172 50 l'autre,
789 1869 173 29 comme
998 1858 122 40 aussi
1159 1857 133 41 d'une
1327 1861 175 49 époque
1542 1860 21 37 à
1585 1854 169 44 l'autre.
1801 1855 123 42 Vous
1946 1857 139 40 aimez
2117 1860 21 36 à

126 1939 218 41 renvoyer
364 1938 81 28 vos
480 1925 355 42 contradicteurs
860 1940 82 26 aux
961 1926 205 41 manuels
1186 1926 59 41 du
1266 1925 324 42 baccalauréat.
1618 1924 112 42 Bien
1754 1938 86 40 que
1862 1938 71 28 ces
1957 1933 181 33 savants

128 2008 222 38 ouvrages
372 2009 53 27 ne
449 1996 144 40 soient
622 2009 79 39 pas
743 2010 55 26 au
835 1994 189 42 nombre
1044 1996 54 40 de
1119 2009 94 27 mes
1234 1996 133 40 livres
1406 1996 53 40 de
1491 1995 171 48 chevet,
1690 1996 36 51 je
1761 1996 93 39 suis
1893 1995 247 40 convaincu

129 2078 85 40 que
242 2065 36 40 si
299 2077 114 28 vous
440 2079 27 38 y
500 2065 229 40 cherchiez
766 2064 63 41 les
868 2065 256 41 conditions
1147 2066 224 51 imposées
1396 2069 21 35 à
1448 2072 94 34 tout
1583 2065 240 46 critérium,
1861 2076 112 29 vous
2017 2071 98 33 trou-

127 2135 145 40 veriez
296 2147 86 40 que
404 2147 19 25 «
440 2133 39 41 le
503 2147 103 27 sens
626 2133 186 42 musical
836 2146 20 25 »
874 2147 54 28 ne
943 2133 63 41 les
1037 2134 178 53 remplit
1235 2147 80 39 pas
1349 2147 106 27 avec
1478 2147 88 28 une
1589 2135 165 39 entière
1775 2135 196 49 rigueur.

186 2201 127 43 Vous
333 2203 113 41 dites
471 2215 102 40 que,
608 2201 175 54 d'après
807 2203 39 40 la
871 2203 124 41 thèse
1032 2217 85 38 que
1137 2204 38 51 je
1198 2204 215 47 soutiens,
1440 2200 38 53 je
1500 2203 97 40 dois
1639 2210 258 33 commettre
1917 2202 40 40 la
1997 2205 144 36 même

129 2285 155 28 erreur
307 2285 86 40 que
416 2281 100 31 tous
536 2285 80 28 vos
630 2272 369 47 contradicteurs,
1023 2272 193 53 laquelle
1253 2274 193 38 consiste
1470 2276 21 35 à
1517 2272 127 53 juger
1663 2272 39 40 la
1740 2276 164 48 pensée
1926 2271 214 40 musicale

131 2339 174 55 d'après
324 2341 39 40 la
389 2345 163 49 pensée
571 2340 182 42 verbale
795 2340 129 42 Voilà
946 2354 86 28 une
1060 2341 261 41 conclusion
1360 2356 60 26 un
1453 2354 84 39 peu
1568 2340 235 49 douteuse,
1825 2340 235 40 Monsieur
2100 2339 40 40 le

129 2409 244 49 Directeur,
399 2424 75 26 car
496 2412 36 39 si
555 2410 84 40 elle
663 2412 105 38 était
801 2418 165 42 exacte,
999 2423 112 28 vous
1133 2412 147 39 auriez
1304 2424 59 27 un
1387 2410 330 40 contradicteur
1749 2410 52 40 de
1833 2409 116 53 plus,
1975 2417 41 32 et
2041 2409 101 39 bien

129 2481 218 51 imprévu,
370 2479 194 41 celui-là.
604 2476 228 58 J'entends
856 2479 148 53 parler
1035 2492 54 27 en
1126 2478 101 41 effet
1251 2479 53 40 de
1328 2478 61 41 M.
1429 2477 273 42 Combarieu
1737 2479 92 52 qui,
1875 2479 181 40 traitant
2083 2477 59 41 du

130 2549 171 41 théâtre
324 2549 189 52 lyrique,
539 2549 106 40 écrit
668 2550 89 39 ceci
777 2558 7 29 :
828 2546 103 43 «La
951 2549 208 52 musique
1181 2557 66 32 est
1282 2547 236 53 incapable
1541 2548 53 40 de
1625 2561 206 28 nommer
1853 2547 64 41 les
1954 2559 159 41 person-

131 2631 21 24 «
178 2631 155 37 nages,
359 2618 54 40 de
432 2617 254 52 distinguer
707 2616 203 51 Auguste
940 2617 54 41 de
1017 2616 146 42 Cinna
1187 2631 57 27 ou
1283 2615 207 43 d'Emilie
1510 2631 11 35 ;
1543 2617 77 40 elle
1648 2631 50 25 ne
1724 2622 98 49 peut
1846 2617 190 39 traduire
2064 2630 77 39 que

133 2700 20 25 «
176 2686 36 40 le
228 2686 265 54 dynamisme
513 2687 72 39 des
603 2686 213 40 émotions
823 2718 7 8 .
852 2685 63 42 Ce
940 2685 160 54 qu'elle
1122 2686 221 41 demande
1366 2686 115 41 donc
1504 2700 55 27 au
1582 2692 145 47 poète,
1753 2699 47 27 ce
1822 2693 101 33 sont
1947 2685 71 40 des
2041 2687 101 38 états

132 2768 20 26 «
176 2755 185 55 affectifs
382 2761 86 36 très
492 2758 214 39 intenses.
733 2769 20 25 »
778 2755 163 51 (Revue
962 2755 201 41 musicale
1183 2756 58 40 du
1267 2769 41 39 15
1347 2754 236 42 décembre
1612 2769 123 38 1907,
1762 2770 41 38 p.
1843 2754 111 53 591.)
1971 2753 171 53 Voyez-

179 2897 47 43 (i)
246 2899 234 33 Notamment
504 2907 65 32 par
593 2898 33 30 la
656 2895 104 43 façon
783 2895 44 33 de
849 2895 207 33 construire
1075 2898 49 30 les
1157 2895 222 33 instrument
1401 2897 17 30 à
1437 2895 146 33 clavier.
1619 2895 207 35 Helmholtz
1851 2897 95 33 avait
1987 2893 160 44 proposé

133 2947 165 43 l'emploi
315 2949 44 31 de
385 2958 42 31 24
453 2950 151 30 touches
627 2956 64 31 par
710 2953 139 30 octave,
873 2956 41 23 ce
935 2946 63 41 qui
1021 2949 61 30 eût
1100 2946 249 33 terriblement
1375 2946 209 41 compliqué
1616 2946 180 34 l'écriture
1810 2958 93 30 pour
1933 2950 32 30 le
1996 2955 125 31 compo-

132 2998 131 40 siteur,
284 3001 32 30 la
338 3001 135 32 lecture
496 3006 32 25 et
552 2996 216 34 l'exécution
788 3007 95 30 pour
901 2996 166 40 l'artiste,
1090 2998 32 31 le
1154 3003 80 26 tout
1272 3006 83 22 sans
1388 2996 119 42 grand
1546 3004 180 35 avantage
1766 2998 221 42 esthétique,
2013 2998 51 31 les
2104 3005 38 21 12

134 3059 190 23 nouveaux
344 3059 85 21 sons
449 3048 179 40 tempérés
647 3048 99 31 étant
769 3048 82 39 plus
884 3047 165 41 éloignés
1085 3056 71 32 que
1189 3046 50 33 les
1271 3056 39 21 12
1332 3047 175 40 premiers
1531 3046 61 32 des
1616 3054 103 26 notes
1749 3057 71 32 que
1855 3058 92 22 nous
1991 3045 154 35 tendons

134 3100 282 32 naturellement
437 3099 19 31 à
477 3097 160 34 réaliser.
661 3095 68 41 J'ai
754 3097 141 32 montré
916 3096 133 40 {Essai,
1071 3107 34 30 p.
1132 3097 81 42 515)
1234 3106 70 31 que
1330 3095 29 33 si
1383 3097 70 31 l'on
1483 3095 132 42 plaçait
1636 3097 90 31 dans
1752 3099 50 31 les
1833 3107 147 32 orgues,
2001 3099 120 29 harmo-

134 3148 138 39 niums,
293 3156 85 32 etc.,
400 3159 48 21 un
473 3147 225 34 mécanisme
721 3146 137 41 spécial
882 3146 129 41 (décrit
1045 3157 85 22 sous
1154 3149 31 30 le
1209 3156 84 23 nom
1316 3145 225 44 d'ajusteur),
1565 3146 141 33 destiné
1731 3149 19 30 à
1774 3147 135 42 ajuster
1928 3150 50 30 les
2002 3156 38 21 12
2062 3154 84 23 sons

134 3198 44 33 de
199 3200 142 41 chaque
364 3205 127 26 octave
517 3200 17 31 à
558 3200 32 30 la
628 3196 152 33 tonalité
802 3197 47 32 du
873 3203 173 34 moment,
1085 3204 32 25 et
1159 3196 254 33 fonctionnant
1434 3197 353 42 automatiquement
1810 3208 85 22 sous
1936 3195 145 34 l'action
2104 3194 43 33 de

133 3248 158 33 certains
326 3250 82 41 jeux
432 3247 231 42 particuliers
687 3248 54 38 (se
770 3254 254 26 manœuvrant
1046 3255 142 24 comme
1225 3255 88 23 ceux
1343 3246 79 43 déjà
1441 3256 43 22 en
1509 3248 141 41 usage),
1693 3257 46 22 on
1766 3246 164 42 pourrait
1953 3254 194 25 conserver

134 3308 83 22 sans
233 3301 246 40 changement
502 3297 181 34 l'écriture
703 3304 32 25 et
759 3299 51 30 les
836 3297 152 33 claviers
1013 3299 137 31 actuels
1173 3304 35 24 et
1227 3296 146 33 obtenir
1390 3297 215 33 néanmoins
1629 3297 62 32 des
1716 3307 83 23 sons
1825 3299 70 31 très
1920 3298 112 41 justes
2058 3294 89 33 dans

132 3356 82 25 tous
236 3351 50 30 les
306 3356 94 25 tons.
429 3350 51 31 De
511 3351 66 31 tels
600 3348 241 33 instruments
882 3347 160 34 seraient
1069 3349 281 32 naturellement
1371 3358 48 21 un
1446 3358 69 30 peu
1542 3349 83 39 plus
1644 3352 157 28 coûteux
1831 3357 70 32 que
1924 3356 88 24 ceux
2050 3344 78 33 d'au-

131 3398 198 43 jourd'hui,
353 3410 43 22 au
418 3398 119 33 moins
569 3399 91 33 dans
684 3401 49 30 les
757 3398 176 42 premiers
972 3405 117 33 temps
1114 3407 7 29 ;
1150 3396 89 33 mais
1264 3396 25 33 il
1322 3404 54 27 est
1398 3398 180 40 probable
1598 3407 71 32 que
1691 3400 32 29 le
1742 3398 82 42 jour
1846 3399 45 31 où
1912 3407 45 22 on
1982 3406 36 22 se
2053 3394 76 34 déci-

133 3448 117 35 derait
273 3451 19 31 à
315 3458 145 32 essayer
479 3449 43 33 de
541 3451 51 30 les
608 3448 217 39 construire,
844 3448 43 32 ils
910 3447 315 42 supplanteraient
1242 3447 75 33 vite
1333 3450 52 30 les
1418 3448 162 33 modèles
1599 3450 151 36 actuels,
1774 3455 33 25 et
1829 3448 23 32 il
1876 3457 43 23 en
1940 3445 205 34 résulterait

135 3510 48 22 un
200 3509 207 23 renouveau
428 3499 193 34 fructueux
640 3509 93 31 pour
751 3497 208 34 l'industrie
994 3497 61 33 des
1072 3498 170 32 facteurs.
1260 3497 26 32 Il
1321 3497 125 41 existe,
1470 3508 44 24 en
1532 3498 97 41 effet,
1664 3508 70 22 une
1757 3499 176 31 immense
1954 3496 195 32 différence

134 3549 207 43 esthétique
358 3556 102 26 entre
476 3559 70 23 une
561 3549 83 33 voix
668 3551 72 31 très
756 3549 95 42 juste
870 3556 35 26 et
932 3558 71 24 une
1027 3548 81 33 voix
1132 3557 98 24 assez
1253 3549 95 42 juste
1368 3560 7 21 :
1401 3549 43 35 eh
1467 3548 99 42 bien,
1585 3551 32 31 la
1648 3551 115 31 même
1782 3548 196 33 différence
2001 3546 132 33 s'obser-

134 3598 113 34 verait
270 3607 101 26 entre
396 3601 50 32 les
466 3608 190 25 nouveaux
673 3601 237 31 instruments
929 3606 31 26 et
985 3601 50 31 les
1058 3597 160 34 anciens.
