2894 3048
1290 2338 68 35 195

1051 530 42 41 ©
1146 521 145 43 Hans
1337 521 87 43 der
1464 521 131 43 Narr
1635 522 121 43 aber
1796 522 233 52 sah]nur
2070 524 89 41 das

1050 579 140 44 ferne
1213 580 165 51 Licht,
1405 581 90 42 das
1517 580 108 44 sich
1644 581 124 55 jetzt
1791 581 234 55 langsam
2045 594 116 31 ver=

1052 642 261 52 grösserte.
1330 639 117 43 Und
1463 651 53 30 er
1529 640 110 50 sah,
1651 641 116 41 dass
1783 640 82 43 ein
1881 639 281 45 blutrother

1051 697 187 44 Schein
1258 697 167 44 hinter
1446 698 87 42 der
1547 698 419 56 Tunnelöffnung
1985 699 175 43 leuch=

1050 760 116 47 tete,
1192 758 79 41 die
1295 756 107 43 sich
1426 758 238 53 zögernd,
1684 758 357 55 gleichmässig
2064 758 96 43 öff=

1050 819 117 39 nete
1198 815 108 42 wie
1340 816 79 41 die
1447 816 275 44 Irisblende
1757 818 137 42 einer
1927 817 232 44 Camera.

1050 874 58 42 In
1136 874 422 55 überquellender
1582 876 201 43 Freude
1807 875 180 44 wollte
2015 876 145 44 Hans

1049 933 109 42 sein
1198 932 158 43 Weib
1400 934 242 43 dankend
1683 948 67 30 an
1791 935 107 44 sich
1938 948 220 42 pressen,

1050 992 122 42 aber
1222 993 64 41 da
1335 993 271 54 gewahrte
1652 1006 67 38 er,
1761 995 115 42 dass
1922 1006 53 31 es
2020 995 140 43 nicht

1049 1050 148 43 mehr
1236 1051 94 43 mit
1370 1051 110 43 ihm
1521 1053 475 54 zusammenhieng.
2042 1053 118 43 Und

1049 1109 318 56 gleichzeitig
1389 1110 163 45 fühlte
1576 1123 53 31 er
1649 1112 113 42 eine
1785 1111 90 43 ihn
1894 1112 264 43 überwäl=

1048 1168 202 56 tigende
1280 1169 308 44 Schwäche.
1617 1170 70 43 Er
1716 1170 175 44 drehte
1919 1171 108 44 sich
2054 1183 104 31 um.

1048 1227 150 44 Zwei
1240 1227 217 45 Schritte
1500 1228 167 43 hinter
1711 1229 109 42 ihm
1861 1230 149 41 stand
2050 1230 109 42 sein

1048 1287 174 51 Weib,
1259 1288 208 43 schwer
1502 1288 255 50 athmend,
1790 1288 94 42 mit
1915 1288 243 43 Thränen

1049 1345 53 43 in
1143 1347 98 41 den
1281 1346 195 54 Augen.
1518 1346 108 42 Das
1667 1347 214 41 rasende
1917 1346 241 44 Stürmen

1050 1404 141 43 hatte
1235 1404 79 43 ihr
1360 1405 98 42 den
1499 1404 191 43 Athem
1735 1405 329 51 benommen,
2105 1419 53 30 es

1049 1464 195 42 konnte
1272 1463 141 43 nicht
1440 1463 147 43 mehr
1611 1464 360 44 mitkommen.
2000 1465 157 43 Müh=

1049 1535 114 30 sam
1199 1521 259 55 schleppte
1491 1536 53 30 es
1576 1522 107 44 sich
1716 1537 66 29 zu
1816 1523 165 43 ihrem
2014 1525 144 43 Hans

1049 1581 212 44 Narren.
1303 1581 105 44 Der
1447 1581 181 44 wollte
1672 1595 53 30 es
1766 1582 92 43 auf
1891 1583 98 42 den
2030 1584 128 41 Arm

1048 1640 226 42 nehmen
1304 1659 53 21 =
1388 1641 121 42 aber
1542 1641 139 43 dann
1712 1641 194 43 konnte
1938 1653 53 30 er
2017 1641 141 44 nicht

1049 1699 178 54 gehen.
1260 1699 70 42 Er
1360 1701 177 42 suchte
1572 1700 133 45 nach
1749 1700 200 50 Ketten,
1977 1713 90 29 um
2104 1713 53 30 es

1049 1772 67 29 an
1144 1759 107 43 sich
1279 1772 66 30 zu
1371 1758 183 44 fesseln
1581 1779 52 19 =
1660 1759 122 43 aber
1810 1758 226 44 diesseits
2070 1760 87 42 der

1048 1817 380 44 Wasserwand
1457 1818 97 55 gab
1584 1830 53 30 es
1664 1818 152 41 keine
1843 1818 201 42 Ketten.
2075 1818 80 42 Da

1047 1876 181 43 wollte
1258 1890 66 37 er,
1353 1889 163 30 wenn
1546 1876 132 42 auch
1705 1876 94 42 mit
1827 1876 327 43 schmerzen=

1048 1935 133 51 dem,
1196 1935 332 43 weinendem
1550 1934 216 51 Herzen,
1788 1934 135 43 ohne
1943 1935 71 43 sie
2033 1949 121 29 vor=

1046 1994 333 55 wärtsgehen
1423 2014 51 19 =
1523 1994 120 42 aber
1688 1994 133 43 auch
1871 1994 89 44 das
2006 1995 150 55 gieng

1045 2052 154 43 nicht.
1241 2054 82 41 Da
1359 2054 199 42 merkte
1596 2053 158 51 Hans,
1792 2053 129 51 dass,
1954 2066 116 30 wer
2105 2056 49 54 je

1047 2111 190 42 einmal
1294 2111 168 56 hastig
1513 2115 512 52 vorwärtsgestürmt
2077 2113 76 51 ist,

1045 2169 374 43 nimmermehr
1442 2172 269 54 bedächtig
1736 2172 150 42 einen
1910 2172 131 43 Fuss
2060 2185 94 31 vor

2212 2139 61 22 Gez.
2287 2145 26 17 v.
2326 2138 43 23 Dr.
2380 2140 78 21 Hans
2471 2139 136 22 Przibram
