2646 4069
1122 234 66 34 LE
1224 235 128 34 MOIS

2151 235 120 47 1031

193 383 322 57 Liederhort
565 386 185 56 d'Erk
800 392 59 52 et
910 387 277 56 Boehme.
1240 388 164 56 Nous
1455 390 337 71 ajouterons
1841 409 114 55 que
2004 388 58 56 la
2110 386 139 57 réali-

193 463 195 57 sation
434 467 477 74 typographique
960 473 87 50 est
1097 467 117 55 fort
1263 467 149 57 belle
1460 476 60 49 et
1569 489 112 55 que
1729 470 58 55 la
1836 468 288 74 musique,
2175 466 100 73 qui

191 550 91 49 est
326 550 305 68 composée
674 555 60 49 et
777 566 118 37 non
937 550 228 71 gravée,
1210 553 88 50 est
1342 550 118 54 très
1502 550 137 57 bien
1682 569 206 50 venue,
1934 567 63 38 ce
2041 547 100 74 qui
2187 553 89 51 est

190 642 145 40 rare.

1948 713 62 53 P.
2054 712 69 53 A.

188 1117 325 57 LEMAITRE
570 1121 123 69 (H.)
750 1126 60 50 et
866 1122 278 55 CLOUZOT
1200 1120 145 70 (H.).

301 1200 78 54 du
419 1215 86 41 XV
505 1212 20 25 E
565 1219 79 37 au
683 1216 157 40 XVIII
843 1214 22 24 E
904 1201 181 55 siècle.
1130 1201 138 55 Airs
1309 1202 151 54 notés
1502 1206 107 67 far
1648 1202 183 71 Aymé
1874 1202 189 55 Kunc.
2109 1201 165 56 Paris

299 1285 59 49 et
398 1280 192 68 Niort,
626 1281 179 69 in-B°,
845 1296 388 56 xxxvm-170
1271 1300 80 53 p.,
1395 1282 162 71 1908.

298 1441 79 55 Le
406 1440 100 72 joli
537 1441 145 57 livre
712 1461 113 54 que
854 1442 282 57 viennent
1168 1445 70 54 de
1267 1444 248 72 publier,
1545 1463 136 36 FOUS
1709 1463 64 38 ce
1800 1444 161 68 titre,
1994 1445 138 53 MM.
2165 1444 72 55 Le-

185 1521 211 56 maitre
433 1527 59 50 et
532 1522 261 70 Clouzot,
831 1524 124 56 leur
992 1525 227 55 vaudra
1256 1543 134 38 sans
1428 1526 179 56 doute
1647 1527 100 54 des
1783 1525 278 70 louanges
2098 1524 136 56 méri-

183 1601 125 55 tées
336 1620 146 38 aans
509 1602 81 55 les
616 1609 265 66 comptes
908 1606 216 54 rendus
1152 1605 99 55 des
1277 1605 361 71 philologues
1662 1611 58 50 et
1746 1607 100 54 des
1869 1604 123 54 folk
2016 1604 251 56 loristes:

183 1681 303 70 toutefois,
515 1681 45 55 il
591 1682 130 56 faut
755 1703 113 53 que
899 1684 58 54 la
989 1684 373 72 musicologie
1395 1704 59 37 se
1488 1691 229 50 montre
1750 1685 131 71 plus
1911 1685 279 55 réservée.

298 1762 140 55 MM.
491 1764 293 56 Lemaître
837 1769 58 51 et
948 1764 239 56 Clouzot
1238 1766 226 55 éditent
1516 1769 150 53 donc
1717 1784 147 52 pour
1916 1769 166 52 notre
2133 1764 136 71 plus

183 1842 218 72 grande
445 1844 117 72 joie
607 1850 193 52 trente
844 1845 160 56 noëls
1049 1845 315 71 poitevins,
1413 1849 144 53 dont
1601 1845 338 57 l'existence
1983 1863 149 39 nous
2176 1850 92 51 est

183 1924 252 56 attestée
481 1943 107 52 par
632 1925 83 56 les
760 1925 353 56 manuscrits
1158 1944 79 37 ou
1280 1926 82 56 les
1404 1926 305 71 imprimés
1754 1931 163 51 entre
1963 1925 52 56 le
2061 1940 84 42 xv
2148 1936 22 26 e
2206 1930 62 51 et

179 2004 54 56 le
283 2019 159 39 xvin
443 2016 21 26 e
511 2005 188 56 siècle.
750 2005 172 56 Voilà
969 2005 100 72 qui
1134 2011 89 51 est
1271 2006 156 70 bien,
1478 2006 168 69 mais,
1695 2025 74 37 en
1818 2005 324 72 appendice
2192 2023 76 37 au

181 2084 254 70 volume,
481 2103 147 38 nous
669 2091 288 51 trouvons
999 2104 147 55 pour
1190 2088 129 54 huit
1365 2089 70 54 de
1478 2104 94 39 ces
1614 2086 160 57 noëls
1816 2086 82 56 les
1941 2086 115 55 airs
2096 2085 172 56 notés

181 2181 107 55 par
317 2166 78 54 M.
425 2166 189 71 Aymé
647 2168 171 55 Kunc
854 2188 11 33 :
896 2171 59 51 et
986 2166 115 56 ceci
1135 2174 88 48 est
1252 2169 131 70 plus
1412 2187 195 54 grave.

294 2246 92 55 En
420 2245 163 72 effet,
618 2246 51 57 le
703 2248 250 72 premier
986 2248 72 55 de
1091 2265 95 38 ces
1218 2249 160 56 noëls

1723 2410 99 53 Au
1983 2410 153 55 saint

494 2486 321 71 Chanterai,
1238 2507 136 36 sans
1604 2489 162 71 point
2019 2491 81 54 mi
2273 2486 2 74 f
1508 2496 154 50 etc...

177 2653 88 50 est
294 2649 121 71 pris
444 2651 34 54 à
506 2651 102 55 des
635 2667 232 39 sources
895 2650 145 56 dont
1068 2651 81 56 les
1179 2656 238 51 auteurs
1445 2670 147 37 nous
1620 2654 263 55 donnent
1912 2672 113 37 une
2052 2650 182 56 biblio-

177 2730 240 71 graphie
459 2731 238 72 précise.
741 2731 165 56 Nous
946 2750 148 39 nous
1135 2738 306 66 reportons
1484 2735 35 52 à
1558 2734 57 55 la
1657 2734 358 72 description
2056 2734 71 53 de
2171 2748 94 38 ces

176 2809 310 72 originaux
522 2818 59 51 et
617 2830 148 37 nous
798 2813 106 71 n'y
939 2829 226 56 voyons
1200 2814 169 71 point
1407 2815 297 73 qu'aucun
1741 2816 175 55 d'eux
1952 2813 312 56 contienne

179 2889 100 56 des
320 2891 277 58 mélodies
636 2893 220 54 notées.
899 2893 256 70 Comme,
1200 2895 228 55 d'autre
1469 2900 155 66 part,
1667 2896 78 54 M.
1792 2895 170 55 Kunc
2004 2912 72 37 ne
2117 2909 148 38 nous

177 2969 88 56 dit
302 2971 168 70 point
506 2974 78 53 où
616 2971 43 55 il
694 2990 36 37 a
764 2973 121 71 pris
920 2992 107 37 son
1063 2973 104 70 air,
1205 2974 57 56 ni
1301 2975 46 54 si
1385 2975 81 56 les
1502 2975 221 57 vieilles
1760 2992 138 54 gens
1936 2975 79 56 du
2052 2973 213 56 Poitou

175 3049 53 57 le
284 3050 283 60 chantent
624 3072 207 38 encore
901 3054 398 71 aujourd'hui,
1356 3057 58 54 la
1483 3057 372 72 supposition
1926 3054 99 76 qui
2099 3054 164 56 vient

177 3130 247 60 d'abord
463 3135 34 54 à
534 3134 225 74 l'esprit
798 3140 89 51 est
927 3153 113 56 que
1080 3138 77 53 M.
1202 3138 171 54 Kunc
1413 3156 74 36 en
1524 3143 90 49 est
1652 3137 272 57 l'auteur.
1968 3135 50 55 Il
2056 3154 39 54 y
2133 3154 36 36 a
2206 3134 59 55 là

176 3228 81 38 un
301 3229 175 54 grave
522 3214 203 57 défaut
772 3217 71 54 de
886 3215 296 70 méthode,
1229 3236 113 52 que
1388 3218 138 54 MM.
1574 3218 294 56 Lemaître
1912 3223 60 51 et
2018 3215 245 57 Clouzot

176 3293 268 57 auraient
486 3297 79 54 dû
604 3295 266 73 corriger.

289 3371 134 70 J'en
458 3375 145 57 dirai
641 3383 212 51 autant
891 3378 70 54 de
994 3378 57 53 la
1085 3378 162 71 pièce
1282 3379 177 69 XIII,
1497 3379 98 72 qui
1633 3384 87 51 est
1755 3380 145 55 tirée
1938 3380 78 55 du
2049 3377 214 58 recueil

179 3451 70 55 de
292 3453 188 57 Lucas
522 3457 330 72 Lemoigne.
899 3458 148 54 Mais
1088 3459 81 55 les
1211 3459 93 53 six
1346 3465 198 51 autres
1585 3460 161 56 noëls
1788 3465 239 68 portent
2068 3459 168 56 l'indi-

176 3533 198 56 cation
424 3537 79 55 du
548 3537 235 55 timbre.
837 3538 97 68 Or,
986 3542 202 68 quand
1235 3559 83 37 un
1366 3540 386 56 chansonnier
1823 3543 79 55 du
1963 3556 111 39 xvi
2075 3552 21 24 e
2101 3586 13 23 ,
2180 3540 82 55 du
