2646 4069
2101 276 94 61 985

660 288 66 35 LA
761 285 245 46 MUSIQUE
1041 285 310 36 ESPAGNOLE
1386 288 263 35 MODERNE

121 445 91 51 est
238 438 395 59 éblouissante
659 442 72 55 de
753 440 268 72 rythmes
1044 437 186 71 légers
1254 444 60 50 et
1336 438 402 72 bondissants,
1763 440 238 72 joyeuse
2026 438 173 58 d'une

117 521 173 56 santé
320 520 294 57 inconnue
647 521 100 56 des
779 518 214 73 grands
1025 516 305 58 coloristes
1360 536 210 40 russes.
1606 520 85 56 La
1720 520 312 71 troisième,
2065 537 134 37 sous

117 600 85 56 les
233 598 195 74 doigts
455 600 302 72 magiques
785 600 71 54 de
886 595 260 57 Blanche
1174 596 193 70 Selva,
1385 616 35 36 a
1441 598 246 74 subjugé
1714 600 53 57 le
1792 600 200 73 public
2018 598 181 58 choisi

121 681 103 55 des
253 684 271 52 concerts
550 677 405 59 modernistes.
986 676 170 56 Voilà
1183 676 146 56 trois
1358 680 248 68 grandes
1635 698 230 39 œuvres
1893 681 101 72 qui
2022 685 148 52 reste-

117 765 160 65 ront,
314 778 230 39 œuvres
581 760 246 54 sincères
859 761 60 52 et
953 757 354 73 spontanées
1340 757 103 71 qui
1475 764 288 52 attestent
1797 780 82 37 un
1908 762 255 71 tempéra-

121 845 168 51 ment
329 845 136 51 tout
513 841 35 52 à
591 837 110 56 fait
736 836 297 74 supérieur
1080 841 60 51 et
1188 836 101 72 qui
1320 854 150 38 nous
1503 838 296 56 réservent
1848 859 136 38 sans
2018 842 179 56 doute

118 921 246 56 nombre
400 918 356 73 d'agréables
781 917 301 73 surprises.

231 1001 101 55 Un
355 1000 186 72 grand
562 999 189 55 talent
774 997 139 57 s'est
935 997 191 56 révélé
1150 997 169 73 après
1340 997 264 71 Albeniz,
1637 1000 148 54 dans
1819 1001 58 55 la
1913 1020 286 53 personne

121 1081 81 56 du
252 1081 171 71 jeune
470 1077 277 57 Andalou
797 1076 260 74 Joaquin
1104 1076 220 57 Turina
1376 1079 103 67 (i).
1517 1077 51 54 Il
1616 1079 203 55 étudia
1868 1081 248 57 d'abord
2131 1081 19 34 4
2164 1084 35 53 à

120 1160 212 57 Séville
367 1175 143 39 avec
544 1159 74 53 D.
656 1157 277 56 Evaristo
969 1157 211 56 Garcia
1213 1157 226 70 Torres,
1476 1157 211 56 maître
1724 1160 71 54 de
1829 1160 262 72 chapelle
2128 1164 71 54 de

117 1239 60 55 la
211 1237 365 69 Cathédrale,
610 1237 135 73 puis
779 1240 35 52 à
846 1237 250 70 Madrid,
1131 1255 137 38 sous
1298 1237 59 55 la
1392 1237 285 56 direction
1711 1240 71 54 de
1816 1239 139 71 José
1988 1241 208 72 Trago,

117 1321 159 55 enfin
305 1321 36 53 à
367 1317 183 71 Paris,
579 1335 144 39 avec
751 1319 254 55 Vincent
1034 1319 221 72 d'lndy
1283 1319 145 71 qu'il
1454 1319 228 72 appelle
1711 1339 23 29 «
1759 1319 54 55 le
1841 1321 172 70 poète
2044 1322 71 55 de
2142 1322 57 55 la

116 1397 189 59 forme
329 1404 60 50 et
411 1397 54 56 le
488 1399 418 55 continuateur
930 1400 71 54 de
1025 1399 167 54 Bach
1212 1402 61 51 et
1297 1399 344 55 Beethoven
1665 1419 41 33 ».
1731 1399 220 55 Turina
1975 1401 222 55 admire

118 1485 61 51 et
205 1480 322 71 comprend
549 1496 108 38 nos
682 1479 239 55 maîtres
945 1477 254 71 français
1217 1499 11 34 :
1256 1479 225 68 Dukas,
1498 1479 208 68 Fauré,
1734 1479 292 72 Debussy,
2054 1481 145 55 mais

117 1559 42 54 il
188 1564 154 50 reste
372 1576 83 38 un
485 1559 287 55 véritable
804 1559 300 72 Espagnol
1134 1576 107 55 par
1272 1576 108 38 son
1410 1579 23 29 «
1463 1559 444 71 expressivisme
1940 1580 22 29 »
1992 1560 207 72 simple

117 1645 61 51 et
211 1640 276 72 profond.
522 1640 165 54 Nous
723 1641 222 55 devons
978 1645 267 67 compter
1277 1656 97 40 sur
1409 1644 94 50 cet
1538 1640 206 56 artiste
1776 1640 329 72 intelligent
2139 1646 60 51 et

118 1720 445 56 consciencieux
605 1720 101 71 qui
748 1721 245 71 prépare
1035 1738 136 36 sans
1214 1720 180 56 doute
1435 1719 251 72 quelque
1730 1721 201 55 drame
1971 1721 228 71 lyrique

120 1801 147 56 dont
291 1818 65 36 sa
379 1801 249 55 seconde
651 1800 210 72 patrie,
883 1800 58 54 la
964 1800 243 70 France,
1231 1816 143 38 aura
1397 1800 422 56 certainement
1842 1800 57 54 la
1921 1801 275 73 primeur.

117 1880 163 56 Avec
305 1880 220 56 Turina
550 1898 149 38 nous
727 1877 372 74 désignerons
1132 1899 81 35 un
1240 1885 169 51 autre
1437 1900 21 29 «
1485 1880 190 71 espoir
1703 1900 22 29 »
1752 1881 72 55 de
1848 1880 57 54 la
1931 1881 268 71 musique

118 1961 280 55 moderne
416 1959 311 73 espagnole
743 1980 10 35 :
772 1978 150 38 nous
939 1960 249 55 voulons
1206 1976 264 40 nommer
1489 1959 184 56 Falla.
1693 1960 148 55 Mais
1858 1978 148 38 nous
2023 1961 147 55 réser-

118 2058 150 38 vons
308 2045 170 51 notre
525 2041 302 71 jugement
874 2058 98 38 sur
1018 2045 91 51 cet
1155 2045 211 51 auteur
1409 2040 573 72 remarquablement
2029 2042 168 69 doué,

118 2138 101 39 car
251 2138 90 38 ses
378 2138 231 38 œuvres
642 2126 136 50 sont
811 2138 205 39 encore
1048 2125 137 67 trop
1222 2138 119 54 peu
1373 2120 395 61 nombreuses.
1811 2121 350 56 Contentons-

118 2218 150 39 nous
310 2201 71 55 de
421 2199 82 56 lui
543 2200 298 57 souhaiter
880 2219 115 37 une
1034 2205 274 66 prompte
1348 2205 59 51 et
1448 2199 295 57 éclatante
1781 2200 264 57 réussite.

235 2519 59 56 Si
331 2520 71 55 de
435 2524 137 51 tous
611 2538 94 38 ces
739 2520 258 69 maîtres,
1033 2538 148 37 nous
1216 2536 245 55 passons
1495 2538 119 37 aux
1646 2519 366 72 interprètes,
2049 2539 147 37 nous

122 2616 254 45 sortîmes
427 2599 187 56 forcés
667 2601 70 55 de
788 2600 277 56 convenir
1115 2616 115 55 que
1279 2599 316 72 l'Espagne
1646 2600 248 56 actuelle
1943 2605 89 51 est
2082 2619 114 38 une

121 2680 306 72 puissance
484 2680 276 56 musicale
816 2680 487 56 admirablement
1359 2679 299 73 organisée
1711 2696 149 55 pour
1914 2681 158 56 créer
2128 2683 69 54 de

121 2760 249 71 grandes
411 2760 201 56 choses
640 2780 12 35 :
692 2760 126 56 rien
856 2779 74 37 ne
981 2760 82 56 lui
1118 2778 276 53 manque,
1443 2760 396 71 aujourd'hui,
1882 2761 70 55 de
1993 2778 62 38 ce
2096 2761 101 71 qui

122 2858 198 38 assure
351 2840 35 53 à
413 2858 83 37 un
522 2858 150 54 pays
698 2840 384 56 l'autonomie
1110 2839 328 72 artistique.
1470 2840 169 56 Seule
1665 2840 59 55 la
1752 2840 238 55 volonté
2020 2840 148 57 direc-

124 2920 162 69 trice,
319 2920 53 55 le
403 2920 250 71 pouvoir
685 2920 101 71 qui
817 2921 260 55 ordonne
1109 2925 61 51 et
1202 2919 213 70 anime,
1446 2920 83 55 lui
1560 2920 131 55 font
1724 2920 222 56 défaut.
1983 2920 147 56 Mais
2159 2921 41 54 il

121 3000 151 56 n'est
315 3017 108 54 pas
468 3001 265 55 douteux
774 3018 113 53 que
927 3000 59 55 la
1042 3000 365 56 renaissance
1462 3000 248 56 actuelle
1750 3000 329 56 n'entraîne
2119 3020 81 37 un

122 3079 132 72 jour
284 3081 77 54 où
389 3080 213 56 l'autre
630 3080 83 55 les
743 3098 249 54 groupes
1021 3080 290 56 hésitants
1343 3081 146 55 dans
1515 3079 479 62 l'enthousiasme
2026 3081 174 56 d'une

124 3160 187 61 même
347 3161 213 70 pensée
595 3159 348 57 fraternelle.

237 3241 166 54 Nous
425 3259 73 37 ne
524 3240 195 56 dirons
743 3240 184 71 qu'un
950 3246 126 50 mot
1101 3241 101 55 des
1225 3241 315 55 chanteurs
1569 3262 11 33 :
1611 3240 57 55 la
1703 3240 239 72 plupart
1976 3241 224 56 d'entre

124 3338 114 37 eux
275 3325 106 50 ont
418 3321 220 71 adopté
672 3320 60 55 la
770 3319 333 72 déplorable
1140 3321 278 55 méthode
1453 3319 278 58 italienne
1768 3320 100 72 qui
1904 3323 293 54 s'accorde

126 3401 119 59 mal
273 3418 143 38 avec
444 3401 58 54 la
531 3400 269 72 musique
830 3401 293 69 moderne,
1156 3401 174 56 d'une
1362 3401 393 55 déclamation
1783 3401 49 55 si
1858 3401 163 56 libre.
2053 3403 146 54 Mais

243 3583 61 48 (1)
347 3581 257 52 Rappelons
630 3593 81 28 son
737 3581 218 52 Quintette
975 3582 50 37 et
1044 3591 49 28 sa
1116 3580 155 41 Sonate
1294 3583 236 50 espagnole
1535 3612 9 16 ,
1569 3594 86 39 que
1680 3582 89 38 Ton
1793 3583 106 50 joua
1921 3583 84 38 àla
2027 3583 172 40 Schola.
