2646 4069
1089 306 104 35 NOS
1227 292 175 49 ÉCHOS

2171 300 126 51 1037

196 452 128 49 dans
381 467 58 34 ce
497 468 128 50 pays
684 452 348 65 empêcherait
1090 451 372 62 l'exportation
1524 451 88 48 des
1673 451 212 63 boyaux
1941 447 63 49 de
2064 449 231 45 mouton.

192 520 155 49 Est-il
385 520 258 51 vraiment
682 519 219 65 possible
940 534 101 47 que
1077 518 247 62 l'Europe
1362 518 118 58 soit,
1522 533 93 48 par
1654 532 223 48 manque
1931 514 63 50 de
2034 517 260 54 moutons,

196 603 119 34 sous
345 589 53 48 la
426 588 336 65 dépendance
793 588 65 48 de
892 587 178 57 l'Asie,
1109 602 69 34 au
1215 587 152 62 point
1405 587 64 48 de
1505 602 102 33 vue
1645 584 222 50 musical
1894 585 18 49 ?
1952 585 97 47 Les
2090 581 179 50 chante-

193 656 148 50 relles
369 658 64 48 de
460 658 107 49 soie
593 656 272 50 devraient
893 655 131 50 dans
1053 670 55 33 ce
1137 669 83 33 cas
1251 654 239 62 suppléer
1519 654 73 48 les
1622 654 178 48 cordes
1829 654 31 47 à
1888 653 227 63 boyaux.

296 957 43 47 L
501 956 288 50 'Ouverture
1131 956 59 47 de
1315 956 190 62 l'opéra
985 954 62 48 de
1091 952 174 64 Edgar
1315 952 127 47 Istel
1471 968 31 31 a
1545 952 81 49 été
1663 951 340 62 représentée,
2034 950 50 48 la
2126 950 172 48 saison

197 1025 252 57 dernière,
468 1025 30 47 à
515 1022 192 60 Berlin,
727 1023 228 56 Munich,
974 1022 299 56 Barcelone,
1293 1020 300 57 Karlsruhe,
1611 1020 296 62 Salzbourg,
1932 1017 362 65 Magdebourg,

197 1093 277 62 Mayence,
526 1091 419 58 Baden-Baden,
996 1089 301 58 Chemnitz,
1352 1088 371 64 Buckebourg,
1775 1086 226 57 Dresde,
2060 1084 233 59 Lubeck,

197 1161 344 63 Nuremberg,
595 1159 139 59 Ulm,
799 1158 264 57 Bielefeld,
1127 1158 202 64 Hagen,
1392 1155 436 58 Sonderskausen,
1891 1153 296 51 Dortmund
2246 1157 52 43 et

196 1229 152 47 Metz.
383 1229 73 47 La
487 1228 251 62 partition
769 1243 31 32 a
831 1228 81 48 été
944 1227 203 63 publiée
1179 1241 93 48 par
1300 1224 52 50 la
1381 1223 226 49 librairie
1637 1222 73 48 du
1742 1223 47 47 D
1794 1234 15 22 r
1839 1220 248 49 Heinrich
2124 1220 171 64 Lewy,

196 1296 63 48 de
296 1295 224 49 Munich.

299 1563 81 50 On
416 1564 184 64 s'agite
637 1563 62 50 de
737 1562 265 49 différents
1042 1562 138 47 côtés
1220 1576 130 48 pour
1389 1575 205 35 amener
1639 1558 47 47 le
1730 1558 340 62 changement
2121 1553 151 50 fonda-

202 1633 197 50 mental
431 1632 91 49 des
555 1633 273 50 méthodes
858 1630 297 65 employées
1183 1630 131 49 dans
1340 1630 76 47 les
1444 1627 168 49 écoles
1639 1625 279 66 publiques
1941 1623 358 62 d'Allemagne

200 1714 131 49 pour
367 1700 425 64 l'enseignement
832 1698 71 49 du
945 1700 174 49 chant.
1155 1697 128 48 Sous
1320 1697 72 47 les
1434 1694 231 62 auspices
1706 1693 64 48 de
1808 1690 367 50 l'Association
2213 1689 89 48 des

199 1769 313 61 professeurs
558 1766 283 51 allemands
881 1766 231 56 femmes,
1155 1764 118 48 Mlle
1312 1764 169 63 Agnès
1521 1761 345 63 Hundoegger
1904 1775 29 32 a
1973 1757 96 50 fait
2107 1756 168 48 derniè-

198 1840 199 46 rement
421 1837 32 46 à
477 1835 246 48 Hanovre
746 1851 101 32 une
865 1834 299 48 conférence
1187 1832 215 47 relative
1427 1832 30 46 à
1477 1829 394 49 l'introduction
1897 1827 64 49 de
1984 1826 51 48 la
2059 1824 243 52 méthode

198 1904 266 63 employée
493 1919 65 33 en
587 1904 314 63 Angleterre.
1973 1902 10 31 1
2168 1902 4 65 <

299 2184 70 48 Le
404 2183 191 53 comité
630 2182 88 49 des
755 2184 231 46 concerts
1024 2178 239 63 Joachim
1298 2178 63 48 de
1397 2175 228 50 Londres
1660 2189 31 32 a
1725 2173 178 48 décidé
1937 2170 64 50 de
2035 2170 270 50 continuer

201 2267 78 33 ses
324 2250 437 65 représentations
800 2254 54 43 et
889 2248 108 48 fera
1043 2248 258 56 exécuter,
1347 2244 182 48 l'hiver
1575 2241 263 65 prochain,
1888 2253 30 49 7
1963 2243 231 45 concerts
2241 2238 63 49 de

204 2320 237 64 musique
478 2321 65 49 de
581 2318 241 50 chambre
860 2318 31 47 à
925 2316 52 47 la
1015 2314 132 49 Salle
1188 2312 273 49 Bechstein
1496 2315 54 43 et
1587 2325 72 33 un
1697 2312 205 45 concert
1938 2305 368 52 instrumental

202 2392 54 44 et
280 2389 175 48 choral
479 2405 71 32 au
583 2389 221 62 Queen's
835 2385 138 47 Hall.
1013 2382 376 61 Participeront
1414 2381 30 46 à
1467 2395 56 33 ce
1547 2382 206 45 concert
1778 2377 149 61 Lady
1951 2375 166 58 Hallé,
2144 2373 160 49 Marie

205 2455 195 59 Soldat,
441 2456 47 48 le
529 2455 287 63 professeur
856 2452 325 55 Hausmann,
1222 2451 46 47 le
1311 2452 222 59 quatuor
1578 2445 247 63 Klingler,
1867 2445 186 62 Fanny
2093 2439 210 60 Davies,

204 2525 205 49 Donald
435 2525 178 61 Tovey
637 2528 52 44 et
714 2522 67 48 M.
811 2519 251 50 Borwick.

300 2826 95 48 Les
431 2826 260 62 journaux
726 2822 69 48 du
832 2819 263 50 Palatinat
1131 2817 334 62 s'expriment
1500 2815 154 49 d'une
1703 2813 152 62 façon
1903 2813 104 46 très
2058 2810 249 65 élogieuse

203 2909 68 35 au
327 2894 136 64 sujet
520 2892 157 48 d'une
727 2889 409 64 représentation
1179 2887 63 46 de
1551 2881 243 50 exécutée
1852 2880 373 48 dernièrement
2276 2880 33 47 à

204 2961 257 50 Neustadt
507 2975 93 47 par
642 2959 47 47 le
733 2956 389 50 Conservatoire
1165 2954 199 63 palatin
1408 2950 231 50 renforcé
1683 2949 64 48 de
1792 2947 245 65 quelques
2082 2946 225 50 artistes.

204 3030 71 48 Le
314 3029 255 49 directeur
605 3027 93 47 Ph.
736 3025 143 49 Bade
914 3024 236 63 dirigeait
1184 3021 314 48 l'orchestre.

303 3342 398 51 D'Amsterdam
729 3356 130 33 nous
881 3340 146 48 vient
1047 3339 53 48 la
1126 3337 237 49 nouvelle
1394 3350 100 48 que
1521 3339 53 43 la
1603 3331 276 50 fondation
1905 3330 157 48 d'une
2091 3326 219 49 seconde

207 3411 309 48 association
541 3411 209 61 d'opéra
776 3408 89 49 des
894 3407 263 62 Pays-Bas
1184 3410 79 44 est
1542 3400 64 49 de
1632 3415 54 33 se
1712 3400 190 48 former
1927 3411 118 34 sous
2070 3396 54 48 la
2149 3393 135 50 direc-

207 3478 111 48 tion
348 3478 63 48 de
444 3480 134 46 Mme
610 3477 422 49 Cateau-Resser.
