2646 4069
2144 277 92 65 981

701 285 66 35 LA
802 285 244 46 MUSIQUE
1080 285 306 38 ESPAGNOLE
1422 289 261 35 MODERNE

270 1081 173 71 Pujol
495 1098 58 38 se
607 1099 249 55 propose
913 1084 272 54 d'établir
1237 1085 205 57 l'unité
1496 1089 369 72 thématique
1921 1094 101 54 des
2074 1108 116 40 com-

152 1160 288 70 positions
470 1160 351 72 populaires,
852 1168 61 50 et
946 1164 103 72 d'y
1077 1164 326 59 introduire
1432 1168 54 55 le
1515 1169 255 71 système
1820 1171 263 73 cyclique
2114 1192 113 54 que

153 1239 233 56 Franck
421 1240 169 71 après
628 1241 253 73 Wagner
919 1244 163 54 avait
1121 1246 220 71 adopté
1376 1265 150 54 pour
1563 1249 152 72 règle
1755 1251 71 55 de
1863 1268 90 38 ses
1990 1253 236 69 poèmes

152 1319 478 73 symphoniques.
661 1322 85 54 La
772 1322 296 58 tentative
1096 1330 89 50 est
1211 1325 409 72 intéressante,
1648 1334 60 51 et
1735 1330 53 55 le
1816 1330 171 71 jeune
2018 1333 207 57 Maître

151 1418 37 35 a
211 1418 135 37 sans
372 1401 179 56 doute
574 1401 270 74 l'énergie
868 1405 320 57 nécessaire
1211 1425 150 54 pour
1383 1408 59 55 la
1465 1425 200 41 mener
1689 1411 35 52 à
1746 1410 154 56 bien.

263 1480 96 56 Un
395 1486 169 52 autre
599 1482 161 56 élève
800 1485 71 55 de
909 1485 203 70 Millet,
1152 1486 148 56 mais
1336 1488 101 72 qui
1473 1494 90 51 est
1600 1495 235 51 surtout
1874 1491 240 73 disciple
2154 1495 71 56 de

148 1559 250 57 Vincent
433 1561 236 73 d'lndy,
701 1562 211 58 Vicens
942 1564 185 57 Maria
1160 1568 72 55 de
1256 1568 277 69 Gibert,a
1562 1569 143 56 écrit
1740 1571 100 55 des
2079 1573 144 56 dont

143 1639 60 56 la
219 1640 187 60 forme
424 1641 137 56 bien
580 1644 277 56 moderne
876 1645 189 56 révèle
1084 1645 328 58 l'influence
1434 1650 71 55 de
1521 1649 255 57 l'auteur
1797 1651 70 55 de
1887 1651 35 54 1'
1947 1653 279 71 Etranger

146 1720 148 60 mais
326 1723 146 54 dont
503 1723 82 55 les
614 1723 159 57 idées
795 1731 133 49 sont
955 1726 136 56 bien
1111 1729 391 70 personnelles
1536 1735 60 51 et
1620 1731 174 56 d'une
1831 1749 210 38 saveur
2063 1739 128 50 cata-

144 1800 131 56 lane
305 1801 120 55 très
452 1805 347 69 prononcée.
1541 1806 86 52 De
1775 1806 56 54 la
1943 1806 250 71 primera
1619 1828 99 38 sur
1745 1830 82 36 un
1855 1813 368 72 symbolique

141 1883 207 69 poème
390 1884 71 54 de
501 1883 224 73 Joseph
766 1885 226 72 Pijoan,
1033 1893 89 50 est
1163 1908 114 37 une
1317 1890 143 56 série
1502 1891 70 55 de
1614 1890 101 57 dix
1750 1891 275 58 mélodies
2048 1894 174 56 d'une

142 1960 349 74 inspiration
515 1982 145 53 pure
687 1970 59 50 et
773 1965 194 57 élevée
990 1988 10 33 :
1017 1966 53 56 le
1092 1973 165 51 texte
1282 1969 261 72 exprime
1559 1970 60 55 la
1634 1971 234 56 marche
1884 1971 338 59 instinctive

142 2043 80 54 du
246 2043 173 71 poète
444 2060 131 40 vers
600 2044 207 57 l'ldéal
826 2046 275 71 inconnu,
1120 2054 58 50 et
1199 2048 58 56 la
1274 2050 265 71 musique
1557 2050 100 73 qui
1674 2050 170 73 jaillit
1870 2053 141 54 d'un
2024 2054 199 56 thème

138 2123 304 72 populaire
466 2124 165 72 peint
656 2126 563 59 merveilleusement
1265 2130 83 56 les
1371 2131 202 72 étapes
1600 2133 80 56 du
1704 2149 298 56 voyageur
2042 2135 176 55 sacré.

137 2203 401 73 Pirinenques,
586 2223 101 38 sur
735 2208 100 56 des
881 2224 132 41 vers
1063 2210 70 55 de
1172 2209 300 74 Maragall,
1519 2211 83 56 tel
1635 2217 89 50 est
1771 2213 54 56 le
1888 2213 141 56 titre
2079 2215 142 55 d'un

137 2283 212 55 recueil
404 2284 130 72 plus
581 2286 198 55 récent
816 2288 73 56 de
932 2288 90 54 six
1059 2289 275 57 mélodies
1369 2290 103 71 qui
1521 2293 266 56 donnent
1834 2291 387 74 l'impression

141 2365 174 55 d'une
349 2366 218 72 grande
589 2366 165 56 unité
787 2369 71 55 de
891 2368 140 72 plan
1064 2375 60 50 et
1159 2371 174 55 d'une
1359 2371 237 72 exquise
1638 2371 271 59 fantaisie
1952 2375 146 55 dans
2137 2374 83 57 les

138 2444 229 70 détails,
410 2445 274 57 fantaisie
726 2448 76 54 où
844 2465 60 39 se
940 2449 223 71 jouent,
1205 2468 136 38 sous
1374 2451 142 54 l'œil
1540 2451 306 73 indulgent
1875 2454 70 56 de
1980 2454 237 72 d'lndy,

133 2530 137 50 tous
296 2525 81 56 les
404 2526 264 58 charmes
696 2529 392 71 debussystes.

251 2605 205 57 Gibert
495 2625 36 37 a
569 2610 274 70 composé
882 2610 71 56 de
992 2610 189 57 même
1220 2613 101 56 des
1661 2631 148 54 pour
1846 2615 294 56 orchestre
2179 2617 37 53 à

136 2688 222 67 cordes,
396 2686 253 58 colorées
684 2694 61 50 et
781 2689 352 71 puissantes,
1169 2697 60 50 et
1267 2694 103 55 des
1406 2693 231 56 chœurs
1674 2694 134 71 déjà
1842 2694 333 72 populaires
2203 2717 12 33 :

148 2765 107 56 Nit
421 2766 245 70 d'Abril,
975 2768 205 56 Somni
1440 2769 65 53 de
1632 2770 205 70 Gentil,
1115 2773 145 54 dont
1289 2773 53 54 le
1371 2773 249 71 premier
1649 2779 89 50 est
1764 2774 175 56 d'une
1968 2774 248 56 sérénité

134 2848 183 54 douce
358 2852 60 50 et
458 2848 188 70 émue,
689 2854 60 50 et
788 2849 54 56 le
882 2853 215 54 second
1136 2853 176 54 d'une
1352 2852 155 57 force
1540 2853 347 72 descriptive
1910 2854 100 72 qui
2030 2854 186 56 saisit.

133 2926 203 56 Gibert
371 2933 88 51 est
490 2948 117 37 une
619 2929 196 56 raison
846 2937 60 49 et
928 2951 113 36 une
1058 2933 260 54 volonté.
1343 2933 472 73 L'imagination,
1840 2935 140 56 chez
2000 2934 99 71 lui,
2123 2942 90 49 est

132 3008 270 71 toujours
452 3009 253 57 soumise
755 3029 118 37 aux
923 3012 249 55 facultés
1223 3014 348 70 maîtresses,
1606 3033 65 37 ce
1722 3014 101 72 qui
1873 3017 340 71 n'empêche

129 3088 168 70 point
329 3108 114 36 une
476 3090 345 60 charmante
853 3092 318 54 sensibilité
1205 3094 71 55 de
1307 3111 59 38 se
1398 3093 142 57 faire
1572 3094 132 71 jour
1736 3113 76 37 au
1849 3100 230 50 travers
2112 3097 100 54 des

133 3167 170 55 lieder
343 3168 506 73 principalement.

241 3249 282 71 Quittons
557 3269 84 37 un
677 3258 263 53 moment
1830 3253 35 52 Y
1874 3254 164 69 Orféo
1215 3272 150 53 pour
1398 3254 189 56 saluer
1620 3273 116 38 une
1773 3257 100 54 des
1895 3255 207 73 gloires
2128 3255 83 56 les

128 3328 131 70 plus
294 3347 176 54 pures
506 3332 70 54 de
611 3332 58 53 la
705 3332 317 73 Catalogne
1056 3334 383 69 renaissante,
1475 3353 149 37 nous
1657 3335 249 56 voulons
1940 3348 270 43 nommer

127 3408 226 57 Antoni
407 3410 268 56 Nicolau.
734 3413 109 54 Les
899 3413 289 56 Parisiens
1242 3414 52 55 le
1350 3414 372 57 connaissent
1757 3415 294 58 d'ailleurs
2083 3437 10 34 :
2123 3417 84 54 les

128 3488 270 57 habitués
425 3492 100 56 des
551 3493 194 55 salons
773 3495 70 55 de
871 3495 155 58 Mme
1044 3497 365 54 Viardotont
1435 3513 82 55 pu
1533 3497 153 71 jadis
1700 3497 54 56 le
1769 3497 127 56 voir
1911 3502 60 51 et
1999 3498 208 71 goûter

125 3584 106 38 son
249 3570 209 70 talent,
482 3577 60 51 et
562 3572 84 56 les
665 3591 316 39 nouveaux
1003 3581 263 49 concerts
1289 3575 80 56 du
1385 3575 207 71 Cirque
1611 3577 176 56 d'Eté
1807 3577 396 69 exécutaient,
