2646 4069
961 312 260 38 BULLETIN
1258 309 255 49 FRANÇAIS
1549 309 69 33 DE
1653 306 66 35 LA
1756 304 38 33 S.
1832 300 33 35 I.
1902 299 54 34 M.

446 323 124 46 1032

451 484 131 42 XVII
582 480 22 24 e
640 471 59 50 et
741 466 77 53 du
858 476 153 41 xvin
1013 472 20 24 e
1071 460 165 54 siècle
1272 458 236 69 indique
1546 456 51 54 le
1634 451 232 64 timbre,
1908 444 138 55 c'est
2087 456 145 56 pour
2271 454 58 37 se
2371 434 84 56 dis-

451 561 200 55 penser
691 545 68 53 de
797 546 163 48 noter
997 540 57 52 la
1091 536 261 57 mélodie.
1391 536 164 53 Alors
1593 534 53 70 je
1687 521 366 64 demanderai
2095 534 116 37 aux
2249 519 233 50 auteurs

454 630 142 53 dans
640 622 158 73 quels
841 617 236 56 recueils
1115 617 71 52 ils
1230 622 103 47 ont
1376 615 117 69 pris
1536 615 56 52 la
1635 607 242 58 mélodie
1921 602 100 70 qui
2079 602 87 52 est
2223 594 181 71 jointe
2450 593 34 52 à

451 703 81 56 tel
559 719 76 36 ou
662 700 80 54 tel
769 697 147 56 noël.
946 696 59 54 Si
1042 696 51 54 le
1128 695 127 54 noël
1284 693 286 70 Appellon
1598 706 117 37 nau
1743 703 58 37 se
1830 684 210 52 chante
2069 693 95 37 sur
2192 674 51 54 le
2271 672 213 53 timbre

452 782 113 55 Sur
602 781 47 52 le
681 780 142 69 jonc,
864 777 46 52 le
941 776 105 70 joli
1079 775 143 69 jonc,
1256 772 45 55 si
1336 773 51 54 le
1421 771 129 56 noël
1584 769 74 54 Or
1691 782 132 38 vous
1857 767 340 55 trémoussez,
2233 755 251 67 pasteurs

454 862 63 52 de
551 856 178 72 Judée
764 853 190 57 utilise
988 855 52 53 le
1075 852 211 55 timbre
1321 851 73 53 Et
1429 848 127 54 d'où
1593 857 333 50 venez-vous,
1962 834 252 56 madame
2251 832 233 62 Lucette,

454 940 230 71 j'avoue
714 954 95 35 ma
840 933 268 55 curiosité
1141 933 68 54 de
1241 928 188 56 savoir
1460 929 74 53 où
1565 924 264 56 l'éditeur
1860 937 34 36 a
1927 912 267 59 retrouvé
2223 910 80 54 les
2336 909 152 52 deux

452 1018 242 55 timbres
733 1032 71 37 en
842 1011 285 72 question.
2070 1068 210 13 ...

567 1095 190 64 Enfin,
798 1093 76 54 du
910 1091 165 71 point
1113 1089 68 55 de
1218 1105 112 37 vue
1366 1087 365 70 proprement
1769 1074 258 69 musical,
2065 1073 55 70 je
2158 1073 329 63 critiquerai

455 1175 311 54 fortement
816 1169 56 56 la
920 1168 170 70 façon
1141 1168 68 54 de
1259 1169 183 63 noter,
1494 1162 96 70 qui
1642 1164 86 50 est
1780 1156 122 54 anti
1908 1149 354 75 rythmique,
2316 1145 68 54 de
2456 1158 35 36 a

456 1253 159 73 pièce
654 1251 87 67 18,
778 1250 181 54 Dison
995 1265 117 37 nau
1147 1263 33 36 a
1217 1244 184 70 pleine
1438 1246 124 49 teste
1603 1261 19 32 :
1655 1239 83 54 les
1772 1238 194 52 barres
2004 1232 70 54 de
2111 1242 222 42 mesure
2373 1223 90 52 doi-

458 1338 139 50 vent
640 1332 119 53 être
799 1327 247 56 reculées
1090 1327 67 55 de
1202 1326 150 53 deux
1391 1327 207 62 temps.
2387 1380 11 21 ?

568 1408 277 56 L'intérêt
891 1402 444 71 musicologique
1382 1401 69 53 de
1498 1415 62 36 ce
1603 1396 145 53 livre
1794 1390 201 67 existe,
2041 1385 148 56 mais
2234 1399 62 37 ce
2343 1399 40 35 n
2406 1382 86 52 est

458 1490 166 71 point
657 1486 142 56 celui
835 1504 110 53 que
978 1501 87 38 ses
1099 1487 231 48 auteurs
1363 1483 103 48 ont
1500 1474 236 55 cherché
1775 1470 86 53 :il
1893 1474 86 50 est
2016 1468 143 55 dans
2190 1463 58 52 la
2280 1459 213 71 poésie,

456 1568 43 52 il
538 1573 87 49 est
667 1567 141 53 dans
846 1564 80 54 les
966 1567 152 48 mots
1156 1564 57 49 et
1253 1576 116 35 non
1410 1558 142 52 dans
1590 1553 56 52 la
1684 1549 282 71 musique.
2009 1545 171 65 C'est,
2220 1559 73 35 en
2332 1535 161 66 effet,

459 1648 169 52 chose
672 1642 254 55 curieuse
972 1642 67 52 de
1082 1642 294 49 retrouver
1421 1634 141 54 dans
1606 1646 91 38 ces
1739 1631 190 50 textes
1973 1641 72 38 en
2087 1624 192 69 patois
2324 1618 70 52 de
2437 1613 58 52 la

461 1723 355 56 renaissance
852 1724 59 49 et
948 1721 78 52 du
1062 1730 130 40 xvn
1193 1727 20 23 e
1247 1713 167 55 siècle
1448 1711 80 54 les
1564 1708 214 55 mêmes
1814 1700 359 73 expressions
2211 1698 79 53 du
2326 1709 136 37 voca-

460 1802 218 56 bulaire
719 1796 445 72 musicologique
1204 1794 141 54 dont
1385 1807 58 38 se
1484 1792 130 49 sont
1654 1783 148 57 servi
1856 1784 80 52 les
1976 1797 136 54 gens
2154 1779 80 53 du
2285 1788 212 53 moyen

464 1883 121 69 âge.
630 1881 107 53 Les
783 1878 203 53 danses
1043 1879 57 50 et
1157 1872 79 54 les
1282 1871 280 52 chansons
1606 1869 132 49 sont
1781 1862 264 69 toujours
2091 1876 76 34 au
2209 1854 143 53 fond
2398 1851 98 54 des

461 1958 409 71 réjouissances
910 1952 307 70 noëliques.
1263 1949 96 66 Or,
1400 1945 143 55 ainsi
1588 1961 109 54 que
1736 1942 82 53 les
1857 1939 254 55 éditeurs
2149 1934 20 52 1
2192 1937 103 50 ont
2338 1931 38 54 d
2399 1928 76 53 ail-

461 2038 150 54 leurs
656 2033 316 69 remarqué,
1018 2027 237 73 piboles,
1301 2023 280 72 flageoles,
1627 2022 234 63 lourres,
1910 2032 163 38 vezes
2119 2031 75 35 ou
2238 2009 260 63 vesiaux,

464 2116 340 61 chevrettes,
844 2109 254 56 chevries
1143 2111 57 50 et
1251 2103 367 65 chevriottes,
1654 2097 194 66 flûtes,
1900 2095 388 54 chalumeaux
2337 2103 129 52 repa-

463 2194 242 55 raissent
762 2187 477 57 inévitablement
1300 2184 34 52 à
1392 2182 221 70 chaque
1673 2175 272 71 cantique
1971 2194 14 47 ;
2045 2173 240 68 partout
2346 2161 152 58 aussi

463 2291 78 35 on
585 2272 175 53 danse
805 2287 22 28 «
873 2268 34 51 à
949 2266 57 52 la
1051 2268 134 50 note
1232 2282 40 47 »,
1317 2255 350 59 c'est-à-dire
1711 2272 76 35 au
1830 2271 106 35 son
1982 2252 97 53 des
2120 2246 382 55 instruments

466 2352 70 53 de
571 2347 261 71 musique
866 2349 59 49 et
960 2347 152 51 cette
1146 2338 328 71 expression
1507 2339 86 50 est
1631 2335 138 52 dun
1805 2332 316 54 archaïsme
2158 2326 344 61 chaimant,

466 2445 91 39 ces
604 2426 177 66 noëls,
832 2424 142 54 dont
1025 2418 408 75 quelques-uns
1482 2413 204 54 vivent
1736 2426 221 50 encore,
2008 2423 145 38 nous
2202 2403 301 54 ramènent

615 2500 345 15 n•i*M
1103 2514 17 1 _
1130 2499 9 8 *
1157 2500 17 15 i
1242 2514 16 1 _

463 2525 73 37 en
576 2515 155 61 plein
769 2515 291 42 treizième
1100 2515 182 35 siecie.

2179 2563 64 52 P.
2285 2560 68 52 A.

469 2977 170 53 ABBÉ
672 2974 208 54 HENRI
916 2972 347 53 VILLETARD
1419 2963 166 68 Office
1621 2961 61 53 de
1717 2959 188 53 Pierre
1942 2958 60 52 de
2040 2955 218 55 Corbeil
2308 2953 202 68 (Office

546 3057 69 53 de
644 3055 56 53 la
739 3049 426 66 Circoncision),
1206 3045 450 71 improprement
1689 3038 201 71 appelé
1922 3035 216 53 «Office
2172 3036 97 54 des
2302 3035 207 52 Fous».

546 3133 178 53 Texte
750 3135 58 49 et
835 3130 175 52 chant
1037 3125 221 71 publiés
1284 3121 224 70 d'après
1522 3119 51 53 le
1603 3115 316 57 Manuscrit
1946 3116 70 54 de
2042 3115 139 53 Sens
2222 3116 135 64 (xni
2357 3125 22 23 e
2406 3109 79 54 siè-

546 3212 125 67 cle),
692 3226 139 38 avec
861 3204 398 57 introduction
1293 3207 57 49 et
1386 3204 180 50 notes.
1590 3195 432 71 (Bibliothèque
2041 3191 470 70 musicologique,

546 3292 106 64 iv),
692 3289 182 70 grand
907 3285 155 54 in-8°
1110 3285 69 52 de
1220 3293 224 53 xn-244
1490 3293 171 55 pages
1701 3279 58 48 et
1801 3273 33 53 6
1872 3271 374 73 phototypies
2277 3293 13 46 ;
2332 3285 67 40 12
2443 3268 67 53 fr.

549 3368 176 66 Paris,
767 3364 225 66 Picard,
1034 3362 89 66 82,
1162 3378 99 36 rue
1302 3359 348 67 Bonaparte.

588 3528 68 68 Je
686 3525 116 56 suis
831 3525 254 54 heureux
1114 3522 69 54 de
1212 3519 289 71 présenter
1532 3516 142 54 dans
1702 3513 51 54 le
1785 3510 255 56 Bulletin
2069 3511 67 54 de
2166 3510 56 52 la
2251 3510 56 53 S.
2340 3508 45 53 I.
2430 3508 77 53 M.
