2646 4069
688 298 235 35 RICHARD
954 295 234 38 WAGNER
1219 296 67 35 ET
1316 298 179 34 MINNA
1525 298 236 37 WAGNER

2164 298 93 51 991

177 455 34 57 5
240 446 335 70 septembre
604 447 161 70 1809,
796 447 34 51 à
859 442 274 69 Œderan,
1163 462 74 36 en
1262 445 172 70 Saxe,
1464 451 77 64 et,
1571 464 105 53 par
1704 446 376 71 conséquent,
2112 443 147 56 était

177 525 72 54 de
301 532 208 64 quatre
562 544 104 37 ans
707 526 130 70 plus
879 523 137 70 âgée
1058 540 113 53 que
1213 525 268 71 Wagner.
1526 527 141 55 Fille
1710 527 141 56 d'un
1903 525 357 56 mécanicien

176 605 71 53 de
303 605 240 70 Dresde,
585 607 106 54 elle
734 602 161 57 avait
941 602 92 55 été
1077 605 242 68 poussée
1367 606 147 55 dans
1562 607 57 54 la
1663 607 244 55 carrière
1949 606 311 72 artistique

174 701 109 55 par
331 686 255 56 l'actrice
623 685 153 54 Elise
816 682 245 69 Mevius,
1105 683 130 72 puis
1284 703 105 53 par
1432 686 187 56 Emile
1660 689 301 54 Devrient.
2009 687 79 54 Et
2140 687 121 55 l'on

174 767 349 69 promettait
541 785 80 36 un
642 765 92 54 bel
752 763 200 56 avenir
970 766 34 52 à
1018 765 57 53 la
1092 763 171 72 jeune
1287 765 225 68 artiste,
1525 769 145 52 dont
1688 769 80 53 les
1784 769 475 71 contemporains

177 852 252 52 vantent
473 849 33 52 à
545 845 175 56 l'envi
764 845 57 53 la
861 845 409 71 remarquable
1313 846 235 69 beauté,
1577 846 81 55 les
1688 849 144 53 dons
1879 849 280 69 naturels,
2199 849 57 54 la

174 929 189 68 grâce,
398 927 82 55 les
515 925 284 56 manières
840 926 308 55 réservées.
1296 925 252 72 Wagner
1592 927 270 70 s'éprend
1910 930 165 54 d'elle
2121 935 137 51 tout

172 1007 270 55 aussitôt.
494 1007 124 55 Elle
665 1006 83 56 lui
797 1006 292 72 apparaît,
1141 1007 146 55 dans
1334 1006 54 56 le
1436 1005 152 73 petit
1638 1010 213 53 monde
1896 1010 258 54 théâtral
2187 1011 71 56 de

174 1087 396 71 Magdebourg
593 1103 228 38 comme
854 1085 55 57 le
950 1085 124 57 seul
1115 1086 120 56 être
1276 1085 171 72 digne
1484 1085 273 57 d'intérêt
1787 1108 10 33 :
1839 1087 42 54 il
1921 1094 89 48 est
2056 1090 200 54 décidé

174 1167 35 54 à
269 1169 282 69 l'épouser
599 1167 47 54 si
699 1167 106 55 elle
858 1172 144 50 veut
1037 1167 73 55 de
1169 1166 101 56 lui.
1320 1166 51 55 Il
1412 1186 72 36 ne
1525 1167 218 55 semble
1779 1185 127 53 pas,
1945 1170 311 71 d'ailleurs,

172 1264 115 53 que
315 1247 57 54 la
423 1247 171 71 jeune
625 1246 114 56 fille
771 1247 85 54 ait
908 1247 138 55 cédé
1089 1251 135 51 tout
1271 1247 71 56 de
1387 1246 152 56 suite
1571 1247 35 54 à
1634 1246 59 55 la
1741 1247 236 71 passion
2029 1250 70 54 de
2150 1268 108 36 son

171 1326 296 72 fougueux
495 1329 333 54 adorateur.
859 1327 126 56 Elle
1012 1327 53 56 le
1093 1327 111 55 fait
1233 1329 272 54 attendre
1533 1329 264 69 pendant
1825 1329 132 71 près
1986 1329 142 56 d'un
2156 1349 97 36 an.

172 1406 124 56 Elle
331 1407 193 70 quitte
558 1407 190 56 même
782 1407 53 56 le
868 1407 459 71 théâtre—pour
1361 1426 83 36 un
1477 1407 119 56 rôle
1624 1407 329 56 refusé—et
1983 1409 272 72 s'engage

170 1504 96 37 sur
291 1505 115 38 une
433 1489 167 54 scène
630 1489 69 56 de
729 1487 213 56 Berlin.
965 1487 49 55 Il
1039 1487 132 56 faut
1199 1506 113 37 une
1338 1489 173 54 lettre
1529 1487 343 73 passionnée
1898 1487 78 55 où
2002 1489 253 72 Wagner

169 1584 237 41 menace
442 1570 71 55 de
548 1569 311 57 s'adonner
895 1570 34 53 à
961 1569 58 54 la
1053 1569 237 56 boisson
1324 1575 59 50 et
1420 1570 71 55 de
1527 1589 22 29 «
1572 1570 123 55 s'en
1729 1569 139 56 aller
1903 1588 77 37 au
2016 1569 192 56 diable
2234 1592 22 27 »

166 1646 52 55 le
256 1647 132 73 plus
425 1649 123 54 vite
586 1649 272 72 possible,
891 1666 148 55 pour
1072 1649 58 54 la
1163 1647 231 58 décider
1426 1650 34 52 à
1497 1655 224 50 rentrer
1760 1650 35 53 à
1832 1650 418 71 Magdebourg.

167 1727 278 73 Lorsque,
495 1748 77 37 au
619 1729 329 72 printemps
998 1730 70 55 de
1120 1729 162 70 1836,
1332 1730 52 55 le
1431 1730 232 55 théâtre
1712 1729 109 54 fait
1869 1729 225 70 faillite,
2147 1730 107 56 elle

166 1812 211 54 trouve
412 1829 82 36 un
527 1815 386 67 engagement
948 1811 36 52 à
1021 1810 366 72 Konigsberg
1421 1811 76 54 où
1531 1828 107 37 son
1671 1810 184 55 fiancé
1889 1810 59 55 la
1981 1810 137 70 suit,
2155 1828 99 38 sur

165 1887 232 74 l'espoir
433 1891 119 55 très
590 1890 287 56 incertain
918 1890 292 57 d'obtenir
1251 1909 76 37 au
1354 1890 187 56 même
1568 1891 230 54 théâtre
1826 1909 113 37 une
1967 1890 286 55 situation

167 1970 70 55 de
283 1971 215 56 second
539 1971 134 55 chef
719 1971 370 56 d'orchestre.
1139 1971 77 54 Et
1261 1970 76 71 là,
1381 1970 54 56 le
1479 1988 74 53 24
1594 1971 337 69 novembre,
1980 1971 270 71 Wagner,

166 2051 269 71 toujours
470 2069 205 38 encore
711 2069 136 37 sans
881 2050 277 72 position,
1178 2051 235 71 épouse,
1439 2068 135 37 sans
1609 2050 53 56 le
1695 2055 445 51 consentement
2179 2051 71 55 de

165 2148 65 37 sa
264 2131 175 69 mère,
489 2131 57 56 la
581 2131 172 71 jeune
790 2131 233 70 actrice,
1069 2149 226 38 comme
1341 2149 148 55 pour
1544 2131 147 71 jeter
1727 2149 81 38 un
1844 2131 115 56 défi
1994 2149 77 37 au
2105 2136 143 51 sort.

165 2232 23 29 «
211 2211 210 71 J'étais
447 2213 713 68 amoureux,raconte-t-il
1176 2211 133 73 plus
1331 2213 139 55 tard
1492 2213 147 54 dans
1665 2229 64 37 sa

165 2290 35 53 à
223 2309 115 37 mes
363 2293 147 53 amis
515 2338 14 23 ,
547 2291 56 73 je
628 2309 94 38 me
748 2291 204 60 mariai
971 2310 107 54 par
1103 2293 383 68 entêtement,
1505 2291 56 71 je
1576 2290 236 56 souffris
1836 2295 59 51 et
1921 2291 69 54 fis
2014 2291 236 55 souffrir

161 2371 84 56 les
283 2378 198 50 autres
518 2392 75 36 en
630 2373 196 55 raison
865 2374 71 56 de
974 2373 58 54 la
1069 2373 287 55 situation
1393 2373 357 55 lamentable
1790 2373 143 55 d'un
1969 2371 280 57 intérieur

161 2469 136 39 sans
330 2470 342 52 ressources,
707 2458 60 50 et
800 2453 349 71 m'enfonçai
1187 2453 147 55 ainsi
1369 2453 147 55 dans
1548 2451 58 56 la
1639 2451 206 56 misère
1879 2450 101 74 qui
2014 2469 35 38 a
2081 2451 170 56 ruiné

162 2530 102 57 des
294 2533 323 55 existences
647 2552 108 53 par
787 2533 271 55 millions.
1086 2555 21 28 »

273 2614 118 54 Dès
420 2614 57 54 la
508 2615 280 71 première
819 2615 203 67 année,
1047 2633 107 37 son
1177 2615 244 70 ménage
1451 2632 259 52 manqua
1742 2615 70 55 de
1844 2630 59 37 se
1935 2613 313 72 disloquer.

161 2694 130 56 Une
324 2694 210 72 longue
569 2695 172 56 lettre
777 2696 72 55 de
885 2695 251 71 Wagner
1174 2694 93 70 (18
1301 2694 119 54 mai
1459 2695 164 71 1859)
1661 2712 147 36 nous
1841 2693 206 57 éclaire
2084 2695 71 55 de
2188 2694 58 54 la

160 2773 174 71 façon
363 2774 57 54 la
449 2774 134 71 plus
612 2774 261 56 curieuse
903 2792 97 36 sur
1028 2774 59 56 la
1116 2774 373 72 psychologie
1521 2775 71 55 de
1623 2778 92 50 cet
1746 2773 234 71 épisode
2011 2774 237 71 jusqu'à

160 2856 235 69 présent
445 2855 120 55 très
609 2873 116 53 peu
771 2873 210 37 connu.
1006 2855 119 56 Son
1168 2873 194 37 erreur
1406 2854 243 68 initiale,
1671 2853 401 69 confesse-t-il,
2093 2853 151 56 était

162 2934 225 56 d'avoir
425 2936 302 55 contracté
768 2953 135 38 sous
939 2935 359 73 l'impulsion
1336 2936 72 55 de
1446 2935 59 55 la
1541 2934 237 74 passion
1830 2934 279 56 sensuelle
2165 2953 81 37 un

160 3015 256 71 mariage
438 3022 136 49 tout
599 3016 36 54 à
656 3016 111 55 fait
792 3016 442 56 déraisonnable
1258 3020 183 68 ayant
1464 3015 58 55 la
1545 3015 206 56 misère
1774 3032 148 54 pour
1945 3014 300 56 corollaire

160 3093 338 58 inévitable.
538 3096 97 69 Or,
677 3096 283 72 qu'est-ce
1011 3096 185 72 qu'un
1246 3095 318 60 semblable
1615 3094 255 72 mariage
1922 3095 268 56 d'amour
2217 3099 28 50 ?

161 3174 152 57 C'est
341 3194 115 37 une
486 3176 180 56 union
692 3176 211 56 fondée
931 3194 97 37 sur
1055 3196 83 36 un
1164 3176 151 56 désir
1343 3175 229 57 sensuel
1599 3175 100 73 qui
1727 3193 209 55 pousse
1963 3175 280 56 l'homme

160 3254 37 55 à
218 3255 297 56 souhaiter
569 3258 69 54 de
692 3262 199 50 toutes
943 3274 89 37 ses
1087 3256 185 56 forces
1331 3255 57 56 la
1439 3255 329 73 possession
1818 3255 296 56 exclusive
2169 3255 71 56 de

157 3333 206 73 l'objet
384 3335 169 56 aimé.
578 3336 53 54 A
651 3343 94 49 cet
767 3336 162 70 effet,
952 3343 60 49 et
1033 3354 149 55 pour
1202 3354 61 38 se
1286 3335 221 57 donner
1526 3354 84 38 un
1802 3335 184 56 d'être
2019 3335 225 73 jaloux,

158 3413 42 54 il
227 3433 60 37 se
316 3417 138 55 hâte
486 3418 71 54 de
588 3418 268 56 conclure
885 3437 82 37 un
995 3423 235 49 contrat
1254 3417 102 72 qui
1384 3417 83 55 lui
1497 3436 196 36 assure
2084 3422 157 50 cette

158 3497 327 69 possession
517 3503 59 49 et
609 3498 143 70 cela,
779 3516 136 36 sans
936 3516 61 38 se
1028 3499 353 71 préoccuper
1412 3498 53 56 le
1500 3497 189 57 moins
1722 3499 80 55 du
1836 3498 212 54 monde
2081 3495 48 56 si
2161 3497 88 55 les

160 3573 425 59 circonstances
613 3578 351 56 extérieures
993 3583 359 66 permettent
1381 3596 78 38 ou
1486 3597 120 37 non
1632 3578 58 54 la
1719 3578 93 56 vie
1840 3594 311 43 commune
2179 3582 62 50 et
