2646 4069
135 888 706 158 L'ESTHÉTIQUE
925 901 505 124 MUSICALE
1529 903 699 145 SCIENTIFIQUE

132 1123 582 62 D'APRÈS
828 1129 160 56 UN
1083 1123 477 62 LIVRE
1655 1123 573 62 RECENT

516 1604 306 40 UGGESTIF
872 1597 35 46 à
957 1587 57 56 la
1062 1590 113 54 fois
1226 1590 71 54 de
1347 1586 358 74 profondeur
1761 1592 59 51 et
1880 1586 350 72 d'élégance,

550 1669 54 57 le
665 1674 185 52 terme
915 1670 395 71 d'esthétique
1369 1672 91 51 est
1521 1667 157 73 plein
1742 1669 69 54 de
1874 1666 355 57 séductions.

553 1751 292 53 Pourtant
893 1750 137 54 bien
1081 1752 100 54 des
1231 1765 157 56 gens,
1439 1746 118 56 fort
1609 1746 307 57 différents
1966 1746 264 71 d'esprit,

553 1832 100 55 des
690 1836 263 64 savants,
988 1831 101 56 des
1119 1830 235 56 artistes
1386 1834 58 50 et
1481 1829 189 55 même
1700 1830 100 54 des
1836 1827 396 73 philosophes,

554 1929 61 36 se
648 1912 216 53 défient
896 1929 160 36 assez
1085 1915 251 50 souvent
1369 1910 80 54 du
1479 1914 127 49 mot
1636 1912 60 51 et
1728 1910 69 54 de
1828 1909 58 54 la
1916 1909 190 54 chose.
2140 1907 93 55 On

132 2010 36 36 a
201 1994 281 69 reproché
515 2010 120 37 non
667 2009 137 38 sans
836 1991 196 55 raison
1065 2010 119 36 aux
1216 1991 207 55 études
1457 1987 362 73 esthétiques
1851 1988 53 56 le
1938 1988 295 55 caractère

132 2089 192 54 vague
365 2074 70 54 de
473 2074 124 54 leur
635 2072 185 71 objet,
858 2071 415 72 l'imprécision
1312 2071 70 55 de
1419 2068 155 58 leurs
1611 2070 308 56 méthodes
1956 2072 60 52 et
2053 2066 155 56 l'insi-

131 2152 287 71 gnifiance
460 2154 70 55 de
568 2152 154 56 leurs
760 2151 297 56 résultats.
1100 2151 147 56 Bien
1288 2151 100 55 des
1658 2147 393 73 d'esthétique
2096 2151 137 51 sont

131 2234 386 71 uniquement
577 2254 22 28 «
640 2235 72 54 de
747 2232 59 56 la
840 2232 333 56 littérature
1201 2254 41 47 »,
1288 2249 97 51 ou,
1424 2248 64 38 ce
1535 2230 101 72 qui
1683 2235 88 51 est
1818 2228 109 74 pis,
1960 2230 71 54 de
2078 2232 156 52 cette

131 2314 367 72 philosophie
524 2312 100 70 qui
648 2314 152 54 n'est
826 2319 167 49 autre
1018 2314 174 54 chose
1216 2330 114 53 que
1354 2312 71 55 de
1449 2310 58 56 la
1529 2310 332 56 littérature
1886 2308 120 56 mal
2035 2307 198 57 écrite.

132 2394 327 72 Appliquer
501 2394 58 54 la
602 2395 278 54 méthode
924 2392 365 73 scientifique
1334 2394 35 52 à
1411 2396 92 51 cet
1548 2392 168 55 ordre
1761 2392 71 54 de
1875 2388 357 70 recherches,

132 2493 74 36 en
229 2474 339 72 particulier
593 2476 36 52 à
649 2474 376 72 l'esthétique
1056 2472 291 70 musicale,
1363 2472 81 55 tel
1460 2476 87 51 est
1561 2471 54 56 le
1637 2472 111 54 but
1773 2489 113 53 que
1903 2471 76 53 M.
1999 2468 235 56 Charles

132 2556 144 55 Lalo
309 2557 77 68 (i)
417 2556 140 56 s'est
586 2557 249 70 proposé
861 2576 14 49 ;
905 2560 59 51 et
991 2555 122 54 l'on
1138 2574 73 35 ne
1239 2554 223 55 saurait
1489 2559 137 66 trop
1651 2552 54 56 le
1733 2551 243 56 féliciter
2008 2549 226 57 d'avoir

135 2634 187 55 formé
352 2655 83 36 un
463 2636 47 55 si
539 2636 155 55 beau
724 2635 245 56 dessein.

248 2738 22 29 «
308 2716 402 73 L'esthétique
750 2716 71 56 de
866 2716 246 56 l'avenir
1150 2734 127 37 sera
1315 2715 366 71 scientifique
1717 2731 78 37 ou
1832 2731 71 36 ne
1942 2729 127 38 sera
2107 2729 126 53 pas.

135 2797 98 63 Or,
253 2797 53 56 le
341 2797 124 56 seul
501 2815 214 54 moyen
752 2800 70 53 de
860 2796 142 56 faire
1038 2799 72 54 de
1145 2795 374 71 l'esthétique
1554 2814 114 35 une
1703 2794 242 67 science,
1983 2792 142 55 c'est
2162 2792 72 55 de

134 2877 81 56 lui
252 2880 221 53 donner
492 2896 109 39 une
637 2879 299 68 méthode,
969 2896 83 37 un
1084 2877 163 70 ob]et
1282 2881 59 51 et
1378 2877 99 55 des
1509 2875 107 55 lois
1646 2896 12 34 :
1693 2875 144 55 c'est
1872 2875 71 55 de
1975 2871 59 56 la
2064 2872 172 55 baser

136 2976 99 39 sur
267 2957 285 73 l'analyse
587 2957 384 72 méthodique
1007 2959 101 54 des
1141 2957 141 55 faits
1316 2960 266 52 concrets
1618 2976 21 30 »
1678 2956 79 70 (p.
1795 2954 77 68 6).
1910 2954 155 53 Pour
2100 2969 103 37 con-

135 3040 192 55 naître
351 3037 535 73 scientifiquement
910 3039 53 56 le
987 3039 366 71 phénomène
1378 3035 263 70 musical,
1667 3034 42 54 il
1731 3034 211 56 faudra
1965 3032 272 56 l'étudier

136 3120 492 56 successivement
661 3120 78 55 du
769 3120 170 71 point
972 3121 70 54 de
1074 3137 113 38 vue
1220 3120 100 55 des
1352 3117 256 56 diverses
1636 3115 253 57 sciences
1919 3114 144 72 qu'il
2092 3119 144 66 peut

138 3200 326 69 intéresser,
494 3205 60 50 et
583 3199 102 71 qui
713 3205 134 50 sont
875 3199 59 54 la
960 3199 224 56 science
1213 3200 101 55 des
1341 3197 294 68 nombres,
1663 3196 58 55 la
1748 3194 455 73 psycho-physio-

138 3280 167 74 logie,
345 3281 58 54 la
441 3280 376 72 psychologie
856 3285 379 67 proprement
1277 3279 120 56 dite
1438 3284 58 49 et
1532 3279 58 53 la
1618 3276 329 73 sociologie.
1982 3276 77 54 M.
2093 3274 143 56 Lalo

138 3361 181 55 borne
367 3379 107 37 scn
521 3361 177 55 étude
747 3382 23 28 «
817 3379 119 37 aux
983 3361 301 68 éléments,
1334 3357 355 58 c'est-à-dire
1739 3374 118 37 aux
1904 3354 333 56 conditions

138 3443 80 55 les
252 3443 131 68 plus
414 3440 235 71 simples
684 3443 69 54 de
784 3441 136 55 l'art
954 3441 243 55 musical
1228 3463 22 28 »
1278 3463 13 47 ;
1324 3458 94 38 ces
1448 3440 282 55 éléments
1762 3443 133 49 sont
1928 3457 22 29 «
1980 3436 82 55 les
2093 3435 144 55 trois

259 3570 63 48 (i)
585 3567 212 54 Esquisse
1128 3567 132 38 d'une
1465 3566 233 52 esthétique
2007 3565 212 39 musicale
1635 3561 142 46 Paris,
1794 3561 156 47 Alcan,
1973 3560 123 48 1908,
2115 3557 122 41 in.B°

141 3632 103 55 (326
277 3632 65 48 p.)
378 3629 325 51 Bibliothèque
737 3629 55 40 de
827 3627 290 52 Philosophie
1150 3624 386 54 contemporaine.
