2646 4069
2125 282 93 64 961

708 292 65 37 LA
805 294 245 45 MUSIQUE
1084 292 307 36 ESPAGNOLE
1426 294 261 36 MODERNE

1992 3685 24 35 2

259 431 94 56 On
397 433 255 56 acclame
1253 434 201 67 Rayon
1742 430 65 53 de
1957 430 161 55 Lune
1253 436 61 51 et
1357 431 52 58 le
1454 450 282 40 concours
1780 433 294 57 continue.
2122 433 93 57 On

146 513 223 54 entend
401 513 488 54 successivement
924 528 113 37 une
2005 514 212 66 tenson,
1326 530 80 37 un
1582 530 150 56 pour
1765 513 192 73 lequel
1991 513 226 57 Pedrell

147 608 34 38 a
240 593 212 54 trouvé
509 598 155 51 cette
722 589 237 72 exquise
1016 609 23 29 «
1096 586 336 63 ritournelle
1479 622 23 29 »
1530 614 11 35 :

141 1966 59 50 et
238 1979 81 37 un
352 1980 22 29 «
407 1961 326 55 serventais
769 1983 20 29 »
822 1962 78 55 où
933 1962 348 72 s'évoquent
1312 1966 200 51 toutes
1542 1961 84 56 les
1658 1961 145 73 joies
1837 1964 70 54 de
1938 1962 59 55 la
2029 1961 187 73 patrie

141 2042 220 70 perdue
390 2061 11 34 :

1328 2122 49 55 A
1446 2140 37 52 y
1508 2122 25 55 !
1682 2122 207 54 Tolosa
2198 2140 18 52 y

1334 2204 94 68 Ay
1455 2202 24 55 !
1688 2202 346 56 Carcassona

1329 2284 48 53 A
868 2284 555 71 yfiatria
2065 2284 119 53 mia

144 2445 188 56 Sicart
359 2445 52 55 le
440 2445 215 55 chante
682 2463 73 37 en
782 2445 520 71 s'accompagnant
1333 2445 71 53 de
1429 2442 59 56 la
1514 2444 201 72 harpe,
1743 2462 142 38 avec
1912 2463 114 37 une
2053 2444 163 54 fierté

144 2525 170 67 mâle,
365 2543 114 37 une
529 2524 261 56 émotion
839 2523 304 72 profonde,
1194 2523 102 71 qui
1347 2524 348 54 déchaînent
1740 2523 475 60 l'enthousiasme

143 2605 252 71 général,
459 2603 236 57 refroidi
756 2604 249 56 soudain
1066 2622 107 53 par
1232 2603 380 72 l'apparition
1672 2604 402 72 tempétueuse
2137 2603 79 55 du

143 2686 158 71 légat
342 2688 80 54 du
460 2704 172 53 pape.
674 2685 165 71 Coup
879 2686 70 54 de
986 2685 234 55 théâtre
1259 2702 135 36 sans
1434 2685 179 55 doute
1650 2685 136 55 bien
1823 2684 389 71 romantique,

143 2765 148 55 mais
334 2783 114 53 que
493 2783 182 38 sauve
718 2783 114 37 une
875 2764 268 71 musique
1187 2763 242 55 vivante
1472 2769 60 49 et
1577 2764 210 56 variée.
1833 2765 80 55 Le
1955 2763 260 57 cardinal

141 2845 315 72 triomphe.
505 2845 50 55 Il
597 2863 78 37 va
717 2844 143 56 faire
905 2845 235 53 arborer
1180 2844 59 54 la
1281 2844 275 56 bannière
1601 2845 71 55 de
1714 2844 235 72 l'Eglise
1991 2862 97 36 sur
2130 2844 82 56 les

140 2926 278 56 tourelles
456 2928 82 54 du
575 2926 270 55 château.
886 2926 155 55 Tout
1079 2925 193 71 paraît
1309 2926 186 70 perdu
1521 2947 14 48 ;
1573 2925 148 60 mais
1756 2925 216 71 l'orage
2010 2924 202 68 éclate,

140 3005 83 56 les
260 3006 252 56 fenêtres
550 3006 323 68 s'ouvrent,
912 3006 102 55 des
1051 3022 180 53 coups
1267 3005 256 59 mesurés
1560 3010 61 51 et
1658 3006 206 55 sourds
1899 3005 314 55 résonnent

140 3103 137 38 sous
301 3093 153 49 terre
500 3091 78 64 et,
606 3104 78 37 au
709 3085 200 56 milieu
936 3086 70 55 de
1030 3085 59 53 la
1113 3084 157 67 salle,
1298 3084 82 54 les
1408 3084 179 56 dalles
1612 3103 60 38 se
1697 3085 324 56 soulèvent.
2049 3085 163 53 Dans

143 3185 111 37 une
285 3166 131 73 pâle
444 3166 181 55 clarté
652 3165 53 57 le
732 3171 193 55 comte
954 3166 73 55 de
1056 3165 145 55 Foix
1227 3164 205 72 surgit,
1461 3165 243 55 entouré
1733 3166 71 55 de
1832 3183 90 38 ses
1949 3165 263 59 hommes

143 3248 251 54 d'armes
421 3269 14 47 ;
468 3253 60 49 et
562 3253 137 49 tous
751 3246 131 56 unis
912 3251 61 51 et
1005 3245 218 71 joyeux
1254 3250 328 51 entonnent
1612 3245 260 74 l'hymne
1904 3246 73 56 de
2006 3245 206 56 liberté

152 3328 146 54 Foix
497 3333 100 67 fier
746 3328 150 54 Foix
1094 3345 37 53 y
1217 3331 99 69 fier
1464 3326 148 55 Foix
1811 3331 213 67 semfire

211 3406 5 69 |
261 3409 79 55 Le
364 3408 304 59 deuxième
693 3406 240 56 tableau
958 3409 17 67 (
980 3408 202 68 Rayon
1210 3406 63 54 de
1301 3406 180 69 Lune)
1510 3424 36 37 a
1568 3424 147 55 pour
1739 3408 170 54 décor
1931 3406 52 56 le
2010 3405 200 56 cloître

143 3488 72 54 de
247 3488 292 72 l'Abbaye
580 3489 75 56 de
704 3488 283 56 Bolbona.
1041 3486 83 56 La
1179 3486 347 73 Mauresque
1578 3504 40 54 y
1665 3492 209 52 trouve
1918 3486 57 58 le
2018 3490 191 54 comte

145 3568 234 70 déguisé
402 3587 72 37 en
503 3568 195 56 moine
726 3573 59 51 et
801 3566 101 72 qui
919 3566 162 56 vient
1100 3565 233 56 assister
1350 3568 36 53 à
1411 3584 107 37 son
1535 3584 208 54 propre
1759 3570 449 57 enterrement...
