2646 4069
943 360 256 36 BULLETIN
1237 358 247 45 FRANÇAIS
1520 358 69 33 DE
1624 358 61 34 LA
1723 358 41 34 S.
1801 355 31 36 I.
1869 355 54 36 M.

406 370 89 46 952

413 513 80 52 les
550 510 308 53 tendances
914 503 453 71 polyphoniques
1424 506 57 49 et
1538 501 348 70 mélodiques
1914 521 14 46 ;
1984 503 61 51 et
2102 515 87 37 ses
2246 498 184 54 élèves

413 587 235 66 actuels,
676 585 168 54 Giner
869 588 57 47 et
952 581 221 67 Übeda,
1199 585 102 48 ont
1326 579 244 54 recueilli
1594 597 70 36 en
1688 579 50 54 le
1764 582 345 66 partageant
2134 593 61 36 ce
2223 574 207 56 double

414 666 270 67 héritage.

526 743 74 52 M.
633 739 277 55 Salvador
941 737 172 53 Giner
1143 755 33 34 a
1206 734 138 54 écrit
1373 753 79 36 un
1483 752 110 52 peu
1623 736 141 52 dans
1794 739 132 49 tous
1954 733 80 53 les
2064 748 196 54 genres
2290 748 137 37 avec

416 837 109 36 une
549 818 155 70 égale
728 816 229 53 facilité.
983 816 115 52 Des
1122 814 199 69 opéras
1349 833 10 33 :
1383 812 51 54 le
1458 812 266 68 Songeur,
1750 812 270 68 Sagunto,
2046 811 52 53 le
2135 809 294 68 Fantôme;

416 899 95 51 des
550 896 284 68 opérettes
861 911 75 35 ou
1513 893 279 53 zarzuelas
1275 907 131 37 sans
1443 892 235 52 nombre
1706 911 13 46 ;
1758 891 98 53 des
1893 889 230 69 poèmes
2159 888 232 69 sympho-

414 974 200 68 niques
878 971 109 69 descriptifs
988 991 59 32 :
1048 972 139 51 La
1850 968 321 53 Procession
2204 966 47 50 A
2265 964 161 66 Ibaes,

416 1052 75 52 où
525 1051 41 52 il
602 1049 230 70 dépeint
872 1051 96 52 des
1602 1048 192 53 rondes
1235 1048 67 52 de
1340 1046 126 53 nuit
1503 1062 57 37 se
1596 1046 236 52 battant
1860 1065 12 47 ;

414 1128 299 52 Balthazar
740 1148 22 42 ;
798 1128 75 51 Le
912 1127 169 53 Sinaï
1118 1142 109 52 que
1267 1141 142 35 nous
1448 1124 191 56 eûmes
1677 1122 303 52 l'occasion
2022 1120 332 54 d'entendre
2394 1120 35 53 à

417 1206 175 67 Paris,
642 1206 236 53 exécuté
925 1222 103 52 par
1072 1203 57 53 la
1178 1203 186 53 Garde
1414 1199 427 71 Républicaine,
1890 1204 57 50 et
1996 1199 132 54 bien
2176 1198 251 53 d'autres

416 1301 293 52 ouvrages,
755 1288 131 48 tous
930 1283 169 52 d'une
1141 1280 218 54 facture
1402 1279 390 65 intéressante,
1841 1277 141 53 mais
2025 1277 73 52 où
2140 1275 117 54 l'on
2299 1280 127 49 sent

414 1363 197 67 régner
643 1360 319 54 l'influence
997 1360 69 53 de
1099 1357 342 70 Meyerbeer.

525 1441 75 52 M.
652 1439 170 55 Giner
869 1443 85 48 est
1005 1437 277 54 directeur
1331 1437 78 52 du
1457 1433 428 54 Conservatoire
1937 1433 67 52 de
2054 1432 263 66 Valence,
2368 1437 57 48 et

416 1518 137 53 c'est
583 1518 35 51 à
646 1534 61 36 ce
734 1517 135 52 titre
900 1515 138 70 qu'il
1068 1513 194 56 devait
1292 1513 203 68 figurer
1527 1512 141 52 dans
1697 1514 150 50 cette
1877 1510 188 54 étude.
2097 1510 114 54 Son
2241 1509 185 53 talent

414 1613 79 36 un
526 1612 111 52 peu
671 1592 511 68 mélodramatique
1216 1589 231 71 produit
1480 1589 298 67 beaucoup
2025 1604 95 36 sur
2153 1604 88 36 ses
2275 1603 112 41 com-

414 1672 294 69 patriotes,
740 1688 59 36 ce
830 1670 96 70 qui
957 1688 68 36 ne
1055 1668 215 54 saurait
1300 1684 142 36 nous
1471 1667 253 50 étonner.
1757 1665 272 52 Combien
2059 1665 69 52 de
2158 1664 267 67 Français

416 1749 429 70 applaudissent
878 1766 198 35 encore
1808 1748 102 51 Les
2079 1747 326 67 Huguenots
1602 1759 75 37 ou
1709 1744 73 51 Le
2142 1747 57 48 et
2234 1741 161 55 dédai-

416 1833 172 65 gnent
618 1827 219 52 Pelléas
864 1844 75 36 ou
967 1827 336 66 L'Etranger
1325 1828 28 48 ?

522 1907 150 50 Tout
707 1909 162 48 autre
902 1908 85 48 est
1023 1904 73 52 M.
1135 1903 157 67 J.-M.
1329 1900 222 65 Übeda,
1585 1900 182 68 grand
1799 1905 57 49 et
1889 1898 192 52 sévère
2121 1896 303 70 organiste.

413 1983 212 54 Tandis
660 1999 107 52 que
801 1999 102 35 son
936 2001 22 28 «
991 1979 339 69 condisciple
1364 1999 21 27 »
1416 1976 266 70 s'égarait
1717 1978 141 53 dans
1891 1976 79 53 les
2003 1975 250 57 chemins
2289 1976 102 53 dan-

416 2078 207 53 gereux
666 2063 67 51 de
774 2060 54 52 la
870 2059 258 70 musique
1169 2056 306 66 imitative,
1519 2072 60 35 ce
1622 2055 168 55 noble
1830 2054 200 55 artiste
2071 2053 259 53 renouait
2372 2054 54 53 la

414 2138 272 70 glorieuse
747 2136 276 55 tradition
1077 2134 478 70 contrapontique
1612 2134 69 53 de
1737 2152 102 34 son
1893 2131 167 54 école.
2120 2131 306 70 Beaucoup

418 2218 68 52 de
534 2216 181 69 pièces
766 2215 248 69 d'orgue,
1066 2215 96 52 des
1211 2229 223 50 messes,
1486 2213 98 52 des
1635 2229 222 36 œuvres
1905 2209 224 53 vocales
2178 2209 68 52 de
2294 2213 131 49 tout

418 2312 164 51 genre
621 2299 277 48 attestent
936 2293 56 53 la
1030 2293 215 52 science
1284 2290 277 70 profonde
1613 2295 57 47 et
1721 2290 51 53 le
1825 2289 289 53 caractère
2157 2288 155 52 doux
2364 2293 58 48 et

418 2370 285 70 mystique
733 2370 68 53 de
831 2388 60 35 ce
920 2371 254 55 modeste
1203 2368 333 54 technicien.

527 2449 171 51 Enfin
750 2449 73 51 M.
882 2446 265 70 Ripollès,
1202 2446 70 54 né
1325 2463 70 35 en
1451 2444 157 70 1867,
1648 2444 400 53 actuellement
2102 2441 202 54 maître
2360 2443 67 53 de

420 2525 250 70 chapelle
704 2526 67 52 de
803 2525 56 52 la
892 2524 334 54 Cathédrale
1262 2525 67 52 de
1363 2523 220 67 Séville,
1601 2528 86 48 est
1720 2542 79 33 un
1830 2520 275 55 musicien
2137 2520 113 52 fort
2284 2520 115 53 inté-

418 2609 235 47 ressant.
695 2605 158 51 Nous
891 2619 177 36 avons
1108 2601 84 54 dit
1216 2601 315 52 l'influence
1554 2600 209 53 morale
1789 2597 257 72 qu'avait
2076 2599 226 52 exercée
2332 2614 95 37 sur

417 2680 79 53 lui
543 2681 275 54 l'ardente
864 2680 363 69 propagande
1277 2679 190 53 de'M.
1518 2677 239 58 Olmeda
1783 2698 11 32 :
1846 2677 73 53 M.
1973 2675 249 70 Ripollès
2270 2693 52 49 a,
2355 2694 71 34 en

418 2757 155 68 effet,
606 2757 276 72 participé
915 2759 140 52 daus
1084 2756 56 52 la
1169 2756 127 69 plus
1325 2755 152 69 large
1509 2771 219 37 mesure
1761 2756 33 50 à
1814 2754 55 52 la
1891 2751 381 55 restauration
2303 2752 98 54 reli-

418 2836 187 69 gieuse
637 2836 354 57 commencée
1021 2851 72 36 en
1123 2832 243 54 Castille.
1400 2832 174 54 Elève
1607 2834 69 52 de
1709 2831 188 66 Giner,
1928 2831 40 50 il
1998 2831 131 52 n'en
2161 2848 33 34 a
2224 2835 201 48 retenu

418 2931 108 51 que
566 2914 49 53 le
654 2911 370 66 savoir-faire,
1079 2910 96 70 qui
1229 2916 85 47 est
1368 2911 196 67 grand.
1606 2910 157 52 Nous
1818 2907 414 69 distinguerons
2285 2909 140 53 trois

430 2990 266 53 manières
729 2991 141 52 dans
914 3006 102 36 son
1060 2987 146 69 style
1234 3008 10 31 :
1289 2989 82 50 La
1414 2986 270 70 première
1728 2990 85 49 est
1857 2985 267 68 marquée
2167 3001 104 52 par
2313 3004 111 35 une

418 3085 178 37 messe
870 3067 410 69 mystico-profane
1281 3066 133 52 d'accent
1457 3065 113 51 très
2126 3065 298 67 composée

418 3145 40 51 il
494 3164 39 51 y
568 3164 34 34 a
638 3145 127 71 plus
803 3146 67 52 de
908 3144 201 68 quinze
1147 3160 118 34 ans.
1305 3142 148 69 Déjà
1488 3142 87 69 s'y
1611 3141 251 53 révèlent
1903 3141 95 52 des
2037 3141 143 52 dons
2217 3158 174 40 remar-

420 3224 233 68 quables
705 3225 68 52 de
822 3222 238 54 mélodie
1108 3239 174 34 suave
1331 3225 275 48 soutenue
1654 3236 103 52 par
1805 3236 111 36 une
1965 3217 293 55 harmonie
2308 3219 116 53 fort

420 3301 271 70 élégante,
726 3301 130 52 bien
888 3300 178 68 qu'un
1099 3316 109 52 peu
1241 3302 324 49 monotone.
1602 3296 133 53 Puis
1767 3296 51 53 le
1851 3295 147 70 style
2034 3295 230 54 devient
2297 3296 127 70 plus

430 3379 396 69 symphonique
867 3379 139 53 dans
1057 3394 111 35 une
1217 3376 239 53 seconde
1508 3391 178 37 messe
1737 3373 73 54 où
1860 3390 143 36 nous
2054 3390 370 52 remarquons

418 3457 295 54 l'heureux
756 3455 427 70 accouplement
1230 3455 67 52 de
1342 3452 210 70 l'orgue
1598 3457 57 50 et
1702 3452 69 54 de
1814 3451 325 53 l'orchestre
2186 3452 142 52 dans
2372 3452 50 55 le

435 3536 186 66 Credo,
651 3541 56 48 et
747 3535 50 54 le
839 3535 113 52 très
992 3533 148 54 beau
1952 3532 234 52 Sanctus
1456 3531 73 53 où
1569 3531 49 53 le
1663 3530 258 70 dialogue
1960 3530 51 54 le
2051 3528 127 72 plus
2219 3530 202 70 exquis
