2646 4069
1051 291 68 36 LE
1153 291 128 36 MOIS

2093 287 121 50 1025

2066 3686 23 37 6

137 449 338 71 fortement,
508 455 79 65 et,
603 469 107 55 par
739 449 76 70 là,
832 464 148 39 nous
1011 446 263 56 récréons
1304 464 72 37 en
1408 445 249 72 quelque
1689 444 254 57 manière
1972 443 244 54 l'œuvre

137 530 102 71 qui
280 535 89 52 est
411 533 252 56 soumise
706 531 37 55 à
781 545 107 40 nos
928 526 264 57 facultés.
1230 526 186 66 Donc,
1460 530 168 52 notre
1671 526 141 71 goût
1854 529 88 52 est
1984 540 73 40 en
2098 521 117 73 jeu.

138 610 144 56 Fort
343 611 155 58 bien.
562 610 148 59 Mais
772 614 155 51 cette
988 606 261 56 réaction
1310 610 108 65 est,
1482 605 340 71 elle-même,
1883 604 332 57 infiniment

137 691 338 58 modifiable
500 716 15 46 ;
551 693 105 56 elle
693 690 230 72 dépend
959 690 72 56 de
1065 693 169 52 notre
1269 686 238 56 volonté
1529 691 60 51 et
1617 688 71 55 de
1719 686 328 56 l'habitude
2084 700 97 56 par-

140 771 200 56 dessus
385 779 156 51 tout.
581 773 239 56 Chacun
865 769 114 56 sait
1021 768 268 57 combien
1335 785 73 37 en
1453 762 268 77 musique
1771 762 445 59 Ventraînement

137 868 36 38 a
209 853 441 72 d'importance.
700 851 61 56 Si
800 867 150 39 nous
983 865 326 56 supposons
1341 846 53 56 le
1430 848 141 71 goût
1605 845 305 72 personnel
1942 841 243 60 intransi-

138 939 176 65 geant
355 940 60 50 et
456 933 317 57 immuable
814 949 105 55 par
961 929 323 68 définition,
1324 945 149 38 nous
1514 926 325 56 arriverons
1879 928 36 53 à
1956 926 225 56 d'incon-

138 1014 268 56 cevables
452 1013 348 57 absurdités.
834 1011 164 55 Nous
1029 1010 157 56 voilà
1229 1009 203 65 forcés,
1467 1027 73 36 en
1582 1006 162 68 effet,
1792 1008 71 54 de
1907 1006 124 56 nier
2079 1010 133 50 tout

137 1093 249 71 pouvoir
425 1095 36 54 à
496 1091 411 66 l'instruction,
950 1090 249 73 puisque
1238 1088 216 57 celle-ci
1492 1088 151 54 n'est
1684 1091 166 50 autre
1888 1086 172 55 chose
2100 1102 115 54 que

136 1173 331 73 l'adaption
493 1175 80 56 du
598 1173 121 57 moi
745 1174 37 53 à
806 1174 102 55 des
933 1170 336 57 mentalités
1294 1168 348 72 étrangères.
1672 1166 125 71 Que
1822 1165 391 56 faisons-nous

138 1254 151 56 donc
314 1273 97 38 sur
434 1255 81 56 les
540 1255 181 55 bancs
747 1255 80 55 du
851 1253 231 71 collège,
1107 1251 49 55 si
1177 1267 149 39 nous
1349 1268 73 37 ne
1446 1248 317 57 cherchons
1787 1264 105 55 pas
1918 1248 35 53 à
1977 1244 238 58 devenir

137 1352 160 54 grecs
358 1353 77 38 ou
494 1335 274 66 romains,
820 1334 266 71 pendant
1140 1330 280 74 quelques
1481 1329 205 56 heures
1742 1328 226 71 chaque
2029 1325 131 72 jour
2189 1329 24 49 ?

136 1415 77 55 M.
235 1413 407 58 Goldschmidt
659 1413 343 58 voudrait-il
1020 1431 148 38 nous
1192 1428 263 39 ramener
1472 1425 118 40 aux
1610 1406 252 58 éditions
1877 1405 335 73 expurgées,

137 1494 75 55 ad
245 1513 169 37 usum
448 1495 292 73 delfihini;
759 1493 343 58 voudrait-il
1130 1509 150 38 nous
1300 1489 144 57 faire
1488 1489 127 56 voir
1656 1486 249 56 Haendel
1928 1488 34 53 à
1986 1490 227 50 travers

138 1592 108 39 son
275 1577 473 73 interprétation,
783 1593 226 38 comme
1042 1569 547 60 Lamotte-Houdar
1636 1574 59 52 et
1746 1566 203 58 Delille
1982 1566 198 72 présen-

137 1657 188 55 taient
369 1658 153 71 jadis
562 1654 258 60 Homère
863 1662 60 49 et
966 1654 214 72 Virgile
1224 1654 36 53 à
1300 1658 226 49 travers
1568 1650 59 55 la
1667 1650 263 55 lanterne
1976 1648 70 54 de
2088 1645 124 56 leur

134 1734 389 75 imagination
554 1737 199 55 falote.

250 1818 194 71 Qu'on
475 1836 40 54 y
546 1837 218 53 prenne
797 1818 195 71 garde,
1023 1814 59 56 la
1116 1813 262 58 doctrine
1411 1829 113 54 que
1556 1827 147 39 nous
1735 1808 373 56 combattons
2138 1803 74 57 ici

137 1914 143 40 avec
306 1898 226 72 énergie
557 1917 35 35 a
617 1898 122 56 sévi
764 1897 263 72 pendant
1051 1895 332 71 longtemps
1410 1893 144 54 dans
1577 1889 198 56 l'école
1801 1893 59 51 et
1887 1888 146 54 dans
2055 1885 156 55 l'art.

137 1975 53 56 Il
235 1996 40 53 y
314 1997 34 35 a
387 1997 116 53 peu
534 1979 275 56 d'années
841 1994 113 54 que
1004 1975 59 55 la
1107 1974 193 56 manie
1347 1974 80 53 du
1473 1969 503 56 travestissement
2008 1984 34 36 a
2075 1965 138 55 cédé

137 2058 57 55 la
222 2059 165 71 place
413 2060 35 53 à
477 2059 59 55 la
564 2058 232 72 probité
823 2059 71 55 de
923 2054 420 71 l'archéologie.
1363 2053 78 54 M.
1460 2044 427 69 Goldschmidt,
1910 2046 302 56 défenseur

140 2140 100 55 des
270 2142 325 67 modernes,
612 2139 249 65 retarde,
882 2157 74 37 en
984 2135 220 66 réalité,
1224 2134 72 56 de
1314 2138 134 52 cent
1464 2149 106 38 ans
1587 2132 146 54 dans
1763 2147 105 38 son
1896 2126 170 58 idéal.
2086 2126 51 54 Il
2152 2142 60 39 se

137 2219 146 55 croit
300 2237 204 38 encore
522 2220 35 54 à
578 2219 269 71 l'époque
882 2218 78 55 où
990 2217 83 56 les
1102 2229 389 59 personnages
1526 2209 339 72 d'Euripide
1905 2206 307 58 dansaient

140 2302 99 54 des
273 2306 268 50 menuets
574 2318 96 38 sur
703 2300 59 54 la
796 2299 166 55 scène
998 2298 71 55 de
1102 2297 255 71 l'Opéra,
1392 2294 78 55 où
1503 2292 285 55 Brossard
1821 2288 254 73 ajoutait
2111 2288 101 54 des

137 2380 198 56 basses
374 2380 305 56 continues
719 2397 118 38 aux
875 2382 220 52 motets
1135 2377 70 56 de
1229 2375 234 68 Lassus,
1488 2373 76 54 où
1604 2372 245 54 Vitruve
1890 2367 224 73 guidait
2154 2365 57 55 la

137 2462 160 54 main
344 2462 100 56 des
489 2463 368 70 réparateurs
904 2460 70 55 de
1020 2455 363 58 cathédrales
1430 2452 327 73 gothiques,
1804 2455 91 51 etc
2046 2445 132 57 Vrai-

137 2542 500 66 semblablement,
656 2540 42 55 il
734 2540 105 72 n'y
876 2558 34 37 a
947 2539 132 71 plus
1117 2538 185 71 qu'un
1338 2533 392 71 musicologue
1766 2548 148 55 pour
1952 2527 259 57 soutenir

137 2622 373 72 aujourd'hui
551 2641 114 37 une
703 2622 165 54 thèse
908 2619 156 56 aussi
1120 2618 255 67 désuète,
1417 2614 155 56 aussi
1627 2610 411 73 antipathique
2092 2624 119 38 aux

136 2704 318 54 tendances
494 2703 71 55 de
601 2701 226 72 l'esprit
865 2701 293 54 moderne.
1177 2698 111 55 Les
1323 2695 344 56 beaux-arts
1705 2689 359 59 eux-mêmes
2104 2692 104 52 ont

136 2782 108 56 fait
272 2783 209 71 justice
510 2784 71 55 de
609 2801 93 38 ces
729 2781 381 74 adaptations
1138 2777 254 57 cruelles.
1423 2775 51 55 Il
1501 2775 151 55 n'est
1680 2773 131 72 plus
1839 2769 188 57 admis
2053 2767 157 55 nulle

134 2869 154 65 part,
314 2864 180 70 qu'on
515 2863 193 72 puisse
731 2862 306 57 retoucher
1060 2880 83 35 un
1166 2861 315 54 document
1506 2857 70 54 de
1599 2855 58 54 la
1679 2853 209 74 pensée
1911 2848 295 57 humaine.

136 2942 170 58 Nulle
349 2949 136 68 part
523 2952 131 48 saut
688 2962 74 37 en
792 2941 286 72 musique.
1112 2941 157 54 D'où
1299 2938 164 55 vient
1496 2937 150 54 donc
1677 2952 114 53 que
1820 2929 359 73 l'interpréta-

133 3022 127 58 tion
294 3024 305 56 arbitraire
631 3024 154 56 tient
819 3022 371 56 absolument
1227 3021 35 53 à
1294 3036 60 38 se
1388 3015 248 73 réfugier
1671 3015 146 55 dans
1850 3012 52 56 le
1938 3008 270 58 domaine

137 3103 69 56 de
240 3103 58 55 la
333 3104 370 73 musicologie
733 3109 24 49 ?
795 3103 307 55 Comment
1138 3098 426 74 n'aperçoit-on
1599 3112 108 55 pas
1740 3092 94 70 ici,
1871 3106 224 40 comme
2131 3106 79 36 on

132 3182 80 56 l'a
255 3202 83 38 va
382 3191 243 66 partout
672 3184 249 68 ailleurs,
970 3201 113 53 que
1128 3182 58 53 la
1230 3178 327 74 jouissance
1618 3177 100 54 des
1778 3172 222 57 oreilles
2046 3175 59 50 et
2150 3168 58 54 la

133 3264 410 56 connaissance
607 3266 99 54 des
766 3263 141 56 faits
954 3267 134 49 sont
1138 3262 155 54 deux
1338 3259 202 54 choses
1596 3254 355 66 différentes,
2000 3256 60 50 et
2108 3247 102 72 qui

136 3344 353 58 demandent
536 3347 35 52 à
616 3347 122 55 être
782 3344 283 72 séparées,
1105 3358 225 38 comme
1364 3339 155 56 deux
1564 3337 197 54 ordres
1808 3334 71 55 de
1924 3328 286 58 l'activité

133 3423 273 59 humaine
419 3429 23 49 ?
462 3427 307 55 Comment
797 3426 258 53 n'a-t-on
1091 3440 105 54 pas
1232 3419 306 69 remarqué
1568 3418 54 55 le
1650 3421 123 50 tort
1810 3413 163 56 infini
2003 3429 113 54 que
2151 3409 57 54 la

133 3503 302 57 confusion
460 3506 72 56 de
557 3522 92 38 ces
674 3506 156 54 deux
855 3508 154 50 mots
1037 3523 12 33 :
2032 3501 184 72 goûter
1693 3513 35 36 a
1752 3494 173 55 causé
1951 3493 35 53 à
2008 3494 199 51 toutes

133 3601 104 38 nos
265 3586 205 56 études
498 3591 24 51 ?
551 3584 146 58 Mais
724 3583 118 69 oui,
871 3583 414 66 évidemment,
1313 3579 50 56 si
1388 3596 149 39 nous
1564 3593 185 40 avons
1775 3578 135 51 tant
1940 3574 70 54 de
2038 3569 169 74 peine
