2646 4069
927 405 261 40 BULLETIN
1223 403 257 51 FRANÇAIS
1517 402 69 34 DE
1619 399 67 36 LA
1724 398 38 34 S.
1799 395 34 34 I.
1870 395 53 33 M.

414 423 120 36 1022

413 562 359 67 documenté,
798 576 59 38 se
883 558 188 54 dresse
1095 569 221 40 comme
1340 569 111 37 une
1475 551 230 54 énorme
1741 534 466 77 argumentation
2247 535 197 51 contre

410 652 134 48 tous
572 658 143 38 ceux
742 638 99 71 qui
869 634 325 69 s'efforçent
1223 633 70 53 de
1320 635 292 50 retrouver
1639 626 52 54 le
1719 622 180 55 secret
1929 617 70 55 de
2028 630 92 38 ces
2148 611 296 71 pratiques

412 724 310 69 disparues.
769 718 116 53 Dès
929 715 81 55 les
1053 711 302 73 premières
1398 724 192 55 pages,
1623 719 145 41 nous
1814 703 235 50 sentons
2092 708 194 55 percer
2332 706 112 37 une

412 799 249 57 certaine
701 799 243 52 humeur
988 796 196 50 contre
1226 790 80 53 les
1346 788 287 71 partisans
1677 783 69 54 de
1788 781 168 51 toute
1998 769 447 58 reconstitution

413 878 325 57 fidèlement
763 873 335 68 historique.
1127 889 21 29 «
1174 866 160 56 Voici
1360 885 70 36 en
1457 863 236 55 matière
1721 855 389 58 d'ornements
2136 865 138 38 mon
2300 845 144 67 avis,

410 974 146 40 nous
600 955 218 56 déclare
863 953 77 53 M.
988 948 402 57 Goldschmidt
1416 967 10 31 :
1471 959 145 39 nous
1658 958 71 37 ne
1773 937 217 55 devons
2032 931 82 53 les
2158 927 286 55 admettre

412 1037 144 54 dans
598 1050 105 37 nos
746 1031 291 56 auditions
1075 1029 68 55 de
1180 1025 260 69 musique
1475 1020 271 56 ancienne
1782 1030 112 54 que
1928 1011 144 55 dans
2117 1007 57 54 la
2223 1020 221 50 ipêsure

410 1114 77 55 où
501 1114 67 53 ils
586 1111 354 55 s'accordent
964 1125 139 37 avec
1124 1108 52 53 le
1203 1104 307 56 sentiment
1527 1099 288 61 moderne,
1833 1108 76 38 ou
1933 1090 67 52 ils
2017 1087 344 54 accentuent
2389 1082 57 54 la

410 1194 210 53 beauté
649 1193 69 53 de
744 1191 58 54 la
826 1190 150 70 ligne
1002 1186 341 68 mélodique,
1359 1188 59 48 et
1434 1180 254 55 donnent
1719 1175 34 51 à
1776 1172 21 52 1
1818 1167 330 73 expression
2174 1161 272 56 musicale

413 1271 128 70 plus
588 1269 327 57 d'intensité
959 1271 58 50 et
1062 1265 129 71 plus
1236 1264 70 53 de
1350 1256 347 74 profondeur
1758 1271 21 28 »
1829 1251 77 67 (p.
1937 1247 76 68 3-)
2060 1242 154 56 Telle
2258 1245 88 49 est
2390 1240 58 52 la

413 1350 274 55 doctrine.
724 1348 123 54 Elle
880 1344 268 56 circulera
1183 1343 141 54 dans
1355 1339 52 53 le
1438 1336 141 52 livre
1611 1335 133 51 tout
1777 1327 201 65 entier,
2013 1325 40 53 d
2075 1325 207 51 autant
2317 1318 131 70 plus

413 1429 450 70 intransigeante
910 1424 203 71 qu'elle
1157 1428 272 47 trouvera
1475 1415 129 70 plus
1651 1411 40 55 d
1712 1406 291 56 occasions
2050 1404 70 53 de
2167 1418 27 35 s
2218 1414 228 39 accuser

418 1508 172 67 (Tosi,
624 1505 280 71 Agricola,
936 1500 283 66 Haendel,
1256 1495 201 65 Bach).
1494 1491 122 55 Elle
1651 1485 267 57 aboutira
1952 1481 332 53 finalement
2322 1477 34 51 à
2388 1492 60 37 se

413 1586 282 70 légitimer
746 1602 104 53 par
917 1584 97 53 des
1067 1575 446 58 considérations
1562 1564 469 76 philosophiques
2082 1560 367 68 empruntées

414 1666 36 53 à
494 1664 363 68 l'esthétique
906 1659 317 70 subjective
1273 1656 68 54 de
1391 1650 293 55 Théodore
1733 1644 196 68 Lipps.

521 1744 160 52 Nous
711 1741 408 71 apprendrons,
1144 1735 161 67 ainsi,
1327 1732 69 55 de
1430 1727 280 56 curieuses
1740 1720 229 54 vérités.
1994 1720 109 51 Par
2140 1713 259 70 exemple
2439 1755 11 10 .

412 1839 111 37 une
548 1820 224 55 version
794 1815 377 71 authentique
1195 1814 140 54 d'un
1357 1805 247 58 oratorio
1628 1804 70 54 de
1708 1796 286 67 Haendel,
2011 1795 77 53 où
2111 1793 20 53 1
2152 1809 260 38 ornemen-

412 1899 190 54 tation
640 1899 187 53 aurait
865 1898 90 52 été
993 1894 229 54 réalisée
1258 1906 105 55 par
1398 1887 54 54 le
1490 1884 203 53 maître
1735 1875 312 66 lui-même,
2088 1870 189 56 aurait
2314 1875 135 48 tout

413 1979 151 70 juste
591 1979 57 52 la
673 1976 198 55 valeur
901 1976 137 54 d'un
1064 1974 159 68 objet
1254 1971 67 54 de
1350 1964 263 57 curiosité
1645 1962 77 68 (p.
1754 1959 113 68 94).
1886 1955 90 53 Ou
1989 1953 135 54 bien
2152 1951 48 53 si
2224 1950 22 53 1
2268 1967 82 36 un
2379 1950 70 53 de

414 2074 90 38 ces
540 2061 232 49 auteurs
808 2053 255 55 revenait
1099 2066 145 40 nous
1280 2049 214 53 donner
1531 2059 104 37 son
1672 2036 123 55 avis
1832 2051 94 36 sur
1960 2033 21 51 1
2003 2027 448 73 interprétation

414 2138 70 53 de
516 2152 87 38 ses
638 2150 240 50 œuvres,
910 2149 146 37 nous
1087 2129 212 56 serions
1331 2143 71 37 en
1435 2121 169 66 droit,
1639 2116 165 70 après
1835 2112 82 54 lui
1950 2111 160 53 avoir
2143 2108 109 54 lait
2284 2112 166 48 notre

413 2215 127 69 plus
582 2213 143 54 belle
769 2213 316 63 révérence,
1131 2209 69 54 de
1251 2224 73 36 ne
1364 2201 150 55 tenir
1572 2192 368 60 absolument
1984 2206 190 37 aucun
2216 2190 235 66 compte

414 2294 70 53 de
520 2309 62 38 ce
616 2290 141 71 qu'il
791 2307 143 36 nous
971 2287 189 67 dirait,
1197 2290 58 50 et
1292 2284 68 53 de
1396 2280 207 65 suivre,
1637 2275 61 52 là
1731 2287 224 39 comme
1990 2270 259 68 partout,
2286 2270 167 48 notre

413 2371 140 70 goût
592 2370 288 55 moderne.
924 2369 105 53 Les
1070 2364 228 72 progrès
1340 2361 69 53 de
1448 2362 165 50 notre
1652 2348 301 59 mentalité
1995 2345 272 54 musicale
2307 2360 146 37 nous

413 2449 337 65 autorisent,
779 2445 272 71 paraît-il,
1094 2444 34 52 à
1151 2441 185 55 tailler
1362 2437 72 54 ici
1463 2437 143 54 dans
1644 2432 53 52 le
1724 2427 85 56 vif
1862 2432 58 49 et
1974 2441 132 37 sans
2159 2421 294 70 scrupules

416 2529 77 67 (p.
550 2529 146 65 100),
734 2525 364 70 supprimant
1150 2521 81 53 les
1293 2516 211 71 angles,
1565 2512 261 55 donnant
1880 2524 76 35 au
2013 2503 184 52 mélos
2252 2500 20 52 1
2296 2500 126 69 agré-

414 2611 159 50 ment
596 2605 98 71 qui
714 2605 80 53 lui
817 2620 267 52 manque,
1108 2601 285 67 adoptant
1415 2594 154 55 enfin
1588 2588 188 73 parmi
1795 2587 84 54 les
1900 2605 22 28 «
1942 2581 511 58 embellissements

414 2680 79 58 du
530 2685 174 52 chant
743 2704 22 28 »
802 2699 143 37 ceux
982 2679 98 71 qui
1117 2694 144 38 nous
1298 2672 382 56 conviennent
1717 2672 60 49 et
1830 2662 219 55 ceux-là,
2084 2660 167 53 seuls.
2290 2656 163 54 Ainsi

412 2762 52 56 le
498 2768 229 48 staccato
761 2766 58 50 et
852 2761 52 54 le
939 2757 306 55 martellato
1250 2799 13 23 ,
1298 2752 263 68 indiques
1594 2765 103 53 par
1730 2746 58 52 la
1823 2741 266 71 majorité
2126 2740 99 53 des
2258 2741 193 49 textes

413 2858 221 38 comme
667 2841 98 55 des
797 2837 270 71 procédés
1096 2836 116 52 fort
1244 2851 71 37 en
1345 2831 200 53 faveur
1579 2844 75 37 au
1686 2836 153 42 xvin
1840 2834 21 24 e
1867 2867 13 21 ,
1912 2836 144 38 nous
2088 2836 71 36 en
2190 2816 190 54 ferons
2413 2815 40 52 fi

412 2925 237 65 partout
673 2920 77 55 où
770 2920 120 53 leur
912 2914 210 72 emploi
1144 2933 70 35 ne
1237 2928 144 38 nous
1404 2907 282 55 semblera
1708 2919 105 54 pas
1835 2896 616 72 exceptionnellement

412 2999 212 70 justifié
670 3002 76 67 (p.
780 2999 145 68 139).
955 2996 153 52 Tant
1134 2991 89 71 pis
1266 3005 144 55 pour
1437 2987 52 54 le
1519 2999 154 39 XVIII
1674 2994 22 24 6
1722 2980 164 54 siècle
1915 2983 59 50 et
2003 2994 145 53 pour
2177 2992 105 36 son
2312 2972 139 71 goût

410 3077 268 70 perverti.
705 3077 159 52 Nous
888 3072 290 73 préférons
1199 3070 53 54 le
1280 3070 173 67 legato
1481 3086 22 42 ;
1534 3082 72 37 en
1630 3061 155 55 voilà
1807 3075 157 37 assez
1987 3072 146 54 pour
2154 3053 153 55 tenir
2329 3051 122 54 tête

413 3156 34 52 à
473 3161 134 48 tous
634 3156 80 53 les
742 3152 340 56 théoriciens
1111 3150 79 53 du
1217 3146 184 71 passé.
1434 3145 150 52 Pour
1611 3141 58 53 la
1699 3137 185 55 même
1913 3135 208 66 raison,
2153 3150 76 35 ou
2256 3129 195 72 plutôt

410 3251 106 52 par
553 3235 52 53 le
642 3234 184 53 même
865 3230 239 71 caprice,
1142 3243 145 39 nous
1324 3237 270 56 rayerons
1633 3218 141 55 d'un
1809 3213 141 56 trait
1988 3212 20 53 1
2031 3212 152 53 école
2224 3212 190 53 drama-

409 3312 163 71 tique
603 3315 70 52 de
699 3311 363 67 Hambourg,
1096 3307 142 54 dont
1268 3303 57 54 la
1357 3297 383 60 déclamation
1771 3300 58 49 et
1858 3293 54 54 le
1943 3291 149 71 style
2125 3288 326 68 mélodique

409 3410 71 37 ne
527 3390 483 56 s'accommodent
1062 3382 551 59 malheureusement
1652 3392 105 54 pas
1804 3389 139 38 avec
1994 3386 104 38 nos
2157 3367 296 70 exigences

414 3472 78 70 (p.
504 3474 113 68 93).
636 3471 78 53 Et
744 3467 148 56 voici
927 3465 202 56 Kaiser
1161 3465 34 51 à
1225 3460 203 73 jamais
1461 3455 317 72 disqualifie
1800 3469 104 54 par
1927 3451 76 53 M.
2028 3444 421 58 Goldschmidt.

522 3550 153 54 Tout
718 3547 133 68 ceci,
894 3561 168 55 parce
1105 3541 141 72 qu'il
1288 3540 135 53 s'est
1465 3535 205 54 trouvé
1713 3551 80 36 un
1834 3527 233 57 terrible
2110 3522 341 75 philosophe

417 3630 126 67 (Th.
591 3629 197 70 Lipps)
835 3641 144 55 pour
1024 3621 265 56 résoudre
2274 3618 47 54 le
