2646 4069
429 382 124 48 1040

942 381 262 36 BULLETIN
1242 382 258 49 FRANÇAIS
1537 384 70 34 DE
1641 384 66 34 LA
1747 384 39 34 S.
1825 381 33 34 I.
1898 381 54 33 M.

587 526 113 48 Lilli
741 525 263 48 Lehmann
1044 530 78 42 est
1162 528 215 60 engagée
1419 530 29 44 à
1482 527 204 62 l'Opéra
1705 521 384 65 Métropolitain
2105 521 62 47 de
2182 520 289 48 New-York

427 592 226 62 pendant
686 592 48 46 la
767 591 167 47 saison
972 605 272 48 1909-1910
1277 608 125 47 pour
1435 595 132 47 tenir
1599 595 70 47 les
1700 593 133 47 rôles
1865 591 62 47 de
1960 589 48 46 la
2041 588 210 54 Norma,
2286 587 185 47 Donna

427 658 145 47 Anna
610 663 49 42 et
699 657 240 61 quelques
979 663 185 43 autres.

522 973 78 47 On
633 988 226 33 annonce
892 974 61 49 de
987 976 197 48 Madrid
1216 977 49 47 la
1298 983 131 42 mort
1463 978 61 47 de
1557 978 230 47 Frédéric
1821 976 199 47 Chueca
2053 972 86 62 qui
2172 970 169 49 s'était
2374 970 95 47 fait

423 1053 70 33 un
531 1040 161 61 grand
732 1056 120 33 nom
891 1056 193 34 comme
1124 1043 334 61 compositeur
1499 1045 61 45 de
1600 1043 252 49 mélodies.
1895 1042 67 47 Le
2002 1039 199 62 journal
2239 1038 32 47 Y
2277 1038 161 61 Impar-

426 1105 100 47 tial
554 1106 69 47 l'a
654 1109 287 46 surnommé
972 1109 317 48 l'Offenbach
1320 1110 253 60 espagnol.

527 1428 68 45 Le
639 1426 188 49 célèbre
871 1428 333 59 compositeur
1236 1428 171 47 italien
1421 1431 51 44 et
1490 1428 212 61 pianiste
1745 1425 222 47 virtuose
2012 1424 136 46 Luca
2192 1421 278 63 Fumagalli

425 1492 142 47 vient
598 1492 61 47 de
690 1494 188 48 mourir
908 1495 31 46 à
967 1494 127 60 l'âge
1124 1494 61 47 de
1217 1506 57 48 71
1307 1508 105 33 ans.

628 1811 63 46 Le
821 1809 264 62 Vagabond
1396 1816 42 41 et
1533 1810 47 47 la
1684 1810 262 56 Princesse,
1340 1810 257 58 l'ouvrage
1621 1807 62 47 de
1711 1806 216 56 Boldini,
1955 1820 109 33 sera
2088 1805 117 62 joué
2229 1805 48 47 la
2303 1804 167 48 saison

426 1876 268 61 prochaine
725 1877 31 46 à
784 1876 201 61 l'Opéra
1015 1877 60 46 de
1104 1876 48 47 la
1184 1877 127 47 Cour
1341 1876 63 47 de
1435 1875 190 47 Vienne
1656 1878 50 42 et
1738 1889 64 31 au
1832 1873 199 46 théâtre
2063 1873 61 46 de
2153 1872 49 46 la
2233 1871 128 48 Ville
2407 1871 62 47 de

426 1942 214 61 Leipzig.

525 2197 67 45 Le
832 2195 222 48 Berliner
1327 2193 248 63 Tageblalt
1145 2207 29 32 a
1209 2193 167 61 publié
1410 2207 70 32 un
1512 2192 118 61 long
1664 2190 171 48 article
1871 2191 70 48 du
1976 2190 280 62 professeur
2293 2188 149 47 Schar-

428 2259 177 49 wenka
637 2276 83 30 sur
752 2261 45 45 le
830 2259 290 61 prolétariat
1156 2258 85 47 des
1275 2259 301 60 professeurs
1611 2257 61 47 de
1706 2257 248 61 musique,
1988 2256 173 47 article
2194 2256 277 47 réclamant

428 2326 61 47 de
512 2327 196 47 sérieux
727 2341 235 33 examens
985 2341 60 32 en
1067 2341 99 32 vue
1189 2324 61 47 de
1272 2326 425 60 l'enseignement.

524 2662 44 46 A
581 2661 253 55 Carlsbad,
854 2661 189 45 Mozart
1067 2674 29 31 a
1122 2659 77 46 été
1215 2658 100 47 fêté
1330 2658 360 47 brillamment.
1707 2657 93 47 Les
1814 2655 424 63 représentations
2255 2655 217 47 données

427 2744 62 32 en
526 2741 90 33 son
652 2727 226 47 honneur
916 2730 88 42 ont
1043 2727 78 45 été
1157 2725 243 46 clôturées
1437 2738 123 32 avec
1594 2738 99 32 une
1730 2721 277 50 admirable
2044 2723 267 47 exécution
2337 2721 61 47 de
2424 2720 49 48 la

432 2793 145 48 Flûte
780 2793 173 48 enchantée
954 2807 67 45 que
1022 2791 27 47 le
1077 2804 234 34 nouveau
1347 2789 245 48 directeur
1629 2789 69 47 du
1734 2788 326 48 Stadtheater
2088 2788 141 48 avait
2272 2788 201 49 montée

428 2874 122 33 avec
587 2874 70 32 un
695 2859 108 47 soin
839 2862 115 42 tout
992 2856 300 62 particulier.

526 2926 66 47 Le
628 2926 112 61 plus
774 2923 161 64 grand
968 2926 170 47 succès
1173 2940 29 30 a
1237 2923 79 49 été
1357 2937 129 47 pour
1535 2922 113 47 Don
1693 2920 145 59 Juan
1885 2921 149 47 d'une
2081 2920 392 62 interprétation

428 2991 305 63 magnifique
764 3006 122 32 avec
919 2991 156 48 Mmes
1107 2989 114 47 Lilli
1253 2989 283 55 Lehmann,
1573 2988 247 61 Kervasy,
1856 2987 222 47 Bossetti
2107 2991 52 43 et
2191 2988 120 46 MM.
2346 2986 93 62 Ege-

431 3061 136 54 nieff,
602 3059 290 56 Flaschner,
930 3057 150 60 Rapp
1114 3061 51 44 et
1202 3055 170 49 Maikl.

525 3400 79 48 On
639 3414 224 33 annonce
920 3397 61 49 de
1018 3396 311 62 Nuremberg
1360 3395 50 47 la
1446 3395 68 46 fin
1548 3394 230 62 tragique
1815 3392 60 49 de
1912 3394 66 45 M.
2018 3394 153 47 Oscar
2187 3394 278 55 Schramm,

428 3469 174 47 ancien
634 3466 246 47 directeur
910 3465 68 47 du
1007 3463 439 63 Lortzingtheater
1476 3462 61 47 de
1569 3460 180 48 Berlin.
1769 3461 68 46 Le
1866 3460 343 57 malheureux,
2244 3461 89 62 qui
2346 3461 122 46 s'est

428 3533 324 63 empoisonné
795 3532 211 47 d'abord
1048 3535 50 43 et
1141 3531 170 59 pendu
1353 3528 211 55 ensuite,
1609 3527 139 47 avait
1795 3527 79 47 été
1928 3527 245 47 chanteur
2242 3526 226 61 d'opéra,

424 3601 111 60 puis
568 3599 36 47 il
637 3599 138 49 avait
808 3598 156 48 voulu
1000 3612 51 33 se
1082 3597 153 47 livrer
1268 3597 30 46 à
1330 3596 85 47 des
1449 3594 300 61 entreprises
1782 3593 274 47 théâtrales
2091 3594 87 61 qui
2221 3593 242 48 l'avaient
