2809 4135
329 266 148 87 988

1358 260 74 69 S.
1506 263 63 63 I.
1635 260 79 66 M

325 429 207 34 amour
565 428 150 57 pour
746 421 131 42 tout
911 426 65 36 ce
1011 407 102 77 qui
1148 406 80 56 lui
1280 405 296 77 paraissait
1609 404 177 77 digne
1821 402 414 56 d'admiration
2273 400 140 58 dans
2456 401 146 69 l'art,
2637 407 134 74 qu'il

323 492 166 79 s'agît
524 494 75 54 du
635 492 231 79 présent
899 514 77 34 ou
1009 492 79 56 du
1121 490 178 80 passé.
1338 491 50 56 Il
1419 492 53 55 le
1507 489 194 58 devait
1736 485 153 61 enfin
1925 487 30 58 à
1981 509 56 36 sa
2071 489 279 66 douceur,
2380 486 29 57 à
2443 508 102 35 son
2571 486 198 79 égalité

326 580 211 69 d'âme,
589 579 30 57 à
654 600 111 36 une
821 593 151 43 sorte
1007 579 70 56 de
1126 580 253 78 pouvoir
1412 579 70 56 de
1539 578 333 78 persuasion
1931 576 396 77 enveloppant
2383 574 177 56 d'une
2616 579 155 74 grâce

325 682 237 40 externe
598 688 113 34 une
759 664 250 58 ténacité
1044 666 293 56 vraiment
1385 664 459 60 extraordinaire
1878 663 141 56 dans
2065 661 590 79 l'accomplissement
2688 665 85 61 des

325 753 197 57 tâches
555 753 203 57 ardues
814 754 337 76 auxquelles
1186 754 40 55 il
1268 750 190 60 s'était
1502 750 171 60 voué.
1713 752 138 55 Sans
1898 750 121 56 être
2053 746 151 59 doué
2240 748 175 57 d'une
2462 746 310 81 éloquence

326 839 391 80 particulière,
773 861 124 37 sans
932 842 259 56 recourir
1223 840 30 58 à
1305 840 97 58 des
1436 842 256 57 roueries
1748 838 482 79 diplomatiques,
2282 835 218 58 Bordes
2533 838 154 56 avait
2729 843 42 57 la

323 926 216 58 faculté
574 927 69 57 de
678 929 350 55 convaincre
1077 942 55 42 et
1168 927 352 57 d'entraîner
1552 948 102 58 par
1686 927 53 56 la
1790 926 154 55 seule
1977 922 161 58 force
2173 923 69 56 de
2277 943 97 36 son
2413 923 358 75 admiration,

325 1014 70 56 de
428 1035 55 35 sa
515 1013 367 79 spontanéité
919 1017 216 67 native,
1163 1014 70 58 de
1266 1035 101 35 son
1404 1012 545 60 désintéressement
1982 1012 221 66 absolu,
2240 1009 275 58 hommes
2548 1023 56 44 et
2637 1009 102 61 fem-

326 1122 140 49 mes,
511 1102 221 79 prêtres
765 1117 55 42 et
854 1103 159 69 laïcs,
1046 1117 226 42 savants
1324 1117 55 42 et
1414 1103 319 77 ignorants.
1790 1100 51 57 Il
1874 1100 208 78 parlait
2117 1098 114 56 très
2264 1119 116 58 peu
2414 1112 54 42 et
2504 1119 138 36 avec
2677 1121 96 40 une

325 1187 231 59 absolue
589 1187 339 80 simplicité,
965 1190 145 56 mais
1143 1210 55 36 sa
1231 1190 197 77 parole
1463 1187 354 79 témoignait
1851 1186 174 57 d'une
2057 1185 85 57 foi
2190 1183 223 59 sincère
2448 1186 103 77 qui
2587 1185 155 78 préve-

323 1277 122 56 nait
497 1296 70 36 en
603 1298 56 35 sa
693 1275 220 70 faveur,
962 1290 59 43 et
1054 1277 50 55 le
1139 1275 391 79 magnétisme
1582 1276 70 56 de
1686 1295 100 37 son
1837 1274 207 78 regard
2077 1272 192 59 faisait
2317 1275 54 54 le
2405 1289 165 40 reste.
2625 1274 48 57 Il
2703 1276 69 59 lui

323 1362 240 58 suffisait
599 1364 69 56 de
690 1362 319 58 demander
1036 1384 150 57 pour
1211 1362 257 58 obtenir:
1493 1364 80 56 les
1596 1359 448 82 professionnels
2071 1360 321 57 donnaient
2419 1361 127 56 leur
2579 1374 193 66 temps,

322 1451 127 56 leur
481 1451 207 69 savoir,
722 1453 126 54 leur
881 1453 208 67 talent;
1124 1453 81 55 les
1238 1472 141 56 gens
1413 1450 78 57 du
1525 1450 218 57 monde
1775 1451 127 55 leur
1935 1462 232 64 argent;
2195 1449 52 56 la
2282 1469 189 59 presse
2505 1469 57 37 sa
2595 1449 149 79 publi-

325 1535 133 59 cité.
500 1539 292 55 Personne
839 1558 72 36 ne
962 1539 80 55 lui
1080 1538 407 57 marchandait
1535 1558 103 37 son
1673 1557 308 48 concours,
2040 1555 172 60 parce
2247 1535 182 79 qu'on
2480 1536 201 70 savait,
2714 1559 57 37 on

326 1624 259 57 devinait
642 1627 148 76 qu'il
823 1646 54 35 se
930 1625 246 57 donnait
1207 1627 106 67 lui,
1358 1639 131 43 tout
1524 1625 204 57 entier.
1786 1624 430 57 Ceux-mêmes
2264 1624 104 78 qui
2404 1623 369 61 discernaient

322 1713 274 56 l'illusion
654 1710 76 59 où
764 1710 266 80 s'égarait
1073 1714 52 55 la
1159 1713 254 57 candeur
1446 1713 71 57 de
1552 1727 91 43 cet
1677 1710 438 59 enthousiasme
2164 1732 115 36 aux
2314 1709 184 79 objets
2532 1712 241 77 toujours

323 1798 359 71 renouvelés,
736 1798 389 81 répugnaient
1169 1799 32 57 à
1234 1801 180 58 briser
1464 1821 100 37 son
1601 1801 136 57 rêve
1793 1820 103 58 par
1944 1820 79 36 un
2075 1799 444 57 avertissement
2570 1820 113 58 que
2712 1801 61 58 les

325 1886 227 58 réalités
586 1886 70 57 de
706 1888 52 55 la
791 1888 94 55 vie
919 1909 72 35 ne
1040 1889 449 78 manqueraient
1524 1909 99 58 pas
1667 1888 71 56 de
1770 1888 83 56 lui
1900 1887 242 57 donner.
2199 1887 76 56 Et
2310 1907 237 36 comme
2580 1887 52 56 le
2665 1888 108 78 plus

325 1989 269 54 souvent,
630 1975 140 57 c'est
803 1996 74 36 au
910 1975 229 69 rêveur,
1174 1990 294 43 assumant
1502 1977 53 56 la
1588 1976 188 79 partie
1832 1996 139 36 avec
2006 1996 114 36 une
2155 1971 305 61 confiance
2486 1975 70 55 de
2581 1975 192 77 joueur

323 2061 286 70 heureux,
646 2083 114 58 que
793 2061 390 80 l'expérience
1216 2066 155 55 avait
1407 2062 194 59 donné
1637 2063 209 69 raison,
1882 2063 80 58 les
1996 2061 461 80 tempéraments
2489 2060 200 72 froids,
2714 2065 59 57 les

325 2150 205 77 esprits
585 2150 409 70 raisonnables,
1049 2149 231 81 positifs
1331 2173 74 35 ou
1442 2152 352 79 sceptiques,
1855 2151 283 56 n'osaient
2192 2151 129 79 plus
2374 2151 54 56 le
2476 2165 212 42 mettre
2720 2173 52 35 en

325 2237 176 78 garde
557 2253 205 42 contre
817 2259 86 37 ses
937 2236 315 61 témérités.
1313 2240 77 57 Ils
1422 2241 277 56 l'avaient
1753 2260 80 36 vu
1888 2237 145 59 faire
2084 2239 99 57 des
2237 2239 268 57 miracles
2540 2263 12 47 ;
2611 2240 66 57 ils
2720 2262 51 35 en

323 2326 313 55 arrivaient
670 2324 31 58 à
732 2326 188 56 croire
953 2347 73 37 au
1061 2328 259 57 miracle.

500 2414 77 55 Et
613 2413 240 57 n'est-ce
886 2434 100 59 pas
1019 2434 79 36 un
1127 2415 270 79 prodige,
1432 2436 70 35 en
1538 2414 160 70 effet,
1736 2436 113 57 que
1873 2415 322 56 l'aventure
2222 2414 71 58 de
2327 2434 67 37 ce
2415 2415 153 78 petit
2589 2414 182 57 maître

326 2499 70 57 de
430 2499 264 80 chapelle
729 2502 261 56 inconnu
1026 2500 68 59 de
1130 2503 651 79 Nogent-sur-Marne,
1825 2504 124 78 qui,
1985 2500 207 82 appelé
2227 2500 114 60 très
2367 2502 199 78 jeune,
2583 2497 14 26 1
2636 2516 55 44 et
2720 2523 48 36 en

326 2589 462 78 remplacement
840 2588 137 58 d'un
1035 2592 198 56 artiste
1296 2589 229 82 réputé,
1719 2591 31 57 à
1799 2593 54 55 la
1908 2592 253 79 paroisse
2209 2591 72 57 de
2331 2592 440 68 Saint-Gervais,

326 2674 372 80 entreprend,
755 2697 74 36 au
891 2678 123 56 seul
1060 2698 79 36 vu
1188 2677 98 60 des
1337 2678 378 79 dispositions
1770 2677 484 60 architecturales
2305 2678 69 57 de
2425 2677 240 80 l'église,
2697 2678 72 79 d'y

326 2763 328 56 introduire
687 2765 80 55 les
800 2762 208 61 chants
1040 2763 184 60 sacrés
1256 2767 81 57 les
1362 2767 131 78 plus
1527 2766 206 79 dignes
1766 2766 79 58 du
1878 2767 302 57 saint-lieu
2222 2791 14 46 ;
2288 2767 104 79 qui
2428 2781 199 65 rompt
2660 2786 109 37 avec

323 2851 54 56 le
411 2851 168 57 banal
627 2850 320 81 répertoire
981 2853 98 59 des
1112 2852 307 71 maîtrises,
1454 2856 53 56 le
1541 2856 295 79 remplace
1872 2876 102 57 par
2001 2855 98 58 des
2132 2876 231 37 œuvres
2396 2855 71 57 de
2500 2855 235 78 composi-

326 2951 157 43 teurs
505 2940 249 57 illustres
790 2961 10 36 :
840 2940 242 71 Weber,
1120 2941 311 70 Schubert,
1461 2942 366 70 Schumann,
1855 2942 177 59 César
2060 2942 256 70 Franck,
2453 2958 57 43 et
2538 2941 229 80 lorsqu'il

326 3046 29 35 a
382 3024 260 80 éprouvé
676 3027 79 58 les
790 3027 248 79 qualités
1063 3029 410 80 d'acoustique
1506 3030 80 57 du
1619 3031 279 70 vaisseau,
1936 3052 94 36 ose
2065 3031 316 78 s'attaquer
2413 3052 116 35 aux
2562 3029 204 59 maîtres

326 3113 70 57 de
422 3114 53 54 la
506 3114 367 79 polyphonie
905 3118 203 55 vocale
1144 3137 11 35 :
1193 3116 251 79 Allegri,
1482 3119 340 68 Palestrina,
1859 3119 154 79 puis,
2039 3118 332 80 encouragé
2397 3140 104 58 par
2526 3120 52 56 le
2604 3115 160 61 succès

327 3200 70 57 de
430 3222 57 35 sa
520 3201 291 79 première
847 3206 285 55 tentative
1164 3226 69 35 en
1282 3205 182 78 1891,
1487 3208 296 56 constitue
1804 3208 80 56 les
1911 3206 315 59 chanteurs
2253 3206 71 58 de
2352 3205 411 60 Saint-Gervais

326 3303 57 42 et
417 3286 190 59 révèle
633 3311 157 58 coup
823 3312 96 37 sur
953 3313 176 58 coup,
1164 3293 321 78 l'espagnol
1521 3295 283 69 Vittoria,
1855 3295 80 58 les
1983 3295 231 58 italiens
2264 3295 248 69 Anerio,
2548 3293 214 67 Nanini,

439 3410 10 22 1
473 3412 72 38 Ch.
570 3413 155 47 Bordes,
749 3414 79 50 qui,
863 3417 22 35 à
905 3428 43 25 ce
968 3424 190 38 moment,
1192 3417 93 37 était
1306 3417 153 38 attaché
1480 3420 22 35 à
1524 3416 36 40 la
1582 3419 127 37 Caisse
1730 3419 64 37 des
1816 3419 149 52 Dépôts
1995 3428 36 28 et
2062 3433 38 23 se
2124 3417 242 40 morfondait
2397 3433 47 24 en
2475 3419 65 38 des
2561 3428 152 29 travaux
2738 3415 22 38 de

326 3467 164 46 chiffres,
513 3468 130 38 obtint
664 3483 46 23 en
738 3475 116 43 1887,
878 3469 36 39 la
934 3469 109 55 place
1064 3472 47 37 de
1132 3474 139 36 maître
1292 3474 47 37 de
1361 3472 173 55 chapelle
1555 3476 22 35 à
1600 3476 172 47 Nogent.
1797 3476 61 36 En
1884 3480 116 45 1890,
2025 3473 28 40 il
2073 3474 61 39 fut
2154 3474 134 55 appelé
2310 3489 46 24 en
2375 3485 99 28 cette
2496 3476 127 38 même
2643 3471 116 55 qualité,

325 3526 21 35 à
370 3525 232 37 St-Gervais.
638 3527 54 36 Le
713 3530 90 34 curé
824 3527 47 37 de
894 3529 123 50 Bussy
1049 3537 66 29 eut
1135 3529 203 38 confiance
1359 3544 47 24 en
1428 3529 56 40 lui
1506 3540 37 28 et
1563 3529 34 39 le
1610 3529 109 40 laissa
1740 3530 97 39 libre
1865 3532 240 49 d'organiser
2126 3530 52 40 les
2197 3532 198 39 auditions
2416 3533 65 37 des
2502 3533 200 37 chanteurs
2717 3529 43 37 dits

325 3581 47 36 de
409 3582 233 37 St-Gervais.
666 3584 56 36 La
743 3584 187 51 première
946 3584 171 38 semaine
1136 3586 122 38 sainte
1279 3600 47 24 en
1350 3587 180 51 musique
1551 3586 61 38 fut
1632 3586 93 40 celle
1745 3588 47 37 de
1819 3593 117 45 1892.
