<?xml version="1.0" encoding="UTF-8"?>
<alto xmlns:xsi="http://www.w3.org/2001/XMLSchema-instance" xmlns="http://www.loc.gov/standards/alto/ns-v2#" xsi:schemaLocation="http://www.loc.gov/standards/alto/ns-v2# http://www.loc.gov/standards/alto/alto-v2.0.xsd" xmlns:xlink="http://www.w3.org/1999/xlink">
	<Description>
		<MeasurementUnit>mm10</MeasurementUnit>
		<sourceImageInformation>
			<fileName>//fileserver7/IN2/Princeton/Batch3/bmtnabh/1909/12/15_01/00000323.tif</fileName>
		</sourceImageInformation>
		<OCRProcessing ID="OCRPROCESSING_1">
			<preProcessingStep>
				<processingSoftware>
					<softwareCreator>CCS Content Conversion Specialists GmbH, Germany</softwareCreator>
					<softwareName>CCS docWORKS</softwareName>
					<softwareVersion>6.6-1.18</softwareVersion>
				</processingSoftware>
			</preProcessingStep>
			<ocrProcessingStep>
				<processingSoftware>
					<softwareCreator>ABBYY (BIT Software), Russia</softwareCreator>
					<softwareName>FineReader</softwareName>
					<softwareVersion>10.0</softwareVersion>
				</processingSoftware>
			</ocrProcessingStep>
		</OCRProcessing>
	</Description>
	<Styles>
		<TextStyle ID="TXT_0" FONTSIZE="23" FONTFAMILY="Times New Roman"/>
		<TextStyle ID="TXT_1" FONTSIZE="15" FONTFAMILY="Times New Roman"/>
		<TextStyle ID="TXT_2" FONTSIZE="7" FONTFAMILY="Unknown"/>
		<TextStyle ID="TXT_3" FONTSIZE="7" FONTFAMILY="Unknown"/>
		<TextStyle ID="TXT_4" FONTSIZE="14" FONTFAMILY="Times New Roman"/>
		<TextStyle ID="TXT_5" FONTSIZE="9" FONTFAMILY="Unknown" FONTSTYLE="bold"/>
		<TextStyle ID="TXT_6" FONTSIZE="15" FONTFAMILY="Times New Roman" FONTSTYLE="italics"/>
		<ParagraphStyle ID="PAR_LEFT" ALIGN="Left"/>
		<ParagraphStyle ID="PAR_RIGHT" ALIGN="Right"/>
		<ParagraphStyle ID="PAR_BLOCK" ALIGN="Block"/>
	</Styles>
	<Layout>
		<Page ID="P113" PHYSICAL_IMG_NR="113" HEIGHT="4135" WIDTH="2809" PC="0.929">
			<TopMargin ID="P113_TM00001" HPOS="0" VPOS="0" WIDTH="2809" HEIGHT="436">
				<TextBlock ID="P113_TB00001" HPOS="402" VPOS="320" WIDTH="1594" HEIGHT="86" STYLEREFS="TXT_0 PAR_LEFT">
					<TextLine ID="P113_TL00001" HPOS="402" VPOS="321" WIDTH="1593" HEIGHT="85">
						<String ID="P113_ST00001" HPOS="402" VPOS="321" WIDTH="867" HEIGHT="75" CONTENT="L'ACTUALITÉ" WC="0.99" CC="60005013036"/>
						<SP ID="P113_SP00001" HPOS="1269" VPOS="396" WIDTH="75"/>
						<String ID="P113_ST00002" HPOS="1344" VPOS="343" WIDTH="651" HEIGHT="63" CONTENT="MUSICALE" WC="1.00" CC="01020000"/>
					</TextLine>
				</TextBlock>
				<TextBlock ID="P113_TB00002" HPOS="2356" VPOS="376" WIDTH="68" HEIGHT="60" STYLEREFS="TXT_1 PAR_RIGHT">
					<TextLine ID="P113_TL00002" HPOS="2359" VPOS="377" WIDTH="64" HEIGHT="56">
						<String ID="P113_ST00003" HPOS="2359" VPOS="377" WIDTH="28" HEIGHT="56" CONTENT="3" WC="0.37" CC="6"/>
						<String ID="P113_ST00004" HPOS="2407" VPOS="377" WIDTH="16" HEIGHT="36" CONTENT="1" STYLE="superscript" WC="0.33" CC="6"/>
					</TextLine>
				</TextBlock>
			</TopMargin>
			<LeftMargin ID="P113_LM00001" HPOS="0" VPOS="408" WIDTH="23" HEIGHT="3348"/>
			<RightMargin ID="P113_RM00001" HPOS="2435" VPOS="408" WIDTH="374" HEIGHT="3348"/>
			<BottomMargin ID="P113_BM00001" HPOS="0" VPOS="3756" WIDTH="2809" HEIGHT="379"/>
			<PrintSpace ID="P113_PS00001" HPOS="23" VPOS="408" WIDTH="2412" HEIGHT="3348">
				<TextBlock ID="P113_TB00003" HPOS="23" VPOS="456" WIDTH="1137" HEIGHT="3294" STYLEREFS="TXT_1 PAR_BLOCK">
					<TextLine ID="P113_TL00003" HPOS="70" VPOS="456" WIDTH="1090" HEIGHT="65">
						<String ID="P113_ST00005" HPOS="70" VPOS="461" WIDTH="96" HEIGHT="46" CONTENT="Nous" WC="0.97" CC="6060"/>
						<SP ID="P113_SP00002" HPOS="166" VPOS="507" WIDTH="38"/>
						<String ID="P113_ST00006" HPOS="204" VPOS="471" WIDTH="204" HEIGHT="43" CONTENT="pouvons" WC="0.99" CC="0026060"/>
						<SP ID="P113_SP00003" HPOS="408" VPOS="514" WIDTH="26"/>
						<String ID="P113_ST00007" HPOS="434" VPOS="456" WIDTH="176" HEIGHT="45" CONTENT="donner" WC="0.99" CC="106600"/>
						<SP ID="P113_SP00004" HPOS="610" VPOS="514" WIDTH="44"/>
						<String ID="P113_ST00008" HPOS="654" VPOS="458" WIDTH="75" HEIGHT="45" CONTENT="des" WC="0.99" CC="300"/>
						<SP ID="P113_SP00005" HPOS="729" VPOS="514" WIDTH="28"/>
						<String ID="P113_ST00009" HPOS="757" VPOS="459" WIDTH="157" HEIGHT="45" CONTENT="détails" WC="0.98" CC="0767520"/>
						<SP ID="P113_SP00006" HPOS="914" VPOS="514" WIDTH="44"/>
						<String ID="P113_ST00010" HPOS="958" VPOS="463" WIDTH="174" HEIGHT="58" CONTENT="complé" SUBS_TYPE="HypPart1" SUBS_CONTENT="complémentaires" WC="0.99" CC="030006"/>
						<HYP HPOS="1132" VPOS="463" WIDTH="28" CONTENT="-"/>
					</TextLine>
					<TextLine ID="P113_TL00004" HPOS="47" VPOS="525" WIDTH="1113" HEIGHT="56">
						<String ID="P113_ST00011" HPOS="47" VPOS="526" WIDTH="159" HEIGHT="55" CONTENT="mentaires" SUBS_TYPE="HypPart2" SUBS_CONTENT="complémentaires" WC="0.99" CC="828070800"/>
						<SP ID="P113_SP00007" HPOS="206" VPOS="581" WIDTH="38"/>
						<String ID="P113_ST00012" HPOS="244" VPOS="540" WIDTH="73" HEIGHT="27" CONTENT="sur" WC="0.98" CC="040"/>
						<SP ID="P113_SP00008" HPOS="317" VPOS="581" WIDTH="45"/>
						<String ID="P113_ST00013" HPOS="362" VPOS="536" WIDTH="73" HEIGHT="32" CONTENT="cet" WC="0.96" CC="405"/>
						<SP ID="P113_SP00009" HPOS="435" VPOS="581" WIDTH="45"/>
						<String ID="P113_ST00014" HPOS="480" VPOS="525" WIDTH="278" HEIGHT="45" CONTENT="instrument" WC="1.00" CC="4005000006"/>
						<SP ID="P113_SP00010" HPOS="758" VPOS="581" WIDTH="44"/>
						<String ID="P113_ST00015" HPOS="802" VPOS="528" WIDTH="191" HEIGHT="46" CONTENT="célèbre." WC="0.99" CC="00372303"/>
						<SP ID="P113_SP00011" HPOS="993" VPOS="581" WIDTH="40"/>
						<String ID="P113_ST00016" HPOS="1033" VPOS="530" WIDTH="127" HEIGHT="46" CONTENT="C'est" WC="0.99" CC="04000"/>
					</TextLine>
					<TextLine ID="P113_TL00005" HPOS="47" VPOS="591" WIDTH="1113" HEIGHT="68">
						<String ID="P113_ST00017" HPOS="47" VPOS="593" WIDTH="215" HEIGHT="55" CONTENT="jnAntonio" WC="0.55" CC="882600770"/>
						<SP ID="P113_SP00012" HPOS="262" VPOS="648" WIDTH="28"/>
						<String ID="P113_ST00018" HPOS="290" VPOS="591" WIDTH="239" HEIGHT="46" CONTENT="Stradivari" WC="0.69" CC="0606006513"/>
						<SP ID="P113_SP00013" HPOS="529" VPOS="648" WIDTH="30"/>
						<String ID="P113_ST00019" HPOS="559" VPOS="595" WIDTH="53" HEIGHT="43" CONTENT="de" WC="1.00" CC="00"/>
						<SP ID="P113_SP00014" HPOS="612" VPOS="648" WIDTH="35"/>
						<String ID="P113_ST00020" HPOS="647" VPOS="609" WIDTH="144" HEIGHT="47" CONTENT="1727," WC="0.55" CC="32447"/>
						<SP ID="P113_SP00015" HPOS="791" VPOS="656" WIDTH="28"/>
						<String ID="P113_ST00021" HPOS="819" VPOS="609" WIDTH="139" HEIGHT="50" CONTENT="ayant" WC="0.98" CC="07080"/>
						<SP ID="P113_SP00016" HPOS="958" VPOS="659" WIDTH="26"/>
						<String ID="P113_ST00022" HPOS="984" VPOS="598" WIDTH="154" HEIGHT="45" CONTENT="effecti" SUBS_TYPE="HypPart1" SUBS_CONTENT="effectieme{it" WC="0.72" CC="0006324"/>
						<HYP HPOS="1138" VPOS="598" WIDTH="22" CONTENT="-"/>
					</TextLine>
					<TextLine ID="P113_TL00006" HPOS="52" VPOS="661" WIDTH="1107" HEIGHT="66">
						<String ID="P113_ST00023" HPOS="52" VPOS="673" WIDTH="100" HEIGHT="41" CONTENT="eme{it" SUBS_TYPE="HypPart2" SUBS_CONTENT="effectieme{it" WC="0.42" CC="584870" STYLEREFS="TXT_2"/>
						<SP ID="P113_SP00017" HPOS="152" VPOS="714" WIDTH="23"/>
						<String ID="P113_ST00024" HPOS="175" VPOS="672" WIDTH="249" HEIGHT="47" CONTENT="appartenu" WC="0.99" CC="800925000"/>
						<SP ID="P113_SP00018" HPOS="424" VPOS="719" WIDTH="27"/>
						<String ID="P113_ST00025" HPOS="451" VPOS="661" WIDTH="24" HEIGHT="45" CONTENT="à" WC="1.00" CC="0"/>
						<SP ID="P113_SP00019" HPOS="475" VPOS="719" WIDTH="28"/>
						<String ID="P113_ST00026" HPOS="503" VPOS="662" WIDTH="235" HEIGHT="60" CONTENT="Paganini." WC="0.81" CC="400002054"/>
						<SP ID="P113_SP00020" HPOS="738" VPOS="722" WIDTH="29"/>
						<String ID="P113_ST00027" HPOS="767" VPOS="664" WIDTH="37" HEIGHT="45" CONTENT="Il" WC="0.64" CC="24"/>
						<SP ID="P113_SP00021" HPOS="804" VPOS="722" WIDTH="28"/>
						<String ID="P113_ST00028" HPOS="832" VPOS="678" WIDTH="116" HEIGHT="32" CONTENT="resta" WC="1.00" CC="01000"/>
						<SP ID="P113_SP00022" HPOS="948" VPOS="722" WIDTH="26"/>
						<String ID="P113_ST00029" HPOS="974" VPOS="684" WIDTH="57" HEIGHT="27" CONTENT="en" WC="1.00" CC="00"/>
						<SP ID="P113_SP00023" HPOS="1031" VPOS="722" WIDTH="28"/>
						<String ID="P113_ST00030" HPOS="1059" VPOS="685" WIDTH="75" HEIGHT="42" CONTENT="pos" SUBS_TYPE="HypPart1" SUBS_CONTENT="posession" WC="0.85" CC="000"/>
						<HYP HPOS="1134" VPOS="685" WIDTH="25" CONTENT="-"/>
					</TextLine>
					<TextLine ID="P113_TL00007" HPOS="49" VPOS="729" WIDTH="1110" HEIGHT="65">
						<String ID="P113_ST00031" HPOS="49" VPOS="734" WIDTH="80" HEIGHT="48" CONTENT="ession" SUBS_TYPE="HypPart2" SUBS_CONTENT="posession" WC="0.63" CC="760035"/>
						<SP ID="P113_SP00024" HPOS="129" VPOS="782" WIDTH="40"/>
						<String ID="P113_ST00032" HPOS="169" VPOS="729" WIDTH="207" HEIGHT="44" CONTENT="d'André" WC="1.00" CC="0420000"/>
						<SP ID="P113_SP00025" HPOS="376" VPOS="782" WIDTH="43"/>
						<String ID="P113_ST00033" HPOS="419" VPOS="730" WIDTH="219" HEIGHT="61" CONTENT="Paganini" WC="0.78" CC="10300506"/>
						<SP ID="P113_SP00026" HPOS="638" VPOS="791" WIDTH="29"/>
						<String ID="P113_ST00034" HPOS="667" VPOS="750" WIDTH="81" HEIGHT="27" CONTENT="son" WC="0.99" CC="020"/>
						<SP ID="P113_SP00027" HPOS="748" VPOS="791" WIDTH="45"/>
						<String ID="P113_ST00035" HPOS="793" VPOS="734" WIDTH="223" HEIGHT="60" CONTENT="petit-fils," WC="0.99" CC="00015467407"/>
						<SP ID="P113_SP00028" HPOS="1016" VPOS="794" WIDTH="34"/>
						<String ID="P113_ST00036" HPOS="1050" VPOS="753" WIDTH="109" HEIGHT="28" CONTENT="avec" WC="0.99" CC="0500"/>
					</TextLine>
					<TextLine ID="P113_TL00008" HPOS="47" VPOS="798" WIDTH="1112" HEIGHT="59">
						<String ID="P113_ST00037" HPOS="47" VPOS="821" WIDTH="15" HEIGHT="30" CONTENT="es" WC="0.20" CC="78"/>
						<SP ID="P113_SP00029" HPOS="62" VPOS="851" WIDTH="13"/>
						<String ID="P113_ST00038" HPOS="75" VPOS="798" WIDTH="297" HEIGHT="59" CONTENT="compositions" WC="1.00" CC="004100630000"/>
						<SP ID="P113_SP00030" HPOS="372" VPOS="857" WIDTH="26"/>
						<String ID="P113_ST00039" HPOS="398" VPOS="811" WIDTH="44" HEIGHT="32" CONTENT="et" WC="1.00" CC="00"/>
						<SP ID="P113_SP00031" HPOS="442" VPOS="857" WIDTH="26"/>
						<String ID="P113_ST00040" HPOS="468" VPOS="802" WIDTH="234" HEIGHT="44" CONTENT="souvenirs" WC="0.99" CC="000000690"/>
						<SP ID="P113_SP00032" HPOS="702" VPOS="857" WIDTH="18"/>
						<String ID="P113_ST00041" HPOS="720" VPOS="802" WIDTH="113" HEIGHT="44" CONTENT="dont" WC="1.00" CC="0000"/>
						<SP ID="P113_SP00033" HPOS="833" VPOS="857" WIDTH="28"/>
						<String ID="P113_ST00042" HPOS="861" VPOS="803" WIDTH="26" HEIGHT="44" CONTENT="il" WC="0.84" CC="03"/>
						<SP ID="P113_SP00034" HPOS="887" VPOS="857" WIDTH="29"/>
						<String ID="P113_ST00043" HPOS="916" VPOS="821" WIDTH="58" HEIGHT="26" CONTENT="ne" WC="0.58" CC="80"/>
						<SP ID="P113_SP00035" HPOS="974" VPOS="857" WIDTH="37"/>
						<String ID="P113_ST00044" HPOS="1011" VPOS="804" WIDTH="148" HEIGHT="46" CONTENT="s'était" WC="0.99" CC="0406006"/>
					</TextLine>
					<TextLine ID="P113_TL00009" HPOS="43" VPOS="867" WIDTH="1116" HEIGHT="64">
						<String ID="P113_ST00045" HPOS="43" VPOS="889" WIDTH="23" HEIGHT="30" CONTENT="jas" WC="0.56" CC="660"/>
						<SP ID="P113_SP00036" HPOS="66" VPOS="919" WIDTH="25"/>
						<String ID="P113_ST00046" HPOS="91" VPOS="883" WIDTH="146" HEIGHT="29" CONTENT="encore" WC="0.99" CC="060000"/>
						<SP ID="P113_SP00037" HPOS="237" VPOS="919" WIDTH="28"/>
						<String ID="P113_ST00047" HPOS="265" VPOS="867" WIDTH="152" HEIGHT="58" CONTENT="défait," WC="0.99" CC="0030267"/>
						<SP ID="P113_SP00038" HPOS="417" VPOS="925" WIDTH="41"/>
						<String ID="P113_ST00048" HPOS="458" VPOS="868" WIDTH="212" HEIGHT="61" CONTENT="jusqu'en" WC="0.99" CC="50010400"/>
						<SP ID="P113_SP00039" HPOS="670" VPOS="929" WIDTH="35"/>
						<String ID="P113_ST00049" HPOS="705" VPOS="870" WIDTH="142" HEIGHT="61" CONTENT="1896." WC="0.85" CC="02004"/>
						<SP ID="P113_SP00040" HPOS="847" VPOS="931" WIDTH="47"/>
						<String ID="P113_ST00050" HPOS="894" VPOS="871" WIDTH="70" HEIGHT="46" CONTENT="Le" WC="1.00" CC="00"/>
						<SP ID="P113_SP00041" HPOS="964" VPOS="931" WIDTH="26"/>
						<String ID="P113_ST00051" HPOS="990" VPOS="873" WIDTH="169" HEIGHT="45" CONTENT="luthier" WC="1.00" CC="0060000"/>
					</TextLine>
					<TextLine ID="P113_TL00010" HPOS="44" VPOS="936" WIDTH="1114" HEIGHT="63">
						<String ID="P113_ST00052" HPOS="44" VPOS="942" WIDTH="149" HEIGHT="53" CONTENT="jiuseppe" WC="0.84" CC="70200010"/>
						<SP ID="P113_SP00042" HPOS="193" VPOS="995" WIDTH="45"/>
						<String ID="P113_ST00053" HPOS="238" VPOS="936" WIDTH="173" HEIGHT="43" CONTENT="Fiorini" WC="0.78" CC="0600602"/>
						<SP ID="P113_SP00043" HPOS="411" VPOS="995" WIDTH="30"/>
						<String ID="P113_ST00054" HPOS="441" VPOS="938" WIDTH="53" HEIGHT="43" CONTENT="de" WC="1.00" CC="00"/>
						<SP ID="P113_SP00044" HPOS="494" VPOS="995" WIDTH="42"/>
						<String ID="P113_ST00055" HPOS="536" VPOS="937" WIDTH="204" HEIGHT="46" CONTENT="Munich" WC="1.00" CC="000000"/>
						<SP ID="P113_SP00045" HPOS="740" VPOS="995" WIDTH="28"/>
						<String ID="P113_ST00056" HPOS="768" VPOS="941" WIDTH="77" HEIGHT="58" CONTENT="qui" WC="0.97" CC="304"/>
						<SP ID="P113_SP00046" HPOS="845" VPOS="999" WIDTH="40"/>
						<String ID="P113_ST00057" HPOS="885" VPOS="943" WIDTH="273" HEIGHT="45" CONTENT="connaissait" WC="0.99" CC="00700400063"/>
					</TextLine>
					<TextLine ID="P113_TL00011" HPOS="49" VPOS="1005" WIDTH="1107" HEIGHT="64">
						<String ID="P113_ST00058" HPOS="49" VPOS="1011" WIDTH="217" HEIGHT="41" CONTENT="instrument" WC="1.00" CC="7700002000"/>
						<SP ID="P113_SP00047" HPOS="266" VPOS="1052" WIDTH="42"/>
						<String ID="P113_ST00059" HPOS="308" VPOS="1005" WIDTH="158" HEIGHT="58" CONTENT="depuis" WC="1.00" CC="000000"/>
						<SP ID="P113_SP00048" HPOS="466" VPOS="1063" WIDTH="49"/>
						<String ID="P113_ST00060" HPOS="515" VPOS="1005" WIDTH="99" HEIGHT="60" CONTENT="plus" WC="0.99" CC="0400"/>
						<SP ID="P113_SP00049" HPOS="614" VPOS="1065" WIDTH="44"/>
						<String ID="P113_ST00061" HPOS="658" VPOS="1007" WIDTH="54" HEIGHT="44" CONTENT="de" WC="1.00" CC="00"/>
						<SP ID="P113_SP00050" HPOS="712" VPOS="1065" WIDTH="45"/>
						<String ID="P113_ST00062" HPOS="757" VPOS="1019" WIDTH="149" HEIGHT="35" CONTENT="trente" WC="0.98" CC="400760"/>
						<SP ID="P113_SP00051" HPOS="906" VPOS="1065" WIDTH="43"/>
						<String ID="P113_ST00063" HPOS="949" VPOS="1027" WIDTH="94" HEIGHT="42" CONTENT="ans," WC="0.98" CC="0007"/>
						<SP ID="P113_SP00052" HPOS="1043" VPOS="1069" WIDTH="36"/>
						<String ID="P113_ST00064" HPOS="1079" VPOS="1023" WIDTH="77" HEIGHT="33" CONTENT="eut" WC="0.99" CC="002"/>
					</TextLine>
					<TextLine ID="P113_TL00012" HPOS="48" VPOS="1073" WIDTH="1108" HEIGHT="64">
						<String ID="P113_ST00065" HPOS="48" VPOS="1073" WIDTH="149" HEIGHT="48" CONTENT="occasion" WC="0.99" CC="72470320"/>
						<SP ID="P113_SP00053" HPOS="197" VPOS="1121" WIDTH="28"/>
						<String ID="P113_ST00066" HPOS="225" VPOS="1073" WIDTH="52" HEIGHT="44" CONTENT="de" WC="1.00" CC="00"/>
						<SP ID="P113_SP00054" HPOS="277" VPOS="1121" WIDTH="28"/>
						<String ID="P113_ST00067" HPOS="305" VPOS="1073" WIDTH="239" HEIGHT="60" CONTENT="l'acquérir" WC="1.00" CC="0400000010"/>
						<SP ID="P113_SP00055" HPOS="544" VPOS="1133" WIDTH="28"/>
						<String ID="P113_ST00068" HPOS="572" VPOS="1092" WIDTH="57" HEIGHT="27" CONTENT="en" WC="1.00" CC="00"/>
						<SP ID="P113_SP00056" HPOS="629" VPOS="1133" WIDTH="35"/>
						<String ID="P113_ST00069" HPOS="664" VPOS="1090" WIDTH="143" HEIGHT="47" CONTENT="1907," WC="0.82" CC="40004"/>
						<SP ID="P113_SP00057" HPOS="807" VPOS="1137" WIDTH="23"/>
						<String ID="P113_ST00070" HPOS="830" VPOS="1096" WIDTH="110" HEIGHT="27" CONTENT="avec" WC="1.00" CC="0000"/>
						<SP ID="P113_SP00058" HPOS="940" VPOS="1137" WIDTH="26"/>
						<String ID="P113_ST00071" HPOS="966" VPOS="1091" WIDTH="102" HEIGHT="33" CONTENT="tous" WC="1.00" CC="0000"/>
						<SP ID="P113_SP00059" HPOS="1068" VPOS="1137" WIDTH="26"/>
						<String ID="P113_ST00072" HPOS="1094" VPOS="1080" WIDTH="62" HEIGHT="45" CONTENT="les" WC="0.99" CC="200"/>
					</TextLine>
					<TextLine ID="P113_TL00013" HPOS="42" VPOS="1146" WIDTH="1112" HEIGHT="60">
						<String ID="P113_ST00073" HPOS="42" VPOS="1148" WIDTH="183" HEIGHT="42" CONTENT="iocuments" WC="0.57" CC="885250700"/>
						<SP ID="P113_SP00060" HPOS="225" VPOS="1190" WIDTH="42"/>
						<String ID="P113_ST00074" HPOS="267" VPOS="1153" WIDTH="217" HEIGHT="33" CONTENT="attestant" WC="0.99" CC="064000005"/>
						<SP ID="P113_SP00061" HPOS="484" VPOS="1190" WIDTH="43"/>
						<String ID="P113_ST00075" HPOS="527" VPOS="1160" WIDTH="82" HEIGHT="28" CONTENT="son" WC="1.00" CC="000"/>
						<SP ID="P113_SP00062" HPOS="609" VPOS="1190" WIDTH="51"/>
						<String ID="P113_ST00076" HPOS="660" VPOS="1146" WIDTH="189" HEIGHT="60" CONTENT="origine." WC="0.99" CC="00404704"/>
						<SP ID="P113_SP00063" HPOS="849" VPOS="1206" WIDTH="49"/>
						<String ID="P113_ST00077" HPOS="898" VPOS="1148" WIDTH="82" HEIGHT="44" CONTENT="Un" WC="1.00" CC="00"/>
						<SP ID="P113_SP00064" HPOS="980" VPOS="1206" WIDTH="50"/>
						<String ID="P113_ST00078" HPOS="1030" VPOS="1150" WIDTH="124" HEIGHT="43" CONTENT="riche" WC="0.99" CC="05000"/>
					</TextLine>
					<TextLine ID="P113_TL00014" HPOS="41" VPOS="1211" WIDTH="1112" HEIGHT="62">
						<String ID="P113_ST00079" HPOS="41" VPOS="1211" WIDTH="173" HEIGHT="57" CONTENT="méricain," WC="0.45" CC="884506554"/>
						<SP ID="P113_SP00065" HPOS="214" VPOS="1268" WIDTH="26"/>
						<String ID="P113_ST00080" HPOS="240" VPOS="1223" WIDTH="206" HEIGHT="32" CONTENT="amateur" WC="0.99" CC="0005050"/>
						<SP ID="P113_SP00066" HPOS="446" VPOS="1268" WIDTH="27"/>
						<String ID="P113_ST00081" HPOS="473" VPOS="1212" WIDTH="55" HEIGHT="44" CONTENT="de" WC="1.00" CC="00"/>
						<SP ID="P113_SP00067" HPOS="528" VPOS="1268" WIDTH="27"/>
						<String ID="P113_ST00082" HPOS="555" VPOS="1212" WIDTH="210" HEIGHT="61" CONTENT="lutherie," WC="0.99" CC="405003004"/>
						<SP ID="P113_SP00068" HPOS="765" VPOS="1273" WIDTH="49"/>
						<String ID="P113_ST00083" HPOS="814" VPOS="1214" WIDTH="194" HEIGHT="46" CONTENT="l'acheta" WC="0.99" CC="24000240"/>
						<SP ID="P113_SP00069" HPOS="1008" VPOS="1273" WIDTH="26"/>
						<String ID="P113_ST00084" HPOS="1034" VPOS="1229" WIDTH="119" HEIGHT="33" CONTENT="cette" WC="1.00" CC="00000"/>
					</TextLine>
					<TextLine ID="P113_TL00015" HPOS="40" VPOS="1279" WIDTH="1115" HEIGHT="66">
						<String ID="P113_ST00085" HPOS="40" VPOS="1279" WIDTH="68" HEIGHT="46" CONTENT="innée" WC="0.96" CC="87673" STYLEREFS="TXT_3"/>
						<SP ID="P113_SP00070" HPOS="108" VPOS="1325" WIDTH="38"/>
						<String ID="P113_ST00086" HPOS="146" VPOS="1296" WIDTH="109" HEIGHT="41" CONTENT="pour" WC="1.00" CC="0000"/>
						<SP ID="P113_SP00071" HPOS="255" VPOS="1337" WIDTH="29"/>
						<String ID="P113_ST00087" HPOS="284" VPOS="1294" WIDTH="182" HEIGHT="45" CONTENT="30.000" WC="0.82" CC="604000"/>
						<SP ID="P113_SP00072" HPOS="466" VPOS="1339" WIDTH="47"/>
						<String ID="P113_ST00088" HPOS="513" VPOS="1283" WIDTH="144" HEIGHT="57" CONTENT="mark," WC="0.99" CC="00004"/>
						<SP ID="P113_SP00073" HPOS="657" VPOS="1340" WIDTH="30"/>
						<String ID="P113_ST00089" HPOS="687" VPOS="1295" WIDTH="44" HEIGHT="32" CONTENT="et" WC="0.75" CC="05"/>
						<SP ID="P113_SP00074" HPOS="731" VPOS="1340" WIDTH="44"/>
						<String ID="P113_ST00090" HPOS="775" VPOS="1283" WIDTH="39" HEIGHT="44" CONTENT="le" WC="0.87" CC="20"/>
						<SP ID="P113_SP00075" HPOS="814" VPOS="1340" WIDTH="46"/>
						<String ID="P113_ST00091" HPOS="860" VPOS="1284" WIDTH="150" HEIGHT="45" CONTENT="confia" WC="0.99" CC="000220"/>
						<SP ID="P113_SP00076" HPOS="1010" VPOS="1340" WIDTH="32"/>
						<String ID="P113_ST00092" HPOS="1042" VPOS="1303" WIDTH="113" HEIGHT="42" CONTENT="pour" WC="1.00" CC="0000"/>
					</TextLine>
					<TextLine ID="P113_TL00016" HPOS="40" VPOS="1347" WIDTH="639" HEIGHT="62">
						<String ID="P113_ST00093" HPOS="40" VPOS="1357" WIDTH="31" HEIGHT="36" CONTENT="itre" WC="0.62" CC="7600" STYLEREFS="TXT_3"/>
						<String ID="P113_ST00094" HPOS="82" VPOS="1347" WIDTH="90" HEIGHT="62" CONTENT="joué" WC="0.97" CC="5080"/>
						<SP ID="P113_SP00077" HPOS="172" VPOS="1409" WIDTH="25"/>
						<String ID="P113_ST00095" HPOS="197" VPOS="1365" WIDTH="56" HEIGHT="27" CONTENT="au" WC="1.00" CC="00"/>
						<SP ID="P113_SP00078" HPOS="253" VPOS="1409" WIDTH="28"/>
						<String ID="P113_ST00096" HPOS="281" VPOS="1348" WIDTH="237" HEIGHT="45" CONTENT="violoniste" WC="1.00" CC="3104402000"/>
						<SP ID="P113_SP00079" HPOS="518" VPOS="1409" WIDTH="31"/>
						<String ID="P113_ST00097" HPOS="549" VPOS="1350" WIDTH="130" HEIGHT="46" CONTENT="Hôls." WC="0.64" CC="07504"/>
					</TextLine>
					<TextLine ID="P113_TL00017" HPOS="106" VPOS="1479" WIDTH="903" HEIGHT="62">
						<String ID="P113_ST00098" HPOS="106" VPOS="1479" WIDTH="75" HEIGHT="44" CONTENT="UN" WC="1.00" CC="00" STYLEREFS="TXT_4"/>
						<SP ID="P113_SP00080" HPOS="181" VPOS="1523" WIDTH="39"/>
						<String ID="P113_ST00099" HPOS="220" VPOS="1494" WIDTH="322" HEIGHT="31" CONTENT="VIOLONCELLE" WC="1.00" CC="02020002222" STYLEREFS="TXT_4"/>
						<SP ID="P113_SP00081" HPOS="542" VPOS="1525" WIDTH="38"/>
						<String ID="P113_ST00100" HPOS="580" VPOS="1496" WIDTH="62" HEIGHT="30" CONTENT="DE" WC="0.67" CC="60" STYLEREFS="TXT_4"/>
						<SP ID="P113_SP00082" HPOS="642" VPOS="1526" WIDTH="42"/>
						<String ID="P113_ST00101" HPOS="684" VPOS="1482" WIDTH="181" HEIGHT="59" CONTENT="81.250" WC="0.80" CC="004340"/>
						<SP ID="P113_SP00083" HPOS="865" VPOS="1541" WIDTH="43"/>
						<String ID="P113_ST00102" HPOS="908" VPOS="1484" WIDTH="101" HEIGHT="46" CONTENT="Fcs." WC="0.86" CC="1004"/>
					</TextLine>
					<TextLine ID="P113_TL00018" HPOS="56" VPOS="1595" WIDTH="1097" HEIGHT="68">
						<String ID="P113_ST00103" HPOS="56" VPOS="1595" WIDTH="43" HEIGHT="45" CONTENT="Le" WC="1.00" CC="00"/>
						<SP ID="P113_SP00084" HPOS="99" VPOS="1640" WIDTH="23"/>
						<String ID="P113_ST00104" HPOS="122" VPOS="1597" WIDTH="26" HEIGHT="24" CONTENT='"' WC="0.81" CC="1"/>
						<SP ID="P113_SP00085" HPOS="148" VPOS="1640" WIDTH="21"/>
						<String ID="P113_ST00105" HPOS="169" VPOS="1596" WIDTH="233" HEIGHT="46" CONTENT="Leonards" WC="0.99" CC="00000000"/>
						<SP ID="P113_SP00086" HPOS="402" VPOS="1642" WIDTH="27"/>
						<String ID="P113_ST00106" HPOS="429" VPOS="1598" WIDTH="159" HEIGHT="47" CONTENT="illustr." WC="0.78" CC="40200504"/>
						<SP ID="P113_SP00087" HPOS="588" VPOS="1645" WIDTH="30"/>
						<String ID="P113_ST00107" HPOS="618" VPOS="1600" WIDTH="261" HEIGHT="63" CONTENT="Musikztg." WC="0.91" CC="000003004"/>
						<SP ID="P113_SP00088" HPOS="879" VPOS="1663" WIDTH="17"/>
						<String ID="P113_ST00108" HPOS="896" VPOS="1601" WIDTH="27" HEIGHT="18" CONTENT='"' WC="0.78" CC="2"/>
						<SP ID="P113_SP00089" HPOS="923" VPOS="1663" WIDTH="18"/>
						<String ID="P113_ST00109" HPOS="941" VPOS="1620" WIDTH="212" HEIGHT="29" CONTENT="annonce" WC="1.00" CC="0000000"/>
					</TextLine>
					<TextLine ID="P113_TL00019" HPOS="36" VPOS="1666" WIDTH="1117" HEIGHT="51">
						<String ID="P113_ST00110" HPOS="36" VPOS="1676" WIDTH="119" HEIGHT="32" CONTENT="ivente" WC="0.62" CC="860160"/>
						<SP ID="P113_SP00090" HPOS="155" VPOS="1708" WIDTH="27"/>
						<String ID="P113_ST00111" HPOS="182" VPOS="1666" WIDTH="59" HEIGHT="44" CONTENT="du" WC="1.00" CC="00"/>
						<SP ID="P113_SP00091" HPOS="241" VPOS="1710" WIDTH="20"/>
						<String ID="P113_ST00112" HPOS="261" VPOS="1666" WIDTH="290" HEIGHT="46" CONTENT="Violoncelle" WC="1.00" CC="54020000240"/>
						<SP ID="P113_SP00092" HPOS="551" VPOS="1712" WIDTH="23"/>
						<String ID="P113_ST00113" HPOS="574" VPOS="1668" WIDTH="299" HEIGHT="47" CONTENT="Stradivarius" WC="1.00" CC="064004000500"/>
						<SP ID="P113_SP00093" HPOS="873" VPOS="1715" WIDTH="28"/>
						<String ID="P113_ST00114" HPOS="901" VPOS="1672" WIDTH="53" HEIGHT="43" CONTENT="de" WC="1.00" CC="00"/>
						<SP ID="P113_SP00094" HPOS="954" VPOS="1715" WIDTH="23"/>
						<String ID="P113_ST00115" HPOS="977" VPOS="1672" WIDTH="176" HEIGHT="45" CONTENT="Robert" WC="0.99" CC="000035"/>
					</TextLine>
					<TextLine ID="P113_TL00020" HPOS="38" VPOS="1733" WIDTH="1113" HEIGHT="67">
						<String ID="P113_ST00116" HPOS="38" VPOS="1733" WIDTH="82" HEIGHT="61" CONTENT="ieyer," WC="0.63" CC="717104"/>
						<SP ID="P113_SP00095" HPOS="120" VPOS="1794" WIDTH="51"/>
						<String ID="P113_ST00117" HPOS="171" VPOS="1752" WIDTH="57" HEIGHT="27" CONTENT="au" WC="0.83" CC="03"/>
						<SP ID="P113_SP00096" HPOS="228" VPOS="1794" WIDTH="49"/>
						<String ID="P113_ST00118" HPOS="277" VPOS="1736" WIDTH="99" HEIGHT="58" CONTENT="prix" WC="0.98" CC="0650"/>
						<SP ID="P113_SP00097" HPOS="376" VPOS="1794" WIDTH="50"/>
						<String ID="P113_ST00119" HPOS="426" VPOS="1736" WIDTH="54" HEIGHT="45" CONTENT="de" WC="1.00" CC="00"/>
						<SP ID="P113_SP00098" HPOS="480" VPOS="1794" WIDTH="52"/>
						<String ID="P113_ST00120" HPOS="532" VPOS="1736" WIDTH="184" HEIGHT="59" CONTENT="65.000" WC="0.81" CC="064000"/>
						<SP ID="P113_SP00099" HPOS="716" VPOS="1795" WIDTH="53"/>
						<String ID="P113_ST00121" HPOS="769" VPOS="1741" WIDTH="130" HEIGHT="42" CONTENT="mark" WC="1.00" CC="0000"/>
						<SP ID="P113_SP00100" HPOS="899" VPOS="1795" WIDTH="50"/>
						<String ID="P113_ST00122" HPOS="949" VPOS="1740" WIDTH="202" HEIGHT="60" CONTENT="(81.250" WC="0.88" CC="2014000"/>
					</TextLine>
					<TextLine ID="P113_TL00021" HPOS="36" VPOS="1802" WIDTH="97" HEIGHT="59">
						<String ID="P113_ST00123" HPOS="36" VPOS="1802" WIDTH="97" HEIGHT="59" CONTENT="lancs)." WC="0.65" CC="8731002" STYLEREFS="TXT_5"/>
					</TextLine>
					<TextLine ID="P113_TL00022" HPOS="56" VPOS="1869" WIDTH="1096" HEIGHT="54">
						<String ID="P113_ST00124" HPOS="56" VPOS="1869" WIDTH="61" HEIGHT="46" CONTENT="Cet" WC="0.97" CC="510"/>
						<SP ID="P113_SP00101" HPOS="117" VPOS="1915" WIDTH="40"/>
						<String ID="P113_ST00125" HPOS="157" VPOS="1872" WIDTH="278" HEIGHT="45" CONTENT="instrument" WC="1.00" CC="3000000070"/>
						<SP ID="P113_SP00102" HPOS="435" VPOS="1917" WIDTH="45"/>
						<String ID="P113_ST00126" HPOS="480" VPOS="1875" WIDTH="384" HEIGHT="45" CONTENT="admirablement" WC="1.00" CC="0004000300003"/>
						<SP ID="P113_SP00103" HPOS="864" VPOS="1920" WIDTH="28"/>
						<String ID="P113_ST00127" HPOS="892" VPOS="1878" WIDTH="103" HEIGHT="43" CONTENT="bien" WC="0.97" CC="0560"/>
						<SP ID="P113_SP00104" HPOS="995" VPOS="1921" WIDTH="46"/>
						<String ID="P113_ST00128" HPOS="1041" VPOS="1895" WIDTH="84" HEIGHT="28" CONTENT="con" SUBS_TYPE="HypPart1" SUBS_CONTENT="conervé," WC="0.71" CC="007"/>
						<HYP HPOS="1125" VPOS="1895" WIDTH="27" CONTENT="-"/>
					</TextLine>
					<TextLine ID="P113_TL00023" HPOS="38" VPOS="1938" WIDTH="1115" HEIGHT="66">
						<String ID="P113_ST00129" HPOS="38" VPOS="1938" WIDTH="63" HEIGHT="59" CONTENT="ervé," SUBS_TYPE="HypPart2" SUBS_CONTENT="conervé," WC="0.39" CC="87274"/>
						<SP ID="P113_SP00105" HPOS="101" VPOS="1997" WIDTH="24"/>
						<String ID="P113_ST00130" HPOS="125" VPOS="1942" WIDTH="251" HEIGHT="58" CONTENT="appartient" WC="0.99" CC="8000304005"/>
						<SP ID="P113_SP00106" HPOS="376" VPOS="2000" WIDTH="26"/>
						<String ID="P113_ST00131" HPOS="402" VPOS="1942" WIDTH="24" HEIGHT="45" CONTENT="à" WC="0.57" CC="4"/>
						<SP ID="P113_SP00107" HPOS="426" VPOS="2000" WIDTH="26"/>
						<String ID="P113_ST00132" HPOS="452" VPOS="1942" WIDTH="41" HEIGHT="45" CONTENT="la" WC="0.97" CC="00"/>
						<SP ID="P113_SP00108" HPOS="493" VPOS="2000" WIDTH="26"/>
						<String ID="P113_ST00133" HPOS="519" VPOS="1943" WIDTH="226" HEIGHT="61" CONTENT="catégorie" WC="1.00" CC="000003050"/>
						<SP ID="P113_SP00109" HPOS="745" VPOS="2004" WIDTH="22"/>
						<String ID="P113_ST00134" HPOS="767" VPOS="1945" WIDTH="76" HEIGHT="44" CONTENT="des" WC="0.99" CC="020"/>
						<SP ID="P113_SP00110" HPOS="843" VPOS="2004" WIDTH="18"/>
						<String ID="P113_ST00135" HPOS="861" VPOS="1962" WIDTH="118" HEIGHT="28" CONTENT="rares" WC="0.99" CC="40000"/>
						<SP ID="P113_SP00111" HPOS="979" VPOS="2004" WIDTH="17"/>
						<String ID="P113_ST00136" HPOS="996" VPOS="1964" WIDTH="126" HEIGHT="27" CONTENT="exem" SUBS_TYPE="HypPart1" SUBS_CONTENT="exemplaires" WC="0.99" CC="0020"/>
						<HYP HPOS="1122" VPOS="1964" WIDTH="31" CONTENT="-"/>
					</TextLine>
					<TextLine ID="P113_TL00024" HPOS="33" VPOS="2005" WIDTH="1119" HEIGHT="69">
						<String ID="P113_ST00137" HPOS="33" VPOS="2005" WIDTH="85" HEIGHT="58" CONTENT="plaires" SUBS_TYPE="HypPart2" SUBS_CONTENT="exemplaires" WC="0.98" CC="8763000"/>
						<SP ID="P113_SP00112" HPOS="118" VPOS="2063" WIDTH="39"/>
						<String ID="P113_ST00138" HPOS="157" VPOS="2023" WIDTH="257" HEIGHT="33" CONTENT="recouverts" WC="1.00" CC="0000000030"/>
						<SP ID="P113_SP00113" HPOS="414" VPOS="2063" WIDTH="41"/>
						<String ID="P113_ST00139" HPOS="455" VPOS="2012" WIDTH="60" HEIGHT="44" CONTENT="du" WC="1.00" CC="00"/>
						<SP ID="P113_SP00114" HPOS="515" VPOS="2063" WIDTH="45"/>
						<String ID="P113_ST00140" HPOS="560" VPOS="2014" WIDTH="30" HEIGHT="23" CONTENT='"' WC="1.00" CC="0"/>
						<SP ID="P113_SP00115" HPOS="590" VPOS="2063" WIDTH="20"/>
						<String ID="P113_ST00141" HPOS="610" VPOS="2014" WIDTH="149" HEIGHT="44" CONTENT="vernis" WC="0.99" CC="000050"/>
						<SP ID="P113_SP00116" HPOS="759" VPOS="2063" WIDTH="47"/>
						<String ID="P113_ST00142" HPOS="806" VPOS="2030" WIDTH="157" HEIGHT="44" CONTENT="rouge." WC="0.99" CC="510004"/>
						<SP ID="P113_SP00117" HPOS="963" VPOS="2074" WIDTH="25"/>
						<String ID="P113_ST00143" HPOS="988" VPOS="2014" WIDTH="27" HEIGHT="18" CONTENT='"' WC="0.68" CC="3"/>
						<SP ID="P113_SP00118" HPOS="1015" VPOS="2074" WIDTH="47"/>
						<String ID="P113_ST00144" HPOS="1062" VPOS="2015" WIDTH="90" HEIGHT="46" CONTENT="Son" WC="1.00" CC="000"/>
					</TextLine>
					<TextLine ID="P113_TL00025" HPOS="33" VPOS="2076" WIDTH="1119" HEIGHT="71">
						<String ID="P113_ST00145" HPOS="33" VPOS="2076" WIDTH="167" HEIGHT="58" CONTENT="acquéreur" WC="0.99" CC="773460000"/>
						<SP ID="P113_SP00119" HPOS="200" VPOS="2134" WIDTH="44"/>
						<String ID="P113_ST00146" HPOS="244" VPOS="2090" WIDTH="64" HEIGHT="33" CONTENT="est" WC="0.97" CC="007"/>
						<SP ID="P113_SP00120" HPOS="308" VPOS="2134" WIDTH="28"/>
						<String ID="P113_ST00147" HPOS="336" VPOS="2079" WIDTH="40" HEIGHT="45" CONTENT="le" WC="0.81" CC="30"/>
						<SP ID="P113_SP00121" HPOS="376" VPOS="2134" WIDTH="27"/>
						<String ID="P113_ST00148" HPOS="403" VPOS="2081" WIDTH="197" HEIGHT="45" CONTENT="virtuose" WC="1.00" CC="04000000"/>
						<SP ID="P113_SP00122" HPOS="600" VPOS="2134" WIDTH="29"/>
						<String ID="P113_ST00149" HPOS="629" VPOS="2081" WIDTH="208" HEIGHT="45" CONTENT="Lennart" WC="1.00" CC="0000000"/>
						<SP ID="P113_SP00123" HPOS="837" VPOS="2134" WIDTH="26"/>
						<String ID="P113_ST00150" HPOS="863" VPOS="2082" WIDTH="54" HEIGHT="45" CONTENT="de" WC="1.00" CC="00"/>
						<SP ID="P113_SP00124" HPOS="917" VPOS="2134" WIDTH="28"/>
						<String ID="P113_ST00151" HPOS="945" VPOS="2083" WIDTH="173" HEIGHT="64" CONTENT="Zweyg" SUBS_TYPE="HypPart1" SUBS_CONTENT="Zweygierg." WC="0.75" CC="44000"/>
						<HYP HPOS="1118" VPOS="2083" WIDTH="34" CONTENT="-"/>
					</TextLine>
					<TextLine ID="P113_TL00026" HPOS="33" VPOS="2142" WIDTH="52" HEIGHT="62">
						<String ID="P113_ST00152" HPOS="33" VPOS="2142" WIDTH="52" HEIGHT="62" CONTENT="ierg." SUBS_TYPE="HypPart2" SUBS_CONTENT="Zweygierg." WC="0.53" CC="74064" STYLEREFS="TXT_5"/>
					</TextLine>
					<TextLine ID="P113_TL00027" HPOS="40" VPOS="2260" WIDTH="1073" HEIGHT="57">
						<String ID="P113_ST00153" HPOS="40" VPOS="2260" WIDTH="95" HEIGHT="49" CONTENT="DEUX" WC="0.94" CC="8638" STYLEREFS="TXT_4"/>
						<SP ID="P113_SP00125" HPOS="135" VPOS="2309" WIDTH="37"/>
						<String ID="P113_ST00154" HPOS="172" VPOS="2281" WIDTH="198" HEIGHT="30" CONTENT="VIOLONS" WC="1.00" CC="0100100" STYLEREFS="TXT_4"/>
						<SP ID="P113_SP00126" HPOS="370" VPOS="2311" WIDTH="34"/>
						<String ID="P113_ST00155" HPOS="404" VPOS="2282" WIDTH="228" HEIGHT="30" CONTENT="CÉLÉBRÉS" WC="0.99" CC="02046010" STYLEREFS="TXT_4"/>
						<SP ID="P113_SP00127" HPOS="632" VPOS="2312" WIDTH="38"/>
						<String ID="P113_ST00156" HPOS="670" VPOS="2284" WIDTH="88" HEIGHT="29" CONTENT="SUR" WC="1.00" CC="000" STYLEREFS="TXT_4"/>
						<SP ID="P113_SP00128" HPOS="758" VPOS="2313" WIDTH="25"/>
						<String ID="P113_ST00157" HPOS="783" VPOS="2284" WIDTH="56" HEIGHT="30" CONTENT="LE" WC="1.00" CC="00" STYLEREFS="TXT_4"/>
						<SP ID="P113_SP00129" HPOS="839" VPOS="2314" WIDTH="27"/>
						<String ID="P113_ST00158" HPOS="866" VPOS="2268" WIDTH="210" HEIGHT="47" CONTENT="MARCHÉ" WC="0.99" CC="020037" STYLEREFS="TXT_4"/>
						<SP ID="P113_SP00130" HPOS="1076" VPOS="2315" WIDTH="28"/>
						<String ID="P113_ST00159" HPOS="1104" VPOS="2288" WIDTH="9" HEIGHT="29" CONTENT=":" WC="1.00" CC="0" STYLEREFS="TXT_4"/>
					</TextLine>
					<TextLine ID="P113_TL00028" HPOS="86" VPOS="2332" WIDTH="934" HEIGHT="51">
						<String ID="P113_ST00160" HPOS="86" VPOS="2332" WIDTH="60" HEIGHT="46" CONTENT="LE" WC="0.83" CC="11" STYLEREFS="TXT_4"/>
						<SP ID="P113_SP00131" HPOS="146" VPOS="2378" WIDTH="38"/>
						<String ID="P113_ST00161" HPOS="184" VPOS="2335" WIDTH="365" HEIGHT="46" CONTENT="STRADIVARIUS" WC="1.00" CC="050002060000" STYLEREFS="TXT_4"/>
						<SP ID="P113_SP00132" HPOS="549" VPOS="2381" WIDTH="38"/>
						<String ID="P113_ST00162" HPOS="587" VPOS="2352" WIDTH="62" HEIGHT="29" CONTENT="DE" WC="0.84" CC="03" STYLEREFS="TXT_4"/>
						<SP ID="P113_SP00133" HPOS="649" VPOS="2381" WIDTH="40"/>
						<String ID="P113_ST00163" HPOS="689" VPOS="2337" WIDTH="233" HEIGHT="46" CONTENT="KUBELIK" WC="0.92" CC="0050000" STYLEREFS="TXT_4"/>
						<SP ID="P113_SP00134" HPOS="922" VPOS="2383" WIDTH="38"/>
						<String ID="P113_ST00164" HPOS="960" VPOS="2354" WIDTH="60" HEIGHT="29" CONTENT="ET" WC="0.60" CC="24" STYLEREFS="TXT_4"/>
					</TextLine>
					<TextLine ID="P113_TL00029" HPOS="144" VPOS="2403" WIDTH="808" HEIGHT="49">
						<String ID="P113_ST00165" HPOS="144" VPOS="2418" WIDTH="53" HEIGHT="29" CONTENT="LE" WC="0.98" CC="00" STYLEREFS="TXT_4"/>
						<SP ID="P113_SP00135" HPOS="197" VPOS="2447" WIDTH="40"/>
						<String ID="P113_ST00166" HPOS="237" VPOS="2403" WIDTH="334" HEIGHT="48" CONTENT="GUARNERIUS" WC="0.93" CC="0003030000" STYLEREFS="TXT_4"/>
						<SP ID="P113_SP00136" HPOS="571" VPOS="2451" WIDTH="38"/>
						<String ID="P113_ST00167" HPOS="609" VPOS="2421" WIDTH="61" HEIGHT="29" CONTENT="DE" WC="0.93" CC="01" STYLEREFS="TXT_4"/>
						<SP ID="P113_SP00137" HPOS="670" VPOS="2451" WIDTH="39"/>
						<String ID="P113_ST00168" HPOS="709" VPOS="2406" WIDTH="243" HEIGHT="46" CONTENT="LIPINSKI." WC="0.91" CC="030000004" STYLEREFS="TXT_4"/>
					</TextLine>
					<TextLine ID="P113_TL00030" HPOS="51" VPOS="2517" WIDTH="1097" HEIGHT="55">
						<String ID="P113_ST00169" HPOS="51" VPOS="2517" WIDTH="108" HEIGHT="49" CONTENT="Deux" WC="0.97" CC="6306"/>
						<SP ID="P113_SP00138" HPOS="159" VPOS="2566" WIDTH="44"/>
						<String ID="P113_ST00170" HPOS="203" VPOS="2523" WIDTH="175" HEIGHT="46" CONTENT="violons" WC="0.99" CC="0504070"/>
						<SP ID="P113_SP00139" HPOS="378" VPOS="2569" WIDTH="25"/>
						<String ID="P113_ST00171" HPOS="403" VPOS="2525" WIDTH="90" HEIGHT="44" CONTENT="fort" WC="0.97" CC="3043"/>
						<SP ID="P113_SP00140" HPOS="493" VPOS="2569" WIDTH="28"/>
						<String ID="P113_ST00172" HPOS="521" VPOS="2524" WIDTH="289" HEIGHT="46" CONTENT="intéressants" WC="1.00" CC="006000000060"/>
						<SP ID="P113_SP00141" HPOS="810" VPOS="2570" WIDTH="39"/>
						<String ID="P113_ST00173" HPOS="849" VPOS="2538" WIDTH="103" HEIGHT="32" CONTENT="sont" WC="1.00" CC="0002"/>
						<SP ID="P113_SP00142" HPOS="952" VPOS="2570" WIDTH="25"/>
						<String ID="P113_ST00174" HPOS="977" VPOS="2527" WIDTH="147" HEIGHT="45" CONTENT="actuel" SUBS_TYPE="HypPart1" SUBS_CONTENT="actuel®ent" WC="0.93" CC="000000"/>
						<HYP HPOS="1124" VPOS="2527" WIDTH="24" CONTENT="-"/>
					</TextLine>
					<TextLine ID="P113_TL00031" HPOS="35" VPOS="2594" WIDTH="1113" HEIGHT="47">
						<String ID="P113_ST00175" HPOS="35" VPOS="2601" WIDTH="90" HEIGHT="32" CONTENT="®ent" SUBS_TYPE="HypPart2" SUBS_CONTENT="actuel®ent" WC="0.65" CC="7050"/>
						<SP ID="P113_SP00143" HPOS="125" VPOS="2633" WIDTH="38"/>
						<String ID="P113_ST00176" HPOS="163" VPOS="2609" WIDTH="56" HEIGHT="26" CONTENT="en" WC="1.00" CC="00"/>
						<SP ID="P113_SP00144" HPOS="219" VPOS="2635" WIDTH="27"/>
						<String ID="P113_ST00177" HPOS="246" VPOS="2605" WIDTH="135" HEIGHT="32" CONTENT="vente" WC="0.99" CC="00040"/>
						<SP ID="P113_SP00145" HPOS="381" VPOS="2637" WIDTH="45"/>
						<String ID="P113_ST00178" HPOS="426" VPOS="2595" WIDTH="116" HEIGHT="42" CONTENT="chez" WC="1.00" CC="0002"/>
						<SP ID="P113_SP00146" HPOS="542" VPOS="2637" WIDTH="25"/>
						<String ID="P113_ST00179" HPOS="567" VPOS="2594" WIDTH="42" HEIGHT="44" CONTENT="le" WC="0.80" CC="40"/>
						<SP ID="P113_SP00147" HPOS="609" VPOS="2638" WIDTH="45"/>
						<String ID="P113_ST00180" HPOS="654" VPOS="2594" WIDTH="167" HEIGHT="44" CONTENT="luthier" WC="1.00" CC="3000020"/>
						<SP ID="P113_SP00148" HPOS="821" VPOS="2638" WIDTH="42"/>
						<String ID="P113_ST00181" HPOS="863" VPOS="2595" WIDTH="205" HEIGHT="45" CONTENT="Hamma" WC="0.94" CC="20000"/>
						<SP ID="P113_SP00149" HPOS="1068" VPOS="2640" WIDTH="26"/>
						<String ID="P113_ST00182" HPOS="1094" VPOS="2597" WIDTH="54" HEIGHT="44" CONTENT="de" WC="1.00" CC="00"/>
					</TextLine>
					<TextLine ID="P113_TL00032" HPOS="37" VPOS="2660" WIDTH="861" HEIGHT="62">
						<String ID="P113_ST00183" HPOS="37" VPOS="2665" WIDTH="135" HEIGHT="52" CONTENT="tuttgart" WC="0.50" CC="75630546"/>
						<SP ID="P113_SP00150" HPOS="172" VPOS="2717" WIDTH="28"/>
						<String ID="P113_ST00184" HPOS="200" VPOS="2677" WIDTH="9" HEIGHT="28" CONTENT=":" WC="0.56" CC="4"/>
						<SP ID="P113_SP00151" HPOS="209" VPOS="2717" WIDTH="23"/>
						<String ID="P113_ST00185" HPOS="232" VPOS="2660" WIDTH="40" HEIGHT="45" CONTENT="le" WC="1.00" CC="00"/>
						<SP ID="P113_SP00152" HPOS="272" VPOS="2717" WIDTH="28"/>
						<String ID="P113_ST00186" HPOS="300" VPOS="2662" WIDTH="207" HEIGHT="44" CONTENT="Kubelik" WC="0.93" CC="0000130"/>
						<SP ID="P113_SP00153" HPOS="507" VPOS="2717" WIDTH="27"/>
						<String ID="P113_ST00187" HPOS="534" VPOS="2674" WIDTH="44" HEIGHT="33" CONTENT="et" WC="1.00" CC="00"/>
						<SP ID="P113_SP00154" HPOS="578" VPOS="2717" WIDTH="26"/>
						<String ID="P113_ST00188" HPOS="604" VPOS="2662" WIDTH="41" HEIGHT="45" CONTENT="le" WC="0.90" CC="20"/>
						<SP ID="P113_SP00155" HPOS="645" VPOS="2717" WIDTH="28"/>
						<String ID="P113_ST00189" HPOS="673" VPOS="2662" WIDTH="225" HEIGHT="60" CONTENT="Lipinski." WC="0.84" CC="030600004"/>
					</TextLine>
					<TextLine ID="P113_TL00033" HPOS="49" VPOS="2721" WIDTH="1097" HEIGHT="71">
						<String ID="P113_ST00190" HPOS="49" VPOS="2721" WIDTH="44" HEIGHT="48" CONTENT="Le" WC="0.69" CC="50"/>
						<SP ID="P113_SP00156" HPOS="93" VPOS="2769" WIDTH="36"/>
						<String ID="P113_ST00191" HPOS="129" VPOS="2727" WIDTH="203" HEIGHT="47" CONTENT="Kubelik" WC="0.91" CC="0000060"/>
						<SP ID="P113_SP00157" HPOS="332" VPOS="2774" WIDTH="25"/>
						<String ID="P113_ST00192" HPOS="357" VPOS="2743" WIDTH="66" HEIGHT="32" CONTENT="est" WC="0.98" CC="006"/>
						<SP ID="P113_SP00158" HPOS="423" VPOS="2775" WIDTH="40"/>
						<String ID="P113_ST00193" HPOS="463" VPOS="2748" WIDTH="63" HEIGHT="27" CONTENT="un" WC="1.00" CC="00"/>
						<SP ID="P113_SP00159" HPOS="526" VPOS="2775" WIDTH="28"/>
						<String ID="P113_ST00194" HPOS="554" VPOS="2731" WIDTH="315" HEIGHT="61" CONTENT="remarquable" WC="1.00" CC="00005400040"/>
						<SP ID="P113_SP00160" HPOS="869" VPOS="2792" WIDTH="44"/>
						<String ID="P113_ST00195" HPOS="913" VPOS="2732" WIDTH="233" HEIGHT="59" CONTENT="spécimen" WC="1.00" CC="00004000"/>
					</TextLine>
					<TextLine ID="P113_TL00034" HPOS="41" VPOS="2792" WIDTH="1105" HEIGHT="69">
						<String ID="P113_ST00196" HPOS="41" VPOS="2792" WIDTH="162" HEIGHT="49" CONTENT="Antoine" WC="0.98" CC="9250401"/>
						<SP ID="P113_SP00161" HPOS="203" VPOS="2841" WIDTH="44"/>
						<String ID="P113_ST00197" HPOS="247" VPOS="2798" WIDTH="296" HEIGHT="46" CONTENT="Stradivarius" WC="1.00" CC="000700000400"/>
						<SP ID="P113_SP00162" HPOS="543" VPOS="2844" WIDTH="40"/>
						<String ID="P113_ST00198" HPOS="583" VPOS="2801" WIDTH="52" HEIGHT="43" CONTENT="de" WC="1.00" CC="00"/>
						<SP ID="P113_SP00163" HPOS="635" VPOS="2844" WIDTH="52"/>
						<String ID="P113_ST00199" HPOS="687" VPOS="2799" WIDTH="143" HEIGHT="62" CONTENT="1687." WC="0.87" CC="00104"/>
						<SP ID="P113_SP00164" HPOS="830" VPOS="2861" WIDTH="42"/>
						<String ID="P113_ST00200" HPOS="872" VPOS="2800" WIDTH="68" HEIGHT="45" CONTENT="Le" WC="1.00" CC="00"/>
						<SP ID="P113_SP00165" HPOS="940" VPOS="2861" WIDTH="27"/>
						<String ID="P113_ST00201" HPOS="967" VPOS="2801" WIDTH="179" HEIGHT="45" CONTENT="modèle" WC="0.99" CC="000720"/>
					</TextLine>
					<TextLine ID="P113_TL00035" HPOS="59" VPOS="2866" WIDTH="1087" HEIGHT="60">
						<String ID="P113_ST00202" HPOS="59" VPOS="2866" WIDTH="120" HEIGHT="55" CONTENT="grand" WC="0.98" CC="66400"/>
						<SP ID="P113_SP00166" HPOS="179" VPOS="2921" WIDTH="44"/>
						<String ID="P113_ST00203" HPOS="223" VPOS="2878" WIDTH="43" HEIGHT="32" CONTENT="et" WC="1.00" CC="00"/>
						<SP ID="P113_SP00167" HPOS="266" VPOS="2921" WIDTH="26"/>
						<String ID="P113_ST00204" HPOS="292" VPOS="2867" WIDTH="107" HEIGHT="59" CONTENT="plat," WC="0.98" CC="04044"/>
						<SP ID="P113_SP00168" HPOS="399" VPOS="2926" WIDTH="43"/>
						<String ID="P113_ST00205" HPOS="442" VPOS="2867" WIDTH="62" HEIGHT="45" CONTENT="les" WC="0.99" CC="100"/>
						<SP ID="P113_SP00169" HPOS="504" VPOS="2926" WIDTH="342"/>
						<String ID="P113_ST00206" HPOS="846" VPOS="2881" WIDTH="45" HEIGHT="33" CONTENT="et" WC="0.81" CC="03"/>
						<SP ID="P113_SP00170" HPOS="891" VPOS="2926" WIDTH="26"/>
						<String ID="P113_ST00207" HPOS="917" VPOS="2869" WIDTH="40" HEIGHT="45" CONTENT="le" WC="1.00" CC="00"/>
						<SP ID="P113_SP00171" HPOS="957" VPOS="2926" WIDTH="41"/>
						<String ID="P113_ST00208" HPOS="998" VPOS="2872" WIDTH="148" HEIGHT="43" CONTENT="vernis" WC="1.00" CC="000030"/>
					</TextLine>
					<TextLine ID="P113_TL00036" HPOS="31" VPOS="2932" WIDTH="1112" HEIGHT="64">
						<String ID="P113_ST00209" HPOS="31" VPOS="2932" WIDTH="219" HEIGHT="47" CONTENT="excellente" WC="0.99" CC="8720640002"/>
						<SP ID="P113_SP00172" HPOS="250" VPOS="2979" WIDTH="27"/>
						<String ID="P113_ST00210" HPOS="277" VPOS="2936" WIDTH="186" HEIGHT="60" CONTENT="qualité," WC="0.99" CC="00040454"/>
						<SP ID="P113_SP00173" HPOS="463" VPOS="2996" WIDTH="28"/>
						<String ID="P113_ST00211" HPOS="491" VPOS="2936" WIDTH="42" HEIGHT="45" CONTENT="la" WC="0.99" CC="00"/>
						<SP ID="P113_SP00174" HPOS="533" VPOS="2996" WIDTH="25"/>
						<String ID="P113_ST00212" HPOS="558" VPOS="2938" WIDTH="125" HEIGHT="44" CONTENT="main" WC="0.99" CC="0030"/>
						<SP ID="P113_SP00175" HPOS="683" VPOS="2996" WIDTH="23"/>
						<String ID="P113_ST00213" HPOS="706" VPOS="2938" WIDTH="204" HEIGHT="45" CONTENT="d'œuvre" WC="0.94" CC="0400000"/>
						<SP ID="P113_SP00176" HPOS="910" VPOS="2996" WIDTH="28"/>
						<String ID="P113_ST00214" HPOS="938" VPOS="2938" WIDTH="205" HEIGHT="46" CONTENT="délicate." WC="0.99" CC="065000013"/>
					</TextLine>
					<TextLine ID="P113_TL00037" HPOS="36" VPOS="3001" WIDTH="1107" HEIGHT="67">
						<String ID="P113_ST00215" HPOS="36" VPOS="3011" WIDTH="39" HEIGHT="30" CONTENT="•*n" WC="0.28" CC="578"/>
						<SP ID="P113_SP00177" HPOS="75" VPOS="3041" WIDTH="24"/>
						<String ID="P113_ST00216" HPOS="99" VPOS="3001" WIDTH="198" HEIGHT="47" CONTENT="Kubelik" WC="0.90" CC="3000030"/>
						<SP ID="P113_SP00178" HPOS="297" VPOS="3048" WIDTH="27"/>
						<String ID="P113_ST00217" HPOS="324" VPOS="3016" WIDTH="129" HEIGHT="33" CONTENT="entra" WC="0.99" CC="00500"/>
						<SP ID="P113_SP00179" HPOS="453" VPOS="3049" WIDTH="26"/>
						<String ID="P113_ST00218" HPOS="479" VPOS="3022" WIDTH="56" HEIGHT="27" CONTENT="en" WC="1.00" CC="00"/>
						<SP ID="P113_SP00180" HPOS="535" VPOS="3049" WIDTH="27"/>
						<String ID="P113_ST00219" HPOS="562" VPOS="3022" WIDTH="47" HEIGHT="28" CONTENT="sa" WC="1.00" CC="00"/>
						<SP ID="P113_SP00181" HPOS="609" VPOS="3050" WIDTH="26"/>
						<String ID="P113_ST00220" HPOS="635" VPOS="3008" WIDTH="246" HEIGHT="57" CONTENT="possession" WC="1.00" CC="0000000200"/>
						<SP ID="P113_SP00182" HPOS="881" VPOS="3065" WIDTH="29"/>
						<String ID="P113_ST00221" HPOS="910" VPOS="3023" WIDTH="56" HEIGHT="28" CONTENT="en" WC="1.00" CC="00"/>
						<SP ID="P113_SP00183" HPOS="966" VPOS="3065" WIDTH="34"/>
						<String ID="P113_ST00222" HPOS="1000" VPOS="3007" WIDTH="143" HEIGHT="61" CONTENT="1895," WC="0.70" CC="45004"/>
					</TextLine>
					<TextLine ID="P113_TL00038" HPOS="52" VPOS="3074" WIDTH="1095" HEIGHT="58">
						<String ID="P113_ST00223" HPOS="52" VPOS="3081" WIDTH="98" HEIGHT="47" CONTENT="joua," WC="0.96" CC="37454"/>
						<SP ID="P113_SP00184" HPOS="150" VPOS="3128" WIDTH="39"/>
						<String ID="P113_ST00224" HPOS="189" VPOS="3089" WIDTH="100" HEIGHT="28" CONTENT="sans" WC="1.00" CC="0000"/>
						<SP ID="P113_SP00185" HPOS="289" VPOS="3128" WIDTH="43"/>
						<String ID="P113_ST00225" HPOS="332" VPOS="3074" WIDTH="305" HEIGHT="58" CONTENT="interruption" WC="1.00" CC="200000000300"/>
						<SP ID="P113_SP00186" HPOS="637" VPOS="3132" WIDTH="47"/>
						<String ID="P113_ST00226" HPOS="684" VPOS="3075" WIDTH="108" HEIGHT="45" CONTENT="dans" WC="1.00" CC="0000"/>
						<SP ID="P113_SP00187" HPOS="792" VPOS="3132" WIDTH="42"/>
						<String ID="P113_ST00227" HPOS="834" VPOS="3093" WIDTH="67" HEIGHT="27" CONTENT="ses" WC="1.00" CC="000"/>
						<SP ID="P113_SP00188" HPOS="901" VPOS="3132" WIDTH="38"/>
						<String ID="P113_ST00228" HPOS="939" VPOS="3089" WIDTH="208" HEIGHT="32" CONTENT="concerts" WC="1.00" CC="00000040"/>
					</TextLine>
					<TextLine ID="P113_TL00039" HPOS="31" VPOS="3135" WIDTH="1114" HEIGHT="57">
						<String ID="P113_ST00229" HPOS="31" VPOS="3135" WIDTH="126" HEIGHT="57" CONTENT="%'au" WC="0.35" CC="9465"/>
						<SP ID="P113_SP00189" HPOS="157" VPOS="3192" WIDTH="25"/>
						<String ID="P113_ST00230" HPOS="182" VPOS="3154" WIDTH="406" HEIGHT="33" CONTENT="commencement" WC="1.00" CC="000000000000"/>
						<SP ID="P113_SP00190" HPOS="588" VPOS="3192" WIDTH="28"/>
						<String ID="P113_ST00231" HPOS="616" VPOS="3143" WIDTH="54" HEIGHT="43" CONTENT="de" WC="1.00" CC="00"/>
						<SP ID="P113_SP00191" HPOS="670" VPOS="3192" WIDTH="26"/>
						<String ID="P113_ST00232" HPOS="696" VPOS="3155" WIDTH="120" HEIGHT="33" CONTENT="cette" WC="0.99" CC="01060"/>
						<SP ID="P113_SP00192" HPOS="816" VPOS="3192" WIDTH="26"/>
						<String ID="P113_ST00233" HPOS="842" VPOS="3144" WIDTH="163" HEIGHT="45" CONTENT="année." WC="0.99" CC="000603"/>
						<SP ID="P113_SP00193" HPOS="1005" VPOS="3192" WIDTH="23"/>
						<String ID="P113_ST00234" HPOS="1028" VPOS="3145" WIDTH="45" HEIGHT="43" CONTENT="A" WC="1.00" CC="0"/>
						<SP ID="P113_SP00194" HPOS="1073" VPOS="3192" WIDTH="21"/>
						<String ID="P113_ST00235" HPOS="1094" VPOS="3162" WIDTH="51" HEIGHT="27" CONTENT="ce" WC="0.89" CC="02"/>
					</TextLine>
					<TextLine ID="P113_TL00040" HPOS="44" VPOS="3209" WIDTH="1102" HEIGHT="58">
						<String ID="P113_ST00236" HPOS="44" VPOS="3220" WIDTH="6" HEIGHT="21" CONTENT="j" STYLE="superscript" WC="0.24" CC="7"/>
						<String ID="P113_ST00237" HPOS="54" VPOS="3218" WIDTH="119" HEIGHT="47" CONTENT="ment," WC="0.61" CC="80604"/>
						<SP ID="P113_SP00195" HPOS="173" VPOS="3265" WIDTH="29"/>
						<String ID="P113_ST00238" HPOS="202" VPOS="3209" WIDTH="29" HEIGHT="44" CONTENT="il" WC="0.60" CC="43"/>
						<SP ID="P113_SP00196" HPOS="231" VPOS="3265" WIDTH="44"/>
						<String ID="P113_ST00239" HPOS="275" VPOS="3223" WIDTH="129" HEIGHT="44" CONTENT="reçut" WC="1.00" CC="00000"/>
						<SP ID="P113_SP00197" HPOS="404" VPOS="3267" WIDTH="44"/>
						<String ID="P113_ST00240" HPOS="448" VPOS="3227" WIDTH="58" HEIGHT="27" CONTENT="en" WC="1.00" CC="00"/>
						<SP ID="P113_SP00198" HPOS="506" VPOS="3267" WIDTH="42"/>
						<String ID="P113_ST00241" HPOS="548" VPOS="3211" WIDTH="169" HEIGHT="44" CONTENT="cadeau" WC="1.00" CC="000000"/>
						<SP ID="P113_SP00199" HPOS="717" VPOS="3267" WIDTH="40"/>
						<String ID="P113_ST00242" HPOS="757" VPOS="3229" WIDTH="64" HEIGHT="27" CONTENT="un" WC="1.00" CC="00"/>
						<SP ID="P113_SP00200" HPOS="821" VPOS="3267" WIDTH="29"/>
						<String ID="P113_ST00243" HPOS="850" VPOS="3213" WIDTH="296" HEIGHT="45" CONTENT="Stradivarius" WC="1.00" CC="001000000600"/>
					</TextLine>
					<TextLine ID="P113_TL00041" HPOS="35" VPOS="3277" WIDTH="1111" HEIGHT="62">
						<String ID="P113_ST00244" HPOS="35" VPOS="3279" WIDTH="74" HEIGHT="37" CONTENT="ttant" WC="0.36" CC="77880"/>
						<SP ID="P113_SP00201" HPOS="109" VPOS="3316" WIDTH="37"/>
						<String ID="P113_ST00245" HPOS="146" VPOS="3277" WIDTH="52" HEIGHT="44" CONTENT="de" WC="1.00" CC="00"/>
						<SP ID="P113_SP00202" HPOS="198" VPOS="3321" WIDTH="27"/>
						<String ID="P113_ST00246" HPOS="225" VPOS="3277" WIDTH="112" HEIGHT="60" CONTENT="l'âge" WC="0.98" CC="04080"/>
						<SP ID="P113_SP00203" HPOS="337" VPOS="3337" WIDTH="39"/>
						<String ID="P113_ST00247" HPOS="376" VPOS="3277" WIDTH="97" HEIGHT="46" CONTENT="d'or" WC="0.99" CC="0410"/>
						<SP ID="P113_SP00204" HPOS="473" VPOS="3337" WIDTH="28"/>
						<String ID="P113_ST00248" HPOS="501" VPOS="3279" WIDTH="60" HEIGHT="44" CONTENT="du" WC="1.00" CC="00"/>
						<SP ID="P113_SP00205" HPOS="561" VPOS="3337" WIDTH="44"/>
						<String ID="P113_ST00249" HPOS="605" VPOS="3279" WIDTH="175" HEIGHT="45" CONTENT="célèbre" WC="0.99" CC="0506100"/>
						<SP ID="P113_SP00206" HPOS="780" VPOS="3337" WIDTH="41"/>
						<String ID="P113_ST00250" HPOS="821" VPOS="3281" WIDTH="184" HEIGHT="58" CONTENT="luthier," WC="0.99" CC="00605004"/>
						<SP ID="P113_SP00207" HPOS="1005" VPOS="3339" WIDTH="40"/>
						<String ID="P113_ST00251" HPOS="1045" VPOS="3298" WIDTH="101" HEIGHT="28" CONTENT="sous" WC="1.00" CC="0100"/>
					</TextLine>
					<TextLine ID="P113_TL00042" HPOS="36" VPOS="3338" WIDTH="1108" HEIGHT="67">
						<String ID="P113_ST00252" HPOS="36" VPOS="3338" WIDTH="148" HEIGHT="51" CONTENT="édition" WC="0.98" CC="8930030"/>
						<SP ID="P113_SP00208" HPOS="184" VPOS="3389" WIDTH="40"/>
						<String ID="P113_ST00253" HPOS="224" VPOS="3364" WIDTH="204" HEIGHT="41" CONTENT="expresse" WC="1.00" CC="00000001"/>
						<SP ID="P113_SP00209" HPOS="428" VPOS="3405" WIDTH="27"/>
						<String ID="P113_ST00254" HPOS="455" VPOS="3348" WIDTH="53" HEIGHT="43" CONTENT="de" WC="1.00" CC="00"/>
						<SP ID="P113_SP00210" HPOS="508" VPOS="3405" WIDTH="26"/>
						<String ID="P113_ST00255" HPOS="534" VPOS="3347" WIDTH="94" HEIGHT="45" CONTENT="s'en" WC="0.99" CC="0400"/>
						<SP ID="P113_SP00211" HPOS="628" VPOS="3405" WIDTH="34"/>
						<String ID="P113_ST00256" HPOS="662" VPOS="3350" WIDTH="137" HEIGHT="42" CONTENT="servir" WC="1.00" CC="000030"/>
						<SP ID="P113_SP00212" HPOS="799" VPOS="3405" WIDTH="26"/>
						<String ID="P113_ST00257" HPOS="825" VPOS="3350" WIDTH="24" HEIGHT="43" CONTENT="à" WC="1.00" CC="0"/>
						<SP ID="P113_SP00213" HPOS="849" VPOS="3405" WIDTH="26"/>
						<String ID="P113_ST00258" HPOS="875" VPOS="3349" WIDTH="269" HEIGHT="45" CONTENT="l'exclusion" WC="1.00" CC="24200000300"/>
					</TextLine>
					<TextLine ID="P113_TL00043" HPOS="63" VPOS="3415" WIDTH="1081" HEIGHT="61">
						<String ID="P113_ST00259" HPOS="63" VPOS="3418" WIDTH="83" HEIGHT="37" CONTENT="tout" WC="0.96" CC="7440"/>
						<SP ID="P113_SP00214" HPOS="146" VPOS="3455" WIDTH="42"/>
						<String ID="P113_ST00260" HPOS="188" VPOS="3426" WIDTH="141" HEIGHT="34" CONTENT="autre." WC="0.99" CC="000204"/>
						<SP ID="P113_SP00215" HPOS="329" VPOS="3460" WIDTH="52"/>
						<String ID="P113_ST00261" HPOS="381" VPOS="3415" WIDTH="138" HEIGHT="45" CONTENT="Voilà" WC="0.98" CC="14342"/>
						<SP ID="P113_SP00216" HPOS="519" VPOS="3460" WIDTH="50"/>
						<String ID="P113_ST00262" HPOS="569" VPOS="3418" WIDTH="223" HEIGHT="58" CONTENT="pourquoi" WC="1.00" CC="00000002"/>
						<SP ID="P113_SP00217" HPOS="792" VPOS="3476" WIDTH="52"/>
						<String ID="P113_ST00263" HPOS="844" VPOS="3418" WIDTH="208" HEIGHT="44" CONTENT="Kubelik" WC="0.94" CC="0000130"/>
						<SP ID="P113_SP00218" HPOS="1052" VPOS="3476" WIDTH="47"/>
						<String ID="P113_ST00264" HPOS="1099" VPOS="3435" WIDTH="45" HEIGHT="28" CONTENT="se" WC="1.00" CC="00"/>
					</TextLine>
					<TextLine ID="P113_TL00044" HPOS="33" VPOS="3476" WIDTH="1112" HEIGHT="71">
						<String ID="P113_ST00265" HPOS="33" VPOS="3486" WIDTH="18" HEIGHT="27" CONTENT="::" STYLE="superscript" WC="0.18" CC="69"/>
						<String ID="P113_ST00266" HPOS="56" VPOS="3476" WIDTH="52" HEIGHT="45" CONTENT="ida" WC="0.26" CC="885"/>
						<SP ID="P113_SP00219" HPOS="108" VPOS="3521" WIDTH="40"/>
						<String ID="P113_ST00267" HPOS="148" VPOS="3481" WIDTH="22" HEIGHT="43" CONTENT="à" WC="0.63" CC="3"/>
						<SP ID="P113_SP00220" HPOS="170" VPOS="3524" WIDTH="38"/>
						<String ID="P113_ST00268" HPOS="208" VPOS="3484" WIDTH="168" HEIGHT="44" CONTENT="vendre" WC="1.00" CC="003000"/>
						<SP ID="P113_SP00221" HPOS="376" VPOS="3528" WIDTH="38"/>
						<String ID="P113_ST00269" HPOS="414" VPOS="3501" WIDTH="82" HEIGHT="28" CONTENT="son" WC="1.00" CC="000"/>
						<SP ID="P113_SP00222" HPOS="496" VPOS="3529" WIDTH="45"/>
						<String ID="P113_ST00270" HPOS="541" VPOS="3486" WIDTH="162" HEIGHT="42" CONTENT="ancien" WC="0.99" CC="000407"/>
						<SP ID="P113_SP00223" HPOS="703" VPOS="3529" WIDTH="45"/>
						<String ID="P113_ST00271" HPOS="748" VPOS="3502" WIDTH="291" HEIGHT="45" CONTENT="compagnon" WC="1.00" CC="020000000"/>
						<SP ID="P113_SP00224" HPOS="1039" VPOS="3547" WIDTH="52"/>
						<String ID="P113_ST00272" HPOS="1091" VPOS="3487" WIDTH="54" HEIGHT="44" CONTENT="de" WC="0.99" CC="00"/>
					</TextLine>
					<TextLine ID="P113_TL00045" HPOS="38" VPOS="3541" WIDTH="68" HEIGHT="50">
						<String ID="P113_ST00273" HPOS="38" VPOS="3541" WIDTH="68" HEIGHT="50" CONTENT="oire." WC="0.59" CC="83106"/>
					</TextLine>
					<TextLine ID="P113_TL00046" HPOS="46" VPOS="3607" WIDTH="1099" HEIGHT="72">
						<String ID="P113_ST00274" HPOS="46" VPOS="3607" WIDTH="44" HEIGHT="49" CONTENT="Le" WC="0.41" CC="47"/>
						<SP ID="P113_SP00225" HPOS="90" VPOS="3656" WIDTH="25"/>
						<String ID="P113_ST00275" HPOS="115" VPOS="3615" WIDTH="282" HEIGHT="50" CONTENT="Guarnerius" WC="0.92" CC="0000001500"/>
						<SP ID="P113_SP00226" HPOS="397" VPOS="3665" WIDTH="26"/>
						<String ID="P113_ST00276" HPOS="423" VPOS="3621" WIDTH="53" HEIGHT="44" CONTENT="de" WC="0.95" CC="00"/>
						<SP ID="P113_SP00227" HPOS="476" VPOS="3665" WIDTH="27"/>
						<String ID="P113_ST00277" HPOS="503" VPOS="3621" WIDTH="209" HEIGHT="58" CONTENT="Lipinski" WC="0.84" CC="00040006"/>
						<SP ID="P113_SP00228" HPOS="712" VPOS="3679" WIDTH="29"/>
						<String ID="P113_ST00278" HPOS="741" VPOS="3635" WIDTH="63" HEIGHT="32" CONTENT="est" WC="1.00" CC="000"/>
						<SP ID="P113_SP00229" HPOS="804" VPOS="3679" WIDTH="28"/>
						<String ID="P113_ST00279" HPOS="832" VPOS="3622" WIDTH="313" HEIGHT="46" CONTENT="l'instrument" WC="1.00" CC="245001000000"/>
					</TextLine>
					<TextLine ID="P113_TL00047" HPOS="40" VPOS="3681" WIDTH="1105" HEIGHT="69">
						<String ID="P113_ST00280" HPOS="40" VPOS="3691" WIDTH="28" HEIGHT="30" CONTENT="ec" STYLE="superscript" WC="0.54" CC="44"/>
						<SP ID="P113_SP00230" HPOS="68" VPOS="3721" WIDTH="21"/>
						<String ID="P113_ST00281" HPOS="89" VPOS="3681" WIDTH="140" HEIGHT="63" CONTENT="lequel" WC="1.00" CC="010003"/>
						<SP ID="P113_SP00231" HPOS="229" VPOS="3744" WIDTH="22"/>
						<String ID="P113_ST00282" HPOS="251" VPOS="3688" WIDTH="39" HEIGHT="44" CONTENT="le" WC="0.95" CC="00"/>
						<SP ID="P113_SP00232" HPOS="290" VPOS="3744" WIDTH="27"/>
						<String ID="P113_ST00283" HPOS="317" VPOS="3690" WIDTH="142" HEIGHT="59" CONTENT="grand" WC="1.00" CC="00000"/>
						<SP ID="P113_SP00233" HPOS="459" VPOS="3749" WIDTH="18"/>
						<String ID="P113_ST00284" HPOS="477" VPOS="3691" WIDTH="197" HEIGHT="43" CONTENT="virtuose" WC="1.00" CC="01040003"/>
						<SP ID="P113_SP00234" HPOS="674" VPOS="3749" WIDTH="19"/>
						<String ID="P113_ST00285" HPOS="693" VPOS="3690" WIDTH="51" HEIGHT="43" CONTENT="fit" WC="0.99" CC="110"/>
						<SP ID="P113_SP00235" HPOS="744" VPOS="3749" WIDTH="22"/>
						<String ID="P113_ST00286" HPOS="766" VPOS="3708" WIDTH="66" HEIGHT="27" CONTENT="ses" WC="1.00" CC="000"/>
						<SP ID="P113_SP00236" HPOS="832" VPOS="3749" WIDTH="18"/>
						<String ID="P113_ST00287" HPOS="850" VPOS="3691" WIDTH="295" HEIGHT="59" CONTENT="triomphales" WC="1.00" CC="02000000300"/>
					</TextLine>
				</TextBlock>
				<TextBlock ID="P113_TB00004" HPOS="1222" VPOS="466" WIDTH="1213" HEIGHT="3290" STYLEREFS="TXT_1 PAR_BLOCK">
					<TextLine ID="P113_TL00048" HPOS="1240" VPOS="466" WIDTH="1194" HEIGHT="74">
						<String ID="P113_ST00288" HPOS="1240" VPOS="466" WIDTH="213" HEIGHT="45" CONTENT="tournées" WC="0.99" CC="40000600"/>
						<SP ID="P113_SP00237" HPOS="1453" VPOS="511" WIDTH="26"/>
						<String ID="P113_ST00289" HPOS="1479" VPOS="469" WIDTH="54" HEIGHT="43" CONTENT="de" WC="1.00" CC="00"/>
						<SP ID="P113_SP00238" HPOS="1533" VPOS="512" WIDTH="27"/>
						<String ID="P113_ST00290" HPOS="1560" VPOS="483" WIDTH="221" HEIGHT="33" CONTENT="concerts." WC="1.00" CC="000000004"/>
						<SP ID="P113_SP00239" HPOS="1781" VPOS="516" WIDTH="23"/>
						<String ID="P113_ST00291" HPOS="1804" VPOS="472" WIDTH="122" HEIGHT="46" CONTENT="Daté" WC="0.96" CC="1806"/>
						<SP ID="P113_SP00240" HPOS="1926" VPOS="518" WIDTH="28"/>
						<String ID="P113_ST00292" HPOS="1954" VPOS="476" WIDTH="54" HEIGHT="43" CONTENT="de" WC="1.00" CC="00"/>
						<SP ID="P113_SP00241" HPOS="2008" VPOS="519" WIDTH="33"/>
						<String ID="P113_ST00293" HPOS="2041" VPOS="489" WIDTH="142" HEIGHT="48" CONTENT="1737," WC="0.66" CC="40704"/>
						<SP ID="P113_SP00242" HPOS="2183" VPOS="537" WIDTH="30"/>
						<String ID="P113_ST00294" HPOS="2213" VPOS="479" WIDTH="53" HEIGHT="44" CONTENT="de" WC="1.00" CC="00"/>
						<SP ID="P113_SP00243" HPOS="2266" VPOS="537" WIDTH="27"/>
						<String ID="P113_ST00295" HPOS="2293" VPOS="483" WIDTH="141" HEIGHT="57" CONTENT="grand" WC="1.00" CC="00000"/>
					</TextLine>
					<TextLine ID="P113_TL00049" HPOS="1240" VPOS="536" WIDTH="1195" HEIGHT="72">
						<String ID="P113_ST00296" HPOS="1240" VPOS="546" WIDTH="176" HEIGHT="47" CONTENT="patron," WC="0.99" CC="0050004"/>
						<SP ID="P113_SP00244" HPOS="1416" VPOS="593" WIDTH="21"/>
						<String ID="P113_ST00297" HPOS="1437" VPOS="536" WIDTH="27" HEIGHT="43" CONTENT="il" WC="0.75" CC="40"/>
						<SP ID="P113_SP00245" HPOS="1464" VPOS="593" WIDTH="22"/>
						<String ID="P113_ST00298" HPOS="1486" VPOS="550" WIDTH="65" HEIGHT="31" CONTENT="est" WC="0.98" CC="006"/>
						<SP ID="P113_SP00246" HPOS="1551" VPOS="593" WIDTH="18"/>
						<String ID="P113_ST00299" HPOS="1569" VPOS="538" WIDTH="40" HEIGHT="45" CONTENT="le" WC="0.91" CC="10"/>
						<SP ID="P113_SP00247" HPOS="1609" VPOS="593" WIDTH="28"/>
						<String ID="P113_ST00300" HPOS="1637" VPOS="541" WIDTH="202" HEIGHT="57" CONTENT="pendant" WC="1.00" CC="0200050"/>
						<SP ID="P113_SP00248" HPOS="1839" VPOS="598" WIDTH="19"/>
						<String ID="P113_ST00301" HPOS="1858" VPOS="543" WIDTH="60" HEIGHT="43" CONTENT="du" WC="1.00" CC="00"/>
						<SP ID="P113_SP00249" HPOS="1918" VPOS="598" WIDTH="28"/>
						<String ID="P113_ST00302" HPOS="1946" VPOS="543" WIDTH="236" HEIGHT="62" CONTENT="Paganini," WC="0.68" CC="500705054"/>
						<SP ID="P113_SP00250" HPOS="2182" VPOS="605" WIDTH="29"/>
						<String ID="P113_ST00303" HPOS="2211" VPOS="550" WIDTH="224" HEIGHT="58" CONTENT="propriété" WC="1.00" CC="000001506"/>
					</TextLine>
					<TextLine ID="P113_TL00050" HPOS="1239" VPOS="602" WIDTH="1195" HEIGHT="75">
						<String ID="P113_ST00304" HPOS="1239" VPOS="603" WIDTH="54" HEIGHT="43" CONTENT="de" WC="0.93" CC="01"/>
						<SP ID="P113_SP00251" HPOS="1293" VPOS="646" WIDTH="20"/>
						<String ID="P113_ST00305" HPOS="1313" VPOS="602" WIDTH="42" HEIGHT="45" CONTENT="la" WC="0.84" CC="30"/>
						<SP ID="P113_SP00252" HPOS="1355" VPOS="647" WIDTH="17"/>
						<String ID="P113_ST00306" HPOS="1372" VPOS="605" WIDTH="103" HEIGHT="44" CONTENT="ville" WC="0.99" CC="05400"/>
						<SP ID="P113_SP00253" HPOS="1475" VPOS="649" WIDTH="19"/>
						<String ID="P113_ST00307" HPOS="1494" VPOS="605" WIDTH="53" HEIGHT="45" CONTENT="de" WC="1.00" CC="00"/>
						<SP ID="P113_SP00254" HPOS="1547" VPOS="650" WIDTH="20"/>
						<String ID="P113_ST00308" HPOS="1567" VPOS="606" WIDTH="170" HEIGHT="48" CONTENT="Gênes." WC="0.99" CC="060003"/>
						<SP ID="P113_SP00255" HPOS="1737" VPOS="654" WIDTH="30"/>
						<String ID="P113_ST00309" HPOS="1767" VPOS="610" WIDTH="146" HEIGHT="59" CONTENT="Après" WC="0.98" CC="00570"/>
						<SP ID="P113_SP00256" HPOS="1913" VPOS="669" WIDTH="27"/>
						<String ID="P113_ST00310" HPOS="1940" VPOS="611" WIDTH="40" HEIGHT="44" CONTENT="la" WC="1.00" CC="00"/>
						<SP ID="P113_SP00257" HPOS="1980" VPOS="669" WIDTH="27"/>
						<String ID="P113_ST00311" HPOS="2007" VPOS="626" WIDTH="120" HEIGHT="32" CONTENT="mort" WC="0.99" CC="0004"/>
						<SP ID="P113_SP00258" HPOS="2127" VPOS="669" WIDTH="18"/>
						<String ID="P113_ST00312" HPOS="2145" VPOS="616" WIDTH="54" HEIGHT="43" CONTENT="de" WC="1.00" CC="00"/>
						<SP ID="P113_SP00259" HPOS="2199" VPOS="669" WIDTH="27"/>
						<String ID="P113_ST00313" HPOS="2226" VPOS="616" WIDTH="208" HEIGHT="61" CONTENT="Lipinski" WC="0.87" CC="05000004"/>
					</TextLine>
					<TextLine ID="P113_TL00051" HPOS="1239" VPOS="670" WIDTH="1195" HEIGHT="71">
						<String ID="P113_ST00314" HPOS="1239" VPOS="670" WIDTH="280" HEIGHT="60" CONTENT="(Décembre" WC="0.99" CC="026360020"/>
						<SP ID="P113_SP00260" HPOS="1519" VPOS="730" WIDTH="34"/>
						<String ID="P113_ST00315" HPOS="1553" VPOS="675" WIDTH="159" HEIGHT="61" CONTENT="1861)," WC="0.84" CC="301004"/>
						<SP ID="P113_SP00261" HPOS="1712" VPOS="736" WIDTH="31"/>
						<String ID="P113_ST00316" HPOS="1743" VPOS="677" WIDTH="26" HEIGHT="44" CONTENT="il" WC="0.70" CC="22"/>
						<SP ID="P113_SP00262" HPOS="1769" VPOS="736" WIDTH="28"/>
						<String ID="P113_ST00317" HPOS="1797" VPOS="690" WIDTH="115" HEIGHT="33" CONTENT="resta" WC="1.00" CC="00000"/>
						<SP ID="P113_SP00263" HPOS="1912" VPOS="736" WIDTH="27"/>
						<String ID="P113_ST00318" HPOS="1939" VPOS="697" WIDTH="56" HEIGHT="27" CONTENT="en" WC="1.00" CC="00"/>
						<SP ID="P113_SP00264" HPOS="1995" VPOS="736" WIDTH="42"/>
						<String ID="P113_ST00319" HPOS="2037" VPOS="686" WIDTH="244" HEIGHT="55" CONTENT="possession" WC="0.99" CC="0000000557"/>
						<SP ID="P113_SP00265" HPOS="2281" VPOS="741" WIDTH="43"/>
						<String ID="P113_ST00320" HPOS="2324" VPOS="687" WIDTH="110" HEIGHT="45" CONTENT="d'un" WC="0.99" CC="0400"/>
					</TextLine>
					<TextLine ID="P113_TL00052" HPOS="1237" VPOS="744" WIDTH="1198" HEIGHT="71">
						<String ID="P113_ST00321" HPOS="1237" VPOS="753" WIDTH="205" HEIGHT="32" CONTENT="amateur" WC="1.00" CC="0007000"/>
						<SP ID="P113_SP00266" HPOS="1442" VPOS="785" WIDTH="40"/>
						<String ID="P113_ST00322" HPOS="1482" VPOS="744" WIDTH="77" HEIGHT="58" CONTENT="qui" WC="0.98" CC="004"/>
						<SP ID="P113_SP00267" HPOS="1559" VPOS="802" WIDTH="46"/>
						<String ID="P113_ST00323" HPOS="1605" VPOS="744" WIDTH="40" HEIGHT="44" CONTENT="le" WC="1.00" CC="00"/>
						<SP ID="P113_SP00268" HPOS="1645" VPOS="802" WIDTH="40"/>
						<String ID="P113_ST00324" HPOS="1685" VPOS="747" WIDTH="156" HEIGHT="44" CONTENT="vendit" WC="1.00" CC="000000"/>
						<SP ID="P113_SP00269" HPOS="1841" VPOS="802" WIDTH="41"/>
						<String ID="P113_ST00325" HPOS="1882" VPOS="765" WIDTH="56" HEIGHT="26" CONTENT="en" WC="0.97" CC="00"/>
						<SP ID="P113_SP00270" HPOS="1938" VPOS="802" WIDTH="48"/>
						<String ID="P113_ST00326" HPOS="1986" VPOS="750" WIDTH="123" HEIGHT="61" CONTENT="1875" WC="0.92" CC="3000"/>
						<SP ID="P113_SP00271" HPOS="2109" VPOS="811" WIDTH="48"/>
						<String ID="P113_ST00327" HPOS="2157" VPOS="753" WIDTH="24" HEIGHT="44" CONTENT="à" WC="1.00" CC="0"/>
						<SP ID="P113_SP00272" HPOS="2181" VPOS="811" WIDTH="42"/>
						<String ID="P113_ST00328" HPOS="2223" VPOS="755" WIDTH="212" HEIGHT="60" CONTENT="Auguste" WC="1.00" CC="0000031"/>
					</TextLine>
					<TextLine ID="P113_TL00053" HPOS="1238" VPOS="808" WIDTH="1196" HEIGHT="77">
						<String ID="P113_ST00329" HPOS="1238" VPOS="808" WIDTH="277" HEIGHT="64" CONTENT="Wilhelmy." WC="0.85" CC="010011304"/>
						<SP ID="P113_SP00273" HPOS="1515" VPOS="872" WIDTH="29"/>
						<String ID="P113_ST00330" HPOS="1544" VPOS="812" WIDTH="270" HEIGHT="47" CONTENT="L'éminent" WC="0.83" CC="045005000"/>
						<SP ID="P113_SP00274" HPOS="1814" VPOS="872" WIDTH="27"/>
						<String ID="P113_ST00331" HPOS="1841" VPOS="816" WIDTH="238" HEIGHT="47" CONTENT="violoniste" WC="1.00" CC="0030005001"/>
						<SP ID="P113_SP00275" HPOS="2079" VPOS="872" WIDTH="29"/>
						<String ID="P113_ST00332" HPOS="2108" VPOS="819" WIDTH="39" HEIGHT="45" CONTENT="le" WC="1.00" CC="00"/>
						<SP ID="P113_SP00276" HPOS="2147" VPOS="872" WIDTH="23"/>
						<String ID="P113_ST00333" HPOS="2170" VPOS="822" WIDTH="109" HEIGHT="60" CONTENT="joua" WC="1.00" CC="0000"/>
						<SP ID="P113_SP00277" HPOS="2279" VPOS="882" WIDTH="26"/>
						<String ID="P113_ST00334" HPOS="2305" VPOS="823" WIDTH="104" HEIGHT="62" CONTENT="long" SUBS_TYPE="HypPart1" SUBS_CONTENT="longtemps" WC="0.99" CC="3000"/>
						<HYP HPOS="2409" VPOS="823" WIDTH="25" CONTENT="-"/>
					</TextLine>
					<TextLine ID="P113_TL00054" HPOS="1237" VPOS="879" WIDTH="1198" HEIGHT="73">
						<String ID="P113_ST00335" HPOS="1237" VPOS="887" WIDTH="147" HEIGHT="49" CONTENT="temps" SUBS_TYPE="HypPart2" SUBS_CONTENT="longtemps" WC="1.00" CC="00000"/>
						<SP ID="P113_SP00278" HPOS="1384" VPOS="936" WIDTH="27"/>
						<String ID="P113_ST00336" HPOS="1411" VPOS="879" WIDTH="108" HEIGHT="45" CONTENT="dans" WC="1.00" CC="0000"/>
						<SP ID="P113_SP00279" HPOS="1519" VPOS="936" WIDTH="26"/>
						<String ID="P113_ST00337" HPOS="1545" VPOS="897" WIDTH="65" HEIGHT="28" CONTENT="ses" WC="1.00" CC="000"/>
						<SP ID="P113_SP00280" HPOS="1610" VPOS="936" WIDTH="26"/>
						<String ID="P113_ST00338" HPOS="1636" VPOS="895" WIDTH="222" HEIGHT="47" CONTENT="concerts," WC="1.00" CC="000000004"/>
						<SP ID="P113_SP00281" HPOS="1858" VPOS="942" WIDTH="30"/>
						<String ID="P113_ST00339" HPOS="1888" VPOS="898" WIDTH="43" HEIGHT="31" CONTENT="et" WC="0.89" CC="20"/>
						<SP ID="P113_SP00282" HPOS="1931" VPOS="942" WIDTH="45"/>
						<String ID="P113_ST00340" HPOS="1976" VPOS="886" WIDTH="39" HEIGHT="45" CONTENT="le" WC="1.00" CC="00"/>
						<SP ID="P113_SP00283" HPOS="2015" VPOS="942" WIDTH="28"/>
						<String ID="P113_ST00341" HPOS="2043" VPOS="889" WIDTH="111" HEIGHT="44" CONTENT="céda" WC="0.99" CC="0500"/>
						<SP ID="P113_SP00284" HPOS="2154" VPOS="942" WIDTH="25"/>
						<String ID="P113_ST00342" HPOS="2179" VPOS="908" WIDTH="63" HEIGHT="26" CONTENT="un" WC="0.67" CC="06"/>
						<SP ID="P113_SP00285" HPOS="2242" VPOS="942" WIDTH="39"/>
						<String ID="P113_ST00343" HPOS="2281" VPOS="892" WIDTH="104" HEIGHT="60" CONTENT="jour" WC="1.00" CC="0000"/>
						<SP ID="P113_SP00286" HPOS="2385" VPOS="952" WIDTH="26"/>
						<String ID="P113_ST00344" HPOS="2411" VPOS="894" WIDTH="24" HEIGHT="44" CONTENT="à" WC="1.00" CC="0"/>
					</TextLine>
					<TextLine ID="P113_TL00055" HPOS="1236" VPOS="951" WIDTH="1198" HEIGHT="55">
						<String ID="P113_ST00345" HPOS="1236" VPOS="962" WIDTH="63" HEIGHT="27" CONTENT="un" WC="1.00" CC="00"/>
						<SP ID="P113_SP00287" HPOS="1299" VPOS="989" WIDTH="44"/>
						<String ID="P113_ST00346" HPOS="1343" VPOS="959" WIDTH="205" HEIGHT="34" CONTENT="amateur" WC="1.00" CC="0004300"/>
						<SP ID="P113_SP00288" HPOS="1548" VPOS="993" WIDTH="41"/>
						<String ID="P113_ST00347" HPOS="1589" VPOS="967" WIDTH="56" HEIGHT="27" CONTENT="en" WC="1.00" CC="00"/>
						<SP ID="P113_SP00289" HPOS="1645" VPOS="994" WIDTH="42"/>
						<String ID="P113_ST00348" HPOS="1687" VPOS="951" WIDTH="180" HEIGHT="47" CONTENT="Ecosse." WC="0.99" CC="5010004"/>
						<SP ID="P113_SP00290" HPOS="1867" VPOS="998" WIDTH="32"/>
						<String ID="P113_ST00349" HPOS="1899" VPOS="953" WIDTH="126" HEIGHT="47" CONTENT="C'est" WC="0.99" CC="04000"/>
						<SP ID="P113_SP00291" HPOS="2025" VPOS="1000" WIDTH="42"/>
						<String ID="P113_ST00350" HPOS="2067" VPOS="957" WIDTH="54" HEIGHT="43" CONTENT="de" WC="1.00" CC="00"/>
						<SP ID="P113_SP00292" HPOS="2121" VPOS="1000" WIDTH="44"/>
						<String ID="P113_ST00351" HPOS="2165" VPOS="975" WIDTH="50" HEIGHT="27" CONTENT="ce" WC="0.86" CC="02"/>
						<SP ID="P113_SP00293" HPOS="2215" VPOS="1002" WIDTH="41"/>
						<String ID="P113_ST00352" HPOS="2256" VPOS="960" WIDTH="178" HEIGHT="46" CONTENT="dernier" WC="1.00" CC="0000600"/>
					</TextLine>
					<TextLine ID="P113_TL00056" HPOS="1235" VPOS="1015" WIDTH="1197" HEIGHT="61">
						<String ID="P113_ST00353" HPOS="1235" VPOS="1031" WIDTH="88" HEIGHT="42" CONTENT="que" WC="0.96" CC="036"/>
						<SP ID="P113_SP00294" HPOS="1323" VPOS="1073" WIDTH="42"/>
						<String ID="P113_ST00354" HPOS="1365" VPOS="1015" WIDTH="40" HEIGHT="44" CONTENT="le" WC="0.96" CC="00"/>
						<SP ID="P113_SP00295" HPOS="1405" VPOS="1073" WIDTH="28"/>
						<String ID="P113_ST00355" HPOS="1433" VPOS="1017" WIDTH="173" HEIGHT="45" CONTENT="détient" WC="0.99" CC="0600600"/>
						<SP ID="P113_SP00296" HPOS="1606" VPOS="1073" WIDTH="26"/>
						<String ID="P113_ST00356" HPOS="1632" VPOS="1018" WIDTH="269" HEIGHT="48" CONTENT="finalement" WC="0.99" CC="3300560000"/>
						<SP ID="P113_SP00297" HPOS="1901" VPOS="1073" WIDTH="41"/>
						<String ID="P113_ST00357" HPOS="1942" VPOS="1023" WIDTH="41" HEIGHT="43" CONTENT="la" WC="0.30" CC="49"/>
						<SP ID="P113_SP00298" HPOS="1983" VPOS="1073" WIDTH="27"/>
						<String ID="P113_ST00358" HPOS="2010" VPOS="1026" WIDTH="173" HEIGHT="44" CONTENT="maison" WC="0.99" CC="001008"/>
						<SP ID="P113_SP00299" HPOS="2183" VPOS="1073" WIDTH="32"/>
						<String ID="P113_ST00359" HPOS="2215" VPOS="1028" WIDTH="217" HEIGHT="48" CONTENT="Hamma." WC="0.81" CC="700004"/>
					</TextLine>
					<TextLine ID="P113_TL00057" HPOS="1235" VPOS="1160" WIDTH="1197" HEIGHT="59">
						<String ID="P113_ST00360" HPOS="1235" VPOS="1160" WIDTH="247" HEIGHT="46" CONTENT="NOUVEAU" WC="1.00" CC="0000300" STYLEREFS="TXT_4"/>
						<SP ID="P113_SP00300" HPOS="1482" VPOS="1206" WIDTH="27"/>
						<String ID="P113_ST00361" HPOS="1509" VPOS="1162" WIDTH="214" HEIGHT="46" CONTENT="PROCÉDÉ" WC="0.99" CC="0020408" STYLEREFS="TXT_4"/>
						<SP ID="P113_SP00301" HPOS="1723" VPOS="1208" WIDTH="26"/>
						<String ID="P113_ST00362" HPOS="1749" VPOS="1180" WIDTH="127" HEIGHT="29" CONTENT="POUR" WC="0.98" CC="7300" STYLEREFS="TXT_4"/>
						<SP ID="P113_SP00302" HPOS="1876" VPOS="1209" WIDTH="26"/>
						<String ID="P113_ST00363" HPOS="1902" VPOS="1181" WIDTH="272" HEIGHT="32" CONTENT="CONSERVER" WC="1.00" CC="000050000" STYLEREFS="TXT_4"/>
						<SP ID="P113_SP00303" HPOS="2174" VPOS="1213" WIDTH="32"/>
						<String ID="P113_ST00364" HPOS="2206" VPOS="1185" WIDTH="76" HEIGHT="30" CONTENT="LES" WC="0.99" CC="020" STYLEREFS="TXT_4"/>
						<SP ID="P113_SP00304" HPOS="2282" VPOS="1215" WIDTH="35"/>
						<String ID="P113_ST00365" HPOS="2317" VPOS="1187" WIDTH="115" HEIGHT="32" CONTENT="BOIS." WC="0.98" CC="60304" STYLEREFS="TXT_4"/>
					</TextLine>
					<TextLine ID="P113_TL00058" HPOS="1303" VPOS="1292" WIDTH="1131" HEIGHT="66">
						<String ID="P113_ST00366" HPOS="1303" VPOS="1292" WIDTH="99" HEIGHT="45" CONTENT="Nos" WC="1.00" CC="000"/>
						<SP ID="P113_SP00305" HPOS="1402" VPOS="1337" WIDTH="19"/>
						<String ID="P113_ST00367" HPOS="1421" VPOS="1293" WIDTH="195" HEIGHT="46" CONTENT="facteurs" WC="1.00" CC="00041000"/>
						<SP ID="P113_SP00306" HPOS="1616" VPOS="1339" WIDTH="19"/>
						<String ID="P113_ST00368" HPOS="1635" VPOS="1294" WIDTH="345" HEIGHT="48" CONTENT="d'instruments" WC="1.00" CC="0400000000700"/>
						<SP ID="P113_SP00307" HPOS="1980" VPOS="1342" WIDTH="19"/>
						<String ID="P113_ST00369" HPOS="1999" VPOS="1301" WIDTH="308" HEIGHT="57" CONTENT="apprendront" WC="1.00" CC="00000003000"/>
						<SP ID="P113_SP00308" HPOS="2307" VPOS="1358" WIDTH="20"/>
						<String ID="P113_ST00370" HPOS="2327" VPOS="1321" WIDTH="107" HEIGHT="29" CONTENT="avec" WC="1.00" CC="0000"/>
					</TextLine>
					<TextLine ID="P113_TL00059" HPOS="1235" VPOS="1361" WIDTH="1199" HEIGHT="60">
						<String ID="P113_ST00371" HPOS="1235" VPOS="1361" WIDTH="165" HEIGHT="44" CONTENT="intérêt" WC="0.99" CC="3056060"/>
						<SP ID="P113_SP00309" HPOS="1400" VPOS="1405" WIDTH="56"/>
						<String ID="P113_ST00372" HPOS="1456" VPOS="1362" WIDTH="145" HEIGHT="59" CONTENT="qu'un" WC="0.99" CC="00400"/>
						<SP ID="P113_SP00310" HPOS="1601" VPOS="1421" WIDTH="52"/>
						<String ID="P113_ST00373" HPOS="1653" VPOS="1364" WIDTH="241" HEIGHT="45" CONTENT="inventeur" WC="1.00" CC="400006000"/>
						<SP ID="P113_SP00311" HPOS="1894" VPOS="1421" WIDTH="59"/>
						<String ID="P113_ST00374" HPOS="1953" VPOS="1369" WIDTH="241" HEIGHT="44" CONTENT="australien" WC="1.00" CC="0100001600"/>
						<SP ID="P113_SP00312" HPOS="2194" VPOS="1421" WIDTH="49"/>
						<String ID="P113_ST00375" HPOS="2243" VPOS="1373" WIDTH="191" HEIGHT="44" CONTENT="nommé" WC="0.99" CC="00004"/>
					</TextLine>
					<TextLine ID="P113_TL00060" HPOS="1234" VPOS="1429" WIDTH="1198" HEIGHT="67">
						<String ID="P113_ST00376" HPOS="1234" VPOS="1429" WIDTH="189" HEIGHT="60" CONTENT="Powell," WC="0.81" CC="3020204"/>
						<SP ID="P113_SP00313" HPOS="1423" VPOS="1489" WIDTH="39"/>
						<String ID="P113_ST00377" HPOS="1462" VPOS="1447" WIDTH="25" HEIGHT="27" CONTENT="a" WC="1.00" CC="0"/>
						<SP ID="P113_SP00314" HPOS="1487" VPOS="1489" WIDTH="42"/>
						<String ID="P113_ST00378" HPOS="1529" VPOS="1432" WIDTH="159" HEIGHT="44" CONTENT="trouvé" WC="0.99" CC="000105"/>
						<SP ID="P113_SP00315" HPOS="1688" VPOS="1489" WIDTH="40"/>
						<String ID="P113_ST00379" HPOS="1728" VPOS="1432" WIDTH="27" HEIGHT="45" CONTENT="il" WC="0.64" CC="52"/>
						<SP ID="P113_SP00316" HPOS="1755" VPOS="1489" WIDTH="26"/>
						<String ID="P113_ST00380" HPOS="1781" VPOS="1451" WIDTH="30" HEIGHT="43" CONTENT="y" WC="1.00" CC="0"/>
						<SP ID="P113_SP00317" HPOS="1811" VPOS="1494" WIDTH="38"/>
						<String ID="P113_ST00381" HPOS="1849" VPOS="1451" WIDTH="25" HEIGHT="27" CONTENT="a" WC="1.00" CC="0"/>
						<SP ID="P113_SP00318" HPOS="1874" VPOS="1494" WIDTH="37"/>
						<String ID="P113_ST00382" HPOS="1911" VPOS="1436" WIDTH="218" HEIGHT="60" CONTENT="quelques" WC="1.00" CC="00060000"/>
						<SP ID="P113_SP00319" HPOS="2129" VPOS="1496" WIDTH="36"/>
						<String ID="P113_ST00383" HPOS="2165" VPOS="1440" WIDTH="167" HEIGHT="44" CONTENT="années" WC="0.99" CC="008600"/>
						<SP ID="P113_SP00320" HPOS="2332" VPOS="1496" WIDTH="37"/>
						<String ID="P113_ST00384" HPOS="2369" VPOS="1459" WIDTH="63" HEIGHT="27" CONTENT="un" WC="1.00" CC="00"/>
					</TextLine>
					<TextLine ID="P113_TL00061" HPOS="1233" VPOS="1499" WIDTH="1199" HEIGHT="70">
						<String ID="P113_ST00385" HPOS="1233" VPOS="1499" WIDTH="192" HEIGHT="58" CONTENT="procédé" WC="0.99" CC="0040706"/>
						<SP ID="P113_SP00321" HPOS="1425" VPOS="1557" WIDTH="23"/>
						<String ID="P113_ST00386" HPOS="1448" VPOS="1517" WIDTH="111" HEIGHT="40" CONTENT="pour" WC="1.00" CC="0000"/>
						<SP ID="P113_SP00322" HPOS="1559" VPOS="1557" WIDTH="17"/>
						<String ID="P113_ST00387" HPOS="1576" VPOS="1500" WIDTH="155" HEIGHT="45" CONTENT="sécher" WC="0.99" CC="070030"/>
						<SP ID="P113_SP00323" HPOS="1731" VPOS="1557" WIDTH="23"/>
						<String ID="P113_ST00388" HPOS="1754" VPOS="1501" WIDTH="38" HEIGHT="44" CONTENT="le" WC="1.00" CC="00"/>
						<SP ID="P113_SP00324" HPOS="1792" VPOS="1557" WIDTH="21"/>
						<String ID="P113_ST00389" HPOS="1813" VPOS="1503" WIDTH="107" HEIGHT="57" CONTENT="bois," WC="0.99" CC="00504"/>
						<SP ID="P113_SP00325" HPOS="1920" VPOS="1560" WIDTH="25"/>
						<String ID="P113_ST00390" HPOS="1945" VPOS="1516" WIDTH="43" HEIGHT="32" CONTENT="et" WC="1.00" CC="00"/>
						<SP ID="P113_SP00326" HPOS="1988" VPOS="1560" WIDTH="22"/>
						<String ID="P113_ST00391" HPOS="2010" VPOS="1505" WIDTH="38" HEIGHT="43" CONTENT="le" WC="1.00" CC="00"/>
						<SP ID="P113_SP00327" HPOS="2048" VPOS="1560" WIDTH="23"/>
						<String ID="P113_ST00392" HPOS="2071" VPOS="1507" WIDTH="161" HEIGHT="43" CONTENT="rendre" WC="1.00" CC="000000"/>
						<SP ID="P113_SP00328" HPOS="2232" VPOS="1560" WIDTH="21"/>
						<String ID="P113_ST00393" HPOS="2253" VPOS="1525" WIDTH="154" HEIGHT="44" CONTENT="suscep" SUBS_TYPE="HypPart1" SUBS_CONTENT="susceptible" WC="1.00" CC="000020"/>
						<HYP HPOS="2407" VPOS="1525" WIDTH="25" CONTENT="-"/>
					</TextLine>
					<TextLine ID="P113_TL00062" HPOS="1232" VPOS="1567" WIDTH="1202" HEIGHT="56">
						<String ID="P113_ST00394" HPOS="1232" VPOS="1567" WIDTH="108" HEIGHT="44" CONTENT="tible" SUBS_TYPE="HypPart2" SUBS_CONTENT="susceptible" WC="0.98" CC="63041"/>
						<SP ID="P113_SP00329" HPOS="1340" VPOS="1611" WIDTH="45"/>
						<String ID="P113_ST00395" HPOS="1385" VPOS="1568" WIDTH="139" HEIGHT="44" CONTENT="d'être" WC="0.99" CC="045000"/>
						<SP ID="P113_SP00330" HPOS="1524" VPOS="1612" WIDTH="29"/>
						<String ID="P113_ST00396" HPOS="1553" VPOS="1569" WIDTH="201" HEIGHT="45" CONTENT="travaillé" WC="1.00" CC="000001306"/>
						<SP ID="P113_SP00331" HPOS="1754" VPOS="1614" WIDTH="38"/>
						<String ID="P113_ST00397" HPOS="1792" VPOS="1571" WIDTH="109" HEIGHT="45" CONTENT="dans" WC="0.99" CC="0060"/>
						<SP ID="P113_SP00332" HPOS="1901" VPOS="1616" WIDTH="25"/>
						<String ID="P113_ST00398" HPOS="1926" VPOS="1590" WIDTH="62" HEIGHT="26" CONTENT="un" WC="1.00" CC="00"/>
						<SP ID="P113_SP00333" HPOS="1988" VPOS="1616" WIDTH="40"/>
						<String ID="P113_ST00399" HPOS="2028" VPOS="1574" WIDTH="112" HEIGHT="44" CONTENT="délai" WC="0.99" CC="07002"/>
						<SP ID="P113_SP00334" HPOS="2140" VPOS="1618" WIDTH="30"/>
						<String ID="P113_ST00400" HPOS="2170" VPOS="1575" WIDTH="264" HEIGHT="48" CONTENT="infiniment" WC="0.99" CC="3722350303"/>
					</TextLine>
					<TextLine ID="P113_TL00063" HPOS="1232" VPOS="1635" WIDTH="1200" HEIGHT="66">
						<String ID="P113_ST00401" HPOS="1232" VPOS="1635" WIDTH="98" HEIGHT="59" CONTENT="plus" WC="1.00" CC="0000"/>
						<SP ID="P113_SP00335" HPOS="1330" VPOS="1694" WIDTH="38"/>
						<String ID="P113_ST00402" HPOS="1368" VPOS="1649" WIDTH="130" HEIGHT="31" CONTENT="court" WC="1.00" CC="00002"/>
						<SP ID="P113_SP00336" HPOS="1498" VPOS="1694" WIDTH="26"/>
						<String ID="P113_ST00403" HPOS="1524" VPOS="1654" WIDTH="88" HEIGHT="42" CONTENT="que" WC="1.00" CC="000"/>
						<SP ID="P113_SP00337" HPOS="1612" VPOS="1696" WIDTH="39"/>
						<String ID="P113_ST00404" HPOS="1651" VPOS="1655" WIDTH="75" HEIGHT="41" CONTENT="par" WC="1.00" CC="000"/>
						<SP ID="P113_SP00338" HPOS="1726" VPOS="1696" WIDTH="35"/>
						<String ID="P113_ST00405" HPOS="1761" VPOS="1639" WIDTH="62" HEIGHT="45" CONTENT="les" WC="0.99" CC="100"/>
						<SP ID="P113_SP00339" HPOS="1823" VPOS="1696" WIDTH="26"/>
						<String ID="P113_ST00406" HPOS="1849" VPOS="1657" WIDTH="190" HEIGHT="44" CONTENT="moyens" WC="1.00" CC="000100"/>
						<SP ID="P113_SP00340" HPOS="2039" VPOS="1701" WIDTH="41"/>
						<String ID="P113_ST00407" HPOS="2080" VPOS="1644" WIDTH="237" HEIGHT="45" CONTENT="habituels." WC="0.99" CC="5003340004"/>
						<SP ID="P113_SP00341" HPOS="2317" VPOS="1701" WIDTH="40"/>
						<String ID="P113_ST00408" HPOS="2357" VPOS="1646" WIDTH="75" HEIGHT="45" CONTENT="En" WC="0.83" CC="30"/>
					</TextLine>
					<TextLine ID="P113_TL00064" HPOS="1232" VPOS="1706" WIDTH="1198" HEIGHT="67">
						<String ID="P113_ST00409" HPOS="1232" VPOS="1716" WIDTH="145" HEIGHT="46" CONTENT="outre," WC="1.00" CC="000004"/>
						<SP ID="P113_SP00342" HPOS="1377" VPOS="1762" WIDTH="23"/>
						<String ID="P113_ST00410" HPOS="1400" VPOS="1717" WIDTH="120" HEIGHT="32" CONTENT="cette" WC="1.00" CC="00000"/>
						<SP ID="P113_SP00343" HPOS="1520" VPOS="1762" WIDTH="23"/>
						<String ID="P113_ST00411" HPOS="1543" VPOS="1706" WIDTH="237" HEIGHT="45" CONTENT="invention" WC="0.99" CC="260053400"/>
						<SP ID="P113_SP00344" HPOS="1780" VPOS="1762" WIDTH="22"/>
						<String ID="P113_ST00412" HPOS="1802" VPOS="1710" WIDTH="110" HEIGHT="42" CONTENT="rend" WC="1.00" CC="0100"/>
						<SP ID="P113_SP00345" HPOS="1912" VPOS="1762" WIDTH="24"/>
						<String ID="P113_ST00413" HPOS="1936" VPOS="1708" WIDTH="39" HEIGHT="45" CONTENT="le" WC="0.79" CC="03"/>
						<SP ID="P113_SP00346" HPOS="1975" VPOS="1762" WIDTH="23"/>
						<String ID="P113_ST00414" HPOS="1998" VPOS="1712" WIDTH="93" HEIGHT="43" CONTENT="bois" WC="0.98" CC="3070"/>
						<SP ID="P113_SP00347" HPOS="2091" VPOS="1762" WIDTH="18"/>
						<String ID="P113_ST00415" HPOS="2109" VPOS="1712" WIDTH="321" HEIGHT="61" CONTENT="inattaquable," WC="1.00" CC="6000000000104"/>
					</TextLine>
					<TextLine ID="P113_TL00065" HPOS="1232" VPOS="1773" WIDTH="1201" HEIGHT="64">
						<String ID="P113_ST00416" HPOS="1232" VPOS="1773" WIDTH="83" HEIGHT="44" CONTENT="elle" WC="0.98" CC="0540"/>
						<SP ID="P113_SP00348" HPOS="1315" VPOS="1817" WIDTH="39"/>
						<String ID="P113_ST00417" HPOS="1354" VPOS="1774" WIDTH="81" HEIGHT="44" CONTENT="fait" WC="0.99" CC="4000"/>
						<SP ID="P113_SP00349" HPOS="1435" VPOS="1818" WIDTH="40"/>
						<String ID="P113_ST00418" HPOS="1475" VPOS="1774" WIDTH="364" HEIGHT="59" CONTENT="complètement" WC="1.00" CC="000007300070"/>
						<SP ID="P113_SP00350" HPOS="1839" VPOS="1833" WIDTH="39"/>
						<String ID="P113_ST00419" HPOS="1878" VPOS="1778" WIDTH="258" HEIGHT="59" CONTENT="disparaître" WC="1.00" CC="07000000000"/>
						<SP ID="P113_SP00351" HPOS="2136" VPOS="1837" WIDTH="37"/>
						<String ID="P113_ST00420" HPOS="2173" VPOS="1780" WIDTH="260" HEIGHT="48" CONTENT="l'humidité" WC="0.99" CC="0400030306"/>
					</TextLine>
					<TextLine ID="P113_TL00066" HPOS="1232" VPOS="1842" WIDTH="1199" HEIGHT="66">
						<String ID="P113_ST00421" HPOS="1232" VPOS="1842" WIDTH="260" HEIGHT="59" CONTENT="intérieure," WC="0.99" CC="07070500004"/>
						<SP ID="P113_SP00352" HPOS="1492" VPOS="1901" WIDTH="40"/>
						<String ID="P113_ST00422" HPOS="1532" VPOS="1856" WIDTH="44" HEIGHT="31" CONTENT="et" WC="0.84" CC="03"/>
						<SP ID="P113_SP00353" HPOS="1576" VPOS="1901" WIDTH="26"/>
						<String ID="P113_ST00423" HPOS="1602" VPOS="1845" WIDTH="219" HEIGHT="58" CONTENT="empêche" WC="0.99" CC="0006030"/>
						<SP ID="P113_SP00354" HPOS="1821" VPOS="1903" WIDTH="39"/>
						<String ID="P113_ST00424" HPOS="1860" VPOS="1846" WIDTH="311" HEIGHT="47" CONTENT="l'éclatement" WC="0.99" CC="546119000000"/>
						<SP ID="P113_SP00355" HPOS="2171" VPOS="1903" WIDTH="24"/>
						<String ID="P113_ST00425" HPOS="2195" VPOS="1853" WIDTH="236" HEIGHT="55" CONTENT="spontané." WC="0.99" CC="000050063"/>
					</TextLine>
					<TextLine ID="P113_TL00067" HPOS="1233" VPOS="1910" WIDTH="1200" HEIGHT="70">
						<String ID="P113_ST00426" HPOS="1233" VPOS="1910" WIDTH="68" HEIGHT="45" CONTENT="Le" WC="0.96" CC="00"/>
						<SP ID="P113_SP00356" HPOS="1301" VPOS="1955" WIDTH="28"/>
						<String ID="P113_ST00427" HPOS="1329" VPOS="1912" WIDTH="94" HEIGHT="43" CONTENT="bois" WC="0.98" CC="3040"/>
						<SP ID="P113_SP00357" HPOS="1423" VPOS="1955" WIDTH="37"/>
						<String ID="P113_ST00428" HPOS="1460" VPOS="1912" WIDTH="107" HEIGHT="59" CONTENT="perd" WC="1.00" CC="0000"/>
						<SP ID="P113_SP00358" HPOS="1567" VPOS="1971" WIDTH="28"/>
						<String ID="P113_ST00429" HPOS="1595" VPOS="1914" WIDTH="190" HEIGHT="43" CONTENT="environ" WC="0.99" CC="4006000"/>
						<SP ID="P113_SP00359" HPOS="1785" VPOS="1971" WIDTH="47"/>
						<String ID="P113_ST00430" HPOS="1832" VPOS="1929" WIDTH="62" HEIGHT="30" CONTENT="20" WC="1.00" CC="00"/>
						<SP ID="P113_SP00360" HPOS="1894" VPOS="1971" WIDTH="27"/>
						<String ID="P113_ST00431" HPOS="1921" VPOS="1914" WIDTH="34" HEIGHT="66" CONTENT="°/" WC="0.24" CC="87"/>
						<String ID="P113_ST00432" HPOS="1958" VPOS="1955" WIDTH="17" HEIGHT="19" CONTENT="0" STYLE="subscript" WC="0.34" CC="6"/>
						<SP ID="P113_SP00361" HPOS="1975" VPOS="1980" WIDTH="39"/>
						<String ID="P113_ST00433" HPOS="2014" VPOS="1917" WIDTH="53" HEIGHT="43" CONTENT="de" WC="1.00" CC="00"/>
						<SP ID="P113_SP00362" HPOS="2067" VPOS="1980" WIDTH="26"/>
						<String ID="P113_ST00434" HPOS="2093" VPOS="1934" WIDTH="81" HEIGHT="28" CONTENT="son" WC="1.00" CC="000"/>
						<SP ID="P113_SP00363" HPOS="2174" VPOS="1980" WIDTH="39"/>
						<String ID="P113_ST00435" HPOS="2213" VPOS="1920" WIDTH="140" HEIGHT="59" CONTENT="poids," WC="0.99" CC="005004"/>
						<SP ID="P113_SP00364" HPOS="2353" VPOS="1980" WIDTH="29"/>
						<String ID="P113_ST00436" HPOS="2382" VPOS="1938" WIDTH="51" HEIGHT="28" CONTENT="ce" WC="1.00" CC="00"/>
					</TextLine>
					<TextLine ID="P113_TL00068" HPOS="1232" VPOS="1980" WIDTH="1203" HEIGHT="60">
						<String ID="P113_ST00437" HPOS="1232" VPOS="1981" WIDTH="76" HEIGHT="58" CONTENT="qui" WC="0.99" CC="001"/>
						<SP ID="P113_SP00365" HPOS="1308" VPOS="2039" WIDTH="24"/>
						<String ID="P113_ST00438" HPOS="1332" VPOS="1992" WIDTH="64" HEIGHT="32" CONTENT="est" WC="0.98" CC="005"/>
						<SP ID="P113_SP00366" HPOS="1396" VPOS="2039" WIDTH="18"/>
						<String ID="P113_ST00439" HPOS="1414" VPOS="1980" WIDTH="250" HEIGHT="59" CONTENT="important" WC="1.00" CC="600100004"/>
						<SP ID="P113_SP00367" HPOS="1664" VPOS="2039" WIDTH="17"/>
						<String ID="P113_ST00440" HPOS="1681" VPOS="1999" WIDTH="113" HEIGHT="41" CONTENT="pour" WC="1.00" CC="0000"/>
						<SP ID="P113_SP00368" HPOS="1794" VPOS="2040" WIDTH="20"/>
						<String ID="P113_ST00441" HPOS="1814" VPOS="1983" WIDTH="61" HEIGHT="45" CONTENT="les" WC="0.99" CC="020"/>
						<SP ID="P113_SP00369" HPOS="1875" VPOS="2040" WIDTH="17"/>
						<String ID="P113_ST00442" HPOS="1892" VPOS="2000" WIDTH="203" HEIGHT="30" CONTENT="essences" WC="1.00" CC="00000000"/>
						<SP ID="P113_SP00370" HPOS="2095" VPOS="2040" WIDTH="15"/>
						<String ID="P113_ST00443" HPOS="2110" VPOS="1987" WIDTH="325" HEIGHT="47" CONTENT="australiennes" WC="1.00" CC="0000000700900"/>
					</TextLine>
					<TextLine ID="P113_TL00069" HPOS="1232" VPOS="2047" WIDTH="1199" HEIGHT="74">
						<String ID="P113_ST00444" HPOS="1232" VPOS="2047" WIDTH="344" HEIGHT="61" CONTENT="généralement" WC="1.00" CC="060700100005"/>
						<SP ID="P113_SP00371" HPOS="1576" VPOS="2108" WIDTH="44"/>
						<String ID="P113_ST00445" HPOS="1620" VPOS="2049" WIDTH="193" HEIGHT="61" CONTENT="lourdes," WC="1.00" CC="10000004"/>
						<SP ID="P113_SP00372" HPOS="1813" VPOS="2110" WIDTH="64"/>
						<String ID="P113_ST00446" HPOS="1877" VPOS="2065" WIDTH="43" HEIGHT="31" CONTENT="et" WC="0.91" CC="10"/>
						<SP ID="P113_SP00373" HPOS="1920" VPOS="2110" WIDTH="45"/>
						<String ID="P113_ST00447" HPOS="1965" VPOS="2070" WIDTH="145" HEIGHT="44" CONTENT="gagne" WC="1.00" CC="00002"/>
						<SP ID="P113_SP00374" HPOS="2110" VPOS="2114" WIDTH="45"/>
						<String ID="P113_ST00448" HPOS="2155" VPOS="2068" WIDTH="59" HEIGHT="44" CONTENT="50" WC="0.75" CC="40"/>
						<SP ID="P113_SP00375" HPOS="2214" VPOS="2114" WIDTH="49"/>
						<String ID="P113_ST00449" HPOS="2263" VPOS="2054" WIDTH="34" HEIGHT="67" CONTENT="°/" WC="0.23" CC="87"/>
						<String ID="P113_ST00450" HPOS="2300" VPOS="2096" WIDTH="17" HEIGHT="19" CONTENT="0" STYLE="subscript" WC="0.24" CC="7"/>
						<SP ID="P113_SP00376" HPOS="2317" VPOS="2121" WIDTH="58"/>
						<String ID="P113_ST00451" HPOS="2375" VPOS="2075" WIDTH="56" HEIGHT="27" CONTENT="en" WC="1.00" CC="00"/>
					</TextLine>
					<TextLine ID="P113_TL00070" HPOS="1233" VPOS="2116" WIDTH="1202" HEIGHT="68">
						<String ID="P113_ST00452" HPOS="1233" VPOS="2117" WIDTH="150" HEIGHT="45" CONTENT="durée." WC="0.99" CC="000704"/>
						<SP ID="P113_SP00377" HPOS="1383" VPOS="2162" WIDTH="48"/>
						<String ID="P113_ST00453" HPOS="1431" VPOS="2117" WIDTH="88" HEIGHT="45" CONTENT="Les" WC="0.99" CC="020"/>
						<SP ID="P113_SP00378" HPOS="1519" VPOS="2162" WIDTH="24"/>
						<String ID="P113_ST00454" HPOS="1543" VPOS="2116" WIDTH="133" HEIGHT="46" CONTENT="fibres" WC="0.99" CC="220331"/>
						<SP ID="P113_SP00379" HPOS="1676" VPOS="2162" WIDTH="43"/>
						<String ID="P113_ST00455" HPOS="1719" VPOS="2120" WIDTH="278" HEIGHT="46" CONTENT="deviennent" WC="0.99" CC="0005080006"/>
						<SP ID="P113_SP00380" HPOS="1997" VPOS="2166" WIDTH="38"/>
						<String ID="P113_ST00456" HPOS="2035" VPOS="2122" WIDTH="98" HEIGHT="59" CONTENT="plus" WC="1.00" CC="0100"/>
						<SP ID="P113_SP00381" HPOS="2133" VPOS="2181" WIDTH="41"/>
						<String ID="P113_ST00457" HPOS="2174" VPOS="2124" WIDTH="176" HEIGHT="60" CONTENT="solides," WC="0.99" CC="00250004"/>
						<SP ID="P113_SP00382" HPOS="2350" VPOS="2184" WIDTH="40"/>
						<String ID="P113_ST00458" HPOS="2390" VPOS="2138" WIDTH="45" HEIGHT="33" CONTENT="et" WC="0.69" CC="14"/>
					</TextLine>
					<TextLine ID="P113_TL00071" HPOS="1232" VPOS="2186" WIDTH="1202" HEIGHT="60">
						<String ID="P113_ST00459" HPOS="1232" VPOS="2186" WIDTH="290" HEIGHT="45" CONTENT="n'absorbent" WC="1.00" CC="74000000000"/>
						<SP ID="P113_SP00383" HPOS="1522" VPOS="2231" WIDTH="37"/>
						<String ID="P113_ST00460" HPOS="1559" VPOS="2188" WIDTH="99" HEIGHT="58" CONTENT="plus" WC="0.99" CC="0400"/>
						<SP ID="P113_SP00384" HPOS="1658" VPOS="2246" WIDTH="26"/>
						<String ID="P113_ST00461" HPOS="1684" VPOS="2187" WIDTH="273" HEIGHT="48" CONTENT="l'humidité." WC="0.99" CC="04400003084"/>
						<SP ID="P113_SP00385" HPOS="1957" VPOS="2246" WIDTH="42"/>
						<String ID="P113_ST00462" HPOS="1999" VPOS="2190" WIDTH="120" HEIGHT="45" CONTENT="Pour" WC="0.99" CC="6000"/>
						<SP ID="P113_SP00386" HPOS="2119" VPOS="2246" WIDTH="38"/>
						<String ID="P113_ST00463" HPOS="2157" VPOS="2210" WIDTH="72" HEIGHT="27" CONTENT="ces" WC="0.99" CC="100"/>
						<SP ID="P113_SP00387" HPOS="2229" VPOS="2246" WIDTH="36"/>
						<String ID="P113_ST00464" HPOS="2265" VPOS="2195" WIDTH="169" HEIGHT="46" CONTENT="raisons" WC="1.00" CC="3040000"/>
					</TextLine>
					<TextLine ID="P113_TL00072" HPOS="1230" VPOS="2254" WIDTH="1202" HEIGHT="67">
						<String ID="P113_ST00465" HPOS="1230" VPOS="2254" WIDTH="28" HEIGHT="44" CONTENT="il" WC="0.83" CC="02"/>
						<SP ID="P113_SP00388" HPOS="1258" VPOS="2298" WIDTH="27"/>
						<String ID="P113_ST00466" HPOS="1285" VPOS="2254" WIDTH="115" HEIGHT="45" CONTENT="n'est" WC="0.98" CC="84005"/>
						<SP ID="P113_SP00389" HPOS="1400" VPOS="2299" WIDTH="37"/>
						<String ID="P113_ST00467" HPOS="1437" VPOS="2272" WIDTH="75" HEIGHT="42" CONTENT="pas" WC="1.00" CC="000"/>
						<SP ID="P113_SP00390" HPOS="1512" VPOS="2314" WIDTH="27"/>
						<String ID="P113_ST00468" HPOS="1539" VPOS="2256" WIDTH="153" HEIGHT="44" CONTENT="besoin" WC="1.00" CC="000020"/>
						<SP ID="P113_SP00391" HPOS="1692" VPOS="2314" WIDTH="28"/>
						<String ID="P113_ST00469" HPOS="1720" VPOS="2258" WIDTH="136" HEIGHT="44" CONTENT="d'une" WC="0.99" CC="04000"/>
						<SP ID="P113_SP00392" HPOS="1856" VPOS="2314" WIDTH="26"/>
						<String ID="P113_ST00470" HPOS="1882" VPOS="2260" WIDTH="32" HEIGHT="43" CONTENT="si" WC="0.92" CC="01"/>
						<SP ID="P113_SP00393" HPOS="1914" VPOS="2314" WIDTH="34"/>
						<String ID="P113_ST00471" HPOS="1948" VPOS="2261" WIDTH="168" HEIGHT="58" CONTENT="grande" WC="1.00" CC="000000"/>
						<SP ID="P113_SP00394" HPOS="2116" VPOS="2319" WIDTH="27"/>
						<String ID="P113_ST00472" HPOS="2143" VPOS="2263" WIDTH="208" HEIGHT="58" CONTENT="quantité" WC="0.99" CC="00004007"/>
						<SP ID="P113_SP00395" HPOS="2351" VPOS="2321" WIDTH="27"/>
						<String ID="P113_ST00473" HPOS="2378" VPOS="2264" WIDTH="54" HEIGHT="44" CONTENT="de" WC="1.00" CC="00"/>
					</TextLine>
					<TextLine ID="P113_TL00073" HPOS="1228" VPOS="2324" WIDTH="1202" HEIGHT="65">
						<String ID="P113_ST00474" HPOS="1228" VPOS="2324" WIDTH="148" HEIGHT="44" CONTENT="vernis" WC="0.99" CC="000850"/>
						<SP ID="P113_SP00396" HPOS="1376" VPOS="2368" WIDTH="24"/>
						<String ID="P113_ST00475" HPOS="1400" VPOS="2341" WIDTH="89" HEIGHT="42" CONTENT="que" WC="0.98" CC="050"/>
						<SP ID="P113_SP00397" HPOS="1489" VPOS="2383" WIDTH="28"/>
						<String ID="P113_ST00476" HPOS="1517" VPOS="2341" WIDTH="112" HEIGHT="42" CONTENT="pour" WC="1.00" CC="0000"/>
						<SP ID="P113_SP00398" HPOS="1629" VPOS="2383" WIDTH="36"/>
						<String ID="P113_ST00477" HPOS="1665" VPOS="2325" WIDTH="39" HEIGHT="44" CONTENT="le" WC="0.77" CC="30"/>
						<SP ID="P113_SP00399" HPOS="1704" VPOS="2383" WIDTH="29"/>
						<String ID="P113_ST00478" HPOS="1733" VPOS="2327" WIDTH="93" HEIGHT="44" CONTENT="bois" WC="0.99" CC="0050"/>
						<SP ID="P113_SP00400" HPOS="1826" VPOS="2383" WIDTH="37"/>
						<String ID="P113_ST00479" HPOS="1863" VPOS="2329" WIDTH="238" HEIGHT="46" CONTENT="ordinaire." WC="1.00" CC="0000801004"/>
						<SP ID="P113_SP00401" HPOS="2101" VPOS="2383" WIDTH="42"/>
						<String ID="P113_ST00480" HPOS="2143" VPOS="2329" WIDTH="67" HEIGHT="46" CONTENT="Ce" WC="1.00" CC="00"/>
						<SP ID="P113_SP00402" HPOS="2210" VPOS="2383" WIDTH="29"/>
						<String ID="P113_ST00481" HPOS="2239" VPOS="2332" WIDTH="191" HEIGHT="57" CONTENT="procédé" WC="0.99" CC="0002707"/>
					</TextLine>
					<TextLine ID="P113_TL00074" HPOS="1227" VPOS="2392" WIDTH="1205" HEIGHT="67">
						<String ID="P113_ST00482" HPOS="1227" VPOS="2394" WIDTH="230" HEIGHT="56" CONTENT="supprime" WC="1.00" CC="00000400"/>
						<SP ID="P113_SP00403" HPOS="1457" VPOS="2450" WIDTH="45"/>
						<String ID="P113_ST00483" HPOS="1502" VPOS="2392" WIDTH="302" HEIGHT="47" CONTENT="l'exsudation" WC="1.00" CC="040000006000"/>
						<SP ID="P113_SP00404" HPOS="1804" VPOS="2450" WIDTH="28"/>
						<String ID="P113_ST00484" HPOS="1832" VPOS="2408" WIDTH="43" HEIGHT="31" CONTENT="et" WC="0.66" CC="06"/>
						<SP ID="P113_SP00405" HPOS="1875" VPOS="2450" WIDTH="28"/>
						<String ID="P113_ST00485" HPOS="1903" VPOS="2398" WIDTH="110" HEIGHT="43" CONTENT="rend" WC="0.98" CC="0080"/>
						<SP ID="P113_SP00406" HPOS="2013" VPOS="2450" WIDTH="38"/>
						<String ID="P113_ST00486" HPOS="2051" VPOS="2397" WIDTH="42" HEIGHT="44" CONTENT="la" WC="0.79" CC="40"/>
						<SP ID="P113_SP00407" HPOS="2093" VPOS="2450" WIDTH="24"/>
						<String ID="P113_ST00487" HPOS="2117" VPOS="2399" WIDTH="189" HEIGHT="44" CONTENT="matière" WC="0.99" CC="0022800"/>
						<SP ID="P113_SP00408" HPOS="2306" VPOS="2450" WIDTH="27"/>
						<String ID="P113_ST00488" HPOS="2333" VPOS="2400" WIDTH="99" HEIGHT="59" CONTENT="plus" WC="0.99" CC="0200"/>
					</TextLine>
					<TextLine ID="P113_TL00075" HPOS="1228" VPOS="2460" WIDTH="1202" HEIGHT="67">
						<String ID="P113_ST00489" HPOS="1228" VPOS="2460" WIDTH="231" HEIGHT="61" CONTENT="élastique." WC="0.99" CC="7300430004"/>
						<SP ID="P113_SP00409" HPOS="1459" VPOS="2521" WIDTH="41"/>
						<String ID="P113_ST00490" HPOS="1500" VPOS="2460" WIDTH="67" HEIGHT="46" CONTENT="Le" WC="1.00" CC="00"/>
						<SP ID="P113_SP00410" HPOS="1567" VPOS="2521" WIDTH="29"/>
						<String ID="P113_ST00491" HPOS="1596" VPOS="2462" WIDTH="98" HEIGHT="59" CONTENT="plus" WC="0.98" CC="0440"/>
						<SP ID="P113_SP00411" HPOS="1694" VPOS="2521" WIDTH="27"/>
						<String ID="P113_ST00492" HPOS="1721" VPOS="2464" WIDTH="265" HEIGHT="59" CONTENT="important," WC="1.00" CC="4000400004"/>
						<SP ID="P113_SP00412" HPOS="1986" VPOS="2523" WIDTH="29"/>
						<String ID="P113_ST00493" HPOS="2015" VPOS="2478" WIDTH="64" HEIGHT="32" CONTENT="est" WC="0.99" CC="001"/>
						<SP ID="P113_SP00413" HPOS="2079" VPOS="2523" WIDTH="26"/>
						<String ID="P113_ST00494" HPOS="2105" VPOS="2484" WIDTH="88" HEIGHT="43" CONTENT="que" WC="1.00" CC="000"/>
						<SP ID="P113_SP00414" HPOS="2193" VPOS="2527" WIDTH="27"/>
						<String ID="P113_ST00495" HPOS="2220" VPOS="2467" WIDTH="61" HEIGHT="45" CONTENT="les" WC="0.99" CC="300"/>
						<SP ID="P113_SP00415" HPOS="2281" VPOS="2527" WIDTH="26"/>
						<String ID="P113_ST00496" HPOS="2307" VPOS="2468" WIDTH="99" HEIGHT="44" CONTENT="four" SUBS_TYPE="HypPart1" SUBS_CONTENT="fourmis" WC="0.99" CC="0000"/>
						<HYP HPOS="2406" VPOS="2468" WIDTH="24" CONTENT="-"/>
					</TextLine>
					<TextLine ID="P113_TL00076" HPOS="1227" VPOS="2529" WIDTH="1203" HEIGHT="60">
						<String ID="P113_ST00497" HPOS="1227" VPOS="2531" WIDTH="85" HEIGHT="44" CONTENT="mis" SUBS_TYPE="HypPart2" SUBS_CONTENT="fourmis" WC="0.99" CC="020"/>
						<SP ID="P113_SP00416" HPOS="1312" VPOS="2575" WIDTH="27"/>
						<String ID="P113_ST00498" HPOS="1339" VPOS="2529" WIDTH="228" HEIGHT="60" CONTENT="blanches," WC="1.00" CC="000000004"/>
						<SP ID="P113_SP00417" HPOS="1567" VPOS="2589" WIDTH="28"/>
						<String ID="P113_ST00499" HPOS="1595" VPOS="2542" WIDTH="44" HEIGHT="33" CONTENT="et" WC="0.85" CC="02"/>
						<SP ID="P113_SP00418" HPOS="1639" VPOS="2589" WIDTH="25"/>
						<String ID="P113_ST00500" HPOS="1664" VPOS="2531" WIDTH="41" HEIGHT="45" CONTENT="le" WC="0.98" CC="00"/>
						<SP ID="P113_SP00419" HPOS="1705" VPOS="2589" WIDTH="34"/>
						<String ID="P113_ST00501" HPOS="1739" VPOS="2533" WIDTH="182" HEIGHT="44" CONTENT="terrible" WC="0.99" CC="60034000"/>
						<SP ID="P113_SP00420" HPOS="1921" VPOS="2589" WIDTH="26"/>
						<String ID="P113_ST00502" HPOS="1947" VPOS="2536" WIDTH="136" HEIGHT="42" CONTENT="toredo" WC="0.69" CC="250505" STYLEREFS="TXT_6"/>
						<SP ID="P113_SP00421" HPOS="2083" VPOS="2589" WIDTH="26"/>
						<String ID="P113_ST00503" HPOS="2109" VPOS="2536" WIDTH="172" HEIGHT="44" CONTENT="navalis" WC="0.69" CC="2084400" STYLEREFS="TXT_6"/>
						<SP ID="P113_SP00422" HPOS="2281" VPOS="2589" WIDTH="31"/>
						<String ID="P113_ST00504" HPOS="2312" VPOS="2536" WIDTH="95" HEIGHT="45" CONTENT="n'at" SUBS_TYPE="HypPart1" SUBS_CONTENT="n'attaquent" WC="0.98" CC="0405"/>
						<HYP HPOS="2407" VPOS="2536" WIDTH="23" CONTENT="-"/>
					</TextLine>
					<TextLine ID="P113_TL00077" HPOS="1226" VPOS="2599" WIDTH="1203" HEIGHT="64">
						<String ID="P113_ST00505" HPOS="1226" VPOS="2610" WIDTH="190" HEIGHT="47" CONTENT="taquent" SUBS_TYPE="HypPart2" SUBS_CONTENT="n'attaquent" WC="1.00" CC="3000000"/>
						<SP ID="P113_SP00423" HPOS="1416" VPOS="2657" WIDTH="44"/>
						<String ID="P113_ST00506" HPOS="1460" VPOS="2599" WIDTH="99" HEIGHT="59" CONTENT="plus" WC="0.99" CC="0300"/>
						<SP ID="P113_SP00424" HPOS="1559" VPOS="2658" WIDTH="24"/>
						<String ID="P113_ST00507" HPOS="1583" VPOS="2599" WIDTH="40" HEIGHT="44" CONTENT="le" WC="0.89" CC="20"/>
						<SP ID="P113_SP00425" HPOS="1623" VPOS="2658" WIDTH="41"/>
						<String ID="P113_ST00508" HPOS="1664" VPOS="2602" WIDTH="93" HEIGHT="43" CONTENT="bois" WC="1.00" CC="0010"/>
						<SP ID="P113_SP00426" HPOS="1757" VPOS="2658" WIDTH="42"/>
						<String ID="P113_ST00509" HPOS="1799" VPOS="2602" WIDTH="111" HEIGHT="44" CONTENT="ainsi" WC="0.99" CC="04005"/>
						<SP ID="P113_SP00427" HPOS="1910" VPOS="2658" WIDTH="28"/>
						<String ID="P113_ST00510" HPOS="1938" VPOS="2602" WIDTH="145" HEIGHT="46" CONTENT="traité." WC="0.99" CC="0304064"/>
						<SP ID="P113_SP00428" HPOS="2083" VPOS="2658" WIDTH="46"/>
						<String ID="P113_ST00511" HPOS="2129" VPOS="2603" WIDTH="69" HEIGHT="45" CONTENT="Le" WC="0.88" CC="02"/>
						<SP ID="P113_SP00429" HPOS="2198" VPOS="2658" WIDTH="39"/>
						<String ID="P113_ST00512" HPOS="2237" VPOS="2605" WIDTH="192" HEIGHT="58" CONTENT="procédé" WC="0.99" CC="0000606"/>
					</TextLine>
					<TextLine ID="P113_TL00078" HPOS="1226" VPOS="2667" WIDTH="1203" HEIGHT="61">
						<String ID="P113_ST00513" HPOS="1226" VPOS="2668" WIDTH="192" HEIGHT="44" CONTENT="consiste" WC="1.00" CC="00003000"/>
						<SP ID="P113_SP00430" HPOS="1418" VPOS="2712" WIDTH="28"/>
						<String ID="P113_ST00514" HPOS="1446" VPOS="2668" WIDTH="109" HEIGHT="44" CONTENT="dans" WC="0.99" CC="0030"/>
						<SP ID="P113_SP00431" HPOS="1555" VPOS="2712" WIDTH="42"/>
						<String ID="P113_ST00515" HPOS="1597" VPOS="2667" WIDTH="204" HEIGHT="61" CONTENT="l'emploi" WC="0.99" CC="44000404"/>
						<SP ID="P113_SP00432" HPOS="1801" VPOS="2728" WIDTH="28"/>
						<String ID="P113_ST00516" HPOS="1829" VPOS="2670" WIDTH="53" HEIGHT="44" CONTENT="de" WC="0.98" CC="00"/>
						<SP ID="P113_SP00433" HPOS="1882" VPOS="2728" WIDTH="27"/>
						<String ID="P113_ST00517" HPOS="1909" VPOS="2670" WIDTH="42" HEIGHT="45" CONTENT="la" WC="1.00" CC="00"/>
						<SP ID="P113_SP00434" HPOS="1951" VPOS="2728" WIDTH="24"/>
						<String ID="P113_ST00518" HPOS="1975" VPOS="2672" WIDTH="233" HEIGHT="44" CONTENT="sacharine" WC="0.85" CC="001505000"/>
						<SP ID="P113_SP00435" HPOS="2208" VPOS="2728" WIDTH="36"/>
						<String ID="P113_ST00519" HPOS="2244" VPOS="2690" WIDTH="185" HEIGHT="27" CONTENT="comme" WC="1.00" CC="00000"/>
					</TextLine>
					<TextLine ID="P113_TL00079" HPOS="1226" VPOS="2735" WIDTH="1203" HEIGHT="64">
						<String ID="P113_ST00520" HPOS="1226" VPOS="2736" WIDTH="115" HEIGHT="58" CONTENT="base," WC="0.99" CC="00004"/>
						<SP ID="P113_SP00436" HPOS="1341" VPOS="2794" WIDTH="23"/>
						<String ID="P113_ST00521" HPOS="1364" VPOS="2735" WIDTH="145" HEIGHT="45" CONTENT="mêlée" WC="0.98" CC="06061"/>
						<SP ID="P113_SP00437" HPOS="1509" VPOS="2794" WIDTH="21"/>
						<String ID="P113_ST00522" HPOS="1530" VPOS="2736" WIDTH="24" HEIGHT="44" CONTENT="à" WC="1.00" CC="0"/>
						<SP ID="P113_SP00438" HPOS="1554" VPOS="2794" WIDTH="20"/>
						<String ID="P113_ST00523" HPOS="1574" VPOS="2736" WIDTH="195" HEIGHT="46" CONTENT="d'autres" WC="1.00" CC="04004010"/>
						<SP ID="P113_SP00439" HPOS="1769" VPOS="2794" WIDTH="21"/>
						<String ID="P113_ST00524" HPOS="1790" VPOS="2739" WIDTH="203" HEIGHT="57" CONTENT="produits" WC="1.00" CC="00000460"/>
						<SP ID="P113_SP00440" HPOS="1993" VPOS="2796" WIDTH="20"/>
						<String ID="P113_ST00525" HPOS="2013" VPOS="2741" WIDTH="268" HEIGHT="58" CONTENT="chimiques." WC="1.00" CC="0040000003"/>
						<SP ID="P113_SP00441" HPOS="2281" VPOS="2799" WIDTH="26"/>
						<String ID="P113_ST00526" HPOS="2307" VPOS="2741" WIDTH="122" HEIGHT="45" CONTENT="L'air" WC="0.98" CC="64040"/>
					</TextLine>
					<TextLine ID="P113_TL00080" HPOS="1225" VPOS="2804" WIDTH="1203" HEIGHT="61">
						<String ID="P113_ST00527" HPOS="1225" VPOS="2804" WIDTH="75" HEIGHT="44" CONTENT="des" WC="1.00" CC="000"/>
						<SP ID="P113_SP00442" HPOS="1300" VPOS="2848" WIDTH="25"/>
						<String ID="P113_ST00528" HPOS="1325" VPOS="2804" WIDTH="183" HEIGHT="45" CONTENT="cellules" WC="0.99" CC="02420400"/>
						<SP ID="P113_SP00443" HPOS="1508" VPOS="2849" WIDTH="38"/>
						<String ID="P113_ST00529" HPOS="1546" VPOS="2818" WIDTH="64" HEIGHT="31" CONTENT="est" WC="0.99" CC="003"/>
						<SP ID="P113_SP00444" HPOS="1610" VPOS="2849" WIDTH="25"/>
						<String ID="P113_ST00530" HPOS="1635" VPOS="2805" WIDTH="228" HEIGHT="60" CONTENT="remplacé" WC="0.99" CC="00006007"/>
						<SP ID="P113_SP00445" HPOS="1863" VPOS="2865" WIDTH="26"/>
						<String ID="P113_ST00531" HPOS="1889" VPOS="2824" WIDTH="77" HEIGHT="41" CONTENT="par" WC="0.98" CC="006"/>
						<SP ID="P113_SP00446" HPOS="1966" VPOS="2865" WIDTH="38"/>
						<String ID="P113_ST00532" HPOS="2004" VPOS="2807" WIDTH="41" HEIGHT="44" CONTENT="la" WC="0.79" CC="40"/>
						<SP ID="P113_SP00447" HPOS="2045" VPOS="2865" WIDTH="37"/>
						<String ID="P113_ST00533" HPOS="2082" VPOS="2808" WIDTH="264" HEIGHT="45" CONTENT="dissolution" WC="1.00" CC="03000006200"/>
						<SP ID="P113_SP00448" HPOS="2346" VPOS="2865" WIDTH="28"/>
						<String ID="P113_ST00534" HPOS="2374" VPOS="2810" WIDTH="54" HEIGHT="44" CONTENT="de" WC="1.00" CC="00"/>
					</TextLine>
					<TextLine ID="P113_TL00081" HPOS="1223" VPOS="2874" WIDTH="1206" HEIGHT="58">
						<String ID="P113_ST00535" HPOS="1223" VPOS="2874" WIDTH="232" HEIGHT="43" CONTENT="sacharine" WC="0.92" CC="000000600"/>
						<SP ID="P113_SP00449" HPOS="1455" VPOS="2917" WIDTH="22"/>
						<String ID="P113_ST00536" HPOS="1477" VPOS="2895" WIDTH="12" HEIGHT="34" CONTENT=";" WC="0.34" CC="6"/>
						<SP ID="P113_SP00450" HPOS="1489" VPOS="2929" WIDTH="29"/>
						<String ID="P113_ST00537" HPOS="1518" VPOS="2875" WIDTH="98" HEIGHT="57" CONTENT="puis" WC="0.99" CC="0050"/>
						<SP ID="P113_SP00451" HPOS="1616" VPOS="2932" WIDTH="19"/>
						<String ID="P113_ST00538" HPOS="1635" VPOS="2874" WIDTH="40" HEIGHT="44" CONTENT="le" WC="0.81" CC="30"/>
						<SP ID="P113_SP00452" HPOS="1675" VPOS="2932" WIDTH="23"/>
						<String ID="P113_ST00539" HPOS="1698" VPOS="2876" WIDTH="93" HEIGHT="43" CONTENT="bois" WC="0.99" CC="0050"/>
						<SP ID="P113_SP00453" HPOS="1791" VPOS="2932" WIDTH="18"/>
						<String ID="P113_ST00540" HPOS="1809" VPOS="2886" WIDTH="64" HEIGHT="33" CONTENT="est" WC="0.96" CC="325"/>
						<SP ID="P113_SP00454" HPOS="1873" VPOS="2932" WIDTH="18"/>
						<String ID="P113_ST00541" HPOS="1891" VPOS="2876" WIDTH="134" HEIGHT="43" CONTENT="séché" WC="0.97" CC="08046"/>
						<SP ID="P113_SP00455" HPOS="2025" VPOS="2932" WIDTH="19"/>
						<String ID="P113_ST00542" HPOS="2044" VPOS="2875" WIDTH="385" HEIGHT="47" CONTENT="artificiellement" WC="1.00" CC="0005330505440004"/>
					</TextLine>
					<TextLine ID="P113_TL00082" HPOS="1225" VPOS="2940" WIDTH="970" HEIGHT="63">
						<String ID="P113_ST00543" HPOS="1225" VPOS="2940" WIDTH="108" HEIGHT="46" CONTENT="dans" WC="1.00" CC="0000"/>
						<SP ID="P113_SP00456" HPOS="1333" VPOS="2986" WIDTH="26"/>
						<String ID="P113_ST00544" HPOS="1359" VPOS="2942" WIDTH="76" HEIGHT="44" CONTENT="des" WC="1.00" CC="000"/>
						<SP ID="P113_SP00457" HPOS="1435" VPOS="2986" WIDTH="25"/>
						<String ID="P113_ST00545" HPOS="1460" VPOS="2943" WIDTH="191" HEIGHT="60" CONTENT="hangars" WC="1.00" CC="2000000"/>
						<SP ID="P113_SP00458" HPOS="1651" VPOS="3003" WIDTH="26"/>
						<String ID="P113_ST00546" HPOS="1677" VPOS="2944" WIDTH="224" HEIGHT="44" CONTENT="contruits" WC="0.93" CC="000000600"/>
						<SP ID="P113_SP00459" HPOS="1901" VPOS="3003" WIDTH="24"/>
						<String ID="P113_ST00547" HPOS="1925" VPOS="2943" WIDTH="25" HEIGHT="44" CONTENT="à" WC="1.00" CC="0"/>
						<SP ID="P113_SP00460" HPOS="1950" VPOS="3003" WIDTH="26"/>
						<String ID="P113_ST00548" HPOS="1976" VPOS="2956" WIDTH="72" HEIGHT="32" CONTENT="cet" WC="1.00" CC="000"/>
						<SP ID="P113_SP00461" HPOS="2048" VPOS="3003" WIDTH="26"/>
						<String ID="P113_ST00549" HPOS="2074" VPOS="2943" WIDTH="121" HEIGHT="47" CONTENT="effet." WC="0.99" CC="000034"/>
					</TextLine>
					<TextLine ID="P113_TL00083" HPOS="1294" VPOS="3009" WIDTH="1134" HEIGHT="61">
						<String ID="P113_ST00550" HPOS="1294" VPOS="3009" WIDTH="66" HEIGHT="45" CONTENT="Le" WC="1.00" CC="00"/>
						<SP ID="P113_SP00462" HPOS="1360" VPOS="3054" WIDTH="20"/>
						<String ID="P113_ST00551" HPOS="1380" VPOS="3023" WIDTH="364" HEIGHT="47" CONTENT="gouvernement" WC="1.00" CC="930000000000"/>
						<SP ID="P113_SP00463" HPOS="1744" VPOS="3070" WIDTH="19"/>
						<String ID="P113_ST00552" HPOS="1763" VPOS="3011" WIDTH="442" HEIGHT="46" CONTENT="Ouest-Australien" WC="1.00" CC="3000030000401000"/>
						<SP ID="P113_SP00464" HPOS="2205" VPOS="3070" WIDTH="13"/>
						<String ID="P113_ST00553" HPOS="2218" VPOS="3031" WIDTH="24" HEIGHT="26" CONTENT="a" WC="1.00" CC="0"/>
						<SP ID="P113_SP00465" HPOS="2242" VPOS="3070" WIDTH="17"/>
						<String ID="P113_ST00554" HPOS="2259" VPOS="3015" WIDTH="141" HEIGHT="43" CONTENT="ordon" SUBS_TYPE="HypPart1" SUBS_CONTENT="ordonné" WC="1.00" CC="00000"/>
						<HYP HPOS="2400" VPOS="3015" WIDTH="28" CONTENT="-"/>
					</TextLine>
					<TextLine ID="P113_TL00084" HPOS="1224" VPOS="3077" WIDTH="1203" HEIGHT="65">
						<String ID="P113_ST00555" HPOS="1224" VPOS="3077" WIDTH="58" HEIGHT="44" CONTENT="né" SUBS_TYPE="HypPart2" SUBS_CONTENT="ordonné" WC="0.64" CC="07"/>
						<SP ID="P113_SP00466" HPOS="1282" VPOS="3121" WIDTH="38"/>
						<String ID="P113_ST00556" HPOS="1320" VPOS="3078" WIDTH="54" HEIGHT="44" CONTENT="de" WC="1.00" CC="00"/>
						<SP ID="P113_SP00467" HPOS="1374" VPOS="3122" WIDTH="27"/>
						<String ID="P113_ST00557" HPOS="1401" VPOS="3079" WIDTH="108" HEIGHT="44" CONTENT="faire" WC="1.00" CC="00002"/>
						<SP ID="P113_SP00468" HPOS="1509" VPOS="3123" WIDTH="39"/>
						<String ID="P113_ST00558" HPOS="1548" VPOS="3079" WIDTH="75" HEIGHT="45" CONTENT="des" WC="1.00" CC="000"/>
						<SP ID="P113_SP00469" HPOS="1623" VPOS="3124" WIDTH="38"/>
						<String ID="P113_ST00559" HPOS="1661" VPOS="3079" WIDTH="289" HEIGHT="59" CONTENT="expériences" WC="1.00" CC="00070500000"/>
						<SP ID="P113_SP00470" HPOS="1950" VPOS="3138" WIDTH="38"/>
						<String ID="P113_ST00560" HPOS="1988" VPOS="3081" WIDTH="53" HEIGHT="43" CONTENT="de" WC="1.00" CC="00"/>
						<SP ID="P113_SP00471" HPOS="2041" VPOS="3138" WIDTH="39"/>
						<String ID="P113_ST00561" HPOS="2080" VPOS="3081" WIDTH="168" HEIGHT="61" CONTENT="longue" WC="1.00" CC="000000"/>
						<SP ID="P113_SP00472" HPOS="2248" VPOS="3142" WIDTH="41"/>
						<String ID="P113_ST00562" HPOS="2289" VPOS="3082" WIDTH="138" HEIGHT="45" CONTENT="durée" WC="0.99" CC="00070"/>
					</TextLine>
					<TextLine ID="P113_TL00085" HPOS="1224" VPOS="3147" WIDTH="1012" HEIGHT="48">
						<String ID="P113_ST00563" HPOS="1224" VPOS="3163" WIDTH="108" HEIGHT="28" CONTENT="avec" WC="1.00" CC="0000"/>
						<SP ID="P113_SP00473" HPOS="1332" VPOS="3191" WIDTH="27"/>
						<String ID="P113_ST00564" HPOS="1359" VPOS="3147" WIDTH="75" HEIGHT="45" CONTENT="des" WC="1.00" CC="000"/>
						<SP ID="P113_SP00474" HPOS="1434" VPOS="3192" WIDTH="27"/>
						<String ID="P113_ST00565" HPOS="1461" VPOS="3148" WIDTH="94" HEIGHT="44" CONTENT="bois" WC="0.99" CC="0050"/>
						<SP ID="P113_SP00475" HPOS="1555" VPOS="3192" WIDTH="26"/>
						<String ID="P113_ST00566" HPOS="1581" VPOS="3148" WIDTH="195" HEIGHT="44" CONTENT="destinés" WC="0.99" CC="00003060"/>
						<SP ID="P113_SP00476" HPOS="1776" VPOS="3192" WIDTH="25"/>
						<String ID="P113_ST00567" HPOS="1801" VPOS="3165" WIDTH="88" HEIGHT="27" CONTENT="aux" WC="1.00" CC="000"/>
						<SP ID="P113_SP00477" HPOS="1889" VPOS="3192" WIDTH="27"/>
						<String ID="P113_ST00568" HPOS="1916" VPOS="3150" WIDTH="122" HEIGHT="44" CONTENT="voies" WC="0.99" CC="00500"/>
						<SP ID="P113_SP00478" HPOS="2038" VPOS="3194" WIDTH="20"/>
						<String ID="P113_ST00569" HPOS="2058" VPOS="3149" WIDTH="178" HEIGHT="46" CONTENT="ferrées." WC="0.99" CC="00207004"/>
					</TextLine>
					<TextLine ID="P113_TL00086" HPOS="1295" VPOS="3214" WIDTH="1132" HEIGHT="63">
						<String ID="P113_ST00570" HPOS="1295" VPOS="3214" WIDTH="68" HEIGHT="45" CONTENT="La" WC="0.96" CC="00"/>
						<SP ID="P113_SP00479" HPOS="1363" VPOS="3259" WIDTH="24"/>
						<String ID="P113_ST00571" HPOS="1387" VPOS="3217" WIDTH="167" HEIGHT="43" CONTENT="société" WC="0.99" CC="0000667"/>
						<SP ID="P113_SP00480" HPOS="1554" VPOS="3260" WIDTH="26"/>
						<String ID="P113_ST00572" HPOS="1580" VPOS="3218" WIDTH="77" HEIGHT="58" CONTENT="qui" WC="0.99" CC="002"/>
						<SP ID="P113_SP00481" HPOS="1657" VPOS="3276" WIDTH="29"/>
						<String ID="P113_ST00573" HPOS="1686" VPOS="3217" WIDTH="173" HEIGHT="43" CONTENT="détient" WC="0.99" CC="0600001"/>
						<SP ID="P113_SP00482" HPOS="1859" VPOS="3276" WIDTH="27"/>
						<String ID="P113_ST00574" HPOS="1886" VPOS="3216" WIDTH="39" HEIGHT="44" CONTENT="le" WC="0.74" CC="50"/>
						<SP ID="P113_SP00483" HPOS="1925" VPOS="3276" WIDTH="28"/>
						<String ID="P113_ST00575" HPOS="1953" VPOS="3217" WIDTH="246" HEIGHT="59" CONTENT="monopole" WC="1.00" CC="00000040"/>
						<SP ID="P113_SP00484" HPOS="2199" VPOS="3276" WIDTH="26"/>
						<String ID="P113_ST00576" HPOS="2225" VPOS="3218" WIDTH="61" HEIGHT="44" CONTENT="du" WC="1.00" CC="00"/>
						<SP ID="P113_SP00485" HPOS="2286" VPOS="3276" WIDTH="37"/>
						<String ID="P113_ST00577" HPOS="2323" VPOS="3236" WIDTH="78" HEIGHT="41" CONTENT="pro" SUBS_TYPE="HypPart1" SUBS_CONTENT="procédé" WC="0.99" CC="000"/>
						<HYP HPOS="2401" VPOS="3236" WIDTH="26" CONTENT="-"/>
					</TextLine>
					<TextLine ID="P113_TL00087" HPOS="1225" VPOS="3283" WIDTH="1202" HEIGHT="49">
						<String ID="P113_ST00578" HPOS="1225" VPOS="3283" WIDTH="108" HEIGHT="44" CONTENT="cédé" SUBS_TYPE="HypPart2" SUBS_CONTENT="procédé" WC="0.97" CC="0706"/>
						<SP ID="P113_SP00486" HPOS="1333" VPOS="3327" WIDTH="45"/>
						<String ID="P113_ST00579" HPOS="1378" VPOS="3283" WIDTH="173" HEIGHT="45" CONTENT="Powell" WC="0.79" CC="505010"/>
						<SP ID="P113_SP00487" HPOS="1551" VPOS="3328" WIDTH="38"/>
						<String ID="P113_ST00580" HPOS="1589" VPOS="3302" WIDTH="25" HEIGHT="26" CONTENT="a" WC="1.00" CC="0"/>
						<SP ID="P113_SP00488" HPOS="1614" VPOS="3328" WIDTH="36"/>
						<String ID="P113_ST00581" HPOS="1650" VPOS="3285" WIDTH="286" HEIGHT="44" CONTENT="récemment" WC="1.00" CC="070000000"/>
						<SP ID="P113_SP00489" HPOS="1936" VPOS="3329" WIDTH="39"/>
						<String ID="P113_ST00582" HPOS="1975" VPOS="3285" WIDTH="132" HEIGHT="44" CONTENT="établi" WC="0.99" CC="820003"/>
						<SP ID="P113_SP00490" HPOS="2107" VPOS="3329" WIDTH="30"/>
						<String ID="P113_ST00583" HPOS="2137" VPOS="3286" WIDTH="74" HEIGHT="45" CONTENT="des" WC="1.00" CC="000"/>
						<SP ID="P113_SP00491" HPOS="2211" VPOS="3331" WIDTH="38"/>
						<String ID="P113_ST00584" HPOS="2249" VPOS="3298" WIDTH="178" HEIGHT="34" CONTENT="centres" WC="1.00" CC="0000000"/>
					</TextLine>
					<TextLine ID="P113_TL00088" HPOS="1224" VPOS="3351" WIDTH="1203" HEIGHT="63">
						<String ID="P113_ST00585" HPOS="1224" VPOS="3351" WIDTH="342" HEIGHT="60" CONTENT="d'exploitation" WC="1.00" CC="03000445504500"/>
						<SP ID="P113_SP00492" HPOS="1566" VPOS="3411" WIDTH="44"/>
						<String ID="P113_ST00586" HPOS="1610" VPOS="3352" WIDTH="25" HEIGHT="45" CONTENT="à" WC="0.59" CC="4"/>
						<SP ID="P113_SP00493" HPOS="1635" VPOS="3411" WIDTH="44"/>
						<String ID="P113_ST00587" HPOS="1679" VPOS="3352" WIDTH="182" HEIGHT="62" CONTENT="Sydney" WC="1.00" CC="000000"/>
						<SP ID="P113_SP00494" HPOS="1861" VPOS="3414" WIDTH="40"/>
						<String ID="P113_ST00588" HPOS="1901" VPOS="3364" WIDTH="44" HEIGHT="32" CONTENT="et" WC="0.92" CC="10"/>
						<SP ID="P113_SP00495" HPOS="1945" VPOS="3414" WIDTH="44"/>
						<String ID="P113_ST00589" HPOS="1989" VPOS="3354" WIDTH="109" HEIGHT="44" CONTENT="dans" WC="1.00" CC="0000"/>
						<SP ID="P113_SP00496" HPOS="2098" VPOS="3414" WIDTH="39"/>
						<String ID="P113_ST00590" HPOS="2137" VPOS="3354" WIDTH="41" HEIGHT="44" CONTENT="la" WC="0.80" CC="40"/>
						<SP ID="P113_SP00497" HPOS="2178" VPOS="3414" WIDTH="37"/>
						<String ID="P113_ST00591" HPOS="2215" VPOS="3355" WIDTH="212" HEIGHT="45" CONTENT="nouvelle" WC="1.00" CC="00000050"/>
					</TextLine>
					<TextLine ID="P113_TL00089" HPOS="1225" VPOS="3419" WIDTH="222" HEIGHT="46">
						<String ID="P113_ST00592" HPOS="1225" VPOS="3419" WIDTH="222" HEIGHT="46" CONTENT="Zélande." WC="0.99" CC="37500014"/>
					</TextLine>
					<TextLine ID="P113_TL00090" HPOS="1293" VPOS="3488" WIDTH="1134" HEIGHT="59">
						<String ID="P113_ST00593" HPOS="1293" VPOS="3488" WIDTH="102" HEIGHT="45" CONTENT="Elle" WC="0.99" CC="3000"/>
						<SP ID="P113_SP00498" HPOS="1395" VPOS="3533" WIDTH="26"/>
						<String ID="P113_ST00594" HPOS="1421" VPOS="3506" WIDTH="45" HEIGHT="27" CONTENT="se" WC="1.00" CC="00"/>
						<SP ID="P113_SP00499" HPOS="1466" VPOS="3533" WIDTH="27"/>
						<String ID="P113_ST00595" HPOS="1493" VPOS="3490" WIDTH="172" HEIGHT="57" CONTENT="dispose" WC="1.00" CC="0000000"/>
						<SP ID="P113_SP00500" HPOS="1665" VPOS="3547" WIDTH="26"/>
						<String ID="P113_ST00596" HPOS="1691" VPOS="3489" WIDTH="24" HEIGHT="44" CONTENT="à" WC="1.00" CC="0"/>
						<SP ID="P113_SP00501" HPOS="1715" VPOS="3547" WIDTH="26"/>
						<String ID="P113_ST00597" HPOS="1741" VPOS="3505" WIDTH="56" HEIGHT="27" CONTENT="en" WC="0.94" CC="10"/>
						<SP ID="P113_SP00502" HPOS="1797" VPOS="3547" WIDTH="28"/>
						<String ID="P113_ST00598" HPOS="1825" VPOS="3490" WIDTH="107" HEIGHT="43" CONTENT="faire" WC="0.99" CC="00400"/>
						<SP ID="P113_SP00503" HPOS="1932" VPOS="3547" WIDTH="26"/>
						<String ID="P113_ST00599" HPOS="1958" VPOS="3501" WIDTH="159" HEIGHT="32" CONTENT="autant" WC="1.00" CC="000000"/>
						<SP ID="P113_SP00504" HPOS="2117" VPOS="3547" WIDTH="22"/>
						<String ID="P113_ST00600" HPOS="2139" VPOS="3490" WIDTH="108" HEIGHT="45" CONTENT="dans" WC="1.00" CC="0000"/>
						<SP ID="P113_SP00505" HPOS="2247" VPOS="3547" WIDTH="30"/>
						<String ID="P113_ST00601" HPOS="2277" VPOS="3502" WIDTH="150" HEIGHT="35" CONTENT="toutes" WC="1.00" CC="030000"/>
					</TextLine>
					<TextLine ID="P113_TL00091" HPOS="1223" VPOS="3556" WIDTH="1202" HEIGHT="62">
						<String ID="P113_ST00602" HPOS="1223" VPOS="3556" WIDTH="62" HEIGHT="45" CONTENT="les" WC="0.98" CC="400"/>
						<SP ID="P113_SP00506" HPOS="1285" VPOS="3601" WIDTH="42"/>
						<String ID="P113_ST00603" HPOS="1327" VPOS="3558" WIDTH="162" HEIGHT="57" CONTENT="parties" WC="1.00" CC="0000700"/>
						<SP ID="P113_SP00507" HPOS="1489" VPOS="3615" WIDTH="44"/>
						<String ID="P113_ST00604" HPOS="1533" VPOS="3557" WIDTH="168" HEIGHT="45" CONTENT="boisées" WC="0.99" CC="0040700"/>
						<SP ID="P113_SP00508" HPOS="1701" VPOS="3615" WIDTH="27"/>
						<String ID="P113_ST00605" HPOS="1728" VPOS="3558" WIDTH="52" HEIGHT="43" CONTENT="de" WC="0.95" CC="00"/>
						<SP ID="P113_SP00509" HPOS="1780" VPOS="3615" WIDTH="28"/>
						<String ID="P113_ST00606" HPOS="1808" VPOS="3556" WIDTH="277" HEIGHT="47" CONTENT="l'Australie." WC="1.00" CC="040000003114"/>
						<SP ID="P113_SP00510" HPOS="2085" VPOS="3615" WIDTH="41"/>
						<String ID="P113_ST00607" HPOS="2126" VPOS="3558" WIDTH="69" HEIGHT="45" CONTENT="Le" WC="0.76" CC="13"/>
						<SP ID="P113_SP00511" HPOS="2195" VPOS="3615" WIDTH="38"/>
						<String ID="P113_ST00608" HPOS="2233" VPOS="3561" WIDTH="98" HEIGHT="57" CONTENT="prix" WC="0.99" CC="0050"/>
						<SP ID="P113_SP00512" HPOS="2331" VPOS="3618" WIDTH="39"/>
						<String ID="P113_ST00609" HPOS="2370" VPOS="3560" WIDTH="55" HEIGHT="44" CONTENT="de" WC="1.00" CC="00"/>
					</TextLine>
					<TextLine ID="P113_TL00092" HPOS="1223" VPOS="3625" WIDTH="1200" HEIGHT="61">
						<String ID="P113_ST00610" HPOS="1223" VPOS="3625" WIDTH="174" HEIGHT="44" CONTENT="revient" WC="1.00" CC="6000000"/>
						<SP ID="P113_SP00513" HPOS="1397" VPOS="3669" WIDTH="39"/>
						<String ID="P113_ST00611" HPOS="1436" VPOS="3627" WIDTH="132" HEIGHT="43" CONTENT="serait" WC="1.00" CC="000004"/>
						<SP ID="P113_SP00514" HPOS="1568" VPOS="3670" WIDTH="39"/>
						<String ID="P113_ST00612" HPOS="1607" VPOS="3625" WIDTH="53" HEIGHT="44" CONTENT="de" WC="1.00" CC="00"/>
						<SP ID="P113_SP00515" HPOS="1660" VPOS="3670" WIDTH="35"/>
						<String ID="P113_ST00613" HPOS="1695" VPOS="3626" WIDTH="105" HEIGHT="59" CONTENT="cinq" WC="0.99" CC="0600"/>
						<SP ID="P113_SP00516" HPOS="1800" VPOS="3685" WIDTH="44"/>
						<String ID="P113_ST00614" HPOS="1844" VPOS="3626" WIDTH="148" HEIGHT="45" CONTENT="francs" WC="1.00" CC="000000"/>
						<SP ID="P113_SP00517" HPOS="1992" VPOS="3685" WIDTH="43"/>
						<String ID="P113_ST00615" HPOS="2035" VPOS="3643" WIDTH="77" HEIGHT="42" CONTENT="par" WC="1.00" CC="000"/>
						<SP ID="P113_SP00518" HPOS="2112" VPOS="3685" WIDTH="44"/>
						<String ID="P113_ST00616" HPOS="2156" VPOS="3639" WIDTH="106" HEIGHT="33" CONTENT="cent" WC="1.00" CC="0000"/>
						<SP ID="P113_SP00519" HPOS="2262" VPOS="3685" WIDTH="40"/>
						<String ID="P113_ST00617" HPOS="2302" VPOS="3629" WIDTH="121" HEIGHT="57" CONTENT="pieds" WC="1.00" CC="03000"/>
					</TextLine>
					<TextLine ID="P113_TL00093" HPOS="1223" VPOS="3693" WIDTH="1202" HEIGHT="63">
						<String ID="P113_ST00618" HPOS="1223" VPOS="3694" WIDTH="151" HEIGHT="57" CONTENT="cubes," WC="1.00" CC="000004"/>
						<SP ID="P113_SP00520" HPOS="1374" VPOS="3751" WIDTH="43"/>
						<String ID="P113_ST00619" HPOS="1417" VPOS="3694" WIDTH="53" HEIGHT="43" CONTENT="de" WC="1.00" CC="00"/>
						<SP ID="P113_SP00521" HPOS="1470" VPOS="3751" WIDTH="26"/>
						<String ID="P113_ST00620" HPOS="1496" VPOS="3705" WIDTH="117" HEIGHT="33" CONTENT="sorte" WC="1.00" CC="00000"/>
						<SP ID="P113_SP00522" HPOS="1613" VPOS="3751" WIDTH="26"/>
						<String ID="P113_ST00621" HPOS="1639" VPOS="3693" WIDTH="106" HEIGHT="58" CONTENT="qu'à" WC="0.98" CC="0045"/>
						<SP ID="P113_SP00523" HPOS="1745" VPOS="3751" WIDTH="34"/>
						<String ID="P113_ST00622" HPOS="1779" VPOS="3705" WIDTH="100" HEIGHT="33" CONTENT="tous" WC="1.00" CC="0000"/>
						<SP ID="P113_SP00524" HPOS="1879" VPOS="3751" WIDTH="27"/>
						<String ID="P113_ST00623" HPOS="1906" VPOS="3693" WIDTH="61" HEIGHT="45" CONTENT="les" WC="0.98" CC="400"/>
						<SP ID="P113_SP00525" HPOS="1967" VPOS="3751" WIDTH="37"/>
						<String ID="P113_ST00624" HPOS="2004" VPOS="3706" WIDTH="148" HEIGHT="34" CONTENT="autres" WC="1.00" CC="001000"/>
						<SP ID="P113_SP00526" HPOS="2152" VPOS="3751" WIDTH="33"/>
						<String ID="P113_ST00625" HPOS="2185" VPOS="3707" WIDTH="240" HEIGHT="49" CONTENT="avantages" WC="1.00" CC="000000022"/>
					</TextLine>
				</TextBlock>
			</PrintSpace>
		</Page>
	</Layout>
</alto>
