2809 4135
557 286 524 70 LETTRES
1156 286 146 66 DE
1386 286 631 68 BOIELDIEU

2319 310 91 44 lO
2424 310 95 66 °3

271 444 222 54 torrens,
541 429 48 53 le
637 428 308 66 brouillard,
992 427 141 54 voilà
1185 425 48 54 le
1280 437 174 61 temps
1495 446 105 53 que
1648 446 137 34 nous
1831 446 166 34 avons
2036 425 129 74 jour
2210 438 52 41 et
2309 428 134 52 nuit,
2492 425 38 54 il

272 507 162 52 influe
476 524 91 33 sur
594 504 50 52 la
682 504 147 51 santé
858 501 294 73 cependant
1171 501 57 73 je
1255 501 111 53 vais
1394 519 148 35 assez
1569 500 119 52 bien
1719 513 51 41 et
1811 501 100 51 n'ai
1940 519 230 54 presque
2211 521 90 52 pas
2330 521 69 31 eu
2425 500 103 54 mal

272 602 26 33 a
325 581 269 54 l'estomac
622 579 112 52 hier
762 598 151 52 grâce
941 598 68 33 au
1037 578 201 71 régime
1269 598 10 32 :
1302 576 55 72 je
1385 575 51 53 le
1464 578 253 50 continue
1743 576 359 73 aujourd'hui.

419 654 143 72 parle
603 673 137 33 nous
781 653 138 52 donc
960 653 66 52 de
1068 663 152 40 notre
1261 663 364 59 appartement
1655 650 19 53 ?
1713 651 72 51 où
1813 670 66 33 en
1919 663 122 40 sont
2067 650 75 53 les
2170 651 240 52 ouvriers
2437 649 94 53 ?

273 733 261 52 Constant
573 729 141 53 a-t-il
741 728 209 72 envoyé
979 729 93 52 des
1101 728 168 71 figues
1298 726 19 54 ?
1350 726 345 54 etaient-elles
1737 726 205 54 bonnes
1970 726 19 54 ?
2018 728 197 50 Sais-tu
2243 728 72 50 où
2344 745 65 33 en
2453 738 79 40 est

273 827 84 33 ma
387 805 193 55 récolte
611 805 66 52 de
706 802 101 68 blé,
837 804 245 52 d'avoine
1110 804 146 53 &....

423 882 189 53 Cacam
642 880 115 52 doit
797 879 174 53 savoir
1012 890 122 41 tout
1175 877 123 52 celà.
1351 877 51 51 Si
1432 876 101 53 elle
1561 877 122 51 n'en
1712 876 96 52 sait
1835 876 129 66 rien,
1994 889 62 39 tu
2083 875 353 72 m'obligerais
2465 894 66 33 en

273 957 231 54 écrivant
546 974 29 33 a
616 955 263 52 Constant
926 971 137 52 pour
1092 951 131 74 qu'il
1266 952 232 52 t'envoie
1547 970 105 33 une
1700 962 126 40 note
1868 950 258 67 détaillée,
2169 962 51 41 et
2251 951 130 52 dans
2425 969 106 33 une

273 1032 66 52 de
380 1044 77 40 tes
494 1031 180 52 lettres
715 1041 61 40 tu
804 1029 259 52 m'écriras
1103 1046 58 33 ce
1188 1027 93 71 qui
1322 1046 66 33 en
1430 1039 98 53 est,
1558 1045 83 33 car
1680 1026 38 52 il
1755 1045 66 32 ne
1859 1023 113 55 faut
2013 1045 90 51 pas
2137 1026 309 70 m'envoyer
2485 1025 47 52 la

271 1107 154 52 lettre
453 1106 67 53 de
550 1106 277 52 Constant,
862 1103 56 72 je
946 1123 143 33 veux
1130 1103 174 51 savoir
1333 1102 42 51 si
1399 1101 90 72 j'ai
1520 1101 66 53 de
1616 1120 285 34 nouveaux
1929 1101 204 70 paniers
2163 1101 66 51 de
2257 1101 273 51 mouches,

272 1195 269 41 comment
567 1200 68 33 va
661 1200 129 32 mon
819 1178 199 68 cheval,
1049 1178 142 52 enfin
1220 1190 121 40 tout
1370 1196 60 34 ce
1458 1178 91 72 qui
1580 1176 409 52 naturellement
2018 1176 113 52 doit
2159 1176 371 52 m'intéresser.

424 1258 90 50 On
546 1256 77 52 dit
656 1256 49 51 la
744 1255 210 52 cascade
995 1253 243 71 superbe,
1269 1265 124 39 tous
1435 1252 76 52 les
1550 1270 178 53 gaves,
1770 1251 76 52 les
1887 1263 206 40 torrens
2136 1247 117 55 font
2282 1270 72 30 un
2390 1250 142 52 bruit

274 1331 406 72 épouvantable,
711 1350 56 33 ce
795 1331 155 52 serait
979 1330 133 52 beau
1140 1349 28 31 a
1195 1328 119 52 voir
1352 1328 130 52 mais
1511 1347 70 32 on
1619 1346 66 33 ne
1719 1338 129 59 peut
1876 1327 172 65 sortir,
2079 1345 56 33 ce
2164 1345 67 33 ne
2259 1326 155 52 serait
2441 1343 91 53 pas

274 1408 248 71 prudent,
571 1425 136 33 nous
753 1417 208 41 restons
1009 1403 138 54 donc
1190 1403 129 52 chez
1362 1421 138 33 nous
1543 1413 52 41 et
1643 1401 180 72 quand
1867 1420 137 33 nous
2051 1401 221 52 n'avons
2314 1418 91 52 pas
2439 1399 93 51 des

273 1483 249 52 visiteurs
550 1483 57 73 je
635 1493 52 41 te
717 1482 124 72 jure
868 1500 106 53 que
1012 1498 137 33 nous
1192 1498 65 33 ne
1286 1497 137 33 nous
1453 1496 283 52 ennuyons
1765 1477 206 72 jamais,
2003 1496 83 32 ma
2114 1476 178 50 bonne
2337 1473 195 53 femme

274 1570 79 40 est
382 1559 249 73 toujours
658 1557 133 71 gaie,
823 1576 136 32 nous
994 1554 203 73 jouons
1237 1573 28 32 a
1307 1552 335 72 l'lmpériale,
1672 1571 139 33 nous
1853 1550 165 53 lisons
2046 1550 75 53 les
2154 1552 301 71 journeaux
2483 1561 52 39 et

274 1646 123 40 tous
426 1634 143 51 deux
612 1651 137 33 nous
777 1631 227 53 veillons
1032 1631 28 52 à
1089 1643 153 38 notre
1274 1642 92 55 pot
1389 1647 66 34 au
1483 1629 93 68 feu
1615 1628 48 51 la
1708 1627 143 52 seule
1895 1628 157 49 chose
2095 1644 66 33 en
2204 1625 200 51 cuisine
2432 1643 103 54 que

274 1708 111 55 l'on
414 1707 133 54 fasse
575 1708 130 52 chez
733 1726 138 33 nous
899 1726 81 32 car
1011 1705 197 53 Cazéra
1230 1723 136 32 nous
1399 1716 106 39 sert
1531 1703 106 52 très
1666 1702 121 52 bien
1815 1721 137 50 pour
1980 1700 48 52 le
2057 1712 153 40 reste.
2245 1702 292 49 Manescau

277 1803 136 33 nous
456 1784 191 52 envoie
675 1782 66 52 de
783 1782 136 53 bons
961 1779 155 53 fruits
1154 1779 66 53 de
1260 1779 204 52 bonnes
1503 1779 192 70 petites
1722 1777 255 66 volailles,
2008 1794 85 33 ma
2121 1773 197 54 femme
2345 1787 192 39 trouve

277 1872 120 40 tout
425 1859 107 52 celà
560 1857 107 53 fort
696 1858 125 65 bon,
851 1876 82 34 car
973 1874 137 54 pour
1139 1854 109 52 moi
1285 1855 56 73 je
1370 1873 66 33 ne
1478 1854 198 70 prends
1709 1853 327 51 maintenant
2064 1869 104 54 que
2196 1850 66 51 de
2293 1849 50 52 la
2370 1867 166 52 soupe

278 1945 52 42 et
358 1934 75 52 du
460 1934 205 71 laitage.

428 2009 339 53 envoie-t-on
809 2006 94 54 des
955 2023 199 53 prunes
1208 2004 66 52 de
1314 2004 155 70 Jarcy
1498 2001 18 54 ?
1569 2000 277 55 sont-elles
1901 2000 204 52 bonnes
2135 1998 19 54 ?
2193 1998 37 52 il
2271 1996 113 55 faut
2427 1996 112 54 dire

278 2104 28 33 a
334 2084 263 53 Constant
625 2081 129 75 qu'il
797 2081 262 71 s'arrange
1087 2080 66 52 de
1182 2079 233 52 manière
1441 2097 28 33 a
1497 2097 57 33 ce
1582 2097 104 53 que
1716 2095 137 33 nous
1895 2094 66 33 ne
1997 2075 319 71 manquions
2352 2092 91 53 pas
2474 2072 65 53 de

278 2160 240 72 légumes
547 2179 66 33 au
644 2158 136 53 mois
809 2158 66 52 de
904 2155 319 72 septembre,
1252 2174 75 33 ou
1355 2173 118 33 sans
1502 2152 107 54 celà
1629 2154 56 72 je
1713 2151 298 74 gronderai.

429 2235 150 52 tache
632 2232 66 54 de
764 2244 52 41 te
882 2230 238 72 rappeler
1185 2241 179 41 toutes
1422 2227 75 54 les
1553 2229 184 50 choses
1803 2224 309 75 auxquelles
2166 2235 63 41 tu
2281 2222 118 54 dois
2456 2240 84 33 me

280 2310 282 72 répondre,
607 2328 137 52 pour
787 2326 106 54 que
934 2306 108 53 cela
1084 2318 52 40 te
1166 2305 101 52 soit
1307 2304 123 72 plus
1463 2301 148 55 facile
1646 2302 57 74 je
1731 2320 217 53 marque
1989 2300 161 52 d'une
2178 2297 157 55 étoile
2365 2297 29 29 *
2420 2307 121 42 tout

280 2406 56 33 ce
364 2386 93 74 qui
486 2385 151 72 exige
664 2385 244 70 réponse.

429 2461 65 67 Je
522 2473 53 39 te
614 2457 375 54 recommande
1031 2456 119 52 bien
1180 2455 66 53 de
1275 2452 282 55 déchiffrer
1597 2453 275 69 beaucoup
1912 2470 69 33 au
2020 2450 176 71 piano,
2226 2448 208 73 rejoues
2462 2457 79 41 tes

282 2536 188 52 etudes
499 2536 67 52 de
594 2535 236 65 Cramer,
872 2532 126 52 elles
1037 2532 350 52 t'exerceront
1432 2528 75 52 les
1538 2528 176 72 doigts
1757 2539 54 40 et
1857 2537 52 41 te
1952 2536 260 41 mettront
2250 2523 66 51 de
2363 2522 179 51 bonne

283 2611 273 52 harmonie
584 2610 131 52 dans
761 2607 49 53 la
851 2608 122 52 tête,
1004 2606 182 53 étudié
1229 2606 122 51 bien
1384 2605 130 52 dans
1557 2603 73 52 les
1675 2601 296 72 partitions,
2017 2597 523 65 l'instrumentation,

280 2687 78 52 les
404 2687 132 52 coda
562 2686 93 52 des
703 2702 299 35 morceaux,
1032 2682 131 52 dans
1204 2692 120 41 tout
1365 2680 108 52 celà
1519 2678 38 52 il
1603 2699 35 50 y
1665 2697 29 33 a
1736 2678 76 52 du
2064 2687 52 40 et
2156 2692 55 33 ce
2249 2672 185 52 metier
2476 2688 66 33 ne

284 2762 283 71 s'apprend
594 2760 160 73 qu'en
797 2757 309 67 entendant,
1135 2768 52 41 et
1215 2766 215 42 surtout
1470 2774 66 33 en
1577 2753 156 52 lisant
1765 2771 57 33 ce
1851 2752 163 72 qu'on
2042 2770 28 31 a
2098 2748 237 53 entendu
2363 2744 180 74 quand

284 2837 163 52 l'effet
498 2856 138 33 vous
689 2847 80 41 est
821 2833 138 54 resté
1015 2833 128 52 dans
1197 2831 50 52 la
1298 2831 108 52 tête
1448 2828 412 74 —j'approuve
1912 2845 105 53 que
2069 2837 61 39 tu
2183 2834 52 41 te
2276 2833 189 41 mettes
2514 2819 28 52 à

286 2913 382 51 instrumenter
694 2923 53 40 ta
773 2920 220 41 cantate,
1036 2906 97 53 fais
1172 2907 50 52 le
1262 2917 297 41 nettement
1600 2922 136 52 pour
1778 2921 104 54 que
1902 2902 56 72 je
1986 2901 180 69 puisse
2193 2918 36 51 y
2254 2897 119 53 voir
2403 2894 138 53 clair,

288 3007 65 33 ne
382 2988 189 70 charge
616 3006 87 51 pas
731 2997 122 58 trop
893 2983 76 53 les
1011 2998 524 54 accompagnemens.
1580 2979 222 70 ménage
1829 2977 75 52 les
1938 2975 325 51 instrumens
2291 2970 28 54 à
2344 2982 130 42 vent
2502 2969 41 51 si

286 3074 60 41 tu
374 3081 143 34 veux
543 3061 158 72 qu'ils
730 3059 318 73 produisent
1075 3057 67 52 de
1169 3055 182 54 l'effet.

438 3137 178 52 Adieu
644 3137 123 52 cher
795 3153 133 54 ange
948 3134 58 73 je
1032 3132 306 53 t'embrasse
1366 3129 146 52 mille
1540 3141 54 40 et
1620 3127 145 53 mille
1794 3123 117 54 fois.

1295 3204 51 53 le
1374 3204 122 71 plus
1524 3201 188 55 tendre
1740 3200 92 52 des
1860 3217 159 54 papas

1944 3274 323 51 BOIELDIEU.

1835 3422 11 28 1
1891 3440 57 35 ce
1980 3422 29 51 6
2038 3421 127 52 août
2192 3438 29 34 a
2248 3419 146 52 midi.

154 2086 49 190 envoie
154 2304 40 120 tout
156 2452 50 65 de
157 2546 48 136 suite
158 2709 30 28 a
159 2763 50 172 Adele
160 2964 32 96 son
145 3088 66 132 petit

91 2419 35 114 mot
92 2562 27 21 c
92 2601 32 69 est
79 2681 59 180 pressé.

291 3522 99 70 J'ai
434 3521 83 55 été
561 3522 335 70 interrompu
939 3520 112 52 hier
1080 3517 128 54 dans
1253 3535 86 34 ma
1381 3514 154 54 lettre
1564 3514 91 72 qui
1700 3511 84 53 n'a
1822 3529 76 52 pu
1939 3508 161 73 partir
2125 3526 59 34 ce
2210 3506 165 53 matin
2405 3517 50 41 et
2489 3505 55 72 je

185 3615 10 24 1
226 3619 95 39 Cote
344 3633 92 32 201,
458 3618 108 54 pièce
592 3631 61 37 15.
