2809 4135
1318 306 74 66 S.
1463 306 63 66 I.
1600 306 116 66 M.

304 334 140 66 105
462 339 48 58 +

429 451 85 47 LE
566 431 213 67 GÉNIE
832 430 254 70 ÉPIQUE
1138 445 94 46 DE
1284 444 318 47 RICHARD
1654 442 331 47 WAGNER.

430 520 38 44 Il
494 537 28 43 y
548 520 116 43 avait
691 518 117 44 deux
834 517 145 43 thèses
1007 531 73 28 sur
1108 513 199 45 Richard
1334 514 223 59 Wagner.
1586 514 55 58 Je
1679 529 73 26 me
1790 522 192 47 trompe.
2010 510 36 44 Il
2086 527 28 44 y
2141 526 56 27 en
2235 510 117 43 avait
2389 508 97 59 plus
2524 508 54 43 de
2615 508 118 50 deux.

296 588 122 45 Mais
454 604 58 27 on
551 586 61 45 les
649 585 183 59 pouvait
886 583 176 44 réduire
1100 582 23 44 à
1161 582 119 44 deux
1313 597 8 29 :
1389 583 45 41 i°
1461 580 201 45 Richard
1711 580 209 58 Wagner
1957 590 65 33 est
2060 594 62 27 un
2161 577 220 45 musicien
2406 598 10 33 ;
2474 579 48 41 2°
2550 576 183 49 Richard

294 656 208 59 Wagner
528 665 64 34 est
617 671 63 26 un
707 652 130 59 poète
865 651 295 59 dramatique.
1190 649 83 47 On
1309 660 108 48 peut
1454 649 163 44 hésiter
1656 659 127 33 entre
1821 647 61 45 les
1919 646 118 45 deux
2075 645 159 46 thèses.
2265 644 82 47 On
2375 655 108 48 peut
2510 644 148 44 même
2686 646 50 48 les

293 724 166 44 réunir.
489 721 122 46 Elles
636 738 58 27 ne
718 731 103 34 sont
847 720 127 58 point
1000 717 384 45 contradictoires.

430 790 75 45 En
543 790 115 43 voici
689 805 90 28 une
813 786 228 45 troisième
1068 802 9 28 :
1119 785 201 45 Richard
1353 785 209 60 Wagner
1594 795 64 33 est
1693 800 62 26 un
1796 783 131 59 poète
1965 783 282 58 dramatique
2286 780 117 45 doué
2440 780 109 44 d'un
2587 779 148 50 double

293 858 131 59 génie
449 875 8 28 :
487 857 116 45 celui
636 857 60 44 du
728 856 169 56 drame,
926 854 116 45 celui
1075 854 54 44 de
1160 852 217 60 l'épopée.
1407 852 132 46 Dans
1578 852 41 44 la
1653 851 221 59 première
1915 850 181 60 période
2137 850 54 44 de
2230 866 46 28 sa
2315 847 189 46 carrière
2535 847 61 45 les
2631 849 103 48 deux

294 926 151 56 génies
477 925 268 59 s'opposent.
787 923 131 45 Dans
943 922 62 45 les
1029 922 176 44 drames
1230 922 54 43 de
1310 920 41 45 la
1375 920 168 61 grande
1570 920 175 59 époque
1783 918 51 46 ils
1869 936 45 28 se
1952 918 186 45 mêlent.
2166 917 70 46 Le
2266 918 154 44 drame
2453 926 115 34 reste
2603 932 71 28 sur
2704 918 31 47 le

292 993 190 46 théâtre.
510 992 229 60 L'épopée
764 1009 45 27 se
835 990 245 59 développe
1106 990 109 45 dans
1240 988 275 46 l'orchestre.

360 1062 63 45 Et
449 1062 54 44 de
529 1078 51 28 ce
607 1058 209 62 mélange
842 1057 220 46 bénéficie
1088 1057 41 45 le
1156 1058 154 43 drame
1338 1057 191 44 attendu
1554 1073 89 44 que
1679 1055 259 45 l'orchestre
1963 1072 26 27 a
2013 1072 92 27 une
2126 1055 232 58 puissance
2385 1051 350 62 d'objectivation

292 1132 75 59 qui
396 1131 79 43 fait
501 1129 152 45 défaut
678 1129 24 43 à
729 1127 141 45 l'aède
897 1126 110 45 dans
1032 1125 202 60 l'épopée
1261 1125 192 45 verbale.
1484 1124 131 45 Dans
1652 1124 203 59 l'épopée
1895 1124 230 57 musicale,
2153 1139 60 28 on
2241 1139 57 26 ne
2325 1121 141 60 prend
2493 1120 98 60 plus
2617 1124 118 57 garde

291 1216 57 27 au
373 1197 192 46 récitant
592 1213 10 29 :
631 1196 30 44 il
687 1207 65 34 est
776 1194 253 60 supplanté,
1056 1193 244 59 supprimé.
1329 1193 44 44 A
1400 1203 120 34 cette
1555 1193 180 44 illusion
1774 1192 136 45 d'une
1947 1191 169 60 épopée
2143 1207 44 28 se
2215 1200 239 35 racontant
2488 1189 249 48 elle-même

291 1266 93 45 s'en
411 1266 149 61 ajoute
593 1282 92 28 une
719 1274 143 46 autre,
907 1279 89 43 que
1042 1262 200 44 Richard
1282 1263 224 59 Wagner,
1535 1261 109 45 dans
1689 1277 82 28 son
1810 1259 116 61 Oper
1951 1261 89 43 und
2071 1260 177 44 Drama
2286 1258 141 60 paraît
2472 1258 104 44 bien
2629 1261 108 44 avoir

292 1334 150 62 essayé
463 1334 53 44 de
545 1332 184 46 décrire.
752 1331 69 47 Là
847 1331 29 44 il
901 1331 239 59 s'exprime
1166 1346 74 29 sur
1267 1329 40 45 le
1333 1346 100 28 sens
1459 1332 54 44 de
1536 1330 134 44 l'ouïe
1698 1345 183 28 comme
1907 1328 30 44 il
1964 1327 209 60 parlerait
2199 1327 60 45 du
2284 1343 101 29 sens
2404 1326 155 45 visuel.
2582 1324 38 45 Il
2646 1327 91 47 dote

291 1402 185 45 l'oreille
515 1401 137 45 d'une
687 1401 118 44 vraie
844 1399 166 45 faculté
1047 1399 55 44 de
1127 1399 159 44 vision.
1315 1398 230 62 Pourquoi
1571 1397 13 45 ?
1623 1397 138 45 Parce
1798 1414 89 43 que
1925 1397 147 45 tandis
2108 1413 89 43 que
2234 1413 82 27 nos
2352 1412 121 45 yeux
2500 1411 115 28 nous
2650 1395 86 47 font

289 1471 231 59 percevoir
546 1468 307 47 l'événement
874 1466 194 60 présent,
1096 1466 117 46 celui
1239 1468 78 59 qui
1343 1483 45 28 se
1426 1484 122 43 passe
1573 1483 73 29 sur
1673 1465 42 45 la
1739 1465 134 45 scène
1988 1486 11 35 ;
2027 1482 77 43 par
2131 1464 254 58 l'audition,
2415 1480 59 28 ou
2500 1461 148 61 plutôt
2672 1480 64 42 par

290 1539 41 44 la
355 1539 254 44 réaudition
645 1538 75 44 des
745 1536 483 45 motifs-conducteurs
1261 1552 115 28 nous
1401 1552 246 43 percevons
1667 1551 57 27 en
1750 1535 152 44 même
1934 1545 148 48 temps
2111 1532 309 46 l'événement
2455 1530 137 60 passé,
2620 1548 116 31 cause

289 1607 217 44 lointaine
534 1623 58 28 ou
618 1606 245 59 prochaine
898 1604 61 44 du
983 1604 80 44 fait
1089 1603 192 60 présent.
1322 1602 74 45 En
1424 1604 152 45 même
1613 1615 146 47 temps
1792 1619 181 42 encore,
2000 1614 44 32 et
2075 1602 203 61 toujours
2311 1617 78 43 par
2427 1600 39 44 le
2498 1616 167 45 moyen
2691 1602 44 44 de

288 1675 203 58 l'oreille,
518 1691 115 28 nous
658 1684 284 49 pressentons
966 1672 40 45 le
1033 1672 144 45 futur:
1205 1683 160 33 autant
1392 1673 93 44 dire
1505 1689 89 44 que
1620 1688 114 27 nous
1759 1689 58 26 en
1848 1687 245 43 percevons
2126 1670 62 45 les
2212 1670 260 59 approches.
2503 1668 67 45 Le
2597 1668 139 46 thème

289 1745 54 43 de
369 1743 41 45 la
435 1743 292 44 malédiction
748 1741 266 44 d'Alberich
1040 1741 176 59 chaque
1241 1741 83 44 fois
1356 1741 112 59 qu'il
1494 1753 194 33 traverse
1714 1738 261 47 l'orchestre
2008 1740 215 59 équivaut
2250 1738 24 45 à
2299 1754 64 28 un
2397 1736 152 61 rappel
2587 1736 148 46 doublé

291 1811 137 46 d'une
454 1822 190 34 attente.
674 1810 111 46 Ceci
812 1828 25 26 a
862 1808 70 46 été
959 1809 65 44 dit
1049 1809 129 60 vingt
1203 1809 96 45 fois.
1329 1809 123 45 Mais
1477 1810 97 59 nul,
1612 1826 89 42 que
1721 1809 45 61 je
1791 1809 147 57 sache,
1968 1808 74 45 n'a
2067 1826 58 27 eu
2150 1807 134 44 l'idée
2322 1807 53 44 de
2415 1806 266 59 rapprocher
2704 1806 33 45 la

289 1879 216 45 méthode
530 1879 335 62 symphonique
892 1877 53 45 de
974 1877 202 45 Richard
1212 1879 209 59 Wagner
1449 1879 53 44 de
1529 1877 112 46 celle
1667 1875 112 47 d'un
1808 1877 205 45 Homère
2039 1894 59 28 ou
2125 1875 111 46 d'un
2272 1874 190 61 Virgile.
2492 1874 62 45 Et
2577 1874 34 45 si
2637 1891 100 29 nous

288 1959 246 35 soutenons
559 1964 88 44 que
673 1947 40 44 le
740 1947 154 44 drame
920 1963 29 45 y
974 1962 162 45 gagne,
1163 1957 45 33 et
1233 1964 88 43 que
1348 1964 77 42 par
1451 1947 56 59 là,
1534 1947 94 45 loin
1656 1947 54 44 de
1736 1946 247 61 dégénérer
2011 1945 29 45 il
2065 1962 45 28 se
2136 1944 215 62 régénère
2371 1943 110 45 c'est
2507 1960 130 42 parce
2662 1960 75 42 que

289 2017 40 44 la
348 2017 205 44 fonction
581 2015 178 60 épique,
786 2014 131 61 grâce
942 2013 25 45 à
992 2015 41 45 la
1057 2016 282 58 suppression
1380 2016 61 44 du
1465 2016 210 57 récitant,
1716 2014 198 60 s'adapte
1955 2013 377 62 singulièrement
2368 2029 90 29 aux
2496 2011 241 46 conditions

289 2086 59 44 du
373 2085 161 60 poème
556 2084 296 60 dramatique.
873 2083 201 46 Richard
1095 2085 209 60 Wagner
1327 2096 107 46 peut
1451 2084 119 47 donc
1591 2085 93 43 être
1705 2084 233 45 considéré
1959 2100 184 28 comme
2162 2093 139 51 ayant
2321 2081 162 59 résolu,
2504 2098 58 28 au
2584 2097 153 45 moyen

287 2154 139 44 d'une
451 2152 210 63 synthèse
689 2152 231 61 originale,
958 2169 92 28 une
1083 2153 225 44 antithèse
1343 2154 164 61 jusque
1536 2153 40 45 là
1603 2151 236 46 insoluble.
1868 2152 90 46 Les
1995 2152 118 44 deux
2141 2152 228 43 membres
2406 2150 54 44 de
2498 2148 239 46 l'antithèse

287 2223 171 44 étaient
484 2238 8 29 :
532 2239 26 26 a
564 2257 8 9 .
614 2220 40 45 le
681 2221 154 44 drame
868 2242 11 35 ;
907 2223 36 44 b.
971 2220 218 61 l'épopée.
1219 2221 68 46 La
1313 2222 211 62 synthèse
1561 2233 67 34 est
1660 2237 8 30 :
1698 2241 30 26 c.
1758 2221 41 45 le
1825 2221 155 45 drame
2005 2220 264 62 wagnérien
2298 2220 85 44 soit
2409 2218 39 45 le
2481 2217 256 45 Ton-Wort-

288 2291 192 44 Drama.

357 2357 138 45 Telle
522 2369 64 33 est
612 2356 220 60 l'opinion
859 2375 89 43 que
976 2375 113 28 nous
1113 2375 138 28 avons
1285 2358 225 46 défendue
1548 2359 110 45 dans
1695 2370 132 34 notre
1860 2375 9 29 :
1908 2357 354 60 Musicien-poète
2299 2355 205 46 Richard
2542 2355 194 59 Wagner.

288 2426 69 46 La
383 2427 191 59 critique
598 2443 26 27 a
648 2427 80 45 fait
755 2427 89 44 bon
875 2429 173 44 accueil
1082 2445 58 27 au
1173 2427 109 46 livre
1317 2439 46 35 et
1394 2444 114 30 nous
1542 2427 91 45 l'en
1669 2428 292 45 remercions.
1990 2427 134 45 Nous
2161 2425 92 46 l'en
2289 2425 183 45 aurions
2509 2424 228 45 remerciée

288 2496 249 59 davantage
564 2495 33 44 si
619 2495 84 46 elle
728 2496 117 44 avait
870 2496 140 60 songé
1037 2497 24 45 à
1086 2513 116 28 nous
1227 2497 210 45 discuter.
1451 2495 16 25 1

426 2563 91 46 Car
557 2573 128 35 notre
723 2562 125 47 thèse
886 2576 64 33 est
988 2564 261 47 discutable.
1277 2565 103 46 Elle
1418 2564 100 47 l'est
1555 2566 207 44 d'autant
1799 2564 99 60 plus
1929 2581 89 44 que
2047 2563 202 46 Richard
2276 2564 210 59 Wagner
2522 2579 56 27 ne
2614 2560 123 60 paraît

287 2632 128 59 point
440 2631 131 46 s'être
598 2632 195 45 attribué
825 2632 61 47 les
920 2634 113 45 dons
1070 2634 197 59 épiques.
1308 2634 252 45 L'absence
1599 2634 61 45 du
1696 2634 196 44 récitant
1930 2632 59 46 l'a
2027 2632 219 59 empêché
2285 2631 304 59 d'apercevoir
2626 2641 111 33 entre

285 2699 218 61 l'épopée,
527 2700 137 46 d'une
701 2713 113 49 part,
842 2714 44 33 et
913 2701 40 45 la
980 2703 139 58 partie
1145 2703 336 61 symphonique
1507 2703 54 44 de
1588 2719 80 29 son
1696 2703 171 58 drame,
1896 2702 54 45 de
1982 2700 176 59 l'autre,
2187 2699 62 47 les
2274 2700 228 61 analogies
2528 2716 78 43 par
2639 2715 98 27 nous

285 2768 232 62 signalées.
546 2769 300 47 Avons-nous
871 2771 119 45 donc
1016 2789 56 27 eu
1098 2782 91 34 tort
1215 2771 141 45 d'être
1382 2771 190 46 sensible
1621 2771 25 45 à
1672 2788 73 28 ces
1769 2771 228 61 analogies
2023 2782 44 33 et
2103 2769 201 46 d'attirer
2338 2786 73 29 sur
2439 2768 106 45 elles
2572 2767 145 46 l'atten-

287 2839 96 43 tion
411 2837 53 45 de
491 2837 41 46 la
557 2838 193 60 critique
771 2839 14 44 ?

423 2907 83 43 Un
533 2906 108 45 livre
667 2923 183 29 comme
877 2907 118 45 celui
1021 2925 89 44 que
1139 2925 114 28 nous
1278 2926 174 28 venons
1477 2910 54 44 de
1558 2909 124 59 faire,
1709 2908 69 46 s'il
1804 2926 29 45 y
1859 2909 118 44 avait
1998 2907 72 46 été
2095 2908 210 60 question
2333 2905 111 46 d'un
2472 2905 186 46 Schiller
2690 2921 47 27 ou

287 2973 110 45 d'un
425 2973 176 47 Goethe
635 2977 144 44 aurait
813 2994 60 42 pu
917 2976 94 45 être
1053 2977 117 61 jugé,
1214 2977 244 60 médiocre,
1491 2977 240 60 paradoxal
1758 2998 11 36 ;
1805 2994 60 28 on
1900 2977 78 45 eût
2020 2977 151 45 même
2199 2994 61 42 pu
2303 2992 58 28 en
2389 2973 289 47 déconseiller
2706 2971 31 45 la

287 3042 185 47 lecture.
503 3043 122 45 Mais
651 3060 59 28 on
738 3062 114 28 nous
871 3046 144 44 aurait
1040 3046 25 44 à
1090 3057 102 34 tout
1223 3046 40 44 le
1289 3048 150 44 moins
1464 3047 211 46 discuter.
1704 3046 175 53 Quand
1905 3063 60 27 on
1997 3046 112 45 écrit
2135 3062 77 43 par
2237 3044 43 46 la
2305 3044 191 60 critique
2524 3042 211 56 littéraire,

285 3127 51 28 ce
374 3128 89 42 que
501 3112 80 44 nul
619 3125 127 32 autre
785 3114 74 44 n'a
896 3114 111 45 écrit
1043 3126 135 33 avant
1214 3115 80 58 soi,
1322 3132 58 27 on
1420 3127 132 33 court
1601 3115 53 44 de
1700 3132 101 44 gros
1827 3116 170 58 risques
2039 3126 47 33 et
2131 3114 93 45 l'on
2251 3115 201 57 s'expose
2478 3112 25 45 à
2528 3112 55 44 de
2623 3112 113 44 dures

285 3180 199 58 ripostes.
513 3180 129 45 D'où
678 3182 127 44 vient
839 3199 88 43 que
967 3182 42 45 la
1051 3184 191 60 critique
1281 3184 215 45 musicale
1541 3183 124 46 laisse
1701 3201 145 41 passer
1888 3184 76 45 des
2008 3184 210 59 opinions
2256 3182 114 45 aussi
2403 3197 155 46 graves
2590 3196 94 29 sans
2713 3194 22 46 y

284 3248 193 57 prendre
502 3250 134 59 garde
661 3248 14 45 ?
710 3250 71 45 En
811 3251 462 45 méconnaîtrait-elle
1301 3252 318 60 l'importance
1644 3252 14 45 ?
1693 3252 92 46 Car
1813 3251 27 46 il
1868 3264 65 34 est
1960 3253 104 44 bien
2091 3251 185 46 évident
2300 3268 89 44 que
2415 3251 33 44 si
2476 3265 114 30 nous
2613 3262 122 32 avons

285 3328 106 46 tort,
437 3328 129 33 notre
609 3319 187 58 opinion
840 3330 66 34 est
955 3319 54 44 de
1043 3319 134 46 celles
1219 3321 77 59 qui
1347 3321 200 61 égarent.
1592 3321 64 45 Et
1699 3321 110 45 c'est
1853 3320 40 46 le
1942 3338 73 28 cas
2058 3321 59 45 où
2157 3320 160 63 jamais
2359 3319 54 44 de
2458 3335 116 29 nous
2615 3318 117 44 crier:

334 3384 249 46 casse-cou!

395 3488 11 21 1
428 3490 56 36 La
505 3488 228 50 négligence
755 3491 47 37 de
823 3490 100 38 celui
944 3492 46 37 de
1012 3505 71 24 nos
1104 3490 193 50 collègues
1319 3493 66 50 qui
1408 3493 125 38 s'était
1551 3493 141 48 chargé
1713 3494 47 37 de
1790 3494 138 38 rendre
1961 3503 157 42 compte
2140 3494 53 38 du
2215 3491 107 48 livre,
2349 3495 48 36 M
2402 3498 13 16 r
2440 3495 43 35 L.
2507 3493 180 44 Dauriac,
2706 3503 28 23 se

283 3553 136 29 trouve
441 3546 251 48 aujourd'hui
714 3550 169 49 réparée,
909 3549 166 50 puisque
1097 3547 167 39 l'auteur
1284 3547 205 40 lui-même
1511 3558 90 29 veut
1622 3549 90 38 bien
1734 3563 111 38 poser
1865 3551 141 37 devant
2029 3563 70 24 nos
2119 3549 164 39 lecteurs
2303 3548 34 40 le
2358 3548 200 53 problème
2580 3543 154 43 essentiel

282 3601 46 37 de
350 3614 69 24 son
441 3613 180 37 ouvrage.
2257 3608 72 46 (La
2349 3606 230 48 rédaction.)
