3201 4381
368 99 574 50 Administration
979 94 83 48 de
1097 92 294 50 Concert
1428 90 82 48 A.
1548 86 512 56 DANDELOT,
2097 85 102 54 83,
2225 101 123 34 rue
2384 85 531 54 d'Amsterdam.

278 300 228 114 Salle
583 297 160 112 des
811 295 607 135 Agriculteurs
1482 290 112 112 de

1670 287 365 132 France,
2114 292 89 127 8,
2284 328 158 66 rue
2521 285 490 117 d'Athènes

705 1344 1168 122 CONCERTS
2035 1336 943 120 ITALIEN

720 1542 142 51 par
900 1524 76 56 la
1036 1527 389 60 LIBERA
1469 1523 507 62 ESTETICA
2028 1518 99 57 de
2185 1515 379 59 Florence

694 1677 177 53 :tion
896 1674 417 65 artistique
1340 1672 97 56 de
1461 1687 144 41 son
1625 1668 424 58 fondateur
2081 1631 516 91 PAOLO
2637 1631 465 91 LITT^i

1093 1811 170 36 avec
1299 1795 62 51 le
1397 1809 341 37 concours
1773 1794 85 50 de
1896 1792 317 51 Madame

428 1995 304 47 TROISIÈME
762 2006 259 35 CONCERT

282 2116 122 29 Mardi
432 2115 50 28 14
506 2111 230 37 Décembre,
760 2109 23 33 à
807 2114 25 28 9
855 2113 142 29 heures
1019 2112 49 29 du
1092 2112 78 28 soir

240 2215 141 36 Sonate
400 2225 99 34 pour
517 2213 133 36 violon
669 2214 38 34 et
731 2212 116 36 basse
901 2211 185 35 CORELLI

238 2265 176 35 Amarilli
905 2262 164 34 CASSINI

240 2316 87 33 Non
350 2324 118 33 posso
904 2311 42 34 L.
966 2319 55 26 DE
1037 2311 142 34 LUCCA

240 2364 190 44 Piangete
779 2389 7 7 .
841 2388 7 8 .
903 2360 212 35 CARISSIMI

240 2414 143 34 Sonate
402 2422 99 34 pour
518 2411 132 35 violon
670 2412 38 34 et
731 2409 114 36 basse
899 2410 175 34 MASCITI

242 2463 82 34 Che
344 2462 96 34 fiero
459 2461 176 35 costume
656 2486 191 9 ....
902 2460 214 33 LEGRENZI

241 2512 137 44 Lungi,
399 2510 108 45 lungi
527 2538 7 6 .
589 2537 6 6 .
652 2537 6 7 .
713 2537 6 7 .
775 2536 7 7 .
837 2536 7 7 .
901 2509 161 33 FASOLO

242 2563 143 33 Sonate
405 2571 98 33 pour
521 2559 133 35 violon
675 2559 38 34 et
737 2557 115 36 basse
906 2557 177 35 TARTINI

1478 1945 60 111 ï

1373 2111 553 122 ISORI

1449 2272 392 52 Cantatrice

1458 2347 391 50 Florentine

1548 2448 89 39 ET
1675 2448 87 39 DE

1314 2538 97 117 E.
1431 2538 551 114 WITTWER

1459 2705 377 51 Violoniste

2268 1987 328 52 QUATRIÈME
2625 1995 258 37 CONCERT

2127 2098 124 29 Mardi
2272 2098 49 27 21
2354 2092 231 34 Décembre,
2606 2089 23 33 â
2653 2094 25 28 9
2703 2093 142 29 heures
2865 2095 47 27 du
2926 2096 75 28 soir

2086 2198 146 35 Sonate
2250 2206 101 35 pour
2369 2195 133 35 violon
2521 2195 38 34 et
2584 2193 115 36 basse
2752 2192 218 37 BARBELLA

2086 2248 153 44 Cangia
2538 2243 4 49 '
2564 2271 7 8 .
2626 2272 7 6 .
2688 2272 6 6 .
2751 2243 159 34 FASOLO

2088 2298 60 34 Un
2169 2298 108 34 certo
2314 2323 7 7 .
2376 2323 23 7 ..
2747 2293 178 34 VIVALDI

2084 2347 163 44 Vergin,
2267 2345 96 35 tutta
2380 2354 314 26 amor....
2749 2341 203 35 DURANTE

2086 2397 144 33 Sonate
2249 2405 99 34 pour
2366 2394 133 35 violon
2519 2393 38 35 et
2583 2392 113 37 basse
2750 2392 254 35 DELL'ABACO

2088 2446 121 35 Sento
2227 2444 186 35 nell'core
2441 2470 7 8 .
2503 2470 7 7 .
2565 2470 69 8 ..
2690 2470 6 6 .
2749 2442 43 34 A.
2814 2441 220 37 SCARLATTI

2086 2496 63 34 Un
2169 2495 107 35 notte
2749 2491 188 35 PICCINNI

2086 2545 144 35 Sonate
2249 2553 99 36 pour
2365 2542 133 36 violon
2518 2542 38 35 et
2580 2540 115 36 basse
2749 2541 195 34 PORPORA

169 2848 128 38 Nous
325 2845 225 47 appelons
576 2844 334 47 spécialement
938 2844 267 37 l'attention
1225 2854 85 27 sur
1337 2843 47 38 la
1410 2843 289 45 personalitê
1736 2844 251 46 artistique

318 2921 225 38 italienne
569 2919 56 38 de
651 2923 118 34 cette
795 2919 230 37 éminente
1052 2918 263 37 cantatrice
1343 2917 68 39 lui
1439 2929 28 27 a
1498 2917 111 39 Valu
1640 2917 65 39 les
1731 2917 150 46 éloges
1909 2916 82 39 des

2014 2843 56 38 de
2106 2842 283 39 MADAME
2414 2841 195 39 ISORI.
2651 2842 68 38 La
2764 2840 120 39 belle
2921 2839 186 39 mêthodi

2028 2917 228 45 premiers
2296 2917 338 44 compositeurs
2675 2915 55 38 de
2758 2915 219 46 l'époque.

716 3095 307 51 CINQUIÈME
1060 3105 259 36 CONCERT

615 3215 123 29 Mardi
767 3217 12 26 1
798 3216 13 27 1
841 3215 167 35 Janvier,
1031 3211 22 34 à
1077 3217 23 27 9
1126 3215 142 29 heures
1289 3216 49 28 du
1360 3216 79 27 soir

536 3314 146 35 Sonate
701 3324 100 34 pour
819 3314 134 36 violon
972 3315 39 36 et
1035 3315 115 36 basse
1204 3316 127 34 Mossi

537 3363 101 36 Caro
657 3364 122 35 lascio
1139 3395 6 5 .
1200 3365 232 36 GASPARINI

537 3413 30 34 Il
588 3414 80 34 mio
685 3413 64 35 bel
767 3413 91 36 foco
892 3442 253 8 .....
1200 3415 231 35 MARCELLO

539 3462 177 37 Cassate.
1201 3465 44 34 A.
1266 3464 232 35 SCARLATTI

537 3512 143 36 Sonate
699 3522 99 35 pour
815 3512 133 36 violon
967 3513 38 35 et
1029 3513 116 36 basse
1197 3514 179 34 TARTINI

537 3562 50 34 Se
611 3563 41 33 tu
1200 3564 232 34 SCARLATTI

536 3612 50 33 Se
606 3610 26 35 il
651 3611 73 35 ciel
1139 3642 7 6 .
1201 3613 192 34 PICCINNI

537 3660 142 35 Sonate
698 3671 100 34 pour
814 3660 134 37 violon
967 3662 38 35 et
1030 3661 113 36 basse
1197 3662 185 35 NARDINI

301 3904 579 97 PIANOS
979 3889 858 107 STEINWAY

1901 3883 118 57 les
2074 3883 412 57 meilleurs
2550 3883 105 57 du
2711 3880 306 57 monde.

576 4038 10 25 >
654 4024 4 39 ï
659 4030 11 22 1

647 4099 28 28 y
711 4101 14 23 i

863 4041 445 70 MOULLE,
1370 4044 58 67 1,
1483 4062 145 39 rue
1684 4044 377 67 Blanche»
2114 4045 324 59 PARIS.
