2809 4135
466 307 868 60 L'ACTUALITE
1408 311 654 59 MUSICALE

2431 330 66 61 !3

47 435 38 45 de
110 431 330 58 Moszkowski,
470 443 45 32 et
542 431 125 45 enfin
694 433 62 45 les
1173 436 52 43 de

46 500 301 46 Wieniawski.

99 569 63 44 Le
202 569 195 44 virtuose
423 586 25 26 a
474 569 191 62 déployé
707 588 90 27 une
824 572 83 44 fois
947 573 53 43 de
1027 572 99 59 plus
1166 572 61 45 les

46 637 169 63 qualités
255 638 76 58 qui
362 637 38 43 le
447 637 179 59 placent
667 640 464 45 incontestablement
1169 659 56 27 au

47 706 173 63 premier
247 722 126 44 rang,
393 718 44 32 et
463 706 24 44 à
514 707 100 44 côté
637 708 75 44 des
739 709 288 61 plus-grands
1044 711 182 44 maîtres

46 775 220 46 modernes
295 775 59 44 du
381 775 169 46 violon.

98 844 65 44 La
202 844 307 58 particularité
555 845 52 44 de
660 863 50 26 ce
751 861 187 31 concert
980 849 243 57 consistait,

44 913 90 47 ainsi
162 929 87 43 que
276 912 282 59 l'annonçait
586 913 39 45 le
652 932 305 43 programme,
987 934 55 27 en
1071 934 50 27 ce
1138 934 88 43 que

44 982 57 46 M.
131 981 269 44 Bachmann
429 1000 28 44 y
489 983 146 61 jouait
661 1001 64 27 un
753 984 152 45 violon
946 984 280 47 Greilsamer

44 1050 286 46 entièrement
357 1052 123 44 neuf.
511 1051 37 43 Il
575 1070 29 43 y
630 1070 24 26 a
681 1070 55 26 eu
781 1055 258 43 unanimité
1067 1055 22 43 à
1117 1072 82 27 con-

43 1132 116 34 stater
185 1137 88 41 que
301 1119 39 44 le
367 1120 350 45 néo-Crémone
735 1121 153 46 luttait
904 1135 297 49 avantageuse-

44 1200 111 33 ment
194 1205 107 27 avec
329 1188 40 44 le
397 1189 327 62 Montagnana
752 1191 60 44 du
855 1193 213 58 virtuose,
1098 1191 127 64 payé,

42 1258 92 45 ainsi
193 1275 87 42 que
340 1258 220 60 l'indique
612 1259 252 46 l'annuaire
915 1262 75 44 des
1037 1263 188 57 artistes,

45 1340 164 44 20,000
256 1327 72 45 frs.
376 1327 70 44 La
490 1344 28 41 4
523 1331 49 18 1Î1C
616 1329 135 44 corde
795 1347 25 27 a
863 1330 153 45 même
1055 1330 171 46 semblé

44 1395 187 59 posséder
259 1395 98 59 plus
384 1395 253 60 d'ampleur
660 1415 179 29 encore.
868 1398 39 44 Il
935 1411 64 33 est
1022 1400 203 44 heureux

42 1480 94 44 pour
164 1463 100 45 l'art
293 1465 203 58 musical,
515 1482 89 44 que
631 1484 116 28 nous
767 1466 192 63 n'ayons
985 1468 242 45 désormais

42 1532 80 60 plus
148 1532 23 44 à
197 1534 256 44 considérer
493 1552 184 27 comme
722 1536 267 59 irréparable
1025 1536 41 45 la
1092 1538 107 43 dimi-

42 1602 147 44 nution
212 1602 277 61 journalière
516 1604 58 43 du
604 1606 192 43 nombre
825 1606 75 44 des
928 1607 299 44 instruments

41 1672 181 57 anciens,
274 1672 188 60 puisque
508 1672 39 45 le
596 1687 142 31 secret
789 1674 53 45 de
880 1675 233 44 Crémone
1163 1687 64 33 est

41 1740 191 44 retrouvé
258 1761 9 34 ;
298 1740 28 44 il
353 1740 131 62 s'agit
511 1742 119 44 donc
653 1742 40 44 là
710 1742 138 45 d'une
875 1745 351 43 reconstitution

42 1809 94 44 dont
164 1808 240 46 l'extrême
432 1811 283 59 importance
741 1829 54 27 11e
822 1814 166 42 saurait
1006 1813 221 59 échapper

41 1895 72 27 aux
154 1879 246 45 musiciens
427 1891 44 32 et
498 1897 113 41 pour
638 1880 192 61 laquelle
874 1880 27 45 il
929 1882 217 44 convient
1173 1882 53 43 de

40 1947 176 44 féliciter
257 1948 309 44 chaudement
602 1949 75 45 M.
708 1948 280 48 Greilsamer
1029 1951 111 43 dont
1166 1950 61 45 les

41 2032 161 45 sagaces
219 2018 268 44 recherches
505 2019 304 60 enregistrent
826 2036 63 27 un
917 2018 122 60 plein
1056 2020 167 44 succès.

96 2084 73 46 M.
200 2086 274 44 Bachmann
502 2087 126 44 vient
656 2087 54 44 de
736 2088 161 43 fonder
924 2105 63 27 un
1032 2100 194 48 quatuor

41 2171 72 42 que
153 2171 114 28 nous
294 2156 280 44 entendrons
600 2156 347 59 probablement
988 2168 71 33 cet
1086 2158 139 56 hiver,

40 2239 92 28 avec
159 2223 139 45 MM.
330 2224 263 58 Chouanet,
623 2226 54 43 de
706 2225 300 45 Renaucourt
1042 2238 43 31 et
1112 2225 87 46 Vol-

42 2293 110 57 patti.
728 2294 207 46 GASTON
977 2294 178 45 KNOSP.

97 2430 227 48 COURS
353 2432 93 45 DE
474 2432 335 45 LECTURE
855 2430 369 47 MUSICALE.

39 2502 165 44 —Une
255 2500 219 46 heureuse
503 2502 223 44 initiative
771 2518 115 27 nous
912 2512 64 33 est
1013 2500 211 61 signalée.

42 2569 207 46 Madame
279 2568 325 63 Delage-Prat,
634 2588 25 27 a
685 2584 160 30 ouvert
872 2587 63 27 un
963 2587 131 27 cours
1115 2587 112 41 pour

41 2639 138 45 dames
206 2651 44 32 et
291 2642 160 60 jeunes
476 2639 128 59 filles,
634 2641 109 43 dans
788 2638 149 61 lequel
979 2639 61 43 les
1084 2639 144 44 élèves

41 2707 118 46 lisent
186 2709 23 43 à
236 2709 221 59 première
503 2727 85 26 vue
616 2709 76 44 des
717 2724 179 28 œuvres
924 2709 52 42 de
1019 2709 206 58 musique

41 2777 266 47 d'ensemble
324 2778 24 44 à
366 2779 118 43 deux
507 2779 170 57 pianos,
701 2794 113 42 pour
835 2778 135 58 piano
992 2788 43 32 et
1056 2775 169 60 violon,

42 2863 97 40 pour
169 2848 102 45 voix
300 2859 43 34 et
381 2859 461 48 accompagnement,
884 2862 113 42 pour
1024 2846 133 57 piano
1185 2857 43 32 et

41 2916 273 47 violoncelle.
345 2916 123 45 L'un
499 2917 74 43 des
594 2916 274 59 partenaires
889 2925 65 33 est
982 2913 39 44 le
1048 2914 177 58 maître,

41 2982 146 47 l'autre
233 2987 173 44 l'élève.
453 2984 68 45 Le
562 3001 131 28 cours
719 3002 24 27 a
769 2983 91 45 lieu
903 3000 92 27 une
1035 2982 83 45 fois
1153 2999 76 42 par

40 3056 204 58 semaine,
277 3055 77 61 78,
382 3070 173 28 avenue
585 3054 53 42 de
668 3053 197 44 Villiers.

101 3190 616 49 CONSERVATOIRE.
875 3190 133 44 Nous
1032 3205 197 28 sommes

42 3259 190 46 heureux
277 3261 297 60 d'apprendre
602 3260 41 44 la
670 3259 290 45 nomination
1001 3257 52 43 de
1100 3269 129 32 notre

42 3327 196 47 éminent
265 3330 222 60 Collègue
517 3330 73 44 M.
621 3328 214 45 Maurice
881 3326 297 58 Emmanuel,
1206 3326 23 44 à

43 3396 32 44 la
112 3400 149 43 chaire
291 3399 229 44 d'histoire
550 3399 52 42 de
630 3397 41 44 la
697 3398 210 58 musique
949 3396 52 42 de
1032 3394 169 44 Conser-

43 3469 171 43 vatoire.
260 3469 132 43 Nous
418 3466 169 45 offrons
627 3465 60 45 les
714 3465 290 44 félicitations
1045 3463 60 44 les
1132 3463 97 59 plus

42 3535 183 45 sincères
265 3536 24 44 à
331 3536 72 44 M.
433 3536 213 44 Maurice
683 3532 298 59 Emmanuel,
1010 3542 44 33 et
1079 3548 150 28 serons

44 3601 192 48 heureux
265 3605 51 43 de
346 3606 159 42 rendre
533 3615 182 46 compte
745 3604 54 42 ici
829 3603 74 43 des
940 3601 154 56 leçons
1120 3600 109 60 qu'il

44 3674 231 53 professera
300 3690 56 27 au
379 3673 364 45 Conservatoire.

1375 436 363 53 QUATUOR
1770 437 299 46 PARENT.
2215 437 67 47 Le
2309 450 195 48 quatuor

1306 504 166 45 Parent
1498 506 202 44 donnera
1726 506 61 45 les
1812 518 158 49 quatre
1991 508 166 44 mardis
2184 508 53 43 de
2264 508 240 43 décembre

1305 572 190 46 l'œuvre
1536 575 219 61 intégrale
1782 576 53 43 de
1877 577 209 58 musique
2127 576 53 44 de
2207 577 215 44 chambre
2450 576 53 44 de

1305 642 282 59 Schumann,
1617 657 43 31 et
1687 645 62 44 les
1785 645 166 45 mardis
1989 645 53 44 de
2071 645 175 61 janvier
2272 657 43 32 et
2342 645 160 44 février

1305 710 235 45 l'audition
1570 713 75 44 des
1679 726 52 48 17
1763 725 181 49 quators
1982 714 54 44 de
2075 714 281 45 Beethoven.
2396 713 108 61 (Ces

1305 781 101 43 huit
1433 781 226 45 dernières
1684 782 181 45 séances
1886 800 57 27 ne
1964 783 242 45 coûteront
2224 800 55 26 en
2301 784 174 43 abonne-

1305 860 129 32 ment
1460 867 89 42 que
1582 865 57 30 10
1666 850 92 60 frs.)

1375 980 448 47 ERRATUM.—
1845 983 108 44 Une
1974 1000 152 27 erreur
2145 984 359 60 typographique

1306 1067 114 27 nous
1446 1067 24 27 a
1509 1052 80 43 fait
1629 1052 217 44 attribuer
1885 1052 24 44 à
1935 1051 75 46 M.
2041 1051 55 45 L.
2127 1051 241 47 Gandillot
2396 1052 109 46 dans

1307 1118 163 46 S.I.M.
1495 1120 54 44 de
1571 1120 265 44 Novembre
1864 1120 187 45 l'article
2072 1120 54 44 de
2149 1132 129 32 notre
2300 1120 204 61 collègue

1305 1186 212 46 Maurice
1562 1187 257 60 Gandillot,
1872 1190 112 43 dont
2027 1188 39 45 le
2116 1190 228 59 signature
2387 1191 118 43 avait

1307 1256 226 45 d'ailleurs
1558 1257 70 44 été
1657 1259 111 43 mise
1794 1258 24 43 à
1844 1257 40 44 la
1917 1257 63 44 fin
2010 1258 128 43 dudit
2174 1258 169 45 article.
2373 1259 131 44 Nous

1306 1343 114 27 nous
1446 1343 282 42 empressons
1754 1327 52 44 de
1834 1326 176 60 réparer
2036 1343 72 28 ces
2135 1326 230 59 coquilles.

1375 1468 277 45 ALFRED
1701 1468 260 62 JOSSET.
2130 1470 109 44 Une
2301 1470 203 45 curieuse

1304 1536 144 62 figure
1489 1538 53 44 de
1581 1537 41 45 la
1662 1539 209 59 musique
1909 1538 217 57 française
2161 1539 125 43 vient
2325 1538 53 45 de
2419 1539 64 44 dis-

1305 1607 190 58 paraître
1530 1623 7 28 :
1590 1606 40 45 le
1681 1607 304 58 compositeur
2034 1606 162 45 Alfred
2245 1607 147 60 Josset
2441 1618 65 34 est

1305 1688 121 31 mort
1465 1675 40 44 le
1540 1690 54 30 12
1635 1677 247 42 novembre
1920 1675 192 45 dernier.
2155 1675 36 44 Il
2238 1675 107 44 était
2385 1676 58 44 né
2483 1676 24 44 à

1307 1743 157 47 Gisors
1504 1743 39 45 le
1574 1743 24 45 8
1627 1745 254 57 septembre
1916 1743 119 58 1851
2070 1766 10 34 ;
2122 1745 105 43 sorti
2255 1744 53 44 de
2347 1743 158 45 l'école

1307 1813 346 62 Niedermeyer,
1683 1813 27 43 il
1738 1814 117 43 avait
1882 1813 70 44 été
1980 1813 159 43 maître
2167 1813 53 44 de
2255 1813 202 59 chapelle
2484 1814 23 44 à

1305 1881 26 46 S
1335 1880 31 23 te
1394 1881 301 61 Marguerite,
1738 1882 98 59 puis
1876 1882 249 58 professeur
2152 1881 53 44 de
2241 1883 208 58 musique
2483 1882 24 44 à

1307 1949 22 62 S
1351 1949 23 62 1
1396 1949 180 62 Nicolas.
1608 1950 176 59 Depuis
1817 1949 124 46 1882
1985 1949 28 44 il
2056 1950 204 61 dirigeait
2300 1967 106 28 avec
2442 1967 63 28 un

1305 2018 232 45 inlassable
1582 2019 306 44 dévouement
1931 2018 223 45 l'lnstitut
2204 2019 187 44 musical
2433 2020 75 44 des

1305 2088 135 45 frères
1466 2087 57 44 de
1561 2087 24 46 S
1591 2085 12 24 t
1629 2089 116 59 Jean
1773 2087 54 45 de
1855 2087 139 46 Dieu.
2032 2087 38 44 Il
2111 2087 107 45 était
2258 2105 200 42 parvenu
2484 2088 24 45 à

1305 2168 200 33 recruter
1543 2158 141 58 parmi
1722 2156 62 45 les
1810 2156 297 45 malheureux
2135 2155 203 47 infirmes
2364 2156 145 46 élevés

1307 2243 78 26 rue
1430 2225 254 59 Lecourbe,
1713 2242 64 28 un
1818 2227 228 43 orchestre
2085 2226 338 61 symphonique
2464 2237 43 33 et

1305 2312 91 26 une
1418 2294 175 46 Société
1620 2294 181 45 chorale
1828 2294 53 44 de
1908 2294 98 60 plus
2033 2294 53 44 de
2111 2308 95 31 200
2225 2294 280 46 exécutants.

1306 2362 37 45 Il
1372 2364 106 43 était
1508 2363 138 45 d'une
1686 2364 138 44 bonté
1851 2364 249 44 touchante
2127 2380 158 28 envers
2311 2374 100 34 tous
2437 2380 71 28 ces

1307 2449 186 42 pauvres
1536 2432 258 57 déshérités,
1823 2444 44 31 et
1910 2433 117 43 avait
2071 2431 151 61 rédigé
2266 2449 112 42 pour
2420 2449 87 27 eux

1305 2518 91 27 une
1444 2514 118 31 sorte
1609 2501 372 61 d'encyclopédie
2031 2500 230 58 musicale,
2298 2501 58 43 où
2405 2512 103 33 sont

1307 2569 253 59 présentées
1585 2587 101 28 sous
1712 2587 91 27 une
1837 2570 147 43 forme
2010 2569 151 58 rapide
2203 2582 43 31 et
2271 2568 236 60 simplifiée

1306 2638 61 45 les
1409 2640 183 43 notions
1637 2637 272 46 essentielles
1959 2638 53 44 de
2062 2637 271 45 l'harmonie
2372 2649 43 32 et
2453 2638 54 44 de

1306 2707 217 45 l'histoire
1573 2707 230 45 musicale.
1856 2707 203 44 Ennemi
2117 2707 100 60 juré
2267 2707 54 43 de
2380 2717 127 33 toute

1306 2777 196 57 routine,
1531 2775 27 44 il
1576 2777 118 43 avait
1721 2775 198 61 imaginé
1940 2792 91 27 une
2059 2775 215 43 méthode
2299 2775 207 59 spéciale,

1307 2845 198 44 destinée
1532 2845 24 44 à
1585 2844 191 45 faciliter
1803 2844 61 44 les
1904 2844 160 44 débuts
2090 2843 59 44 du
2188 2844 147 58 piano,
2365 2855 43 33 et
2435 2844 74 45 des

1307 2914 214 59 procédés
1570 2914 53 43 de
1673 2914 303 57 composition
2027 2924 44 32 et
2121 2911 386 60 d'improvisation

1306 2984 111 43 aussi
1473 2983 247 60 ingénieux
1770 2981 323 60 qu'imprévus.
2147 2981 75 46 Ses
2283 2981 226 45 doctrines

1306 3052 253 60 artistiques
1585 3062 82 33 ont
1693 3068 59 41 pu
1780 3050 147 59 prêter
1954 3050 162 59 parfois
2142 3050 24 43 à
2191 3050 184 57 sourire,
2398 3051 110 44 mais

1308 3119 105 46 elles
1455 3131 81 32 ont
1577 3118 367 46 infailliblement
1981 3118 146 45 séduit
2154 3131 100 32 tous
2288 3135 115 27 ceux
2430 3120 76 58 qui

1307 3201 81 31 ont
1429 3189 87 58 pris
1550 3188 42 44 la
1617 3189 132 59 peine
1777 3187 53 44 de
1857 3186 60 45 les
1943 3187 304 59 approfondir.
2340 3185 109 45 Tout
2474 3187 35 43 le

1307 3259 142 42 monde
1484 3257 261 60 compositeur
1768 3255 16 45 !
1884 3255 249 45 s'écriait-il
2170 3272 108 27 avec
2312 3254 194 45 l'ardeur

1308 3325 110 45 d'un
1459 3327 255 43 convaincu
1740 3325 77 59 qui
1860 3324 164 59 prêche
2064 3340 62 27 un
2159 3323 165 44 nouvel
2352 3323 123 45 Evan-

1307 3394 101 61 gile.
1440 3395 67 44 Le
1533 3394 93 45 seul
1654 3404 90 33 tort
1771 3393 53 43 de
1851 3404 72 33 cet
1949 3394 187 42 homme
2164 3391 240 59 excellent,
2427 3394 77 57 qui

1307 3465 116 42 avait
1463 3464 333 44 certainement
1836 3461 59 44 du
1935 3461 148 60 génie,
2110 3460 107 44 était
2246 3460 54 44 de
2337 3477 57 27 ne
2432 3477 74 42 pas

1306 3532 293 59 s'apercevoir
1625 3549 89 42 que
1740 3542 101 32 tous
1878 3528 108 45 n'en
2024 3530 178 43 avaient
2241 3545 73 44 pas
2347 3540 159 33 autant

1307 3618 88 43 que
1423 3601 75 45 lui.
