2809 4135
600 257 611 89 L'ÉDITION
1292 279 610 68 VATICANE

2279 306 90 45 io
2385 306 35 68 3
2445 308 29 43 1

65 435 173 53 bonnes
272 441 11 36 :
319 421 250 77 laquelle
602 421 247 78 adopter
882 442 151 57 pour
1064 423 53 55 la
1151 423 274 78 pratique
1458 423 18 56 ?
1515 423 98 59 On
1649 445 30 35 a
1712 439 250 44 souvent
1995 423 216 74 utilisé,
2247 446 237 38 comme

64 520 23 57 il
123 508 263 79 s'agissait
443 507 139 59 d'un
636 510 219 56 recueil
912 508 78 58 du
1042 508 180 59 chant
1284 511 252 70 romain,
1588 512 53 57 la
1696 515 230 54 version
1979 513 98 58 des
2133 516 351 57 manuscrits

62 602 199 63 italiens,
296 609 57 43 et
386 609 202 43 autant
624 616 115 59 que
772 595 270 80 possible,
1077 596 70 57 de
1184 597 216 70 Rome,
1435 599 148 57 alors
1617 600 170 77 qu'ils
1812 600 293 58 n'avaient
2140 621 98 59 pas
2271 623 212 36 encore

61 687 60 61 été
150 681 210 61 utilisés
394 682 138 58 dans
565 681 265 59 l'édition
865 682 71 59 de
969 685 304 57 Solesmes.

196 769 169 57 Voilà
399 790 152 57 pour
576 770 78 57 les
687 769 184 78 règles
906 770 70 57 de
1010 773 256 76 critique
1299 769 287 80 générale.

195 859 46 56 Il
283 878 72 37 en
399 872 84 43 est
527 856 250 60 d'autres
826 858 350 80 cependant,
1211 873 58 43 et
1311 860 40 56 il
1392 860 146 57 n'est
1579 880 98 59 pas
1722 861 193 58 moins
1960 861 343 60 intéressant
2352 864 129 57 d'en

59 947 184 60 étudier
273 947 79 55 les
385 945 235 57 raisons.
659 947 177 55 Voici
870 945 245 59 d'abord
1147 947 265 78 l'emploi
1447 947 98 58 des
1578 963 354 43 ornements.
1969 950 165 57 Tous
2176 952 80 57 les
2300 953 147 56 musi-

57 1038 234 74 cologues
342 1033 104 79 qui
501 1033 344 79 s'occupent
903 1033 98 58 des
1052 1033 260 80 époques
1368 1035 335 79 artistiques
1758 1035 245 80 proches
2059 1037 70 58 de
2185 1039 52 56 la
2293 1039 188 69 nôtre,

57 1122 324 59 connaissent
426 1121 78 55 les
548 1118 316 58 difficultés
912 1121 180 77 qu'on
1142 1142 30 36 a
1217 1119 218 79 agitées
1484 1142 96 37 sur
1627 1136 155 44 cette
1833 1124 289 78 question.
2163 1126 128 55 Elle
2336 1146 147 37 nous

56 1208 177 61 semble
266 1228 71 36 au
371 1208 291 56 contraire
695 1206 171 58 facile
902 1209 367 56 maintenant
1304 1207 31 58 à
1368 1208 274 59 résoudre
1666 1234 13 45 ;
1708 1231 70 36 en
1814 1208 288 60 rééditant
2129 1212 52 56 la
2209 1213 274 78 musique

55 1298 47 56 de
130 1293 146 59 Bach
314 1316 77 36 ou
426 1294 69 56 de
527 1294 286 70 Rameau,
842 1296 141 57 c'est
1017 1296 72 56 de
1115 1296 225 57 donner
1372 1297 80 56 les
1486 1312 338 42 ornements
1857 1297 96 58 des
1986 1297 256 58 éditions
2275 1320 76 35 ou
2387 1300 97 57 des

55 1385 308 56 manuscrits
407 1383 315 77 originaux
756 1383 104 56 tels
906 1383 175 79 qu'ils
1113 1397 151 56 sont,
1302 1385 192 77 quitte
1527 1382 30 59 à
1592 1383 288 59 chercher
1912 1386 78 56 les
2023 1406 245 60 moyens
2301 1386 70 57 de
2404 1387 79 56 les

55 1468 308 82 interpréter
413 1470 71 57 de
531 1471 53 57 la
629 1468 260 59 manière
934 1472 53 55 la
1033 1474 128 76 plus
1208 1471 265 79 parfaite.
1515 1472 49 56 Il
1609 1474 96 78 n'y
1749 1495 50 47 a,
1835 1474 139 57 dans
2018 1495 79 36 un
2143 1475 183 77 pareil
2367 1495 114 48 cas,

54 1579 151 37 aucun
241 1557 178 58 doute
454 1578 95 37 sur
581 1560 53 56 la
667 1559 307 57 meilleure
1009 1557 240 59 marche
1283 1557 30 59 à
1346 1560 193 57 suivre
1574 1582 151 57 pour
1758 1559 288 58 l'édition.

193 1646 178 69 Mais,
407 1660 342 42 remontons
784 1667 77 35 un
906 1667 111 57 peu
1063 1646 131 79 plus
1236 1645 164 58 haut.
1439 1648 338 77 Supposons
1812 1668 77 35 un
1934 1649 218 56 instant
2187 1669 135 57 que,
2357 1669 126 36 sans

52 1734 92 55 rien
175 1734 186 56 savoir
394 1734 70 57 de
498 1733 246 57 l'oeuvre
780 1733 70 57 de
888 1734 339 68 Palestrina,
1264 1748 56 42 et
1355 1733 97 58 des
1551 1735 467 78 tripatouillages
2112 1756 115 57 que
2260 1756 57 36 se
2351 1756 99 58 per-

54 1822 271 55 mettaient
357 1822 80 55 les
469 1822 307 68 virtuoses,
800 1823 41 54 il
873 1843 72 34 ne
974 1842 145 37 nous
1144 1834 148 45 reste
1320 1822 70 57 de
1415 1842 67 38 ce
1517 1820 209 59 maître
1755 1843 115 57 que
1896 1824 284 76 quelques
2205 1820 273 73 éditions,

51 1909 53 56 les
132 1929 153 47 unes,
319 1905 334 61 conformes
678 1907 31 58 à
742 1929 66 36 ce
835 1929 115 59 que
984 1929 146 37 nous
1164 1929 205 37 savons
1396 1910 416 56 actuellement
1839 1909 71 57 de
1945 1931 82 37 ses
2054 1910 429 79 compositions

51 1994 400 80 authentiques,
485 1997 80 56 les
598 2011 211 54 autres,
845 2017 138 36 avec
1016 1998 80 56 les
1139 1994 292 60 fioritures
1465 2011 58 43 et
1556 2012 339 42 ornements
1928 1998 107 57 tels
2069 2018 116 58 que
2224 2017 147 37 nous
2402 1998 81 57 les

51 2081 97 58 font
189 2082 301 58 connaître
535 2083 190 59 divers
769 2098 251 44 auteurs.
1058 2084 159 64 Quel
1264 2105 72 35 ne
1381 2086 171 56 serait
1598 2106 98 58 pas
1738 2083 336 59 l'embarras
2119 2084 69 58 de
2234 2086 250 56 certains

51 2171 401 77 musicologues
485 2172 18 56 ?

192 2257 137 59 Sans
362 2257 200 70 doute,
595 2260 78 56 les
708 2279 125 49 uns,
869 2257 371 59 considérant
1274 2279 114 58 que
1423 2260 77 56 les
1532 2257 255 59 éditions
1829 2257 377 80 surchargées
2254 2257 198 59 d'orne-

51 2359 157 43 ments
240 2345 276 57 diffèrent
549 2347 79 56 les
662 2366 141 37 unes
836 2346 98 57 des
967 2361 210 55 autres,
1212 2361 56 42 et
1296 2361 130 42 sont
1461 2346 288 58 d'ailleurs
1783 2347 337 69 rarissimes,
2155 2346 328 79 jugeraient

50 2432 91 55 seul
186 2432 113 58 bon
348 2446 59 44 et
454 2432 392 80 authentique
887 2435 52 55 le
973 2448 160 43 texte
1167 2455 287 36 commun
1490 2455 117 36 aux
1638 2448 194 44 autres
1865 2432 271 59 éditions.
2177 2435 161 56 Mais
2373 2434 40 56 il
2445 2454 37 58 y

50 2519 153 57 aurait
236 2521 148 56 aussi
418 2520 97 57 des
548 2523 317 54 musiciens
898 2542 151 57 pour
1084 2519 142 58 faire
1259 2542 341 57 remarquer
1633 2523 219 77 qu'une
1896 2521 97 56 des
2040 2519 255 58 éditions
2343 2540 139 37 avec

48 2622 303 43 ornements
404 2608 133 56 date
593 2608 78 57 du
723 2609 202 56 vivant
977 2608 197 57 même
1224 2608 70 57 de
1343 2609 339 67 Palestrina,
1717 2629 116 57 que
1866 2629 146 36 nous
2045 2628 204 37 savons
2284 2628 114 57 que
2431 2608 52 56 la

50 2694 240 79 musique
323 2695 71 56 de
427 2717 66 35 ce
527 2709 192 65 temps
753 2697 204 55 aimait
990 2695 309 79 beaucoup
1334 2697 70 55 de
1439 2698 104 54 tels
1576 2711 357 54 ornements,
1970 2709 57 43 et
2061 2698 173 75 qu'en
2280 2693 172 58 consé-

50 2797 195 58 quence
296 2803 145 37 nous
492 2783 218 57 devons
761 2782 333 58 considérer
1127 2805 236 35 comme
1397 2784 130 78 plus
1561 2783 420 79 authentiques
2014 2784 80 55 les
2129 2783 242 56 recueils
2406 2779 75 59 où

48 2864 36 56 le
106 2867 167 59 chant
301 2885 81 43 est
418 2871 144 57 ainsi
657 2869 165 57 fleuri
935 2872 80 56 les
1037 2886 190 42 autres
1251 2872 80 56 les
1358 2885 173 66 ayant
1566 2869 375 59 abandonnés
1974 2891 103 57 par
2116 2869 365 78 corruption.

50 2951 117 61 Sous
216 2977 55 37 sa
324 2956 189 58 forme
563 2956 316 80 spécieuse,
934 2958 53 56 le
1038 2959 434 55 raisonnement
1529 2956 278 59 séduirait
1840 2958 80 56 les
1955 2977 124 49 uns,
2117 2956 190 57 tandis
2340 2956 146 77 qu'il

50 3041 270 72 paraîtrait
353 3043 31 57 à
418 3045 249 57 d'autres
700 3045 317 68 auditeurs,
1054 3045 149 77 qu'il
1254 3065 147 37 vous
1457 3043 187 80 paraît
1678 3043 30 57 à
1755 3043 399 70 vous-même,
2188 3042 298 79 empreint

51 3125 113 61 d'un
200 3131 433 77 subjectivisme
667 3154 118 34 non
821 3132 265 56 douteux

197 3219 104 69 Or,
335 3221 53 53 la
423 3220 194 56 même
652 3220 277 77 querelle,
965 3233 389 55 exactement,
1391 3217 198 80 sépare
1621 3220 80 56 les
1735 3215 474 81 grégorianisées.

198 3305 82 56 Le
314 3305 179 57 chant
527 3305 333 77 grégorien,
896 3326 146 36 nous
1073 3306 52 55 le
1158 3325 205 37 savons
1407 3320 151 56 tous,
1593 3304 223 78 malgré
1868 3325 115 57 que
2033 3302 329 58 l'habitude
2414 3302 70 56 de

50 3384 58 59 les
139 3394 294 77 pratiquer
466 3414 73 36 ne
570 3394 244 57 subsiste
850 3395 128 76 plus
1011 3391 200 79 guère,
1245 3393 291 57 renferme
1571 3394 148 56 aussi
1754 3393 97 55 des
1884 3405 337 43 ornements
2270 3389 217 81 parfois

50 3490 128 42 assez
203 3480 348 57 nombreux.
583 3480 76 57 Ils
685 3494 131 43 sont
841 3479 342 57 facilement
1208 3479 507 70 reconnaissables,
1743 3479 198 57 même
1967 3499 139 36 avec
2131 3479 55 56 la
2213 3478 273 57 notation

48 3561 167 59 carrée
248 3586 95 36 sur
374 3567 188 78 lignes
593 3587 70 35 en
700 3587 174 57 usage
908 3567 206 79 depuis
1146 3567 52 55 le
1233 3567 122 57 XII
1362 3575 16 22 e
1402 3565 192 70 siècle,
1631 3586 171 58 parce
1848 3565 170 79 qu'ils
2050 3578 131 43 sont
2215 3561 272 82 indiqués
