2809 4135
718 339 538 71 CHARLES
1325 334 442 71 BORDES

2321 352 43 68 9
2382 329 33 66 8
2432 352 44 66 9

59 493 143 66 Corsi,
258 488 188 67 Lotti,
502 488 80 56 les
632 484 436 78 franco-belges
1115 483 253 79 Josquin
1425 482 70 57 de
1532 479 137 58 Près
1719 494 57 42 et
1813 476 235 60 Roland
2102 475 70 57 de
2214 476 206 55 Lassus
2462 473 16 54 ?

57 581 172 66 Bordes
261 597 224 59 prouve
534 576 146 55 ainsi
714 595 116 58 que
880 593 94 37 ces
1009 572 311 78 partitions
1371 570 331 68 anciennes,
1748 587 259 38 connues
2039 565 324 56 seulement
2412 559 69 57 de

55 668 236 85 quelques
324 662 241 68 érudits,
601 662 146 57 mais
781 657 300 61 délaissées
1105 680 104 57 par
1242 677 152 38 ceux
1429 657 103 79 qui
1566 657 266 54 auraient
1865 656 52 54 le
1951 653 202 56 devoir
2187 650 129 56 d'en
2338 668 108 36 con-

54 775 147 46 server
248 753 53 55 la
353 751 301 68 tradition,
712 764 149 53 sont,
920 748 197 56 même
1156 767 152 59 pour
1359 765 103 37 nos
1518 744 226 56 oreilles
1808 739 214 60 blasées
2077 761 103 58 par
2236 751 123 44 tant
2412 734 70 57 de

52 840 395 66 combinaisons
480 838 425 78 harmoniques
939 835 330 67 modernes,
1305 833 97 58 des
1446 832 326 56 merveilles
1806 830 306 57 musicales
2145 840 56 43 et
2237 846 115 57 que
2387 823 96 56 des

51 927 509 65 enchevêtrements
593 925 79 57 du
706 925 380 77 contrepoint
1138 922 188 68 vocal,
1362 921 39 56 il
1451 918 157 59 suffit
1644 917 70 57 de
1748 916 253 79 dégager
2048 916 52 56 le
2131 915 157 56 melos
2294 959 13 22 ,
2341 913 18 55 1
2383 931 68 36 ex-

51 1016 239 85 pression,
341 1034 153 58 pour
549 1014 154 56 ravir
756 1012 80 56 les
891 1010 315 57 auditeurs.
1274 1009 220 55 Aucun
1546 1005 96 57 des
1686 1001 273 61 habitués
2013 1002 70 57 de
2140 997 344 60 St-Gervais

50 1104 282 63 n'oubliera
364 1101 209 78 jamais
606 1098 316 59 l'intensité
958 1098 395 78 d'expression
1400 1094 98 58 des
1529 1108 317 43 nocturnes
1877 1113 153 57 pour
2067 1091 52 56 le
2154 1085 330 60 Vendredi-

49 1194 127 60 Saint
207 1190 70 57 de
313 1190 261 57 Vittoria
607 1189 61 57 ni
701 1189 52 56 la
786 1185 249 60 sérénité
1070 1185 97 57 des
1200 1203 210 38 messes
1443 1183 70 55 de
1550 1181 335 57 Palestrina.

190 1279 161 57 Mais
384 1278 44 57 si
464 1292 154 42 cette
652 1274 388 60 résurrection
1070 1273 78 57 du
1175 1270 319 80 répertoire
1528 1269 70 57 de
1631 1270 53 56 la
1714 1266 282 80 Chapelle
2031 1265 246 67 Sixtine,
2313 1263 173 54 attire

46 1371 108 57 dans
183 1368 51 56 la
286 1365 194 58 vieille
513 1363 181 80 église
729 1362 360 58 mélomanes
1138 1374 56 44 et
1246 1358 330 68 mondains,
1627 1378 74 36 au
1753 1354 182 79 grand
1999 1365 284 63 avantage
2317 1349 70 56 de
2434 1349 53 55 la

45 1456 256 77 fabrique,
355 1454 103 78 qui
492 1453 298 79 percevait
825 1472 76 36 un
939 1463 126 43 tant
1099 1470 152 58 pour
1296 1459 134 45 cent
1463 1466 97 37 sur
1592 1445 52 56 la
1677 1457 238 53 recette,
1960 1443 44 56 si
2039 1442 52 54 la
2130 1437 356 80 compagnie

45 1545 72 57 des
146 1542 312 58 chanteurs
491 1541 266 78 acquiert
790 1560 104 58 par
925 1539 53 55 la
1004 1538 274 79 pratique
1312 1533 97 59 des
1448 1552 229 38 œuvres
1701 1529 479 82 polyphoniques
2213 1546 113 37 une
2352 1524 135 55 telle

44 1631 307 80 réputation
375 1630 179 78 qu'on
581 1628 212 56 voulut
818 1625 325 58 l'entendre
1171 1623 231 57 ailleurs
1425 1619 134 80 qu'à
1594 1617 446 60 Saint-Gervais
2081 1616 94 76 (en
2204 1613 284 79 plusieurs

42 1716 181 60 années
257 1717 70 57 de
360 1715 471 81 pérégrinations
886 1734 71 37 en
1025 1713 224 56 France
1282 1724 57 43 et
1373 1707 31 59 à
1453 1706 332 79 l'étranger,
1822 1706 105 56 elle
1962 1719 168 63 porta
2180 1702 137 56 dans
2373 1719 115 35 une

42 1806 240 57 centaine
317 1805 69 56 de
419 1805 164 56 villes
638 1804 54 56 la
726 1800 321 60 révélation
1082 1799 97 57 des
1212 1816 230 40 œuvres
1475 1795 212 80 qu'elle
1721 1790 393 81 interprétait)
2149 1791 12 27 1
2205 1790 51 54 le
2290 1804 198 39 succès

40 1894 171 56 même
262 1913 72 35 ne
369 1912 257 58 manqua
681 1912 97 57 pas
833 1889 70 57 de
959 1887 266 59 soulever
1275 1899 206 43 contre
1532 1903 66 37 ce
1648 1893 383 45 mouvement
2083 1876 306 77 artistique
2436 1872 52 55 le

41 1980 519 59 mécontentement
595 1979 99 57 des
726 1992 290 43 amateurs
1065 1975 69 56 de
1167 1975 275 78 musique
1476 1969 243 81 profane
1753 1984 57 42 et
1841 1970 50 55 la
1909 1966 247 78 jalousie
2190 1964 96 58 des
2326 1985 124 37 com-

40 2070 263 78 positeurs
337 2069 104 78 qui
474 2088 71 36 en
578 2065 356 59 fournissent
966 2065 80 55 les
1079 2060 304 59 maîtrises.
1409 2056 16 26 2

192 2157 93 57 En
319 2155 160 70 effet,
517 2154 217 57 Bordes
767 2174 72 36 ne
874 2173 56 37 se
964 2164 278 45 contenta
1277 2171 99 58 pas
1410 2148 71 58 de
1513 2147 287 80 proscrire
1828 2144 68 56 de
1933 2141 446 59 Saint-Gervais
2411 2140 80 56 les

38 2244 365 79 productions
430 2243 138 57 d'un
597 2239 291 60 caractère
905 2239 495 59 insuffisamment
1423 2237 308 76 religieux,
1755 2233 41 56 il
1823 2233 209 56 voulut
2055 2228 144 57 faire
2222 2227 270 81 pénétrer

38 2352 68 37 ses
134 2354 138 35 vues
305 2331 433 57 réformatrices
772 2329 140 56 dans
962 2329 78 55 les
1075 2341 190 42 autres
1300 2324 353 57 sanctuaires
1679 2336 56 42 et
1763 2321 137 55 c'est
1935 2318 139 57 dans
2109 2338 63 36 ce
2208 2315 104 58 but
2347 2336 80 57 qu
2451 2315 40 55 il

37 2417 159 60 fonda
228 2441 70 36 en
345 2418 179 77 1894,
553 2439 139 36 avec
726 2418 52 56 le
800 2435 289 39 concours
1123 2411 226 59 dévoué
1383 2412 71 57 de
1480 2411 179 57 MM.
1687 2408 113 57 Ad.
1833 2407 316 57 Guilmant
2176 2418 56 42 et
2258 2402 233 79 d'lndy,

38 2507 42 56 la
107 2508 185 58 Scho/a
325 2520 295 44 cantorum.
662 2506 173 56 Cette
869 2503 339 58 institution
1242 2501 157 57 avait
1433 2520 151 58 pour
1617 2496 158 79 objet
1801 2495 423 76 d'encourager
2316 2491 147 56 l'exe-

38 2597 186 55 cution
277 2595 78 57 du
389 2594 373 80 plain-chant
814 2592 157 57 selon
1005 2592 55 56 la
1109 2588 279 59 tradition
1449 2585 409 80 grégorienne,
2040 2601 98 48 ou,
2190 2600 147 57 pour
2371 2591 121 42 etre

40 2684 111 75 plus
184 2698 188 54 exact,
399 2682 158 58 selon
583 2677 493 82 l'interprétation
1123 2677 98 56 des
1254 2676 234 56 anciens
1513 2672 350 57 manuscrits
1890 2690 103 59 par
2013 2670 80 54 les
2125 2665 368 58 bénédictins

40 2769 57 57 de
146 2771 303 69 Solesmes,
621 2769 54 56 la
727 2768 209 55 remise
971 2787 68 35 en
1090 2764 272 57 honneur
1396 2761 69 57 de
1512 2762 53 55 la
1599 2760 275 76 musique
1919 2754 474 81 palestrinienne,
2441 2752 49 55 la

37 2856 244 59 création
318 2858 175 57 d'une
529 2858 274 77 musique
830 2854 308 79 religieuse
1167 2851 282 58 moderne
1484 2863 56 43 et
1573 2846 452 59 l'amélioration
2060 2844 78 56 du
2172 2840 321 80 repertoire

38 2943 84 60 des
154 2948 320 75 organistes
600 2945 70 75 Je
703 2964 72 36 ne
808 2940 344 80 rappellerai
1187 2959 99 59 pas
1320 2938 76 57 ici
1433 2950 193 44 toutes
1679 2936 79 55 les
1792 2945 400 45 controverses
2237 2928 226 78 passion-

40 3030 117 60 nées
190 3048 54 43 et
277 3036 79 55 les
390 3032 275 58 chicanes
698 3030 340 79 auxquelles
1071 3050 66 35 ce
1187 3041 157 43 vaste
1378 3043 380 61 programme
1804 3020 193 56 donna
2046 3018 310 56 naissance.
2411 3015 84 56 La

45 3118 216 61 Tribune
290 3121 65 56 de
384 3117 448 70 Saint-Gervais,
880 3116 237 78 journal
1171 3113 263 57 mensuel
1482 3110 72 58 de
1603 3105 375 84 propagande
2035 3103 128 58 créé
2197 3123 72 36 en
2314 3100 178 77 1896,

38 3211 196 56 servait
268 3230 70 35 en
372 3208 141 57 effet
548 3207 70 57 de
651 3206 236 57 tribune
921 3225 114 35 aux
1071 3201 331 58 défenseurs
1437 3199 70 58 de
1541 3220 91 35 ces
1665 3194 154 60 idées
1846 3194 335 76 auxquelles
2209 3192 286 78 plusieurs

141 3380 10 23 1
175 3384 70 36 Sur
277 3390 59 30 cet
372 3378 189 54 apostolat
597 3379 47 37 de
680 3378 156 46 Bordes,
860 3389 51 25 on
948 3384 92 43 peut
1072 3372 69 39 lire
1172 3386 91 25 avec
1284 3372 151 45 intérêt,
1459 3370 143 38 l'étude
1623 3370 30 36 si
1675 3370 256 36 documentée
1952 3366 47 37 de
2021 3367 64 36 M.
2113 3366 106 37 René
2240 3364 46 37 de
2310 3365 153 36 Castéra
2488 3380 9 20 :

38 3436 73 37 Dix
131 3452 64 24 ans
214 3436 161 38 d'action
397 3436 176 37 musicale
575 3465 10 16 ,
607 3434 139 38 extrait
767 3434 47 36 de
834 3431 37 39 la
895 3431 164 39 Tribune
1079 3432 43 35 de
1143 3427 294 40 Saint-Gervais
1438 3457 9 17 ,
1472 3441 46 24 en
1541 3435 111 29 vente
1674 3439 47 23 au
1745 3424 144 38 bureau
1912 3423 24 37 d
1954 3422 146 37 édition
2124 3422 45 36 de
2191 3420 35 37 la
2248 3420 142 37 Schola.

139 3506 13 22 2
174 3508 109 36 Cette
304 3505 222 53 opposition
548 3502 61 38 fut
643 3502 239 45 victorieuse,
914 3498 166 51 lorsque,
1105 3511 46 24 en
1180 3512 115 35 1902,
1327 3510 69 39 par
1416 3497 98 36 suite
1535 3495 47 37 de
1604 3494 35 37 la
1660 3492 208 39 démission
1890 3492 46 36 de
1967 3490 12 37 1
1996 3490 97 37 abbé
2115 3490 46 36 de
2183 3491 132 47 Bussy,
2339 3489 158 35 nommé

40 3561 181 39 chanoine
242 3565 21 35 à
286 3562 281 44 Notre-Dame,
591 3558 126 38 l'abbé
741 3556 172 47 Mailles,
936 3555 60 38 fut
1017 3553 133 54 appelé
1171 3556 22 35 à
1214 3552 36 39 la
1286 3566 90 25 cure
1397 3553 47 36 de
1476 3551 234 38 St-Gervais.
1735 3551 74 36 Son
2039 3547 84 37 soin
2145 3544 60 38 fut
2225 3545 47 37 de
2292 3544 152 37 réduire
2465 3542 32 37 le

40 3618 211 38 traitement
271 3619 51 36 du
347 3618 150 37 Maître
530 3616 46 37 de
599 3613 184 54 Chapelle
816 3623 37 27 et
874 3613 46 37 de
953 3611 218 53 supprimer
1192 3608 52 39 les
1278 3610 230 36 Chanteurs.
1533 3606 164 39 Ceux-ci
1725 3604 131 38 furent
1876 3603 166 39 réadmis
2075 3601 27 39 il
2122 3616 26 37 y
2168 3615 21 23 a
2211 3615 53 23 un
2287 3613 62 33 an,
2375 3613 69 38 par
2465 3597 32 39 le

40 3678 81 34 curé
141 3673 135 47 actuel,
299 3672 127 39 l'abbé
449 3672 176 45 Gautier,
648 3671 67 50 qui
738 3685 21 23 a
779 3672 201 50 prononcé
1000 3666 138 49 l'éloge
1160 3665 163 39 funèbre
1344 3665 46 37 de
1413 3664 143 38 Bordes
1577 3661 78 39 àla
1673 3661 219 39 cérémonie
1914 3660 52 37 du
1994 3664 44 33 18
2065 3657 232 39 Novembre.
