2809 4135
797 263 200 71 LES
1046 260 287 71 AMIS
1386 257 155 72 DE
1604 255 158 74 LA
1818 252 507 94 MUSIQUE

376 268 10 11 •
402 268 10 10 •
428 268 10 10 #

333 292 112 43 vin

1184 423 277 38 EXTRAIT
1509 423 103 35 DES
1660 420 276 38 STATUTS

331 524 106 48 Jrt.
465 538 46 50 3.
625 519 79 50 La
734 517 176 52 Société
932 534 46 33 se
1006 529 201 54 compose
1233 514 58 49 de
1317 513 228 50 membres
1573 513 250 62 créateurs,
1842 510 60 51 de
1923 509 226 52 membres
2156 509 306 68 fondateurs,
2484 510 56 50 de
2561 519 181 61 membre

478 595 251 50 donateurs
756 605 47 37 et
825 591 58 50 de
908 589 226 52 membres
1162 589 150 67 actifs.

339 684 94 50 Les
583 679 225 53 membres
1087 678 235 51 créateurs
1595 689 103 38 sont
1844 675 65 51 les
2003 689 257 54 personnes
2568 692 102 33 sous

325 772 134 49 Pour
482 772 94 47 être
604 765 203 52 membre
827 764 274 66 fondateur,
1132 763 41 49 il
1179 763 126 67 faut
1327 763 147 49 avoir
1498 760 141 52 versé
1663 778 63 32 au
1755 760 147 50 moins
1929 776 91 33 une
2031 759 103 66 fois
2162 776 90 33 une
2281 758 234 51 cotisation
2544 762 200 62 minimum

477 843 57 49 de
569 857 156 34 1.000
739 839 190 67 francs.

328 932 130 51 Pour
483 932 94 48 être
610 924 203 55 membre
849 927 247 62 donateur,
1126 925 40 50 il
1173 925 125 68 faut
1320 942 167 33 verser
1512 942 89 33 une
1628 922 235 50 cotisation
1898 920 219 51 annuelle
2150 919 120 52 d'au
2308 920 146 51 moins
2490 937 97 34 100
2600 924 146 65 francs.

327 1019 131 50 Pour
483 1019 94 47 être
604 1013 204 52 membre
836 1014 131 68 actif
997 1013 41 50 il
1043 1013 124 67 faut
1192 1030 167 33 verser
1383 1028 91 33 une
1501 1011 235 50 cotisation
1764 1008 221 52 annuelle
2012 1008 58 51 de
2101 1023 70 36 10
2183 1008 192 67 francs,
2406 1008 258 53 rachetable
2677 1030 72 52 par

637 1110 63 33 un
821 1101 265 40 versement
1399 1089 172 69 unique
1795 1088 60 50 de
1146 1102 105 53 soo
2209 1087 190 67 francs.

328 1181 80 49 La
437 1179 234 50 cotisation
699 1176 220 50 annuelle
945 1176 57 48 de
1033 1190 70 35 20
1117 1176 172 66 francs
1317 1186 69 38 est
1407 1172 183 52 réduite
1617 1172 57 49 de
1701 1171 160 50 moitié
1874 1185 134 53 pour
2031 1171 65 50 les
2111 1169 381 69 professionnels.

328 1267 72 51 Le
427 1268 108 49 titre
560 1265 59 49 de
645 1262 204 51 membre
875 1262 268 51 d'honneur
1164 1275 189 53 pourra
1396 1262 95 48 être
1531 1259 195 51 accordé
1752 1273 108 54 par
1896 1258 42 51 le
1983 1258 190 51 Conseil
2206 1258 38 50 d
2253 1257 9 18 l
2270 1258 380 52 administration
2684 1282 65 36 aux

614 1355 256 52 personnes
1190 1338 82 69 qui
1424 1337 229 51 rendront
1942 1355 56 31 ou
2148 1348 175 38 auront
2554 1334 151 51 rendu

477 1432 59 33 au
560 1413 106 51 elles
691 1413 149 51 soient
863 1425 157 38 tenues
1047 1411 58 50 de
1122 1425 160 53 payer
1306 1427 90 34 une
1424 1411 236 49 cotisation
1689 1409 235 51 annuelle.

328 1502 95 51 Les
450 1502 161 50 dames
626 1512 223 55 peuvent
856 1498 140 69 faire
1014 1498 166 66 partie
1207 1497 57 49 de
1292 1497 48 51 la
1373 1496 174 52 Société
1576 1516 16 30 :
1620 1496 106 52 elles
1753 1508 104 40 sont
1881 1494 207 70 éligibles
2115 1494 30 51 à
2175 1508 143 37 toutes
2343 1494 65 51 les
2421 1494 243 68 fonctions.

328 1591 79 49 La
436 1590 100 50 liste
564 1601 43 37 et
632 1587 63 51 les
720 1600 168 38 statuts
913 1599 105 38 sont
1042 1585 197 68 envoyés
1259 1586 345 68 gratuitement
1627 1604 28 30 a
1687 1599 96 36 tous
1811 1602 112 33 ceux
1954 1585 81 69 qui
2063 1601 56 33 en
2131 1585 118 66 font
2272 1583 49 51 la
2350 1583 249 51 demande.

329 1703 102 39 Les
468 1701 287 39 adhésions
785 1704 50 34 et
866 1700 486 38 communications
1388 1698 213 38 doivent
1637 1695 112 41 être
1786 1699 279 37 adressées
2098 1696 31 40 à
2164 1696 66 40 M.
2253 1696 499 46 ECORCHEVILLE

799 1762 287 37 secrétaire
1113 1760 232 47 général,
1377 1759 86 45 22,
1501 1771 97 27 rue
1636 1760 154 38 Saint
1827 1760 287 46 Augustin,
2154 1760 164 38 Paris.

593 1948 324 75 SOCIÉTÉ
961 1969 431 77 FRANÇAISE
1434 1969 147 52 DES
1623 1969 193 51 AMIS
1859 1969 108 52 DE
2010 1969 100 51 LA
2153 1969 375 58 MUSIQUE

971 2084 78 46 22,
1087 2085 96 30 RUE
1221 2070 154 46 SAINT
1413 2072 278 57 AUGUSTIN,
1734 2082 79 47 22,
1956 2069 189 48 PARIS

433 2264 213 45 J'adhère
670 2265 26 43 à
724 2265 42 43 la
786 2263 175 47 Société
983 2265 239 57 Française
1242 2264 77 45 des
1338 2265 135 44 Amis
1494 2265 54 45 de
1575 2264 41 45 la
1636 2265 224 61 Musique
1879 2283 147 27 comme
2053 2267 176 43 membre
2246 2267 63 60 (1)

435 2368 39 34 et
498 2375 39 27 m
557 2375 153 43 engage
734 2376 26 26 a
787 2375 143 27 verser

658 2462 84 34 tous
769 2451 51 45 les
844 2469 75 27 ans
945 2451 42 46 la
1013 2470 144 26 somme
1181 2454 49 42 de
2528 2458 139 56 francs

659 2545 42 44 la
727 2564 143 26 somme
894 2547 49 43 de
2521 2553 159 62 francs,

435 2656 75 44 que
521 2639 48 59 je
586 2638 99 60 prie
710 2639 74 45 M.
813 2639 103 46 LÉO
944 2640 222 60 SACHS,
1195 2642 209 59 trésorier,
1430 2644 51 44 de
1505 2643 165 45 vouloir
1695 2643 88 45 bien
1804 2644 219 60 percevoir
2050 2663 25 26 a
2104 2644 203 46 Vadresse
2330 2646 198 46 suivante
2553 2663 13 29 :

435 2519 47 26 ou
503 2501 65 60 (2)

854 2984 45 46 A
1651 3024 12 23 ,
1691 2989 35 43 le
2490 3006 56 47 ig

2194 3096 233 27 SIGNATURE
2451 3103 8 20 :

777 3250 301 212 {Fondateur
1093 3267 12 19 :
1127 3251 207 36 Versement
1353 3250 137 51 unique
1510 3252 113 36 d'une
1645 3251 187 38 cotisation
1854 3253 196 38 minimum
2071 3255 45 35 de
2142 3269 118 23 1.000
2270 3254 148 47 francs.

866 3306 197 36 Donateur
1080 3324 14 19 :
1125 3307 206 36 Versement
1350 3308 113 36 d'une
1484 3307 186 38 cotisation
1693 3309 177 37 annuelle
1892 3311 44 35 de
1962 3323 73 25 100
2046 3310 151 46 francs.

867 3361 113 46 Actif
985 3380 12 18 :
1028 3363 207 36 Versement
1253 3364 113 35 d'une
1387 3363 187 38 cotisation
1597 3366 176 36 annuelle
1793 3366 44 37 de
1860 3381 50 23 20
1923 3373 138 40 francs
2081 3368 218 36 rachetable
2312 3375 82 43 par

924 3431 49 23 un
994 3427 212 28 versement
1226 3419 137 51 unique
1384 3421 44 36 de
1452 3434 77 35 500
1542 3423 150 44 Jrancs.

439 3481 57 52 (2)
527 3483 150 47 Effacer
696 3484 101 37 Vune
817 3498 43 25 ou
881 3486 16 36 l
900 3487 7 11 y
913 3494 108 29 autre
1030 3486 179 47 formule.
