2809 4135
1383 279 73 64 S.
1523 277 65 68 I.
1656 277 79 65 M

365 282 203 87 1046

351 428 80 55 les
464 446 155 57 yeux
654 445 78 34 un
781 442 116 59 peu
953 441 211 58 rouges
1214 418 164 80 après
1433 422 52 54 le
1543 421 319 67 Concerto,
1899 419 67 56 ils
1999 431 130 44 sont
2164 418 135 56 bien
2333 419 322 63 excusables
2675 454 9 43 ;
2712 436 51 60 les

351 512 376 78 impressions
760 509 148 56 d'art
941 529 113 57 pur
1086 521 131 42 sont
1251 527 155 37 assez
1441 526 149 37 rares
1626 526 151 57 pour
1811 504 181 79 qu'on
2025 506 80 56 les
2138 525 245 35 savoure
2434 506 326 86 pleinement,

351 598 357 78 lorsqu'elles
741 616 56 37 se
831 593 380 59 manifestent
1245 595 70 54 de
1341 607 155 43 cette
1531 593 191 78 façon.

442 682 518 59 Rachmaninnoff
983 701 56 37 se
1071 680 108 57 fait
1213 681 305 56 connaître
1540 700 238 37 comme
1800 678 250 79 pianiste
2083 691 56 43 et
2166 678 420 77 compositeur,
2605 682 155 75 jouant

352 772 97 58 des
492 784 307 44 concertos
839 789 153 57 pour
1040 769 180 77 piano
1265 781 57 43 et
1372 767 353 56 conduisant
1769 765 100 57 des
1913 784 230 38 œuvres
2199 763 374 60 d'orchestre.
2609 770 81 60 On
2717 799 41 38 en

352 873 234 64 promet
620 879 114 36 une
767 856 30 56 à
830 857 53 55 la
915 852 80 60 fin
1030 855 79 56 du
1143 856 151 55 mois
1327 854 30 57 à
1390 855 54 56 la
1477 854 362 57 New-York
1876 851 354 80 Symphony
2256 874 11 34 :
2307 852 85 56 Le
2427 852 242 64 Rocher.

526 946 173 55 Cette
732 943 197 57 même
963 941 359 57 New-York
1349 940 354 80 Symphony
1736 962 31 34 a
1800 953 208 43 ouvert
2041 959 57 37 sa
2130 940 186 55 saison
2351 959 140 36 avec
2525 960 106 38 une
2660 967 76 40 nou-

350 1034 148 57 velle
531 1031 268 58 audition
833 1030 258 76 d'Elgar,
1127 1029 357 79 symphonie
1518 1026 127 79 déjà
1669 1025 177 80 jouée
1879 1028 289 77 plusieurs
2201 1025 112 57 fois
2345 1025 112 57 l'an
2490 1029 166 75 passé.

526 1120 85 55 La
644 1118 275 76 musique
953 1117 71 55 de
1057 1114 284 57 chambre
1387 1136 31 35 a
1472 1113 93 58 été
1622 1115 194 56 moins
1866 1111 286 59 favorisée
2196 1111 234 79 jusqu'à

350 1205 227 60 célèbre
611 1219 253 64 quatuor
900 1203 240 58 Kneisel
1173 1203 92 56 n'a
1297 1222 100 58 pas
1429 1223 212 36 encore
1674 1199 414 60 recommencé
2124 1221 82 37 ses
2255 1199 246 59 séances.
2539 1202 53 57 A
2623 1205 115 79 signa-

347 1296 85 56 ler
463 1294 80 56 les
574 1291 232 59 séances
839 1291 69 57 de
941 1305 228 43 sonates
1206 1291 182 55 Piano
1423 1303 56 43 et
1514 1291 221 54 Violon
1772 1310 103 57 par
1909 1289 75 56 M
1990 1291 50 20 me
2072 1302 56 43 et
2164 1289 73 55 M
2244 1291 16 19 r
2294 1287 198 57 David
2543 1289 215 68 Mannes.

351 1378 340 60 Dimanche
724 1377 290 80 prochain
1047 1377 249 68 dernier,
1334 1374 289 80 première
1658 1374 223 70 séance,
1919 1377 212 56 Sonate
2166 1373 70 59 de
2274 1372 208 58 Pierné
2506 1398 13 46 ;
2568 1377 49 56 le
2658 1386 102 57 mois

347 1467 310 79 prochain,
695 1467 212 56 Sonate
941 1465 308 57 d'Enesco.

2208 1549 76 57 G.
2337 1549 295 58 Barrére.

1039 1794 402 67 LETTRE
1504 1794 132 66 DE
1701 1792 416 68 MUNICH

525 1990 134 57 Une
709 2008 293 52 moyenne
1049 1988 73 57 de
1167 1988 176 76 vingt
1376 1999 268 45 concerts
1677 2007 104 58 par
1814 1988 277 68 semaine,
2128 1985 207 80 depuis
2368 1985 155 57 deux
2556 1989 143 69 mois,
2722 2007 32 40 et

346 2100 67 36 ce
445 2079 148 56 n'est
626 2098 116 57 que
774 2078 54 56 le
861 2088 520 46 commencement
1415 2074 70 57 de
1518 2075 53 56 la
1603 2075 189 58 saison
1825 2074 9 57 !
1866 2075 85 56 Le
1976 2074 487 79 cinquantenaire
2488 2073 69 57 de
2580 2074 48 56 la
2650 2093 102 41 mort

347 2166 70 58 de
445 2164 193 80 Spohr
667 2164 102 78 (22
794 2163 243 58 octobre
1080 2162 184 79 1859)
1322 2174 143 45 vaut
1498 2160 30 59 à
1562 2182 84 37 ses
1684 2160 386 82 symphonies
2105 2182 80 36 un
2218 2163 202 76 regain
2454 2160 69 58 de
2568 2159 182 62 faveur:

348 2254 97 58 M.
485 2253 147 56 Paul
681 2253 144 56 Prill
872 2251 194 57 donne
1114 2263 94 44 cet
1253 2271 76 57 op
1381 2248 100 70 68,
1537 2252 65 55 A
1639 2251 59 56 la
1735 2248 175 79 gloire
1951 2249 64 58 de
2062 2251 58 56 la
2150 2248 266 80 Musique
2420 2296 14 23 ,
2469 2247 205 80 d'après
2707 2271 43 36 un

345 2340 213 81 poème
592 2340 70 57 de
698 2340 137 57 Cari
869 2337 264 71 Pfeiffer,
1161 2337 144 57 dont
1331 2337 110 57 elle
1465 2357 58 37 se
1556 2357 160 59 passe
1750 2337 31 57 à
1814 2338 126 56 vrai
1974 2337 123 57 dire
2130 2334 120 60 fort
2283 2337 157 70 bien,
2476 2350 55 43 et
2563 2337 164 56 l'ouver-

343 2442 131 45 ture
522 2427 79 57 du
651 2426 200 58 drame
898 2425 250 70 hindou,
1198 2445 126 38 sans
1371 2437 157 45 trace
1576 2423 72 58 de
1695 2426 246 57 couleur
1985 2426 186 56 locale
2210 2423 80 59 du
2343 2437 169 58 reste,

346 2517 98 58 M.
483 2515 194 57 Mottl
724 2511 271 61 enchérit
1042 2528 57 41 et
1147 2511 196 58 donne
1374 2514 55 55 la
1463 2512 96 57 III
1564 2515 67 20 eme
1635 2559 14 23 ,
1684 2524 63 45 ut
1775 2514 255 68 mineur,
2065 2534 141 37 avec
2253 2514 351 55 l'ouverture
2638 2526 46 42 et
2707 2533 40 35 un

339 2604 89 57 air
475 2602 70 58 de
836 2604 44 67 Faust,
881 2602 105 56 le
987 2601 102 56 VTP
1090 2602 52 21 me
1192 2614 278 43 concerto
1518 2600 72 57 de
1636 2601 205 57 violon
1881 2615 57 42 et
1970 2601 252 78 l'adagio
2256 2600 79 57 du
2371 2600 88 57 IX
2464 2602 67 21 eme
2535 2646 10 11 .
2584 2596 125 60 D'où
2728 2600 19 55 il

341 2704 211 66 appert
579 2710 115 59 que
713 2686 280 80 Joachim
1019 2689 157 56 avait
1202 2689 189 56 raison
1427 2686 71 59 de
1522 2689 80 56 les
1636 2686 197 59 chérir
1865 2703 57 43 et
1956 2709 116 59 que
2105 2709 148 36 nous
2279 2708 180 37 avons
2492 2698 112 47 tort
2633 2686 55 56 de
2711 2705 35 36 ne

341 2779 134 79 plus
498 2778 174 77 jouer
705 2797 93 38 ces
830 2774 405 82 symphonies,
1269 2775 71 57 de
1380 2774 198 58 même
1622 2795 117 60 que
1771 2776 171 58 celles
1990 2776 72 58 de
2087 2775 282 78 Joachim
2418 2775 146 57 Raff
2592 2773 154 80 (1822-

353 2864 212 79 1882),
601 2864 145 57 dont
780 2864 144 57 celle
957 2860 275 60 intitulée
2197 2864 167 56 Dans
2594 2863 58 57 la
2728 2862 27 77 f
1748 2863 265 80 apparaît
2048 2865 155 56 seule
2242 2883 213 38 encore
2488 2862 69 58 de
2586 2863 102 56 loin
2708 2879 36 36 en

338 2953 127 57 loin
515 2972 95 37 sur
633 2952 81 57 les
747 2969 424 60 programmes.
1226 2950 96 58 M.
1363 2950 165 70 Prill,
1561 2952 104 68 lui,
1708 2971 72 37 en
1814 2971 32 37 a
1877 2949 305 60 ressuscité
2218 2971 134 51 une,
2388 2948 169 60 titréé
2587 2950 155 63 Lenort,

341 3037 226 81 d'après
597 3038 55 57 la
685 3038 236 57 Ballade
954 3037 70 58 de
1060 3038 228 78 Burger
1316 3061 14 47 ;
1364 3037 474 58 l'orchestration
1872 3060 73 35 en
1979 3052 84 44 est
2096 3037 220 81 parfois
2349 3058 209 37 encore
2594 3029 124 84 impré-

339 3149 120 36 vue
520 3126 399 78 aujourd'hui.
971 3127 71 75 Je
1095 3126 70 57 lis
1218 3123 32 59 à
1303 3126 265 57 l'instant
1622 3126 382 80 l'expression
2060 3127 82 57 du
2204 3124 213 82 parfait
2468 3124 198 80 mépris
2707 3118 33 57 de

345 3215 97 57 M.
499 3213 258 57 Vincent
804 3212 214 79 d'lndy
1065 3232 152 59 pour
1267 3212 161 71 Raff,
1477 3212 141 58 dans
1664 3213 53 57 le
1766 3213 217 57 second
2031 3215 241 57 volume
2305 3213 72 57 de
2408 3234 104 38 son

347 3300 329 80 composition
1039 3300 95 58 musicale.
1135 3301 94 70 Or,
1230 3301 83 56 la
1314 3298 205 80 qualité
1569 3298 344 83 mélodique
1960 3301 72 58 de
2077 3303 56 56 la
2180 3300 293 81 première
2520 3298 161 82 partie
2705 3292 35 57 de

341 3391 209 56 Lœnore
577 3389 292 77 (VAmour
900 3389 260 77 heureux)
1171 3434 16 23 ,
1221 3401 231 43 surtout
1480 3389 140 57 dans
1651 3389 51 57 /'
1708 3390 265 57 Andante
2002 3390 268 79 larghetto
2276 3438 14 23 ,
2326 3391 115 56 m'a
2472 3387 103 59 fait
2605 3397 132 69 penser

339 3475 220 81 parfois
583 3475 32 58 à
639 3476 145 57 celle
833 3476 80 57 du
946 3472 139 83 père
1114 3474 234 58 Franck
1380 3475 11 58 !
1419 3475 113 58 Tel
1566 3477 104 78 qui
1705 3497 280 59 compose
2017 3498 127 38 sans
2177 3479 127 57 soin
2345 3477 82 78 (et
2459 3493 193 42 encore
2676 3480 79 65 est-1

341 3584 66 37 ce
440 3563 136 57 bien
609 3561 96 60 sûr
732 3563 44 77 ?)
818 3560 236 60 rachète
1086 3575 248 45 souvent
1368 3583 66 37 ce
1468 3561 202 60 défaut
1711 3584 104 59 par
1862 3564 98 58 des
2009 3563 251 80 qualités
2307 3565 71 57 de
2426 3555 306 88 spontanéité,
