2809 4135
1005 258 133 66 LE
1209 257 276 67 MOIS

2271 282 91 45 i
2381 282 93 69 039

54 418 107 50 vont
193 396 269 72 s'édifier,
497 419 56 37 se
581 396 335 82 présentent
950 398 139 57 dans
1114 399 127 56 leur
1266 398 320 80 simplicité
1612 398 289 80 première
2039 414 247 42 souvent
2314 414 165 43 toute

52 489 183 90 proche
269 488 97 57 des
400 502 310 42 tournures
744 487 79 57 du
855 487 118 57 lied
1007 487 262 56 national
1411 501 57 43 et
1503 508 237 37 comme
1785 488 111 57 s'ils
1931 488 279 57 sortaient
2244 502 131 43 tous
2409 488 70 57 de

52 576 212 67 l'accord
299 576 209 68 initial,
542 576 326 55 lentement
901 572 229 58 élaboré
1165 573 143 57 d'un
1343 572 256 59 élément
1632 577 46 54 si
1712 573 280 80 primitif,
2026 574 174 57 d'une
2237 573 209 81 profon-

51 671 110 58 deur
184 666 44 56 si
262 662 264 70 obscure,
563 682 114 57 que
710 682 103 37 son
850 663 258 78 premier
1139 681 103 37 son
1270 675 83 43 est
1388 662 130 77 plus
1551 682 176 57 grave
1754 662 292 79 qu'aucun
2078 661 70 57 de
2182 683 151 36 ceux
2367 683 115 58 que

52 772 112 42 nous
208 770 178 37 avons
436 747 327 58 l'habitude
813 748 70 57 de
932 748 308 79 percevoir
1273 746 30 58 à
1350 747 360 58 l'orchestre.
1750 750 155 55 C'est
1966 751 53 54 le
2054 770 155 58 coup
2258 750 222 69 d'essai,

52 859 211 65 presque
295 835 374 80 sexagénaire
704 835 397 77 aujourd'hui,
1130 850 56 42 et
1221 833 124 79 déjà
1381 836 52 54 le
1466 835 233 58 modèle
1732 837 315 78 accompli,
2077 838 52 55 le
2155 838 132 77 plus
2320 837 160 69 clair,

50 935 33 55 le
111 929 118 78 plus
262 925 202 79 souple
498 939 56 42 et
586 925 53 56 le
673 925 206 56 mieux
912 921 279 80 pondéré,
1227 922 71 57 de
1332 944 65 35 ce
1424 922 253 80 système
1705 924 77 57 du
1816 924 254 57 leitmotiv
2103 921 78 60 où
2218 926 265 78 Wagner

51 1019 65 57 n'a
160 1014 167 78 point
384 1012 70 56 de
503 1010 338 81 précédent.
897 1011 239 57 Œuvre
1191 1011 72 56 de
1317 1011 245 78 l'esprit,
1598 1012 131 78 plus
1777 1031 114 59 que
1943 1012 80 56 du
2078 1033 182 35 cœur.
2322 1014 162 56 Mais

50 1123 169 39 œuvre
253 1100 143 56 dont
429 1100 54 56 la
509 1098 331 81 perfection
873 1099 501 57 lumineusement
1409 1099 304 77 classique,
1748 1098 454 58 l'harmonieuse
2235 1120 214 58 propor-

50 1193 117 66 tion,
200 1189 52 56 le
286 1188 136 56 trait
456 1189 45 55 si
535 1186 166 58 sobre
736 1200 57 44 et
827 1188 46 56 si
920 1184 106 71 vif,
1061 1186 40 56 si
1141 1184 478 81 caractéristique
1654 1199 56 43 et
1744 1188 44 56 si
1823 1207 113 58 pur
1969 1186 301 58 devraient
2303 1188 153 77 parti-

48 1275 355 61 culièrement
454 1274 228 57 séduire
733 1288 169 42 notre
964 1275 132 55 âme
1151 1274 198 57 latine.
1404 1274 306 56 Peut-être
1758 1274 255 57 l'ivresse
2059 1273 96 57 des
2188 1273 296 58 émotions

50 1364 270 66 violentes,
357 1360 70 59 de
460 1382 93 37 ces
587 1360 229 80 paradis
863 1357 294 61 artificiels
1193 1381 114 57 que
1343 1360 268 77 Wagner
1645 1381 145 37 nous
1824 1382 30 34 a
1887 1359 338 80 prodigués,
2261 1362 223 56 est-elle

48 1452 234 57 devenue
314 1470 154 58 pour
515 1468 147 38 nous
696 1470 79 35 un
817 1449 221 56 besoin.
1080 1447 306 57 Peut-être
1435 1468 103 36 nos
1571 1468 126 37 sens
1744 1447 179 58 blasés
1957 1468 73 37 ne
2077 1449 231 56 sont-ils
2356 1448 130 79 plus

48 1538 237 79 capables
318 1537 414 77 d'enregistrer
777 1537 82 57 les
893 1534 236 60 beautés
1176 1537 266 56 sereines.
1484 1534 306 59 Peut-être
1823 1536 317 57 existe-t-il
2176 1557 111 36 une
2323 1550 163 43 autre

48 1626 331 79 explication
432 1646 231 48 encore,
699 1626 45 56 si
789 1645 117 35 non
960 1645 115 37 une
1129 1644 212 36 excuse
1376 1623 30 57 à
1449 1621 427 58 l'indifférence
1909 1625 243 55 relative
2186 1622 137 80 qu'à
2356 1644 99 36 ren-

50 1711 209 60 contrée
291 1713 131 58 l'Or
863 1712 72 57 du
1076 1712 166 59 Rhin.
766 1713 84 55 Ce
884 1712 144 56 n'est
1061 1733 101 57 pas
1195 1731 116 37 une
1360 1711 372 57 observation
1781 1731 211 50 neuve,
2028 1713 181 77 qu'au
2242 1712 142 76 long
2417 1710 70 57 de

48 1802 39 56 la
106 1799 335 80 Tétralogie
466 1801 52 56 le
545 1814 241 65 rapport
819 1814 165 42 entre
1009 1799 53 57 le
1089 1797 213 80 poème
1329 1813 57 43 et
1417 1799 55 55 la
1503 1800 276 76 musique
1812 1819 56 35 se
1903 1819 266 37 renverse
2197 1820 69 34 au
2301 1796 97 58 fur
2430 1811 57 43 et

50 1887 21 58 à
97 1908 217 37 mesure
370 1908 115 58 que
549 1908 56 35 se
668 1885 327 80 développe
1056 1886 53 56 le
1166 1899 259 43 contenu
1470 1884 367 57 émotionnel
1889 1884 78 58 du
2036 1884 218 58 drame.
2315 1886 173 56 Nous

50 1997 224 36 sommes
306 1975 137 57 bien
492 1976 325 56 contraints
850 1974 179 57 d'être
1077 1975 130 78 plus
1251 1973 273 58 sensibles
1570 1971 32 59 à
1633 1974 54 56 la
1720 1974 274 77 musique
2044 1974 175 77 qu'au
2253 1971 234 80 poème,

51 2083 90 57 que
174 2083 142 37 nous
344 2077 394 64 entrevoyons
770 2060 30 57 à
835 2063 172 77 peine
1030 2082 73 35 au
1137 2074 218 43 travers
1382 2060 96 57 des
1514 2059 382 58 traductions.
1924 2060 79 56 Et
2030 2059 138 57 c'est
2190 2061 298 78 pourquoi

48 2150 60 57 les
137 2150 219 57 mêmes
388 2150 299 57 auditeurs
720 2171 117 58 que
883 2150 53 56 le
1906 2149 333 78 Crépuscule
1717 2145 78 60 où
1842 2149 52 56 la
1927 2149 274 78 musique
2251 2147 240 58 absorbe

50 2237 38 56 le
131 2237 229 78 poème,
417 2238 156 56 avait
625 2235 337 79 subjugués,
1020 2249 281 44 trouvent
1355 2234 155 57 froid
1564 2248 57 45 et
1677 2256 81 35 nu
1812 2235 133 59 l'Or
2329 2232 78 58 où
2439 2235 52 56 le

50 2323 185 78 poème
269 2324 240 57 domine
542 2326 54 55 la
630 2326 293 77 musique.

202 2414 76 56 Et
334 2414 132 78 puis
518 2413 54 56 le
629 2411 391 80 wagnérisme
1076 2432 71 36 ne
1202 2412 304 77 passionne
1564 2412 129 77 plus
1744 2431 308 58 personne,
2106 2412 60 53 ni
2219 2430 150 58 pour
2431 2409 60 56 ni

50 2514 178 43 contre
282 2501 102 56 lui.
426 2501 155 56 C'est
631 2520 80 35 un
765 2501 156 54 culte
969 2497 197 71 établi,
1224 2497 347 70 incontesté,
1628 2497 281 57 d'aucuns
1965 2497 190 56 disent
2191 2517 10 36 :
2257 2493 230 59 arriéré.

52 2585 242 59 Pendant
346 2587 69 56 de
462 2588 248 77 longues
743 2585 230 71 années,
1009 2600 132 43 tous
1172 2587 80 56 les
1285 2586 148 56 amis
1475 2586 152 56 vrais
1675 2585 70 56 de
1787 2586 55 55 la
1876 2585 274 77 musique
2183 2596 104 45 ont
2320 2581 169 72 lutté,

50 2693 128 57 pour
207 2676 318 78 l'imposer,
563 2689 204 43 contre
800 2676 82 56 les
916 2676 129 78 plus
1078 2674 262 78 stupides
1391 2674 300 57 obstacles.
1730 2672 77 57 Ils
1840 2672 304 79 croyaient
2190 2693 70 35 en
2295 2671 196 57 même

52 2773 191 67 temps,
272 2784 104 57 par
409 2784 76 36 un
534 2762 138 58 effet
705 2764 264 76 logique,
1006 2762 257 56 ranimer
1315 2761 54 56 le
1420 2760 149 79 goût
1625 2760 96 56 des
1768 2760 330 77 classiques.
2150 2757 339 58 Beethoven

52 2844 206 81 régnait
291 2870 71 36 au
390 2864 239 42 concert
666 2872 10 34 :
716 2849 224 67 Gluck,
976 2869 80 36 un
1091 2862 213 64 temps,
1339 2868 73 35 au
1439 2845 246 58 théâtre.
1726 2848 119 54 Des
1872 2845 249 57 desseins
2143 2846 129 78 plus
2299 2842 195 60 hardis

51 2953 189 41 encore
294 2938 80 56 les
421 2938 289 56 tentaient
742 2958 11 36 :
821 2958 66 36 ce
935 2935 207 57 n'était
1197 2936 171 78 point
1402 2956 155 36 assez
1613 2934 224 56 d'avoir
1884 2934 261 77 compris
2178 2947 56 42 et
2268 2931 224 59 admiré

54 3020 262 82 Wagner,
352 3025 42 56 il
426 3023 184 58 fallait
644 3024 241 57 aussitôt
921 3025 119 56 s'en
1076 3022 336 58 affranchir.
1451 3023 78 56 Et
1564 3042 132 37 sous
1726 3022 391 55 l'invocation
2152 3019 238 57 d'abord
2425 3020 69 56 de

52 3107 290 62 l'adorable
379 3110 146 59 Père
560 3112 253 67 Franck,
849 3112 226 57 ensuite
1108 3109 180 57 fortes
1313 3109 470 69 d'elles-mêmes,
1812 3107 98 57 des
1943 3105 371 80 générations
2346 3128 113 36 nou-

52 3198 153 57 velles
258 3220 56 37 se
370 3201 275 67 levaient,
696 3199 144 56 dont
931 3197 489 80 l'indépendance
1500 3197 262 57 croissait
1835 3216 140 35 avec
2052 3216 115 35 une
2244 3193 250 80 rapidité

54 3281 313 62 dévorante.
407 3287 88 56 En
532 3284 207 72 vérité,
776 3286 70 56 de
880 3286 212 77 grands
1119 3287 220 76 espoirs
1372 3283 219 59 étaient
1625 3283 237 79 permis.

208 3375 77 55 Et
318 3375 158 55 voici
509 3394 115 57 que
659 3373 137 56 d'un
831 3394 156 57 coup
1021 3392 148 36 nous
1219 3371 265 79 apparaît
1519 3371 175 79 qu'ils
1744 3390 72 35 ne
1868 3370 408 55 recouvraient
2314 3368 183 79 qu'un

55 3453 189 63 abîme.
305 3461 173 56 Nous
531 3460 159 56 voici
744 3458 127 58 face
922 3457 31 57 à
1007 3457 126 57 face
1188 3479 139 35 avec
1378 3472 169 42 notre
1598 3456 160 68 folie,
1811 3455 221 57 d'avoir
2086 3453 176 80 pensé
2314 3456 183 77 qu'on

55 3549 223 68 pouvait
311 3547 237 78 appeler
578 3549 53 54 la
664 3546 159 57 foule
856 3545 29 57 à
932 3547 54 56 la
1019 3546 293 79 musique,
1348 3560 57 43 et
1438 3546 173 56 sortir
1642 3557 168 44 notre
1848 3556 85 43 art
1967 3542 166 57 divin
2167 3542 76 57 du
2291 3544 207 55 milieu
