2809 4135
1317 255 72 66 S.
1456 255 65 66 I.
1587 254 82 66 M

462 325 35 0 1000

282 396 255 71 diligence
566 396 65 53 de
660 397 130 66 Pau,
820 415 71 33 ou
919 395 34 52 il
984 393 181 54 faudra
1192 414 188 33 encore
1413 412 177 53 passer
1630 412 106 34 une
1779 395 136 66 nuit,
1945 396 129 51 mais
2117 393 35 54 il
2201 392 185 56 faudra
2430 397 224 69 prendre
2692 402 39 55 le

280 471 261 52 cabriolet.

430 581 61 40 tu
518 570 320 70 découperas
864 588 126 33 avec
1017 569 93 52 des
1138 569 208 52 ciseaux
1371 567 50 52 le
1449 569 132 70 petit
1609 580 113 41 mot
1750 586 137 53 pour
1913 567 172 52 Adele
2114 580 52 41 et
2194 580 61 41 tu
2298 569 49 52 le
2387 567 74 52 lui
2504 589 229 39 enverras

280 661 347 52 accompagne
657 644 130 52 d'un
816 644 134 68 petit
977 655 114 41 mot
1121 642 66 52 de
1215 644 90 50 toi.
1339 642 111 70 (En
1479 661 178 52 marge
1685 642 66 52 de
1780 642 48 51 la
1856 658 28 34 2
1891 646 16 20 e
1929 642 172 71 page).

279 792 53 50 A
359 792 196 51 Adrien.
586 791 13 25 1
1715 791 92 52 des
1836 809 132 34 eaux
1996 791 203 52 bonnes
2227 810 56 33 ce
2314 807 67 53 27
2402 791 195 72 juillet.

645 903 56 71 je
755 903 164 52 recois
971 915 51 40 ta
1063 904 155 52 lettre
1273 903 28 52 à
1355 904 236 52 l'instant
1635 915 51 40 et
1722 903 80 72 j'y
1835 903 231 70 réponds
2109 904 234 52 courrier
2386 923 90 52 par
2519 909 216 53 courrier

504 997 136 50 pour
666 989 51 39 te
762 978 120 50 bien
911 979 239 51 consoler
1179 979 65 51 de
1272 997 57 33 ce
1357 997 106 53 que
1502 990 60 40 tu
1604 997 52 33 as
1687 978 230 72 manqué
1947 989 52 39 ta
2025 976 169 73 fugue
2222 978 15 24 2
2282 998 72 33 ou
2382 979 75 52 du
2500 981 169 53 moins
2695 997 41 42 ta

503 1051 223 70 réponse
758 1073 10 30 :
812 1051 107 54 celà
947 1064 79 41 est
1054 1054 170 51 arrivé
1266 1072 103 33 aux
1412 1053 119 71 plus
1577 1053 203 66 malins,
1823 1067 52 36 et
1911 1053 56 71 je
2010 1072 66 31 ne
2105 1054 109 51 suis
2242 1051 148 55 fâché
2432 1073 104 53 que
2573 1069 162 43 contre

504 1126 291 51 Cherubini
824 1126 90 71 qui
960 1145 54 33 se
1056 1126 129 70 plait
1211 1126 28 52 à
1266 1139 333 39 tourmenter
1639 1126 75 51 les
1759 1126 174 52 éleves
1963 1145 65 33 en
2057 1126 116 52 leur
2201 1127 240 53 donnant
2468 1127 93 53 des
2590 1131 146 71 sujets

504 1200 251 52 difficiles.
802 1201 224 70 D'après
1070 1220 56 32 ce
1169 1220 103 52 que
1300 1214 60 38 tu
1389 1220 86 32 me
1503 1201 98 66 dis,
1632 1213 61 39 tu
1733 1201 108 52 n'as
1875 1201 139 52 donc
2054 1220 89 51 pas
2185 1220 271 34 concouru
2485 1202 18 54 ?
2543 1215 60 41 tu
2644 1208 91 53 n'as

503 1276 135 51 donc
666 1294 89 51 pas
783 1275 193 52 achevé
1004 1288 51 39 ta
1084 1274 165 73 fugue
1276 1275 19 53 ?
1325 1276 164 71 jaime
1529 1276 120 52 bien
1680 1277 179 51 mieux
1886 1276 121 52 celà.
2040 1277 80 51 dis
2150 1279 106 50 moi
2287 1296 67 33 au
2387 1277 148 71 juste
2578 1299 54 33 ce
2659 1285 76 69 qui

501 1368 65 31 en
595 1361 95 54 est,
721 1368 83 33 car
834 1348 71 72 jai
950 1350 132 52 beau
1111 1350 152 52 relire
1291 1361 51 41 ta
1370 1348 154 54 lettre
1566 1350 96 52 elle
1693 1370 83 32 me
1818 1351 151 52 laisse
1999 1351 128 52 dans
2156 1351 348 53 l'indécision,
2535 1354 80 52 dis
2642 1360 92 51 moi

500 1423 137 51 aussi
668 1442 54 32 ce
751 1425 122 70 qu'a
901 1425 78 52 dit
1021 1422 205 74 halevy.
1265 1425 55 71 je
1348 1426 253 51 voudrais
1630 1444 104 52 que
1776 1425 110 53 l'on
1915 1437 92 41 eut
2035 1426 78 52 dit
2156 1445 65 34 au
2258 1427 129 71 jury
2415 1446 106 54 que
2554 1430 182 56 n'étant

501 1516 89 51 pas
636 1500 283 50 acoutumé
965 1517 29 33 a
1038 1498 262 54 travailler
1327 1500 109 52 vite
1483 1511 61 41 tu
1585 1501 141 52 avais
1769 1501 82 52 été
1897 1498 140 55 forcé
2077 1502 66 52 de
2185 1521 256 33 renoncer
2480 1503 27 52 à
2546 1503 116 54 finir
2697 1519 41 42 ta

501 1571 167 73 fugue
694 1585 155 59 ayant
876 1575 82 50 été
1000 1575 108 69 pris
1150 1594 93 52 par
1273 1594 105 33 une
1407 1572 200 75 fatigue
1637 1575 156 53 réelle
1822 1577 91 71 qui
1955 1577 72 51 t'a
2068 1578 251 69 empêche
2363 1578 66 52 de
2471 1578 133 54 finir,
2646 1582 92 56 celà

500 1648 83 50 n'a
609 1648 112 52 rien
750 1649 92 70 qui
881 1649 178 70 puisse
1099 1649 196 53 blesser
1338 1649 226 53 l'amour
1593 1670 209 51 propre,
1832 1663 52 41 et
1916 1651 57 72 je
2001 1653 130 51 serai
2161 1663 216 42 content
2406 1653 330 73 d'apprendre

500 1740 103 53 que
631 1733 59 41 tu
721 1723 108 51 n'as
870 1742 91 51 pas
990 1723 178 52 donné
1196 1735 136 41 cette
1366 1722 168 74 fugue
1577 1737 52 39 et
1672 1726 238 71 qu'enfin
1954 1738 61 40 tu
2058 1728 98 51 t'es
2201 1728 156 52 retiré
2386 1728 75 52 du
2498 1749 238 36 concours

500 1815 136 52 pour
679 1816 152 33 cause
859 1797 66 53 de
970 1796 199 74 fatigue
1212 1809 53 41 et
1292 1799 65 52 de
1402 1801 146 50 santé
1577 1818 53 33 ce
1661 1802 92 71 qui
1795 1813 130 59 peut
1968 1802 199 53 arriver
2211 1822 26 32 a
2281 1815 120 40 tout
2444 1803 49 52 le
2537 1807 198 53 monde,

500 1870 36 51 il
565 1869 184 55 faudra
769 1883 52 41 te
842 1892 200 53 venger
1064 1874 67 51 de
1159 1873 108 52 cela
1292 1893 68 33 au
1395 1892 19 34 lerI
1425 1879 33 21 er
1478 1895 218 31 examen
1728 1888 51 40 et
1808 1876 147 71 après
1986 1896 136 33 nous
2151 1896 291 34 enverrons
2470 1898 266 52 promener

500 1945 46 52 la
589 1944 166 74 fugue
798 1958 52 41 et
890 1947 47 53 le
966 1949 335 70 contrepoint
1341 1968 139 52 pour
1508 1970 138 33 nous
1686 1949 159 55 livrer
1874 1952 352 52 entièrement
2254 1953 28 52 à
2320 1953 47 52 la
2400 1956 336 69 composition

500 2022 344 72 dramatique,
875 2023 240 53 consoles
1143 2025 75 52 toi
1245 2036 53 40 et
1325 2044 68 33 ne
1419 2038 54 39 te
1502 2023 93 54 fais
1623 2044 89 53 pas
1743 2047 104 32 une
1874 2025 177 55 affaire
2080 2028 66 52 de
2178 2028 122 53 celà.

640 2097 57 72 je
725 2109 49 40 te
804 2098 128 52 dirai
972 2118 105 52 que
1117 2099 189 71 depuis
1348 2100 79 51 six
1458 2100 153 73 jours
1642 2102 171 72 j'étais
1844 2103 128 52 dans
2016 2123 107 32 une
2157 2104 254 53 véritable
2439 2105 297 73 inquiétude

500 2189 65 33 en
607 2192 64 32 ne
699 2185 244 41 recevant
975 2193 206 34 aucune
1224 2174 171 69 lettre,
1425 2177 53 50 ni
1508 2177 65 52 de
1601 2177 74 52 toi
1718 2178 53 51 ni
1800 2178 66 51 de
1902 2197 282 51 personne,
2214 2179 201 72 chaque
2444 2178 99 54 fois
2574 2201 100 53 que
2697 2183 39 52 le

500 2244 197 53 facteur
725 2246 176 52 venait
944 2267 119 33 sans
1106 2249 155 52 lettre
1295 2250 171 71 j'étais
1510 2250 118 52 bien
1659 2253 232 71 chagrin,
1931 2254 56 71 je
2019 2254 107 51 t'en
2174 2254 113 71 prie
2331 2274 66 32 ne
2442 2257 104 50 sois
2588 2276 86 52 pas
2705 2259 31 51 si

499 2319 305 73 longtemps
831 2342 117 33 sans
976 2325 236 51 m'ecrire
1233 2326 57 70 je
1318 2345 66 32 ne
1412 2339 52 39 te
1492 2326 261 52 demande
1781 2347 106 53 que
1915 2329 122 71 cinq
2062 2348 29 33 a
2119 2329 78 51 six
2223 2329 188 72 lignes.

651 2396 156 52 Nous
847 2417 166 34 avons
1068 2399 188 71 depuis
1312 2413 152 39 notre
1516 2401 220 68 arrivée,
1780 2404 141 51 deux
1957 2403 155 72 jours
2160 2405 260 71 exceptés,
2465 2425 72 33 un
2579 2418 159 61 temps

499 2469 216 53 affreux,
746 2490 106 33 une
880 2472 144 70 pluie
1046 2474 323 53 continuelle
1398 2488 51 39 et
1477 2495 75 33 un
1581 2474 139 54 froid
1751 2478 91 71 qui
1870 2478 221 71 paralise
2118 2478 163 53 l'effet
2310 2480 92 52 des
2432 2499 150 34 eaux,
2612 2483 127 52 aussi

500 2544 122 52 elles
665 2565 65 33 ne
754 2565 85 33 me
868 2545 117 54 font
1013 2549 52 50 ni
1096 2549 120 52 bien
1240 2550 52 51 ni
1322 2550 122 67 mal,
1474 2550 299 55 seulement
1802 2552 72 73 jai
1907 2552 118 72 plus
2054 2554 66 52 de
2151 2551 157 71 force,
2336 2555 122 71 plus
2489 2556 250 54 d'activité

499 2618 261 74 physique
798 2643 14 44 ;
852 2622 128 51 mais
1013 2622 74 71 jai
1117 2624 247 72 toujours
1392 2645 111 32 mes
1553 2626 254 53 douleurs
1845 2629 302 52 d'estomac,
2187 2630 72 71 jai
2305 2630 94 53 des
2447 2632 155 53 crises
2644 2632 94 53 très

497 2695 225 72 longues
751 2707 51 41 et
830 2697 106 52 très
964 2697 406 70 douloureuses,
1399 2701 126 52 elles
1557 2721 83 32 me
1668 2702 281 54 réveillent
1974 2704 50 52 la
2052 2706 136 65 nuit,
2212 2707 131 51 mais
2373 2726 106 32 une
2508 2705 99 54 fois
2636 2726 78 52 pas-

499 2770 111 50 sées
636 2770 56 72 je
721 2772 107 51 suis
856 2771 139 68 bien,
1037 2785 52 40 et
1117 2794 87 31 ma
1231 2776 147 52 santé
1412 2777 53 51 ni
1506 2796 112 32 mes
1661 2777 292 73 digestions
1982 2780 121 52 n'en
2133 2794 122 38 sont
2283 2782 154 70 point
2465 2782 271 54 troublées,

497 2847 293 67 cependant
830 2866 207 34 comme
1065 2848 125 54 c'est
1218 2850 161 53 l'effet
1408 2851 66 52 de
1502 2852 48 51 la
1577 2852 264 73 digestion
1872 2855 90 72 qui
1993 2856 215 52 reveille
2237 2875 84 33 ces
2363 2857 254 54 douleurs
2656 2860 80 71 qui

497 2931 121 39 sont
657 2919 180 72 plutôt
863 2940 29 33 a
918 2922 301 53 l'exterieur
1259 2926 124 71 qu'a
1422 2926 309 68 l'intérieur,
1767 2930 56 71 je
1853 2947 306 36 commence
2201 2931 91 52 dès
2335 2933 342 72 aujourd'hui
2715 2952 23 34 a

497 2993 252 53 observer
778 3015 106 34 une
911 2997 140 53 diète
1073 2998 330 71 rigoureuse,
1428 3012 51 41 et
1502 3002 41 51 si
1563 3002 108 52 celà
1691 3003 271 69 continue,
1977 3005 56 71 je
2062 3025 66 33 ne
2156 3007 245 70 prendrai
2425 3027 104 52 que
2557 3008 75 52 du
2658 3008 80 52 lait

497 3087 83 33 car
619 3088 26 33 c
664 3082 77 41 est
783 3090 285 54 ennuyeux
1097 3074 66 52 de
1191 3076 214 52 souffrir
1432 3088 123 41 tous
1583 3078 75 52 les
1679 3078 154 73 jours
1861 3079 28 53 à
1917 3078 49 54 la
1993 3082 176 52 même
2198 3083 182 52 heure,
2411 3083 75 52 du
2515 3096 154 57 reste,
2688 3085 48 72 je

496 3156 52 40 te
575 3143 49 53 le
652 3158 196 59 répété,
859 3147 56 72 je
943 3149 111 52 vais
1083 3149 140 68 bien,
1243 3151 56 73 je
1328 3152 183 71 digere
1539 3152 140 68 bien,
1708 3166 52 40 et
1779 3154 72 73 jai
1882 3154 106 54 bon
2019 3157 246 52 sommeil
2293 3156 127 54 sauf
2430 3158 49 52 le
2509 3171 229 41 moment

496 3219 92 52 des
628 3217 164 56 fortes
833 3223 269 53 douleurs,
1146 3236 51 40 et
1237 3226 73 52 toi
1355 3240 271 40 comment
1666 3248 91 33 vas
1798 3241 60 42 tu
1888 3229 19 54 ?
1947 3250 53 33 as
2039 3242 61 42 tu
2142 3232 253 53 continué
2437 3234 66 52 de
2545 3253 153 54 nager
2724 3233 16 55 ?

495 3293 95 52 t'es
618 3306 61 41 tu
707 3295 189 73 baigné
923 3317 28 33 a
977 3298 319 56 Villeneuve
1325 3299 20 55 ?
1372 3302 80 52 dis
1479 3304 111 51 moi
1619 3303 122 53 celà.

374 1049 32 84 ma
373 1155 55 194 femme
372 1368 53 112 doit
372 1502 51 158 écrire
370 1682 53 209 demain
350 1912 74 94 [en
350 2025 61 265 envoyant
350 2319 74 224 (barré)~\
369 2580 33 105 une
368 2712 53 153 lettre
350 2892 51 139 pour
368 3057 52 47 la

261 1081 54 29 I
296 1609 53 191 Russie
296 1823 53 96 elle
296 1942 33 55 se
276 2017 60 153 porte
296 2196 33 28 a
294 2253 54 284 merveille.

384 3433 11 22 1
428 3436 97 40 Cote
547 3452 91 34 201,
660 3439 108 53 pièce
793 3454 61 36 17.

428 3505 92 37 Sans
555 3506 119 40 doute
704 3510 327 39 retrouverait-on
1064 3525 51 26 au
1151 3514 296 39 Conservatoire
1482 3516 66 38 des
1579 3515 136 41 détails
1746 3518 245 40 intéressants
2020 3533 66 25 sur
2117 3534 42 26 ce
2189 3534 203 36 concours,
2416 3535 157 27 comme
2601 3537 63 25 sur
2692 3520 44 40 les

269 3558 138 41 débuts
428 3562 47 38 de
495 3560 35 40 la
552 3563 161 40 carrière
736 3565 186 40 musicale
943 3568 207 40 d'Adrien.
1174 3571 111 37 Mais
1301 3571 38 50 je
1361 3572 79 38 n'ai
1461 3585 54 40 pu
1536 3572 96 40 faire
1653 3587 59 26 ces
1733 3575 236 39 recherches.
