2809 4135
627 284 613 87 L'ÉDITION
1320 302 608 67 VATICANE

2303 319 199 69 i°33

75 450 191 63 mobile
299 447 70 58 de
402 447 324 58 l'ancienne
762 447 273 78 musique
1066 447 130 58 s'est
1229 449 194 54 tantôt
1458 444 296 59 transmué
1788 466 72 37 en
1969 442 219 71 bémol,
2216 444 190 57 tantôt
2441 464 70 36 en

89 550 59 51 ut.
165 538 92 66 Et,
294 535 143 79 quoi
486 535 179 78 qu'on
715 535 80 56 ait
844 534 85 57 dit
964 555 71 36 au
1069 534 146 76 sujet
1249 533 71 55 de
1352 534 54 56 la
1439 531 323 80 prétendue
1795 533 248 57 horreur
2076 530 79 58 du
2188 531 206 69 triton,

85 623 216 62 diabolus
556 621 53 56 in
699 621 88 58 musica
788 619 272 60 manifestée
1093 640 104 59 par
1229 620 80 57 les
1341 621 236 56 anciens
1604 619 531 80 plain-chantistes,
2162 632 154 43 cette
2343 638 168 37 cause

72 707 258 82 supposée
351 722 84 44 est
456 709 158 57 nulle
637 729 69 37 en
734 707 266 80 l'espèce,
1025 728 237 37 comme
1289 727 147 37 nous
1456 708 51 56 le
1534 728 239 37 verrons
1793 720 131 45 tout
1947 705 30 59 à
1997 705 242 59 l'heure.
2268 707 243 55 D'autre

72 812 126 69 part,
231 798 44 56 si
308 797 54 56 la
393 795 292 79 première
718 794 228 59 édition
974 795 71 56 de
1072 795 285 56 Solesmes
1384 795 174 69 avait,
1582 816 151 58 pour
1759 816 72 35 ne
1858 814 99 59 pas
1982 808 135 65 trop
2142 792 369 58 effaroucher

70 891 62 54 les
161 882 466 80 susceptibilités,
664 881 277 59 conservé
976 903 79 36 un
1089 883 223 56 certain
1346 882 250 57 nombre
1629 882 71 57 de
1808 881 226 58 bémols
2077 881 140 57 dans
2262 879 249 60 diverses

70 972 255 61 formules
358 968 77 60 où
467 971 326 57 l'habitude
828 985 280 43 courante
1141 969 80 58 les
1256 969 236 79 plaçait,
1530 971 164 56 Dom
1731 968 244 57 Pothier
1999 969 80 56 les
2104 988 31 37 a
2160 968 320 56 successive-

71 1074 138 45 ment
242 1058 268 59 éliminés
543 1058 139 57 dans
713 1060 79 55 les
825 1057 257 58 éditions
1115 1058 315 69 suivantes,
1463 1058 235 78 lorsque
1728 1057 357 57 l'éducation
2121 1054 390 79 grégorienne

67 1147 75 60 fut
188 1168 149 36 assez
388 1146 299 80 répandue
739 1146 138 57 dans
925 1146 54 56 le
1026 1145 222 80 public.
1289 1146 181 69 Mais,
1506 1165 221 37 ouvrez
1773 1145 289 57 l'Edition
2112 1143 307 69 Vaticane,
2453 1155 58 44 et

68 1255 123 37 vous
237 1248 368 43 recontrerez
645 1232 249 57 nombre
928 1231 71 57 de
1033 1253 93 36 cas
1159 1230 78 59 où
1268 1232 54 57 le
1468 1232 264 79 quoique
1780 1231 476 69 indirectement,
2306 1242 83 44 est
2438 1249 71 37 en

68 1336 216 65 rapport
324 1343 139 35 avec
503 1322 19 56 1
993 1343 29 35 ç.
1033 1320 103 77 fa.
718 1321 50 57 ll
800 1343 35 57 y
871 1342 30 36 a
936 1321 195 56 même
1179 1321 224 57 certain
1447 1334 191 43 verset
1670 1317 404 80 alléluiatique
2117 1316 77 59 où
2229 1338 92 37 ces
2354 1316 157 57 deux

68 1424 141 43 notes
241 1422 130 44 sont
404 1410 78 56 les
517 1422 165 43 notes
715 1408 245 78 d'appui
994 1406 139 59 d'un
1169 1428 233 37 neume.

218 1498 86 56 La
336 1517 148 58 peur
515 1496 80 56 du
631 1496 181 56 triton
848 1496 147 56 n'est
1030 1494 152 58 donc
1215 1516 100 58 pas
1348 1495 52 56 la
1435 1495 189 56 raison
1671 1494 104 79 qui
1826 1514 32 36 a
1906 1490 170 83 porté
2126 1493 81 56 les
2254 1489 257 58 éditeurs

66 1585 56 58 de
163 1585 50 56 la
263 1585 285 56 Vaticane
583 1583 30 57 à
646 1584 320 57 substituer
1013 1583 34 57 Y
1052 1594 81 60 ut,
1182 1604 70 36 en
1304 1582 190 58 divers
1541 1602 284 60 passages,
1873 1602 74 35 au
2085 1601 116 58 que
2244 1579 264 57 donnent

64 1674 63 55 les
156 1673 345 56 manuscrits
533 1672 81 56 les
646 1672 131 77 plus
809 1672 252 56 anciens.

217 1759 56 56 A
306 1757 274 81 l'époque
613 1759 264 78 antique,
913 1758 52 56 la
1065 1756 156 58 mèse
1314 1778 79 36 ou
1487 1771 209 43 teneur
1784 1756 70 57 de
1887 1753 268 58 l'échelle
2203 1753 304 69 dorienne,

66 1846 287 59 conservée
402 1847 139 57 dans
588 1847 52 56 le
674 1860 104 43 ton
875 1846 275 57 deuterus
1183 1844 285 58 authente
1566 1866 77 36 ou
1682 1865 28 57 3
1718 1847 16 20 e
1768 1857 102 43 ton
1905 1842 411 80 psalmodique
2352 1841 70 56 de
2453 1841 54 57 la

64 1935 237 77 liturgie,
346 1932 144 58 était
522 1935 54 55 la
609 1947 139 43 note
779 1931 61 59 si.
881 1933 174 56 Cette
1088 1931 244 71 échelle,
1367 1932 185 78 qu'on
1586 1952 32 36 a
1660 1932 148 56 aussi
1842 1927 279 60 nommée
2239 1928 268 56 mineure

64 2022 202 57 inverse
374 2035 83 43 est
484 2020 365 80 représentée
875 2041 105 59 par
1004 2022 252 56 l'octave
1289 2020 71 57 de
1392 2018 77 59 mi
1494 2040 126 37 sans
1646 2017 155 60 dièse
1834 2020 62 54 ni
1930 2016 219 60 bémol.
2187 2017 86 56 La
2300 2030 208 43 teneur

66 2129 75 37 sur
170 2111 49 55 le
250 2109 52 57 si
326 2107 112 71 fut,
466 2110 214 77 jusque
731 2129 127 37 vers
908 2110 53 54 le
995 2109 88 55 XI
1138 2106 193 71 siècle,
1364 2109 54 55 la
1470 2121 137 43 note
1658 2106 328 80 principale
2032 2126 77 36 ou
2161 2104 346 57 dominante

66 2195 77 60 des
174 2195 280 60 récitatifs
487 2196 80 57 du
607 2217 28 57 3
642 2200 16 17 e
689 2211 104 42 ton
830 2217 12 35 :
880 2195 30 57 à
943 2197 184 78 partir
1162 2195 78 57 du
1273 2195 89 57 XI
1367 2201 18 22 e
1389 2242 14 24 ,
1436 2195 104 57 Yut
1567 2195 84 56 lui
1686 2208 83 44 est
1804 2194 532 78 progressivement
2371 2190 103 58 sub-

64 2283 154 58 stitué
275 2284 140 58 dans
470 2304 92 37 ces
614 2281 284 59 récitatifs
948 2297 56 43 et
1058 2283 139 57 dans
1251 2283 80 57 les
1373 2280 284 58 formules
1696 2281 331 77 analogues.
2077 2279 230 79 Depuis
2350 2290 157 45 cette

63 2368 227 82 époque,
327 2373 42 54 il
401 2385 83 44 est
518 2369 162 58 entré
715 2370 139 57 dans
887 2370 221 78 l'usage
1141 2368 237 80 général
1411 2369 71 57 de
1514 2370 53 56 la
1597 2369 264 77 liturgie,
1888 2382 57 42 et
1977 2369 80 56 les
2084 2366 192 58 divers
2301 2365 206 57 chants

64 2457 282 81 composés
379 2459 139 57 dans
551 2457 267 58 l'échelle
853 2478 70 36 en
959 2458 273 77 question
1267 2471 103 43 ont
1404 2457 266 77 toujours
1701 2457 120 77 pris
1867 2455 104 56 Yut
2014 2474 237 37 comme
2300 2467 207 43 teneur

66 2544 298 60 récitative.
404 2548 160 56 C'est
598 2567 131 37 sous
762 2559 153 45 cette
948 2544 193 59 forme
1176 2566 114 57 que
1323 2545 79 58 les
1435 2543 284 58 mélodies
1750 2544 80 57 les
1863 2544 131 78 plus
2042 2540 463 60 traditionnelles

64 2648 108 42 sont
222 2655 258 37 connues
509 2659 14 45 ;
578 2634 137 58 c'est
767 2653 138 37 avec
959 2653 66 37 ce
1068 2631 252 81 procédé
1356 2633 243 78 qu'elles
1632 2646 104 42 ont
1769 2628 92 60 été
1896 2629 233 59 traitées
2162 2651 78 35 ou
2274 2627 233 58 imitées

67 2739 81 55 par
194 2722 79 57 les
329 2721 237 57 maîtres
617 2719 71 59 de
735 2722 55 56 la
820 2718 368 81 polyphonie
1223 2719 303 78 classique,
1566 2718 318 56 Palestrina
1919 2737 77 36 ou
2030 2716 182 70 Bach,
2249 2736 151 58 pour
2432 2735 73 37 ne

64 2807 125 57 citer
222 2830 114 57 que
368 2810 81 56 les
482 2810 374 77 principaux.
895 2807 177 59 Voilà
1106 2821 131 43 tout
1270 2807 381 79 simplement
1682 2807 80 56 les
1795 2825 196 38 causes
2016 2825 154 58 pour
2202 2803 303 79 lesquelles

64 2913 60 38 on
156 2916 44 49 a,
237 2896 139 57 dans
424 2916 93 37 ces
564 2916 283 59 passages,
882 2896 151 56 suivi
1080 2896 54 56 la
1166 2896 231 56 version
1431 2892 361 80 postérieure
1825 2891 30 57 à
1887 2892 113 56 l'an
2043 2911 159 37 1000
2237 2891 267 68 environ,

63 2994 45 42 et
157 2981 314 60 désormais
527 2982 458 70 traditionnelle,
1023 2982 193 79 plutôt
1270 3001 114 59 que
1440 2981 70 57 de
1566 2979 313 80 reprendre
1929 2980 52 56 la
2033 2976 157 58 mèse
2240 2977 262 76 antique.

66 3065 308 74 D'ailleurs,
409 3090 95 37 sur
536 3090 66 37 ce
637 3071 167 78 point
838 3083 132 43 tout
1004 3069 362 78 particulier,
1402 3089 190 58 voyez
1642 3088 66 35 ce
1757 3086 115 59 que
1921 3066 87 56 dit
2057 3066 262 56 Gevaert
2366 3064 139 57 dans

63 3172 45 38 sa
213 3158 244 78 Mélopée
759 3156 236 80 antique,
679 3170 57 45 et
769 3172 306 43 comment
1110 3158 42 54 il
1195 3158 208 55 estime
1450 3177 116 58 que
1600 3168 278 44 remettre
1912 3154 140 56 dans
2084 3173 92 37 ces
2223 3150 284 58 formules

64 3239 41 57 le
132 3243 48 57 si
204 3243 267 80 primitif
495 3247 171 55 serait
699 3243 503 80 esthétiquement
1237 3264 78 36 un
1350 3244 176 56 recul.
1564 3244 80 56 Et
1677 3263 68 36 ce
1779 3241 145 78 qu'il
1969 3240 154 57 avait
2156 3238 165 69 écrit,
2358 3239 41 55 il
2432 3238 75 57 l'a

66 3325 174 82 répété
274 3352 116 37 aux
423 3329 378 60 Bénédictins
835 3332 104 77 qui
974 3343 103 44 ont
1111 3351 72 35 eu
1215 3330 314 56 l'occasion
1563 3329 70 56 de
1666 3328 364 57 l'entretenir
2063 3347 72 35 au
2169 3325 147 78 sujet
2350 3324 70 57 de
2452 3325 55 56 la

66 3419 249 56 nouvelle
348 3418 246 57 édition.
635 3419 293 56 Plusieurs
961 3418 98 57 des
1092 3418 198 77 points
1336 3417 71 57 de
1456 3413 245 60 tonalité
1750 3434 95 37 sur
1891 3414 249 78 lesquels
2173 3433 30 37 a
2236 3410 168 82 porté
2452 3413 55 56 la

66 3502 232 81 critique
354 3518 103 45 ont
508 3503 90 60 été
649 3503 363 60 solutionnés
1054 3525 141 36 avec
1242 3504 188 57 l'aveu
1480 3503 72 57 de
1605 3503 279 67 Gevaert,
1941 3502 180 77 qu'on
2173 3501 334 57 n'accusera

66 3605 81 58 pas
180 3592 66 57 de
280 3607 184 43 certes
498 3614 287 57 manquer
818 3592 69 57 de
920 3589 262 82 capacité
1218 3612 69 36 en
1323 3611 93 38 ces
1449 3589 274 59 délicates
1755 3587 288 58 matières.
