2809 4135
1404 257 74 67 S.
1551 257 65 66 I.
1690 255 80 65 M

385 285 203 66 io3°

374 424 307 48 reconnus,
717 401 97 57 dès
858 415 153 43 cette
1054 398 253 79 époque,
1341 418 238 36 comme
1623 396 562 77 authentiquement
2229 395 357 78 grégoriens,
2619 421 104 46 sont
2746 420 25 56 le

372 491 171 57 fonds
576 490 284 77 classique
893 487 76 58 du
1005 486 179 57 chant
1220 485 237 79 d'église
1499 506 11 36 :
1560 486 103 55 tels
1708 503 148 36 nous
1902 485 81 54 les
2021 482 131 57 font
2196 482 305 59 connaître
2543 486 75 57 les
2657 492 116 68 livre?

374 579 78 56 du
507 578 86 55 IX
598 580 17 20 e
645 575 194 69 siècle,
888 575 107 56 tels
1042 593 145 37 nous
1237 572 80 56 les
1372 584 348 43 retrouvons
1769 590 72 36 au
1886 570 116 55 XV
2008 570 17 19 e
2029 617 15 21 ,
2078 583 57 43 et
2180 570 139 57 dans
2374 572 245 58 certains
2667 599 80 57 pav
2751 611 22 49 S)

375 685 248 59 presque
656 664 105 56 tels
794 682 210 37 encore
1037 679 128 37 vers
1197 660 54 56 la
1283 656 77 59 fin
1399 658 76 57 du
1512 658 219 55 XVIII
1738 659 15 19 e
1786 655 190 58 siècle.

552 750 161 56 Mais
751 749 79 56 les
869 745 193 80 pièces
1105 744 372 79 surajoutées,
1524 743 360 58 c'est-à-dire
1917 744 246 55 environ
2191 764 78 36 un
2298 758 170 63 quart
2496 744 77 57 du
2599 755 174 68 graduel

374 838 211 68 actuel,
630 849 56 43 et
737 837 52 54 le
842 833 231 80 Kyriale
1115 852 248 58 presque
1419 833 207 67 entier,
1692 851 56 36 se
1804 828 335 80 présentent
2195 844 133 42 tout
2379 829 392 76 différemment.

374 926 193 66 Alors,
602 943 70 36 en
708 922 158 68 effet,
905 942 114 57 que
1051 920 53 56 la
1137 919 278 57 tradition
1463 918 80 57 du
1588 938 113 57 pur
1748 915 312 79 grégorien
2103 919 197 55 restait
2345 918 307 60 conservée
2688 927 86 66 dans

372 1009 379 68 l'exécution,
788 1023 56 42 et
879 1006 315 80 consignée
1228 1007 139 56 dans
1409 1007 53 56 la
1505 1007 294 67 notation,
1834 1025 140 36 avec
2021 1026 77 34 un
2149 1007 126 54 soin
2322 1019 386 64 respectueux,
2731 1019 43 60 les

374 1117 320 38 morceaux
738 1115 315 38 nouveaux
1096 1094 296 56 n'avaient
1437 1091 219 80 parfois
1700 1112 100 59 pas
1844 1092 70 56 de
1957 1093 233 56 version
2234 1089 132 60 fixe.
2413 1093 113 56 Tel

371 1186 80 56 tel
597 1187 212 65 Sanctus,
810 1180 238 80 composé
1085 1182 76 56 ici
1197 1195 56 43 et
1286 1180 72 69 là,
1394 1178 218 57 étaient
1661 1180 230 55 ailleurs
1936 1176 286 61 modifiés.
2263 1177 291 60 C'étaient
2597 1202 63 37 en
2689 1190 85 61 effet

372 1272 98 57 des
503 1270 206 58 chants
742 1267 545 81 supplémentaires,
1324 1268 197 55 même
1556 1267 97 56 des
1686 1265 280 58 mélodies
2006 1267 353 78 populaires,
2394 1282 347 63 appartenant
2760 1304 14 33 a

372 1373 152 54 tous,
569 1371 57 42 te
671 1378 115 57 que
830 1355 231 58 chacun
1104 1375 56 37 se
1203 1355 417 56 reconnaissait
1663 1354 52 55 le
1764 1354 154 55 droit
1968 1352 71 57 de
2087 1352 269 70 toucher,
2398 1354 86 55 s'il
2531 1354 50 55 le
2611 1356 163 80 jugeait

374 1446 162 57 utile.
576 1445 97 57 On
710 1458 140 64 peut
893 1444 252 76 signaler
1192 1442 97 56 des
1338 1461 91 37 cas
1462 1439 98 71 où,
1597 1440 138 57 dans
1783 1461 115 36 une
1946 1441 198 56 même
2187 1440 200 79 église,
2421 1461 94 37 ces
2562 1442 213 68 mélodies

371 1533 306 67 variaient,
706 1531 30 56 à
762 1529 131 58 côté
927 1530 97 57 des
1051 1527 316 82 premières
1401 1530 103 76 qui
1531 1529 274 56 restaient
1832 1529 265 56 intactes.
2122 1529 114 56 Les
2262 1549 160 50 unes,
2448 1530 128 76 plus
2601 1534 174 74 goûtées

374 1641 114 57 que
532 1620 79 56 les
649 1632 211 54 autres,
906 1615 198 59 furent
1150 1614 337 60 conservées
1532 1629 56 43 et
1634 1614 373 80 incorporées
2058 1635 117 36 aux
2228 1616 174 56 livres
2458 1614 316 80 grégoriens;

372 1708 256 54 d'autres
666 1703 338 58 tombèrent
1054 1703 139 57 dans
1235 1703 225 57 l'oubli.
1514 1703 239 62 Quelles
1791 1700 187 80 règles
2011 1701 305 59 devait-on
2350 1703 193 57 suivre
2577 1724 132 57 pour
2735 1712 42 58 les

372 1792 197 80 pièces
618 1798 69 51 de
736 1813 66 36 ce
846 1812 198 57 genre,
1098 1790 141 58 dans
1272 1811 115 35 une
1420 1788 228 58 édition
1681 1790 274 78 pratique
1984 1792 18 54 ?
2055 1792 135 67 Car,
2241 1811 71 35 ne
2360 1790 307 60 l'oublions
2709 1816 65 52 pas,

372 1881 295 57 l'Edition
713 1881 307 67 Vaticane,
1067 1893 131 42 tout
1246 1898 69 36 en
1368 1877 161 58 étant
1576 1879 54 55 le
1674 1878 132 77 plus
1851 1878 146 77 qu'il
2040 1892 82 43 est
2178 1878 254 79 possible
2477 1881 297 62 strictement

372 1964 393 82 scientifique,
800 1981 84 43 est
927 1967 145 56 celle
1118 1967 103 77 qui
1265 1966 126 57 doit
1441 1964 195 59 suffire
1675 1963 32 57 à
1745 1966 54 56 la
1841 1966 94 56 vie
1980 1966 390 77 quotidienne
2421 1966 79 57 du
2557 1969 216 59 musicien

374 2053 242 79 d'église
659 2076 11 34 :
708 2075 76 35 on
817 2055 93 55 n'a
933 2053 212 78 jamais
1184 2051 201 80 songé,
1419 2072 237 37 comme
1700 2053 53 56 le
1806 2053 223 56 voulait
2073 2061 342 49 naïvement
2464 2075 78 35 un
2590 2056 181 79 critique

374 2140 289 80 étranger,
699 2140 29 57 à
761 2142 53 55 la
849 2138 378 59 transformer
1260 2160 71 36 en
1369 2160 78 37 un
1486 2160 113 58 pur
1642 2137 322 81 répertoire
1998 2140 70 56 de
2101 2141 55 56 la
2187 2141 277 77 musique
2498 2140 272 61 médiévale,

552 2229 106 68 Or,
694 2249 71 35 en
799 2249 66 35 ce
906 2229 104 77 qui
1053 2248 290 36 concerne
1390 2248 94 36 ces
1528 2225 194 80 pièces
1771 2226 376 79 surajoutées,
2182 2229 235 78 lorsque
2463 2229 53 55 la
2563 2229 208 58 tradition

372 2315 185 58 écrite
591 2330 84 43 est
708 2316 301 69 unanime,
1043 2336 79 36 ou
1155 2314 32 58 à
1220 2335 115 59 peu
1369 2314 150 80 près,
1555 2314 30 57 à
1618 2336 71 35 en
1725 2315 226 57 donner
1982 2317 52 55 le
2068 2315 199 71 chant,
2304 2317 41 55 il
2378 2316 98 80 n'y
2510 2338 29 34 a
2572 2317 146 78 point
2740 2317 31 58 de
2791 2314 1 89 j

374 2401 307 59 difficulté.
734 2404 286 77 Lorsque,
1066 2424 74 36 au
1188 2403 310 69 contraire,
1532 2404 53 54 le
1635 2404 410 77 musicologue
2089 2424 55 36 se
2194 2418 208 43 trouve
2451 2425 70 35 en
2570 2403 201 80 présence
2791 2401 1 89 j

374 2489 175 58 d'une
597 2488 257 58 mélodie
902 2488 29 58 à
983 2490 259 56 versions
1289 2490 506 69 contradictoires,
1847 2490 161 57 telles
2065 2490 174 79 qu'en
2296 2505 169 42 notre
2521 2504 177 66 temps
2733 2493 38 54 les
2791 2488 1 82 '

372 2578 223 56 vieilles
639 2577 287 57 chansons
973 2578 356 77 populaires,
1364 2597 126 37 sans
1523 2578 179 77 qu'on
1757 2598 70 36 en
1876 2579 320 69 connaisse,
2238 2579 61 56 ni
2350 2577 287 80 l'époque,
2674 2579 45 55 ni
2749 2579 22 55 le

370 2684 146 60 pays
549 2664 311 78 d'origine,
896 2684 78 37 un
1009 2665 122 56 seul
1164 2662 252 81 procédé
1451 2679 82 42 est
1568 2664 254 79 possible
1862 2686 151 58 pour
2060 2667 54 54 la
2161 2668 274 76 pratique
2470 2687 12 37 :
2534 2665 190 59 choisir
2749 2665 22 55 la
2791 2662 1 82 I

372 2753 234 56 version
633 2753 54 55 la
712 2752 132 79 plus
870 2751 317 80 répandue,
1212 2772 76 37 ou
1322 2753 52 55 la
1400 2752 131 79 plus
1564 2751 306 58 autorisée.
1900 2754 112 55 Par
2045 2756 291 76 exemple,
2361 2775 76 35 un

374 2852 84 45 est
492 2838 193 57 donné
713 2861 105 57 par
851 2841 287 77 plusieurs
1160 2841 350 56 manuscrits
1536 2839 78 58 du
1642 2841 89 56 XI
1736 2848 17 21 e
1783 2838 174 60 siècle
1988 2865 13 46 ;
2031 2843 147 56 mais
2789 2837 3 81 '

374 2940 204 43 autant
612 2926 70 57 de
714 2928 291 56 variantes
1034 2952 13 45 ;
1099 2949 71 35 au
1204 2927 126 57 XII
1334 2936 18 20 e
1383 2926 192 71 siècle,
1609 2928 82 56 les
1722 2930 290 55 variantes
2059 2930 330 78 persistent,
2425 2945 57 42 et
2516 2931 225 76 s'augmen-

374 3027 125 44 tent
524 3038 14 45 ;
567 3035 72 36 au
667 3015 158 56 XIII
830 3024 16 20 e
870 3013 192 70 siècle,
1086 3035 116 37 une
1227 3016 233 56 version
1486 3012 304 60 définitive
1813 3030 57 43 et
1895 3015 31 57 à
1952 3038 117 57 peu
2095 3015 130 81 près
2252 3016 298 58 uniforme
2576 3015 193 64 s'établit,

372 3115 60 43 et
465 3115 149 43 reste
648 3121 70 37 en
755 3123 175 57 usage
952 3101 238 80 jusqu'à
1223 3123 106 36 nos
1359 3102 183 78 jours.
1581 3104 157 57 C'est
1777 3104 53 57 le
2370 3126 126 37 sans
2529 3102 239 60 hésitation

375 3187 274 79 possible,
695 3201 57 44 et
797 3209 75 36 on
916 3209 72 36 ne
1039 3190 214 56 saurait
1296 3203 242 43 trouver
1583 3191 264 56 mauvais
1891 3212 116 58 que
2054 3191 289 57 l'Edition
2383 3194 278 56 Vaticane
2702 3186 64 59 l'ait
2784 3185 5 60 i

374 3274 224 78 publié,
624 3275 70 57 de
725 3274 341 80 préférence
1100 3298 116 35 aux
1244 3289 184 44 textes
1463 3278 130 77 plus
1626 3279 254 70 anciens,
1909 3278 335 78 divergents
2279 3294 56 43 et
2363 3280 402 57 ordinairement,

375 3360 140 59 dans
548 3383 66 37 ce
647 3383 112 49 cas,
794 3364 118 56 mal
944 3384 201 37 venus.
1174 3365 70 75 Je
1278 3364 213 79 prends
1524 3386 79 35 un
1650 3378 163 44 autre
1857 3368 273 77 exemple
2166 3388 11 36 :
2215 3388 79 36 un
2328 3382 209 54 verset,
2571 3378 194 46 nouveau

374 3450 167 69 alors,
576 3464 83 43 est
694 3449 193 58 donné
931 3471 106 58 par
1080 3450 376 59 d'excellents
1503 3454 352 56 manuscrits
1900 3454 79 56 du
2013 3455 56 56 X
2073 3460 16 21 e
2121 3468 59 43 et
2214 3454 79 57 du
2326 3455 90 58 XI
2421 3460 16 21 e
2469 3453 184 70 siècle,
2683 3446 81 61 mai;

374 3537 263 76 toujours
691 3558 141 37 avec
888 3539 97 57 des
1039 3540 258 56 versions
1353 3538 355 61 différentes.
1772 3543 112 56 Ces
1937 3543 259 57 versions
2253 3558 131 43 sont
2448 3557 186 44 toutes
2681 3528 106 72 aussi
