2441 3807
892 341 80 43 LA
1002 336 392 55 CHRONIQUE
1426 332 325 47 MUSICALE

432 347 87 43 250

437 513 128 41 nous,
589 499 55 43 de
670 496 41 45 la
730 495 195 45 solution
946 494 110 43 d'un
1078 491 223 59 problème
1322 490 245 56 historique
1587 485 122 47 aussi
1731 485 264 57 important;
2021 482 114 45 mais
2168 482 60 44 les

434 575 204 55 curieux,
655 573 147 44 moins
818 568 293 59 impassibles,
1124 580 54 29 ne
1193 574 149 35 seront
1356 565 222 58 peut-être
1595 578 75 42 pas
1686 561 146 45 fâchés
1849 560 54 42 de
1920 570 194 45 tromper
2131 557 96 42 leur

434 660 165 36 attente
621 664 54 29 en
698 649 136 42 lisant
854 644 214 57 l'analyse
1083 644 60 42 du
1165 645 133 53 règne
1326 641 110 43 d'un
1458 641 55 42 de
1535 655 69 28 ces
1620 635 261 47 souverains
1897 634 201 52 oubliés;
2129 631 102 42 c'est

434 729 116 42 donc
571 739 112 44 pour
701 738 100 40 eux,
825 726 26 40 à
866 722 96 44 leur
979 720 120 43 seule
1116 717 245 55 intention,
1383 731 87 42 que
1488 731 114 30 nous
1618 715 240 44 détachons
1878 708 176 45 celle-ci
2075 708 53 42 de
2150 721 80 28 nos

435 814 123 32 notes
581 814 74 30 sur
677 800 203 43 l'illustre
900 795 282 60 corporation
1206 794 74 43 des
2185 794 49 41 lou

435 880 93 42 bas.

491 952 139 45 Louis
666 949 277 47 Constantin
975 946 157 58 naquit
1165 957 97 30 vers
1300 942 132 45 1585-
1473 942 37 42 Il
1546 941 69 43 fut
1643 941 141 42 fiancé
1817 955 56 28 en
1907 938 116 55 1609
2056 937 24 41 à
2105 933 93 43 Mar-

433 1031 171 57 guerite
624 1030 54 43 de
703 1029 62 43 La
787 1027 193 54 Grange,
1005 1035 41 32 et
1066 1021 139 44 marié
1226 1020 40 43 le
1290 1032 55 30 20
1365 1017 175 57 janvier
1568 1017 51 42 16
1632 1031 49 28 10
1701 1030 56 29 en
1780 1017 208 55 présence
2009 1012 53 42 de
2082 1009 144 44 Jehan

431 1106 271 47 Constantin
727 1123 21 22 «
772 1105 225 43 etaultres
1017 1098 246 56 tesmoings
1287 1114 18 22 »
1341 1095 80 58 (1).
1461 1093 61 45 Ce
1543 1092 142 43 Jehan
1707 1092 287 55 Constantin,
2019 1091 63 43 lui
2107 1087 120 46 aussi

431 1185 157 57 joueur
621 1182 53 42 de
707 1180 174 53 violon,
905 1189 42 31 et
970 1176 79 57 qui
1072 1173 106 45 était
1200 1173 39 42 le
1263 1173 99 56 père
1384 1185 60 28 ou
1465 1170 41 43 le
1535 1168 109 43 frère
1668 1167 63 43 du
1755 1167 153 55 marié,
1940 1167 123 42 n'eut
2085 1180 77 42 pas
2185 1164 41 42 la

434 1260 143 43 même
599 1258 206 42 célébrité
829 1267 86 43 que
947 1252 193 42 celui-ci»
1164 1248 141 43 Louis
1327 1255 152 48 acquit
1500 1244 53 42 de
1585 1246 148 40 bonne
1756 1242 133 43 heuie
1920 1255 90 29 une
2034 1248 192 35 certaine

430 1335 192 43 habileté
655 1340 41 35 et
727 1331 69 43 fut
825 1327 235 46 considéré
1092 1337 173 31 comme
1294 1337 63 28 un
1393 1322 77 42 des
1500 1319 227 44 meilleurs
1765 1316 262 44 violonistes
2057 1316 53 41 de
2145 1328 81 28 son

430 1418 141 47 temps
583 1425 10 34 ;
618 1421 65 29 ses
702 1403 320 59 compositions
1038 1399 67 45 lui
1120 1398 211 43 valurent
1345 1396 119 43 aussi
1480 1394 196 57 quelque
1691 1393 275 56 réputation.
1980 1392 73 42 On
2074 1389 154 56 ignore

430 1483 208 47 toutefois
660 1481 126 58 quels
810 1479 147 44 furent
978 1491 66 29 ses
1064 1478 178 41 maîtres
1263 1483 42 33 et
1322 1486 114 44 pour
1459 1484 79 28 son
1558 1470 274 42 instrument
1846 1477 43 33 et
1907 1481 112 42 pour
2042 1465 40 44 la
2105 1478 91 29 com-

431 1561 213 58 position.
666 1558 91 43 Son
791 1568 126 42 nom,
941 1559 178 37 surtout
1139 1564 56 30 en
1224 1557 96 35 tant
1348 1544 456 60 qu'instrumentiste,
1835 1552 63 34 est
1920 1542 202 55 toujours
2145 1540 82 42 cité

433 1650 105 31 avec
576 1636 126 55 éloge
732 1636 27 40 à
788 1632 98 43 côté
919 1629 53 42 de
1008 1642 111 29 ceux
1155 1627 75 42 des
1271 1624 221 42 virtuoses
1533 1636 64 28 ses
1632 1618 360 57 contemporains
2027 1617 62 43 les
2126 1615 102 57 plus

433 1711 271 47 renommés.
729 1707 191 44 Suivant
938 1705 249 54 Dassoucy,
1212 1698 221 58 Apollon,
1459 1711 113 43 pour
1596 1695 178 43 séduire
1798 1693 210 57 Daphné,
2034 1705 57 28 ne
2114 1704 87 43 pou-

430 1789 93 43 vait
556 1787 230 56 employer
823 1783 53 43 de
905 1793 188 43 moyens
1127 1778 103 56 plus
1267 1774 238 58 persuasifs
1527 1787 88 43 que
1639 1771 52 42 de
1722 1770 67 43 lui
1821 1769 106 43 taire
1952 1768 212 43 entendre
2183 1768 43 42 la

430 1863 208 57 musique
655 1876 10 29 :

929 1949 68 40 De
1017 1949 62 38 La
1101 1947 147 39 Pierre
1267 1952 39 32 et
1327 1943 51 39 de
1398 1939 268 50 Constantin,

930 2013 98 51 Luy
1047 2022 143 28 mener
1212 2010 37 38 le
1258 2008 130 51 jeune
1409 2005 161 40 Martin

931 2076 57 40 Et
1010 2073 209 41 monsieur
1240 2070 214 49 Lambert,
1476 2079 73 30 son
1567 2068 202 51 compère.

490 2217 66 47 De
588 2230 83 33 son
704 2213 110 53 côté,
849 2211 250 51 Mersenne,
1124 2208 111 42 dans
1268 2217 64 29 un
1364 2216 180 44 passage
1572 2202 53 42 de
1648 2213 83 30 son

433 2296 113 44 selle
585 2297 59 40 où
666 2291 32 43 il
717 2287 235 46 reconnaît
981 2283 102 57 plus
1103 2281 55 42 de
1181 2278 156 45 mérite
1365 2283 24 38 à
1411 2291 64 29 un
1507 2277 113 42 beau
1644 2274 136 42 chant
1809 2276 105 54 qu'à
1936 2288 91 30 une
2048 2287 154 43 compo-

434 2372 135 45 sition
599 2372 25 38 à
659 2365 226 59 plusieurs
913 2359 179 59 parties,
1129 2356 146 57 quelle
1296 2353 139 57 qu'en
1456 2352 85 42 soit
1574 2351 42 42 la
1648 2348 235 53 difficulté,
1915 2349 239 57 s'exprime
2176 2349 55 42 de

435 2457 108 35 cette
579 2443 198 45 manière
797 2455 12 29 :
837 2455 17 24 «
892 2440 41 40 A
965 2447 126 46 quoy
1120 2432 94 43 l'on
1247 2441 106 47 peut
1380 2429 175 57 ajouter
1583 2440 88 43 que
1693 2426 226 57 plusieurs
1943 2426 53 41 de
2019 2438 109 31 ceux
2150 2424 81 57 qui

437 2532 82 37 ont
541 2535 91 43 ouy
649 2520 40 43 le
707 2516 170 53 violon,
901 2513 111 43 dont
1035 2511 167 53 Bocan,
2038 2507 196 43 Constan
1549 2502 208 57 Lazarin,
1784 2513 41 32 et
1845 2502 217 57 quelques
2086 2511 148 33 autres

433 2601 156 56 joûent
622 2603 151 35 toutes
807 2600 138 33 sortes
980 2587 53 43 de
1066 2586 243 49 chansons,
1346 2587 198 35 avouent
1574 2592 89 42 que
1691 2578 40 42 la
1755 2577 139 57 partie
1915 2577 133 57 qu'ils
2076 2575 158 58 jouent

437 2686 203 47 surpasse
673 2678 150 36 toutes
853 2673 139 36 sortes
1022 2663 56 42 de
1113 2669 218 45 concerts,
1367 2664 44 36 et
1431 2655 136 59 qu'ils
1588 2654 252 57 quitteront
1873 2652 361 44 très-volontiers

435 2760 149 39 toutes
616 2748 61 43 les
707 2739 323 61 compositions
1054 2740 25 41 à
1113 2735 224 59 plusieurs
1371 2732 106 43 voix
1501 2744 114 43 pour
1640 2730 64 42 les
1736 2734 118 48 ouïr,
1878 2742 123 43 quoy
2023 2727 132 58 qu'ils
2179 2740 55 30 ne

437 2827 212 46 touchent
669 2823 170 57 qu'une
859 2815 158 60 partie.
1042 2832 19 23 »
1089 2814 61 42 Le
1165 2815 100 55 père
1287 2809 207 56 minime,
1519 2808 111 42 dans
1649 2821 64 27 un
1733 2815 123 33 autre
1878 2804 178 43 endroit
2076 2804 55 42 de
2151 2817 81 29 son

437 2906 123 52 livre,
584 2901 147 43 admet
750 2908 88 45 que
856 2894 39 43 le
917 2906 83 30 son
1035 2890 54 44 de
1111 2888 226 57 l'épinette
1360 2881 240 46 ressemble
1630 2894 120 29 assez
1771 2884 24 38 à
1818 2879 115 44 celui
1966 2879 59 42 du
2047 2879 100 42 luth
2170 2892 61 30 ou

438 2982 53 43 de
533 2981 41 43 la
607 2978 152 53 harpe,
790 2982 41 33 et
858 2969 122 59 parle
1007 2967 54 43 de
1096 2967 43 41 la
1172 2960 253 61 possibilité
1459 2958 197 43 d'imiter
1686 2970 78 28 sur
1793 2956 41 41 le
1861 2953 195 58 premier
2081 2954 55 42 de
2164 2968 68 30 ces

439 3059 297 43 instruments
768 3050 39 42 le
829 3062 79 29 son
929 3045 54 42 de
1004 3044 43 42 la
1073 3040 119 45 viole
1234 3050 41 32 et
1295 3039 62 42 du
1378 3036 157 44 violon
1558 3048 57 28 au
1639 3047 164 41 moyen
1827 3031 27 42 d
1875 3044 61 29 un
1961 3031 273 44 mécanisme

438 3130 263 60 ingénieux.
734 3142 24 24 «
782 3123 116 44 Mais
931 3120 38 56 je
1004 3133 54 28 ne
1080 3130 108 42 croy
1211 3129 92 42 pas,
1337 3111 138 54 dit-il,
1508 3123 89 43 que
1632 3109 94 42 l'on
1760 3106 151 56 puisse
1947 3106 204 57 suppléer
2171 3108 61 41 les

438 3207 275 59 gentillesses
738 3202 53 44 de
810 3200 42 43 la
877 3196 122 45 main
1021 3193 186 58 gauche*
1233 3204 59 43 ny
1323 3190 62 42 les
1411 3186 196 51 fiedons,
1629 3193 42 33 et
1700 3182 62 42 les
1785 3182 223 44 douceurs
2030 3190 42 36 et
2094 3182 117 44 ravis-

439 3290 194 40 sements
654 3280 76 43 des
749 3288 140 44 coups
910 3273 55 43 de
984 3270 199 53 l'archet*
1206 3268 109 40 dont
1337 3265 62 41 les
1422 3260 238 44 excellents
1680 3257 181 56 joueurs
1884 3257 54 44 de
1955 3259 140 43 violes
2117 3269 40 33 et
2178 3257 56 44 de

438 3360 188 52 violons,
671 3365 174 35 comme
885 3349 62 44 les
986 3346 141 45 sieurs
1173 3339 258 59 Maugards,
1475 3334 207 55 Lazarin,
1726 3334 170 57 Bocan,

484 3499 50 42 (I)
558 3490 226 42 Constantin
810 3485 174 42 habitait,
1007 3491 45 25 en
1080 3477 108 43 1615,
1211 3476 36 35 la
1268 3485 69 25 rue
1356 3472 46 37 de
1423 3472 35 37 la
1480 3469 202 39 Huchette.
