2441 3807
384 273 84 43 262

850 277 79 42 LA
962 276 392 53 CHRONIQUE
1387 276 325 44 MUSICALE

379 426 292 56 Charmoton,
689 430 244 55 ajoutaient
948 435 23 37 à
988 432 184 41 l'attrait
1188 433 52 41 de
1257 447 46 27 ce
1320 433 229 56 spectacle.
1566 432 225 56 Ajoutons
1803 445 87 42 que
1905 432 60 42 les
1981 442 163 31 acteurs-

378 502 157 41 mimes
568 503 266 56 jouissaient
870 507 134 41 d'une
1032 507 259 54 réputation
1327 508 106 41 hors
1475 508 133 55 ligne.
1648 507 216 41 C'étaient
1884 522 9 26 :
1939 507 60 41 La
2029 506 144 53 Tour,

379 577 198 54 Dubroc,
614 581 216 52 Nicolini,
860 580 226 53 Guittard,
1122 582 196 50 Prévost,
1341 583 175 42 Jérôme
1538 594 40 31 et
1606 583 59 42 les
1694 582 281 42 demoiselles
2009 581 162 56 Oploo,

377 653 137 56 Brila,
560 656 169 40 Bertier
765 656 127 41 aînée
934 664 40 32 et
1014 656 179 52 cadette,
1240 657 195 42 Prévost.
1479 658 80 41 Les
1593 669 146 30 autres
1775 657 214 42 exercices
2010 656 165 42 étaient

377 730 199 40 exécutés
608 743 79 41 par
719 729 191 42 diverses
945 730 226 43 célébrités
1200 733 322 53 européennes;
1548 738 23 36 à
1599 746 172 28 mesure
1794 732 181 56 qu'elles
2006 745 43 28 se
2072 745 77 41 pro-

379 803 242 54 duisaient,
657 812 143 34 toutes
839 805 253 55 briguaient
1124 805 240 42 l'honneur
1393 807 53 40 de
1479 821 43 26 se
1555 816 199 34 montrer
1776 809 109 40 dans
1917 808 40 41 la
1990 806 184 55 Troupe

379 878 286 42 hollandaise
670 911 9 9 .
705 879 151 53 Ainsi,
879 880 40 40 la
943 894 145 40 vogue
1117 880 52 41 de
1199 880 173 42 Tannée
1400 895 112 41 1742
1552 882 68 41 fut
1649 897 114 40 pour
1797 883 39 41 le
1867 882 305 43 Polichinelle

378 953 184 54 anglais,
586 967 112 41 pour
713 954 40 41 la
767 955 251 42 demoiselle
1043 956 200 41 Frédéric
1273 956 213 53 German,
1505 958 214 53 première
1736 959 214 40 danseuse
1968 959 52 40 de
2039 957 132 42 corde

376 1027 51 40 de
452 1028 212 54 Londres,
688 1036 41 33 et
764 1043 113 41 pour
910 1046 17 22 «
955 1030 367 56 l'incomparable
1355 1031 251 41 cabrioleur
1637 1032 173 48 italien,
1846 1032 235 52 Grimaldi,
2104 1032 66 43 dit

371 1102 158 41 Jambe
552 1104 53 40 de
616 1103 88 55 fer
711 1137 7 8 .
736 1120 23 22 »
784 1104 37 41 Il
844 1105 163 41 sautait
1030 1105 35 41 si
1088 1106 125 53 haut,
1234 1105 159 55 dit-on,
1411 1120 88 41 que
1514 1106 163 55 parfois
1693 1106 31 42 il
1748 1107 195 41 s'élevait
1962 1107 204 55 jusqu'au

373 1176 149 42 lustre.
550 1177 73 41 On
647 1186 177 34 raconte
854 1182 25 38 à
914 1192 45 28 ce
981 1193 160 42 propos
1168 1194 90 41 que
1290 1180 110 41 dans
1430 1195 64 26 un
1529 1181 362 42 divertissement
1924 1180 179 42 intitulé
2132 1180 38 41 le

378 1253 122 40 Prix
522 1253 55 40 de
604 1253 214 53 Cythère,
856 1253 220 42 Grimaldi
1103 1263 137 47 ayant
1262 1256 238 41 renouvelé
1522 1270 80 27 son
1624 1256 195 41 exercice
1839 1259 24 37 à
1886 1255 42 41 la
1951 1255 220 41 demande

375 1326 60 42 du
455 1327 170 55 public,
645 1342 44 27 se
711 1342 206 42 surpassa
939 1340 39 30 et
999 1328 50 43 fit
1078 1329 204 42 détacher
1308 1331 62 40 du
1394 1331 138 41 lustre
1550 1344 88 27 une
1660 1330 239 42 verroterie
1921 1329 78 56 qui
2020 1330 85 41 alla
2128 1344 43 27 se

374 1401 188 55 projeter
581 1416 77 28 sur
678 1403 218 55 l'auguste
918 1402 222 42 abdomen
1173 1405 51 40 de
1246 1404 344 43 l'ambassadeur
1609 1405 54 41 de
1684 1404 41 42 la
1750 1406 148 52 Porte,
1924 1403 244 43 Méhémet-

378 1477 197 54 Effendi;
614 1477 272 43 l'excellence
924 1492 44 27 se
998 1477 126 42 fâcha
1152 1488 95 32 tout
1284 1493 137 42 rouge
1454 1488 42 34 et
1530 1479 50 42 fit
1613 1493 142 28 rosser
1782 1480 327 56 d'importance
2131 1479 40 41 le

378 1563 182 32 sauteur
581 1568 78 40 par
690 1567 65 28 ses
786 1567 123 42 gens.
935 1552 74 43 On
1032 1554 93 41 voit
1157 1554 134 55 qu'en
1326 1569 46 27 ce
1399 1557 214 53 temps-là
1635 1555 59 41 les
1719 1564 202 33 sauteurs
1945 1554 224 42 n'avaient

376 1641 80 41 pas
482 1630 103 53 qu'à
627 1642 45 27 se
708 1630 263 54 préoccuper
1013 1628 61 42 du
1106 1628 166 56 danger
1314 1630 54 40 de
1409 1643 44 28 se
1491 1643 174 42 rompre
1699 1630 39 41 le
1772 1644 102 28 cou.
1908 1630 97 41 Bon
2035 1629 133 41 vieux

378 1710 160 47 temps,
562 1716 52 27 va
632 1706 10 38 !

433 1780 75 38 Au
541 1776 155 42 milieu
729 1778 52 40 de
816 1785 150 35 toutes
995 1790 68 28 ces
1091 1776 244 54 célébrités,
1366 1779 113 43 dont
1513 1794 222 41 personne
1757 1794 54 28 ne
1835 1794 44 27 se
1909 1780 135 41 doute
2069 1780 100 54 plus

376 1852 156 55 depuis
566 1852 271 55 longtemps,
863 1852 195 54 Nicolet,
1085 1851 80 56 qui
1193 1853 119 41 avait
1334 1853 183 42 succédé
1548 1858 24 38 à
1595 1855 195 41 Bienfait
1814 1855 110 41 dans
1944 1853 38 42 le
1999 1854 72 55 jeu
2093 1854 76 41 des

377 1927 333 55 marionnettes,
750 1926 242 43 établissait
1024 1934 102 34 tout
1159 1927 266 42 doucement
1458 1943 45 27 sa
1524 1929 261 56 réputation
1807 1929 164 42 future.
1998 1929 118 41 Petit
2146 1933 25 36 à

376 2002 122 56 petit,
525 2002 32 41 il
578 2010 157 34 monta
767 2016 63 27 un
858 2002 93 41 vrai
974 2002 228 55 spectacle,
1234 2011 43 33 et
1303 2003 223 55 produisit
1553 2004 202 42 Taconet
1783 2018 54 27 en
1866 2004 161 42 faisant
2047 2003 126 55 jouer

378 2077 53 41 de
453 2087 65 31 cet
548 2085 174 46 auteur,
747 2077 39 41 le
815 2077 48 40 16
898 2076 156 43 février
1084 2077 130 56 1758,
1249 2078 40 41 la
1317 2079 219 55 première
1566 2079 121 56 pièce
1708 2093 54 28 en
1791 2080 119 54 règle
1930 2079 206 42 intitulée
2157 2091 10 29 :

375 2152 27 42 Y
412 2152 164 42 Ombre
597 2152 55 42 de
685 2152 137 41 Vadé.

433 2227 130 42 Voilà
604 2240 47 28 ce
684 2241 88 41 que
806 2227 149 42 furent
990 2227 59 42 les
1081 2229 233 55 spectacles
1347 2229 168 42 forains
1550 2230 176 54 jusqu'à
1756 2230 42 41 la
1826 2230 102 42 nuit
1948 2230 60 41 du
2038 2230 50 40 16
2111 2243 58 27 au

386 2316 52 41 17
470 2301 90 41 mai
589 2302 111 55 1762
724 2306 76 44 où,
826 2301 116 41 ainsi
966 2316 89 41 que
1075 2317 115 27 nous
1210 2303 170 42 l'avons
1396 2303 82 55 dit,
1505 2317 63 28 un
1595 2303 204 42 incendie
1821 2303 346 57 épouvantable,

378 2377 137 41 activé
536 2390 77 42 par
632 2390 60 27 un
724 2377 174 41 violent
916 2385 105 33 vent
1042 2377 60 41 du
1119 2378 129 50 nord,
1272 2378 200 42 anéantit
1486 2378 41 41 la
1553 2378 108 41 foire
1682 2378 246 55 légendaire
1948 2378 53 41 de
2020 2378 149 42 Saint-

378 2450 463 58 Germain-des-Prés,
858 2450 97 55 déjà
971 2451 236 44 fortement
1222 2455 200 40 entamée
1437 2467 78 42 par
1536 2453 42 42 la
1594 2453 305 42 construction
1914 2452 61 42 du
1993 2453 176 41 marché

376 2526 130 43 établi
530 2540 55 28 en
612 2528 129 54 1726.

1091 2827 371 46 EPILOGUE

442 3073 61 43 Le
525 3073 264 42 lendemain
812 3074 61 41 du
904 3073 194 56 sinistre,
1131 3075 41 40 le
1195 3075 68 41 roi
1284 3074 49 42 fit
1355 3073 245 43 distribuer
1621 3086 88 27 aux
1738 3069 184 56 forains,
1947 3074 24 37 à
1994 3071 101 41 titre
2117 3071 56 42 de

382 3163 194 40 secours,
603 3163 89 28 une
715 3163 172 27 somme
915 3149 54 41 de
1000 3163 194 41 200,000
1230 3149 149 42 livres.
1413 3149 158 42 C'était
1592 3161 59 28 un
1681 3145 102 42 bien
1806 3145 172 55 maigre
2007 3147 143 54 pallia-

381 3223 57 41 tif
454 3238 118 40 pour
593 3234 94 31 tant
712 3224 53 41 de
787 3224 153 42 ruines
957 3239 9 38 ;
985 3224 135 55 aussi,
1145 3225 200 54 pendant
1367 3224 220 55 quelques
1610 3220 133 55 mois,
1766 3234 47 27 ce
1836 3220 67 42 fut
1925 3236 89 26 une
2037 3236 107 40 ques-

379 3298 98 41 tion
502 3299 103 41 bien
630 3302 315 39 controversée
973 3300 53 41 de
1050 3300 149 42 savoir
1221 3300 35 42 si
1282 3315 59 27 on
1377 3297 288 45 construirait
1688 3297 193 41 d'autres
1912 3297 256 44 bâtiments.

379 3374 75 42 On
477 3387 44 27 se
544 3374 155 42 décida
716 3375 121 42 enfin
860 3389 118 42 pour
999 3375 316 56 l'affirmative,
1336 3385 55 44 et,
1412 3375 74 40 dès
1510 3373 42 42 le
1576 3372 117 43 mois
1710 3372 247 56 d'octobre,
1979 3373 63 42 les
2061 3387 108 42 pro-
