2441 3807
829 408 189 42 LOUIS
1051 409 409 46 CONSTANTIN

1937 422 79 41 251

257 555 135 56 Léger
410 569 39 32 et
473 561 211 57 quelques
705 573 158 39 autres,
889 562 211 46 ravissent
1131 565 165 57 l'esprit
1325 567 73 43 des
1426 569 240 45 auditeurs.
1700 588 17 21 »
1757 572 80 41 Les
1859 574 154 44 doutes

254 630 60 40 du
345 633 306 57 musicologue
672 637 58 41 du
752 652 87 27 xvn
842 643 13 17 e
879 637 125 42 siècle
1027 653 41 28 se
1086 651 98 31 sont
1203 642 199 56 justifiés,
1425 645 116 42 aussi
1567 646 99 42 bien
1690 659 114 42 pour
1825 648 38 41 le
1887 648 131 55 piano

257 717 86 41 que
364 721 111 40 pour
506 709 238 55 l'épinette.
771 712 165 41 loutes
959 713 61 41 les
1042 715 235 44 tentatives
1300 717 136 56 faites,
1461 720 166 56 malgré
1649 722 230 56 beaucoup
1902 723 92 41 d'in-

261 780 216 52 géniosité
511 783 228 54 dépensée,
770 799 112 40 pour
917 787 169 43 donner
1113 792 21 38 ù
1159 804 66 28 ces
1254 800 287 35 instruments
1563 795 39 41 le
1630 809 78 28 son
1737 797 184 42 continu
1949 798 72 41 des

260 851 287 45 instruments
565 859 23 37 à
607 858 165 53 archet,
799 860 123 41 n'ont
938 862 151 43 abouti
1109 863 205 56 jusqu'ici
1333 869 23 38 à
1373 880 147 28 aucun
1538 868 180 43 résultat
1733 869 282 43 satisfaisant.

313 926 58 42 Le
389 929 281 56 témoignage
687 932 108 41 d'un
816 938 335 53 contemporain
1170 939 59 41 du
1253 940 127 54 poids
1399 941 59 41 du
1476 943 100 53 père
1594 943 244 54 Mersenne,
1863 944 131 42 témoi-

253 1014 137 41 gnage
412 1003 211 57 consigné
643 1006 109 42 dans
774 1008 214 45 l'énorme
1009 1011 179 43 in-folio
1205 1013 106 42 dont
1331 1029 116 27 nous
1468 1016 169 42 l'avons
1658 1018 169 54 extrait,
1851 1033 53 27 ne
1927 1020 93 41 doit

251 1074 147 42 laisser
425 1090 147 29 aucun
614 1081 133 41 doute
783 1097 76 28 sur
892 1085 41 41 le
968 1086 136 42 talent
1135 1087 52 41 de
1222 1088 236 43 violoniste
1493 1090 52 42 de
1580 1091 288 54 Constantin;
1908 1094 111 42 mais

251 1149 242 43 désormais
515 1152 31 42 il
570 1154 110 42 n'est
712 1157 190 54 possible
937 1160 269 55 d'apprécier
1229 1176 78 27 son
1331 1164 154 42 mérite
1515 1179 173 29 comme
1716 1168 304 54 compositeur

251 1237 85 40 que
355 1239 80 40 par
458 1241 59 27 un
541 1230 94 40 seul
657 1244 205 30 morceau
880 1233 53 41 de
953 1234 80 57 lui,
1059 1235 145 55 lequel
1221 1250 42 27 se
1279 1244 158 35 trouve
1453 1239 107 42 dans
1583 1241 37 41 le
1635 1243 187 53 premier
1837 1243 181 42 volume

251 1296 53 41 de
338 1298 12 40 1
369 1298 276 45 inestimable
674 1315 40 30 et
742 1307 334 54 très-précieuse
1110 1310 235 42 collection
1378 1312 217 53 Philidor,
1634 1317 207 53 possédée
1870 1331 76 40 par
1979 1318 40 41 le

251 1371 341 47 Conservatoire
610 1378 53 41 de
696 1380 209 56 Musique
929 1382 52 41 de
1006 1383 124 41 Paris
1153 1384 84 55 (i).
1268 1386 59 41 Ce
1355 1401 218 41 morceau,
1603 1390 78 54 qui
1708 1402 123 43 porte
1857 1391 40 42 la
1919 1392 98 42 date

251 1446 52 40 de
338 1448 127 54 1636,
490 1460 61 31 est
572 1454 23 38 à
618 1451 66 41 six
705 1454 175 54 parties,
911 1469 99 28 sans
1032 1456 247 44 indication
1297 1459 335 45 d'instruments
1651 1474 41 31 et
1707 1472 62 33 est
1785 1464 200 43 intitulée
2006 1479 9 27 :

252 1520 46 40 lu
317 1521 248 56 Pacifique.
600 1525 116 42 Pétis
752 1526 64 44 dit
849 1542 89 41 que
966 1540 107 31 cette
1103 1531 135 54 pièce,
1262 1532 109 42 dans
1392 1534 36 41 le
1451 1536 109 53 style
1583 1535 146 55 fugué,
1761 1554 17 21 «
1809 1552 205 28 annonce

250 1593 61 41 du
334 1594 151 56 talent,
510 1607 40 30 et
571 1611 87 41 que
680 1599 92 42 l'on
795 1615 29 41 y
844 1609 155 35 trouve
1023 1604 215 56 quelques
1260 1607 209 42 cadences
1492 1608 281 44 inattendues
1795 1611 107 42 d'un
1927 1613 90 42 bon

249 1667 119 45 effet.
411 1686 19 24 »
471 1671 120 42 Dans
626 1684 99 32 tous
760 1676 63 41 les
858 1690 84 41 cas,
974 1678 40 41 le
1049 1679 339 44 bibliothécaire
1411 1684 59 41 du
1501 1684 357 58 Conservatoire,
1890 1698 128 32 notre

250 1743 89 41 ami
364 1744 63 41 M.
452 1745 251 58 Wekerlin,
741 1751 77 53 qui
840 1765 23 27 a
896 1751 103 42 bien
1021 1754 153 54 voulu,
1200 1769 103 27 avec
1326 1771 81 27 son
1430 1758 260 55 obligeance
1712 1764 303 53 accoutumée,

250 1830 115 28 nous
389 1818 106 41 faire
519 1834 86 27 une
627 1823 126 55 copie
776 1824 54 41 de
858 1839 46 27 ce
926 1840 224 42 morceau,
1188 1831 296 53 comprendra
1508 1832 268 56 facilement,
1802 1835 213 55 puisqu'il

247 1891 55 40 l'a
325 1891 64 54 lu,
415 1907 87 41 que
524 1909 115 27 nous
664 1897 62 41 lui
750 1898 170 42 disions
944 1914 53 26 en
1021 1915 113 27 nous
1157 1902 222 56 inspirant
1400 1905 60 42 du
1483 1907 102 54 père
1604 1907 251 55 Mersenne,
1884 1928 18 20 ce
1927 1924 88 41 que

248 1977 114 29 nous
385 1966 270 54 quitteiions
689 1972 350 43 très-volontiers
1059 1975 265 43 l'exécution
1348 1978 53 41 de
1425 1980 45 40 la
1496 1982 230 56 Pacifique
1756 1996 115 42 pour
1894 1991 117 47 ouïr,

247 2038 253 55 quoiqu'on
524 2055 54 27 ne
600 2044 157 41 touche
780 2046 166 54 qu'une
968 2048 154 55 partie,
1149 2066 18 21 »
1194 2065 60 26 un
1279 2051 160 56 simple
1462 2054 132 42 chant
1614 2057 216 54 expressif
1846 2065 41 35 et
1910 2058 101 43 bien

245 2111 220 55 rhythmé.
492 2114 252 58 Toutefois,
764 2118 34 41 si
822 2132 46 27 ce
891 2133 204 30 morceau
1112 2137 55 26 ne
1183 2124 151 41 donne
1350 2138 75 42 pas
1442 2141 89 27 une
1546 2128 133 42 haute
1696 2129 98 41 idée
1810 2131 60 41 du
1887 2145 93 29 com-

245 2185 192 55 positeui
478 2201 174 30 comme
685 2191 248 57 mélodiste,
971 2195 221 56 l'opinion
1215 2198 53 40 de
1295 2199 132 55 Fétis,
1463 2215 57 28 au
1542 2202 130 55 point
1693 2205 54 40 de
1768 2218 86 28 vue
1882 2207 105 41 scho-

245 2259 207 57 lastique,
473 2276 26 27 n
519 2276 53 27 en
595 2264 186 42 subsiste
803 2278 77 43 pas
903 2269 147 41 moins
1073 2279 42 33 et
1136 2271 64 41 lui
1225 2282 62 31 est
1309 2272 227 44 favorable
1559 2279 22 39 à
1603 2277 220 56 très-juste
1845 2280 167 45 raison.

301 2334 137 42 Louis
461 2335 266 45 Constantin
750 2343 139 51 paraît
910 2343 125 41 avoir
1058 2344 75 42 fait
1154 2346 139 53 partie
1315 2361 118 28 assez
1449 2348 132 55 jeune
1604 2352 53 39 de
1674 2352 41 41 la
1736 2351 207 57 musique
1961 2356 52 41 de

248 2408 137 42 Louis
401 2409 131 51 XIII,
552 2411 148 55 prince
721 2414 76 53 qui
818 2415 151 44 Pavait
997 2431 52 26 en
1072 2420 161 52 grande
1257 2421 167 42 estime.
1453 2423 37 41 Il
1510 2426 212 54 comptait
1744 2441 56 26 au
1823 2430 188 40 nombre

245 2482 53 40 de
321 2495 64 27 ses
408 2484 112 40 amis
544 2485 62 40 les
630 2486 229 42 célébrités
882 2490 235 42 musicales
1140 2493 178 56 d'alors,
1341 2506 54 43 et,
1414 2497 408 54 particulièrement
1836 2500 57 41 lié
1910 2516 103 28 avec

247 2555 212 53 François
485 2556 284 57 Richomme,
794 2574 81 27 son
898 2563 200 42 confrère
1120 2568 23 37 à
1160 2565 41 41 la
1224 2580 124 42 cour,
1374 2579 40 30 et
1432 2570 52 40 de
1505 2570 101 54 plus
1622 2586 81 40 roy
1719 2573 75 40 des
1816 2574 191 55 violons,

245 2628 31 42 il
299 2628 85 42 tint
404 2632 24 38 à
451 2643 45 27 ce
516 2645 86 40 que
626 2632 176 42 celui-ci
826 2634 66 42 fût
912 2636 179 54 parrain
1113 2639 106 41 d'un
1237 2640 52 41 de
1312 2655 63 27 ses
1400 2643 187 51 enfants,
1608 2646 54 40 né
1685 2659 50 27 en
1762 2647 126 43 1620.
1907 2651 40 39 A
1969 2650 42 41 la

246 2713 117 31 mort
397 2703 54 40 de
488 2703 284 58 Richomme,
810 2721 222 29 survenue
1063 2725 54 26 en
1153 2713 129 55 1624,
1322 2714 267 44 Constantin
1620 2718 64 42 fut
1714 2720 154 55 appelé
1897 2725 23 37 à
1943 2723 65 42 lui

246 2775 220 56 succéder,
493 2786 41 32 et
557 2791 20 28 c
597 2789 60 30 est
679 2779 40 40 le
748 2793 49 27 12
823 2781 235 44 décembre
1079 2784 52 41 de
1153 2796 108 31 cette
1283 2788 145 42 même
1449 2791 157 54 année,
1631 2792 109 54 qu'il
1763 2794 67 42 fut
1851 2794 158 44 investi

244 2863 79 42 par
345 2865 81 27 son
448 2852 124 55 royal
594 2863 175 45 patron,
793 2855 41 40 le
866 2855 309 45 roi-musicien
1209 2857 141 47 Louis
1380 2863 133 52 XIII,
1538 2866 54 40 de
1619 2866 167 43 VEstât
1813 2875 41 35 et
1875 2871 136 55 office

244 2925 55 42 de
319 2927 107 53 Roy
447 2934 41 34 et
508 2928 202 42 Maistre
739 2930 77 42 des
844 2932 300 44 Menestriers
1174 2943 42 34 et
1249 2937 54 42 de
1338 2945 97 36 tous
1471 2941 62 42 les
1557 2941 193 44 loueurs
1785 2945 200 42 d'lnstru-

244 3007 153 45 ments,
423 3007 97 36 tant
539 3003 128 44 hault
692 3018 83 42 que
798 3005 79 42 bas
898 3007 59 41 du
981 3021 238 41 royaume.

287 3186 52 44 (1)
363 3186 103 36 Voici
490 3189 31 33 le
539 3189 85 35 titre
644 3191 44 34 de
710 3202 38 25 ce
768 3193 149 35 volume
939 3205 9 23 :
971 3193 153 36 Recueil
1143 3194 45 35 de
1207 3193 187 47 plusieurs
1415 3198 111 35 vieux
1541 3200 94 35 Airs
1644 3202 99 45 faits
1764 3213 79 25 aux
1858 3204 152 43 Sacres,

246 3244 324 42 Couronnements,
593 3247 198 45 Mariages
812 3254 34 29 et
867 3255 123 30 autres
1007 3251 212 45 Solennité\
1232 3252 98 44 faits
1346 3264 84 23 sous
1451 3256 50 33 les
1520 3256 149 45 JRègnes
1687 3259 44 35 de
1746 3259 185 46 François
1946 3264 20 32 /
1968 3271 11 14 e
1987 3269 22 37 %

245 3299 123 33 Henri
388 3298 70 44 111,
481 3299 123 35 Henri
624 3302 64 32 IV
703 3308 34 29 et
754 3305 114 34 Louis
884 3306 110 42 XIII,
1017 3317 86 24 avec
1122 3308 184 42 plusieurs
1327 3315 166 29 concerts
1503 3311 101 43 faits
1621 3324 96 32 pour
1739 3315 79 34 leur
1839 3318 155 35 divertis-

242 3358 149 30 sement.
416 3355 123 33 Grand
562 3356 108 33 in-f°.
701 3359 47 32 Le
777 3361 114 32 XYII®
912 3362 149 34 volume
1173 3369 89 27 cette
1296 3365 122 33 même
1451 3367 106 42 série,
1586 3367 150 36 intitulé
1755 3380 7 22 :
1789 3373 153 34 Recueil
1967 3376 46 33 de

244 3409 176 42 Branles,
449 3413 84 39 etc.,
560 3410 217 36 renfermait
809 3415 188 43 plusieurs
1019 3429 53 21 me
1169 3428 47 22 nx
1238 3418 43 32 de
1301 3419 236 45 Constantin,
1560 3421 92 37 mais
1673 3424 12 35 i
1719 3436 19 23 a
1760 3427 153 45 disparu
1934 3429 77 34 àla

245 3464 94 35 suite
361 3464 63 34 des
449 3465 95 34 deux
567 3467 79 34 vols
667 3468 91 34 dont
779 3469 33 34 la
835 3471 196 35 collection
1359 3487 19 23 a
1398 3476 54 35 été
1475 3477 164 38 victime.
