3492 4348
1617 138 104 58 155

104 273 137 49 Tacte
272 268 137 57 bloss,
437 268 91 48 und
557 269 80 49 soll
670 272 116 46 auch
816 272 244 51 schwellen
1117 273 68 49 bis
1233 294 122 31 zum
1407 280 217 47 letzten

101 346 230 57 Achtel;
365 346 206 64 plötzlich
626 346 170 49 wieder
834 349 159 50 Piano.
1064 349 97 50 Wo
1204 351 119 51 blieb
1373 370 57 33 an
1473 355 152 64 jenem

103 422 193 53 Abende
332 422 124 49 diese
496 422 116 49 feine
640 424 220 50 Nuance?
927 427 66 48 Im
1044 443 171 49 ganzen
1253 429 141 50 Stück
1432 431 55 48 ist
1525 432 102 48 kein

103 504 135 47 Forte
268 499 360 65 vorgezeichnet,
659 502 100 48 kein
791 503 220 66 einziges!
1065 506 113 48 Hier
1219 506 89 48 und
1350 508 54 48 da
1526 527 101 31 zum

103 577 339 52 Auftacteoder
459 578 77 46 für
561 578 315 65 Verstärkung
896 582 122 48 eines
1039 582 207 58 Wortes,
1276 586 156 47 weiter
1456 587 173 47 nichts!

103 654 100 51 Und
235 654 85 47 wie
349 656 157 63 plump
537 654 79 49 das
645 656 347 66 Nachschlagen
1036 658 80 48 der
1145 659 485 52 Blase-Instrumente!

101 736 60 45 Ist
198 730 86 49 den
315 732 181 47 Herren
546 732 122 48 nicht
716 749 81 31 aus
826 734 219 49 einander
1073 744 168 56 gesetzt
1289 738 204 57 worden,
1538 757 92 32 was

104 808 220 63 vorgeht?
355 808 90 48 und
476 809 170 65 spricht
684 809 71 48 die
786 810 245 65 hüpfende,
1072 813 160 50 leichte
1275 816 354 66 Triolen-Figur

103 887 120 49 nicht
240 885 115 49 eben
373 903 48 32 so
439 887 208 47 neckisch
669 887 84 48 wie
772 889 67 47 ein
858 890 158 49 Puck?
1040 892 93 48 Hat
1149 908 104 32 man
1271 910 255 48 vergessen,
1544 896 86 48 den

104 965 114 46 Text
247 963 83 47 auf
348 962 127 66 jedes
506 964 103 47 Pull
639 981 50 30 zu
722 965 148 64 legen,
907 983 21 29 v
946 984 25 31 o
989 984 25 31 n
1064 968 95 48 der
1206 978 193 41 ersten
1444 972 186 48 Probe

104 1040 98 50 an?
245 1039 61 57 0,
336 1056 49 33 so
416 1040 300 49 unterrichtet
744 1042 114 49 doch
891 1043 70 48 die
990 1045 234 64 gelehrige
1252 1048 174 47 Masse!
1467 1049 73 48 Sie
1577 1050 56 47 ist

105 1118 151 63 willig,
285 1118 63 47 sie
377 1119 55 47 ist
480 1118 216 66 geduldig
736 1120 85 49 wie
871 1122 71 48 die
980 1123 167 65 Menge
1191 1124 58 47 im
1293 1125 339 64 Allgemeinen!

104 1194 126 51 Aber
260 1194 128 48 redet
418 1195 69 46 ihr
515 1213 70 39 zu,
616 1197 180 63 sprecht
834 1199 79 47 mit
941 1199 87 56 ihr,
1079 1204 144 60 gönnt
1251 1200 71 49 ihr
1364 1202 70 48 ein
1473 1203 130 49 beleh-

105 1270 160 51 rendes
296 1271 167 50 Wort!
508 1273 75 47 Ihr
613 1274 109 47 habt
745 1274 50 64 ja
824 1274 79 50 das
933 1293 155 47 grosse
1126 1277 497 66 Capellmeister-Buch

105 1367 78 31 vor
212 1349 132 57 euch,
376 1350 313 50 Geehrtesler!
731 1353 62 47 Ist
821 1353 144 48 nichts
994 1354 168 48 daraus
1190 1372 51 32 zu
1271 1357 235 66 schöpfen,
1535 1376 94 31 was

99 1428 99 48 dem
231 1428 143 47 Einen
406 1428 90 47 und
515 1428 102 48 dem
642 1429 215 49 Anderen
873 1430 324 66 Offenbarung
1220 1434 184 50 werden
1428 1435 201 50 könnte?

213 1504 102 49 Und
358 1520 131 32 wenn
534 1523 92 30 nun
658 1506 141 56 Ariel,
843 1508 81 48 der
955 1509 183 66 Gütige,
1180 1510 121 50 seine
1333 1513 184 48 Befehle
1557 1531 46 30 er-

96 1581 141 56 theilt,
266 1598 50 32 so
345 1590 117 40 setze
492 1583 79 48 das
602 1584 176 48 Sextett
809 1586 258 64 pianissimo
1097 1589 86 47 ein.
1241 1590 60 46 Es
1331 1589 97 63 gibt
1456 1592 169 48 Stellen

96 1661 41 46 in
180 1659 81 48 der
291 1660 147 47 Musik
491 1660 84 48 wie
618 1661 233 50 Momente
893 1664 59 48 im
995 1664 176 57 Leben,
1221 1683 72 32 wo
1334 1666 82 50 der
1456 1669 168 48 Athem

95 1736 159 56 stockt,
296 1753 71 32 wo
399 1736 71 49 die
498 1738 191 48 Stimme
727 1740 122 47 nicht
879 1740 166 48 heraus
1074 1743 103 47 will.
1234 1744 122 48 Muss
1384 1744 93 48 sich
1507 1744 118 49 denn

94 1812 136 50 Jeder
273 1814 142 48 hören
457 1815 176 48 lassen?
694 1816 117 49 Wer
854 1818 120 48 kann
1017 1820 113 47 nach
1176 1820 326 66 Ueberlegung
1544 1823 80 49 der

95 1891 222 48 Situation
363 1892 96 47 hier
500 1894 125 47 stark
668 1894 208 49 einfallen
922 1895 70 48 bei
1036 1896 85 49 den
1154 1898 229 49 Worten:
1436 1900 186 56 „Wenn

92 1970 91 48 sich
216 1970 73 48 lau
313 1970 73 48 die
409 1970 134 48 Lüfte
788 1974 246 56 —„Süsse
1065 1975 154 56 Düfte,
1248 1976 376 51 Nebelhüllen

92 2047 130 47 senkt
250 2047 71 49 die
354 2050 315 63 Dämmerung
941 2053 157 63 singen
1130 2054 182 48 Tenöre
1351 2054 91 48 und
1474 2056 151 55 Bässe,

92 2124 89 48 und
213 2124 79 48 das
326 2125 139 48 Wort
494 2125 133 48 deckt
656 2127 143 47 Ihnen
830 2129 71 48 die
929 2129 193 48 Stimme
1152 2131 138 59 nicht,
1327 2133 147 48 meine
1505 2134 88 47 Her-

92 2202 112 46 ren?
265 2202 97 47 Und
395 2204 156 45 weiter
580 2204 59 47 im
672 2205 203 63 Sopran:
917 2206 198 65 „Lispelt
1157 2207 104 47 leise
1301 2211 155 46 süssen
1497 2211 101 47 Frie-

265 2277 89 49 und
386 2280 145 62 gleich
564 2280 69 47 die
664 2282 190 47 Männer
885 2281 155 50 drauf:
1087 2284 222 64 „Wiegt
1347 2285 94 49 das
1482 2287 143 47 Herz

91 2355 47 47 in
180 2354 147 48 Kind
341 2370 55 33 es
409 2355 134 56 ruh',
590 2356 89 47 und
725 2357 70 47 die
838 2360 162 62 Augen
1045 2359 145 49 dieses
1219 2361 170 50 Müden
1426 2364 202 48 schiiesst

91 2431 76 50 des
195 2432 150 65 Tages
374 2434 155 48 Pforte
715 2436 63 47 Er
806 2437 80 47 soll
918 2437 122 47 nicht
1077 2439 260 58 erwachen,
1379 2458 49 31 er
1456 2442 80 47 soll
1567 2444 58 47 im

91 2514 221 44 süssesten
345 2511 181 48 Schlafe
569 2529 115 30 neue
715 2514 132 48 Kraft
887 2515 242 65 schöpfen:
1171 2517 177 56 „Nacht
1389 2519 52 47 ist
1483 2520 139 48 schon

608 2590 108 48 Wie
748 2591 278 50 wunderbar
1058 2596 167 46 müsste
1254 2594 144 49 dieses
1421 2594 43 52 G?

94 2665 197 64 klingen,
330 2682 82 31 von
444 2668 131 46 Allen
616 2668 257 64 pianissimo
915 2672 327 64 vorgetragen!
1286 2674 84 47 wie
1415 2675 207 65 mystisch

94 2741 76 49 der
199 2742 262 66 gedämpfte
491 2745 121 48 Ton!
644 2745 90 48 und
768 2746 84 48 wie
882 2747 134 65 lange
1047 2748 249 65 behauptet
1326 2766 48 32 er
1403 2750 71 51 die
1510 2752 114 49 Eine

92 2820 172 48 Farbe!
318 2821 87 47 Ein
451 2821 158 48 kurzes
654 2823 278 50 Crescendo:
993 2826 226 55 „Glänzen
1262 2826 174 49 droben
1474 2828 150 50 klarer

322 2900 153 48 macht
514 2901 71 47 die
626 2901 347 66 heilbringende
1000 2905 136 47 Ruhe
1167 2905 76 48 des
1272 2906 191 48 Stückes
1506 2908 114 47 noch

96 2975 442 66 bedeutungsvoller,
570 2978 91 47 und
693 2980 57 47 im
783 2981 267 48 Pianissimo
1080 2982 111 64 geht
1220 2999 45 31 es
1295 3000 106 32 aus:
1446 2985 177 56 „Schon

92 3053 229 49 erloschen
353 3056 95 47 sind
480 3055 71 48 die
863 3058 102 49 Und
998 3076 91 31 nun
1120 3061 114 47 nach
1267 3060 146 50 dieser
1431 3062 193 65 Jangen,

92 3128 251 51 herrlichen
374 3133 143 56 Stille,
564 3150 71 32 wo
666 3133 138 49 kaum
848 3136 70 47 ein
948 3136 224 48 Lüftchen
1213 3137 90 48 sich
1347 3140 276 48 vernehmen

91 3207 113 57 lässt,
236 3209 105 50 hört
363 3211 142 48 dieses
533 3212 235 48 Wachsen
792 3230 81 32 an:
915 3215 163 55 „Fühl'
1107 3231 46 32 es
1182 3231 95 41 vor,
1308 3216 60 48 du
1393 3217 124 48 wirst
1545 3236 52 47 ge-

352 3289 49 46 In
434 3289 145 49 einem
608 3289 136 49 Jubel
778 3293 168 46 müsste
976 3291 98 48 hier
1102 3292 80 48 der
1213 3292 124 50 Chor
1368 3292 81 50 der
1469 3295 123 49 Zuhö-

92 3363 164 50 renden
298 3366 310 49 einstimmen:
649 3368 162 56 „Fühl'
840 3385 46 31 es
1149 3370 188 55 „Schlaf
1359 3371 54 48 ist
1441 3373 179 56 Schale,

94 3441 100 48 wirf
216 3443 63 47 sie
489 3444 119 49 Darf
631 3446 77 47 das
741 3447 138 47 Forte
910 3447 98 48 hier
1037 3448 252 49 verletzend
1319 3450 131 48 sein?
1492 3451 96 48 Nim-

95 3521 248 49 mermehr!
401 3523 58 47 Es
505 3523 79 48 hat
632 3541 85 30 nur
757 3523 297 57 Nachdruck,
1105 3542 45 32 es
1200 3526 79 49 hat
1321 3527 299 66 Bedeutung:

324 3599 133 56 kurz,,
475 3601 90 48 und
583 3601 144 63 gleich
753 3601 170 49 wieder
952 3602 128 49 leise:
1108 3603 254 57 „Schlaf'!"
1468 3606 151 56 „Alles

92 3670 115 53 kann
251 3676 81 49 der
360 3678 116 47 Edle
518 3679 174 58 leisten,
733 3678 80 48 der
854 3679 197 50 versteht
1089 3679 91 50 und
1211 3682 129 48 rasch

91 3751 67 55 Ja,
188 3754 143 49 Alles!
377 3756 89 50 und
510 3757 92 48 das
641 3773 79 32 vor
749 3758 166 56 Allem,
966 3757 101 49 dass
1096 3758 120 50 diese
1249 3761 261 49 Kraftstelle
1540 3763 80 47 mit

94 3827 96 51 dem
213 3831 250 54 Sforzando
494 3834 58 49 im
583 3836 136 47 Forte
748 3836 100 48 eine
870 3834 324 66 Offenbarung
1221 3834 82 51 der
1331 3838 167 66 Menge
1526 3839 93 49 sein

94 3911 176 48 müsste.
306 3912 62 47 Es
399 3912 52 48 ist
480 3912 126 49 einer
635 3912 81 49 der
745 3913 236 57 höchsten,
1020 3913 81 50 der
1130 3913 359 53 bedeutendsten
1521 3918 66 48 Mo-

92 3994 145 42 mente
266 3991 42 47 in
340 3989 215 49 Goethe's
586 3991 171 57 Buche,
790 3992 89 48 und
912 4008 102 32 man
1046 3996 183 62 erwäge
1260 3992 80 49 das
1371 3994 140 50 Wort
1542 4012 51 48 ge-

94 4077 106 37 nau:
241 4067 152 54 „Alles
424 4068 118 48 kann
576 4067 80 48 der
688 4069 114 49 Edle
1105 4071 75 55 Ja,
1207 4071 145 49 Alles!
1397 4072 91 49 und
1521 4074 99 56 wir,

1704 281 71 47 die
1806 282 81 47 wir
1917 282 173 48 durch
2125 286 82 46 die
2238 287 172 47 Musik
2443 291 253 55 verstehen,
2726 295 80 46 wir
2840 297 157 46 wollen
3029 314 44 32 es
3104 301 109 47 euch

1704 372 137 50 sagen
1884 361 80 46 mit
2004 360 80 48 der
2114 362 130 48 Fülle
2287 362 79 48 der
2395 365 192 49 Stimme
2627 367 89 49 und
2748 370 76 48 des
2856 372 246 57 Glaubens,
3146 377 76 47 des

1707 435 232 49 Glaubens
1989 452 55 32 an
2095 436 71 49 die
2208 438 155 50 innere
2412 442 213 62 göttliche
2666 445 201 51 Stimme.
2927 450 95 48 Und
3066 451 160 48 immer

1707 512 247 66 mächtiger
1982 513 79 49 soll
2094 515 79 48 der
2203 516 150 65 Klang
2382 518 200 56 werden,
2625 522 161 50 immer
2817 530 207 52 wärmer,
3067 529 159 48 immer

1704 588 193 64 inniger,
1940 590 66 48 bis
2048 592 69 47 ihr
2156 593 78 46 mit
2272 593 99 49 dem
2403 597 123 47 Ariel
2570 600 198 49 ausruft:
2828 603 231 54 „Horchet

1705 666 73 56 Ja,
1808 666 103 48 hört
1940 683 87 31 nur
2055 668 75 47 zu!
2169 670 309 54 „Unerhörtes
2508 673 130 50 hört
2666 677 111 47 sich
3055 682 140 64 Verge-

1707 741 132 49 bens!
1868 761 86 30 nur
1984 743 69 48 die
2083 746 148 49 Musik
2263 747 100 48 hört
2392 748 96 49 ihr!
2528 751 162 62 ,Trifft
2719 770 44 32 es
2794 757 129 53 euch,
2954 774 47 31 so
3031 760 90 47 seid
3154 761 69 47 ihr

1826 897 97 48 Und
1967 915 91 30 nun
2104 898 173 50 kommt
2318 902 285 49 stufenweise
2646 904 80 49 der
2768 907 152 50 Sonne
2961 911 130 48 Licht
3134 913 88 49 und

1707 973 108 48 triflt
1854 974 80 49 der
1977 976 146 63 Berge
2163 977 308 65 Gipfelriesen.
2536 982 108 48 Wie
2676 983 95 47 hier
2798 984 151 58 Bässe,
2989 990 237 48 Posaunen

1707 1051 89 47 und
1821 1052 276 65 Trompeten
2121 1054 166 64 spielen
2312 1057 174 53 sollten,
2517 1057 79 49 das
2625 1059 104 63 liegt
2761 1062 81 47 auf
2865 1063 79 48 der
2973 1066 152 54 Hand,
3157 1067 71 48 die

1707 1128 199 65 Figuren
1937 1129 205 49 erklären
2175 1147 45 31 es
2249 1133 161 48 selber.
2450 1136 82 47 Die
2565 1137 144 60 Berge
2739 1139 348 51 verkünden!
3127 1144 100 55 „Sie

1705 1205 160 50 dürfen
1898 1207 101 47 früh
2031 1208 76 47 des
2137 1211 174 62 ewigen
2343 1212 178 48 Lichtes
2559 1231 247 46 gemessen,
2848 1218 79 47 das
2955 1223 147 61 später
3132 1223 89 46 sich

1704 1299 51 31 zu
1788 1299 81 32 uns
1900 1284 238 54 herniedex
2456 1288 175 65 Später,
2660 1297 163 60 später,
2853 1296 121 47 nicht
2994 1297 129 65 jetzt;
3163 1301 56 45 im

1707 1360 143 49 Thale
1881 1362 104 63 liegt
2015 1363 113 47 noch
2161 1363 70 48 die
2259 1365 161 49 Nacht.
2471 1367 98 48 Und
2593 1385 47 31 so
2677 1372 182 47 streicht
2889 1374 218 49 athemlos
3132 1377 87 47 und

1707 1438 354 49 zurückhaltend
2105 1457 108 32 eure
2253 1443 152 48 Saiten
2450 1444 87 48 und
2583 1447 249 49 verkündet
2873 1451 102 48 leise
3017 1453 79 47 mit
3137 1454 84 47 den

1703 1515 148 49 hohen
1882 1517 237 48 Einsätzen
2165 1518 56 48 im
2257 1520 132 47 Blech
2436 1520 77 49 das
2554 1524 306 50 Herannahen
2903 1528 76 47 des
3019 1529 202 57 Lichtes;

1702 1592 111 49 aber
1843 1594 335 58 verkündet,
2210 1595 228 50 bekundet
2461 1599 132 50 nicht.
2627 1602 129 48 Auel)
2782 1603 79 48 der
2887 1606 173 64 Sänger
3086 1607 136 48 blickt

1702 1670 221 49 athemlos
1947 1673 111 47 nach
2086 1673 168 56 Osten;
2286 1692 48 30 er
2363 1684 122 55 wagt
2513 1693 46 32 es
2589 1678 153 57 kaum,
2772 1682 121 47 seine
2914 1683 190 50 Stimme
3127 1701 71 32 ver-

1700 1746 197 49 nehmen
1928 1766 49 30 zu
2010 1749 156 50 lassen.
2221 1752 145 47 Wollt
2395 1753 69 47 ihr
2492 1753 73 48 ihn
2597 1755 110 49 dazu
2738 1758 234 63 zwingen?
3021 1762 74 45 Ihr
3124 1778 74 32 ver-

1702 1828 127 61 mögt
1873 1842 46 30 es
1962 1826 136 55 nicht,
2144 1826 86 49 und
2276 1846 48 30 er
2368 1829 141 48 bleibt
2549 1832 141 48 lieber
2733 1838 363 47 unvernehmbar
3141 1839 77 47 der

1702 1903 181 63 Menge,
1915 1904 62 47 als
1998 1903 99 48 dass
2127 1922 48 30 er
2205 1922 144 48 gegen
2375 1906 76 49 des
2470 1908 320 66 Componisten
2810 1913 169 48 Willen
3005 1915 113 47 euch
3144 1915 50 49 be-

1702 1979 213 65 kämpfte.
1947 1981 156 49 Haltet
2130 1983 91 47 ein!
2250 1984 263 49 schmettert
2542 1988 136 53 nicht,
2709 1988 152 49 deutet
2892 1992 80 47 an!
3002 1993 108 47 Wie
3139 1994 78 47 soll

1700 2073 47 32 es
1777 2058 115 47 denn
1926 2058 199 66 klingen,
2168 2077 129 31 wenn
2330 2061 70 49 die
2432 2063 331 51 Feuerscheibe
2795 2068 198 48 wirklich
3039 2070 156 50 hervor-

1699 2135 126 47 tritt?
1857 2135 111 47 Hier
1996 2136 54 47 ist
2076 2138 62 47 sie
2168 2138 160 48 schon!
2357 2140 102 47 Seid
2486 2140 256 57 behutsam,
2768 2145 195 47 wachset
2987 2163 93 31 aus.
3115 2149 100 53 „Sie

1698 2211 95 49 tritt
2074 2214 57 47 im
2164 2215 183 48 vollsten
2385 2215 367 53 Z?-rfw/--Glanze.

1816 2289 75 47 Ich
1933 2290 118 48 habe
2095 2291 121 49 nicht
2254 2294 285 62 ausgeredet.
2570 2323 59 6 —
2663 2298 136 48 Faust
2841 2299 236 49 erblindet.
3135 2303 82 48 Die

1699 2366 146 64 Sofge
1877 2368 76 48 hat
1980 2369 90 47 sich
2104 2369 461 67 hereingeschlichen,
2597 2374 74 48 ihn
2696 2376 221 49 verhöhnt
2941 2378 86 48 und
3054 2380 167 47 haucht

1699 2442 75 49 ihn
1806 2445 174 48 endlich
2011 2463 72 32 an.
2151 2449 113 54 „Die
2304 2450 147 47 Nacht
2489 2450 169 48 scheint
2695 2453 125 48 tiefer
2862 2456 80 46 tief
2970 2455 155 50 herein
3167 2475 50 30 zu

2003 2524 101 48 Und
2137 2541 89 31 nun
2257 2526 252 49 schleichen
2539 2528 88 48 sich
2660 2529 70 47 die
2763 2531 130 47 Bässe
2926 2533 86 47 und
3047 2533 171 64 Geigen

1698 2599 80 47 auf
1804 2599 336 50 wunderbaren
2171 2604 157 47 Tönen
2361 2604 153 49 heran.
2564 2606 180 49 Dunkel
2776 2608 132 48 deckt
2936 2610 79 47 das
3045 2611 174 55 Ganze;

1699 2676 128 48 keine
1854 2677 232 68 Färbung,
2118 2679 99 49 kein
2243 2681 251 50 Schwellen
2527 2682 109 49 oder
2660 2685 272 50 Abnehmen
2959 2688 76 48 des
3059 2689 160 49 Tones.

1698 2754 59 47 Es
1788 2752 136 50 heisst
1952 2756 266 48 Pianissimo
2249 2757 90 49 und
2372 2759 141 64 klingt
2542 2761 115 47 auch
2682 2778 47 31 so
2753 2779 112 47 ganz
2889 2765 174 64 richtig.
3094 2766 125 47 Aber

1699 2831 159 48 woher
1900 2832 71 49 die
2013 2834 325 49 wiederholten
2382 2837 276 50 Crescendi?
2702 2841 157 47 woher
2900 2841 70 48 die
3000 2842 217 49 Unruhe?

1699 2909 60 47 Ist
1788 2925 46 32 es
1864 2911 196 56 erlaubt,
2102 2912 302 50 Schumann's
2446 2915 146 48 Musik
2639 2919 79 45 mit
2757 2919 430 63 Vortrags-Bezeich-

1699 3004 183 48 nungen
1924 3006 52 31 zu
2015 2990 242 49 illustriren
2301 2992 88 49 und
2432 2992 77 49 das
2541 2994 311 49 Unheimliche
2883 2996 80 48 der
2991 2997 222 49 Situation

1697 3065 224 63 geradezu
1948 3084 51 30 zu
2024 3067 290 50 vernichten?
2345 3069 218 48 Vierzehn
2584 3071 136 48 Tacte
2744 3072 106 65 lang
2874 3074 79 47 soll
2978 3074 70 48 die
3069 3075 152 48 Nacht

1698 3142 211 50 währen:
1944 3161 87 31 nur
2060 3147 139 46 Faust
2230 3146 159 50 erhellt
2418 3146 77 48 das
2526 3149 153 48 innere
2713 3150 142 49 Licht.
2912 3151 60 55 0,
3002 3168 47 31 so
3081 3151 138 50 öffnet

1698 3218 70 49 die
1798 3220 164 64 Augen
1992 3222 78 48 des
2100 3223 275 49 Verstandes
2415 3225 88 47 und
2544 3226 200 50 schiiesst
2775 3227 80 49 fest
2884 3229 69 47 die
2982 3229 235 48 leiblichen

1694 3298 75 46 zu!
1799 3298 140 65 Spielt
1971 3300 119 49 blind
2126 3301 86 47 und
2245 3302 79 48 mit
2352 3302 101 48 dem
2480 3303 208 49 Glauben
2715 3321 53 31 an
2800 3305 85 48 den
2911 3307 199 55 Meister,
3139 3307 80 49 der

1695 3376 122 47 seine
1848 3376 172 49 Effecte
2052 3378 230 49 mehrfach
2315 3396 234 48 erwogen,
2594 3382 87 47 und
2716 3384 117 63 prüft
2876 3385 77 45 mit
2992 3385 89 47 ihm
3128 3385 86 48 und

1695 3456 174 61 erwägt
1907 3453 79 49 das
2017 3456 157 55 Wort,
2221 3456 77 48 das
2345 3457 315 56 Goelhe'sche,
2705 3460 76 47 des
2812 3460 245 49 deutschen
3087 3464 130 45 Zeus'

1698 3531 159 48 Wort!
1887 3532 262 65 Gigantisch
2175 3535 57 48 im
2258 3536 250 56 Kleinsten,
2540 3536 284 49 harmonisch
2852 3538 83 49 wie
2960 3538 69 49 die
3052 3541 163 56 Nacht,

1694 3608 331 50 einheitlich
2084 3611 274 66 durchweg!
2422 3615 92 54 „Im
2568 3613 256 65 Vorgefühl
2883 3632 81 32 von
3019 3617 196 48 solchem

1693 3684 150 50 hohen
1881 3686 162 58 Glück,
2083 3690 191 63 geniess'
2315 3690 70 48 ich
2417 3691 108 63 jetzt
2554 3719 61 5 —
2641 3690 85 49 den
2773 3692 216 48 höchsten
3027 3697 155 62 Augen-

2089 3763 44 52 C-dur!
2134 3768 52 47 Es
2187 3767 55 48 ist
2243 3768 264 49 vollbracht!
2528 3768 118 49 War
2669 3768 80 49 das
2775 3771 200 48 wirklich
3007 3771 69 48 bei
3101 3773 111 47 euch

1693 3839 80 50 der
1802 3841 185 51 höchste
2017 3845 321 66 Augenblick?
2370 3846 161 48 Haben
2564 3862 80 32 uns
2673 3847 71 48 die
2773 3848 237 49 Posaunen
3041 3850 40 47 in
3113 3850 100 49 dem

1693 3919 180 64 langen,
1916 3919 155 51 klaren
2116 3922 269 66 Nachspiele
2437 3923 42 47 in
2535 3925 175 47 Faust's
2756 3926 195 47 Himmel
2996 3927 218 48 versetzt?

1691 3996 140 48 Nein!
1850 4025 62 6 —
1930 3998 75 47 Ich
2031 3999 86 47 will
2142 3999 113 49 euch
2281 4002 68 46 ein
2368 4001 141 48 Mittel
2535 4002 233 63 angeben;
2800 4002 67 48 ihr
2889 4002 99 48 sollt
3011 4019 46 33 es
3080 4005 138 48 selbst

1693 4073 167 50 wieder
1883 4083 81 56 gut
1987 4077 207 49 machen.
2225 4078 127 48 Aber
2382 4078 140 48 haltet
2550 4079 112 47 euch
2692 4087 151 55 streng
2874 4096 54 32 an
2960 4079 80 50 das
3069 4082 144 57 Buch,

2837 4156 71 67 n
