3083 4148
2910 3976 45 23 125

129 125 194 30 schändliche
343 125 121 28 Wunde
485 125 54 29 mit
560 126 64 29 sich
643 135 38 20 zu
704 127 174 35 schleppen,
900 128 60 29 und
982 136 38 21 zu

129 176 121 33 wissen,
283 175 57 29 daß
373 183 70 20 man
475 175 82 29 nicht
589 184 135 25 genesen
757 178 80 27 kann
869 178 60 29 und
962 177 59 29 daß

129 224 97 30 nichts
250 224 117 30 wieder
393 225 43 29 sie
462 226 95 33 taugt,

184 274 87 29 Doch
295 274 58 29 daß
376 275 44 28 sie
441 275 89 31 jeden
553 275 67 34 Tag
643 277 181 29 weiterfrißt
847 277 61 29 und
932 277 87 29 tiefer

128 324 109 34 dringt,
255 324 60 28 und
332 323 58 28 daß
409 332 70 21 man
497 325 88 30 allein
602 328 39 29 ist
659 328 60 29 und
736 330 83 28 seine
838 331 87 31 eigne
943 329 57 30 Ver-

128 374 169 28 seuchtheit
318 373 111 29 dulden
449 375 80 34 muß,
548 377 60 28 und
628 386 38 20 zu
685 377 111 35 fühlen,
816 379 60 30 wie
896 388 70 20 man
984 388 35 21 so

127 423 180 32 lebendigen
331 423 111 31 Leibes
466 428 148 32 verwest,

184 472 66 29 Und
269 474 60 28 wie
349 482 70 20 man
440 475 57 28 den
518 475 66 30 Tod
603 477 82 29 nicht
702 478 117 34 einmal,
840 479 68 28 nein
927 479 74 29 zehn-

128 522 59 28 mal
212 521 115 31 erfährt
353 524 59 28 und
438 527 98 27 einem
562 534 54 24 gar
642 527 98 29 nichts
767 530 121 30 erspart
911 528 107 33 bleibt;

127 571 46 29 bis
202 580 69 20 zum
302 571 145 32 Schlüsse
478 575 98 29 nichts
614 584 62 20 von
706 577 53 28 der
790 578 229 29 schrecklichen

127 620 243 32 Schwarzkunst
390 624 54 29 des
468 624 132 30 Grabes!

182 670 68 29 Und
274 672 46 29 Ihr
346 673 72 30 habt
440 675 79 28 mich
543 677 54 27 mit
619 675 100 30 dieser
742 675 58 30 Not
824 677 195 34 geschlagen,

128 720 46 29 Ihr
195 722 59 28 und
274 721 79 31 Eure
374 722 174 36 Schönheit,
569 725 79 28 denn
668 726 97 28 bevor
785 726 46 29 ich
852 726 82 29 Euch
955 726 64 34 sah,

126 778 67 21 war
216 772 45 30 ich
285 772 57 29 heil
364 773 60 29 und
443 774 117 28 heitern
583 774 155 33 Gemütes,

184 820 63 31 Das
263 821 82 30 Herz
362 823 49 28 bei
426 825 131 27 meinem
574 823 95 30 Werk
687 825 59 28 und
764 825 58 29 den
840 825 73 29 Sinn
931 828 88 26 unter

126 869 135 31 fremder
286 871 269 35 Verantwortung.

182 920 68 29 Und
273 923 81 32 jetzt,
376 931 50 19 wo
446 923 46 28 ich
515 923 54 29 der
591 922 79 30 Herr
692 924 51 28 bin
765 924 60 28 und
848 933 70 20 man
941 925 77 28 nach

127 972 119 27 meinen
271 971 179 29 Entwürfen
475 973 153 33 gestaltet,

182 1019 94 32 Kehrt
296 1021 47 28 Ihr
362 1020 81 31 Euch
462 1030 99 24 gegen
581 1023 78 28 mich
678 1024 53 27 mit
751 1023 115 30 diesem
885 1023 134 30 Lächeln

126 1069 61 29 voll
212 1070 70 29 Gift.

183 1119 196 31 Violäne:
401 1120 63 29 Das
487 1120 70 34 Gift,
576 1120 101 35 Peter,
697 1130 68 20 war
785 1122 82 30 nicht
887 1122 129 30 meines!

182 1168 129 30 Peter
336 1178 80 20 von
439 1169 99 30 Ulm:
565 1171 50 28 Ich
638 1171 89 34 weiß,
752 1172 55 29 das
832 1172 62 29 Gift
916 1173 50 32 lag
989 1173 29 27 in

125 1220 57 27 mir
210 1219 60 28 und
294 1220 114 28 weicht
435 1220 137 34 nimmer,
601 1221 60 28 und
690 1221 79 28 mein
798 1222 119 29 siecher
944 1221 74 30 Leib

126 1270 92 27 rettet
238 1270 56 27 mir
315 1269 80 29 nicht
417 1269 47 29 die
486 1270 164 30 erkrankte
671 1270 102 30 Seele!

182 1317 26 30 O
233 1320 115 27 meines
371 1318 139 30 Herzens
534 1319 91 35 Herz,
649 1321 38 28 ist
713 1329 32 21 es
769 1321 141 34 möglich,
934 1321 84 29 Euch

126 1368 215 35 anzuschauen
363 1369 60 28 und
445 1368 83 30 Euch
550 1369 82 30 nicht
650 1378 37 20 zu
708 1370 122 29 lieben?

180 1416 196 30 Violäne:
405 1418 47 28 Ihr
478 1418 73 30 habt
578 1420 56 28 mir
660 1419 79 29 Eure
766 1420 93 30 Liebe
888 1420 131 29 deutlich

125 1466 167 30 bewiesen.

181 1515 130 30 Peter
330 1526 81 20 von
430 1517 100 30 Ulm:
553 1518 40 30 Ist
613 1528 32 20 es
665 1521 99 27 meine
784 1519 122 34 Schuld,
927 1527 91 21 wenn

123 1566 50 29 die
192 1566 113 29 Frucht
327 1575 49 20 am
395 1567 74 30 Aste
489 1568 118 29 haftet?

181 1616 75 29 Wer
286 1616 91 30 liebte
407 1618 27 30 je
461 1618 60 28 und
551 1618 148 32 begehrte
729 1618 81 29 nicht
840 1618 77 30 nach
948 1618 70 29 dem

125 1664 124 31 Besitze
268 1668 101 27 seiner
388 1667 115 29 Liebe?

182 1715 195 30 Violäne:
402 1716 68 29 Und
493 1717 107 29 darum
624 1717 72 30 habt
718 1717 47 29 Ihr
789 1717 79 30 mich
890 1717 111 30 verder-

125 1764 59 30 ben
207 1766 135 29 wollen?

182 1814 129 30 Peter
336 1824 80 20 von
439 1816 99 28 Ulm:
565 1816 125 30 Erlittne
714 1816 166 33 Kränkung
903 1816 99 29 verfin-

123 1866 80 27 stert
224 1873 34 21 so
278 1864 95 29 Mann
395 1867 59 28 wie
475 1865 88 30 Frau.

181 1914 196 29 Violäne:
401 1915 108 28 Worin
530 1915 132 30 verfehlt
682 1915 47 29 ich
751 1924 99 24 gegen
871 1914 107 31 Euch?

181 1963 130 31 Peter
336 1972 81 22 von
442 1964 100 30 Ulm:
590 1965 26 29 O
642 1965 148 30 Ebenbild
816 1966 54 28 der
898 1966 120 32 ewigen

125 2012 176 36 Schönheit,
326 2015 39 27 du
388 2014 60 30 bist
471 2015 82 29 nicht
575 2015 93 29 mein!

182 2063 196 30 Violäne:
400 2063 50 30 Ich
470 2064 50 29 bin
538 2065 69 28 kein
628 2064 80 29 Bild!
750 2064 41 30 So
813 2065 115 31 spricht
948 2072 71 21 man

126 2112 82 30 nicht
229 2114 54 28 mit
304 2114 70 28 mir!

183 2162 130 30 Peter
341 2171 82 21 von
451 2163 100 29 Ulm:
583 2163 53 29 Ein
666 2163 111 29 andrer
808 2164 114 33 nimmt,
951 2171 68 21 was

126 2213 81 28 mein
225 2221 77 21 war.

182 2262 197 29 Violäne:
403 2262 40 29 Es
464 2262 93 30 bleibt
581 2263 55 30 das
657 2262 77 31 Bild.

184 2311 129 30 Peter
341 2320 80 21 von
450 2312 100 30 Ulm:
598 2312 55 29 Ein
682 2312 111 29 andrer
830 2313 106 29 nimmt
964 2312 55 29 mir

127 2360 127 31 Violäne
282 2362 61 28 und
367 2361 62 30 läßt
456 2363 55 28 mir
542 2362 100 30 dieses
671 2362 113 29 wunde
812 2362 119 29 Fleisch
960 2361 61 29 und

127 2413 120 28 meinen
271 2413 176 28 verstörten
474 2412 98 29 Geist!

185 2460 196 31 Violäne:
402 2461 72 30 Seid
496 2462 47 28 ein
561 2461 104 34 Mann,
685 2461 106 30 Peter!
833 2460 85 34 Zeigt
937 2460 84 30 Euch

128 2511 121 33 würdig
270 2511 53 29 der
343 2511 144 34 Flamme,
509 2511 48 29 die
576 2510 83 30 Euch
677 2510 158 30 verzehrt!

184 2560 73 29 Muß
275 2569 71 20 man
365 2561 96 30 schon
478 2561 148 34 vergehn,
646 2570 18 20 o
684 2561 80 28 dann
783 2561 60 29 seis
862 2560 75 29 über
957 2559 48 35 gol-

128 2610 110 29 denem
266 2610 152 29 Leuchter
446 2611 60 28 wie
535 2611 48 29 die
612 2610 188 30 Osterkerze
837 2611 107 28 mitten
980 2611 41 28 im

128 2659 92 32 Chor,
240 2660 54 30 der
315 2669 120 24 ganzen
456 2660 110 31 Kirche
588 2669 38 21 zu
647 2660 110 30 Ehren.

184 2709 130 30 Peter
336 2719 80 20 von
436 2710 100 29 Ulm:
561 2710 104 30 Soviel
687 2710 135 29 erhabne
844 2709 119 29 Giebel!

186 2759 96 30 Werd
306 2761 47 28 ich
378 2761 127 29 niemals
532 2760 58 29 den
614 2761 116 28 meines
756 2759 119 30 kleinen
900 2758 121 29 Hauses

131 2810 112 29 durchs
264 2811 170 30 Blattwerk
455 2820 95 24 ragen
572 2812 96 29 sehn?

187 2859 103 30 Soviel
317 2860 246 34 Glockentürme,
590 2861 93 29 deren
710 2859 179 30 kreisender
914 2858 91 30 Schat-

132 2911 50 27 ten
203 2918 120 24 ganzen
343 2910 126 28 Plätzen
491 2911 47 28 die
558 2910 117 29 Stunde
696 2909 207 29 vorschreibt!
926 2907 97 30 Werd

133 2959 46 29 ich
208 2959 126 29 niemals
363 2959 57 29 den
447 2959 140 29 Entwurf
616 2961 82 28 eines
727 2958 120 30 Herdes
877 2958 61 29 und
969 2957 54 30 des

132 3007 258 32 Kinderzimmers
415 3008 186 30 ausführen?

189 3057 195 30 Violäne:
408 3058 49 29 Ich
480 3058 86 30 sollte
589 3058 81 29 nicht
690 3058 47 28 für
758 3058 80 28 mich
861 3057 87 29 allein
970 3056 36 29 be-

133 3107 110 35 halten,
264 3116 68 21 was
355 3108 76 29 allen
454 3109 188 31 gemeinsam
664 3107 117 33 gehört.

189 3157 129 30 Peter
344 3166 80 19 von
452 3157 99 28 Ulm:
597 3156 101 29 Wann
725 3158 39 29 ist
791 3156 48 29 die
866 3155 158 34 Hochzeit,

134 3205 147 31 Violäne?

189 3256 196 30 Violäne:
415 3256 89 29 Wohl
532 3265 48 20 am
610 3255 222 33 Michaelistag,
862 3254 77 29 nach
971 3253 53 30 der

135 3305 100 30 Ernte.

191 3354 129 30 Peter
343 3365 80 20 von
446 3356 100 29 Ulm:
572 3354 45 30 An
641 3356 98 30 jenem
763 3353 75 34 Tag,
861 3361 92 21 wenn
978 3352 47 28 die

137 3404 136 29 Glocken
290 3405 213 33 Marienbergs
522 3405 186 32 schweigen,
727 3404 79 28 dann
823 3402 128 29 horchet
967 3400 59 35 auf,

138 3453 47 28 Ihr
205 3454 120 29 werdet
346 3454 65 29 fern
433 3463 54 21 aus
508 3455 107 32 Speier
638 3455 98 27 meine
759 3452 142 29 Antwort
922 3452 104 28 hören.

193 3502 195 30 Violäne:
415 3504 74 28 Wer
515 3506 81 30 trägt
623 3504 68 28 dort
718 3502 98 32 Sorge
843 3509 49 20 um
919 3499 105 30 Euch?

195 3559 128 30 Peter
351 3568 80 21 von
456 3561 99 28 Ulm:
586 3561 110 29 Immer
725 3560 59 29 hab
814 3560 47 27 ich
890 3559 60 28 wie
980 3557 48 29 ein

139 3609 192 32 Tagelöhner
358 3610 115 32 gelebt;
502 3611 65 28 eine
594 3610 152 29 Handvoll
772 3608 91 30 Stroh
892 3606 51 29 auf
969 3606 59 28 den

139 3657 125 30 Steinen
281 3660 38 27 ist
336 3660 55 27 mir
408 3667 108 25 genug,
534 3668 35 20 so
584 3659 97 29 schlaf
696 3659 61 32 ich;
777 3658 60 29 und
856 3659 47 27 ein
921 3655 107 32 Anzug

141 3716 55 21 aus
216 3707 109 34 Leder,
346 3709 45 27 ein
410 3709 101 31 wenig
531 3707 100 33 Speck
652 3709 66 29 aufs
739 3708 85 29 Brot.

195 3764 196 29 Violäne:
423 3765 107 28 Armer
560 3765 104 29 Peter!

197 3813 129 30 Peter
350 3822 80 20 von
454 3813 100 30 Ulm:
580 3814 88 30 Nicht
692 3815 126 29 deshalb
843 3814 49 28 bin
918 3813 47 28 ich
991 3820 38 20 zu

142 3861 162 35 beklagen;
327 3864 57 28 wir
406 3863 87 29 stehn
515 3863 123 29 abseits.

199 3912 48 29 Ich
272 3913 67 29 lebe
364 3912 81 29 nicht
468 3913 29 28 in
523 3913 82 28 einer
630 3911 83 31 Ebne
737 3914 53 28 mit
814 3913 59 29 den
898 3911 129 32 andern;

1097 131 108 27 immer
1227 132 87 26 unter
1338 131 53 29 der
1412 130 80 30 Erde
1514 132 53 28 mit
1590 132 58 28 den
1672 131 220 29 Grundbauten
1912 131 75 29 oder

1098 180 40 27 im
1158 178 130 30 Himmel
1310 180 52 29 mit
1385 180 68 29 dem
1476 181 227 29 Glockenturm.

1153 235 196 31 Violäne:
1374 237 67 30 Nun
1465 239 78 29 also!
1587 238 63 30 Das
1675 241 85 27 wäre
1783 240 65 28 eine
1873 238 114 30 schöne

1098 285 62 30 Ehe
1186 287 181 31 geworden!
1412 288 70 29 Will
1507 289 47 29 ich
1590 289 50 28 auf
1675 289 58 29 den
1759 288 228 32 Dachspeicher

1097 335 112 34 hinauf,
1225 336 78 28 wird
1320 338 56 27 mir
1393 338 94 29 schon
1503 338 68 29 übel
1588 346 57 21 vor
1663 338 115 33 Augen.

1153 392 339 33 PetervonUlm:
1510 396 91 29 Diese
1617 396 110 31 Kirche
1743 405 54 20 nur
1813 396 78 29 wird
1907 395 80 30 mein

1097 442 89 29 Weib
1207 445 73 32 sein,
1303 444 92 34 diese,
1419 445 47 30 die
1486 447 56 28 mir
1564 448 29 27 in
1614 448 131 28 meinem
1767 446 200 29 Schmerzens-

1096 492 98 29 schlaf
1215 501 53 21 aus
1289 494 54 29 der
1364 494 95 34 Rippe
1480 496 146 29 wachsen
1647 496 77 29 wird
1746 498 60 28 wie
1827 497 66 28 eine
1915 496 59 29 stei-

1096 550 94 21 nerne
1213 542 74 30 Eva.

1153 592 26 28 O
1200 592 75 30 fühlt
1294 593 46 29 ich
1362 594 78 29 doch
1460 595 71 28 bald
1550 595 80 28 mein
1651 597 109 28 weites
1780 595 96 29 Werk
1898 596 87 27 unter

1096 643 56 27 mir
1173 642 186 35 auferstehn,
1379 652 18 20 o
1417 644 126 29 berührt
1562 645 46 28 ich
1630 645 78 29 doch
1729 645 94 28 schon
1844 645 53 29 mit
1917 644 52 29 Fin-

1096 699 75 24 gern
1192 692 64 29 dies
1278 694 217 28 unzerstörbar
1515 702 63 20 von
1598 696 56 27 mir
1675 694 140 34 Gefügte,
1837 695 47 29 ein
1905 694 61 29 Gan-

1096 749 62 25 zes,
1185 743 380 32 zusammengeschlossen
1595 752 54 20 aus
1675 744 37 28 all
1741 745 103 28 seinen
1873 743 112 29 Teilen,

1096 790 65 29 dies
1183 791 247 34 wohlgefestigte
1451 793 106 33 Werk,
1581 793 54 29 das
1657 794 48 28 ich
1728 793 87 29 schuf
1839 802 54 21 aus
1915 793 54 28 har-

1096 841 61 27 tem
1187 840 133 35 Gestein,
1351 842 93 30 damit
1473 842 68 29 dem
1570 842 124 33 Urquell
1734 844 82 28 seine
1846 842 140 33 Fassung

1096 890 115 34 werde,
1235 891 80 28 mein
1338 891 106 35 Werk,
1469 892 47 29 die
1537 892 165 32 Wohnung
1728 893 121 28 Gottes!

1150 939 50 30 Ich
1223 941 106 28 werde
1351 940 82 31 nicht
1453 941 86 30 mehr
1562 941 237 33 niedersteigen!
1835 941 51 30 Ich
1908 941 78 33 bins,

1096 988 130 31 hundert
1251 990 62 28 Fuß
1339 991 75 29 über
1442 992 70 28 dem
1537 992 198 32 viereckigen
1760 991 141 34 Pflaster,
1928 991 57 34 ich,

1096 1039 51 29 auf
1160 1039 57 29 den
1233 1040 80 28 dann
1329 1042 47 27 ein
1390 1040 269 33 dichtgedrängter
1675 1040 310 30 Mädchenschwarm

1095 1090 53 28 mit
1174 1089 166 33 ragendem
1365 1090 111 33 Finger
1501 1090 207 30 hinaufweist!

1151 1146 195 30 Violäne:
1370 1148 73 28 Man
1465 1148 70 29 muß
1559 1148 78 30 doch
1659 1148 116 30 wieder
1799 1148 148 29 hinunter.

1151 1196 158 30 Vielleicht
1329 1197 110 29 bedarf
1457 1198 46 29 ich
1525 1199 82 28 eines
1627 1198 82 32 Tags
1726 1197 96 30 Eurer
1842 1197 87 30 Hilfe.

1151 1253 129 30 Peter
1299 1263 81 21 von
1401 1255 100 29 Ulm:
1522 1255 78 30 Lebt
1621 1256 91 33 wohl,
1733 1255 135 34 Violäne,
1889 1255 95 29 liebes

1095 1302 90 35 Herz,
1209 1305 47 28 ich
1280 1305 53 28 seh
1356 1305 83 29 Euch
1463 1305 81 29 nicht
1566 1305 130 29 wieder!

1150 1361 195 30 Violäne:
1365 1362 75 30 Wer
1458 1364 80 27 kann
1557 1371 104 26 sagen,
1682 1362 37 30 ob
1739 1362 47 29 Ihr
1805 1362 79 30 mich
1904 1362 82 29 nicht

1094 1411 86 29 mehr
1202 1411 209 30 wiederseht?

1151 1460 129 30 Peter
1302 1470 81 20 von
1407 1461 99 30 Ulm:
1531 1461 77 30 Lebt
1632 1461 90 34 wohl,
1746 1460 140 31 Violäne!

1151 1510 68 30 Wie
1242 1511 61 29 viel
1327 1511 59 29 hab
1411 1512 48 28 ich
1484 1512 104 32 getan!
1633 1512 69 28 Wie
1726 1511 60 29 viel
1811 1511 93 29 bleibt
1928 1511 56 29 mir

1094 1568 38 20 zu
1156 1562 52 27 tun
1228 1561 78 28 noch
1329 1561 100 33 übrig!

1150 1609 69 29 Und
1252 1610 227 34 Wohnstätten,
1514 1613 60 27 wie
1608 1611 79 29 viele
1723 1611 77 28 noch
1837 1619 37 20 zu
1908 1610 62 29 voll-

1094 1658 136 35 bringen,

1150 1708 68 30 Und
1240 1709 147 30 Schatten
1411 1710 120 30 Gottes!

1150 1758 88 30 Nicht
1266 1759 48 29 die
1343 1759 137 30 Stunden
1510 1761 82 28 eines
1621 1759 264 31 Stundenbuches,
1914 1767 54 21 son-

1096 1808 74 29 dern
1198 1809 47 30 die
1272 1809 226 33 wahrhaftigen
1527 1810 83 29 eines
1639 1809 123 34 Domes,
1792 1809 111 30 dessen
1931 1817 36 20 un-

1094 1858 261 30 unterbrochener
1379 1858 230 30 Sonnenschein
1633 1859 56 29 alle
1711 1859 98 32 Dinge
1832 1858 153 34 belichtet,

1094 1907 186 30 beschattet!

1151 1957 50 30 Ich
1224 1960 87 30 trage
1334 1959 52 28 mit
1409 1960 56 27 mir
1488 1958 100 29 Euern
1612 1958 87 34 Ring,

1150 2006 69 30 Und
1249 2016 54 21 aus
1334 2008 117 29 diesem
1480 2008 120 29 kleinen
1630 2008 89 33 Rund
1748 2007 61 30 will
1840 2007 47 29 ich
1919 2008 66 28 eine

1096 2056 148 30 Goldsaat
1266 2057 208 30 entflammen!

1093 2102 14 35 ./
1127 2107 73 28 Gott
1222 2107 93 31 gebot
1338 2107 54 28 der
1414 2106 131 35 Sintflut,
1567 2116 37 19 zu
1626 2106 169 29 verweilen
1816 2105 11 39 /
1847 2114 35 21 so
1905 2105 81 30 heißt

1096 2164 32 21 es
1151 2157 39 27 im
1212 2155 187 35 Taufpsalm,

1151 2204 68 30 Und
1235 2206 47 29 ich
1300 2214 60 20 nun
1376 2206 106 29 werde
1501 2215 37 20 an
1558 2206 58 29 den
1633 2205 141 29 Wänden
1793 2205 53 29 der
1865 2204 122 30 Justitia

1096 2255 55 29 das
1170 2255 202 33 Morgengold
1392 2255 175 30 festhalten!

1152 2304 40 31 Es
1218 2305 149 30 wechselt
1395 2306 55 29 das
1477 2305 158 30 westliche
1661 2305 96 33 Licht,
1793 2305 82 28 nicht
1912 2303 74 30 aber

1096 2354 150 30 wechselt
1266 2356 93 33 jenes,
1381 2355 55 30 das
1457 2356 48 28 ich
1525 2357 119 27 unterm
1667 2354 147 29 Gewölbe
1833 2354 154 33 verkläre,

1153 2404 42 30 So
1219 2405 103 33 wenig
1346 2406 60 28 wie
1429 2405 55 29 das
1509 2404 53 30 der
1588 2404 234 34 menschlichen,
1849 2403 137 33 geistlich

1098 2454 207 30 erleuchteten
1327 2454 98 30 Seele.

1153 2504 57 29 Die
1236 2504 89 31 Seele
1351 2505 115 29 meines
1492 2504 113 31 Kindes
1630 2504 135 34 Violäne,
1793 2512 38 20 an
1858 2503 54 29 der
1940 2502 47 29 ich

1097 2554 80 29 mein
1199 2554 224 33 Wohlgefallen
1446 2554 87 30 habe.

1153 2603 40 30 Es
1220 2604 63 33 gibt
1308 2604 139 34 Kirchen,
1474 2604 47 29 die
1546 2604 60 28 wie
1633 2603 165 33 Abgründe
1825 2602 75 34 sind,
1927 2601 61 30 und

1098 2653 95 30 andre
1218 2654 66 29 sind
1308 2655 60 28 wie
1392 2653 149 33 glühende
1567 2653 107 34 Oefen,

1154 2702 67 29 Und
1250 2704 94 29 andre
1374 2704 65 29 sind
1470 2712 35 21 so
1535 2711 99 24 genau
1664 2702 167 29 berechnet
1861 2701 60 29 und
1952 2709 35 21 so

1098 2752 154 30 kunstvoll
1280 2756 160 31 gespannt,
1468 2752 58 29 daß
1555 2754 44 28 sie
1627 2754 92 28 tönen
1748 2752 124 29 müßten
1900 2752 87 28 unter

1098 2802 70 29 dem
1187 2803 119 33 Finger.

1154 2851 57 30 Die
1230 2852 74 30 aber
1323 2853 47 29 ich
1390 2851 169 30 aufrichten
1578 2851 69 34 will,
1666 2851 79 29 wird
1761 2853 29 27 in
1810 2851 95 29 ihrem
1926 2851 47 31 eig-

1099 2909 58 21 nen
1176 2901 147 30 Schatten
1341 2904 60 28 wie
1418 2901 208 30 verdichtetes
1646 2901 77 29 Gold
1742 2901 88 29 stehn
1850 2900 59 28 und
1928 2900 60 28 wie

1100 2952 65 28 eine
1185 2951 121 30 Büchse
1326 2951 127 29 Manna!

1155 3000 196 30 Violäne:
1374 3001 26 29 O
1421 3000 127 30 Meister
1568 2999 100 31 Peter,
1689 2999 56 30 das
1766 2999 113 29 schöne
1901 2998 70 29 Glas-

1100 3049 125 34 fenster,
1249 3050 78 29 Eure
1353 3051 86 29 Gabe
1463 3058 37 21 an
1525 3050 48 28 die
1597 3048 132 30 Mönche
1752 3057 62 20 von
1837 3046 149 33 Corwey!

1156 3099 129 29 Peter
1308 3109 82 20 von
1414 3100 100 29 Ulm:
1541 3099 56 28 Die
1622 3099 199 29 Glasmalerei
1846 3099 39 27 ist
1908 3096 81 29 nicht

1101 3150 99 28 meine
1221 3148 109 35 Sache,
1352 3150 127 29 obzwar
1500 3149 46 29 ich
1568 3149 44 28 sie
1635 3147 225 33 einigermaßen
1881 3147 108 28 kenne.

1157 3198 86 29 Doch
1261 3207 58 20 vor
1341 3199 54 30 das
1419 3199 72 29 Glas
1514 3198 80 29 stellt
1616 3198 52 28 der
1691 3197 191 29 Baumeister
1905 3195 68 32 plan-

1101 3248 101 32 mäßig
1221 3248 96 30 weise

1158 3297 63 29 Das
1244 3297 193 33 Steingerüst
1459 3298 49 28 hin
1531 3298 59 27 wie
1614 3298 47 27 ein
1684 3295 90 29 Filter
1797 3295 106 28 mitten
1926 3293 48 29 hin-

1103 3347 47 28 ein
1170 3348 28 27 in
1219 3347 48 29 die
1286 3347 118 29 Wellen
1423 3347 54 29 des
1498 3346 164 33 göttlichen
1682 3344 122 29 Lichtes

1158 3395 68 29 Und
1255 3396 63 33 gibt
1348 3397 68 29 dem
1445 3404 117 25 ganzen
1592 3394 154 29 Bauwerk
1776 3393 56 29 das
1861 3392 128 28 Wasser

1103 3446 83 28 einer
1205 3445 99 30 Perle.

1162 3539 100 34 (Mara
1287 3542 39 30 ist
1353 3543 188 32 eingetreten
1564 3540 60 29 und
1650 3540 78 30 sieht
1754 3540 53 33 sie,
1833 3539 79 29 ohne
1938 3547 36 24 ge-

1104 3591 74 29 sehn
1196 3600 37 20 zu
1251 3588 140 36 werden)

1160 3687 68 29 Und
1247 3688 73 32 jetzt
1336 3688 63 30 lebt
1416 3687 90 34 wohl,
1526 3687 48 28 die
1592 3685 102 30 Sonne
1713 3687 39 28 ist
1770 3685 221 34 aufgegangen,

1105 3737 48 30 ich
1177 3737 87 29 sollte
1287 3737 95 29 schon
1402 3746 71 24 weg
1497 3737 74 29 sein.

1161 3793 195 29 Violäne:
1372 3794 78 30 Lebt
1465 3793 89 34 wohl,
1570 3791 105 30 Peter!

1162 3850 129 30 Peter
1310 3859 81 21 von
1411 3850 100 30 Ulm:
1533 3849 76 29 Lebt
1630 3849 90 34 wohl,
1740 3848 138 30 Violäne!

1162 3907 195 30 Violäne:
1381 3907 108 30 Armer
1512 3906 105 29 Peter!

2122 127 63 35 (Sie
2208 131 92 31 blickt
2322 132 49 30 ihn
2395 136 53 28 mit
2470 135 106 33 Augen
2598 136 62 29 voll
2682 136 120 29 Tränen
2826 145 37 21 an
2888 137 59 30 und

2066 180 96 30 reicht
2183 181 59 29 ihm
2265 184 136 31 zögernd
2423 184 47 29 die
2492 184 102 34 Hand;
2628 185 148 29 während
2801 194 31 20 er
2856 186 44 30 sie
2921 188 30 28 in

2067 230 54 29 der
2136 231 105 29 seinen
2259 232 70 35 hält,
2348 233 93 33 beugt
2459 235 43 29 sie
2521 235 62 29 sich
2602 235 103 29 nieder
2724 235 60 28 und
2802 235 74 29 küßt
2893 236 58 29 ihn.

2065 298 37 3 —
2127 279 116 31 Mara
2279 284 102 28 macht
2408 285 66 27 eine
2502 284 142 30 Gebärde
2681 285 54 29 des
2763 284 187 31 Erstaunens

2066 329 60 28 und
2152 331 238 31 verschwindet.
2434 351 38 4 —
2515 333 348 30 PetervonUlm
2891 334 60 29 und

2066 378 180 31 Violäne
2267 380 156 31 entfernen
2441 383 73 34 sich,
2533 384 83 31 jeder
2635 385 77 27 nach
2733 385 83 27 einer
2836 383 115 29 andern

2065 426 173 35 Richtung.)

2068 526 72 26 Nach
2159 528 47 26 der
2225 527 200 27 französischen
2444 530 133 29 Dichtung
2596 531 111 26 deutsch
2727 538 53 19 von
2800 531 150 28 Hegner

2067 565 11 35 /
2094 567 49 26 Die
2195 576 85 21 ganze
2298 569 134 30 Dichtung
2451 572 120 25 erschien
2592 572 39 26 als
2648 572 73 25 Buch
2740 573 33 24 im
2791 572 159 25 Hellerauer

2065 609 101 29 Verlag
2185 609 11 37 j
2215 609 126 26 Hellerau
2361 611 44 25 bei
2425 611 122 28 Dresden
2569 614 61 25 1913

2059 843 97 58 La
2201 844 192 57 Tour

2064 950 69 28 1910

2061 1015 221 31 Castellamare

2062 1065 36 30 Je
2122 1067 98 29 dinais
2245 1067 88 29 d'une
2359 1075 115 24 orange
2498 1067 17 28 ä
2537 1066 127 29 l'ombre
2689 1067 69 28 d'un
2781 1075 130 24 oranger

2063 1115 118 33 Quand,
2200 1119 65 27 tout
2284 1117 17 28 ä
2322 1124 87 27 coup,

2063 1165 44 30 Ce
2131 1166 104 29 n'etait
2257 1174 55 25 pas
2333 1166 160 33 l'eruption
2517 1167 39 28 du
2579 1166 124 29 Vesuve

2063 1215 45 30 Ce
2135 1214 105 31 n'etait
2266 1225 55 23 pas
2347 1216 28 30 le
2402 1225 100 24 nuage
2530 1216 38 30 de
2594 1216 188 34 sauterelles,
2811 1225 58 20 une
2897 1216 54 30 des

2138 1267 50 27 dix
2214 1267 95 31 plaies
2335 1266 149 33 d'Egypte

2058 1315 36 30 Ni
2112 1315 129 33 Pompei

2059 1365 45 30 Ce
2128 1366 104 29 n'etait
2256 1374 55 25 pas
2336 1366 44 29 les
2405 1368 59 27 cris
2489 1368 183 27 ressuscites
2697 1366 54 29 des
2776 1368 95 27 masto-

2702 1416 107 30 dontes
2837 1418 108 30 geants

2060 1464 45 30 Ce
2131 1465 103 29 n'etait
2260 1474 54 24 pas
2340 1465 28 29 la
2392 1465 177 33 Trompette
2595 1473 156 22 annoncee

2060 1514 36 29 Ni
2116 1515 29 29 la
2167 1515 166 33 grenouille
2357 1515 38 29 de
2418 1515 105 30 Pierre
2547 1515 118 30 Brisset

2061 1564 119 35 Quand,
2207 1568 65 26 tout
2296 1566 18 28 ä
2341 1574 87 25 coup,

2060 1615 85 29 Feux

2060 1664 102 30 Chocs

2060 1714 293 33 Rebondissements

2061 1764 144 30 Etincelle
2234 1765 54 29 des
2317 1765 143 29 horizons
2489 1764 176 30 simultanes

2060 1814 73 28 Mon
2154 1814 81 30 Sexe

2382 1864 26 29 O
2428 1864 81 29 Tour
2524 1864 99 29 Eiffel!

2060 1913 36 30 Je
2119 1922 38 21 ne
2181 1914 51 29 t'ai
2254 1922 54 24 pas
2334 1914 149 29 Chaussee
2507 1914 64 29 d'or

2061 1963 37 29 Je
2117 1971 37 22 ne
2175 1963 51 30 t'ai
2247 1972 54 24 pas
2322 1964 55 29 fait
2397 1964 111 30 danser
2531 1972 51 21 sur
2604 1964 45 29 les
2670 1964 93 28 dalles
2786 1964 37 28 de
2846 1962 103 30 cristal

2061 2013 37 29 Je
2120 2022 37 20 ne
2180 2013 51 29 t'ai
2254 2022 55 24 pas
2334 2022 81 20 voue
2439 2022 38 20 au
2502 2013 123 33 Python
2649 2022 119 20 comme
2794 2022 57 20 une

2595 2064 108 32 vierge
2729 2063 38 29 de
2792 2062 157 33 Carthage

2059 2112 35 30 Je
2117 2121 37 21 ne
2174 2113 51 29 t'ai
2246 2121 55 24 pas
2324 2114 109 28 revetu
2456 2113 39 29 du
2519 2113 120 32 peplum
2662 2113 37 29 de
2722 2113 29 29 la
2774 2113 99 29 Grece

2059 2162 35 30 Je
2117 2171 37 21 ne
2178 2163 50 29 t'ai
2253 2163 106 32 jam'ais
2383 2163 53 29 fait
2462 2163 147 33 divaguer
2634 2163 76 29 dans
2732 2163 159 29 l'enceinte

2735 2212 54 30 des
2813 2212 132 29 menhirs

2060 2262 36 31 Je
2121 2270 37 21 ne
2181 2262 51 30 t'ai
2254 2270 56 25 pas
2333 2270 121 21 nomme
2479 2262 74 33 Tige
2578 2262 38 29 de
2640 2262 100 29 David
2764 2263 31 28 ni
2818 2261 73 30 Bois

2739 2312 37 29 de
2801 2311 29 29 la
2853 2310 95 30 Croix

2058 2362 129 33 Lignum
2210 2361 109 31 Crucis

2371 2412 25 29 O
2425 2411 81 30 Tour
2534 2411 99 30 Eiffel!

2059 2462 62 29 Feu
2148 2462 147 29 d'artifice
2320 2464 92 31 geant
2437 2462 38 29 de
2500 2461 197 33 l'Exposition
2724 2460 201 30 Universelle!

2496 2510 12 14 *

2060 2561 59 30 Sur
2143 2562 28 29 le
2195 2562 106 33 Gange

2060 2611 25 29 A
2108 2611 138 30 Benares

2061 2661 105 29 Parmi
2189 2662 45 29 les
2258 2662 119 32 toupies
2403 2662 155 29 onanistes
2585 2660 54 31 des
2665 2660 129 33 temples
2820 2660 130 29 hindous

2061 2711 38 29 Et
2119 2712 45 29 les
2189 2713 59 28 cris
2274 2711 118 30 colores
2418 2711 54 29 des
2498 2711 175 29 multitudes
2700 2711 37 29 de
2762 2710 129 30 l'Orient

2060 2761 46 29 Tu
2133 2763 30 28 te
2189 2761 142 35 penches,
2357 2762 146 32 gracieux
2529 2760 145 30 Palmier!

2063 2810 85 30 C'est
2173 2813 41 27 toi
2238 2812 50 32 qui
2312 2811 17 28 ä
2353 2811 138 32 l'epoque
2517 2810 176 33 legendaire
2720 2810 39 29 du
2787 2809 108 33 peuple

2813 2858 137 29 hebreux

2063 2910 169 30 Confondis
2256 2911 29 29 la
2308 2911 110 32 langue
2445 2911 54 29 des
2523 2911 138 28 homraes

2062 2960 26 29 O
2115 2960 108 30 Babel!

2062 3010 37 29 Et
2116 3011 144 32 quelques
2276 3010 79 29 mille
2373 3018 54 21 ans
2446 3010 65 32 plus
2527 3010 77 33 tard,
2621 3008 75 30 c'est
2713 3010 41 26 toi
2771 3008 49 31 qui
2837 3008 94 28 retom-

2138 3060 66 30 bais
2232 3069 36 21 en
2293 3060 127 33 langues
2444 3060 37 28 de
2506 3060 49 28 feu
2582 3067 50 21 sur
2659 3058 43 29 les
2728 3057 130 33 Apötres
2884 3064 50 22 ras-

2139 3110 133 29 sembles
2296 3110 75 29 dans
2395 3112 51 26 ton
2468 3109 103 31 eglise.

2064 3158 43 29 En
2129 3159 98 32 pleine
2246 3168 64 20 mer
2331 3161 31 26 tu
2385 3167 32 20 es
2438 3166 39 20 un
2498 3158 62 27 mät

2063 3208 37 30 Et
2127 3217 37 20 au
2192 3208 172 30 Pole-Nord

2063 3257 45 29 Tu
2142 3259 169 31 resplendis
2347 3266 78 20 avec
2459 3259 84 26 toute
2578 3256 28 28 la
2639 3255 237 33 magnifiscence
2912 3255 38 28 de

2136 3309 132 29 l'aurore
2298 3307 124 29 boreale
2454 3306 37 29 de
2522 3308 32 26 ta
2585 3305 188 33 telegraphie
2802 3313 72 20 sans
2905 3304 44 29 fil!

2064 3357 60 30 Les
2151 3358 95 28 lianes
2272 3356 246 29 s'enchevetrent
2547 3363 60 21 aux
2635 3355 179 32 eucalyptus

2066 3406 36 30 Et
2121 3410 31 26 tu
2169 3406 110 33 flottes,
2298 3406 93 28 vieux
2411 3407 95 31 tronc,
2526 3412 51 22 sur
2595 3405 28 28 le
2643 3404 162 32 Mississipi

2067 3455 108 34 Quand

2066 3506 44 28 Ta
2131 3505 109 32 gueule
2263 3504 122 29 s'ouvre

2067 3555 36 29 Et
2126 3563 39 20 un
2189 3555 119 29 caiman
2331 3554 85 28 saisit
2439 3554 28 28 la
2492 3555 100 28 cuisse
2618 3553 68 28 d'un
2710 3552 106 32 negre!

2067 3604 43 29 En
2136 3604 119 32 Europe
2280 3605 30 27 tu
2335 3612 33 20 es
2394 3612 118 20 comme
2536 3612 39 19 un
2602 3603 81 31 gibet

2070 3651 48 35 (Je
2135 3653 146 29 voudrais
2299 3655 65 26 etre
2381 3653 28 28 la
2428 3655 77 32 tour,
2525 3652 114 33 pendre
2658 3652 17 28 ä
2690 3652 30 28 la
2738 3651 81 29 Tour
2839 3646 114 35 Eiffel!)

2068 3704 36 28 Et
2125 3702 99 33 quand
2245 3703 27 28 le
2294 3702 138 30 soleilse
2453 3702 115 30 couche
2589 3702 133 28 derriere
2744 3701 42 28 toi

2068 3753 42 28 La
2137 3754 62 27 tete
2228 3753 37 27 de
2294 3751 121 31 Bonnot
2442 3752 84 28 roule
2552 3760 73 20 sous
2653 3751 28 28 la
2711 3750 166 32 guillotine!

2069 3802 46 28 Au
2136 3810 92 21 coeur
2254 3801 37 29 de
2313 3801 143 33 l'Afrique
2479 3800 74 30 c'est
2576 3801 42 28 toi
2639 3801 49 30 qui
2713 3808 90 21 cours

2070 3851 115 29 Giraffe

2070 3901 153 29 Autruche
