2745 4175
621 274 37 23 12

194 349 87 32 THE
304 349 147 33 ACTOR
467 350 90 29 AND

194 390 128 32 THE
357 392 26 29 U
408 392 26 28 B
457 391 27 31 E
509 392 27 31 R
542 404 15 10 a

194 431 362 33 MARIONETTE.

660 349 90 36 they
773 347 68 30 call
864 348 43 34 it,
926 348 35 28 is
990 355 41 21 so
1064 348 109 35 great
1198 355 21 21 a
1252 346 172 36 spiritual
1456 346 102 31 force
1587 348 39 29 in
1659 348 64 29 the
1744 347 88 30 land
1862 348 85 30 that
1980 349 30 28 it
2039 347 103 37 plays
2163 348 66 29 the
2252 346 127 36 larger
2414 348 86 34 part
2532 347 38 29 in

659 410 102 29 their
782 408 172 36 religion.
998 409 66 30 We
1087 416 83 29 may
1192 407 105 31 learn
1319 407 97 31 from
1440 409 31 29 it
1492 410 205 30 somewhat
1720 409 37 30 of
1779 410 64 30 the
1866 417 127 29 power
2015 410 72 29 and
2110 409 65 31 the
2200 416 109 29 grace
2334 407 37 30 of
2398 415 172 29 courage,

658 470 59 31 for
739 471 31 29 it
791 471 31 29 is
844 469 214 37 impossible
1090 471 40 28 to
1152 471 154 29 witness
1329 479 21 20 a
1382 470 258 36 performance
1662 473 162 29 without
1850 480 21 22 a
1903 480 107 22 sense
2045 471 37 30 of
2104 470 164 39 physical
2302 471 72 29 and
2398 469 172 37 spiritual

1052 532 85 29 This
1160 532 38 29 in
1220 532 67 30 800
1311 533 39 29 B.
1376 532 38 30 C.
1458 534 79 29 And
1560 534 83 29 who
1667 533 129 31 knows
1819 534 171 30 whether
2012 534 64 29 the
2101 534 144 35 Puppet
2267 532 94 30 shall
2387 533 66 28 not
2480 539 90 22 once

619 595 109 35 again
752 595 150 29 become
930 594 64 29 the
1017 593 151 30 faithful
1192 595 162 28 medium
1377 593 59 31 for
1457 596 64 28 the
1546 595 182 31 beautiful
1751 596 183 36 thoughts
1956 595 38 29 of
2015 596 65 29 the
2104 596 124 28 artist.
2319 595 84 36 May
2425 601 57 22 we
2506 595 67 28 not

619 655 86 30 look
726 656 162 29 forward
911 656 92 29 with
1025 656 96 36 hope
1143 656 39 29 to
1205 656 85 29 that
1312 656 70 36 day
1404 657 120 29 which
1547 657 94 30 shall
1666 659 108 35 bring
1797 657 93 31 back
1912 659 39 28 to
1976 665 43 22 us
2041 664 92 23 once
2157 664 103 22 more
2283 657 65 28 the
2370 655 136 37 figure,
2530 663 42 21 or

618 717 179 38 symbolic
821 718 185 36 creature,
1041 718 105 30 made
1170 716 76 32 also
1271 718 47 37 by
1339 718 65 29 the
1429 720 164 35 cunning
1626 718 37 30 of
1695 720 65 30 the
1790 720 124 35 artist,
1944 727 40 22 so
2014 719 84 29 that
2127 726 56 22 we
2214 726 66 22 can
2315 718 130 35 regain
2480 724 91 22 once

619 786 102 23 more
744 779 66 30 the
869 778 116 31 nohle
1008 779 256 37 artificiality
1278 778 22 15 99
1322 779 121 30 which
1466 780 65 29 the
1555 780 58 30 old
1637 782 130 28 writer
1789 780 134 37 speaks
1946 780 50 30 of.
2012 786 45 25 £/
2074 780 101 30 Then
2192 779 95 30 shall
2303 787 57 22 we
2377 786 47 21 no
2441 778 132 36 longer

620 842 44 28 be
688 842 120 28 under
829 841 65 29 the
918 840 102 30 cruel
1043 840 188 31 influence
1255 840 37 30 of
1314 842 65 29 the
1403 842 200 29 emotional
1629 842 230 31 confessions
1881 842 39 29 of
1947 842 195 29 weakness
2172 841 122 30 which
2327 849 64 21 are
2424 840 146 37 nightly

617 903 201 29 witnessed
843 903 47 36 by
912 903 65 29 the
992 903 131 36 people
1139 904 71 28 and
1231 903 120 30 which
1375 904 38 28 in
1429 904 101 29 their
1545 905 90 29 turn
1653 906 125 28 create
1794 906 38 28 in
1848 905 65 29 the
1931 903 197 31 beholders
2141 903 66 30 the
2223 910 90 29 very
2335 901 237 31 weaknesses

618 964 121 30 which
763 971 63 22 are
850 965 201 30 exhibited.
1075 971 44 25 &
1142 965 50 30 To
1215 965 84 30 that
1322 965 70 29 end
1417 973 54 22 we
1499 967 101 28 must
1632 967 111 35 study
1776 967 39 28 to
1848 965 153 31 remake
2034 965 108 30 these
2176 965 231 35 images—no
2442 963 132 36 longer

621 1027 155 29 content
797 1026 93 30 with
913 1035 21 21 a
956 1028 152 36 puppet,
1130 1035 56 22 we
1210 1028 101 29 must
1333 1028 126 29 create
1483 1036 45 21 an
1553 1028 352 30 ttber-marionette.
2018 1027 74 30 The
2127 1026 336 30 iiber-marionette
2497 1024 75 32 will

618 1089 66 28 not
707 1089 169 35 compete
898 1089 93 29 with
1016 1088 76 32 Life
1095 1089 110 29 —but
1226 1088 76 30 will
1325 1089 130 29 rather
1478 1097 45 28 go
1548 1091 143 36 beyond
1723 1091 41 29 it.
1809 1091 50 29 Its
1882 1089 95 30 ideal
2000 1089 76 30 will
2101 1090 66 28 not
2194 1090 44 28 be
2272 1089 64 29 the
2370 1087 95 31 flesh
2500 1089 72 28 and

618 1148 108 31 blood
751 1151 67 28 but
840 1151 130 29 rather
991 1151 66 29 the
1081 1151 96 37 body
1199 1152 38 27 in
1261 1150 139 31 Trance
1403 1152 72 28 —it
1496 1151 75 30 will
1595 1152 71 29 aim
1690 1153 40 28 to
1754 1151 122 30 clothe
1894 1150 101 31 itself
2017 1151 91 30 with
2142 1158 21 22 a
2196 1149 209 31 deathlike
2430 1150 143 36 Beauty

616 1211 111 30 while
751 1211 173 37 exhaling
947 1220 21 22 a
991 1212 116 37 living
1130 1213 121 35 spirit.
1342 1212 150 31 Several
1516 1214 110 28 times
1650 1214 38 28 in
1711 1214 65 29 the
1800 1220 131 22 course
1955 1212 37 30 of
2014 1212 76 30 this
2114 1220 105 29 essay
2243 1212 67 30 has
2344 1220 20 21 a
2396 1212 103 29 word
2531 1218 43 22 or

617 1275 75 28 two
716 1275 115 29 about
854 1275 117 29 Death
994 1273 116 31 found
1135 1275 49 29 its
1205 1283 82 28 way
1310 1283 47 21 on
1380 1276 40 28 to
1442 1275 65 29 the
1530 1282 166 28 paper....
1720 1275 116 29 called
1859 1275 109 29 there
1993 1275 45 36 by
2054 1275 64 29 the
2136 1275 189 29 incessant
2342 1273 232 35 clamouring

618 1334 37 31 of
836 1336 95 31 Life!
1112 1337 120 29 which
1249 1337 65 29 the
1339 1336 159 35 Realists
1522 1336 93 36 keep
1640 1344 60 28 up.
1744 1338 80 28 And
1847 1337 76 28 this
1947 1337 119 35 might
2090 1337 44 29 be
2158 1335 117 37 easily
2298 1335 187 30 mistaken
2515 1334 59 30 for

618 1405 47 22 an
689 1397 218 31 affectation
931 1398 196 37 especially
1151 1400 47 35 by
1219 1399 109 29 those
1351 1398 83 30 who
1459 1398 92 30 have
1576 1406 46 22 no
1645 1398 198 37 sympathy
1867 1406 42 21 or
1932 1397 144 37 delight
2099 1399 38 28 in
2161 1398 65 30 the
2249 1405 126 28 power
2406 1398 71 29 and
2508 1397 66 29 the

618 1461 226 36 mysterious
867 1461 218 37 joyousness
1107 1461 121 30 which
1252 1462 31 28 is
1306 1461 38 29 in
1368 1460 47 29 all
1438 1459 225 36 passionless
1685 1459 125 30 works
1833 1459 38 30 of
1892 1461 72 28 art.
2010 1459 28 30 If
2060 1460 65 29 the
2148 1459 145 30 famous
2318 1460 149 32 Rubens
2502 1459 72 30 and

618 1522 65 30 the
707 1522 210 30 celebrated
943 1522 159 36 Raphael
1126 1523 106 29 made
1257 1529 96 22 none
1384 1522 68 30 but
1480 1522 213 36 passionate
1723 1522 71 29 and
1826 1522 208 29 exuberant
2063 1522 238 35 statements,
2331 1522 109 29 there
2473 1528 99 22 were

620 1591 109 29 many
759 1585 129 29 artists
923 1583 126 30 before
1086 1584 103 29 them
1224 1584 70 28 and
1329 1585 102 28 since
1463 1585 39 27 to
1536 1584 121 28 whom
1692 1584 235 29 moderation
1961 1584 37 28 in
2032 1583 101 30 their
2166 1584 60 28 art
2261 1590 76 22 was
2374 1583 64 29 the
2478 1583 97 29 most

618 1646 171 34 precious
819 1645 37 30 of
882 1645 48 30 all
966 1645 100 30 their
1096 1646 105 35 aims,
1232 1645 70 30 and
1333 1646 107 29 these
1471 1653 101 22 more
1603 1645 90 29 than
1728 1644 48 31 all
1810 1645 129 30 others
1974 1645 142 30 exhibit
2149 1645 65 29 the
2247 1645 88 29 true
2370 1644 204 30 masculine

620 1715 167 22 manner.
832 1706 74 30 The
930 1707 109 29 other
1067 1706 232 37 flamboyant
1321 1714 42 22 or
1393 1708 181 35 drooping
1597 1708 129 28 artists
1749 1707 125 29 whose
1895 1706 124 30 works
2043 1707 70 29 and
2139 1714 127 22 names
2287 1706 106 30 catch
2415 1706 66 30 the
2509 1713 65 30 eye

620 1767 37 30 of
688 1769 130 35 to-day
842 1769 45 28 do
912 1769 66 28 not
1000 1776 40 21 so
1075 1768 109 29 much
1207 1767 114 37 speak
1344 1767 75 30 like
1443 1776 83 21 men
1553 1776 40 22 as
1617 1768 92 30 bawl
1737 1767 74 31 like
1845 1767 169 37 animals,
2048 1776 42 21 or
2123 1767 70 37 lisp
2227 1767 74 30 like
2335 1774 159 23 women.

620 1830 74 30 The
717 1832 102 34 wise,
843 1831 64 29 the
931 1832 192 28 moderate
1147 1832 171 34 masters,
1341 1831 133 35 strong
1497 1831 157 28 because
1678 1830 37 29 of
1736 1831 65 28 the
1826 1830 88 29 laws
1929 1831 40 28 to
1986 1830 120 29 which
2122 1831 90 35 they
2234 1837 121 22 swore
2374 1831 40 28 to
2431 1830 143 29 remain

620 1900 87 22 ever
729 1891 205 31 faithful....
951 1893 100 29 their
1076 1899 126 23 names
1226 1891 189 30 unknown
1438 1891 59 30 for
1519 1892 65 29 the
1601 1893 98 28 most
1711 1893 136 34 part....
1862 1900 20 21 a
1903 1891 78 30 fine
2003 1891 180 37 family....
2196 1892 65 29 the
2279 1892 168 29 creators
2461 1890 37 30 of
2509 1891 65 29 the

620 1955 108 35 great
751 1953 71 30 and
845 1953 83 37 tiny
951 1954 90 36 gods
1064 1952 37 31 of
1116 1954 64 29 the
1198 1953 87 31 East
1307 1954 70 29 and
1396 1953 63 30 the
1476 1954 115 36 West,
1608 1954 65 29 the
1689 1954 201 35 guardians
1913 1952 37 30 of
1965 1953 107 30 those
2089 1952 124 36 larger
2228 1953 165 36 times,...
2407 1953 106 29 these
2527 1951 48 30 all

621 2016 90 29 bent
733 2015 101 30 their
855 2015 183 36 thoughts
1060 2014 162 30 forward
1246 2016 164 28 towards
1432 2015 64 29 the
1521 2014 202 37 unknown,
1746 2015 197 36 searching
1958 2014 58 30 for
2036 2015 119 36 sights
2178 2016 71 28 and
2266 2015 140 29 sounds
2429 2016 38 28 in
2490 2014 85 30 that

619 2075 168 37 peaceful
811 2077 70 29 and
905 2076 131 37 joyous
1059 2077 172 36 country,
1243 2077 85 29 that
1343 2077 90 36 they
1450 2077 119 36 might
1580 2078 98 29 raise
1695 2085 20 21 a
1730 2076 122 37 figure
1867 2076 37 31 of
1926 2078 108 29 stone
2058 2085 42 21 or
2116 2078 84 35 sing
2215 2085 21 22 a
2252 2084 120 29 verse,
2386 2077 189 35 investing

619 2139 31 28 it
671 2139 91 29 with
785 2139 85 28 that
891 2146 101 21 same
1008 2145 112 29 peace
1128 2139 71 28 and
1216 2138 60 36 joy
1292 2146 88 21 seen
1396 2138 96 29 from
1509 2138 92 36 afar,
1618 2147 39 20 so
1674 2147 39 21 as
1729 2140 39 28 to
1787 2138 151 30 balance
1954 2138 48 30 all
2019 2139 65 29 the
2101 2139 97 36 grief
2213 2140 71 28 and
2301 2138 154 30 turmoil
2473 2138 102 29 here.

679 2201 39 29 In
741 2200 170 30 America
932 2208 56 22 we
1012 2207 67 22 can
1102 2201 146 34 picture
1271 2200 106 29 these
1403 2200 174 30 brothers
1599 2200 39 30 of
1659 2200 84 30 that
1758 2199 127 38 family
1899 2199 37 31 of
1952 2201 172 36 masters,
2137 2199 117 37 living
2267 2201 37 28 in
2321 2200 101 30 their
2438 2200 137 36 superb

618 2263 151 29 ancient
792 2263 119 35 cities,
935 2261 154 31 colossal
1113 2263 106 28 cities
1242 2262 120 29 which
1380 2262 12 29 I
1408 2269 89 22 ever
1512 2261 111 30 think
1639 2261 37 33 of
1692 2270 38 22 as
1754 2261 81 31 able
1852 2263 39 29 to
1909 2263 44 28 be
1970 2263 131 29 moved
2125 2263 38 28 in
2180 2270 21 22 a
2217 2261 120 38 single
2360 2263 89 37 day;
2468 2262 107 29 cities

619 2322 36 31 of
677 2324 170 35 spacious
869 2324 104 28 tents
997 2322 37 30 of
1056 2322 72 30 silk
1144 2324 71 28 and
1234 2324 172 34 canopies
1429 2322 38 30 of
1482 2322 84 37 gold
1584 2324 120 29 under
1726 2324 121 30 which
1865 2324 113 30 dwelt
1993 2324 101 30 their
2111 2325 109 35 gods;
2244 2323 194 36 dwellings
2454 2323 120 30 which

619 2386 198 28 contained
841 2384 47 30 all
911 2385 65 29 the
999 2385 277 36 requirements
1300 2385 37 29 of
1368 2387 64 28 the
1457 2387 97 28 most
1575 2385 218 36 fastidious;
1820 2386 108 30 those
1962 2387 149 35 moving
2135 2387 107 29 cities
2264 2386 136 36 which,
2423 2393 39 21 as
2485 2385 90 36 they

617 2446 181 30 travelled
832 2445 96 30 from
963 2446 131 36 height
1126 2447 40 28 to
1199 2445 113 37 plain,
1346 2454 89 23 over
1467 2448 120 29 rivers
1620 2448 72 29 and
1727 2447 107 29 down
1868 2446 152 38 valleys,
2054 2447 148 30 seemed
2237 2446 74 30 like
2348 2454 102 22 some
2492 2447 83 29 vast

618 2508 206 35 advancing
846 2515 105 29 army
967 2507 38 30 of
1025 2515 124 28 peace.
1194 2509 78 28 And
1297 2509 38 28 in
1359 2508 89 30 each
1483 2510 75 35 city
1582 2510 66 28 not
1671 2516 71 22 one
1756 2516 42 21 or
1820 2510 75 28 two
1920 2515 83 23 men
2019 2508 115 30 called
2191 2509 131 29 artists
2374 2509 121 29 whom
2509 2508 66 31 the

616 2571 81 28 rest
719 2569 37 29 of
778 2569 64 30 the
867 2570 75 35 city
964 2568 132 31 looked
1115 2576 98 29 upon
1238 2578 38 21 as
1295 2570 58 29 ne'
1368 2578 41 21 er
1426 2571 45 28 do
1488 2569 84 30 well
1589 2569 127 37 idlers,
1733 2571 68 28 but
1818 2578 109 29 many
1944 2578 85 21 men
2047 2571 136 29 chosen
2201 2571 46 36 by
2263 2571 64 28 the
2346 2570 230 36 community

618 2632 157 28 because
799 2630 37 30 of
857 2631 100 29 their
980 2631 132 36 higher
1135 2639 144 28 powers
1303 2631 37 29 of
1361 2633 270 34 perception....
1655 2633 150 34 artists;
1827 2631 59 30 for
1907 2632 86 29 that
2015 2633 30 28 is
2061 2633 103 28 what
2185 2632 67 29 the
2285 2632 85 29 title
2398 2631 37 30 of
2464 2632 112 29 artist

618 2700 140 28 means,
782 2700 69 22 one
874 2693 84 29 who
981 2694 190 35 perceives
1195 2701 103 22 more
1320 2694 92 29 than
1437 2694 56 29 his
1515 2693 156 36 fellows,
1695 2695 71 28 and
1790 2695 83 28 who
1896 2695 152 28 records
2073 2701 102 23 more
2198 2695 92 29 than
2314 2695 46 29 he
2384 2695 66 29 has
2473 2701 102 23 seen.

617 2755 79 30 And
722 2756 65 28 not
809 2755 65 29 the
898 2755 95 29 least
1015 2762 135 30 among
1172 2756 109 29 those
1304 2756 131 29 artists
1457 2764 76 21 was
1555 2756 65 29 the
1644 2757 112 28 artist
1779 2755 37 30 of
1838 2755 64 30 the
1927 2757 243 35 ceremonies,
2193 2756 65 29 the
2283 2757 148 28 creator
2451 2755 37 30 of
2509 2756 66 29 the

617 2818 152 35 visions,
780 2817 66 29 the
860 2817 172 29 minister
1046 2817 127 29 whose
1189 2818 92 35 duty
1299 2818 29 28 it
1343 2825 76 22 was
1435 2819 39 28 to
1493 2817 187 30 celebrate
1695 2818 102 29 their
1813 2818 156 35 guiding
1984 2818 161 35 spirit....
2161 2818 65 29 the
2240 2818 109 35 spirit
2366 2816 37 31 of
2419 2818 156 29 Motion.

674 2879 38 29 In
726 2879 97 36 Asia,
836 2879 76 35 too,
925 2879 65 30 the
1003 2878 193 37 forgotten
1210 2881 159 28 masters
1386 2879 37 30 of
1434 2880 66 29 the
1516 2879 158 36 temples
1697 2880 71 29 and
1786 2879 47 29 all
1850 2879 85 29 that
1949 2879 110 30 those
2074 2879 160 36 temples
2251 2880 213 36 contained,
2482 2880 93 29 have

617 2942 214 34 permeated
843 2948 111 29 every
976 2941 176 36 thought,
1169 2949 112 28 every
1297 2941 106 30 mark
1417 2943 37 28 in
1467 2942 101 29 their
1580 2940 106 30 work
1698 2942 91 28 with
1803 2941 76 29 this
1895 2949 108 22 sense
2021 2940 38 31 of
2075 2942 94 29 calm
2188 2942 142 29 motion
2346 2941 231 36 resembling

617 3002 163 30 death....
805 3002 200 37 glorifying
1028 3004 71 28 and
1123 3004 174 35 greeting
1320 3004 41 29 it.
1453 3004 39 28 In
1515 3003 135 36 Africa,
1674 3003 135 36 (which
1826 3010 102 22 some
1946 3002 37 30 of
2000 3011 43 21 us
2058 3002 112 31 think
2191 3011 56 22 we
2271 3011 64 22 are
2353 3004 68 29 but
2437 3011 83 21 now
2535 3004 41 28 to

617 3063 158 37 civilize)
796 3064 77 29 this
897 3065 108 34 spirit
1028 3063 164 37 dwelt,...
1215 3065 66 29 the
1305 3072 151 23 essence
1475 3064 37 31 of
1526 3065 65 30 the
1608 3063 145 37 perfect
1769 3063 239 32 civilization.
2047 3064 119 31 There
2182 3066 64 29 too
2261 3065 114 30 dwelt
2386 3065 66 30 the
2469 3065 108 36 great

618 3126 171 35 masters,
813 3126 66 28 not
902 3125 223 30 individuals
1149 3127 174 29 obsessed
1340 3127 92 29 with
1449 3126 65 30 the
1532 3127 83 29 idea
1631 3125 37 30 off
1685 3126 88 29 each
1791 3127 188 35 asserting
1996 3127 57 29 his
2068 3126 233 37 personality
2317 3135 39 21 as
2373 3126 27 31 if
2416 3128 31 28 it
2462 3135 76 21 was
2555 3135 20 21 a

617 3186 170 30 valuable
804 3187 70 29 and
893 3187 145 36 mighty
1052 3188 121 36 thing,
1191 3189 68 28 but
1276 3189 156 28 content
1448 3189 157 29 because
1623 3187 37 29 of
1676 3196 20 20 a
1713 3187 88 29 kind
1816 3187 37 29 of
1869 3187 86 37 holy
1968 3189 172 34 patience
2153 3190 40 28 to
2211 3196 106 22 move
2330 3189 102 29 their
2448 3189 126 29 brains

618 3248 70 29 and
701 3248 100 29 their
812 3248 142 36 fingers
968 3248 87 37 only
1068 3250 37 28 in
1119 3250 84 29 that
1217 3250 185 29 direction
1415 3250 204 35 permitted
1634 3250 47 35 by
1693 3250 64 28 the
1771 3248 138 30 law--in
1922 3250 66 28 the
2001 3251 145 28 service
2159 3250 38 29 of
2208 3251 66 29 the
2287 3250 132 36 simple
2436 3250 139 29 truths.

678 3310 88 28 How
789 3311 104 29 stern
916 3311 66 29 the
1005 3310 69 30 law
1097 3319 88 28 was,
1210 3312 71 28 and
1299 3312 82 28 how
1398 3310 99 30 little
1513 3312 65 28 the
1594 3312 112 28 artist
1723 3310 37 30 of
1774 3311 86 29 that
1876 3311 70 36 day
1961 3312 204 34 permitted
2184 3311 149 31 himself
2347 3313 40 29 to
2405 3311 107 30 make
2529 3319 47 23 an

618 3371 204 30 exhibition
836 3371 38 30 of
886 3373 56 29 his
958 3373 173 35 personal
1147 3373 158 37 feelings
1323 3381 67 22 can
1408 3374 44 29 be
1469 3373 214 30 discovered
1702 3373 46 35 by
1765 3372 153 36 looking
1934 3375 38 27 at
1989 3381 72 29 any
2077 3374 167 36 example
2258 3373 38 30 of
2309 3374 181 37 Egyptian
2504 3375 71 28 art.

619 3432 98 31 Look
740 3434 39 28 at
801 3441 72 28 any
896 3434 89 29 limb
1008 3443 88 22 ever
1119 3436 133 28 carved
1277 3436 46 35 by
1345 3435 65 29 the
1427 3434 214 38 Egyptians,
1673 3435 129 28 search
1820 3435 80 28 into
1918 3434 47 29 all
1981 3436 109 29 those
2108 3437 132 29 carved
2266 3443 99 29 eyes,
2394 3436 91 36 they
2499 3435 77 30 will

617 3495 97 36 deny
735 3502 72 29 you
832 3495 96 29 until
951 3497 65 29 the
1050 3496 111 30 crack
1184 3496 37 30 of
1243 3497 122 29 doom.
1409 3496 110 30 Their
1552 3497 164 29 attitude
1750 3497 30 29 is
1803 3504 41 22 so
1867 3495 115 31 silent
2003 3497 85 29 that
2122 3498 31 29 it
2175 3499 30 28 is
2240 3498 111 30 death
2376 3497 88 30 like.
2508 3498 69 29 Yet

616 3557 223 28 tenderness
863 3557 30 29 is
915 3558 121 36 there,
1059 3558 71 30 and
1156 3559 126 29 charm
1299 3559 31 28 is
1345 3559 126 35 there;
1495 3558 206 36 prettiness
1717 3558 30 29 is
1772 3566 92 22 even
1880 3559 109 28 there
2006 3559 80 29 side
2103 3560 47 36 by
2165 3560 80 29 side
2261 3560 92 30 with
2369 3560 66 29 the
2455 3559 121 35 force;

617 3618 71 29 and
712 3617 81 30 love
811 3618 131 30 bathes
958 3620 89 29 each
1064 3620 120 36 single
1199 3619 125 37 work;
1349 3620 67 29 but
1436 3620 107 36 gush,
1560 3620 181 35 emotion,
1758 3620 236 35 swaggering
2010 3620 231 38 personality
2257 3620 38 31 of
2309 3622 66 29 the
2399 3620 176 30 artist?...

618 3679 66 29 not
700 3684 70 24 one
785 3679 120 36 single
923 3681 131 29 breath
1072 3680 37 31 of
1124 3682 42 30 it.
1191 3681 127 30 Pierce
1335 3681 136 30 doubts
1488 3686 42 25 or
1546 3680 180 36 hopes?...
1751 3682 66 29 not
1834 3688 70 23 one
1928 3681 84 30 hint
2027 3681 39 30 of
2077 3683 91 29 such
2185 3691 21 21 a
2217 3683 122 36 thing.
2365 3681 212 31 Strenuous

616 3740 352 31 determination?...
987 3743 65 28 not
1064 3751 21 21 a
1100 3744 83 35 sign
1201 3742 37 30 of
1253 3744 31 28 it
1296 3743 66 29 has
1375 3743 154 35 escaped
1542 3743 66 29 the
1622 3743 124 35 artist;
1764 3750 96 22 none
1874 3742 37 30 of
1923 3743 108 30 these
2048 3743 283 31 confessions....
2347 3744 229 35 stupidities.

615 3801 74 31 Nor
710 3802 119 36 pride,
853 3808 68 24 nor
942 3801 94 38 fear,
1060 3810 68 24 nor
1149 3804 65 30 the
1238 3803 130 37 comic,
1391 3808 68 26 not
1482 3811 72 29 any
1577 3803 206 32 indication
1810 3804 86 31 that
1924 3805 65 29 the
2013 3805 145 31 artist's
2181 3806 101 30 mind
2306 3810 43 26 or
2377 3806 99 30 hand
2499 3811 76 25 was

191 1031 45 26 &
257 1024 80 30 The
361 1024 96 30 iiher
476 1033 54 21 ma-

192 1066 170 30 rionette
404 1067 68 29 not
516 1067 37 29 to

191 1108 212 37 compete
441 1106 112 30 with

191 1148 102 32 Life.

190 1835 82 32 The
282 1836 96 30 wise
386 1838 170 28 masters

189 1879 46 30 of
253 1878 82 30 Art.
512 1885 44 24 £>

190 2207 58 30 In
291 2208 262 29 America.

191 2885 47 30 In
248 2886 96 29 Asia
354 2886 36 29 &
403 2886 149 29 Africa.

191 3622 104 35 Love
331 3623 138 32 inteacL
512 3624 45 31 of

191 3665 113 34 gush.
