2745 4175
626 299 38 23 10

198 373 88 33 THE
307 373 149 34 ACTOR
470 375 91 30 AND

198 414 129 33 THE
383 416 178 33 UBHR

198 456 363 33 MARIONETTE.

662 371 171 38 personal
856 371 177 31 affection
1057 373 71 29 and
1153 379 161 23 nervous
1336 372 286 38 susceptibility.
1668 373 32 30 It
1722 374 30 29 is
1774 374 92 30 time
1891 374 40 29 to
1961 374 83 36 give
2074 374 31 29 it
2127 374 65 30 the
2215 373 208 36 perfection
2446 373 38 31 of
2504 374 66 30 the

661 431 164 38 physical
840 434 164 31 sciences
1021 435 47 35 by
1091 441 127 22 means
1241 432 38 30 of
1300 441 21 21 a
1343 433 145 35 pitiless
1511 435 164 29 method.
1806 435 52 30 He
1881 436 31 28 is
1934 434 176 37 thinking
2141 435 138 36 mainly
2303 434 37 30 of
2362 435 65 30 the
2450 436 68 29 Art
2534 435 36 30 of

624 495 230 35 Literature;
878 495 67 29 but
967 494 28 30 if
1018 495 45 29 he
1086 494 72 30 feel
1181 494 76 30 this
1279 502 40 22 so
1343 494 171 38 strongly
1536 495 37 30 of
1588 496 65 29 the
1668 497 143 35 writer,
1828 504 70 21 one
1914 497 83 28 who
2021 497 31 28 is
2075 504 115 21 never
2205 495 163 37 actually
2383 503 103 29 seen,
2503 496 67 29 but

622 555 140 37 merely
784 556 130 30 stands
936 555 78 31 half
1028 555 172 31 revealed
1218 556 136 30 behind
1373 557 56 28 his
1444 556 118 37 work,
1579 557 82 29 how
1677 557 134 37 totally
1829 558 161 35 opposed
2015 559 102 29 must
2138 558 46 30 he
2208 558 93 29 have
2326 558 92 29 been
2443 558 39 29 to
2505 557 63 30 the

621 617 123 30 actual
761 625 228 28 appearance
1012 617 38 30 of
1070 618 66 29 the
1159 617 377 37 actor—personality
1559 626 42 22 or
1624 626 47 23 no
1694 619 241 36 personality.

623 679 152 29 Charles
799 680 110 30 Lamb
932 687 100 28 says;
1165 687 62 22 see
1255 680 92 30 Lear
1370 680 158 30 acted....
1552 681 39 29 to
1614 689 62 21 see
1699 688 47 22 an
1770 680 58 30 old
1853 688 84 21 man
1961 681 187 36 tottering
2164 681 115 29 about
2301 680 91 30 with
2416 689 21 20 a
2459 679 110 38 stick,

659 741 138 29 turned
821 741 67 28 out
911 739 37 31 of
970 741 110 30 doors
1097 742 46 35 by
1166 741 57 29 his
1239 741 205 35 daughters
1460 748 48 22 on
1524 750 21 21 a
1561 743 107 35 rainy
1684 742 120 36 night,
1821 742 67 29 has
1905 741 158 37 nothing
2079 743 37 28 in
2134 743 30 28 it
2181 743 67 28 but
2263 743 102 28 what
2380 741 31 30 Is
2426 741 142 37 painful

661 801 10 31 1
688 802 71 29 and
776 802 223 36 disgusting.
1023 803 64 29 We
1103 804 102 28 want
1220 804 40 28 to
1276 801 88 31 take
1380 802 75 30 him
1479 804 79 28 into
1581 803 155 37 shelter,
1752 804 86 29 that
1853 804 32 28 is
1901 802 48 30 all
1965 804 64 28 the
2045 802 140 37 feeling
2200 803 65 29 the
2282 804 126 35 acting
2424 802 37 30 of
2477 804 91 30 Lear

661 871 87 21 ever
763 864 187 35 produced
967 865 37 27 in
1023 872 70 22 me.
1117 863 74 30 The
1208 863 266 36 contemptible
1498 865 214 36 machinery
1736 866 47 35 by
1804 865 121 29 which
1952 865 90 35 they
2072 865 124 28 mimic
2218 864 65 29 the
2305 865 118 28 storm
2446 865 120 29 which

661 925 45 28 he
729 933 89 27 goes
840 926 67 28 out
929 926 52 35 in,
1004 926 30 29 is
1058 926 66 29 not
1146 933 103 21 more
1272 926 224 34 inadequate
1512 927 40 28 to
1575 928 198 34 represent
1787 927 66 28 the
1877 926 134 29 horror
2034 925 37 30 of
2086 926 65 29 the
2167 924 79 31 real
2263 924 183 31 elements
2476 927 91 28 than

660 993 72 29 any
754 987 105 28 actor
882 994 66 22 can
986 987 44 29 be
1059 987 40 28 to
1122 987 197 34 represent
1342 987 104 31 Lear.
1489 986 100 38 They
1612 988 120 35 might
1755 995 103 22 more
1882 986 116 37 easily
2027 993 157 29 propose
2209 988 41 28 to
2279 988 200 33 personate
2502 987 65 29 the

659 1048 114 29 Satan
791 1047 37 30 of
842 1047 133 30 Milton
993 1055 98 28 upon
1107 1056 21 21 a
1143 1049 119 35 stage,
1279 1055 43 22 or
1337 1056 70 22 one
1424 1048 37 30 of
1476 1049 325 36 Michaelangelo's
1817 1047 156 32 terrible
1989 1048 194 36 figures....
2198 1049 91 29 Lear
2305 1049 31 28 is
2352 1047 216 38 essentially

659 1109 213 36 impossible
889 1111 39 28 to
946 1110 44 29 be
1012 1110 244 35 represented
1281 1117 46 22 on
1350 1110 66 29 the
1439 1111 118 35 stage.
1849 1116 44 25 &
2017 1116 45 25 &
2185 1115 45 25 &
2354 1115 45 25 &

660 1170 146 31 Hamlet
828 1170 149 30 himself
999 1178 120 22 seems
1145 1170 132 37 hardly
1307 1171 149 36 capable
1487 1171 37 30 of
1554 1173 110 34 being
1693 1172 120 34 acted,
1876 1179 84 28 says
1983 1170 160 31 William
2168 1170 150 32 Hazlitt.

621 1233 119 29 Dante
763 1233 37 29 in
865 1233 48 30 La
936 1233 83 29 Vita
1049 1233 124 29 Nuova
1235 1232 86 30 tells
1345 1240 43 22 us
1409 1233 85 29 that
1516 1234 37 28 in
1578 1234 125 29 dream
1729 1234 94 30 Love
1846 1233 38 29 in
1907 1233 66 30 the
1995 1232 122 36 figure
2141 1232 37 30 of
2200 1240 21 22 a
2242 1232 117 37 youth
2383 1233 183 35 appeared

619 1294 40 31 to
683 1294 88 31 him.
794 1300 45 25 &
863 1294 239 36 Discoursing
1132 1293 37 31 of
1199 1295 181 36 Beatrice,
1404 1296 120 28 Dante
1547 1296 31 28 is
1601 1294 78 30 told
1703 1296 47 35 by
1781 1296 94 30 Love
1945 1296 38 27 to
2008 1302 170 27 compose
2205 1294 143 29 certain
2377 1294 128 36 things
2528 1294 37 28 in

659 1355 143 37 rhyme,
818 1356 38 29 in
873 1355 64 30 the
953 1356 120 29 which
1089 1357 92 28 thou
1199 1356 99 31 shalt
1313 1357 59 29 set
1386 1355 103 31 forth
1505 1357 83 29 how
1604 1358 132 34 strong
1752 1364 21 22 a
1790 1356 223 36 mastership
2031 1357 12 28 I
2059 1356 92 29 have
2169 1356 174 29 obtained
2361 1362 89 23 over
2465 1355 101 36 thee,

659 1417 164 36 through
847 1417 117 30 her....
1008 1418 79 29 And
1111 1425 40 22 so
1173 1418 110 29 write
1305 1418 108 29 these
1435 1418 128 36 things
1585 1418 85 29 that
1691 1418 90 36 they
1803 1417 95 30 shall
1914 1425 99 21 seem
2036 1417 130 29 rather
2188 1418 40 28 to
2251 1417 44 29 be
2319 1415 140 36 spoken
2484 1417 46 35 by
2546 1425 21 20 a

658 1479 101 31 third
783 1486 148 29 person,
955 1479 70 29 and
1051 1480 65 28 not
1139 1479 157 36 directly
1320 1481 46 34 by
1381 1480 87 28 thee
1485 1481 40 27 to
1542 1480 79 35 her,
1637 1479 120 29 which
1774 1480 32 28 is
1821 1486 124 22 scarce
1961 1478 142 36 fitting.
2180 1479 79 28 And
2276 1479 108 35 again
2448 1476 117 31 There

660 1547 102 23 came
786 1547 97 28 upon
908 1548 58 21 me
988 1548 21 21 a
1025 1541 108 34 great
1148 1541 122 29 desire
1285 1541 41 28 to
1343 1548 64 28 say
1423 1540 207 30 somewhat
1653 1541 37 28 in
1714 1541 149 35 rhyme:
1881 1541 67 28 but
1970 1540 109 29 when
2103 1540 13 28 I
2133 1540 118 35 began
2267 1538 177 37 thinking
2460 1540 82 29 how
2559 1539 12 29 1

659 1601 131 30 should
814 1609 65 29 say
900 1602 43 36 it,
967 1602 223 36 methought
1211 1602 85 30 that
1311 1604 39 28 to
1367 1601 114 37 speak
1497 1602 37 30 of
1551 1602 67 30 her
1634 1609 99 23 were
1750 1602 205 36 unseemly,
1971 1601 126 30 unless
2114 1602 12 28 I
2142 1600 114 37 spoke
2272 1602 40 28 to
2329 1601 109 29 other
2455 1600 115 30 ladies

720 1663 64 30 the
807 1664 135 29 second
966 1670 147 28 person.
1230 1665 66 29 We
1312 1672 62 21 see
1389 1664 92 32 then
1498 1665 85 28 that
1594 1665 40 28 to
1649 1664 108 29 these
1774 1672 84 21 men
1876 1664 31 29 it
1929 1664 30 29 is
1975 1670 131 30 wrong
2121 1663 85 29 that
2220 1663 66 29 the
2302 1661 116 37 living
2433 1669 135 29 person

619 1723 132 32 should
775 1724 161 30 advance
959 1725 81 29 into
1061 1724 65 30 the
1149 1724 119 30 frame
1291 1726 72 28 and
1388 1724 142 38 display
1553 1724 150 31 himself
1726 1732 99 29 upon
1855 1725 57 30 his
1936 1732 82 22 own
2042 1731 146 23 canvas.
2232 1723 99 38 They
2354 1722 86 31 hold
2477 1724 30 29 it
2530 1731 39 22 as

1006 1794 125 22 scarce
1153 1785 143 38 fitting.

621 1848 64 30 We
708 1848 93 29 have
818 1848 88 29 here
922 1848 197 29 witnesses
1142 1849 147 35 against
1311 1849 65 29 the
1393 1848 120 30 whole
1530 1849 170 29 business
1717 1848 37 30 of
1769 1848 66 29 the
1852 1848 154 29 modern
2023 1849 118 35 stage.
2164 1853 45 25 &
2226 1845 239 38 Collectively
2479 1846 91 36 they

620 1917 84 28 pass
726 1909 65 30 the
813 1908 192 38 following
1020 1910 234 30 sentence:...
1279 1909 94 31 That
1390 1911 31 28 it
1436 1911 31 29 is
1484 1911 68 29 bad
1570 1910 72 35 art,
1660 1918 42 22 or
1719 1917 46 22 no
1784 1910 71 35 art,
1871 1911 39 28 to
1928 1908 107 30 make
2051 1917 40 21 so
2107 1908 186 37 personal,
2309 1916 41 21 so
2366 1907 202 30 emotional

621 1978 45 23 an
684 1969 127 38 appeal
835 1971 84 28 that
940 1971 65 29 the
1030 1970 177 31 beholder
1228 1970 145 37 forgets
1395 1971 65 29 the
1483 1971 109 37 thing
1614 1970 103 31 itself
1738 1970 111 30 while
1872 1971 185 35 swamped
2082 1971 47 35 by
2151 1970 64 29 the
2238 1968 243 37 personality,
2503 1969 65 28 the

621 2033 178 35 emotion,
823 2031 36 30 of
882 2033 49 29 its
954 2031 141 31 maker.
1119 2036 43 27 J&
1185 2034 80 28 And
1290 2040 82 22 now
1394 2032 60 30 for
1475 2033 65 29 the
1563 2034 204 35 testimony
1784 2031 37 31 of
1844 2040 46 21 an
1907 2033 153 29 actress.
2525 2036 44 25 &

622 2093 182 31 Eleonora
821 2094 96 28 Duse
934 2093 65 29 has
1015 2094 96 28 said:
1129 2094 44 36 (i)
1229 2093 49 29 To
1296 2102 85 20 save
1404 2093 65 29 the
1492 2094 162 35 theatre,
1677 2093 64 29 the
1764 2093 150 29 theatre
1938 2094 101 28 must
2062 2093 43 29 be
2129 2092 212 36 destroyed,
2363 2091 66 29 the
2445 2091 125 29 actors

621 2154 71 29 and
724 2154 183 29 actresses
936 2156 101 27 must
1066 2154 47 29 all
1138 2155 58 28 die
1227 2153 38 30 of
1293 2154 64 29 the
1381 2154 146 36 plague.
1558 2154 99 36 They
1680 2155 129 34 poison
1832 2154 65 29 the
1921 2155 67 34 air,
2011 2154 90 36 they
2117 2152 107 30 make
2242 2154 60 28 art

696 2215 64 29 We
792 2222 81 29 may
897 2215 142 29 believe
1064 2215 77 29 her.
1178 2215 73 29 She
1282 2223 128 21 means
1432 2216 102 28 what
1557 2215 177 29 Flaubert
1757 2216 71 28 and
1854 2216 118 28 Dante
1996 2222 121 28 mean,
2140 2222 93 22 even
2256 2213 28 30 if
2306 2214 65 29 she
2394 2213 123 29 words
2540 2213 30 29 it

622 2275 229 37 differently.
887 2276 80 29 And
1004 2276 108 29 there
1149 2284 64 21 are
1231 2284 109 28 many
1364 2284 101 21 more
1489 2277 197 28 witnesses
1723 2277 39 28 to
1799 2275 130 37 testify
1964 2276 59 29 for
2060 2283 69 28 me,
2166 2274 28 29 if
2229 2275 76 29 this
2342 2275 30 28 is
2409 2273 83 30 held
2529 2275 39 28 to

623 2337 44 29 be
690 2336 232 30 insufficient
945 2338 188 29 evidence.
1151 2336 117 31 There
1286 2345 63 22 are
1366 2338 64 29 the
1453 2337 130 36 people
1599 2337 82 29 who
1707 2345 113 21 never
1836 2345 45 28 go
1896 2339 40 27 to
1952 2337 183 35 theatres,
2158 2336 64 29 the
2240 2335 161 29 millions
2425 2334 37 30 of
2484 2342 85 22 men

622 2399 147 35 against
790 2398 65 29 the
871 2398 206 29 thousands
1099 2399 82 28 who
1205 2399 46 28 do
1275 2406 58 28 go.
1417 2398 114 36 Then,
1554 2407 55 20 we
1634 2399 90 28 have
1740 2398 64 30 the
1828 2399 157 35 support
2008 2397 36 30 of
2067 2399 97 28 most
2180 2396 37 30 of
2232 2397 64 29 the
2321 2403 196 29 managers
2533 2394 37 30 of

623 2459 64 29 the
709 2459 149 29 theatre
882 2458 37 30 of
930 2460 142 35 to=>day.
1116 2458 74 30 The
1207 2460 154 29 modern
1384 2460 150 29 theatre
1559 2467 177 28 manager
1758 2458 128 30 thinks
1908 2460 64 28 the
1995 2461 106 34 stage
2124 2458 131 30 should
2281 2458 91 28 have
2395 2458 49 28 its
2467 2457 103 36 plays

623 2520 222 37 gorgeously
868 2521 212 29 decorated.
1106 2521 51 29 He
1180 2520 75 30 will
1278 2529 64 28 say
1364 2521 84 29 that
1472 2528 46 22 no
1542 2522 105 34 pains
1670 2520 131 30 should
1827 2522 44 28 be
1894 2521 131 35 spared
2049 2522 39 27 to
2113 2521 109 35 bring
2238 2526 111 30 every
2366 2519 202 29 assistance

623 2582 164 29 towards
810 2582 173 35 cheating
1012 2582 65 29 the
1107 2582 179 29 audience
1316 2583 79 28 into
1420 2590 20 21 a
1463 2590 108 21 sense
1595 2582 37 29 of
1654 2582 153 36 reality;
1832 2582 45 29 he
1900 2582 75 29 will
2000 2589 113 21 never
2137 2589 104 21 cease
2264 2580 133 37 telling
2421 2588 42 22 us
2487 2580 83 29 how

623 2644 207 34 important
851 2643 48 29 all
921 2643 107 29 these
1051 2644 236 28 decorations
1310 2651 81 28 are;
1409 2644 44 28 he
1477 2651 111 28 urges
1611 2643 48 29 all
1682 2644 75 28 this
1780 2643 58 29 for
1861 2643 143 29 several
2027 2650 153 22 reasons
2203 2643 72 28 and
2291 2643 65 28 the
2378 2641 192 36 following

623 2711 133 22 reason
780 2705 31 29 is
835 2706 66 28 not
922 2705 64 28 the
1003 2704 146 31 least....
1186 2705 52 29 He
1254 2707 124 27 scents
1402 2713 21 21 a
1445 2713 112 28 grave
1581 2705 141 36 danger
1745 2705 37 28 in
1805 2704 130 36 simple
1959 2705 71 28 and
2055 2705 93 35 good
2171 2703 125 36 work;
2320 2704 45 29 he
2388 2711 82 22 sees
2486 2704 84 29 that

623 2766 108 29 there
754 2767 31 28 is
807 2774 21 21 a
852 2767 95 36 body
970 2766 37 30 of
1029 2766 129 36 people
1181 2766 82 30 who
1286 2775 63 21 are
1373 2768 160 34 opposed
1556 2767 39 29 to
1612 2766 104 30 these
1741 2766 115 30 lavish
1875 2766 255 35 decorations;
2154 2766 46 28 he
2218 2764 128 30 knows
2362 2765 84 29 that
2461 2765 108 29 there

625 2828 64 29 has
713 2828 93 29 been
829 2836 22 21 a
873 2828 154 29 distinct
1050 2829 225 35 movement,
1291 2829 37 28 in
1353 2829 157 35 Europe,
1533 2829 148 35 against
1701 2828 76 29 this
1801 2827 154 37 display,
1978 2829 31 28 it
2032 2828 135 35 having
2190 2827 94 29 been
2309 2826 153 30 claimed
2486 2827 84 28 that

625 2888 64 30 the
712 2890 107 35 great
834 2888 103 37 plays
953 2890 132 34 gained
1101 2890 108 29 when
1232 2890 243 35 represented
1493 2891 38 27 in
1547 2889 104 30 front
1674 2888 36 30 of
1725 2890 63 28 the
1805 2888 162 36 plainest
1982 2888 254 36 background.
2255 2887 86 30 This
2357 2888 213 29 movement

626 2958 66 21 can
716 2951 44 28 be
783 2951 137 35 proved
945 2952 39 27 to
1009 2951 43 29 be
1075 2959 21 20 a
1119 2951 180 35 powerful
1323 2952 144 28 one—it
1490 2951 65 29 has
1577 2951 131 35 spread
1736 2949 95 30 from
1857 2950 145 30 Krakau
2026 2952 39 27 to
2089 2951 172 35 Moscow,
2283 2949 96 29 from
2404 2949 103 29 Paris
2530 2950 39 28 to

626 3012 125 36 Rome,
767 3011 96 30 from
881 3012 151 30 London
1054 3013 40 28 to
1119 3011 124 30 Berlin
1267 3013 71 28 and
1363 3013 154 30 Vienna.
1593 3012 73 29 The
1691 3020 195 28 managers
1908 3020 62 22 see
1993 3013 76 29 this
2091 3013 141 35 danger
2255 3012 116 29 ahead
2395 3010 37 31 of
2446 3011 123 36 them;

624 3074 89 36 they
735 3081 62 21 see
819 3074 84 29 that
926 3072 27 30 if
983 3081 90 21 once
1096 3073 129 36 people
1256 3081 101 22 came
1387 3075 39 28 to
1456 3074 133 30 realise
1612 3074 76 29 this
1709 3072 89 38 fact,
1822 3073 27 30 if
1872 3082 90 21 once
1985 3074 64 30 the
2072 3075 179 29 audience
2284 3074 124 30 tasted
2439 3072 37 31 of
2505 3074 65 29 the

626 3134 142 37 delight
783 3135 120 29 which
919 3143 20 21 a
955 3135 185 30 sceneless
1162 3135 84 37 play
1269 3136 140 36 brings,
1432 3136 89 36 they
1543 3135 122 30 would
1688 3135 91 30 then
1803 3144 45 28 go
1871 3135 150 31 further
2037 3137 71 28 and
2126 3137 120 29 desire
2263 3136 64 29 the
2343 3135 84 37 play
2449 3136 119 29 which

625 3205 76 21 was
723 3198 199 34 presented
939 3197 161 30 without
1122 3198 141 35 actors;
1286 3199 72 28 and
1381 3196 130 38 finally
1533 3198 90 36 they
1644 3197 122 30 would
1791 3205 45 29 go
1860 3205 47 22 on
1931 3199 71 28 and
2027 3206 47 21 on
2098 3199 71 28 and
2189 3205 48 22 on
2254 3197 96 31 until
2376 3196 105 39 they,
2497 3199 72 28 and

626 3259 67 29 not
708 3259 65 29 the
790 3265 208 30 managers,
1016 3259 68 29 had
1108 3259 197 36 positively
1320 3258 187 31 reformed
1531 3259 63 29 the
1617 3259 80 29 Art.
2357 3265 46 25 &
2526 3264 44 26 &

625 3319 185 37 Napoleon
834 3321 31 28 is
887 3321 176 34 reported
1086 3321 40 28 to
1149 3320 93 30 have
1265 3321 91 29 said.
1503 3320 62 31 life
1588 3320 108 29 there
1722 3321 31 29 is
1783 3321 109 30 much
1915 3321 85 30 that
2022 3322 31 29 is
2076 3322 200 36 unworthy
2298 3322 120 29 which
2443 3322 38 29 in
2510 3323 61 29 art

625 3380 132 32 should
792 3382 44 28 be
870 3382 177 35 omitted;
1082 3382 108 29 much
1224 3380 37 31 of
1294 3382 119 30 doubt
1447 3383 72 29 and
1556 3380 231 38 vacillation;
1824 3383 71 29 and
1933 3382 47 30 all
2023 3382 132 30 should
2200 3384 195 35 disappear
2431 3384 39 29 in
2505 3383 65 30 the

625 3443 302 36 representation
950 3442 38 31 of
1012 3443 65 30 the
1106 3443 103 30 hero.
1257 3443 67 31 We
1359 3443 146 31 should
1533 3451 65 23 see
1627 3443 85 30 him
1741 3451 46 23 as
1816 3453 25 20 a
1870 3445 130 29 statue
2027 3445 44 29 in
2096 3444 131 30 which
2262 3445 64 29 the
2361 3443 210 32 weakness

626 3504 81 31 and
737 3506 167 29 tremors
933 3504 46 31 of
1008 3504 65 31 the
1105 3504 109 31 flesh
1247 3512 68 23 are
1347 3514 50 21 no
1430 3505 143 38 longer
1600 3506 248 38 perceptible
1851 3526 8 9 .
1921 3507 50 37 (2)
1994 3513 44 26 &
2060 3508 80 29 And
2174 3508 67 29 not
2263 3506 86 38 only
2371 3506 199 37 Napoleon,

628 3568 67 28 but
731 3568 76 29 Ben
837 3567 154 36 Jonson,
1025 3568 165 36 Lessing,
1226 3567 168 32 Edmund
1438 3568 171 35 Scherer,
1646 3568 98 30 Hans
1781 3568 188 30 Christian
2005 3570 205 35 Andersen,
2248 3570 123 35 Lamb,
2415 3569 155 36 Goethe,

201 679 163 32 Charles
373 679 132 35 L,amb.

198 1170 180 32 William
387 1168 170 33 Hazlitt,

194 1234 231 32 Dante,
514 1236 44 27 &

195 2095 197 34 Dleonora
441 2095 117 30 Duse.

199 2687 80 29 The
310 2694 110 30 wary
451 2686 88 30 than-

197 2732 82 36 ger,
381 2735 44 25 &

201 3321 361 40 Napoleon,

626 3657 46 31 (1)
689 3657 111 24 Studies
817 3659 28 23 in
862 3659 92 24 Seven
971 3659 116 28 Arts;...
1105 3659 106 24 Arthur
1228 3659 136 30 Symons;
1382 3659 163 29 Constable;
1565 3658 79 25 1906.

626 3698 49 31 (2)
691 3699 36 23 Of
741 3699 143 29 sculpture
900 3700 85 23 Pater
1001 3700 106 25 writes.

664 3740 39 23 Its
719 3739 88 26 white
823 3740 81 30 light,
921 3741 105 29 purged
1042 3742 70 23 from
1129 3741 48 24 the
1193 3747 100 25 angry,
1310 3742 136 24 bloodlike
1461 3742 89 23 stains
1566 3742 29 23 of
1609 3741 91 26 action
1717 3742 52 25 and
1785 3744 118 29 passion,
1922 3744 117 28 reveals,
2057 3744 48 24 not
2126 3743 76 26 what
2223 3745 26 23 is
2270 3742 152 26 accidental
2445 3746 30 23 In
2497 3750 73 23 man,

626 3782 50 23 but
691 3780 48 25 the
756 3781 51 29 god
823 3782 29 23 in
870 3781 66 29 him,
954 3787 31 19 as
1000 3782 117 30 opposed
1133 3783 27 24 to
1177 3784 95 23 man's
1289 3784 113 23 restless
1420 3783 165 24 movement.

627 3822 100 31 Again,
776 3822 62 25 The
854 3823 65 24 base
934 3824 28 23 of
978 3824 37 24 all
1032 3824 109 24 artistic
1158 3825 100 29 genius
1273 3825 25 23 is
1314 3823 49 25 the
1379 3830 93 24 power
1487 3825 29 23 of
1531 3826 164 29 conceiving
1712 3824 146 32 humanity
1875 3826 28 24 in
1921 3831 15 19 a
1952 3831 64 21 new
2032 3826 123 30 striking
2171 3826 136 30 rejoicing
2323 3831 74 25 way,
2410 3827 29 23 of
2458 3827 114 29 putting
