2745 4175
154 1006 193 66 THE
388 1004 312 76 ACTOR
746 1006 198 66 AND
982 1004 196 68 THE
1216 1006 914 76 ÜBER=MARIONETTE

159 1111 97 78 by
336 1109 497 68 Edward
916 1110 472 65 Gordon
1469 1111 395 81 Craig.

155 1245 238 34 INSCRIBED
418 1245 41 31 IN
476 1246 88 30 ALL
579 1244 253 32 AFFECTION
849 1244 57 30 TO
923 1245 69 29 MY
1009 1245 123 30 GOOD
1149 1244 205 36 FRIENDS,
1372 1244 89 33 THE
1477 1246 177 33 ACTORS
1672 1247 59 31 DE
1747 1248 86 29 YOS
1849 1248 92 30 AND
1959 1249 173 31 HEVESI.

192 1342 56 35 npo
264 1343 66 19 save
346 1338 50 24 the
412 1338 134 29 Theatre,
562 1338 50 24 the
629 1337 124 25 Theatre
770 1338 76 24 must
861 1338 34 24 be
911 1338 159 30 destroyed,
1088 1338 50 24 the
1154 1338 92 24 actors
1256 1338 54 24 and
1318 1338 141 25 actresses
1476 1339 77 24 must
1569 1339 37 24 all
1623 1339 45 24 die
1684 1339 30 25 of
1724 1339 49 25 the
1785 1341 144 29 plague....
1959 1340 83 31 They
2054 1341 80 25 make

249 1379 44 25 art
308 1381 172 30 Impossible.
748 1383 40 22 &
882 1378 192 31 ELEONORA
1092 1379 103 26 DUSE.
1255 1379 114 25 Studies
1385 1381 30 23 In
1432 1379 93 25 Seven
1542 1379 78 26 Arts.
1671 1381 109 24 Arthur
1795 1381 131 31 Symons.
1945 1381 189 32 (Constable).

164 1476 43 62 jt
228 1476 68 29 has
318 1474 138 38 always
479 1475 95 30 been
598 1483 21 21 a
642 1475 141 29 matter
804 1473 61 31 for
887 1475 204 35 argument
1112 1474 174 30 whether
1309 1481 43 22 or
1376 1481 48 22 no
1447 1475 137 36 Acting
1607 1476 32 29 is
1662 1483 47 22 an
1733 1477 75 35 art,
1839 1477 71 29 and
1942 1476 193 31 therefore

209 1538 174 30 whether
404 1537 66 30 the
494 1538 106 29 actor
622 1538 32 28 is
676 1544 48 22 an
747 1537 133 36 Artist,
904 1543 43 23 or
969 1536 216 37 something
1208 1536 105 37 quite
1330 1535 196 32 different,
1618 1536 119 31 There
1754 1538 31 32 is
1802 1537 100 31 little
1917 1540 40 28 to
1974 1539 105 30 show
2093 1547 44 22 us

157 1600 87 30 that
258 1601 78 29 this
358 1600 176 36 question
558 1599 196 30 disturbed
777 1599 66 30 the
867 1599 123 31 minds
1013 1598 38 31 of
1072 1599 66 30 the
1162 1598 147 33 leaders
1333 1597 38 32 of
1385 1599 167 37 thought
1566 1599 41 30 at
1622 1607 74 30 any
1711 1600 144 37 period,
1867 1601 146 36 though
2026 1601 110 30 there

157 1662 32 29 is
212 1662 110 29 much
346 1662 178 29 evidence
546 1662 41 29 to
610 1668 114 29 prove
750 1661 87 30 that
859 1661 72 29 had
955 1661 91 37 they
1068 1661 139 29 chosen
1230 1662 41 28 to
1294 1662 187 35 approach
1503 1661 79 30 this
1604 1662 149 38 subject
1775 1670 40 23 as
1846 1670 71 23 one
1946 1663 61 30 for
2035 1663 103 30 their

157 1724 146 29 serious
326 1724 293 36 consideration,
642 1723 91 37 they
755 1723 124 30 would
904 1723 94 30 have
1021 1723 146 36 applied
1192 1724 40 28 to
1260 1724 31 30 it
1312 1724 67 29 the
1402 1731 103 22 same
1529 1724 152 30 method
1706 1724 38 30 of
1777 1726 161 37 enquiry
1972 1733 40 23 as
2046 1726 90 30 used

156 1786 110 29 when
291 1785 240 37 considering
552 1785 66 30 the
642 1786 80 29 arts
745 1784 39 31 of
806 1785 120 30 Music
953 1785 73 32 and
1057 1785 151 37 Poetry,
1237 1784 39 31 of
1305 1785 280 38 Architecture,
1614 1786 203 37 Sculpture
1841 1789 72 28 and
1945 1787 192 38 Painting.

225 1848 54 30 On
303 1848 65 30 the
392 1848 111 29 other
527 1848 98 29 hand
649 1848 113 29 theref
783 1847 94 31 have
901 1848 96 29 been
1028 1855 113 29 many
1170 1855 117 23 warm
1319 1849 222 35 arguments
1571 1849 40 28 in
1642 1850 145 29 certain
1818 1850 132 30 circles
1981 1858 48 22 on
2060 1851 78 29 this

129 1921 7 8 •
156 1911 115 36 topic.
315 1910 118 30 Those
456 1909 135 38 taking
613 1911 86 35 part
721 1911 39 29 in
784 1911 32 31 it
837 1911 95 29 have
962 1909 142 31 seldom
1136 1911 95 30 been
1263 1912 138 35 actors,
1430 1918 92 30 very
1550 1911 127 37 rarely
1707 1919 86 22 men
1824 1911 39 31 of
1891 1913 66 29 the
1987 1912 151 31 theatre

158 1974 40 29 at
220 1971 62 38 all,
305 1973 73 29 and
402 1971 48 31 all
474 1973 94 30 have
592 1971 191 38 displayed
807 1979 73 30 any
904 1973 157 33 amount
1084 1971 39 31 of
1145 1971 163 38 illogical
1333 1973 102 37 heat,
1458 1973 73 30 and
1555 1980 93 30 very
1663 1972 100 32 little
1781 1973 221 38 knowledge
2020 1974 41 30 of
2072 1975 67 30 the

157 2034 160 37 subject.
408 2034 76 30 The
506 2036 223 35 arguments
752 2035 153 36 against
927 2034 129 37 acting
1073 2036 113 35 being
1202 2043 47 21 an
1266 2036 74 36 art,
1357 2036 72 29 and
1448 2036 151 35 against
1613 2036 67 29 the
1696 2037 106 28 actor
1820 2037 113 36 being
1949 2044 51 23 an
2014 2038 126 36 artist,

159 2105 63 21 are
246 2096 193 37 generally
461 2104 41 22 so
527 2096 275 30 unreasonable
825 2098 73 28 and
922 2104 41 22 so
986 2097 176 36 personal
1186 2098 38 28 in
1247 2097 103 30 their
1373 2098 235 32 detestation
1625 2097 39 31 of
1679 2098 66 30 the
1762 2099 119 36 actor,
1897 2098 87 30 that
2001 2100 12 28 I
2028 2098 114 31 think

158 2160 33 29 it
212 2160 32 29 is
266 2158 60 31 for
348 2159 77 30 this
447 2166 136 23 reason
605 2159 67 30 the
696 2160 125 29 actors
844 2158 94 31 have
962 2158 117 31 taken
1103 2166 49 26 no
1174 2159 153 30 trouble
1350 2161 41 28 to
1415 2168 48 28 go
1496 2161 82 29 into
1611 2160 67 30 the
1713 2161 154 30 matter.
1977 2161 48 30 So
2056 2168 85 23 now
2159 2158 4 38 -

158 2220 193 38 regularly
373 2222 93 29 with
490 2221 91 30 each
604 2229 134 22 season
763 2229 124 22 comes
908 2222 68 29 the
999 2222 196 37 quarterly
1218 2221 130 34 attack
1371 2229 48 23 on
1443 2222 65 30 the
1525 2223 107 30 actor
1649 2223 72 29 and
1735 2231 48 22 on
1801 2223 57 30 his
1874 2222 93 38 jolly
1983 2223 158 37 calling;

158 2284 66 29 the
248 2283 130 30 attack
400 2283 149 38 usually
572 2284 141 36 ending
735 2285 43 28 in
797 2284 66 30 the
889 2285 228 29 retirement
1140 2283 39 31 of
1200 2285 67 29 the
1289 2292 148 30 enemy.
1481 2285 49 30 As
1564 2293 21 21 a
1607 2284 83 31 rule
1713 2286 32 29 it
1771 2286 31 29 is
1828 2285 67 30 the
1918 2285 159 38 literary
2100 2293 43 23 or

159 2346 145 36 private
329 2345 217 37 gentlemen
569 2346 86 30 who
678 2345 56 31 fill
757 2347 66 29 the
846 2345 175 39 enemy's
1044 2345 109 32 rank.
1197 2347 56 30 On
1275 2347 66 30 the
1364 2347 178 37 strength
1567 2346 38 31 of
1625 2347 142 37 having
1790 2355 96 29 gone
1902 2349 41 29 to
1959 2355 63 23 see
2038 2347 105 38 plays

158 2408 49 30 all
230 2408 102 31 their
355 2408 106 37 lives,
484 2416 44 22 or
550 2416 49 22 on
622 2409 67 29 the
712 2407 178 38 strength
914 2408 39 31 of
976 2416 115 23 never
1115 2409 139 37 having
1277 2417 97 29 gone
1397 2410 40 30 to
1461 2417 63 22 see
1548 2418 21 21 a
1598 2409 86 38 play
1714 2411 39 28 in
1783 2410 103 30 their
1915 2410 107 38 lives,
2051 2411 92 37 they

158 2469 131 31 attack
310 2469 61 31 for
393 2478 103 26 spine
518 2478 138 22 reason
680 2471 84 29 best
788 2470 138 30 known
948 2472 42 29 to
1013 2470 241 31 themselves.
1300 2472 13 28 1
1337 2471 93 31 have
1460 2471 179 30 followed
1670 2472 110 30 these
1809 2472 155 37 regular
1993 2472 150 32 attacks

418 2513 7 8 S

158 2540 134 23 season
317 2533 47 37 by
387 2540 149 30 season,
558 2533 74 30 and
656 2533 92 37 they
770 2540 102 23 seem
904 2532 138 42 mostly
1075 2534 40 29 to
1150 2533 131 37 spring
1313 2532 98 31 from
1446 2533 236 39 irritability,
1717 2534 175 37 personal
1922 2536 146 37 enmity
2099 2544 45 22 or

159 2596 200 30 conceit....
410 2594 101 38 They
545 2603 85 28 are,
642 2594 164 38 illogical
840 2594 99 33 from
974 2596 207 36 beginning
1214 2596 40 30 to
1288 2596 127 30 end....
1470 2596 120 31 There
1625 2605 69 22 can
1729 2598 45 29 be
1809 2605 49 22 no
1891 2598 92 30 such
2014 2598 131 31 attack

158 2658 109 29 made
291 2664 48 23 on
362 2657 66 30 the
451 2659 107 29 actor
581 2665 44 24 or
647 2658 59 30 his
729 2657 151 37 calling.
924 2659 62 36 My
1009 2659 193 29 intention
1226 2657 91 31 here
1341 2659 32 29 is
1396 2659 68 29 not
1485 2659 41 29 to
1555 2658 79 36 join
1668 2659 39 29 in
1741 2667 73 29 any
1841 2660 92 30 such
1961 2661 183 36 attempt;

159 2719 13 30 1
194 2719 125 30 would
344 2719 143 39 merely
508 2719 104 37 place
637 2719 135 37 before,
788 2728 75 29 you
886 2721 104 31 what
1013 2727 102 26 seem
1139 2721 42 29 to
1205 2728 73 24 me.
1288 2722 41 28 to
1354 2721 44 29 be
1421 2720 66 31 the
1511 2719 135 38 logical
1661 2719 97 32 facts
1781 2721 39 30 of
1842 2730 21 21 a
1880 2723 152 30 curious
2048 2730 97 30 case,

158 2782 73 29 and
266 2782 14 29 I
314 2781 144 31 believe
491 2782 87 30 that
613 2782 110 34 these
757 2782 120 33 admit
911 2782 38 30 of
983 2790 49 25 no
1066 2783 151 37 dispute
1250 2782 210 34 whatever.
1532 2818 5 4 .
1587 2789 46 25 &
1758 2789 46 26 &
2032 2805 5 6 .

158 2845 148 43 Acting
329 2845 31 31 is
384 2845 68 29 not
473 2852 48 22 an
545 2845 74 29 art.
664 2845 33 30 It
719 2846 33 28 is
774 2844 195 34 therefore
994 2846 194 32 incorrect
1210 2845 40 29 to
1274 2843 117 37 speak
1414 2843 39 31 of
1474 2845 67 30 the
1564 2845 108 29 actor
1694 2852 40 22 as
1765 2852 47 22 an
1836 2846 126 30 artist.
2075 2846 71 30 For

160 2906 173 29 accident
355 2906 33 29 is
410 2913 48 22 an
482 2913 136 30 enemy
641 2905 38 31 of
701 2907 66 30 the
791 2907 126 31 artist.
942 2913 46 28 &
1076 2908 71 30 Art
1169 2908 32 29 is
1223 2907 67 30 the
1321 2907 109 30 exact
1459 2907 195 30 antithisis
1684 2906 39 31 of
1746 2906 303 40 Pandimonium,
2072 2909 73 30 and

160 2967 288 30 Pandimonium
472 2968 33 30 is
529 2969 151 33 created
706 2969 49 36 by
777 2969 67 30 the
867 2968 193 37 tumbling
1082 2969 181 37 together
1286 2968 38 31 of
1347 2977 111 30 many
1483 2969 210 36 accidents;
1717 2970 70 29 Art
1809 2970 145 30 arrives
1968 2970 98 38 .only
2100 2972 47 36 by

161 3029 144 37 design.
329 3029 205 31 Therefore
557 3031 39 29 in
621 3031 113 29 order
757 3032 42 28 to
823 3030 110 31 make
957 3039 73 29 any
1052 3031 108 30 work
1183 3031 38 30 of
1244 3033 62 31 art
1328 3032 32 29 it
1383 3033 31 28 is
1435 3030 105 31 clear
1561 3038 57 23 we
1642 3039 84 29 may
1749 3031 88 38 only
1860 3031 108 31 work
1982 3033 38 29 in
2037 3033 110 30 those

376 3066 5 14 V
604 3066 3 14 *
621 3066 4 14 -
686 3066 3 14 -
696 3066 3 14 *
710 3066 8 14 (
729 3066 11 14 ■
751 3068 12 10 J?
809 3066 2 14 '
1606 3066 8 12 \

162 3092 192 30 materials
376 3093 94 29 with
492 3093 124 29 which
721 3101 69 29 cap
816 3093 196 32 calculate.
1057 3094 88 29 Man
1169 3095 31 30 is
1225 3095 67 28 not
1315 3101 72 26 one
1410 3092 39 31 of
1470 3094 110 29 these
1605 3093 207 32 materials.

163 3151 75 31 The
267 3153 121 31 whole
411 3155 139 33 pature
574 3154 38 30 of
635 3163 87 21 man
745 3156 113 29 tends
880 3156 169 32 towards
1071 3154 190 38 freedopi;
1286 3156 47 29 he
1356 3154 196 33 therefore
1569 3156 142 30 carries
1728 3156 65 30 the
1809 3154 110 37 proof
1933 3156 39 30 in
1989 3156 58 31 his
2063 3164 84 23 own

162 3221 151 30 person,
328 3215 86 30 that
435 3224 41 23 as
499 3216 192 36 material
713 3217 61 30 for
796 3217 67 31 the
886 3217 153 32 theatre
1063 3218 47 30 he
1134 3219 32 29 is
1190 3217 155 31 useless.
1369 3224 46 25 &
1439 3218 39 29 In
1501 3217 66 30 the
1591 3218 157 29 modern
1771 3218 166 37 theatre,
1961 3219 125 37 owing
2107 3220 41 29 to

162 3276 67 30 the
246 3283 65 23 use
328 3276 38 30 of
379 3278 66 30 the
463 3279 129 30 bodies
616 3278 39 31 of
677 3287 87 22 men
788 3280 73 29 and
886 3287 148 22 women
1058 3287 47 22 as
1122 3278 110 31 their
1245 3278 202 40 material,
1464 3278 49 31 all
1529 3279 123 30 which
1670 3280 31 29 is
1717 3281 203 35 presented
1937 3280 111 31 there
2063 3281 32 30 is
2112 3280 38 31 of

163 3344 48 23 an
228 3338 207 30 accidental
453 3341 150 30 nature.
628 3341 91 38 The.
729 3342 148 29 actions
900 3341 39 30 of
960 3341 66 31 the
1050 3341 140 31 actor's
1214 3342 110 37 body,
1347 3342 67 30 the
1437 3342 219 35 expression
1674 3340 38 31 of
1735 3341 58 30 his
1815 3341 93 36 face,
1923 3342 69 30 the
2008 3343 141 30 sounds

163 3398 39 31 of
217 3400 58 29 his
291 3401 116 35 voice,
425 3401 48 30 all
496 3410 65 26 are
585 3404 40 29 at
646 3403 67 30 the
738 3411 128 30 mercy
886 3403 39 31 of
946 3404 67 30 the
1035 3405 122 30 winds
1174 3403 39 31 of
1227 3404 59 32 his
1302 3405 208 35 emotions;
1532 3404 110 30 these
1657 3404 122 30 winds
1794 3404 123 31 which
1935 3406 102 32 must
2053 3404 85 31 blow-

161 3461 62 31 for
252 3468 90 23 ever
364 3464 121 29 round
508 3465 66 29 the
597 3466 127 35 artist,
743 3466 153 36 moving
912 3466 166 29 without
1094 3464 257 48 unbalancing
1373 3466 92 29 him.
1544 3466 74 30 But
1639 3465 94 30 with
1748 3466 67 29 the
1839 3467 119 37 actor,
1982 3468 167 29 emotion

160 3531 214 34 possesses
390 3525 95 37 him;
509 3527 32 29 it
562 3528 120 31 seizes
706 3535 101 36 upon
832 3528 59 36 Jiis
914 3528 111 31 limbs
1049 3530 153 35 moving
1224 3529 105 31 them
1354 3529 166 29 whither
1535 3529 33 29 it
1588 3527 91 31 will.
1703 3529 53 29 He
1779 3528 32 30 is
1834 3530 41 30 at
1889 3530 51 30 its
1964 3528 94 32 beck
2077 3530 72 30 and

163 3586 84 38 call,
270 3586 48 30 he
342 3593 127 23 moves
492 3595 40 22 as
555 3596 71 23 one
650 3591 39 28 in
714 3598 22 22 a
736 3619 9 6 v
757 3589 142 35 frantic
922 3591 130 30 dream
1077 3599 43 22 or
1143 3599 40 22 as
1207 3599 71 22 one
1302 3591 231 37 distraught,
1557 3591 169 37 swaying
1748 3591 93 30 here
1857 3592 72 29 and
1947 3591 129 37 there;
2093 3592 58 30 his

162 3650 111 37 head,
286 3649 58 30 his
361 3655 113 29 arms,
492 3650 57 30 his
564 3650 91 39 feet,
671 3652 30 30 if
717 3654 68 29 not
798 3653 147 37 utterly
961 3654 147 37 beyond
1127 3654 162 37 control,
1305 3662 64 22 are
1385 3661 42 23 so
1442 3652 109 32 weak
1566 3654 42 29 to
1623 3654 112 29 stand
1752 3655 151 35 against
1914 3654 69 30 the
1997 3655 155 30 torrent

162 3711 39 31 of
223 3711 59 31 his
304 3711 184 37 passions,
512 3712 85 30 that
619 3714 91 37 they
733 3723 66 23 are
822 3716 117 37 ready
961 3716 41 30 to
1026 3715 86 38 play
1136 3716 78 29 him
1237 3715 94 31 false
1355 3716 40 30 at
1417 3723 74 30 any
1514 3716 182 29 moment.
1796 3716 32 30 It
1857 3716 32 30 is
1919 3715 144 31 useless
2091 3715 61 31 for

162 3775 78 30 him
263 3775 41 30 to
328 3774 166 36 attempt
516 3775 41 29 to
580 3782 135 24 reason
739 3779 94 29 with
858 3777 204 32 himself....
1108 3777 188 32 Hamlet's
1320 3778 95 31 calm
1440 3779 208 29 directions
1670 3778 82 38 (the
1775 3777 208 32 dreamer's
2001 3779 67 30 not
2084 3778 68 31 the

165 3834 205 39 logician's
393 3837 220 35 directions,
638 3838 47 36 by
707 3838 67 31 the
797 3841 98 36 way)
919 3848 65 23 are
1006 3841 153 30 thrown
1183 3842 42 29 to
1248 3842 67 29 the
1337 3841 137 30 winds.
1519 3840 63 31 His
1609 3840 110 31 limbs
1748 3840 141 37 refuse,
1920 3841 73 30 and
2024 3839 128 32 refuse

2204 1476 190 32 Whether
2431 1476 138 38 acting

2201 1518 38 31 is
2263 1526 52 22 an
2338 1519 75 29 art.
2524 1524 45 25 &

2208 2044 364 36 Unreasonable

2205 2090 211 31 attacks,

2209 2857 148 41 Acting
2380 2858 38 31 is
2441 2858 69 31 not
2526 2864 52 24 an

2210 2903 75 29 art.

2215 3727 45 28 J£>
2293 3720 199 35 Mantlet's
2527 3719 57 36 di*

2216 3765 177 31 rections
2432 3766 127 31 disie-

2215 3807 203 37 garded.
