2745 4175
2102 262 37 28 17

346 348 61 64 A
470 341 452 71 VENICE
986 341 238 66 AND
1290 341 61 63 A
1423 338 332 76 ROME
1829 338 119 66 for
2004 338 135 66 the

155 442 566 69 consideration
780 440 76 63 of
909 457 260 61 young
1222 455 226 48 scene
1506 440 366 78 painters.

268 593 65 30 the
350 598 93 30 page
459 590 125 35 facing
599 596 57 22 we
673 588 83 36 give
773 595 22 22 a
812 586 82 30 clue
910 587 41 29 to
969 586 94 37 good
1082 593 112 23 scene
1210 586 187 36 painting.
1442 585 30 30 If
1487 586 66 30 the
1575 594 128 29 young
1719 586 72 30 and
1806 586 146 29 serious
1966 585 176 36 designer

233 655 60 32 for
308 655 65 30 the
390 656 106 33 stage
520 651 134 31 should
679 651 115 36 study
809 649 98 31 from
925 649 109 30 these
1051 648 101 31 little
1175 649 169 35 pictures
1358 647 122 37 alone,
1498 649 71 28 and
1596 648 107 30 could
1723 649 111 36 bring
1850 645 151 32 himself
2022 648 40 29 to
2079 654 62 23 see

155 719 66 30 the
244 717 155 31 wonder
421 715 122 30 which
567 713 69 31 lies
659 713 38 30 in
721 713 105 30 them
850 712 73 30 and
948 712 197 36 disregard
1163 710 49 31 all
1235 711 87 30 that
1345 711 47 30 he
1416 711 30 28 is
1470 711 138 36 taught
1636 712 47 36 by
1705 712 66 29 the
1796 712 156 28 modern
1976 710 165 35 theatre,

156 781 47 30 he
236 779 123 32 would
394 785 92 24 soon
520 776 105 31 learn
656 777 40 29 to
732 776 134 30 invent
898 773 212 31 wonderful
1146 774 72 29 and
1255 773 196 36 charming
1486 772 264 37 backgrounds
1783 773 61 30 for
1876 774 66 29 the
1977 772 104 38 plays
2105 772 37 30 of

154 841 272 37 Shakespeare.
823 837 200 31 Merchant
1048 835 37 31 of
1108 837 138 29 Venice
1263 835 98 31 lived
1380 837 37 28 in
1441 835 78 36 just
1535 836 92 29 such
1645 844 20 21 a
1682 837 136 28 Venice
1836 844 40 21 as
1902 837 85 28 that
2010 836 131 29 shown

157 906 110 36 here;
291 901 290 38 Shakespeare's
603 901 124 31 Julius
753 901 137 30 Caesar
914 900 38 28 in
976 898 79 36 just
1079 899 92 30 such
1192 907 21 21 a
1238 899 126 33 Rome.
1410 898 76 29 The
1511 898 158 29 modern
1689 906 112 22 scene
1817 899 151 35 painter
1984 898 75 30 will
2077 906 65 29 say

155 969 86 30 that
263 968 77 29 this
363 967 131 37 design
517 964 60 31 for
600 965 138 29 Venice
762 965 31 28 is
817 971 47 22 an
889 963 188 30 ill-drawn
1102 963 73 29 and
1200 961 142 31 lifeless
1357 962 147 35 design,
1522 962 72 28 and
1612 960 88 30 that
1715 962 65 28 the
1799 962 155 29 modern
1971 962 170 35 painters

157 1039 67 22 can
249 1029 110 31 make
383 1030 137 30 better.
567 1028 73 30 But
663 1035 57 22 we
744 1027 94 29 have
861 1028 66 34 yet
950 1028 39 28 to
1014 1033 63 23 see
1101 1033 21 22 a
1147 1026 127 29 better
1298 1025 157 29 modern
1480 1025 148 35 design,
1652 1024 72 29 and
1755 1032 56 21 we
1839 1025 94 28 have
1951 1023 133 31 looked
2103 1026 37 28 in

1763 1063 10 16 »

154 1093 86 29 vain
264 1091 60 31 for
347 1099 71 22 one
442 1092 37 28 in
503 1091 66 29 the
593 1089 183 30 Theatres
800 1088 38 31 of
861 1089 160 36 Europe.
1067 1089 81 29 And
1173 1088 87 36 why
1283 1087 78 30 this
1385 1087 31 29 is
1440 1094 41 22 so
1506 1087 110 29 much
1636 1087 141 35 better,
1794 1087 72 29 and
1884 1094 40 22 so
1941 1086 58 31 far
2016 1087 126 31 better

153 1154 126 32 suited
303 1155 40 28 to
366 1153 66 30 the
456 1152 162 31 Theatre
642 1152 93 29 than
759 1152 66 31 the
850 1152 157 29 modern
1031 1150 159 30 rubbish
1215 1150 124 30 which
1364 1150 83 35 gets
1470 1149 124 36 there,
1619 1149 30 29 is
1671 1149 86 29 that
1779 1148 78 30 this
1880 1148 131 37 design
2029 1150 31 28 is
2072 1148 68 31 full

153 1216 39 31 of
203 1216 190 37 strength,
407 1215 238 36 distinction,
661 1214 72 30 and
752 1221 125 29 grace,
893 1214 73 28 and
984 1212 224 37 thoughtful
1228 1211 155 36 feeling,
1408 1212 71 28 and
1505 1211 65 29 the
1589 1211 156 29 modern
1763 1211 151 36 designs
1938 1218 64 22 are
2018 1210 68 31 full
2104 1211 38 30 of

152 1277 211 38 weakness,
386 1277 205 37 vulgarity,
615 1277 72 30 and
714 1277 159 30 conceit.
920 1277 89 28 How
1032 1275 94 30 then
1144 1282 67 23 can
1228 1275 67 29 the
1312 1275 111 35 spirit
1447 1273 38 30 of
1507 1272 292 37 Shakespeare's
1815 1272 104 38 plays
1938 1274 44 29 be
1998 1273 142 37 rightly

153 1340 189 37 revealed,
366 1348 43 22 or
433 1340 246 36 understood,
702 1340 111 28 when
842 1340 30 28 it
894 1339 32 29 is
953 1337 210 30 suffocated
1196 1337 46 37 by
1272 1337 109 29 these
1404 1336 125 30 scenic
1560 1335 266 37 grossnesses?
1925 1342 45 24 &

155 1404 31 30 It
203 1404 44 35 is,
265 1403 66 30 not
346 1411 22 22 a
385 1401 175 38 question
584 1402 173 30 whether
771 1408 158 29 scenery
946 1401 30 29 is
1001 1401 94 36 good
1114 1407 43 22 or
1174 1400 69 29 bad
1260 1397 60 32 for
1335 1399 66 29 the
1418 1397 310 37 Shakespearean
1746 1399 182 29 drama....
1959 1399 31 28 it
2006 1399 30 29 is
2053 1397 87 38 only

155 1465 173 31 whether
345 1466 95 36 good
457 1472 157 29 scenery
631 1465 31 29 is
686 1464 94 36 good
805 1472 43 21 or
872 1464 69 29 bad
964 1462 61 31 for
1047 1463 108 29 these
1179 1461 116 37 plays.
1340 1461 134 37 Surely
1504 1461 94 37 good
1623 1468 158 30 scenery
1804 1462 32 29 is
1852 1460 163 38 entirely
2031 1462 109 36 good.

155 1529 80 30 And
253 1528 103 29 what
372 1528 30 29 is
419 1528 95 36 good
531 1527 184 36 scenery?
739 1528 31 28 Is
787 1527 31 28 it
834 1526 230 36 necessarily
1081 1533 20 21 a
1117 1524 101 37 plain
1236 1525 163 36 curtain,
1423 1524 72 30 and
1512 1532 22 22 a
1556 1523 115 37 table,
1688 1524 72 30 and
1778 1524 75 30 two
1879 1523 150 31 chairs?
2046 1524 95 37 Why

155 1591 32 30 is
210 1590 77 30 this
310 1590 122 37 good?
456 1590 113 30 What
592 1588 128 30 makes
745 1589 31 29 it
797 1588 151 37 worthy
964 1588 39 29 to
1028 1588 45 29 be
1098 1587 117 30 called
1240 1588 95 35 good
1359 1587 186 37 scenery?
1589 1587 66 30 We
1680 1586 110 31 know
1814 1587 85 29 that
1923 1587 216 30 over-much

155 1660 158 28 scenery
331 1651 130 37 nearly
477 1651 138 37 always
639 1658 69 22 can
734 1651 44 30 be
802 1649 117 31 called
945 1651 69 28 bad
1040 1657 210 29 scenery....
1275 1650 69 29 but
1368 1648 205 32 over-little
1597 1656 158 30 scenery
1778 1650 31 29 is
1832 1649 78 32 also
1935 1657 39 24 as
1996 1650 89 36 bad;
2110 1650 30 30 it

155 1715 30 29 is
202 1722 21 21 a
239 1721 85 22 case
348 1712 38 31 of
401 1714 66 29 the
491 1712 105 31 Devil
621 1721 43 22 or
686 1713 65 29 the
775 1713 94 35 deep
893 1720 75 21 sea.
1014 1712 102 29 Then
1141 1713 30 28 is
1195 1720 21 21 a
1240 1712 164 29 medium
1429 1712 157 29 amount
1609 1710 38 31 of
1669 1719 158 30 scenery
1844 1713 94 35 good
1956 1712 184 38 scenery?

155 1775 107 38 Well,
284 1776 66 30 the
373 1776 160 30 amount
555 1776 30 29 is
610 1774 37 30 of
670 1783 103 23 some
799 1775 247 35 importance,
1070 1774 145 36 though
1240 1782 21 22 a
1284 1775 164 28 medium
1473 1775 158 29 amount
1655 1773 37 31 of
1715 1775 94 36 good
1834 1782 158 29 scenery
2015 1775 72 29 and
2119 1783 21 21 a

155 1839 163 29 medium
336 1839 158 29 amount
511 1837 38 30 of
565 1838 69 29 bad
652 1844 160 30 scenery
828 1836 125 31 leaves
978 1844 43 22 us
1039 1844 47 22 no
1112 1837 127 29 better
1262 1835 53 31 off
1338 1844 71 22 one
1433 1844 83 30 way
1531 1844 44 23 or
1590 1837 66 29 the
1672 1837 124 31 other.
1874 1837 71 30 Nol
1971 1837 31 30 It
2025 1837 30 30 is
2074 1838 66 29 not

153 1902 66 29 the
236 1901 164 30 amount
416 1899 38 31 of
470 1907 170 29 scenery,
658 1901 95 35 good
772 1907 42 22 or
839 1900 69 31 bad
924 1909 9 27 ;
958 1901 31 28 it
1006 1900 31 29 is
1053 1900 66 29 the
1136 1898 160 38 quality
1300 1919 9 9 .
1326 1900 80 28 And
1424 1898 76 31 will
1517 1899 66 30 the
1601 1900 156 29 modern
1775 1900 196 36 designers
1987 1900 151 36 quarrel

153 1964 93 30 with
271 1971 42 22 us
331 1964 116 29 about
464 1962 223 38 quality?....
711 1962 99 37 well,
835 1962 145 37 quality
1004 1963 30 29 is
1051 1971 21 21 a
1089 1962 125 30 divine
1231 1962 110 37 thing
1365 1962 70 30 and
1462 1961 48 31 all
1535 1969 85 23 men
1637 1962 124 30 desire
1778 1963 42 29 it.
1899 1962 112 30 What
2031 1963 107 29 these

154 2027 152 36 designs
335 2025 60 30 for
419 2026 137 29 Venice
580 2026 72 29 and
678 2025 115 33 Rome
818 2026 153 29 contain
997 2026 30 29 is
1051 2024 211 38 quality,....
1287 2025 72 30 and
1384 2032 39 23 as
1446 2025 86 30 that
1556 2025 30 30 is
1613 2033 21 21 a
1657 2025 111 36 thing
1790 2025 122 30 which
1936 2025 66 30 the
2033 2027 106 35 stage

156 2096 116 22 never
295 2088 149 30 dreams
467 2086 38 31 of
527 2088 182 36 winning,
733 2088 103 29 what
853 2088 30 29 is
907 2088 65 29 the
996 2088 95 36 good
1109 2086 39 31 of
1163 2086 182 38 speaking
1362 2088 117 29 about
1495 2087 56 30 it?
1575 2093 45 25 &
1644 2088 73 29 But
1734 2086 95 38 keep
1844 2095 96 29 your
1955 2088 185 36 thoughts

155 2150 99 30 fixed
273 2157 47 22 on
336 2150 109 30 these
462 2150 72 29 and
552 2149 75 30 like
642 2150 171 36 designs;
839 2150 29 29 it
892 2157 67 22 can
985 2150 45 29 do
1054 2157 72 30 you
1153 2157 47 23 no
1225 2150 120 36 harm,
1370 2150 72 29 and
1469 2157 83 30 may
1576 2150 46 29 do
1646 2157 73 29 you
1745 2150 110 30 much
1879 2151 163 36 good,...,
2066 2152 72 28 and

155 2212 60 31 for
237 2212 66 31 the
327 2212 82 30 love
440 2211 38 31 of
500 2220 95 29 your
620 2213 80 35 Art,
724 2220 96 29 your
844 2213 174 36 country,
1042 2220 44 21 or
1108 2220 94 22 even
1226 2211 181 38 yourself,
1434 2211 115 31 wake
1573 2220 67 31 up,
1663 2213 73 29 and
1761 2213 235 30 understand
2022 2214 116 29 them.

155 2281 45 26 &
225 2274 28 30 If
277 2275 12 28 I
311 2282 101 22 were
435 2275 40 28 to
499 2273 55 30 fill
579 2274 76 29 this
680 2274 161 29 number
863 2273 38 30 of
965 2274 75 29 The
1064 2274 107 29 Mask
1234 2275 92 28 with
1350 2273 81 30 talk
1459 2275 117 28 about
1599 2274 89 37 line,
1712 2275 145 37 design,
1882 2276 256 36 atmosphere,

155 2336 110 37 style,
282 2337 72 29 and
379 2335 48 31 all
452 2336 66 30 the
538 2337 81 29 rest
642 2335 38 31 of
703 2336 42 35 it,
771 2337 12 28 I
807 2336 133 30 should
966 2336 88 37 only
1077 2336 155 30 confuse
1255 2344 87 29 you,
1366 2335 59 31 for
1447 2344 73 29 you
1539 2338 140 28 cannot
1695 2337 234 29 understand
1947 2338 103 29 what
2065 2346 72 28 you

155 2400 139 29 cannot
326 2397 87 32 feel.
457 2399 48 30 So
530 2399 12 29 I
566 2399 104 35 print
700 2399 108 29 these
838 2400 76 28 two
940 2399 151 36 designs
1115 2399 72 29 and
1211 2400 69 34 put
1303 2399 103 30 them
1433 2398 128 31 before
1584 2406 87 30 you.
1718 2398 100 32 Look
1842 2401 39 28 at
1914 2400 104 29 them
2051 2400 88 37 long

155 2460 163 37 enough,
348 2461 72 29 and
444 2468 72 29 you
548 2460 77 30 will
650 2461 111 36 begin
792 2462 40 28 to
856 2459 73 31 feel
956 2461 67 29 the
1046 2459 226 31 foolishness
1297 2460 38 30 of
1358 2462 156 29 modern
1539 2462 201 29 sceneries.
1786 2461 76 30 The
1880 2463 169 28 moment
2064 2470 73 29 you

155 2523 73 30 feel
244 2523 90 36 this,
349 2531 72 29 you
439 2522 76 30 will
533 2524 111 35 begin
661 2524 40 28 to
721 2524 236 29 understand
974 2523 66 29 the
1058 2531 108 21 sense
1191 2522 37 30 of
1251 2524 108 29 these
1383 2524 164 36 designs.
1592 2525 80 29 And
1696 2524 87 30 that
1804 2524 76 30 will
1906 2526 43 28 be
1975 2526 162 29 counted

2206 837 80 31 For
2293 836 281 40 Shakespeare

2209 1518 138 31 What
2377 1520 45 30 is
2450 1521 124 37 good

2206 1559 187 41 Scenery.
2529 1570 44 25 &

2209 2206 126 32 Wake
2359 2207 73 38 up!

155 2593 40 22 as
218 2593 41 22 so
284 2585 109 30 much
418 2585 148 37 growth
590 2587 41 29 to
649 2585 65 30 the
733 2586 70 29 Art
825 2585 123 30 which
971 2593 57 22 we
1053 2584 47 31 all
1124 2586 118 29 strive
1265 2587 40 28 to
1331 2585 193 30 cultivate.

1766 2585 134 31 Allen
1926 2587 170 30 Carric.

156 3196 192 68 THE
399 3196 378 76 ENERGY
826 3196 122 68 OF
986 3196 193 71 THE
1219 3198 409 74 GERMAN
1666 3198 465 79 THEATRE.

286 3332 151 37 English
454 3335 91 29 hear
557 3342 112 30 many
682 3335 138 30 stories
834 3336 116 29 about
963 3335 66 30 the
1043 3343 154 29 energy,
1214 3336 66 30 the
1296 3336 238 37 progressive
1552 3337 110 35 spirit
1679 3335 37 31 of
1732 3337 65 29 the
1815 3339 195 30 Germans.
2035 3339 99 38 They

233 3394 141 31 believe
398 3395 76 36 just
497 3402 39 25 as
560 3398 110 29 much
695 3405 39 22 as
758 3398 32 29 it
812 3398 97 29 suits
932 3398 105 29 them
1061 3399 40 29 to
1124 3398 158 31 believe.
1328 3398 102 38 They
1451 3398 124 30 would
1601 3399 46 29 do
1670 3398 85 31 well
1779 3401 40 28 to
1844 3400 143 31 believe
2019 3410 114 30 every

157 3458 55 30 bit
235 3456 38 31 of
296 3457 106 30 these
426 3460 136 30 stories
585 3468 40 22 so
649 3459 58 31 far
731 3469 40 21 as
794 3460 66 30 the
885 3462 161 29 German
1071 3460 161 31 Theatre
1256 3462 32 29 is
1312 3462 262 30 concerned....
1599 3470 21 21 a
1643 3461 99 31 little
1768 3465 245 34 competition
2037 3466 31 29 is
2086 3466 47 36 by

156 3528 47 22 no
228 3527 130 23 means
381 3528 21 22 a
425 3521 212 37 dangerous
660 3523 122 37 thing.
876 3525 74 29 But
972 3532 41 22 as
1037 3525 67 29 not
1126 3523 62 38 all,
1213 3532 94 22 even
1331 3525 65 29 the
1420 3526 139 35 truest,
1576 3525 138 30 stories
1748 3533 64 23 are
1847 3526 138 39 always
2017 3529 39 29 to
2088 3529 43 29 be

155 3583 184 36 believed,
361 3590 56 22 we
442 3584 82 35 give
548 3585 89 30 here
661 3594 21 21 a
706 3586 131 36 couple
873 3586 37 31 of
943 3586 84 31 lists
1060 3588 123 30 which
1218 3588 103 30 show
1357 3589 125 30 better
1516 3588 92 30 than
1643 3596 74 30 any
1748 3589 136 38 telling
1917 3591 104 29 what
2054 3591 77 30 real

154 3654 143 30 energy
319 3646 66 30 the
411 3646 159 30 German
595 3647 160 32 Theatre
780 3650 186 30 contains.
1058 3650 75 30 The
1157 3649 87 31 first
1267 3650 64 31 list
1355 3659 43 22 or
1420 3659 238 29 programme
1681 3650 60 31 for
1763 3652 65 29 the
1845 3652 107 31 week
1969 3654 30 29 is
2016 3653 115 31 taken

153 3709 97 31 from
275 3709 65 30 the
362 3716 92 30 year
478 3715 96 31 1904,
597 3710 64 30 the
679 3713 136 29 second
834 3711 64 31 list
914 3711 97 31 from
1028 3714 66 29 the
1107 3721 90 30 year
1211 3713 97 36 1908.
1348 3714 95 30 Both
1462 3721 63 23 are
1542 3716 302 34 representative
1862 3715 102 38 lists;
1982 3717 151 29 neither

153 3774 32 28 is
219 3771 249 38 exceptional.
514 3772 39 29 In
588 3780 113 30 every
736 3775 160 30 German
921 3777 103 28 town
1048 3776 65 31 the
1137 3784 239 30 programme
1401 3778 30 29 is
1455 3785 40 22 as
1518 3777 142 37 varied,
1685 3779 72 28 and
1787 3786 145 29 anyone
1963 3778 76 31 will
2069 3787 63 22 see

155 3836 40 30 at
219 3843 20 23 a
263 3835 130 38 glance
418 3835 85 30 that
526 3835 65 31 the
614 3836 180 31 standard
819 3838 30 29 is
874 3838 101 36 high.
1061 3845 45 26 &
1575 3846 44 25 &
1745 3847 45 26 &
1917 3848 46 25 &
2088 3848 45 26 &

2201 3395 53 31 To
2290 3395 46 29 he
2370 3395 195 32 believed.
