2745 4175
625 271 49 24 20

206 378 100 31 THE
349 381 218 32 GERMAN

205 419 275 34 THEATRE.
523 429 44 24 j&

631 347 73 29 The
727 346 103 37 plays
862 346 70 30 and
957 353 128 28 operas
1119 346 36 30 of
1177 346 63 31 the
1263 348 85 30 first
1371 350 92 29 class
1497 351 91 30 have
1613 353 91 28 been
1729 351 219 33 underlined
1981 362 40 21 so
2044 355 84 29 that
2150 355 63 29 the
2247 354 132 31 reader
2401 362 84 30 may
2507 363 60 22 see

631 409 38 28 at
691 415 20 21 a
745 407 127 35 glance
906 408 82 29 how
1018 407 131 38 evenly
1177 409 64 29 the
1272 409 151 31 balance
1453 412 31 29 Is
1513 414 196 34 preserved
1734 416 168 29 between
1936 416 106 29 these
2072 416 70 28 and
2166 416 64 29 the
2261 417 175 37 ordinary
2461 418 106 29 trade

629 468 112 36 plays.
765 473 44 25 &
832 469 38 29 In
893 469 64 29 the
980 468 86 31 first
1089 468 74 38 list,
1186 477 42 22 or
1250 477 234 29 programme
1507 473 58 30 for
1587 483 20 21 a
1629 475 117 37 week,
1769 484 54 22 we
1846 476 78 30 find
1955 478 65 28 the
2055 484 126 22 names
2214 477 37 29 of
2279 478 64 28 the
2377 477 190 36 following

628 530 154 29 authors
812 538 42 21 or
877 536 221 31 composers.
1181 537 1048 33 &&&&&£?&

787 623 110 28 Name
921 621 36 30 of
979 622 154 30 Author.
1329 625 161 29 Number
1512 626 38 30 of
1571 628 287 35 performances.
2265 630 191 30 Theatres.

624 687 253 36 Shakespeare
962 708 291 10 ....
1580 701 18 27 s
1939 714 291 10 ....
2342 703 19 27 3

626 749 141 29 Goethe
1581 762 13 21 1
2347 763 12 22 1

624 810 134 29 Weber
1583 823 12 22 1
2346 824 13 21 ,

622 872 161 34 Wagner
867 891 384 11 .....
1578 884 21 21 2
2345 884 13 22 1

621 933 144 30 Mozart
1583 944 14 21 1
1934 957 291 9 ....
2345 945 13 22 1

621 992 157 29 Schiller
868 1013 383 11 .....
1576 1005 21 27 7
1934 1017 291 10 ....
2340 1005 19 27 3

621 1054 105 29 Ibsen
771 1073 480 13 ......
1578 1067 13 20 i
1930 1079 291 8 ....
2343 1067 14 22 i

621 1115 113 30 Gorki
778 1136 475 11 ......
1580 1127 19 27 3
1932 1140 291 9 ....
2342 1127 13 23 1

621 1176 282 30 Hofmannsthal
961 1198 290 9 ....
1579 1188 13 21 1
2343 1188 13 21 1

620 1238 234 35 Hauptmann
1578 1249 20 20 2
2342 1249 13 22 1

941 1331 103 30 Total
1068 1331 58 30 for
1148 1332 64 29 the
1235 1332 105 29 week
1561 1340 42 27 24
2338 1340 36 29 14

618 1406 85 29 This
726 1408 30 28 is
779 1415 21 21 a
821 1408 93 35 good
938 1409 182 28 record....
1145 1416 18 27 3
1188 1408 155 36 Foreign
1367 1410 170 33 Masters,
1561 1416 20 28 7
1606 1409 158 28 German
1788 1409 169 29 Masters.
2035 1409 39 28 In
2091 1409 63 29 the
2171 1411 135 28 second
2323 1416 234 30 programme

617 1467 38 29 of
677 1476 19 20 a
718 1468 105 30 week
845 1477 55 21 we
923 1468 77 30 find
1025 1477 91 22 even
1141 1478 20 20 a
1185 1471 123 28 better
1331 1471 144 34 record,
1498 1470 169 35 showing
1696 1470 85 29 that
1803 1470 64 28 the
1893 1470 158 28 German
2075 1469 158 30 Theatre
2268 1470 37 29 of
2328 1470 83 35 1908
2444 1472 30 28 is
2508 1479 48 21 an

616 1530 161 28 advance
802 1536 96 29 upon
922 1531 83 28 that
1028 1529 37 30 of
1087 1537 96 29 1904.

776 1633 110 29 Name
910 1631 36 30 of
968 1633 156 29 Author.
1304 1634 163 28 Number
1490 1632 37 30 of
1548 1632 289 36 performances.
2261 1633 173 29 Theatre.

614 1692 252 37 Shakespeare
952 1713 290 9 ....
1578 1701 19 27 3
2339 1701 13 22 1

613 1754 157 29 Schiller
1578 1762 17 27 5
1923 1774 290 9 ....
2331 1762 21 21 2

614 1815 152 36 Lessing
1574 1823 19 27 3
2338 1822 13 22 1

613 1876 137 30 Hebbel
1573 1883 14 22 1
2338 1883 13 22 1

612 1938 161 35 Wagner
1572 1945 20 21 2
2335 1944 14 23 1

613 1999 105 29 Ibsen
1573 2006 17 27 3
1926 2018 285 8 ....
2336 2005 14 22 1

612 2058 232 39 Wyspianski
1445 2058 10 19 '
1568 2066 19 27 3
2336 2066 13 22 1

612 2121 208 30 Caulderon
1572 2128 18 28 4
2334 2127 14 22 1

611 2181 252 32 Macchiavelli
957 2201 285 9 ....
1569 2189 18 26 4
2334 2187 13 23 1

612 2245 624 34 Hauptmann.....
1573 2248 14 22 1
2336 2248 13 22 1

609 2306 221 34 Strindberg
1574 2309 14 22 1
1922 2321 8 17 ,
2015 2321 8 9 .
2108 2322 7 8 .
2201 2322 7 8 .
2335 2309 13 22 1

611 2366 112 30 Gorki
1574 2370 13 22 1
1922 2383 286 9 ....
2334 2370 13 22 1

611 2429 156 31 Richard
790 2429 168 28 Strauss.
1044 2446 191 8 ...
1573 2431 12 22 1
2331 2430 13 23 1

610 2490 163 29 Bernard
797 2490 108 29 Shaw
949 2507 289 9 ....
1565 2492 20 28 7
1919 2504 9 9 .
2013 2504 7 9 .
2105 2505 9 8 .
2199 2505 9 9 .
2334 2491 13 23 1

932 2577 104 31 Total
1059 2577 58 30 for
1139 2578 65 29 the
1226 2577 108 29 week
1553 2583 42 28 43
2331 2581 35 29 15

609 2673 39 27 In
672 2672 88 28 both
783 2671 107 29 these
913 2670 82 30 lists
1017 2671 63 28 the
1106 2670 156 29 number
1284 2667 37 31 of
1343 2667 276 37 performances
1642 2667 37 30 of
1703 2666 124 34 Gorki,
1853 2665 281 30 Hofmannsthal
2159 2667 70 28 and
2246 2667 224 35 Strindberg
2486 2674 63 23 are

607 2731 193 37 distinctly
814 2731 115 30 fewer
944 2731 91 30 than
1053 2731 30 29 is
1097 2730 116 30 usual.
1238 2731 38 28 In
1289 2737 101 22 some
1404 2729 81 30 lists
1498 2730 64 28 the
1578 2736 105 22 name
1696 2727 37 31 of
1747 2726 125 37 Gorki,
1884 2728 91 28 with
1990 2727 56 29 his
2058 2726 118 37 single
2190 2726 96 38 play,

607 2801 155 28 appears
774 2801 111 22 seven
908 2793 110 29 times
1042 2793 36 28 in
1101 2800 21 21 a
1144 2790 115 31 week.
1303 2791 95 29 That
1420 2789 38 31 of
1478 2791 223 34 Strindberg
1722 2787 74 31 five
1820 2796 42 21 or
1885 2789 54 29 six
1955 2789 123 33 times,
2095 2789 71 28 and
2183 2788 65 29 the
2263 2789 186 35 youngest
2462 2789 87 35 poet

609 2854 36 29 of
668 2855 195 36 Germany,
887 2852 297 36 Hofmannsthal,
1208 2853 65 28 not
1296 2851 72 30 less
1391 2851 91 30 than
1507 2851 104 35 eight
1642 2851 110 28 times
1786 2849 36 29 in
1857 2857 70 22 one
1961 2848 118 30 week.
2190 2849 76 29 Add
2300 2850 40 28 to
2373 2849 76 29 this
2482 2850 66 28 the

607 2914 256 37 performance
887 2914 37 30 of
946 2914 47 30 all
1016 2915 106 29 these
1145 2912 86 31 first
1248 2912 92 30 class
1356 2912 123 30 works
1496 2913 37 28 in
1551 2912 178 34 Dresden,
1746 2911 162 33 Munich,
1928 2911 200 34 Hamburg,
2147 2911 158 35 Leipzig,
2322 2911 226 35 Mannheim,

609 2975 231 36 Heidelberg,
865 2976 225 35 Darmstadt,
1115 2973 227 37 Dussledorf,
1367 2973 164 34 Breslau,
1555 2973 72 28 and
1651 2979 100 22 some
1776 2972 81 28 idea
1874 2978 66 22 can
1959 2972 44 28 be
2020 2971 179 35 gathered
2217 2978 39 22 as
2272 2972 39 27 to
2328 2971 65 30 the
2409 2978 139 30 energy

607 3036 38 30 of
672 3038 65 28 the
767 3036 158 30 Theatre
955 3038 38 27 in
1018 3037 194 35 Germany.
1304 3036 30 28 It
1356 3034 75 30 will
1455 3034 76 30 also
1555 3034 43 30 be
1621 3040 87 22 seen
1731 3032 84 30 that
1839 3032 87 37 only
1948 3032 105 36 eight
2075 3031 37 30 of
2140 3032 64 29 the
2235 3032 115 29 above
2379 3032 168 30 theatres

607 3099 161 34 attempt
789 3098 65 28 the
878 3098 223 28 continuous
1124 3104 70 22 run
1218 3097 152 35 system,
1394 3096 69 29 and
1487 3095 84 30 that
1593 3094 63 29 the
1680 3093 102 37 plays
1805 3092 161 30 selected
1981 3092 60 31 for
2056 3093 76 29 this
2148 3093 232 35 experiment
2395 3100 63 22 are
2482 3094 66 28 not

606 3159 107 29 those
737 3158 37 29 of
795 3158 266 36 Shakespeare,
1085 3157 157 31 Schiller
1265 3165 42 21 or
1331 3156 152 30 Goethe.
1508 3156 178 35 Compare
1710 3154 75 29 this
1807 3154 91 29 with
1915 3154 65 29 the
1997 3153 150 36 English
2164 3154 139 35 system
2319 3154 120 28 which
2455 3161 92 22 runs

607 3219 47 29 all
676 3220 64 28 the
764 3220 92 35 good
880 3220 127 35 things
1029 3220 39 28 to
1092 3219 124 34 death,
1240 3219 70 28 and
1335 3219 30 27 it
1386 3217 75 30 will
1479 3218 43 28 be
1538 3224 87 22 seen
1641 3215 84 30 that
1740 3215 63 29 the
1820 3215 207 36 advantage
2045 3213 66 31 lies
2127 3215 91 29 with
2234 3214 64 29 the
2316 3215 229 30 Germans....

607 3281 66 28 not
687 3281 64 28 the
776 3281 158 29 German
950 3279 189 30 Theatres
1152 3287 71 29 any
1247 3286 101 22 more
1371 3279 90 29 than
1480 3279 63 29 the
1561 3276 151 37 English
1730 3275 189 31 Tlieatres
1921 3295 9 19 y
1947 3276 68 30 but
2029 3276 92 29 with
2136 3276 65 29 the
2219 3276 159 29 German
2398 3275 148 38 People

605 3340 59 30 for
686 3342 120 28 whom
829 3342 64 30 the
916 3342 147 29 theatre
1087 3342 127 29 exists.
1258 3340 94 30 That
1374 3341 57 29 Mr
1454 3337 186 33 Granville
1665 3337 171 31 Barker's
1859 3339 108 28 stand
1992 3338 147 35 against
2160 3337 75 29 this
2251 3338 138 35 system
2413 3337 132 29 should

607 3403 66 28 not
696 3403 90 28 have
809 3403 168 30 received
1002 3401 178 37 national,
1204 3408 42 23 or
1268 3403 39 28 at
1336 3401 95 30 least
1460 3402 130 33 strong
1620 3398 184 36 personal,
1834 3399 156 35 support
2018 3397 96 30 from
2145 3398 205 36 capitalists
2373 3397 94 30 keen
2498 3405 47 22 on

606 3464 112 35 doing
739 3471 101 21 some
864 3465 93 34 good
980 3464 91 29 with
1094 3464 99 29 their
1215 3462 149 37 wealth,
1388 3464 30 28 is
1442 3463 66 29 not
1531 3460 139 36 merely
1691 3460 210 35 surprising
1924 3460 68 29 but
2013 3459 162 37 entirely
2204 3460 71 28 and
2300 3459 245 37 disastrously

605 3523 193 31 shameful.
844 3524 28 29 If
894 3526 56 28 Mr
974 3524 172 30 Barker's
1169 3525 163 29 attitude
1356 3524 70 29 had
1451 3525 92 28 been
1566 3529 89 29 very
1677 3522 179 35 extreme,
1879 3528 70 22 one
1973 3520 106 29 could
2097 3521 92 29 have
2206 3521 228 28 understood
2451 3520 92 35 this;

605 3593 42 22 or
670 3585 28 30 if
720 3586 56 28 his
798 3586 147 29 scheme
968 3586 69 29 had
1062 3586 170 29 included
1257 3594 20 21 a
1299 3584 139 30 revival
1461 3584 37 29 of
1519 3584 64 29 the
1607 3584 121 28 entire
1752 3584 68 28 Art
1842 3582 37 30 of
1893 3582 64 29 the
1975 3581 170 35 Theatre,
2163 3586 43 26 or
2221 3582 70 29 had
2309 3582 92 29 been
2418 3582 37 27 in
2472 3587 71 30 any

604 3655 80 28 way
707 3655 20 21 a
750 3646 173 37 specially
946 3648 145 29 artistic
1114 3648 225 35 movement,
1361 3653 55 22 we
1451 3645 105 30 could
1591 3645 230 29 understand
1851 3644 85 29 that
1967 3643 65 29 the
2059 3643 147 37 gravity
2235 3642 37 31 of
2297 3643 65 29 the
2398 3640 144 31 offence

604 3707 205 30 demanded
834 3715 20 21 a
877 3708 103 29 stern
1004 3709 208 28 treatment
1234 3707 38 30 of
1294 3707 80 30 cold
1397 3707 137 35 water;
1559 3706 66 29 but
1649 3706 29 28 it
1700 3713 75 22 was
1799 3703 139 37 merely
1961 3712 21 22 a
2004 3703 161 31 sensible
2188 3705 72 30 and
2283 3711 89 28 very
2408 3702 134 37 plucky

604 3770 162 33 attempt
788 3770 40 28 to
852 3769 96 29 raise
970 3769 65 29 the
1059 3768 151 35 English
1234 3768 157 29 Theatre
1414 3769 39 27 to
1477 3767 64 29 the
1564 3766 93 30 level
1680 3765 39 31 of
1739 3767 65 29 the
1827 3765 240 31 Continental
2091 3765 169 29 Theatre.

182 2857 325 31 Hofmannsthal.

179 3339 43 24 &
235 3333 72 29 Mr.
333 3333 210 32 Gianville
