2534 3398
951 634 424 50 MATTHAEUS
1416 637 482 47 GRUENEWALD

1029 827 46 28 IN
1084 826 210 40 ebenbürtiger
1303 828 64 28 Zeit-

1040 883 125 28 genosse
1185 873 113 29 Dürers
1320 874 63 29 und

1040 918 158 36 Holbeins,
1226 919 42 29 bis
1294 920 89 29 heute

1040 965 80 29 noch
1134 974 33 19 so
1184 973 52 30 gut
1253 964 57 30 wie
1327 975 38 19 un-

1040 1010 138 35 bekannt,
1220 1010 61 29 und
1320 1021 63 18 von

1039 1056 112 35 denen,
1172 1055 47 29 die
1240 1055 52 30 ihn
1313 1056 53 29 ken-

1039 1112 60 19 nen
1106 1124 6 13 ,
1147 1102 71 29 weit
1252 1102 131 39 weniger

1038 1148 151 39 geschätzt
1200 1148 37 28 als
1249 1148 76 38 jene.
1344 1148 38 29 Es

1038 1194 106 28 erklärt
1169 1193 61 30 sich
1252 1204 48 19 aus
1328 1194 53 29 der

1037 1239 161 30 Seltenheit
1206 1239 52 30 der
1267 1239 52 30 auf
1324 1250 56 19 uns

1037 1286 216 31 gekommenen
1257 1286 125 31 Werke,

513 1338 48 19 aus
574 1329 53 29 der
638 1329 180 40 Dürftigkeit
833 1332 53 28 der
897 1332 205 29 Nachrichten
1115 1332 75 28 über
1205 1331 62 28 sein
1278 1332 104 29 Leben

512 1375 63 29 und
596 1376 80 29 wohl
698 1376 73 30 auch
787 1387 48 19 aus
857 1377 68 29 dem
940 1377 155 35 Umstand,
1117 1376 63 30 dass
1196 1387 32 19 er
1245 1377 54 29 mit
1313 1377 69 30 dem

512 1420 209 31 Humanismus
741 1423 62 29 und
823 1423 52 29 der
895 1422 207 31 Reformation
1123 1421 31 31 in
1175 1423 84 28 keine
1274 1424 108 29 nähere

512 1468 174 39 Berührung
694 1469 178 38 gekommen
883 1479 37 19 zu
929 1470 62 28 sein
1002 1469 116 29 scheint
1127 1469 63 28 und
1202 1469 90 28 somit
1299 1469 31 28 in
1337 1469 45 30 ihr

512 1514 185 29 Gedächtnis
709 1515 61 29 und
781 1515 85 30 ihren
873 1516 174 29 Nachruhm
1059 1515 83 30 nicht
1153 1514 229 39 aufgenommen

511 1559 112 30 wurde.
658 1561 87 30 Nach
766 1561 136 30 Sandrart
930 1569 135 22 stammte
1087 1570 31 20 er
1139 1571 48 20 aus
1208 1561 157 30 Aschaffen-

513 1606 73 39 burg
599 1607 63 29 und
680 1607 69 29 fand
768 1608 103 28 seinen
886 1607 326 40 Hauptwirkungskreis
1227 1606 31 31 in
1273 1608 107 35 Mainz,

511 1663 50 18 wo
589 1663 44 25 er,
658 1652 196 31 vermuthlich
875 1653 94 30 durch
994 1653 60 29 den
1075 1653 139 29 Cardinal
1235 1653 147 30 Albrecht

511 1698 190 40 beschäftigt,
730 1699 74 30 auch
842 1700 85 29 starb.
968 1700 38 28 Er
1034 1699 54 30 soll
1115 1699 266 30 melancholischer

511 1743 150 30 Sinnesart
691 1745 62 29 und
786 1746 86 34 „übel
1140 1755 138 29 gewesen
1309 1745 71 35 sein,

511 1799 58 19 was
597 1790 38 28 als
656 1790 131 30 Ursache
808 1791 62 29 und
891 1791 150 38 Wirkung
1061 1801 37 19 zu
1124 1791 173 30 betrachten
1319 1792 61 28 sein

511 1834 107 30 dürfte.
678 1836 90 37 Jener
807 1836 239 40 Malerbiograph
1088 1836 144 30 berichtet
1272 1836 108 37 ferner,

511 1879 184 31 Grünewald
716 1881 74 29 habe
811 1881 60 30 den
892 1882 80 29 Dom
997 1891 38 20 zu
1056 1883 100 29 Mainz
1177 1882 53 30 mit
1245 1884 136 28 Werken

511 1926 199 37 geschmückt,
725 1928 79 28 doch
821 1928 104 28 hätten
943 1927 46 29 die
1005 1928 165 29 Schweden
1191 1928 17 28 i.
1220 1928 25 36 J.
1259 1932 60 33 1631,
1341 1928 38 30 als

511 1971 40 29 sie
592 1972 46 28 die
678 1972 164 31 rheinische
877 1972 213 30 Bischofsstadt
1124 1973 166 36 besetzten,
1332 1974 47 29 die

511 2017 124 29 meisten
657 2017 95 30 dieser
772 2019 114 29 Werke
908 2029 39 19 an
968 2019 62 30 sich
1052 2029 188 29 genommen,
1262 2030 49 19 um
1339 2020 39 29 sie

511 2062 38 29 als
584 2063 188 39 Siegesbeute
804 2066 75 28 nach
911 2065 165 29 Schweden
1113 2075 36 19 zu
1183 2066 196 29 verfrachten.

511 2108 103 30 Durch
638 2109 88 29 einen
754 2110 98 29 Sturm
877 2110 67 29 aber
969 2110 82 29 seien
1077 2110 47 30 die
1146 2111 105 30 Schiffe
1276 2110 30 32 in
1328 2112 52 29 der

512 2154 107 28 Ostsee
641 2164 249 30 untergegangen.

572 2200 138 30 Sandrart
724 2202 137 38 gedenkt,
877 2212 78 20 zwar
965 2202 131 39 flüchtig,
1112 2203 80 29 doch
1203 2203 53 29 mit
1270 2213 95 19 ausser-

513 2244 216 32 ordentlichem
755 2248 80 35 Lob,
863 2258 97 19 ausser
986 2248 51 29 der
1063 2248 110 39 obigen
1199 2249 73 29 auch
1300 2249 81 30 noch

514 2289 111 39 einiger
645 2293 125 28 anderer
791 2294 113 29 Werke
926 2294 208 36 Grünewalds,
1156 2294 46 30 die
1223 2295 69 29 aber
1313 2305 50 19 ver-

513 2334 86 30 loren
614 2336 72 30 sind.
710 2338 73 30 Von
798 2339 110 30 seinem
927 2340 268 39 glücklicherweise
1211 2341 169 29 erhaltenen

515 2381 199 39 Hauptwerke
731 2385 116 36 jedoch,
870 2386 66 29 dem
956 2386 199 35 „Isenheimer
1295 2387 85 29 weiss

516 2435 30 18 er
557 2436 33 18 so
602 2436 52 28 gut
664 2429 56 28 wie
735 2430 103 30 nichts.
864 2432 72 29 Und
947 2432 79 30 doch
1036 2433 38 29 ist
1085 2433 104 35 dieser,
1201 2432 65 29 eine
1273 2433 107 30 Zierde

515 2469 51 29 des
582 2472 178 31 städtischen
772 2477 151 29 Museums
939 2488 37 20 zu
988 2479 129 35 Colmar,
1129 2478 176 40 quantitativ
1318 2480 62 28 und

516 2516 145 37 qualitativ
669 2519 79 29 eines
762 2521 52 29 der
824 2522 237 32 bedeutendsten
1063 2525 112 28 Werke
1185 2525 196 30 altdeutscher

515 2560 102 29 Kunst.
651 2563 83 30 Seine
756 2571 114 35 spätere
891 2569 100 37 Tafel,
1017 2570 46 29 die
1090 2571 155 38 grandiose
1270 2572 93 29 Unter-

515 2606 114 39 redung
653 2608 51 29 der
725 2610 47 30 hh.
794 2613 153 30 Mauritius
969 2616 61 29 und
1052 2617 146 35 Erasmus,
1225 2627 48 19 aus
1295 2618 85 28 Halle

516 2653 176 35 stammend,
717 2655 72 37 jetzt
814 2657 31 28 in
870 2659 52 29 der
947 2661 181 30 Pinakothek
1154 2672 37 19 zu
1216 2663 164 35 München,

515 2695 108 29 kannte
644 2698 135 31 Sandrart
799 2712 49 28 gar
870 2704 89 30 nicht.

575 2741 61 30 Um
670 2744 196 32 Grünewalds
901 2751 117 28 Wesen
1057 2762 37 19 zu
1134 2753 247 37 charakterisiren,

517 2786 122 30 können
663 2789 53 28 wir
742 2801 61 19 von
830 2793 68 30 dem
924 2795 88 29 einen
1035 2798 74 29 oder
1134 2799 130 29 anderen
1285 2801 96 28 seiner

1462 829 115 29 Werke
1599 828 162 39 ausgehen,
1788 828 36 29 da
1841 828 42 29 sie
1904 837 87 21 unter
2012 829 63 30 sich
2101 829 88 29 einen
2210 822 112 42 grossen

1463 874 201 30 Unterschied
1690 874 31 29 in
1747 874 53 30 der
1824 874 225 40 Entwickelung
2074 876 82 29 nicht
2181 867 142 35 erkennen

1462 921 103 29 lassen.
1607 921 58 28 Für
1686 920 61 29 den
1768 921 405 39 Durchschnittsgeschmack
2198 912 125 35 früherer

1464 966 62 28 und
1549 965 220 39 grösstentheils
1792 966 82 29 noch
1894 977 122 18 unserer
2029 967 67 29 Zeit
2117 967 50 29 hat
2188 963 50 30 der
2253 957 53 30 Cha-

1462 1012 95 28 rakter
1578 1011 97 29 seiner
1697 1011 145 30 Gemälde
1868 1013 143 29 zunächst
2036 1021 90 21 etwas
2150 1009 105 32 höchst
2273 1003 21 27 B
2297 1007 13 19 e

1462 1057 198 36 fremdliches,
1681 1058 26 38 ja
1721 1057 230 30 Abstossendes.
1987 1059 90 29 Denn
2091 1058 64 30 sein
2168 1055 63 31 rein
2245 1049 63 31 male-

1461 1103 111 29 rischer
1603 1103 52 29 Stil
1686 1104 68 28 ruht
1785 1103 83 29 nicht
1898 1103 53 29 auf
1980 1104 184 29 akademisch
2198 1094 125 36 strenget

1462 1149 185 38 Zeichnung,
1670 1149 78 29 steht
1769 1149 83 29 nicht
1872 1148 41 30 im
1933 1150 103 29 Bunde
2058 1150 54 29 mit
2133 1140 190 47 sogenannter

1462 1194 169 29 Schönheit.
1672 1195 44 28 Im
1738 1195 192 38 Gegentheil,
1959 1205 30 19 es
2011 1195 115 31 scheint
2147 1193 58 35 oft,
2232 1188 35 31 als
2288 1189 33 20 od

1463 1250 30 20 er
1515 1240 83 30 allem
1620 1241 178 34 Korrekten,
1824 1242 236 28 Anmuthenden
2081 1241 61 29 und
2163 1232 124 37 Gefälhg
2289 1232 33 23 etl

1462 1286 209 39 geflissentlich
1685 1296 50 19 aus
1750 1286 69 29 dem
1834 1287 99 38 Wege
1949 1287 94 39 ginge,
2062 1297 50 20 um
2128 1278 149 38 Hässiichk
2279 1279 36 24 elt
2316 1291 5 12 '

1460 1332 232 30 übertriebenen
1713 1332 110 36 Affekt,
1844 1333 41 29 im
1906 1333 106 29 besten
2031 1334 75 29 Falle
2128 1332 49 30 ein
2198 1327 111 31 düstere

1462 1379 106 29 Pathos
1595 1388 36 19 an
1659 1378 61 30 ihre
1747 1378 87 30 Stelle
1859 1388 37 20 zu
1921 1387 111 21 setzen.
2073 1380 58 28 Mit
2155 1369 152 38 rücksichts-

1461 1424 79 28 loser
1561 1424 245 39 Eigenwilligkeit
1826 1424 64 29 und
1911 1425 191 30 stürmischer
2123 1414 187 39 Leidenschai

1463 1470 85 29 sucht
1563 1479 31 19 er
1609 1479 55 19 nur
1678 1469 47 29 die
1740 1469 49 30 für
1808 1470 46 29 die
1868 1471 142 39 jeweilige
2026 1471 146 30 Situation
2186 1460 120 36 charakte-

1461 1515 134 30 ristische
1610 1515 165 39 Stimmung
1797 1517 237 29 hervorzurufen
2055 1517 62 29 und
2132 1513 93 33 wühlt
2244 1507 69 29 dabe

1460 1562 33 28 in
1521 1561 59 29 den
1601 1561 258 36 Passionsscenen,
1891 1562 48 29 die
1968 1573 31 18 er
2028 1563 177 37 bevorzugt,
2236 1553 67 30 durc

1461 1607 48 30 die
1531 1607 236 39 ergreifendsten
1781 1608 162 30 Contraste
1965 1619 62 19 von
2041 1609 115 29 Leiden
2178 1601 60 33 und
2256 1601 41 26 Mi

1462 1653 109 40 gefühl,
1592 1654 100 38 Angst
1712 1654 63 29 und
1797 1654 165 30 Schrecken
1984 1655 144 39 geradezu
2148 1653 31 30 in
2200 1646 110 32 unseret

1460 1701 136 28 Nerven.
1638 1701 62 27 Der
1721 1700 242 29 unvorbereitete
1979 1701 166 29 Beschauer
2162 1695 84 32 sucht
2266 1693 37 24 sie

1461 1746 135 38 dagegen
1617 1755 37 19 zu
1670 1745 132 36 wehren,
1822 1745 102 30 indem
1939 1756 31 19 er
1984 1746 103 30 diesen
2101 1739 203 39 Darstellung^
2304 1738 6 18 1

1460 1792 50 29 das
1535 1791 132 30 Prädikat
1698 1792 52 29 des
1781 1791 265 40 Widerwärtigen,
2075 1787 197 35 Grässlichen,
2299 1784 6 28 )

1460 1847 84 29 sogar
1570 1838 189 28 Verrückten
1784 1838 178 29 anzuheften
1987 1839 97 34 sucht,
2112 1837 69 29 aber
2205 1831 44 30 die
2277 1831 17 30 g

1461 1883 115 38 waltige
1588 1883 83 29 Kraft
1682 1883 50 28 des
1742 1883 277 30 Grünewaldschen
2029 1883 115 30 Genius
2156 1875 98 35 fesselt
2264 1875 39 24 UO

1460 1928 187 40 überwältigt
1660 1929 53 29 ihn
1724 1929 111 29 zuletzt
1846 1929 80 30 doch
1938 1930 52 29 mit
2002 1927 206 32 dämonischer
2219 1921 82 31 Macn
2315 1929 5 6 •

1460 1976 64 28 Ihm
1553 1975 38 29 ist
1620 1985 29 18 es
1678 1985 55 19 nur
1758 1985 51 19 um
1839 1975 61 29 den
1924 1975 277 39 ungeschminkten,
2229 1966 73 29 volle

1461 2021 158 28 Ausdruck
1640 2021 96 28 seiner
1759 2021 213 39 Empfindung,
1998 2021 97 29 seiner
2120 2020 124 28 inneren
2264 2014 33 23 ne

1461 2067 82 38 tigen
1565 2067 165 37 Erregung,
1758 2066 94 30 seiner
1874 2066 118 30 Affekte
2018 2077 36 20 zu
2076 2067 75 29 thun
2172 2059 61 33 und
2254 2056 48 27 daz

1461 2112 92 30 bietet
1574 2112 61 30 sich
1648 2112 60 29 ihm
1724 2113 37 29 als
1781 2113 136 29 stärkstes
1934 2114 96 28 Mittel
2052 2113 57 29 die
2130 2107 113 32 Farbe,

1460 2159 99 28 macht
1590 2168 30 18 er
1653 2158 61 29 sich
1745 2159 81 28 denn
1852 2159 74 29 auch
1954 2159 38 29 als
2021 2159 52 28 der
2095 2159 83 27 Erste
2202 2148 58 32 und
2285 2154 16 16 «

1461 2214 131 29 engeren
1604 2203 71 29 Sinn
1688 2203 116 39 Einzige
1817 2214 87 19 unter
1917 2204 58 30 den
1987 2203 218 31 Altdeutschen
2216 2196 79 29 diens

1460 2250 60 36 bar,
1541 2260 49 19 um
1613 2250 197 39 Stimmung
1835 2260 37 20 zu
1897 2251 165 29 erwecken.
2103 2248 69 30 Dies
2197 2243 67 30 aber

1460 2297 135 34 modern,
1617 2297 62 28 und
1695 2297 133 29 desshalb
1846 2297 71 39 liegt
1932 2297 47 28 die
1999 2296 122 39 richtige
2136 2285 183 38 Würdigung

1460 2342 97 29 seines
1580 2342 130 29 Wesens
1732 2352 163 29 sozusagen
1917 2341 29 32 in
1977 2343 52 29 der
2050 2341 79 31 Luft.
2175 2334 71 31 Und

1462 2388 158 30 behandelt
1641 2398 31 19 er
1694 2389 46 28 die
1755 2389 90 28 Farbe
1853 2391 10 26 ?
1898 2389 58 29 Mit
1977 2389 52 29 der
2051 2392 134 35 grössten
2202 2378 96 31 Freihe

1460 2435 62 29 und
1555 2435 228 28 Meisterschaft.
1837 2434 57 29 Die
1928 2435 129 28 feinsten
2088 2429 150 33 Probleme

1460 2480 198 38 Nüancirung
1682 2479 32 31 in
1741 2480 210 39 gebrochenen
1975 2480 125 29 Tönen,
2129 2477 53 29 der
2209 2472 51 28 Mo

1460 2526 98 38 lirung
1578 2526 94 29 durch
1692 2526 88 30 Licht
1805 2526 64 29 und
1890 2527 150 34 Schatten,
2067 2525 51 29 der
2139 2517 149 34 Zusarnnie

1461 2572 161 39 Stimmung
1634 2572 69 29 aller
1714 2572 157 29 einzelnen
1882 2573 112 28 Farben
2010 2571 30 30 in
2051 2571 48 29 ein
2109 2565 162 33 harmonisc

1460 2618 105 29 Ganze
1597 2617 149 39 bewältigt
1778 2628 31 18 er
1841 2617 52 30 mit
1924 2617 166 41 spielender
2123 2609 148 35 LeichtigK

1460 2663 109 29 Nichts
1591 2663 95 40 posirt
1707 2663 47 30 bei
1775 2664 68 35 ihm,
1865 2664 96 30 nichts
1982 2665 37 28 ist
2040 2652 242 46 überlegungskra

1460 2709 187 40 komponirt,
1678 2709 97 30 nichts
1810 2710 192 29 berechnend
2034 2705 221 34 zusammengeq
2256 2699 33 21 ua
2311 2704 6 13 '

1461 2765 32 18 er
1507 2764 76 20 setzt
1597 2765 54 19 uns
1665 2755 57 29 frei
1736 2755 61 29 und
1812 2755 83 29 frank
1909 2755 80 30 seine
2004 2755 102 39 eigene
2121 2747 150 42 imponiret

1461 2801 98 29 Natur
1580 2810 149 30 entgegen
1754 2802 65 29 und
1847 2802 55 29 wir
1929 2804 118 27 müssen
2073 2809 36 20 an
2133 2796 39 30 sie
2193 2790 61 40 glau

1490 2996 0 0 94
