4203 3987
535 284 114 112 A
728 284 1371 114 Giovanni
2098 284 1 114 Marradi

593 583 35 41 0
660 584 159 54 Poète,
852 584 88 42 ton
971 586 112 42 rève
1116 584 306 42 éblouissant
1454 584 184 44 flamba
1669 586 59 40 de
1759 596 213 42 pourpre

593 666 49 42 et
673 666 60 42 de
763 667 160 41 riches
954 666 236 53 brocarts,
1222 677 188 32 comme
1441 680 69 29 un
1540 667 160 53 grand
1731 667 273 42 orifìamme

594 748 333 55 enveloppant
959 748 238 55 d'orgueil
1228 748 215 43 Luorece
1473 750 192 54 Borgia,

594 831 121 42 dont
744 832 46 41 le
823 844 139 40 corps
994 832 170 53 souple
1197 831 282 43 d'amazone

593 912 334 45 s'abandonne
960 912 27 45 à
1017 913 266 44 l'encolure
1317 913 117 44 d'un
1465 917 232 52 coursier,

594 998 88 53 qui
711 995 224 45 s'avance
966 996 28 43 à
1023 997 144 55 longs
1196 1010 88 42 pas
1314 1000 258 53 moelleux,

594 1080 122 40 dans
747 1078 284 44 l'immense
1063 1082 261 41 emeraude
1356 1080 281 45 ensoleillée
1670 1084 84 41 des
1783 1082 206 55 plaines.

594 1161 163 43 Parmi
788 1161 223 44 l'escorte
1041 1161 216 44 bariolée
1289 1165 60 40 de
1380 1176 75 31 ses
1487 1164 182 54 prélats

594 1244 112 41 tout
735 1242 277 45 chamarrés
1041 1246 50 42 et
1121 1246 438 56 tintinnabulants,

594 1338 90 30 son
716 1327 121 41 clair
866 1326 145 55 profìl
1041 1325 179 57 épouse
1251 1327 252 45 l'eventail
1535 1331 85 42 des
1651 1330 275 55 feuillages,

595 1409 50 43 et
675 1410 45 41 le
753 1410 145 53 galop
929 1407 97 58 figé
1058 1411 84 42 des
1172 1412 295 55 montagnes
1497 1414 282 43 lointaines.

595 1490 60 42 Et
684 1491 71 42 les
785 1492 303 54 gourmettes
1119 1496 224 54 sonnent,
1375 1498 304 54 monotones,

595 1585 86 29 sur
710 1574 48 42 la
790 1575 209 43 cadence
1031 1578 306 53 apprivoisée
1370 1578 144 44 d'une
1547 1579 191 56 rivière,

597 1658 85 52 qui
714 1658 160 41 traine
905 1670 63 31 en
997 1659 49 42 la
1077 1660 202 43 chaleur
1308 1661 165 42 fertile
1506 1663 60 42 de
1596 1663 50 40 la
1675 1661 145 55 brise,

597 1752 68 30 un
694 1741 294 44 nonchaloir
1018 1744 60 42 de
1107 1745 150 42 fleurs
1289 1745 49 42 et
1368 1746 61 42 de
1459 1758 187 42 nuages
1680 1743 208 45 refletés.

595 1946 219 56 L'espoir
843 1950 60 42 de
933 1950 263 44 rafraichìr
1224 1951 145 44 l'acre
1398 1964 182 31 nausee
1611 1953 68 44 du
1708 1953 145 55 Rève,

595 2054 58 6 —
682 2031 129 43 cette
842 2032 221 43 blessure
1096 2035 358 53 inguérissable

597 2111 51 42 et
677 2114 87 52 qui
794 2124 152 44 ronge
976 2127 91 31 nos
1097 2119 210 42 muscles
1338 2117 234 45 d'animai

597 2195 155 52 guida
780 2195 87 43 ton
898 2200 104 41 àme
1032 2200 328 56 nostalgique,
1389 2201 70 43 tei
1491 2215 68 29 un
1589 2202 177 45 yoilier
1794 2202 177 55 pensif,

598 2277 123 44 dont
749 2279 70 43 les
848 2281 159 42 voiles
1036 2285 278 43 vermeilles
1345 2285 51 42 et
1425 2286 162 42 soules
1618 2288 59 40 de
1708 2286 154 54 soleil,

598 2364 293 43 roucoulent
922 2378 61 29 en
1013 2366 209 54 quètant
1251 2368 49 41 la
1329 2366 134 43 brise
1493 2368 271 54 favorable,

601 2448 59 41 de
691 2449 335 52 promontoire
1150 2451 353 56 promontoire,

599 2542 62 30 en
692 2530 48 42 la
771 2530 188 43 bonace
990 2533 266 43 monotone
1288 2535 59 41 de
1378 2533 246 44 l'ennui....

602 2628 20 21 «
661 2613 94 42 Par
786 2614 109 42 delà
923 2614 71 42 les
1026 2615 196 43 miroirs
1252 2615 267 45 fallacieux
1550 2618 84 40 des
1669 2616 242 54 horizons,

601 2698 167 53 quand
797 2709 351 33 verrons-nous
1178 2699 198 44 s'éclore
1408 2700 47 42 le
1486 2700 133 55 golfe
1656 2699 103 43 d'or

601 2779 110 44 tout
741 2779 200 56 pavoisé
974 2780 175 56 d'azur,
1183 2782 64 43 où
1276 2794 200 42 reposer
1505 2782 134 43 enfin

599 2865 50 41 la
678 2862 149 47 fiévre
860 2865 85 41 des
976 2865 239 42 antennes
1246 2865 50 42 et
1326 2867 45 40 le
1403 2867 197 53 sanglot
1630 2867 84 42 des
1746 2864 201 43 chaìnes
1963 2865 61 42 ?...

601 2948 60 41 Et
691 2948 49 41 la
769 2945 291 45 mélancolie
1092 2949 85 41 des
1208 2948 123 41 soirs
1360 2945 319 59 Adriatiques

601 3030 111 42 yint
741 3030 244 42 effeuiller
1017 3042 74 30 ses
1121 3042 132 30 roses
1284 3043 62 31 au
1376 3043 149 31 creux
1556 3032 85 42 des
1671 3030 156 44 voiles
1858 3030 164 42 noires

602 3112 49 42 et
682 3123 275 32 couronner
987 3113 75 43 tes
1091 3112 127 43 màts
1249 3112 117 44 d'un
1398 3114 222 42 diadème
1653 3112 45 43 d'
1716 3102 196 53 Étoiles.

603 3319 85 51 Qu'
707 3320 210 53 importe
948 3321 72 41 les
1050 3321 202 55 oaquets
1284 3321 84 42 des
1397 3321 250 42 niveleurs
1676 3320 249 56 balourds,

603 3404 51 40 et
683 3403 132 41 leurs
847 3404 353 42 croassements
1230 3404 418 52 parlementaires.

2328 2350 347 57 puisqu'enfin,
2707 2352 57 44 tu
2793 2352 204 44 brandis
3028 2355 49 41 la
3105 2354 172 43 torcile
3307 2366 97 32 aux
3436 2356 222 43 eheveux
3698 2356 171 52 droits,

2331 2448 61 30 eri
2422 2436 241 42 chantant
2693 2436 45 42 le
2769 2436 143 42 heros
2943 2438 61 40 de
3036 2436 221 55 Caprera,

2331 2516 268 57 Garibaldi,
2630 2518 49 43 et
2709 2530 89 31 son
2829 2518 233 44 manteau
3093 2520 204 43 couleur
3326 2521 60 42 de
3418 2519 319 57 l'avalanche,

2331 2601 49 42 et
2409 2614 54 31 sa
2492 2603 118 43 voix
2642 2603 58 42 de
2732 2603 161 42 toesiii
2924 2603 87 54 qui
3043 2600 203 56 s'affole,

2331 2685 49 42 et
2409 2695 91 32 son
2529 2685 291 42 illuminant
2849 2685 174 54 sillage
3055 2684 290 44 d'incendio
3364 2686 53 42 !...

2329 2766 252 56 Regardez
2600 2769 9 42 !
2641 2768 212 43 Ecoutez
2883 2765 168 46 l'essor
3081 2768 84 43 des
3198 2770 225 54 strophes
3455 2768 115 56 d'or,

2329 2849 226 46 envolóes
2585 2863 110 33 vers
2726 2853 45 42 le
2803 2853 93 42 ciel
2929 2850 27 45 à
2985 2853 95 43 tire
3112 2849 169 46 d'ailes
3312 2863 200 32 sonores
3531 2853 53 42 !...

2329 2934 91 43 Les
2450 2935 165 42 Yoiles
2646 2947 85 30 sur
2759 2935 71 42 les
2859 2934 128 56 flots,
3018 2935 71 42 les
3118 2933 197 56 Nuages
3347 2946 63 30 au
3446 2935 260 54 eouchant,

2328 3018 241 42 bombent
2600 3019 110 54 dejà
2738 3019 134 42 leurs
2897 3019 142 54 joues
3072 3019 61 42 de
3165 3019 245 54 seraphin,

2329 3102 233 42 soufiiant
2592 3103 121 42 dans
2735 3102 69 42 les
2835 3100 206 44 buccins
3072 3112 218 43 orageux
3321 3102 60 40 de
3410 3100 50 42 la
3494 3112 118 43 mer,

2328 3186 50 41 la
2407 3186 260 53 sanglante
2698 3186 192 54 Epopee
2923 3186 58 40 de
3013 3186 87 41 ton
3132 3196 107 30 ame
3271 3184 261 55 guerrière,

2328 3266 236 56 héro'ique
2596 3268 145 42 Italie
2773 3280 62 30 au
2867 3268 157 54 grand
3056 3280 133 30 cceur
3217 3268 296 53 volcanique
3532 3268 53 42 !...

3504 3401 76 45 F.
3718 3402 57 43 T.
3776 3401 32 45 M.

1002 3612 136 44 Nei
1350 3613 342 52 pròssimi
2121 3613 320 44 fascicoli
2851 3613 527 53 pubblicheremo
3379 3610 140 54 JCahn,

545 3669 330 54 Ftegnier,
1277 3673 77 40 E.
1536 3671 406 52 Verhseren,
1593 3669 894 56 F.Viélé-Griìlìn,
3766 3669 81 47 Stua
3848 3669 76 43 A.da

546 3726 239 55 Negri,
826 3725 321 56 Térésah,
1189 3726 311 46 Vittoria
1529 3729 347 52 JLganoor,
1909 3726 267 46 Hèlène
2215 3730 229 43 Vacar
2448 3736 175 45 esco,
2655 3729 83 41 A..
2778 3729 65 41 C.
2874 3726 441 53 Swinburne,
3347 3726 113 44 W.
3484 3727 84 42 B.
3598 3723 236 46 Yeats.
