4005 3904
3164 76 323 45 POESIA

1322 503 159 89 LA
1540 499 381 91 PETITE
1992 499 305 88 FILLE

1113 691 123 42 Celle
1270 691 134 54 qu'en
1439 704 79 27 son
1552 689 187 41 berceau
1774 686 115 50 neuf,
1926 686 42 41 la
2001 682 206 44 nourrice
2242 681 143 50 veille,

1114 768 133 40 Porte
1281 780 86 27 une
1402 764 236 43 chevelure
1675 762 205 49 incolore,
1917 768 44 34 et
1995 759 233 50 succincte,

1126 842 59 40 Et
1219 856 47 26 sa
1299 840 173 42 bouche
1506 839 112 42 eden
1621 838 82 50 tèe,
1740 836 109 43 ainsi
1884 850 87 40 que
2004 834 133 43 d'une
2171 833 144 42 vieille

1242 916 87 42 N'a
1363 915 126 56 point
1523 914 121 55 parlé
1677 926 171 29 encore.

1119 1031 82 42 Ses
1236 1029 140 42 mains
1411 1044 54 26 ne
1500 1035 154 35 savent
1687 1041 79 40 pas
1799 1025 40 42 le
1872 1032 125 47 geste
2031 1023 101 42 vain
2166 1022 56 41 de
2255 1021 189 55 prendre

1120 1107 121 40 Elles
1275 1104 75 55 qui
1386 1103 307 49 deviendront,
1731 1116 170 27 comrne
1934 1100 209 49 d'autres,
2179 1096 175 51 avides;

1122 1181 125 49 Mais,
1285 1194 171 27 comme
1491 1178 91 42 s'ils
1618 1176 208 42 filtraient
1859 1190 58 26 un
1952 1175 73 41 voi
2060 1188 130 27 menu
2225 1171 55 42 de
2314 1171 184 42 cendres

1249 1256 83 41 Ses
1366 1253 151 55 doigts
1550 1268 47 27 se
1626 1251 157 55 jouent
1816 1266 55 26 au
1906 1249 114 42 vide.

1129 1371 71 49 Et,
1237 1370 289 53 longuement
1561 1392 55 5 —
1654 1365 277 41 indifferente
1964 1363 54 41 de
2053 1378 68 26 ses
2156 1376 128 40 poses

1126 1446 73 40 Ou
1235 1445 78 41 des
1348 1443 268 48 séductions,
1653 1441 74 54 qui
1764 1439 96 51 sait,
1896 1439 204 41 dorment
2134 1437 147 54 figées,

1127 1521 164 41 Rieuse
1326 1517 290 56 qaelquefois,
1653 1524 45 33 et
1731 1522 189 35 souvent
1953 1514 171 53 affligée
2160 1540 55 3 —

1258 1596 97 41 Elle
1379 1608 139 28 ouvre
1545 1608 68 26 ses
1637 1606 117 40 yeux
1778 1590 126 41 d'eau
1930 1603 76 27 sur
2028 1587 211 42 l'univers
2262 1586 78 42 des
2364 1586 165 41 choses.

1702 1984 275 97 AIR

1327 2176 123 39 Hors
1483 2172 79 41 des
1596 2177 130 42 mots,
1762 2168 207 41 demeure
2003 2163 204 54 maligne,

1323 2251 52 52 Je
1408 2262 117 28 veux
1559 2244 223 44 m'évader
1816 2239 294 59 aujourd'hui,

1331 2326 58 40 Et
1425 2337 53 27 ne
1512 2322 99 55 plus
1646 2318 147 45 courir
1826 2332 76 27 sur
1935 2317 64 40 les
2033 2316 141 54 lignes

1334 2401 187 40 Comme
1554 2412 55 27 au
1644 2397 106 52 long
1784 2394 79 41 des
1897 2393 104 42 toits
2034 2406 61 26 un
2130 2390 101 41 chat
2265 2388 104 55 gris.

1328 2515 52 53 Je
1414 2526 129 36 veux,
1581 2517 101 47 trop
1717 2507 251 44 vainement
2003 2502 207 59 perplexe

1338 2590 69 39 De
1440 2589 216 52 mystères
1685 2582 159 55 jamais
1877 2580 194 49 vaincus,

1337 2662 158 42 Abolir
1528 2660 62 42 les
1623 2661 148 52 gloses
1804 2656 252 55 complexes

1337 2738 89 42 Sur
1460 2744 98 35 tout
1592 2735 165 42 instant
1790 2736 59 38 où
1878 2731 43 54 je
1956 2733 146 46 vècus,

1340 2854 66 39 Ne
1440 2852 100 54 plus
1575 2858 43 33 te
1651 2848 134 50 subir,
1829 2845 260 48 téte-à-téte,

1343 2929 120 41 D'un
1498 2925 176 56 rythme
1708 2932 44 34 et
1785 2923 107 40 d'un
1926 2934 112 36 vers,
2077 2926 286 46 tyranneaux,

1345 3003 177 43 Laisser
1555 3001 277 42 l'amertume
1865 3012 88 26 aux
1986 2994 193 42 esthètes

1350 3080 58 42 Et
1441 3079 42 42 la
1517 3076 56 42 lie
1606 3090 56 28 au
1696 3074 106 43 fond
1835 3072 77 42 des
1948 3079 235 39 tonneaux,

1314 3229 7 7 .
1347 3194 71 50 Et,
1456 3191 174 57 puisqu'
1661 3188 95 43 Elle
1790 3193 107 36 veut
1930 3186 39 40 le
2004 3188 251 51 permettre,

1354 3269 101 42 Lire
1489 3281 103 28 mon
1627 3263 176 44 souhait
1835 3269 44 35 et
1912 3274 104 28 mon
2049 3272 92 41 gre,

1352 3346 188 41 Comme
1573 3354 76 30 sur
1681 3353 60 27 un
1775 3338 71 55 gai
1881 3337 260 44 barometre,

1350 3424 42 41 A
1425 3434 81 28 son
1539 3417 108 44 clair
1680 3415 152 52 visage
1864 3410 149 45 adoré.

1654 3547 330 52 Valentin
2021 3540 558 51 Mandelstamm.

1838 3805 99 39 19
