3487 4361
1682 89 104 88 138

190 235 273 50 Wütherich
494 237 94 47 tritt
617 235 140 50 Actäa
786 237 80 47 mit
894 235 101 47 dem
1026 237 235 48 Schwerte
1295 240 249 59 entgegen;
1587 231 112 51 aber

185 314 83 47 der
294 331 84 30 von
407 329 159 32 aussen
598 314 151 47 herein
779 314 197 47 tönende
1000 315 122 47 Chor
1145 314 80 47 der
1249 314 225 55 Christen,
1505 312 194 48 welcher

184 390 103 47 Lob
317 389 88 48 und
435 390 135 47 Dank
603 392 74 45 für
706 390 70 47 die
806 392 201 62 Rettung
1036 392 76 47 des
1141 392 248 63 Märtyrers
1426 389 133 62 singt,
1602 406 71 30 ver-

185 467 158 48 ändert
371 468 204 63 plötzlich
608 469 125 46 ihren
764 468 160 47 wilden
955 469 123 47 Sinn.
1135 469 74 47 Sie
1239 469 118 46 wirft
1385 468 78 47 das
1492 467 207 47 Schwert

185 545 85 46 fort
301 544 89 46 und
419 544 87 47 will
538 547 121 45 Nero
693 544 159 48 (liehen
885 545 156 47 lassen.
1073 545 84 47 Die
1191 545 405 55 Verschworenen,
1627 543 69 48 die

183 620 351 56 hereinstürzen,
580 623 146 45 halten
768 621 62 47 sie
875 621 76 47 für
993 623 96 47 eine
1136 623 318 53 Verrätherin;
1496 620 62 47 sie
1601 620 97 48 fällt

181 703 132 43 unter
343 696 101 49 dem
468 699 233 48 Schwerte
724 699 76 47 des
823 699 261 63 Legionärs,
1116 699 89 48 und
1230 698 214 49 während
1468 699 62 46 sie
1550 696 146 59 stirbt,

183 774 139 49 findet
346 792 105 30 man
473 776 84 46 den
580 776 244 49 Leichnam
844 775 76 48 des
936 778 139 54 Nero,
1093 776 80 47 der
1196 778 108 53 sich,
1323 776 55 47 da
1397 775 68 47 die
1493 775 203 48 Flamme

181 854 92 47 ihm
303 851 87 49 den
421 855 218 62 Ausgang
668 854 240 56 verwehrt,
937 855 138 47 selbst
1103 854 238 48 erstochen
1374 855 87 46 hat.

294 931 64 46 Im
386 931 175 47 Ganzen
595 931 267 56 betrachtet,
894 931 76 49 hat
999 931 78 49 das
1101 931 239 49 Textbuch
1373 930 226 66 poetische
1624 931 46 46 In-

180 1008 226 48 tentionen
438 1008 89 47 und
559 1008 301 48 dramatische
889 1010 299 56 Situationen,
1225 1010 71 46 die
1326 1009 113 47 noch
1469 1024 196 47 spannen-

179 1084 80 47 der
289 1084 170 48 wirken
492 1085 207 57 würden,
739 1091 150 44 wären
918 1088 62 47 sie
1011 1088 202 63 weniger
1241 1086 119 47 reich
1393 1103 55 30 an
1481 1086 212 49 Worten.

176 1161 162 48 Daher
365 1161 70 48 die
463 1163 206 64 Längen,
711 1164 70 47 die
809 1165 89 46 sich
923 1164 109 63 jetzt
1067 1165 132 53 noch,
1244 1164 275 65 ungeachtet
1555 1163 139 46 schon

178 1239 82 48 viel
289 1240 253 62 gestrichen
574 1240 202 57 worden,
816 1241 69 47 bei
923 1241 80 47 der
1035 1243 299 62 Aufführung
1374 1241 187 47 fühlbar
1599 1256 63 32 ma-

179 1316 128 48 chen.
336 1317 130 47 Auch
496 1316 70 48 die
598 1316 355 51 Charakteristik
984 1319 80 48 der
1093 1319 165 48 Heldin
1289 1319 53 47 ist
1374 1320 75 46 für
1477 1317 71 47 die
1572 1319 91 47 Ton-

178 1394 190 64 sprache
395 1410 50 31 zu
476 1395 270 63 complicirt;
777 1395 56 47 im
860 1395 162 48 dritten
1047 1396 157 48 Filiale
1225 1396 201 47 schwört
1448 1396 142 47 Actäa
1622 1395 68 47 bei

176 1471 102 48 dem
310 1471 194 56 Kreuze,
551 1474 57 45 im
649 1472 167 50 vierten
848 1475 112 47 Acte
1003 1474 90 47 ruft
1130 1475 61 47 sie
1237 1474 169 48 wieder
1444 1474 85 47 den
1569 1474 124 47 Mars

178 1547 92 49 und
299 1547 70 49 die
400 1549 331 64 Ileidengöüer
762 1568 72 38 an,
881 1551 89 47 und
1009 1551 120 48 dann
1157 1551 240 48 verändert
1435 1551 62 47 sie
1526 1550 170 47 wieder

175 1626 128 47 ihren
336 1626 103 47 bald
471 1626 306 57 heidnischen,
810 1629 100 47 bald
942 1629 285 48 christlichen
1257 1630 126 54 Sinn,
1423 1629 63 48 als
1514 1627 62 49 sie
1606 1627 85 49 den

178 1704 121 48 Chor
329 1704 80 47 der
439 1705 206 48 Christen
684 1705 116 49 hört.
858 1707 134 47 Diese
1022 1707 332 65 Wandlungen
1399 1707 158 47 liessen
1600 1706 91 48 sich

174 1799 86 29 nur
289 1781 57 48 im
378 1781 327 50 Rede-Drama
746 1784 191 66 gehörig
980 1785 250 56 motiviren,
1274 1785 265 48 schwerlich
1583 1784 112 48 aber

174 1858 44 47 in
249 1858 279 49 bestimmter
561 1861 158 47 Weise
759 1862 142 46 durch
946 1862 71 47 die
1054 1862 308 65 Tonsprache.
1418 1861 275 65 Abgesehen

175 1952 85 32 von
292 1935 150 49 diesen
472 1937 230 65 Mängeln,
744 1940 173 47 athmet
951 1956 55 32 an
1047 1940 140 48 vielen
1219 1941 184 53 Stellen,
1448 1938 246 49 besonders

175 2015 86 48 den
293 2015 236 64 lyrischen,
560 2016 68 48 ein
651 2017 250 65 poetisches
926 2017 153 50 Leben
1103 2018 145 58 darin,
1279 2018 90 49 und
1394 2021 78 46 das
1496 2018 170 49 Aussen-

175 2092 126 48 werk
325 2092 81 48 der
444 2109 211 48 „grossen
872 2095 54 47 ist
953 2112 49 31 so
1032 2096 229 63 geschickt
1284 2096 40 47 in
1350 2095 70 48 die
1444 2095 250 66 Handlung

174 2170 216 55 verwebt,
421 2170 101 49 dass
550 2171 137 48 selbst
716 2172 79 47 das
819 2173 143 47 Ballet
990 2173 122 47 nicht
1141 2173 63 47 als
1234 2172 320 50 willkürliches
1585 2173 80 47 Ein-

172 2247 237 59 schiebsel,
448 2248 196 49 sondern
684 2251 64 47 als
778 2251 313 48 wesentlicher
1119 2251 307 49 Bestandteil
1455 2251 81 48 der
1566 2252 128 65 Oper

178 2325 187 48 auftritt.

288 2402 154 48 Ueber
465 2402 69 50 die
557 2405 146 48 Musik
730 2406 183 48 urtheilt
936 2407 52 47 E.
1011 2407 54 48 N.
1089 2405 281 66 (Naumann)
1395 2405 103 48 sehr
1521 2403 173 51 scharf:

184 2482 151 53 „Herr
377 2482 124 47 Bott
546 2482 94 58 hat,
682 2485 118 48 ohne
830 2485 197 48 Richard
1064 2486 248 63 Wagner's
1341 2485 162 49 Talent
1530 2500 53 32 zu
1614 2483 52 49 be-

171 2558 153 57 sitzen,
362 2558 90 47 sich
484 2558 71 48 die
584 2561 146 48 Sache
759 2562 42 47 in
835 2562 360 65 Wagner'scher
1228 2563 157 49 Weise
1426 2561 133 48 leicht
1595 2577 64 32 ma-

172 2636 113 48 chen
315 2638 161 47 wollen
520 2638 89 47 und
654 2656 82 31 von
769 2641 140 48 Wort
946 2659 52 30 zu
1033 2642 154 56 Wort,
1230 2659 84 31 von
1345 2643 113 46 Tact
1495 2657 52 31 zu
1580 2641 113 47 Tact

174 2714 269 64 componirt,
473 2714 145 49 wobei
649 2733 48 31 er
726 2717 89 48 sich
846 2717 204 50 dennoch
1082 2736 87 31 nur
1200 2720 226 54 mühsam,
1456 2717 92 48 und
1578 2717 84 48 häu-

174 2791 62 64 fig
279 2791 67 48 bis
386 2810 53 29 zu
479 2793 252 62 gänzlicher
757 2796 538 49 Gedanken-Ohnmacht
1337 2794 353 59 herabsinkend,

172 2868 141 48 durch
345 2868 71 48 die
444 2869 92 49 vier
564 2872 162 63 langen
757 2873 111 48 Acte
899 2874 270 49 fortwindet.
1209 2874 84 49 Die
1322 2874 261 49 Ouvertüre
1613 2873 77 50 hat

172 2963 49 32 er
249 2947 90 48 sich
371 2954 133 41 unter
531 2951 181 47 solchen
744 2952 278 49 Umständen
1064 2970 113 48 ganz
1213 2962 188 56 erspart.
1456 2953 85 47 Ein
1580 2968 111 49 paar

171 3026 139 47 Tacte
340 3033 163 40 matter
533 3028 307 48 Introduction
882 3031 167 48 führen
1091 3047 50 31 zu
1174 3032 144 46 einem
1351 3031 123 47 Chor
1502 3029 80 47 der
1611 3029 82 49 mit

172 3103 124 47 Nero
327 3102 249 51 landenden
603 3107 183 48 Börner.
819 3107 176 57 Dieser,
1026 3108 84 48 wie
1140 3109 85 47 alle
1256 3108 192 65 übrigen
1479 3108 180 47 Männer-

172 3181 139 48 chöre
341 3181 80 48 der
449 3183 144 64 Oper,
632 3188 120 60 trägt
779 3186 78 48 das
889 3187 209 65 Gepräge
1135 3187 342 63 gewöhnlicher
1505 3186 159 48 Lieder-

171 3258 305 58 tafel-Chöre,
531 3261 116 48 ohne
689 3263 98 47 eine
829 3266 119 63 Spur
990 3282 83 31 von
1124 3266 166 47 localer
1333 3263 357 50 Charakteristik

171 3335 112 49 oder
299 3335 290 50 historischer
607 3339 231 65 Färbung.
866 3343 123 47 Nero
1012 3343 118 64 singt
1153 3342 168 48 darauf
1340 3342 97 48 eine
1456 3342 85 47 Art
1564 3339 127 59 Lied,

172 3414 79 47 das
305 3431 55 30 an
411 3415 275 50 Kücken's
740 3418 93 47 und
889 3422 217 46 Proch's
1162 3421 531 48 modern-sentimentale

176 3492 158 48 Weise
362 3493 199 48 erinnert
590 3495 89 47 und
711 3512 98 42 uns,
839 3497 56 48 da
926 3515 45 30 es
1000 3498 93 48 drei
1122 3501 92 47 Mal
1243 3498 43 50 in
1317 3498 81 48 der
1426 3499 128 64 Oper
1585 3498 80 47 wie-

172 3568 233 58 derkehrt,
435 3569 71 50 die
528 3570 358 52 Ideen-Armuth
919 3576 76 48 des
1021 3576 320 66 Componisten
1371 3577 126 48 recht
1519 3592 143 48 augen-

172 3647 242 49 scheinlich
439 3649 229 50 erkennen
693 3652 117 57 lässt,
840 3653 101 48 dem
974 3671 46 30 es
1049 3654 122 49 nicht
1199 3654 162 50 einmal
1387 3656 110 55 hier,
1529 3671 71 32 wo
1622 3653 71 48 die

174 3725 176 64 Anlage
379 3724 80 48 der
489 3727 128 64 Oper
646 3737 139 40 etwas
815 3732 405 64 Hervorragendes
1258 3732 212 57 forderte,
1511 3732 182 64 gelang,

175 3802 126 48 einen
324 3803 157 65 irgend
505 3804 389 69 selbstständigen,
913 3826 353 49 angemessenen
1290 3809 111 48 oder
1422 3810 245 49 interessan-

176 3887 73 39 ten
279 3880 245 50 Gedanken
553 3902 51 29 zu
637 3885 285 64 produciren.

302 3959 112 55 „Die
447 3962 235 49 Festscene
712 3964 42 47 in
786 3965 193 49 Korinth
1011 3965 180 66 bewegt
1218 3965 91 49 sich
1342 3965 41 49 in
1414 3967 144 48 einem
1588 3967 78 48 Bal-

178 4034 146 61 letstil,
365 4037 84 48 wie
479 4038 81 49 wir
588 4039 75 50 ihn
692 4043 174 48 sowohl
896 4059 83 33 von
1011 4061 205 33 unserem
1248 4044 443 65 Hof-Componisten

1770 232 231 55 Hertel,
2044 230 86 49 wie
2157 229 72 48 bei
2260 228 85 48 den
2376 227 171 66 pariser
2577 224 323 65 Componisten
2930 221 143 49 dieses
3102 221 188 49 Genre's

1770 308 239 49 unendlich
2043 308 151 47 besser
2222 305 90 47 und
2344 303 414 66 geschmackvoller
2787 300 219 65 gewohnt
3032 298 121 56 sind;
3199 298 91 47 und

1769 388 98 47 hier
1896 384 184 50 handelt
2122 401 44 30 es
2204 383 92 48 sich
2339 399 94 31 nun
2475 380 114 48 noch
2634 379 113 49 dazu
2790 395 76 31 um
2898 379 147 46 Tänze
3081 375 82 48 auf
3186 375 102 47 dem

1769 464 264 48 classischen
2066 461 154 49 Boden
2253 458 369 50 Griechenlands.

1856 541 215 51 „Agenor
2102 540 52 46 ist
2175 539 70 46 ein
2272 536 237 50 unleidlich
2537 535 188 48 modern
2749 533 240 48 süsslicher
3011 529 279 58 Liebhaber,

1769 618 80 48 der
1879 634 80 32 uns
1989 618 43 47 in
2061 614 193 49 tausend
2283 615 89 47 Mal
2414 614 221 65 gehörten
2676 611 91 49 und
2810 609 240 66 eigentlich
3088 624 87 33 nur
3210 624 80 32 aus

1768 693 448 50 Schluss-Cadenzen
2241 690 306 50 bestehenden
2573 690 202 48 Phrasen
2799 705 84 31 von
2905 686 153 49 seinen
3082 685 178 65 Empfin-

1768 773 180 63 dungen
1981 773 75 45 für
2086 774 139 44 Actäa
2257 770 182 56 erzählt,
2484 768 90 49 und
2613 768 92 47 sich
2751 766 217 47 höchtens
2998 764 70 48 ein
3099 762 191 65 einziges

1768 851 106 56 Mal,
1916 868 51 29 zu
2011 850 84 47 den
2127 849 222 48 Worten:
2399 846 99 57 „bei
2530 846 182 47 kühlem
2745 842 451 65 Sterngeflimmer'',
3237 858 53 30 zu

1768 929 125 47 einer
1922 929 86 46 Art
2036 943 82 30 von
2151 924 356 48 musicalischem
2535 922 249 47 Gedanken
2815 920 176 48 erhebt.
3022 919 130 48 Doch
3176 917 117 49 wird

1766 1006 116 49 auch
1910 1006 95 46 hier
2029 1004 81 48 der
2133 1004 188 56 weiche,
2345 1000 351 49 schmachtende
2714 999 213 57 Seladon,
2951 997 80 49 der
3053 999 91 45 sich
3168 996 125 48 nicht

1768 1082 104 47 weit
1901 1082 114 47 über
2043 1081 71 47 die
2140 1081 204 46 Gränzen
2375 1095 83 32 von
2484 1079 170 48 Tonica
2686 1076 89 48 und
2798 1076 279 47 Dominante
3106 1074 158 48 hinaus-

1768 1166 138 59 wagt,
1938 1159 81 48 auf
2042 1159 71 47 die
2142 1159 156 63 Länge
2328 1155 268 49 ermüdend.

1893 1237 106 56 „Bei
2032 1236 86 48 den
2149 1235 334 48 dramatischen
2514 1232 319 50 Aclschlüssen
2872 1230 135 63 greift
3044 1229 80 48 der
3154 1229 104 48 Com-

1768 1315 146 65 poriist
1936 1315 42 47 in
2004 1315 180 47 innerer
2207 1311 330 65 Hülflosigkeit
2564 1329 51 29 zu
2646 1310 85 47 den
2763 1307 304 50 unschönsten
3092 1306 92 48 und
3208 1324 55 29 un-

1765 1394 298 63 sangbarsten
2096 1391 432 62 Fortschreitungen
2566 1389 80 47 der
2676 1387 219 49 Stimmen
2942 1385 92 48 und
3076 1385 86 47 den
3205 1385 66 47 lär-

1768 1471 233 48 mendsten
2049 1467 572 56 Instrumental-ElTecten,
2671 1466 119 47 ohne
2832 1462 171 50 hierbei
3046 1462 116 50 auch
3205 1479 88 31 nur

1768 1549 129 48 einen
1935 1546 288 66 Augenblick
2267 1564 50 30 zu
2363 1546 203 47 wahrem
2611 1542 335 50 dramatischen
2988 1540 177 57 Leben,
3206 1540 87 48 wie

1768 1626 91 48 dies
1902 1643 87 31 nur
2030 1626 70 47 bei
2147 1624 334 48 musicalischer
2524 1620 359 51 Charakteristik
2933 1620 80 47 der
3062 1621 231 46 Personen

1769 1705 193 65 möglich
1994 1705 69 54 ist,
2091 1721 52 30 zu
2174 1702 239 65 gelangen.

1896 1784 120 55 „Das
2037 1781 359 65 Haupt-Thema
2420 1778 78 49 des
2522 1778 145 49 Chors
2688 1777 45 48 in
2757 1777 80 48 der
2860 1778 143 46 Scene
3032 1776 60 47 im
3124 1775 145 48 kaiser-

1765 1860 146 48 lichen
1938 1861 169 47 Garten
2132 1860 57 47 im
2215 1858 185 49 zweiten
2427 1858 113 47 Acte
2564 1855 190 49 würden
2780 1856 81 47 wir
2886 1855 136 48 kaum
3050 1853 70 49 bei
3146 1853 148 49 einem

1766 1937 347 64 gewöhnlichen
2157 1935 492 64 Tanz-Componisten,
2698 1932 287 66 geschweige
3035 1931 118 48 denn
3196 1931 100 48 hier

1768 2017 148 61 gelten
1947 2016 158 47 lassen.
2138 2015 83 47 Ein
2245 2015 165 64 wenig,
2442 2030 131 30 wenn
2604 2012 115 48 auch
2751 2027 86 32 nur
2866 2011 59 47 im
2951 2010 239 64 Vergleich
3217 2008 79 49 mit

1766 2095 93 47 sich
1888 2093 167 58 selber,
2098 2092 110 48 hebt
2245 2092 90 48 sich
2380 2091 71 48 die
2481 2090 148 49 Musik
2673 2090 71 48 bei
2789 2088 81 49 der
2899 2090 145 47 Scene
3072 2086 223 48 zwischen

1765 2173 142 54 Nero,
1934 2171 251 65 Agrippina
2211 2170 89 48 und
2325 2170 142 47 Actäa
2498 2167 93 48 und
2620 2167 42 48 in
2693 2167 87 47 den
2810 2167 282 55 Momenten,
3116 2181 71 32 wo
3213 2166 54 47 Sa-

1769 2248 104 49 bina
1903 2248 102 49 dem
2038 2248 161 51 Kaiser
2236 2248 87 47 den
2350 2264 84 30 von
2465 2247 72 47 ihr
2565 2245 318 66 eingeleiteten
2912 2245 274 63 Untergang
3215 2243 80 47 der

1769 2326 160 49 beiden
1954 2328 183 46 Frauen
2161 2325 223 48 mittheilt.
2415 2326 47 46 In
2495 2323 85 49 den
2610 2322 176 48 Zeilen:
2828 2359 17 19 „
2866 2319 211 59 „Dunkel
3102 2319 194 49 verhüllt

1766 2405 80 48 das
1876 2405 281 64 gefährliche
2185 2403 113 56 Riff;
2329 2402 124 48 stark
2483 2402 54 48 ist
2565 2401 71 48 die
2665 2402 270 62 Strömung,
2964 2399 203 47 schwarz
3195 2397 100 49 sind

1766 2482 71 48 die
1860 2483 151 64 Segel,
2042 2482 202 56 Charon,
2273 2481 81 48 der
2377 2479 281 56 Fährmann,
2687 2485 171 41 steuert
2888 2477 78 48 das
3217 2474 52 50 be-

1765 2568 225 58 gegneten
2022 2562 82 47 wir
2132 2577 100 31 zum
2264 2566 149 42 ersten
2443 2560 121 46 Male
2593 2558 146 47 einem
2771 2556 264 48 wirklichen
3069 2554 200 49 musicali-

1764 2640 136 47 schen
1917 2637 328 66 Ergriffensein
2269 2637 76 48 des
2367 2636 339 66 Componisten.
2730 2634 87 47 Ein
2836 2633 181 65 völliges
3044 2632 252 48 Erlahmen

1764 2717 117 66 zeigt
1906 2717 91 48 sich
2030 2717 207 65 dagegen
2269 2716 249 48 wiederum
2556 2714 43 47 in
2639 2713 80 48 der
2748 2714 144 47 Scene
2921 2712 77 48 des
3030 2711 235 49 Wiederse-

1762 2800 114 44 hens
1905 2796 221 47 zwischen
2156 2796 144 47 Actäa
2329 2793 91 47 und
2451 2794 203 63 Agenor.
2706 2792 107 48 Wir
2845 2789 97 50 sind
2984 2789 141 49 selten
3167 2789 125 49 einer

1764 2873 147 48 Musik
1936 2873 243 65 begegnet,
2210 2888 72 33 wo
2314 2872 100 48 eine
2444 2871 183 57 falsche,
2658 2869 99 49 weil
2787 2867 505 58 süsslich-krankhafte,

1764 2952 382 48 Sentimentalität
2169 2967 48 32 so
2240 2949 104 49 sehr
2367 2951 63 47 als
2448 2948 297 48 Deckmantel
2771 2948 109 47 aller
2898 2946 239 49 fehlenden
3154 2944 109 50 wirk-

1765 3029 144 47 lichen
1939 3028 315 66 Empfindung
2284 3028 237 47 herhalten
2552 3033 185 50 musste,
2768 3026 84 48 wie
2881 3026 111 47 hier.

1891 3108 122 55 „Der
2044 3106 305 55 Festmarsch,
2394 3106 80 47 der
2503 3103 86 50 den
2620 3104 170 47 vierten
2820 3103 88 48 Act
2936 3102 211 56 eröffnet,
3189 3101 104 47 lässt

1764 3184 129 50 einen
1925 3184 312 65 abermaligen
2268 3183 124 50 Blick
2423 3184 43 47 in
2497 3182 71 49 die
2588 3182 375 49 Gedankenleere
2993 3179 78 49 des
3093 3181 165 63 Compo-

1764 3263 142 48 nisten
1936 3264 129 47 thun.
2122 3263 108 48 Wir
2265 3263 141 47 sollen
2437 3262 129 47 einen
2597 3261 255 48 römischen
2884 3257 408 66 Triumphmarsch

1766 3339 143 50 hören
1939 3341 91 48 und
2060 3341 275 47 vernehmen
2366 3346 106 40 statt
2500 3338 158 47 dessen
2697 3338 98 47 eine
2827 3337 195 48 farblose
3052 3334 148 50 Musik
3229 3335 63 47 im

1765 3418 434 65 hergebrachtesten
2229 3417 485 66 Marsch-Rhythmus,
2752 3415 85 49 wie
2865 3415 62 49 sie
2956 3422 123 42 sonst
3109 3431 87 31 nur
3223 3421 45 40 ta-

1765 3497 187 48 lentlose
1980 3498 279 47 Dilettanten
2291 3495 132 64 fertig
2453 3494 209 65 bringen,
2704 3493 71 49 die
2805 3494 116 48 auch
2959 3492 166 49 einmal
3162 3490 131 50 einen

1765 3574 180 48 Marsch
1976 3574 212 64 gemacht
2218 3573 150 48 haben
2400 3573 178 48 wollen.
2610 3574 95 46 Der
2734 3572 168 48 darauf
2927 3569 210 66 folgende
3168 3569 126 48 Chor

1766 3652 80 48 der
1867 3654 182 49 Frauen
2076 3654 79 47 mit
2180 3653 144 48 Ballet
2350 3652 55 48 ist
2434 3650 65 50 bis
2531 3652 81 48 auf
2635 3652 98 47 eine
2758 3667 113 48 ganz
2895 3649 188 65 geringe
3106 3648 155 49 Abwei-

1764 3730 153 65 chung
1947 3733 119 47 Note
2096 3732 75 47 für
2201 3732 119 48 Note
2349 3729 80 48 der
2461 3730 123 49 Chor
2613 3729 80 48 der
2720 3730 179 47 Frauen
2930 3728 80 48 mit
3040 3728 145 48 Ballet
3213 3742 81 33 aus

1765 3808 103 48 dem
1910 3809 185 48 zweiten
2127 3810 113 47 Acte
2283 3807 78 48 des
2397 3807 362 64 Spontini'schen
2791 3807 160 48 Cortez
2998 3804 93 48 und
3134 3803 161 49 würde

1766 3887 118 48 ohne
1915 3887 119 48 diese
2063 3887 313 49 Reminiscenz
2405 3885 222 49 vielleicht
2657 3885 71 47 die
2757 3884 170 65 einzige
2956 3892 141 40 etwas
3125 3883 169 49 localer

1764 3964 213 66 gefärbte
2005 3967 226 47 Nummer
2260 3964 80 48 der
2370 3964 257 48 Bott'schen
2659 3964 130 65 Oper
2817 3963 108 49 sein.
2965 3964 65 47 Im
3063 3962 233 64 Uebrigen

1765 4043 118 48 reiht
1911 4043 92 48 sich
2032 4043 199 49 dieselbe
2262 4043 82 48 fast
2373 4042 85 49 den
2483 4058 172 49 ganzen
2677 4040 166 50 Abend
2875 4039 222 52 hindurch
3130 4039 164 51 mittels
