3553 4379
1739 130 60 51 83

151 286 170 60 Kunst,
364 283 104 53 dass
510 282 71 51 die
624 281 186 49 Herren
839 278 191 54 Dichter
1074 278 88 51 den
1192 275 192 53 Gemahl
1427 271 174 68 frostig,
1646 270 54 49 be-

148 389 137 52 quem
315 370 67 51 bis
420 386 104 32 zum
555 366 321 60 Uebermaass,
918 370 146 62 träge,
1110 380 82 34 vor
1229 361 132 66 jeder
1393 357 336 66 Anstrengung

143 451 358 53 zurückbebend
546 450 258 52 darstellen.
858 449 249 50 Trotzdem
1149 445 57 49 ist
1247 460 49 33 er
1327 441 124 49 nicht
1482 437 247 69 Philosoph

143 555 170 51 genug,
345 536 99 51 eine
466 536 124 51 Frau
621 554 54 30 zu
708 541 231 60 ertragen,
971 531 98 51 und
1099 526 285 58 beschiiesst,
1417 524 93 50 sich
1543 543 56 30 zu
1629 540 75 32 ver-

143 623 155 67 giften.
353 621 72 50 Da
466 620 178 51 kommt
684 617 172 69 gerade
909 631 83 33 zur
1022 612 192 51 rechten
1244 610 99 49 Zeit
1483 609 122 49 denn
1635 623 96 34 was

146 706 133 51 sollte
311 723 81 33 aus
425 705 81 51 der
527 704 228 52 Komödie
787 700 203 55 werden,
1022 714 137 33 wenn
1190 696 81 50 der
1290 694 119 50 Held
1440 694 44 48 in
1517 692 80 50 der
1623 691 87 51 drit-

146 799 80 43 ten
257 791 149 51 Scene
439 790 80 50 des
548 795 157 43 ersten
732 785 143 50 Actes
906 781 193 52 stürbe?
1135 812 90 28 —,
1258 779 94 49 also
1385 778 106 50 sehr
1522 795 56 31 zu
1609 776 98 68 gele-

146 893 143 51 gener
329 875 101 50 Zeit
470 875 179 49 kommt
692 870 81 50 der
815 869 179 48 Doctor
1040 864 202 58 Clifford,
1289 863 70 50 ein
1403 863 114 49 alter
1544 859 189 53 Freund

146 959 285 57 Evandale's,
464 957 83 49 der
579 954 109 51 aber
721 952 83 50 seit
832 950 104 50 fünf
952 949 172 51 Jahren
1148 948 71 49 für
1249 946 101 51 todt
1380 945 80 69 gilt
1492 945 94 50 und
1618 943 115 50 auch

148 1044 123 51 seine
304 1040 190 52 Gründe
525 1040 91 58 hat,
649 1039 75 48 für
755 1037 71 49 die
857 1035 136 52 Welt
1023 1034 103 51 todt
1155 1052 58 30 zu
1239 1030 198 61 bleiben,
1480 1029 94 51 und
1607 1029 101 51 dess-

147 1127 107 51 halb
288 1127 89 49 den
405 1125 179 51 Namen
614 1123 124 49 eines
771 1119 166 52 Grafen
969 1118 233 51 Kurakoff
1225 1117 140 50 führt.
1411 1115 66 49 Er
1507 1132 98 32 war
1634 1129 75 35 ver-

152 1211 244 59 heirathet,
429 1208 216 52 ebenfalls
677 1225 55 33 an
763 1206 71 49 ein
865 1202 405 66 liebenswürdiges
1301 1198 295 60 Teufelchen,
1635 1213 76 34 ver-

155 1296 105 49 liess
292 1294 77 60 sie,
415 1294 137 50 nahm
593 1291 228 52 russische
852 1289 206 57 Dienste,
1099 1286 162 49 wurde
1301 1301 91 33 von
1423 1282 88 51 den
1540 1282 168 51 Tscher-

150 1379 166 51 kessen
346 1378 240 69 gefangen,
617 1395 46 33 u.
689 1393 35 33 s.
748 1392 58 33 w.
842 1373 66 50 Er
939 1371 204 50 erinnert
1174 1369 153 50 seinen
1357 1366 188 52 Freund
1578 1383 55 32 an
1665 1364 71 51 ein

151 1465 114 49 altes
299 1462 334 70 Versprechen,
664 1463 220 63 vermöge
917 1457 165 49 dessen
1105 1453 232 52 Evandale
1367 1452 94 49 sich
1492 1449 213 70 verpflich-

148 1555 84 53 tet,
265 1547 93 51 ihm
390 1547 71 50 ein
491 1546 112 51 Jahr
632 1545 107 66 lang
779 1543 45 49 in
853 1541 152 49 Allem
1037 1538 245 69 gehorsam
1313 1555 57 32 zu
1403 1534 109 61 sein,
1555 1533 186 52 worauf

148 1632 121 51 dann
307 1632 83 51 der
430 1628 216 52 ärztliche
674 1626 189 52 Freund
904 1625 72 50 die
1007 1623 96 51 Cur
1144 1622 203 67 beginnt,
1393 1621 71 49 die
1508 1617 225 53 natürlich

148 1716 141 52 damit
329 1716 205 65 anfängt,
576 1714 104 49 dass
722 1712 80 50 das
835 1708 358 70 Opiumtrinken
1224 1706 67 49 bis
1323 1705 140 50 übers
1493 1703 113 51 Jahr
1634 1720 75 32 ver-

147 1807 102 61 tagt
278 1799 131 53 wird.
461 1797 185 52 Vorher
682 1796 169 67 jedoch
892 1795 108 49 thut
1040 1792 81 54 der
1152 1791 127 51 Lord
1319 1790 120 51 noch
1484 1788 71 51 ein
1597 1795 134 61 gutes

147 1884 184 53 Werk:
364 1901 51 32 er
445 1881 97 69 gibt
574 1881 81 50 der
684 1879 239 50 hübschen
942 1879 144 57 Dora,
1127 1875 195 51 Tochter
1343 1874 124 49 eines
1492 1872 242 68 Cigarren-

147 1968 307 53 Fabricanten
484 1966 43 50 in
556 1964 227 68 England,
816 1969 112 44 statt
959 1961 81 51 der
1072 1959 205 67 zwanzig
1295 1959 224 58 Guineen,
1550 1974 80 33 um
1663 1955 71 51 die

151 2053 63 52 sie
243 2053 78 50 ihn
353 2070 81 32 zur
463 2049 250 53 Rückkehr
757 2049 45 49 in
845 2048 70 49 ihr
945 2044 254 54 Vaterland
1240 2042 150 61 bittet,
1439 2040 299 52 dreihundert

151 2136 160 60 Stück,
355 2136 97 50 und
495 2134 154 51 macht
689 2133 65 50 sie
793 2133 237 58 herunter,
1083 2129 104 51 dass
1233 2128 63 50 sie
1342 2144 90 33 nur
1480 2144 51 33 so
1585 2125 153 67 wenig

152 2222 197 50 fordere.

269 2307 100 49 Der
398 2303 162 52 zweite
590 2302 92 50 Act
724 2300 127 51 führt
889 2317 89 33 uns
1009 2298 116 51 nach
1155 2295 214 69 England
1399 2294 45 51 in
1474 2294 71 51 die
1578 2293 130 68 Cigar-

151 2388 231 53 renfabrik
412 2388 79 49 des
515 2387 123 50 alten
661 2385 146 69 Toby,
837 2385 170 50 Vaters
1032 2383 81 49 der
1135 2383 144 57 Dora,
1309 2379 175 52 welche
1513 2378 224 51 während

153 2476 82 50 des
264 2473 368 51 Zwischenactes
663 2487 82 34 aus
778 2469 243 51 Ostindien
1060 2486 57 30 zu
1158 2467 93 48 ihm
1284 2463 452 67 zurückgekommen

153 2559 73 51 ist.
271 2559 205 51 Warum
519 2556 166 50 sollten
725 2554 95 50 also
851 2552 231 52 Evandale
1113 2549 96 52 und
1240 2548 188 51 Clifford
1459 2547 71 50 die
1559 2545 148 51 Ueber-

152 2642 122 52 fahrt
302 2641 124 52 nicht
457 2639 119 51 eben
608 2657 51 32 so
691 2637 174 52 schnell
895 2636 213 68 gemacht
1149 2633 184 51 haben?
1379 2633 98 48 Der
1521 2630 216 51 ärztliche

151 2724 204 63 Freund,
400 2724 71 51 die
511 2722 282 67 Vorsehung
845 2719 285 60 Evandale's,
1185 2718 80 50 hat
1317 2717 156 49 diesen
1515 2714 45 51 in
1605 2714 132 51 einen

157 2812 184 66 George
369 2811 200 49 Preston
599 2806 307 59 verwandelt;
945 2822 50 33 er
1026 2803 82 52 soll
1140 2803 71 51 die
1248 2801 257 67 Süssigkeit
1535 2799 83 51 der
1647 2799 60 50 Ar-

153 2895 96 50 beit
278 2895 183 50 kennen
489 2893 174 59 lernen,
693 2909 80 33 um
806 2891 80 49 das
909 2888 164 52 Leben
1103 2906 57 32 zu
1191 2886 230 51 schätzen.
1453 2884 149 50 Allein
1633 2901 105 33 man

155 2980 123 50 kann
307 2977 119 52 doch
458 2977 131 51 einen
611 2994 50 33 so
685 2975 301 52 verwöhnten
1008 2973 142 50 Mann
1179 2970 126 52 nicht
1334 2989 58 30 zu
1416 2968 146 51 einem
1587 2967 120 51 Grob-

157 3062 203 52 schmied
388 3062 45 50 in
463 3061 71 51 die
562 3060 154 51 Lehre
745 3058 140 51 thun!
943 3057 122 52 Was
1107 3056 59 49 ist
1207 3055 96 49 also
1334 3051 293 61 natürlicher,
1674 3052 64 50 als

160 3147 103 51 dass
293 3164 107 33 man
429 3146 77 50 ihn
537 3145 63 51 als
635 3141 391 70 Cigarrendreher
1055 3138 216 53 anstellt?
1317 3137 83 50 Als
1433 3137 186 50 solchen
1651 3135 65 50 fin-

158 3231 88 51 den
285 3230 85 51 wir
409 3230 45 49 in
494 3230 82 51 der
607 3229 120 49 That
769 3243 202 34 unseren
999 3224 165 52 Nabob
1205 3222 195 59 wieder;
1442 3239 51 32 er
1533 3220 207 52 verdient

155 3314 102 52 fünf
303 3314 191 66 Shilling
547 3311 184 69 täglich,
774 3310 167 51 raucht
979 3310 84 49 mit
1106 3309 218 66 Behagen
1369 3305 123 51 seine
1534 3304 204 68 Cigarre,

157 3400 60 51 ist
240 3398 221 68 glücklich
487 3396 96 50 und
604 3396 142 50 denkt
768 3394 124 51 nicht
915 3394 134 51 mehr
1072 3392 153 59 daran,
1257 3390 187 51 sterben
1474 3408 59 31 zu
1554 3389 180 50 wollen.

158 3485 72 50 Im
260 3480 284 70 Gegentheil,
590 3497 51 33 er
683 3478 213 52 wünscht
934 3476 126 52 nicht
1099 3475 125 51 bloss
1265 3475 73 51 für
1378 3474 108 59 sich,
1538 3472 202 51 sondern

160 3568 118 52 auch
306 3566 73 51 für
410 3565 72 51 ein
511 3564 191 51 anderes
729 3564 184 51 Wesen
942 3563 81 49 auf
1045 3560 157 53 Erden
1233 3578 57 32 zu
1319 3558 137 52 leben
1566 3558 73 49 für
1670 3556 71 54 die

160 3652 150 52 kleine
339 3653 143 57 Dora,
522 3649 71 50 die
622 3664 51 33 er
702 3645 123 60 liebt,
866 3646 96 50 und
1003 3645 71 51 die
1112 3645 94 50 ihm
1246 3644 118 51 auch
1407 3641 126 54 nicht
1571 3641 169 52 abhold

160 3737 72 58 ist,
264 3734 104 52 weil
400 3734 62 51 sie
492 3734 45 50 in
567 3732 82 50 der
679 3729 192 52 Stimme
903 3729 80 50 des
1014 3728 243 51 Arbeiters
1290 3728 99 49 eine
1420 3724 320 52 Aehnlichkeit

160 3820 83 51 mit
287 3820 83 51 der
414 3819 193 51 Stimme
646 3815 121 51 ihres
807 3812 308 53 ostindischen
1153 3812 330 53 Wohlthäters
1526 3809 216 51 entdeckt

161 3904 94 51 hat.
307 3903 145 61 Aber,
484 3902 106 52 ach!
622 3918 52 33 er
702 3900 58 51 ist
785 3898 45 68 ja
858 3895 335 54 verheirathet!
1235 3897 163 50 Dieses
1428 3893 314 53 Bewusstsein

163 3988 129 69 quält
320 3987 91 61 ihn,
454 4005 51 33 so
551 3987 105 49 dass
698 4002 51 33 er
790 3983 95 51 also
924 3980 80 51 auf
1028 3979 164 51 einmal
1234 3980 109 50 alles
1373 3980 94 60 hat,
1512 3994 94 35 was
1638 3977 104 52 dem

161 4071 254 53 Menschen
445 4071 79 50 das
548 4069 160 51 Leben
739 4086 104 33 zum
865 4064 160 54 Leben
1051 4062 179 53 macht:
1261 4062 167 53 Arbeit
1459 4062 93 52 und
1577 4060 164 54 Gefühl

166 4175 90 34 von
284 4154 186 53 Freude
499 4154 98 51 und
626 4153 235 52 Schmerz.

1949 271 76 51 Bis
2058 268 135 52 dahin
2222 267 59 51 ist
2310 266 127 51 Alles
2467 264 131 51 recht
2636 264 201 61 hübsch;
2891 283 49 34 es
2982 264 109 68 liegt
3123 263 99 51 eine
3251 263 148 51 Moral

1825 355 44 49 in
1900 355 81 50 der
2010 353 268 68 Handlung,
2309 350 88 53 wie
2429 350 64 50 sie
2524 350 70 49 die
2625 350 227 49 Komödie
2891 350 124 50 nicht
3055 348 162 51 besser
3248 347 153 67 geben

1825 437 134 60 kann,
1990 438 96 51 und
2117 438 70 50 die
2217 455 57 32 an
2306 436 70 51 die
2404 432 387 52 Raimund'schen
2823 433 169 50 Stücke
3022 433 43 50 in
3081 431 320 53 Deutschland

1826 522 216 50 erinnert.
2088 521 147 51 Allein
2259 540 89 32 von
2373 520 116 67 jetzt
2519 537 57 32 an
2607 517 116 51 wird
2754 517 71 50 die
2856 517 325 67 Verwicklung
3211 535 51 33 so
3294 516 107 52 echt

1826 604 292 59 französisch,
2150 605 100 49 dass
2282 623 104 33 man
2428 604 131 59 sieht,
2601 620 48 33 es
2697 601 57 51 ist
2795 601 86 50 den
2919 600 221 51 Dichtern
3190 619 89 32 nur
3319 619 80 32 um

1827 690 184 68 pikante
2051 690 157 65 Lagen
2249 690 94 51 und
2395 689 231 50 komische
2669 686 299 67 Wirkungen
3010 703 55 31 zu
3105 685 138 59 thun;
3286 685 115 51 wie

1827 774 62 49 sie
1920 770 345 67 herbeigeführt
2306 771 202 60 werden,
2547 772 59 50 ist
2636 771 137 50 ihnen
2805 770 108 51 sehr
2955 767 309 69 gleichgültig,
3304 769 95 49 und

1828 858 70 49 die
1930 854 521 52 allerverbrauchtesten
2479 855 406 51 Komödienmittel
2928 858 188 45 müssen
3147 849 254 62 herhalten,

1826 959 79 32 um
1938 940 70 51 die
2030 939 248 68 gehäuften
2293 938 602 50 Unwahrscheinlichkeiten
2919 938 118 52 auch
3065 938 73 50 für
3162 936 80 51 das
3266 935 109 51 nach-

1827 1025 234 67 sichtigste
2115 1023 244 50 Publicum
2410 1039 89 33 nur
2550 1021 171 68 einiger
2775 1023 212 49 Maassen
3032 1021 248 69 erträglich
3338 1039 59 32 zu

1827 1110 208 50 machen.

1954 1193 109 52 Wir
2093 1192 243 52 verliessen
2364 1190 88 50 den
2485 1189 224 69 glücklich
2740 1188 239 51 Geheilten
3007 1188 74 51 bei
3129 1190 154 50 seinen
3311 1192 59 49 Be-

1828 1278 308 67 trachtungen
2165 1277 118 50 über
2311 1275 71 51 die
2411 1274 190 51 Fesseln
2626 1274 147 50 seiner
2789 1273 207 49 Heirath.
3029 1273 72 49 Da
3118 1273 175 51 kommt
3322 1274 80 50 der

1828 1364 180 51 Doctor
2038 1362 95 51 und
2164 1360 119 51 zieht
2314 1359 69 52 die
2414 1359 199 66 Zeitung
2643 1377 88 32 von
2761 1357 209 68 Bombay
2992 1374 82 32 aus
3105 1357 81 49 der
3213 1357 190 50 Tasche.

1828 1448 168 69 Milady
2023 1447 231 52 Evandale
2284 1446 78 49 hat
2394 1444 109 61 sich,
2533 1443 88 52 wie
2662 1443 80 51 das
2771 1443 126 51 Blatt
2935 1440 242 61 berichtet,
3218 1442 82 49 mit
3340 1440 41 51 ei-

1830 1551 105 32 nem
1972 1532 331 67 geckenhaften
2343 1528 223 60 Anbeter,
2610 1528 81 50 der
2743 1527 117 51 auch
2910 1527 60 49 im
3003 1533 155 43 ersten
3186 1527 121 49 Acte
3337 1526 65 50 als

1830 1616 357 51 unbedeutende
2229 1616 179 48 Person
2460 1613 277 59 vorkommt,
2790 1611 296 67 eingeschifft,
3135 1628 79 33 um
3270 1611 131 49 ihren

1831 1701 448 67 durchgegangenen
2310 1697 192 51 Gemahl
2533 1696 322 49 aufzusuchen.
2899 1697 95 48 Das
3022 1694 286 69 Dampfboot
3344 1694 58 51 ist

1828 1785 83 50 mit
1939 1785 142 50 Mann
2110 1783 96 50 und
2220 1783 133 50 Maus
2385 1788 395 60 untergegangen.
2810 1778 183 69 Mylord
3021 1778 58 50 ist
3106 1778 93 51 frei.
3229 1778 174 51 Welch

1830 1870 100 49 eine
1959 1867 186 55 Freude
2174 1866 46 52 in
2250 1866 83 51 der
2364 1862 437 71 Cigarren-Fabrik!
2842 1862 160 50 Indess
3032 1862 83 51 der
3143 1861 109 49 Alte
3275 1861 130 51 theilt

1830 1954 63 50 sie
1924 1954 146 58 nicht;
2102 1969 50 33 er
2190 1952 60 50 ist
2293 1951 151 50 hinter
2485 1950 80 49 das
2606 1947 401 51 Einverständniss
3060 1946 80 51 des
3173 1945 232 50 Pärchens

1828 2039 277 67 gekommen
2136 2036 95 51 und
2260 2035 148 51 weis't
2446 2034 45 52 in
2536 2032 112 51 aller
2676 2031 336 52 Freundschaft
3043 2030 172 51 seinem
3245 2030 130 51 Gesel-

1828 2124 74 49 len
1935 2122 71 51 die
2037 2121 142 52 Thür.

1953 2209 55 48 In
2058 2205 264 52 demselben
2372 2201 320 70 Augenblicke
2747 2201 120 51 wirft
2922 2200 71 49 ein
3050 2199 353 68 ungeschickter

1827 2291 235 52 Kutscher
2091 2291 113 50 oder
2234 2290 71 50 ein
2334 2289 46 49 in
2408 2288 165 50 Livree
2603 2285 262 69 gesteckter
2891 2285 186 48 Dämon
3120 2284 132 49 einen
3280 2284 82 51 Wa-

1828 2395 91 50 gen
1945 2393 84 34 vor
2060 2374 101 51 dem
2188 2370 383 69 Fabrikgebäude
2601 2388 102 41 um;
2735 2369 71 49 die
2837 2368 164 49 beiden
3026 2366 258 52 Reisenden
3307 2365 99 52 sind

1831 2460 278 69 glücklicher
2132 2458 165 53 Weise
2326 2456 259 51 unverletzt
2613 2454 96 51 und
2737 2453 146 50 bitten
2912 2470 80 32 um
3024 2450 382 69 gastfreundliche

1830 2544 260 52 Aufnahme
2232 2559 49 33 es
2322 2540 100 52 sind
2458 2540 131 68 Lady
2629 2538 231 51 Evandale
2909 2535 97 51 und
3043 2536 69 49 ihr
3152 2535 255 68 Begleiter!

1834 2630 43 50 0
1910 2625 247 63 Schicksal,
2189 2625 80 51 das
2300 2625 57 50 ist
2387 2623 131 51 deine
2549 2622 180 50 Tücke!
2772 2622 42 49 0
2847 2619 174 61 Scribe,
3076 2619 78 51 das
3205 2619 57 50 ist
3303 2618 103 51 dein

1832 2712 280 52 Geschicke!
2229 2708 228 53 Dennoch
2486 2708 112 49 lässt
2629 2705 92 51 sich
2752 2705 123 51 nicht
2908 2704 213 67 läugnen,
3152 2703 104 51 dass
3283 2702 123 50 diese

1834 2801 147 48 Scene
2011 2796 106 50 dem
2148 2793 329 70 Componisten
2507 2792 337 51 willkommene
2888 2787 298 67 Gelegenheit
3217 2806 53 31 zu
3302 2804 67 32 mu-

1835 2881 255 53 sicalischer
2119 2878 314 67 Bearbeitung
2463 2876 111 69 gibt,
2606 2876 94 49 und
2719 2874 178 68 Halevy
2924 2873 79 50 hat
3032 2872 61 49 sie
3124 2870 281 53 vortrefflich

1834 2967 207 51 benutzt.
2085 2963 230 52 Evandale
2345 2962 144 51 bietet
2519 2961 148 49 seiner
2698 2958 155 50 Gattin
2885 2956 93 50 sein
3010 2972 165 51 ganzes
3205 2957 168 49 Vermö-

1836 3067 88 51 gen
1952 3050 75 48 für
2057 3048 71 50 die
2160 3046 264 66 Scheidung
2564 3041 266 68 vergebens.
2875 3038 194 52 Endlich
3100 3039 99 50 tritt
3222 3037 189 52 Clifford

1835 3154 24 31 e
1863 3136 10 48 j
1878 3154 29 31 n
1941 3151 157 32 —er
2142 3131 116 51 sieht
2306 3128 130 70 Lady
2472 3126 231 54 Evandale
2745 3144 106 31 zum
2904 3130 156 45 ersten
3096 3123 121 51 Male
3253 3138 157 35 —er

1834 3218 135 53 reisst
2030 3216 153 52 seinen
2226 3213 187 52 Freund
2470 3212 142 67 heftig
2667 3211 82 49 mit
2794 3208 94 51 sich
2936 3208 90 51 fort
3178 3208 83 51 der
3290 3208 89 50 Vor-

1835 3304 123 67 hang
1995 3301 108 50 fällt.

1961 3386 177 51 Dritter
2168 3384 104 50 Act.
2315 3382 87 54 Die
2430 3380 251 52 wüthende
2698 3378 131 69 Lady
2861 3377 123 70 (man
3013 3376 195 69 begreift
3238 3373 167 51 freilich

1835 3471 138 61 nicht,
2004 3488 193 40 warum,
2239 3467 119 51 denn
2399 3466 62 51 sie
2491 3465 121 49 kann
2641 3464 131 50 ihren
2803 3464 141 49 Mann
2984 3480 51 33 so
3065 3460 152 66 wenig
3245 3457 162 60 leiden,

1836 3556 86 51 wie
1953 3573 51 32 er
2034 3554 76 58 sie,
2140 3552 95 50 und
2267 3551 78 51 das
2375 3551 270 66 Vermögen
2676 3549 172 49 könnte
2880 3546 62 51 sie
2966 3546 47 67 ja
3043 3544 171 58 haben;
3253 3541 153 51 indess

1836 3639 191 51 freilich!
2072 3654 52 32 er
2168 3636 82 51 soll
2293 3635 127 52 nicht
2460 3632 226 69 glücklich
2725 3632 94 50 sein
2961 3627 159 52 Grund
3151 3643 156 50 genug
3336 3625 72 52 für

1837 3724 99 51 eine
1967 3721 166 51 unedle
2162 3719 190 70 Natur!)
2382 3720 80 48 hat
2494 3718 103 50 dem
2639 3716 122 51 alten
2799 3714 131 67 Toby
2971 3712 78 50 das
3091 3710 159 52 wahre
3289 3710 90 51 Ver-

1836 3804 191 52 hältniss
2060 3804 146 51 seines
2239 3804 213 51 Gesellen
2481 3800 245 52 verrathen
2865 3813 104 33 man
3015 3795 122 51 kann
3184 3794 92 51 sich
3321 3792 65 51 sei-

1836 3908 90 34 nen
1953 3892 127 49 Zorn
2108 3889 93 51 und
2231 3890 166 50 Dora's
2430 3886 215 51 Schmerz
2678 3881 192 60 denken,
2902 3880 122 51 denn
3050 3879 62 51 sie
3143 3879 129 60 fühlt,
3304 3878 104 50 dass

1839 3975 63 52 sie
1933 3974 125 51 liebt.
2102 3974 54 51 Ei
2187 3974 120 51 was!
2336 3972 154 52 wofür
2519 3968 146 51 haben
2695 3965 85 51 wir
2810 3965 122 50 denn
2963 3965 88 50 den
3081 3963 210 50 Doctor?
3342 3960 68 51 Er

1839 4059 101 51 tritt
1967 4059 89 59 auf,
2084 4057 98 68 gibt
2209 4055 169 52 seinem
2401 4050 214 55 Freunde
2636 4050 132 50 einen
2797 4048 147 52 Brief:
2978 4045 261 69 „Uebergib
3264 4045 147 51 dieses

1839 4144 125 51 Blatt
1995 4142 155 52 deiner
2178 4142 141 61 Frau,
2347 4137 95 53 und
2470 4135 61 51 du
2570 4133 92 52 bist
2701 4133 65 52 sie
3111 4130 188 68 Gesagt,
3331 4146 52 50 ge-
