2283 4155
351 933 364 81 REVUE
783 936 135 81 DE
987 938 127 82 LA
1185 941 647 97 QUINZAINE

208 1337 133 48 LES
367 1337 394 50 CONCERTS

88 1466 162 35 Concerts
289 1466 206 33 Chevillard
513 1473 8 22 :
560 1466 31 33 la
616 1466 79 32 Mer
697 1489 9 14 ,
734 1465 85 32 trois
862 1466 178 41 esquisses
1076 1466 274 42 symphoniques
1382 1465 40 33 de
1446 1466 137 32 Claude
1625 1465 171 42 Debussy.
1901 1466 169 35 Concerts

127 1514 156 33 Colonne
302 1528 6 18 :
343 1513 172 42 Wagner.

139 1649 98 40 Nos
268 1647 171 55 grands
465 1656 217 33 concerts
709 1655 82 34 ont
814 1655 205 44 rouvert,
1068 1647 40 41 le
1151 1646 25 57 i
1201 1646 25 57 5
1251 1646 199 57 octobre,
1478 1646 123 42 leurs
1643 1656 160 46 portes
1831 1647 233 56 assiégées

84 1722 81 42 par
188 1722 62 28 un
275 1709 161 55 public
461 1709 269 56 longtemps
757 1710 129 41 sevré
914 1709 57 42 de
1004 1709 159 41 bonne
1186 1709 218 54 musique
1429 1726 9 33 ;
1464 1717 44 32 et
1531 1708 80 42 dès
1631 1724 51 27 ce
1715 1709 205 55 premier
1939 1710 122 55 jour,

81 1770 58 41 ils
160 1785 119 27 nous
302 1780 83 33 ont
409 1772 158 41 donné
585 1785 93 28 une
703 1785 160 29 œuvre
886 1771 217 43 nouvelle
1131 1772 55 41 de
1228 1771 179 42 Claude
1448 1771 236 55 Debussy,
1714 1771 78 55 qui
1821 1780 69 33 est
1912 1771 151 55 parmi

81 1832 66 41 les
167 1833 104 54 plus
294 1833 165 51 belles,
486 1833 68 42 les
578 1835 107 53 plus
710 1833 375 50 harmonieuses,
1117 1832 67 41 les
1209 1833 106 55 plus
1338 1832 403 50 enchanteresses,
1769 1842 44 32 et
1834 1846 57 28 en
1910 1833 151 40 même

81 1902 149 46 temps
257 1894 67 42 les
346 1894 107 56 plus
485 1896 152 54 larges
660 1904 44 33 et
729 1895 66 41 les
819 1895 107 55 plus
951 1894 267 55 puissantes
1245 1908 96 27 non
1364 1895 262 41 seulement
1666 1895 57 41 de
1751 1895 44 41 la
1826 1894 237 55 musique,

83 1956 113 41 mais
222 1957 56 41 de
304 1957 101 41 Fart
427 1965 104 33 tout
556 1957 164 50 entier,
737 1966 45 33 et
805 1958 41 53 je
869 1957 142 42 dirais
1036 1970 203 42 presque
1266 1957 113 41 delà
1404 1966 182 45 nature,
1612 1965 99 33 tant
1735 1970 62 27 on
1821 1970 47 27 se
1892 1965 168 32 trouve

81 2018 58 42 ici
162 2027 105 33 tout
289 2019 107 54 près
429 2019 82 42 des
537 2019 246 49 éléments,
800 2027 43 33 et
868 2032 185 28 comme
1081 2019 25 40 à
1131 2020 151 40 même
1308 2018 66 42 les
1401 2019 185 41 choses.
1618 2019 99 41 Une
1750 2018 90 41 fois
1867 2018 193 53 déplus,

81 2080 41 42 le
151 2082 148 53 grand
321 2080 136 42 Initié
483 2095 25 27 a
530 2081 191 42 soulevé
746 2081 43 41 le
809 2080 123 44 voile
946 2080 151 53 d'lsis,
1119 2089 44 32 et
1188 2089 117 32 cette
1331 2080 89 41 fois
1447 2094 51 27 ce
1524 2081 118 41 n'est
1666 2080 107 54 plus
1799 2079 262 42 seulement

83 2155 82 28 son
188 2143 294 55 langoureux
508 2142 181 42 sourire
729 2142 80 55 qui
856 2157 121 27 nous
1017 2152 70 31 est
1111 2155 192 42 apparu,
1339 2155 184 28 comme
1571 2143 116 40 dans
1731 2141 28 41 Y
1762 2141 301 56 Après-Midi

81 2204 100 42 d'un
198 2205 162 41 Faune
382 2218 10 39 ;
425 2206 112 40 c'est
562 2218 87 28 son
673 2205 203 55 glauque
915 2205 182 54 regard,
1124 2203 172 55 pensif,
1322 2203 192 54 pénétré
1560 2204 108 40 d'on
1694 2217 57 27 ne
1792 2203 87 41 sait
1903 2204 155 53 quelle

81 2267 177 41 sereine
271 2266 296 53 mélancolie,
585 2275 45 33 et
654 2281 184 27 comme
853 2265 146 43 fermé
1027 2280 78 28 sur
1118 2280 63 27 un
1203 2267 173 40 monde
1403 2266 55 41 de
1480 2266 271 41 tendresses
1776 2265 282 42 inconnues.

78 2329 170 41 Jamais
269 2329 32 40 il
327 2343 57 27 ne
411 2331 97 40 s'en
539 2338 70 32 est
633 2327 115 44 fallu
773 2329 55 41 de
856 2328 37 41 si
931 2342 94 41 peu
1058 2342 90 41 que
1188 2328 42 41 le
1273 2327 202 56 mystère
1522 2328 150 41 entier
1698 2327 61 42 du
1801 2327 173 42 monde
2000 2341 58 27 ne

78 2403 117 29 nous
216 2390 70 42 fût
315 2391 170 43 révélé.

134 2453 128 43 Cette
295 2453 301 55 impression,
634 2453 79 54 qui
760 2462 68 32 est
852 2453 42 41 la
929 2453 204 53 mienne,
1161 2460 44 33 et
1232 2453 108 40 s'est
1364 2451 215 56 emparée
1605 2452 56 41 de
1696 2451 94 41 moi
1829 2464 112 29 avec
1965 2465 94 28 une

75 2529 200 42 presque
299 2515 321 42 douloureuse
644 2515 231 51 violence,
904 2515 73 40 n'a
993 2515 138 54 point
1155 2515 70 40 été
1259 2514 236 55 partagée,
1536 2515 40 53 je
1609 2513 42 41 le
1677 2513 108 49 sais,
1805 2527 82 41 par
1934 2514 101 54 quel-

78 2591 230 42 ques-uns
334 2579 55 40 de
409 2591 97 28 mes
535 2577 256 50 confrères,
816 2586 45 32 et
882 2590 94 29 non
996 2577 80 41 des
1103 2575 257 43 moindres.
1390 2578 71 39 On
1487 2589 25 27 a
1533 2575 229 55 reproché
1789 2575 24 41 à
1840 2575 220 55 Debussy

78 2641 54 41 de
156 2653 120 28 nous
309 2639 126 43 avoir
459 2640 271 55 représenté
757 2653 95 27 non
877 2639 45 41 la
943 2653 97 27 mer
1064 2648 103 32 tout
1192 2638 194 53 entière,
1414 2637 117 42 mais
1552 2651 65 27 un
1644 2637 100 42 seul
1768 2637 56 42 de
1865 2650 74 28 ses
1983 2651 50 27 as-

74 2712 146 45 pects,
247 2711 43 32 et
311 2715 172 29 encore
510 2711 72 32 cet
606 2710 161 47 aspect
792 2702 121 41 a-t-il
942 2715 117 40 paru
1082 2702 22 40 à
1131 2701 340 54 quelques-uns
1503 2709 105 45 trop
1642 2699 214 41 souriant
1887 2708 45 32 et
1976 2713 55 27 en-

76 2764 195 42 soleillé.
299 2765 177 55 Malgré
498 2764 66 41 les
611 2764 105 52 plus
743 2763 214 41 louables
985 2762 179 52 efforts,
1191 2763 41 54 je
1259 2776 57 28 ne
1341 2761 106 55 puis
1474 2761 311 55 comprendre
1819 2775 76 27 ces
1932 2761 107 41 criti-

75 2839 130 42 ques.
239 2827 37 40 Il
308 2841 55 28 va
384 2840 108 28 sans
508 2826 98 41 dire
633 2839 106 42 que,
767 2825 150 56 pareil
943 2839 57 28 au
1019 2825 183 55 peintre
1226 2823 80 55 qui
1327 2823 91 42 fixe
1442 2837 65 28 un
1531 2836 204 43 paysage
1760 2836 133 27 aune
1915 2823 145 41 heure

73 2888 179 54 précise
285 2889 62 40 du
371 2889 105 54 jour
502 2897 43 32 et
571 2902 110 27 sous
706 2902 65 27 un
797 2887 231 54 éclairage
1055 2886 278 49 déterminé,
1372 2886 180 40 Claude
1577 2885 220 55 Debussy
1821 2885 75 40 n'a
1915 2884 146 42 voulu

75 2950 243 54 exprimer,
342 2963 58 28 en
422 2951 182 39 chacun
634 2950 55 40 de
723 2963 72 27 ses
820 2949 236 48 tableaux,
1077 2950 144 52 qu'un
1241 2947 102 42 seul
1363 2956 211 32 moment
1602 2956 44 31 et
1690 2961 93 26 une
1820 2947 128 40 seule
1980 2945 56 41 im-

71 3012 216 54 pression
307 3030 10 32 ;
336 3025 121 42 pour
476 3011 310 54 comprendre
806 3018 156 33 toutes
988 3010 65 41 les
1082 3023 289 42 apparences
1398 3010 56 40 de
1481 3009 43 40 la
1553 3022 113 38 mer,
1694 3022 86 27 son
1800 3020 159 29 œuvre
1985 3007 78 41 eût

73 3074 61 40 dû
158 3074 191 55 remplir
376 3072 243 43 l'éternité.
652 3072 120 41 Mais
800 3086 57 27 en
891 3072 182 40 chacun
1086 3072 55 40 de
1168 3085 76 27 ces
1273 3070 115 42 trois
1416 3070 219 55 épisodes
1659 3070 138 41 d'une
1825 3069 236 42 existence

72 3134 177 55 infinie,
268 3136 112 54 qu'il
405 3136 184 41 intitule
610 3136 70 40 De
705 3134 145 41 Vaube
863 3135 26 40 à
908 3134 113 41 midi
1045 3145 81 29 sur
1148 3132 45 42 la
1217 3146 115 38 mer,
1357 3133 125 41 Jeux
1506 3133 52 40 de
1581 3145 171 43 vagues
1767 3140 45 32 et
1828 3132 235 55 Dialogue

69 3197 57 42 du
149 3207 103 34 vent
282 3208 43 31 et
351 3199 54 41 de
430 3199 45 40 la
500 3211 100 28 mer
604 3232 10 15 ,
641 3196 32 41 il
699 3210 25 28 a
757 3210 53 27 su
837 3195 114 42 faire
993 3195 124 41 tenir
1162 3202 105 33 tout
1311 3207 51 27 ce
1407 3193 111 55 qu'il
1555 3203 129 31 entre
1722 3193 57 41 de
1818 3192 158 40 lueurs
2016 3201 45 32 et

73 3260 233 42 d'ombres
329 3269 297 40 mouvantes,
650 3259 56 41 de
725 3271 211 29 caresses
960 3265 44 33 et
1026 3256 57 41 de
1106 3269 283 36 murmures,
1418 3255 55 41 de
1521 3255 235 40 douceurs
1800 3253 259 41 attendries

73 3330 42 33 et
137 3323 57 41 de
218 3322 126 43 vives
372 3321 197 52 colères,
597 3323 56 40 de
680 3321 189 41 charme
896 3319 252 42 séducteur
1189 3326 44 33 et
1258 3317 56 41 de
1342 3316 229 41 soudaine
1593 3316 191 55 gravité,
1830 3315 115 40 dans
1977 3328 77 28 ces

68 3383 104 43 flots
208 3385 115 41 dont
356 3384 200 55 Eschyle
598 3382 208 43 chantait
836 3383 41 40 le
915 3396 24 27 «
973 3380 182 42 sourire
1191 3378 334 42 innombrable
1568 3392 39 27 ».
1646 3378 71 40 Ne
1758 3389 173 41 soyons
1971 3390 83 40 pas

69 3455 105 47 trop
200 3446 342 56 romantiques.
571 3448 70 39 Ne
673 3444 264 43 cherchons
961 3457 84 40 pas
1085 3443 25 40 à
1136 3441 243 49 entendre,
1424 3441 116 40 dans
1566 3439 41 41 le
1629 3438 317 41 bruissement
1970 3439 83 40 des

69 3522 187 42 vagues,
291 3509 82 42 des
401 3508 338 56 imprécations
779 3507 117 42 dont
918 3505 113 42 elles
1063 3517 57 28 ne
1151 3517 49 28 se
1223 3503 212 41 soucient
1452 3500 140 57 guère
1613 3516 8 31 ;
1658 3514 56 26 ne
1751 3498 300 42 maudissons

69 3584 80 41 pas
189 3572 44 40 la
257 3570 312 56 naufrageuse
596 3570 79 56 qui
721 3583 58 28 ne
817 3577 113 47 peut
982 3580 120 28 nous
1146 3566 117 49 haïr,
1306 3563 280 56 puisqu'elle
1626 3576 121 27 nous
1780 3561 162 56 ignore
1969 3576 10 37 ;
2006 3568 47 35 et

69 3632 182 44 aimons
286 3634 67 41 les
386 3634 168 42 choses
591 3636 284 47 naïvement,
895 3631 200 54 [comme
1121 3629 81 40 des
1228 3627 144 42 amies
1396 3636 105 45 trop
1527 3625 216 56 grandes,
1773 3637 121 42 pour
1930 3639 118 28 nous

69 3697 242 41 connaître
338 3695 180 55 jamais,
552 3695 117 42 mais
695 3694 244 43 tellement
961 3692 107 55 plus
1091 3690 145 43 belles
1256 3703 90 41 que
1367 3702 119 28 nous
1508 3691 7 39 !
