2283 4155
730 145 162 29 REVUE
929 145 62 29 DE
1029 145 58 29 LA
1124 144 266 37 QUINZAINE

2043 185 0 0 501

132 350 87 40 Les
243 345 231 41 titulaires
502 346 55 40 de
584 358 76 28 ces
686 358 250 30 nouveaux
972 361 140 29 cours
1146 358 106 32 sont
1277 362 8 29 :
1315 350 103 41 Mme
1442 347 240 45 Gravollet
1709 362 121 42 pour
1872 348 41 40 le
1963 348 68 40 sol-

78 412 113 54 fège,
235 407 99 42 Mlle
357 409 109 40 Nun
508 421 121 40 pour
675 407 40 41 le
760 409 318 54 contrepoint,
1106 411 105 40 Mme
1235 412 188 51 Tracol,
1466 412 44 41 la
1555 411 229 43 créatrice
1825 410 228 42 d'Alceste

77 477 21 38 à
141 470 230 56 Avignon,
417 478 44 33 et
492 471 102 39 Mme
640 470 194 42 Bataille
860 484 124 42 pour
1026 472 40 41 le
1103 473 155 52 chant,
1310 473 116 44 MM.
1463 472 220 55 Lefeuve,
1715 472 165 43 ancien
1920 472 130 41 élève

78 532 218 58 diplômé,
319 545 121 41 pour
467 532 42 41 le
542 531 177 52 violon,
772 546 14 26 i
797 539 33 20 er
870 533 160 54 degré,
1065 543 43 32 et
1153 536 173 40 Nestor
1374 536 205 55 Lejeune
1621 550 122 42 pour
1787 536 41 40 le
1870 533 180 52 violon,

80 609 41 31 2e
139 595 153 54 degré.

130 656 237 55 Quelques
412 656 337 55 changements
816 665 83 31 ont
944 669 56 27 eu
1052 656 95 42 lieu
1191 658 117 41 dans
1358 658 42 41 le
1447 660 253 53 personnel
1736 658 277 55 enseignant
2040 671 9 27 :

80 722 72 40 MH
156 729 17 23 e
196 718 153 41 Glaire
393 719 178 54 Hugon
607 726 70 33 est
711 718 220 41 nommée
962 718 207 44 titulaire
1197 720 62 40 du
1301 734 140 27 cours
1487 720 306 51 d'harmonie,
1839 720 211 49 femmes,

78 780 151 44 donné
263 780 334 55 précédement
618 793 83 40 par
731 781 45 39 M
783 781 43 25 lle
848 780 113 41 Nun
989 794 9 36 ;
1029 781 347 43 MUeAdrienne
1395 782 236 52 Pelletier,
1649 782 127 43 élève
1799 782 252 56 diplômée,

75 851 185 49 partage
286 855 110 29 avec
423 842 47 40 M
476 843 23 25 u
504 853 18 21 e
548 842 248 41 Duranton
841 840 41 42 la
931 840 234 44 direction
1201 843 63 42 du
1285 857 140 28 cours
1473 845 55 41 de
1550 844 141 54 piano
1719 845 60 41 du
1811 858 20 27 2
1839 870 15 19 e
1894 844 157 55 degré,

76 907 209 48 femmes,
309 917 58 28 en
400 912 125 33 sorte
553 916 90 42 que
670 917 50 28 ce
755 917 156 38 cours,
948 903 82 56 qui
1057 905 157 42 n'était
1255 905 453 55 qu'hebdomadaire
1734 907 91 40 l'an
1850 905 201 52 dernier,

76 981 100 29 sera
201 966 157 42 donné
383 966 294 41 dorénavant
699 966 122 41 deux
840 964 91 43 fois
954 979 83 41 par
1064 966 222 43 semaine.

129 1031 64 41 M.
219 1027 144 43 Louis
397 1028 55 42 de
480 1028 177 49 Serres,
682 1027 37 41 si
761 1028 182 41 dévoué
990 1028 24 41 à
1059 1028 43 41 la
1141 1029 168 41 Schola
1350 1028 165 54 depuis
1553 1029 231 54 toujours,
1812 1043 24 27 a
1863 1030 189 54 accepté

78 1093 137 40 d'être
238 1089 207 43 titulaire
471 1089 63 42 du
585 1102 136 29 cours
776 1090 55 41 de
876 1089 315 42 déclamation
1237 1089 197 56 lyrique,
1479 1103 56 29 en
1578 1091 367 54 remplacement
1995 1092 57 41 de

78 1155 61 41 M.
163 1152 194 43 Charles
382 1152 179 40 Bordes
595 1150 78 56 qui
697 1164 47 29 se
766 1150 90 42 fixe
884 1152 24 40 à
935 1151 319 55 Montpellier,
1286 1165 58 27 au
1367 1150 153 43 moins
1559 1165 121 41 pour
1726 1161 119 33 cette
1887 1154 165 50 année,

78 1215 112 43 mais
215 1213 81 57 qui
315 1221 121 33 reste
459 1212 268 55 inspecteur
760 1213 80 41 des
863 1212 163 41 études
1060 1213 56 41 de
1143 1213 155 41 chant.

131 1276 156 50 Enfin,
315 1275 68 43 M.
417 1275 269 42 Cornubert
709 1283 244 46 partagera
975 1288 109 29 avec
1108 1276 64 41 M.
1193 1274 274 42 Cazeneuve
1492 1275 44 42 la
1560 1274 231 43 direction
1814 1275 61 41 du
1914 1289 138 28 cours

79 1340 155 52 chant,
259 1338 231 42 hommes.

134 1402 64 41 La
224 1399 168 43 Schola
420 1411 48 30 se
486 1397 174 44 félicite
683 1398 174 43 d'avoir
880 1413 64 41 pu
970 1399 263 49 s'attacher,
1262 1412 56 28 en
1367 1398 176 55 qualité
1587 1399 55 41 de
1679 1397 271 56 professeur
1996 1399 56 40 de

78 1464 153 50 chant,
256 1475 93 29 une
369 1460 157 43 artiste
553 1461 56 42 de
628 1461 43 41 la
695 1461 160 42 valeur
876 1461 55 42 de
960 1461 104 41 Mme
1084 1460 194 42 Bataille
1304 1460 95 55 qui,
1434 1460 134 55 après
1592 1473 92 28 une
1708 1459 197 42 carrière
1931 1459 99 41 mili-

78 1534 124 34 tante
231 1524 82 42 des
336 1522 157 42 mieux
522 1522 237 55 remplies,
779 1523 110 41 s'est
903 1522 251 42 consacrée
1181 1524 23 39 à
1222 1520 385 57 renseignement
1632 1530 45 32 et
1708 1535 25 28 a
1750 1521 111 42 bien
1912 1521 143 42 voulu

81 1587 110 43 faire
215 1585 194 57 profiter
433 1585 68 42 les
521 1584 153 43 élèves
701 1585 56 41 de
784 1598 86 28 son
888 1584 146 43 talent
1056 1584 37 41 si
1119 1584 161 55 réputé
1317 1592 44 33 et
1403 1583 55 42 de
1482 1596 86 29 son
1594 1582 293 55 expérience.

136 1650 64 41 Le
219 1661 217 29 nouveau
471 1660 137 28 cours
634 1647 56 41 de
711 1646 160 42 violon
897 1647 62 41 du
983 1660 21 27 2
1010 1653 14 18 e
1075 1646 139 55 degré
1247 1660 24 27 a
1303 1645 71 42 été
1397 1644 151 42 confié
1600 1645 114 41 aM.
1760 1646 173 40 Nestor
1972 1646 56 40 Le-

80 1712 151 55 jeune,
257 1710 42 41 le
320 1709 210 43 virtuose
556 1709 110 41 bien
691 1722 173 39 connu,
891 1709 187 41 instruit
1104 1709 91 40 àla
1227 1708 174 54 grande
1428 1707 130 42 école
1609 1706 240 55 d'Eugène
1884 1708 168 54 Ysaye.

137 1775 88 40 Les
254 1771 256 43 demandes
537 1771 56 40 de
654 1771 186 42 bourses
891 1780 43 33 et
973 1770 328 41 demi-bourses
1348 1768 191 43 doivent
1585 1769 95 42 être
1716 1769 228 54 déposées
1997 1783 58 27 au

82 1833 279 44 Secrétariat
386 1839 137 35 avant
547 1832 42 41 le
613 1833 51 39 25
694 1832 265 52 décembre,
1002 1832 187 41 dernier
1211 1830 123 42 délai
1339 1865 11 19 ,
1384 1831 25 41 à
1433 1830 219 42 l'adresse
1672 1830 55 42 de
1768 1831 64 41 M.
1873 1831 42 41 le
1951 1830 80 42 Pré-

80 1896 154 42 sident
258 1896 63 41 du
338 1893 179 43 conseil
545 1893 441 43 d'administration.

134 1958 34 41 Il
190 1970 102 29 sera
323 1957 150 42 statué
502 1969 77 28 sur
605 1969 76 28 ces
732 1956 258 41 demandes
1011 1956 100 40 àla
1133 1954 118 42 suite
1275 1955 80 40 des
1382 1966 220 30 examens
1625 1954 62 41 du
1720 1968 11 27 i
1745 1962 33 18 er
1801 1955 252 41 trimestre.

135 2022 63 40 M.
221 2019 156 42 Pierre
426 2018 179 54 Aubry,
657 2018 208 41 membre
911 2018 63 40 du
1019 2016 179 43 conseil
1246 2015 438 50 d'administration,
1760 2025 69 33 est
1864 2016 190 40 nommé

78 2083 266 54 Inspecteur
367 2080 73 42 des
473 2079 155 42 études
634 2110 10 10 .
671 2079 37 40 Il
741 2088 69 32 est
832 2088 104 31 tout
962 2078 334 55 spécialement
1336 2077 167 54 chargé
1550 2090 83 41 par
1682 2077 42 41 le
1773 2077 178 42 conseil
1998 2078 56 40 de

80 2143 62 41 lui
174 2142 165 43 établir
381 2154 65 28 un
478 2149 193 47 rapport
696 2149 287 33 concernant
1028 2140 25 39 Y
1060 2140 262 41 exactitude
1370 2147 44 33 et
1454 2138 256 42 Yassiduité
1767 2140 80 40 des
1903 2139 151 42 élèves

81 2219 86 27 aux
193 2217 137 29 cours
348 2202 226 56 auxquels
600 2203 55 41 ils
675 2211 106 32 sont
804 2201 204 42 inscrits.
1031 2203 94 40 Des
1147 2199 304 44 conclusions
1471 2199 56 42 de
1550 2213 50 28 ce
1615 2210 191 45 rapport
1820 2201 237 54 dépendra

78 2266 278 43 l'obtention
381 2265 82 42 des
487 2265 198 42 bourses
718 2272 45 33 et
779 2262 359 43 demi-bourses.

135 2378 185 40 Boston.
443 2375 75 41 On
540 2387 121 28 nous
687 2372 287 55 télégraphie
996 2373 42 41 le
1063 2385 296 42 programme
1394 2373 185 41 suivant
1621 2373 79 59 qui
1725 2382 68 32 est
1832 2373 120 42 celui
1974 2373 82 42 des

80 2446 212 33 concerts
320 2450 88 41 que
432 2436 64 41 M.
525 2436 165 54 d'lndy
712 2448 57 28 va
790 2434 170 55 diriger
986 2448 57 28 en
1066 2434 247 42 décembre
1349 2434 230 54 prochain
1602 2436 23 39 à
1668 2436 176 40 Boston
1879 2436 39 53 (2
1943 2448 85 28 con-

80 2498 154 55 certs),
259 2497 343 55 Philadelphie,
626 2496 268 51 Baltimore,
912 2497 332 55 Washington,
1266 2497 317 55 New-York(2
1603 2498 231 53 concerts)
1855 2507 43 31 et
1914 2498 116 40 Broo-

80 2561 108 56 klyn
215 2576 9 27 :

356 2638 54 43 E.
447 2638 247 40 CHAUSSON
722 2652 8 26 :
772 2636 289 54 Symphonie.

351 2699 56 43 V.
435 2700 161 39 D'INDY
619 2712 9 26 :
766 2698 138 50 Istar,
932 2698 151 53 Sauge
1104 2698 178 49 fleurie,
1305 2698 30 41 2
1338 2709 15 19 Q
1376 2697 294 54 Symphonie.

354 2761 82 42 CL.
464 2761 215 40 DEBUSSY
703 2773 8 27 :
760 2759 198 41 Prélude
981 2759 21 40 à
1020 2759 321 53 ÏAprès-Midi
1364 2759 98 42 d'un
1487 2760 174 43 lîaune.

355 2823 54 42 G.
445 2822 162 42 FAURÉ
635 2837 8 25 :
772 2820 187 43 Pelléas
978 2825 43 37 et
1038 2821 274 42 Mélisande.

354 2885 110 40 CES.
492 2885 193 39 FRANCK
712 2897 9 27 :
783 2881 130 43 Suite
934 2881 114 42 tirée
1068 2883 56 40 de
1146 2883 199 54 Psyché.

356 2947 53 41 P.
435 2947 161 40 DUKAS
624 2958 9 27 :
769 2943 287 55 L'Apprenti
1071 2945 201 40 sorcier.

134 3046 172 42 Disons
331 3059 170 28 encore
522 3058 90 42 que
648 3044 65 41 M.
746 3042 183 53 d'lndy,
953 3039 199 42 sollicité
1173 3053 83 42 par
1298 3039 66 42 les
1398 3048 232 33 amateurs
1674 3037 279 43 américains
2000 3037 58 42 de

82 3121 56 28 ne
160 3108 115 43 faire
301 3107 226 42 entendre
561 3119 89 42 que
676 3105 56 41 de
759 3118 74 28 ses
874 3116 203 36 œuvres,
1120 3116 25 26 a
1188 3109 115 33 tenu
1344 3101 276 42 noblement
1670 3101 24 41 à
1738 3101 182 41 donner
1964 3111 93 29 une

80 3169 102 43 idée
205 3170 287 42 d'ensemble
515 3170 55 40 de
597 3168 43 42 la
663 3166 217 54 musique
904 3163 233 55 française
1162 3163 246 42 moderne.

134 3281 60 39 M.
221 3278 204 42 Maurice
471 3276 143 44 Ravel
658 3274 203 56 reprend
908 3285 73 29 ses
1022 3285 138 28 cours
1195 3279 44 33 et
1274 3270 160 54 leçons
1473 3271 56 40 de
1571 3268 329 56 composition,
1946 3267 112 41 chez

80 3341 113 41 Miles
220 3340 286 54 Chaigneau,
539 3339 95 50 162,
659 3349 177 30 avenue
857 3334 353 53 Victor-Hugo.
1239 3333 73 40 On
1339 3332 87 41 sait
1445 3340 107 45 trop
1585 3342 51 30 ce
1675 3343 89 42 que
1798 3342 120 28 nous
1947 3340 84 44 pen-

80 3416 109 28 sons
210 3403 56 41 de
291 3401 65 42 lui
380 3414 121 42 pour
522 3413 90 42 que
633 3412 124 29 nous
783 3396 238 56 ajoutions
1047 3396 25 41 à
1096 3408 87 28 son
1206 3407 130 34 nom,
1362 3392 103 55 déjà
1491 3393 196 52 illustre,
1726 3404 64 28 un
1832 3390 98 42 seul
1963 3398 98 33 mot

82 3466 53 40 de
160 3462 456 44 recommandation.

135 3567 58 40 M.
222 3565 145 42 Henri
391 3564 174 42 Dallier
590 3570 70 33 est
684 3559 187 43 nommé
894 3557 238 55 organiste
1157 3556 54 41 de
1236 3556 43 40 la
1296 3553 269 43 Madeleine
1595 3565 58 29 en
1694 3552 367 55 remplacement

82 3627 55 41 de
163 3627 63 42 M.
251 3625 189 43 Gabriel
463 3624 164 42 Fauré.
654 3624 179 40 Toutes
859 3634 87 28 nos
968 3617 304 45 félicitations
1317 3617 24 40 à
1362 3615 240 42 réminent
1644 3614 175 51 artiste,
1865 3614 115 41 dont
2028 3613 33 41 il

83 3701 119 29 nous
228 3702 25 28 a
278 3687 70 43 été
374 3688 156 42 donné
551 3683 303 57 d'apprécier,
880 3683 24 41 à
929 3681 198 42 maintes
1160 3678 216 56 reprises,
1410 3678 41 42 le
1477 3676 112 56 goût
1614 3685 44 33 et
1682 3676 191 56 l'esprit.
