<?xml version="1.0" encoding="UTF-8"?>
<alto xmlns:xsi="http://www.w3.org/2001/XMLSchema-instance" xmlns="http://www.loc.gov/standards/alto/ns-v2#" xsi:schemaLocation="http://www.loc.gov/standards/alto/ns-v2# http://www.loc.gov/standards/alto/alto-v2.0.xsd" xmlns:xlink="http://www.w3.org/1999/xlink">
	<Description>
		<MeasurementUnit>mm10</MeasurementUnit>
		<sourceImageInformation>
			<fileName>//fileserver7/IN2/Princeton/Batch3/bmtnabh/1905/11/01_01/00000525.tif</fileName>
		</sourceImageInformation>
		<OCRProcessing ID="OCRPROCESSING_1">
			<preProcessingStep>
				<processingSoftware>
					<softwareCreator>CCS Content Conversion Specialists GmbH, Germany</softwareCreator>
					<softwareName>CCS docWORKS</softwareName>
					<softwareVersion>6.6-1.18</softwareVersion>
				</processingSoftware>
			</preProcessingStep>
			<ocrProcessingStep>
				<processingSoftware>
					<softwareCreator>ABBYY (BIT Software), Russia</softwareCreator>
					<softwareName>FineReader</softwareName>
					<softwareVersion>10.0</softwareVersion>
				</processingSoftware>
			</ocrProcessingStep>
		</OCRProcessing>
	</Description>
	<Styles>
		<TextStyle ID="TXT_0" FONTSIZE="16" FONTFAMILY="Times New Roman"/>
		<TextStyle ID="TXT_1" FONTSIZE="12" FONTFAMILY="Times New Roman"/>
		<TextStyle ID="TXT_2" FONTSIZE="19" FONTFAMILY="Times New Roman"/>
		<TextStyle ID="TXT_3" FONTSIZE="19" FONTFAMILY="Times New Roman" FONTSTYLE="italics"/>
		<ParagraphStyle ID="PAR_RIGHT" ALIGN="Right"/>
		<ParagraphStyle ID="PAR_LEFT" ALIGN="Left"/>
	</Styles>
	<Layout>
		<Page ID="P31" PHYSICAL_IMG_NR="31" HEIGHT="4155" WIDTH="2283" PC="0.896">
			<TopMargin ID="P31_TM00001" HPOS="0" VPOS="0" WIDTH="2283" HEIGHT="225">
				<TextBlock ID="P31_TB00001" HPOS="1995" VPOS="170" WIDTH="88" HEIGHT="55" STYLEREFS="TXT_0 PAR_RIGHT">
					<TextLine ID="P31_TL00001" HPOS="1996" VPOS="170" WIDTH="86" HEIGHT="55">
						<String ID="P31_ST00001" HPOS="1996" VPOS="170" WIDTH="86" HEIGHT="55" CONTENT="485" WC="0.80" CC="050"/>
					</TextLine>
				</TextBlock>
				<TextBlock ID="P31_TB00002" HPOS="798" VPOS="175" WIDTH="591" HEIGHT="39" STYLEREFS="TXT_1 PAR_LEFT">
					<TextLine ID="P31_TL00002" HPOS="798" VPOS="176" WIDTH="591" HEIGHT="38">
						<String ID="P31_ST00002" HPOS="798" VPOS="176" WIDTH="213" HEIGHT="32" CONTENT="MIETTES" WC="0.99" CC="4205403"/>
						<SP ID="P31_SP00001" HPOS="1011" VPOS="208" WIDTH="38"/>
						<String ID="P31_ST00003" HPOS="1049" VPOS="178" WIDTH="340" HEIGHT="36" CONTENT="HISTORIQUES" WC="0.99" CC="46000602400"/>
					</TextLine>
				</TextBlock>
			</TopMargin>
			<LeftMargin ID="P31_LM00001" HPOS="0" VPOS="217" WIDTH="81" HEIGHT="3599"/>
			<RightMargin ID="P31_RM00001" HPOS="2083" VPOS="217" WIDTH="200" HEIGHT="3599"/>
			<BottomMargin ID="P31_BM00001" HPOS="0" VPOS="3816" WIDTH="2283" HEIGHT="339"/>
			<PrintSpace ID="P31_PS00001" HPOS="81" VPOS="217" WIDTH="2002" HEIGHT="3599">
				<TextBlock ID="P31_TB00003" HPOS="81" VPOS="377" WIDTH="2002" HEIGHT="3196" STYLEREFS="TXT_2 PAR_LEFT">
					<TextLine ID="P31_TL00003" HPOS="165" VPOS="378" WIDTH="1223" HEIGHT="67">
						<String ID="P31_ST00004" HPOS="165" VPOS="401" WIDTH="24" HEIGHT="27" CONTENT="«" WC="0.93" CC="0"/>
						<SP ID="P31_SP00002" HPOS="189" VPOS="428" WIDTH="40"/>
						<String ID="P31_ST00005" HPOS="229" VPOS="378" WIDTH="86" HEIGHT="51" CONTENT='M"' WC="0.59" CC="07"/>
						<String ID="P31_ST00006" HPOS="321" VPOS="386" WIDTH="16" HEIGHT="21" CONTENT="6" STYLE="superscript" WC="0.57" CC="4"/>
						<SP ID="P31_SP00003" HPOS="337" VPOS="429" WIDTH="22"/>
						<String ID="P31_ST00007" HPOS="359" VPOS="378" WIDTH="263" HEIGHT="52" CONTENT="Arnould" WC="0.54" CC="4560544"/>
						<SP ID="P31_SP00004" HPOS="622" VPOS="430" WIDTH="24"/>
						<String ID="P31_ST00008" HPOS="646" VPOS="392" WIDTH="13" HEIGHT="53" CONTENT=";" WC="0.44" CC="5"/>
						<SP ID="P31_SP00005" HPOS="659" VPOS="445" WIDTH="35"/>
						<String ID="P31_ST00009" HPOS="694" VPOS="379" WIDTH="60" HEIGHT="51" CONTENT="M" WC="1.00" CC="0"/>
						<String ID="P31_ST00010" HPOS="759" VPOS="388" WIDTH="10" HEIGHT="21" CONTENT="l" STYLE="superscript" WC="1.00" CC="0"/>
						<String ID="P31_ST00011" HPOS="770" VPOS="388" WIDTH="6" HEIGHT="7" CONTENT="'" WC="0.55" CC="4"/>
						<SP ID="P31_SP00006" HPOS="776" VPOS="445" WIDTH="31"/>
						<String ID="P31_ST00012" HPOS="807" VPOS="379" WIDTH="220" HEIGHT="54" CONTENT="Géliote" WC="0.92" CC="0040010"/>
						<SP ID="P31_SP00007" HPOS="1027" VPOS="445" WIDTH="27"/>
						<String ID="P31_ST00013" HPOS="1054" VPOS="398" WIDTH="10" HEIGHT="47" CONTENT=";" WC="0.74" CC="2"/>
						<SP ID="P31_SP00008" HPOS="1064" VPOS="445" WIDTH="30"/>
						<String ID="P31_ST00014" HPOS="1094" VPOS="383" WIDTH="59" HEIGHT="51" CONTENT="M" WC="1.00" CC="0"/>
						<String ID="P31_ST00015" HPOS="1158" VPOS="392" WIDTH="10" HEIGHT="19" CONTENT="l" STYLE="superscript" WC="0.76" CC="2"/>
						<String ID="P31_ST00016" HPOS="1169" VPOS="392" WIDTH="7" HEIGHT="6" CONTENT="'" WC="0.63" CC="3"/>
						<SP ID="P31_SP00009" HPOS="1176" VPOS="445" WIDTH="28"/>
						<String ID="P31_ST00017" HPOS="1204" VPOS="382" WIDTH="184" HEIGHT="55" CONTENT="Gélin." WC="0.81" CC="005220"/>
					</TextLine>
					<TextLine ID="P31_TL00004" HPOS="161" VPOS="453" WIDTH="1922" HEIGHT="76">
						<String ID="P31_ST00018" HPOS="161" VPOS="475" WIDTH="24" HEIGHT="29" CONTENT="«" WC="1.00" CC="0"/>
						<SP ID="P31_SP00010" HPOS="185" VPOS="504" WIDTH="33"/>
						<String ID="P31_ST00019" HPOS="218" VPOS="456" WIDTH="58" HEIGHT="49" CONTENT="M" WC="1.00" CC="0"/>
						<String ID="P31_ST00020" HPOS="282" VPOS="463" WIDTH="33" HEIGHT="19" CONTENT="rs" STYLE="superscript" WC="0.39" CC="74"/>
						<SP ID="P31_SP00011" HPOS="315" VPOS="505" WIDTH="45"/>
						<String ID="P31_ST00021" HPOS="360" VPOS="453" WIDTH="219" HEIGHT="53" CONTENT="Carafïe" WC="0.51" CC="3347860"/>
						<SP ID="P31_SP00012" HPOS="579" VPOS="506" WIDTH="25"/>
						<String ID="P31_ST00022" HPOS="604" VPOS="470" WIDTH="13" HEIGHT="52" CONTENT=";" WC="0.31" CC="6"/>
						<SP ID="P31_SP00013" HPOS="617" VPOS="522" WIDTH="46"/>
						<String ID="P31_ST00023" HPOS="663" VPOS="456" WIDTH="102" HEIGHT="50" CONTENT="Val" WC="0.94" CC="662"/>
						<SP ID="P31_SP00014" HPOS="765" VPOS="522" WIDTH="9"/>
						<String ID="P31_ST00024" HPOS="774" VPOS="456" WIDTH="46" HEIGHT="50" CONTENT="lé" WC="0.64" CC="60"/>
						<SP ID="P31_SP00015" HPOS="820" VPOS="522" WIDTH="23"/>
						<String ID="P31_ST00025" HPOS="843" VPOS="478" WIDTH="11" HEIGHT="39" CONTENT=";" WC="0.34" CC="6"/>
						<SP ID="P31_SP00016" HPOS="854" VPOS="522" WIDTH="63"/>
						<String ID="P31_ST00026" HPOS="917" VPOS="458" WIDTH="250" HEIGHT="69" CONTENT="Razetti;" WC="0.81" CC="10104006"/>
						<SP ID="P31_SP00017" HPOS="1167" VPOS="527" WIDTH="72"/>
						<String ID="P31_ST00027" HPOS="1239" VPOS="461" WIDTH="306" HEIGHT="52" CONTENT="Francceur" WC="0.52" CC="051477644"/>
						<SP ID="P31_SP00018" HPOS="1545" VPOS="527" WIDTH="47"/>
						<String ID="P31_ST00028" HPOS="1592" VPOS="473" WIDTH="212" HEIGHT="55" CONTENT="neveu;" WC="0.98" CC="504057"/>
						<SP ID="P31_SP00019" HPOS="1804" VPOS="528" WIDTH="57"/>
						<String ID="P31_ST00029" HPOS="1861" VPOS="459" WIDTH="222" HEIGHT="70" CONTENT="Labbé;" WC="0.85" CC="000008"/>
					</TextLine>
					<TextLine ID="P31_TL00005" HPOS="94" VPOS="529" WIDTH="1684" HEIGHT="75">
						<String ID="P31_ST00030" HPOS="94" VPOS="532" WIDTH="249" HEIGHT="54" CONTENT="Canavas" WC="0.76" CC="5140500"/>
						<SP ID="P31_SP00020" HPOS="343" VPOS="586" WIDTH="24"/>
						<String ID="P31_ST00031" HPOS="367" VPOS="548" WIDTH="10" HEIGHT="45" CONTENT=";" WC="1.00" CC="0"/>
						<SP ID="P31_SP00021" HPOS="377" VPOS="593" WIDTH="38"/>
						<String ID="P31_ST00032" HPOS="415" VPOS="529" WIDTH="222" HEIGHT="54" CONTENT="Girault" WC="0.67" CC="9030640"/>
						<SP ID="P31_SP00022" HPOS="637" VPOS="593" WIDTH="23"/>
						<String ID="P31_ST00033" HPOS="660" VPOS="550" WIDTH="10" HEIGHT="45" CONTENT=";" WC="0.74" CC="2"/>
						<SP ID="P31_SP00023" HPOS="670" VPOS="595" WIDTH="33"/>
						<String ID="P31_ST00034" HPOS="703" VPOS="532" WIDTH="195" HEIGHT="52" CONTENT="Blavet" WC="0.79" CC="200044"/>
						<SP ID="P31_SP00024" HPOS="898" VPOS="595" WIDTH="27"/>
						<String ID="P31_ST00035" HPOS="925" VPOS="550" WIDTH="9" HEIGHT="45" CONTENT=";" WC="1.00" CC="0"/>
						<SP ID="P31_SP00025" HPOS="934" VPOS="595" WIDTH="41"/>
						<String ID="P31_ST00036" HPOS="975" VPOS="533" WIDTH="278" HEIGHT="53" CONTENT="Sallantin" WC="0.95" CC="000020020"/>
						<SP ID="P31_SP00026" HPOS="1253" VPOS="595" WIDTH="24"/>
						<String ID="P31_ST00037" HPOS="1277" VPOS="550" WIDTH="13" HEIGHT="53" CONTENT=";" WC="0.36" CC="6"/>
						<SP ID="P31_SP00027" HPOS="1290" VPOS="603" WIDTH="27"/>
						<String ID="P31_ST00038" HPOS="1317" VPOS="538" WIDTH="252" HEIGHT="66" CONTENT="Bureau;" WC="0.98" CC="3260556"/>
						<SP ID="P31_SP00028" HPOS="1569" VPOS="604" WIDTH="38"/>
						<String ID="P31_ST00039" HPOS="1607" VPOS="538" WIDTH="171" HEIGHT="51" CONTENT="Dard." WC="0.98" CC="50420"/>
					</TextLine>
					<TextLine ID="P31_TL00006" HPOS="160" VPOS="605" WIDTH="1923" HEIGHT="74">
						<String ID="P31_ST00040" HPOS="160" VPOS="628" WIDTH="22" HEIGHT="27" CONTENT="«" WC="1.00" CC="0"/>
						<SP ID="P31_SP00029" HPOS="182" VPOS="655" WIDTH="42"/>
						<String ID="P31_ST00041" HPOS="224" VPOS="608" WIDTH="59" HEIGHT="50" CONTENT="M" WC="0.85" CC="1"/>
						<String ID="P31_ST00042" HPOS="285" VPOS="607" WIDTH="44" HEIGHT="29" CONTENT="de" STYLE="superscript" WC="0.55" CC="44"/>
						<SP ID="P31_SP00030" HPOS="329" VPOS="658" WIDTH="49"/>
						<String ID="P31_ST00043" HPOS="378" VPOS="605" WIDTH="253" HEIGHT="54" CONTENT="Canavas" WC="0.81" CC="2070300"/>
						<SP ID="P31_SP00031" HPOS="631" VPOS="659" WIDTH="25"/>
						<String ID="P31_ST00044" HPOS="656" VPOS="621" WIDTH="13" HEIGHT="53" CONTENT=";" WC="0.59" CC="4"/>
						<SP ID="P31_SP00032" HPOS="669" VPOS="674" WIDTH="27"/>
						<String ID="P31_ST00045" HPOS="696" VPOS="608" WIDTH="55" HEIGHT="51" CONTENT="M" WC="1.00" CC="0"/>
						<String ID="P31_ST00046" HPOS="757" VPOS="608" WIDTH="43" HEIGHT="29" CONTENT="de" STYLE="superscript" WC="0.54" CC="71"/>
						<SP ID="P31_SP00033" HPOS="800" VPOS="674" WIDTH="37"/>
						<String ID="P31_ST00047" HPOS="837" VPOS="609" WIDTH="64" HEIGHT="51" CONTENT="de" WC="0.86" CC="20"/>
						<SP ID="P31_SP00034" HPOS="901" VPOS="674" WIDTH="36"/>
						<String ID="P31_ST00048" HPOS="937" VPOS="608" WIDTH="385" HEIGHT="55" CONTENT="Ghevremont" WC="0.67" CC="6600900214"/>
						<SP ID="P31_SP00035" HPOS="1322" VPOS="674" WIDTH="19"/>
						<String ID="P31_ST00049" HPOS="1341" VPOS="627" WIDTH="12" HEIGHT="52" CONTENT=";" WC="1.00" CC="9"/>
						<SP ID="P31_SP00036" HPOS="1353" VPOS="679" WIDTH="31"/>
						<String ID="P31_ST00050" HPOS="1384" VPOS="613" WIDTH="60" HEIGHT="51" CONTENT="M" WC="0.63" CC="3"/>
						<String ID="P31_ST00051" HPOS="1446" VPOS="613" WIDTH="46" HEIGHT="29" CONTENT="Ue" STYLE="superscript" WC="0.66" CC="42"/>
						<SP ID="P31_SP00037" HPOS="1492" VPOS="679" WIDTH="32"/>
						<String ID="P31_ST00052" HPOS="1524" VPOS="614" WIDTH="218" HEIGHT="52" CONTENT="Dubois" WC="0.98" CC="660050"/>
						<SP ID="P31_SP00038" HPOS="1742" VPOS="679" WIDTH="20"/>
						<String ID="P31_ST00053" HPOS="1762" VPOS="631" WIDTH="13" HEIGHT="47" CONTENT=";" WC="0.40" CC="5"/>
						<SP ID="P31_SP00039" HPOS="1775" VPOS="679" WIDTH="37"/>
						<String ID="P31_ST00054" HPOS="1812" VPOS="614" WIDTH="61" HEIGHT="52" CONTENT="M" WC="0.62" CC="3"/>
						<String ID="P31_ST00055" HPOS="1874" VPOS="613" WIDTH="46" HEIGHT="31" CONTENT="lle" STYLE="superscript" WC="0.72" CC="411"/>
						<SP ID="P31_SP00040" HPOS="1920" VPOS="679" WIDTH="43"/>
						<String ID="P31_ST00056" HPOS="1963" VPOS="614" WIDTH="80" HEIGHT="52" CONTENT="Au" SUBS_TYPE="HypPart1" SUBS_CONTENT="Aubert." WC="0.46" CC="56"/>
						<HYP HPOS="2043" VPOS="614" WIDTH="40" CONTENT="-"/>
					</TextLine>
					<TextLine ID="P31_TL00007" HPOS="91" VPOS="684" WIDTH="137" HEIGHT="51">
						<String ID="P31_ST00057" HPOS="91" VPOS="684" WIDTH="137" HEIGHT="51" CONTENT="bert." SUBS_TYPE="HypPart2" SUBS_CONTENT="Aubert." WC="0.78" CC="02610"/>
					</TextLine>
					<TextLine ID="P31_TL00008" HPOS="157" VPOS="758" WIDTH="1923" HEIGHT="75">
						<String ID="P31_ST00058" HPOS="157" VPOS="781" WIDTH="27" HEIGHT="28" CONTENT="«" WC="1.00" CC="0"/>
						<SP ID="P31_SP00041" HPOS="184" VPOS="809" WIDTH="39"/>
						<String ID="P31_ST00059" HPOS="223" VPOS="759" WIDTH="60" HEIGHT="51" CONTENT="M" WC="1.00" CC="0"/>
						<String ID="P31_ST00060" HPOS="287" VPOS="767" WIDTH="16" HEIGHT="19" CONTENT="r" STYLE="superscript" WC="0.29" CC="7"/>
						<SP ID="P31_SP00042" HPOS="303" VPOS="810" WIDTH="32"/>
						<String ID="P31_ST00061" HPOS="335" VPOS="758" WIDTH="174" HEIGHT="52" CONTENT="Rebel" WC="0.89" CC="13000"/>
						<SP ID="P31_SP00043" HPOS="509" VPOS="810" WIDTH="23"/>
						<String ID="P31_ST00062" HPOS="532" VPOS="777" WIDTH="78" HEIGHT="34" CONTENT="un" WC="0.35" CC="66"/>
						<SP ID="P31_SP00044" HPOS="610" VPOS="811" WIDTH="32"/>
						<String ID="P31_ST00063" HPOS="642" VPOS="777" WIDTH="220" HEIGHT="34" CONTENT="carosse" WC="0.88" CC="4030000"/>
						<SP ID="P31_SP00045" HPOS="862" VPOS="811" WIDTH="24"/>
						<String ID="P31_ST00064" HPOS="886" VPOS="760" WIDTH="97" HEIGHT="68" CONTENT=";M" WC="0.58" CC="40"/>
						<String ID="P31_ST00065" HPOS="988" VPOS="769" WIDTH="16" HEIGHT="19" CONTENT="r" STYLE="superscript" WC="0.45" CC="5"/>
						<SP ID="P31_SP00046" HPOS="1004" VPOS="828" WIDTH="27"/>
						<String ID="P31_ST00066" HPOS="1031" VPOS="762" WIDTH="43" HEIGHT="51" CONTENT="F" WC="0.86" CC="1"/>
						<SP ID="P31_SP00047" HPOS="1074" VPOS="828" WIDTH="6"/>
						<String ID="P31_ST00067" HPOS="1080" VPOS="779" WIDTH="258" HEIGHT="35" CONTENT="rancœur" WC="0.98" CC="6050207"/>
						<SP ID="P31_SP00048" HPOS="1338" VPOS="828" WIDTH="31"/>
						<String ID="P31_ST00068" HPOS="1369" VPOS="781" WIDTH="109" HEIGHT="34" CONTENT="une" WC="0.98" CC="060"/>
						<SP ID="P31_SP00049" HPOS="1478" VPOS="828" WIDTH="28"/>
						<String ID="P31_ST00069" HPOS="1506" VPOS="764" WIDTH="185" HEIGHT="52" CONTENT="chaise" WC="0.99" CC="332000"/>
						<SP ID="P31_SP00050" HPOS="1691" VPOS="828" WIDTH="26"/>
						<String ID="P31_ST00070" HPOS="1717" VPOS="778" WIDTH="12" HEIGHT="55" CONTENT=";" WC="0.58" CC="4"/>
						<SP ID="P31_SP00051" HPOS="1729" VPOS="833" WIDTH="27"/>
						<String ID="P31_ST00071" HPOS="1756" VPOS="767" WIDTH="58" HEIGHT="51" CONTENT="M" WC="1.00" CC="0"/>
						<String ID="P31_ST00072" HPOS="1817" VPOS="774" WIDTH="18" HEIGHT="21" CONTENT="r" STYLE="superscript" WC="0.43" CC="5"/>
						<SP ID="P31_SP00052" HPOS="1835" VPOS="833" WIDTH="34"/>
						<String ID="P31_ST00073" HPOS="1869" VPOS="768" WIDTH="211" HEIGHT="51" CONTENT="Berton" WC="0.70" CC="003446"/>
					</TextLine>
					<TextLine ID="P31_TL00009" HPOS="91" VPOS="833" WIDTH="338" HEIGHT="57">
						<String ID="P31_ST00074" HPOS="91" VPOS="852" WIDTH="105" HEIGHT="38" CONTENT="une" WC="0.94" CC="960"/>
						<SP ID="P31_SP00053" HPOS="196" VPOS="890" WIDTH="27"/>
						<String ID="P31_ST00075" HPOS="223" VPOS="833" WIDTH="206" HEIGHT="53" CONTENT="chaise." WC="0.99" CC="2503003"/>
					</TextLine>
					<TextLine ID="P31_TL00010" HPOS="763" VPOS="913" WIDTH="1034" HEIGHT="73">
						<String ID="P31_ST00076" HPOS="763" VPOS="933" WIDTH="24" HEIGHT="27" CONTENT="«" WC="0.99" CC="0"/>
						<SP ID="P31_SP00054" HPOS="787" VPOS="960" WIDTH="30"/>
						<String ID="P31_ST00077" HPOS="817" VPOS="931" WIDTH="28" HEIGHT="33" CONTENT="a" WC="1.00" CC="0"/>
						<SP ID="P31_SP00055" HPOS="845" VPOS="964" WIDTH="28"/>
						<String ID="P31_ST00078" HPOS="873" VPOS="913" WIDTH="148" HEIGHT="68" CONTENT="paris" WC="0.98" CC="18500"/>
						<SP ID="P31_SP00056" HPOS="1021" VPOS="981" WIDTH="23"/>
						<String ID="P31_ST00079" HPOS="1044" VPOS="932" WIDTH="58" HEIGHT="34" CONTENT="ce" WC="1.00" CC="00"/>
						<SP ID="P31_SP00057" HPOS="1102" VPOS="981" WIDTH="32"/>
						<String ID="P31_ST00080" HPOS="1134" VPOS="915" WIDTH="61" HEIGHT="52" CONTENT="16" WC="0.72" CC="05"/>
						<SP ID="P31_SP00058" HPOS="1195" VPOS="981" WIDTH="33"/>
						<String ID="P31_ST00081" HPOS="1228" VPOS="915" WIDTH="203" HEIGHT="54" CONTENT="février" WC="1.00" CC="0004200"/>
						<SP ID="P31_SP00059" HPOS="1431" VPOS="981" WIDTH="33"/>
						<String ID="P31_ST00082" HPOS="1464" VPOS="918" WIDTH="135" HEIGHT="67" CONTENT="1763" WC="0.52" CC="2663"/>
						<SP ID="P31_SP00060" HPOS="1599" VPOS="985" WIDTH="33"/>
						<String ID="P31_ST00083" HPOS="1632" VPOS="918" WIDTH="96" HEIGHT="68" CONTENT="(1)." WC="0.60" CC="4064"/>
						<SP ID="P31_SP00061" HPOS="1728" VPOS="986" WIDTH="46"/>
						<String ID="P31_ST00084" HPOS="1774" VPOS="940" WIDTH="23" HEIGHT="25" CONTENT="»" WC="0.41" CC="5"/>
					</TextLine>
					<TextLine ID="P31_TL00011" HPOS="160" VPOS="1073" WIDTH="1921" HEIGHT="74">
						<String ID="P31_ST00085" HPOS="160" VPOS="1074" WIDTH="105" HEIGHT="51" CONTENT="Les" WC="1.00" CC="000"/>
						<SP ID="P31_SP00062" HPOS="265" VPOS="1125" WIDTH="52"/>
						<String ID="P31_ST00086" HPOS="317" VPOS="1074" WIDTH="194" HEIGHT="51" CONTENT="ordres" WC="0.99" CC="250500"/>
						<SP ID="P31_SP00063" HPOS="511" VPOS="1125" WIDTH="49"/>
						<String ID="P31_ST00087" HPOS="560" VPOS="1091" WIDTH="110" HEIGHT="34" CONTENT="une" WC="0.99" CC="010"/>
						<SP ID="P31_SP00064" HPOS="670" VPOS="1125" WIDTH="50"/>
						<String ID="P31_ST00088" HPOS="720" VPOS="1073" WIDTH="106" HEIGHT="52" CONTENT="fois" WC="1.00" CC="0100"/>
						<SP ID="P31_SP00065" HPOS="826" VPOS="1125" WIDTH="42"/>
						<String ID="P31_ST00089" HPOS="868" VPOS="1092" WIDTH="179" HEIGHT="51" CONTENT="reçus," WC="0.98" CC="500604"/>
						<SP ID="P31_SP00066" HPOS="1047" VPOS="1143" WIDTH="45"/>
						<String ID="P31_ST00090" HPOS="1092" VPOS="1074" WIDTH="37" HEIGHT="52" CONTENT="il" WC="0.69" CC="24"/>
						<SP ID="P31_SP00067" HPOS="1129" VPOS="1143" WIDTH="44"/>
						<String ID="P31_ST00091" HPOS="1173" VPOS="1075" WIDTH="79" HEIGHT="52" CONTENT="les" WC="0.99" CC="300"/>
						<SP ID="P31_SP00068" HPOS="1252" VPOS="1143" WIDTH="54"/>
						<String ID="P31_ST00092" HPOS="1306" VPOS="1075" WIDTH="100" HEIGHT="52" CONTENT="fait" WC="0.99" CC="0030"/>
						<SP ID="P31_SP00069" HPOS="1406" VPOS="1143" WIDTH="45"/>
						<String ID="P31_ST00093" HPOS="1451" VPOS="1089" WIDTH="192" HEIGHT="56" CONTENT="porter" WC="0.99" CC="303004"/>
						<SP ID="P31_SP00070" HPOS="1643" VPOS="1145" WIDTH="50"/>
						<String ID="P31_ST00094" HPOS="1693" VPOS="1078" WIDTH="133" HEIGHT="52" CONTENT="chez" WC="1.00" CC="2000"/>
						<SP ID="P31_SP00071" HPOS="1826" VPOS="1145" WIDTH="46"/>
						<String ID="P31_ST00095" HPOS="1872" VPOS="1077" WIDTH="209" HEIGHT="70" CONTENT="Sophie" WC="0.99" CC="026000"/>
					</TextLine>
					<TextLine ID="P31_TL00012" HPOS="87" VPOS="1149" WIDTH="1995" HEIGHT="71">
						<String ID="P31_ST00096" HPOS="87" VPOS="1149" WIDTH="282" HEIGHT="66" CONTENT="Arnould," WC="0.75" CC="46200006"/>
						<SP ID="P31_SP00072" HPOS="369" VPOS="1215" WIDTH="46"/>
						<String ID="P31_ST00097" HPOS="415" VPOS="1167" WIDTH="98" HEIGHT="35" CONTENT="rue" WC="0.98" CC="600"/>
						<SP ID="P31_SP00073" HPOS="513" VPOS="1215" WIDTH="31"/>
						<String ID="P31_ST00098" HPOS="544" VPOS="1150" WIDTH="74" HEIGHT="52" CONTENT="du" WC="0.87" CC="02"/>
						<SP ID="P31_SP00074" HPOS="618" VPOS="1215" WIDTH="34"/>
						<String ID="P31_ST00099" HPOS="652" VPOS="1150" WIDTH="270" HEIGHT="69" CONTENT="Dauphin" WC="0.99" CC="0060425"/>
						<SP ID="P31_SP00075" HPOS="922" VPOS="1219" WIDTH="40"/>
						<String ID="P31_ST00100" HPOS="962" VPOS="1152" WIDTH="90" HEIGHT="68" CONTENT="(2)," WC="0.63" CC="5251"/>
						<SP ID="P31_SP00076" HPOS="1052" VPOS="1220" WIDTH="39"/>
						<String ID="P31_ST00101" HPOS="1091" VPOS="1152" WIDTH="134" HEIGHT="50" CONTENT="chez" WC="0.98" CC="4003"/>
						<SP ID="P31_SP00077" HPOS="1225" VPOS="1220" WIDTH="37"/>
						<String ID="P31_ST00102" HPOS="1262" VPOS="1152" WIDTH="185" HEIGHT="62" CONTENT="Gélin," WC="0.84" CC="020024"/>
						<SP ID="P31_SP00078" HPOS="1447" VPOS="1220" WIDTH="35"/>
						<String ID="P31_ST00103" HPOS="1482" VPOS="1169" WIDTH="99" HEIGHT="35" CONTENT="rue" WC="0.96" CC="460"/>
						<SP ID="P31_SP00079" HPOS="1581" VPOS="1220" WIDTH="33"/>
						<String ID="P31_ST00104" HPOS="1614" VPOS="1154" WIDTH="432" HEIGHT="51" CONTENT="Neuve-des-Pe" SUBS_TYPE="HypPart1" SUBS_CONTENT="Neuve-des-Petits-Ghamps," WC="0.85" CC="005004000400"/>
						<HYP HPOS="2046" VPOS="1154" WIDTH="36" CONTENT="-"/>
					</TextLine>
					<TextLine ID="P31_TL00013" HPOS="87" VPOS="1225" WIDTH="1993" HEIGHT="70">
						<String ID="P31_ST00105" HPOS="87" VPOS="1225" WIDTH="400" HEIGHT="70" CONTENT="tits-Ghamps," SUBS_TYPE="HypPart2" SUBS_CONTENT="Neuve-des-Petits-Ghamps," WC="0.87" CC="201040113000"/>
						<SP ID="P31_SP00080" HPOS="487" VPOS="1295" WIDTH="49"/>
						<String ID="P31_ST00106" HPOS="536" VPOS="1227" WIDTH="133" HEIGHT="52" CONTENT="chez" WC="1.00" CC="0002"/>
						<SP ID="P31_SP00081" HPOS="669" VPOS="1295" WIDTH="37"/>
						<String ID="P31_ST00107" HPOS="706" VPOS="1228" WIDTH="59" HEIGHT="49" CONTENT="M" WC="1.00" CC="0"/>
						<SP ID="P31_SP00082" HPOS="765" VPOS="1295" WIDTH="4"/>
						<String ID="P31_ST00108" HPOS="769" VPOS="1228" WIDTH="47" HEIGHT="28" CONTENT="1" STYLE="superscript" WC="0.81" CC="0"/>
						<SP ID="P31_SP00083" HPOS="816" VPOS="1295" WIDTH="46"/>
						<String ID="P31_ST00109" HPOS="862" VPOS="1227" WIDTH="236" HEIGHT="64" CONTENT="Dubois," WC="0.99" CC="0504303"/>
						<SP ID="P31_SP00084" HPOS="1098" VPOS="1295" WIDTH="52"/>
						<String ID="P31_ST00110" HPOS="1150" VPOS="1244" WIDTH="99" HEIGHT="36" CONTENT="rue" WC="0.96" CC="470"/>
						<SP ID="P31_SP00085" HPOS="1249" VPOS="1295" WIDTH="50"/>
						<String ID="P31_ST00111" HPOS="1299" VPOS="1228" WIDTH="315" HEIGHT="66" CONTENT="Richelieu," WC="1.00" CC="0040410050"/>
						<SP ID="P31_SP00086" HPOS="1614" VPOS="1295" WIDTH="56"/>
						<String ID="P31_ST00112" HPOS="1670" VPOS="1229" WIDTH="133" HEIGHT="51" CONTENT="chez" WC="1.00" CC="0002"/>
						<SP ID="P31_SP00087" HPOS="1803" VPOS="1295" WIDTH="33"/>
						<String ID="P31_ST00113" HPOS="1836" VPOS="1242" WIDTH="128" HEIGHT="39" CONTENT="tous" WC="0.99" CC="0150"/>
						<SP ID="P31_SP00088" HPOS="1964" VPOS="1295" WIDTH="37"/>
						<String ID="P31_ST00114" HPOS="2001" VPOS="1230" WIDTH="79" HEIGHT="51" CONTENT="les" WC="1.00" CC="000"/>
					</TextLine>
					<TextLine ID="P31_TL00014" HPOS="87" VPOS="1303" WIDTH="1190" HEIGHT="70">
						<String ID="P31_ST00115" HPOS="87" VPOS="1315" WIDTH="184" HEIGHT="40" CONTENT="autres" WC="0.98" CC="740400"/>
						<SP ID="P31_SP00089" HPOS="271" VPOS="1355" WIDTH="44"/>
						<String ID="P31_ST00116" HPOS="315" VPOS="1303" WIDTH="223" HEIGHT="52" CONTENT="artistes" WC="1.00" CC="05020000"/>
						<SP ID="P31_SP00090" HPOS="538" VPOS="1355" WIDTH="39"/>
						<String ID="P31_ST00117" HPOS="577" VPOS="1317" WIDTH="55" HEIGHT="38" CONTENT="et" WC="1.00" CC="00"/>
						<SP ID="P31_SP00091" HPOS="632" VPOS="1355" WIDTH="27"/>
						<String ID="P31_ST00118" HPOS="659" VPOS="1303" WIDTH="310" HEIGHT="52" CONTENT="musiciens" WC="1.00" CC="060000040"/>
						<SP ID="P31_SP00092" HPOS="969" VPOS="1355" WIDTH="26"/>
						<String ID="P31_ST00119" HPOS="995" VPOS="1303" WIDTH="282" HEIGHT="70" CONTENT="désignés." WC="1.00" CC="000004004"/>
					</TextLine>
					<TextLine ID="P31_TL00015" HPOS="152" VPOS="1376" WIDTH="1925" HEIGHT="72">
						<String ID="P31_ST00120" HPOS="152" VPOS="1376" WIDTH="144" HEIGHT="54" CONTENT="Mais" WC="0.99" CC="0050"/>
						<SP ID="P31_SP00093" HPOS="296" VPOS="1430" WIDTH="27"/>
						<String ID="P31_ST00121" HPOS="323" VPOS="1378" WIDTH="47" HEIGHT="52" CONTENT="le" WC="0.76" CC="40"/>
						<SP ID="P31_SP00094" HPOS="370" VPOS="1430" WIDTH="18"/>
						<String ID="P31_ST00122" HPOS="388" VPOS="1376" WIDTH="127" HEIGHT="68" CONTENT="jour" WC="0.95" CC="6393"/>
						<SP ID="P31_SP00095" HPOS="515" VPOS="1444" WIDTH="26"/>
						<String ID="P31_ST00123" HPOS="541" VPOS="1379" WIDTH="72" HEIGHT="52" CONTENT="du" WC="0.70" CC="05"/>
						<SP ID="P31_SP00096" HPOS="613" VPOS="1444" WIDTH="28"/>
						<String ID="P31_ST00124" HPOS="641" VPOS="1379" WIDTH="215" HEIGHT="69" CONTENT="départ," WC="1.00" CC="0000600"/>
						<SP ID="P31_SP00097" HPOS="856" VPOS="1448" WIDTH="38"/>
						<String ID="P31_ST00125" HPOS="894" VPOS="1379" WIDTH="212" HEIGHT="69" CONTENT="Sophie" WC="1.00" CC="000020"/>
						<SP ID="P31_SP00098" HPOS="1106" VPOS="1448" WIDTH="34"/>
						<String ID="P31_ST00126" HPOS="1140" VPOS="1379" WIDTH="282" HEIGHT="66" CONTENT="Arnould," WC="0.76" CC="05506100"/>
						<SP ID="P31_SP00099" HPOS="1422" VPOS="1448" WIDTH="25"/>
						<String ID="P31_ST00127" HPOS="1447" VPOS="1379" WIDTH="98" HEIGHT="69" CONTENT="qui" WC="0.97" CC="350"/>
						<SP ID="P31_SP00100" HPOS="1545" VPOS="1448" WIDTH="33"/>
						<String ID="P31_ST00128" HPOS="1578" VPOS="1397" WIDTH="29" HEIGHT="33" CONTENT="a" WC="1.00" CC="0"/>
						<SP ID="P31_SP00101" HPOS="1607" VPOS="1448" WIDTH="33"/>
						<String ID="P31_ST00129" HPOS="1640" VPOS="1380" WIDTH="187" HEIGHT="51" CONTENT="donné" WC="0.99" CC="04050"/>
						<SP ID="P31_SP00102" HPOS="1827" VPOS="1448" WIDTH="18"/>
						<String ID="P31_ST00130" HPOS="1845" VPOS="1381" WIDTH="199" HEIGHT="51" CONTENT="rendez" SUBS_TYPE="HypPart1" SUBS_CONTENT="rendezvous" WC="0.99" CC="403000"/>
						<HYP HPOS="2044" VPOS="1381" WIDTH="33" CONTENT="-"/>
					</TextLine>
					<TextLine ID="P31_TL00016" HPOS="85" VPOS="1454" WIDTH="1994" HEIGHT="70">
						<String ID="P31_ST00131" HPOS="85" VPOS="1473" WIDTH="134" HEIGHT="34" CONTENT="vous" SUBS_TYPE="HypPart2" SUBS_CONTENT="rendezvous" WC="0.97" CC="9310"/>
						<SP ID="P31_SP00103" HPOS="219" VPOS="1507" WIDTH="28"/>
						<String ID="P31_ST00132" HPOS="247" VPOS="1459" WIDTH="29" HEIGHT="47" CONTENT="à" WC="0.38" CC="6"/>
						<SP ID="P31_SP00104" HPOS="276" VPOS="1507" WIDTH="25"/>
						<String ID="P31_ST00133" HPOS="301" VPOS="1455" WIDTH="59" HEIGHT="51" CONTENT="M" WC="1.00" CC="0"/>
						<String ID="P31_ST00134" HPOS="363" VPOS="1454" WIDTH="44" HEIGHT="29" CONTENT="Ue" STYLE="superscript" WC="0.49" CC="72"/>
						<SP ID="P31_SP00105" HPOS="407" VPOS="1507" WIDTH="22"/>
						<String ID="P31_ST00135" HPOS="429" VPOS="1455" WIDTH="201" HEIGHT="52" CONTENT="Allard" WC="0.81" CC="022060"/>
						<SP ID="P31_SP00106" HPOS="630" VPOS="1507" WIDTH="27"/>
						<String ID="P31_ST00136" HPOS="657" VPOS="1473" WIDTH="69" HEIGHT="34" CONTENT="au" WC="0.68" CC="06"/>
						<SP ID="P31_SP00107" HPOS="726" VPOS="1507" WIDTH="28"/>
						<String ID="P31_ST00137" HPOS="754" VPOS="1455" WIDTH="116" HEIGHT="51" CONTENT="café" WC="0.99" CC="5000"/>
						<SP ID="P31_SP00108" HPOS="870" VPOS="1507" WIDTH="28"/>
						<String ID="P31_ST00138" HPOS="898" VPOS="1456" WIDTH="67" HEIGHT="51" CONTENT="de" WC="0.82" CC="03"/>
						<SP ID="P31_SP00109" HPOS="965" VPOS="1507" WIDTH="35"/>
						<String ID="P31_ST00139" HPOS="1000" VPOS="1455" WIDTH="244" HEIGHT="69" CONTENT="Dupuis," WC="0.82" CC="0505100"/>
						<SP ID="P31_SP00110" HPOS="1244" VPOS="1524" WIDTH="38"/>
						<String ID="P31_ST00140" HPOS="1282" VPOS="1456" WIDTH="206" HEIGHT="51" CONTENT="entend" WC="1.00" CC="000000"/>
						<SP ID="P31_SP00111" HPOS="1488" VPOS="1524" WIDTH="37"/>
						<String ID="P31_ST00141" HPOS="1525" VPOS="1455" WIDTH="179" HEIGHT="69" CONTENT="partir" WC="0.99" CC="002034"/>
						<SP ID="P31_SP00112" HPOS="1704" VPOS="1524" WIDTH="41"/>
						<String ID="P31_ST00142" HPOS="1745" VPOS="1456" WIDTH="151" HEIGHT="51" CONTENT="seule" WC="0.99" CC="00500"/>
						<SP ID="P31_SP00113" HPOS="1896" VPOS="1524" WIDTH="54"/>
						<String ID="P31_ST00143" HPOS="1950" VPOS="1474" WIDTH="129" HEIGHT="34" CONTENT="avec" WC="1.00" CC="0000"/>
					</TextLine>
					<TextLine ID="P31_TL00017" HPOS="89" VPOS="1529" WIDTH="1991" HEIGHT="70">
						<String ID="P31_ST00144" HPOS="89" VPOS="1548" WIDTH="99" HEIGHT="34" CONTENT="son" WC="0.98" CC="032"/>
						<SP ID="P31_SP00114" HPOS="188" VPOS="1582" WIDTH="33"/>
						<String ID="P31_ST00145" HPOS="221" VPOS="1529" WIDTH="165" HEIGHT="53" CONTENT="amie." WC="0.99" CC="02004"/>
						<SP ID="P31_SP00115" HPOS="386" VPOS="1582" WIDTH="29"/>
						<String ID="P31_ST00146" HPOS="415" VPOS="1530" WIDTH="123" HEIGHT="51" CONTENT="Elle" WC="1.00" CC="0020"/>
						<SP ID="P31_SP00116" HPOS="538" VPOS="1582" WIDTH="28"/>
						<String ID="P31_ST00147" HPOS="566" VPOS="1548" WIDTH="56" HEIGHT="34" CONTENT="se" WC="1.00" CC="00"/>
						<SP ID="P31_SP00117" HPOS="622" VPOS="1582" WIDTH="28"/>
						<String ID="P31_ST00148" HPOS="650" VPOS="1531" WIDTH="140" HEIGHT="50" CONTENT="rend" WC="0.98" CC="4050"/>
						<SP ID="P31_SP00118" HPOS="790" VPOS="1582" WIDTH="34"/>
						<String ID="P31_ST00149" HPOS="824" VPOS="1530" WIDTH="232" HEIGHT="52" CONTENT="d'abord" WC="0.99" CC="0000630"/>
						<SP ID="P31_SP00119" HPOS="1056" VPOS="1582" WIDTH="28"/>
						<String ID="P31_ST00150" HPOS="1084" VPOS="1530" WIDTH="132" HEIGHT="51" CONTENT="chez" WC="0.98" CC="0303"/>
						<SP ID="P31_SP00120" HPOS="1216" VPOS="1582" WIDTH="27"/>
						<String ID="P31_ST00151" HPOS="1243" VPOS="1531" WIDTH="75" HEIGHT="51" CONTENT="M." WC="0.59" CC="43"/>
						<SP ID="P31_SP00121" HPOS="1318" VPOS="1582" WIDTH="32"/>
						<String ID="P31_ST00152" HPOS="1350" VPOS="1531" WIDTH="66" HEIGHT="51" CONTENT="de" WC="1.00" CC="00"/>
						<SP ID="P31_SP00122" HPOS="1416" VPOS="1582" WIDTH="28"/>
						<String ID="P31_ST00153" HPOS="1444" VPOS="1531" WIDTH="50" HEIGHT="50" CONTENT="la" WC="0.42" CC="19"/>
						<SP ID="P31_SP00123" HPOS="1494" VPOS="1582" WIDTH="30"/>
						<String ID="P31_ST00154" HPOS="1524" VPOS="1531" WIDTH="189" HEIGHT="64" CONTENT="Porte," WC="0.99" CC="035000"/>
						<SP ID="P31_SP00124" HPOS="1713" VPOS="1595" WIDTH="19"/>
						<String ID="P31_ST00155" HPOS="1732" VPOS="1531" WIDTH="199" HEIGHT="51" CONTENT="maître" WC="0.99" CC="004050"/>
						<SP ID="P31_SP00125" HPOS="1931" VPOS="1595" WIDTH="26"/>
						<String ID="P31_ST00156" HPOS="1957" VPOS="1548" WIDTH="93" HEIGHT="51" CONTENT="par" SUBS_TYPE="HypPart1" SUBS_CONTENT="parfumeur" WC="0.98" CC="012"/>
						<HYP HPOS="2050" VPOS="1548" WIDTH="30" CONTENT="-"/>
					</TextLine>
					<TextLine ID="P31_TL00018" HPOS="86" VPOS="1605" WIDTH="1994" HEIGHT="71">
						<String ID="P31_ST00157" HPOS="86" VPOS="1606" WIDTH="223" HEIGHT="52" CONTENT="fumeur" SUBS_TYPE="HypPart2" SUBS_CONTENT="parfumeur" WC="1.00" CC="000005"/>
						<SP ID="P31_SP00126" HPOS="309" VPOS="1658" WIDTH="18"/>
						<String ID="P31_ST00158" HPOS="327" VPOS="1623" WIDTH="97" HEIGHT="35" CONTENT="rue" WC="0.94" CC="652"/>
						<SP ID="P31_SP00127" HPOS="424" VPOS="1658" WIDTH="25"/>
						<String ID="P31_ST00159" HPOS="449" VPOS="1605" WIDTH="451" HEIGHT="67" CONTENT="Saint-Honoré," WC="0.82" CC="0000037400602"/>
						<SP ID="P31_SP00128" HPOS="900" VPOS="1672" WIDTH="23"/>
						<String ID="P31_ST00160" HPOS="923" VPOS="1605" WIDTH="127" HEIGHT="70" CONTENT="puis" WC="0.98" CC="0620"/>
						<SP ID="P31_SP00129" HPOS="1050" VPOS="1675" WIDTH="25"/>
						<String ID="P31_ST00161" HPOS="1075" VPOS="1606" WIDTH="103" HEIGHT="51" CONTENT="elle" WC="1.00" CC="0000"/>
						<SP ID="P31_SP00130" HPOS="1178" VPOS="1675" WIDTH="24"/>
						<String ID="P31_ST00162" HPOS="1202" VPOS="1624" WIDTH="162" HEIGHT="51" CONTENT="passe" WC="1.00" CC="00000"/>
						<SP ID="P31_SP00131" HPOS="1364" VPOS="1675" WIDTH="35"/>
						<String ID="P31_ST00163" HPOS="1399" VPOS="1606" WIDTH="132" HEIGHT="52" CONTENT="chez" WC="1.00" CC="0000"/>
						<SP ID="P31_SP00132" HPOS="1531" VPOS="1675" WIDTH="33"/>
						<String ID="P31_ST00164" HPOS="1564" VPOS="1608" WIDTH="76" HEIGHT="49" CONTENT="Le" WC="1.00" CC="00"/>
						<SP ID="P31_SP00133" HPOS="1640" VPOS="1675" WIDTH="44"/>
						<String ID="P31_ST00165" HPOS="1684" VPOS="1608" WIDTH="128" HEIGHT="64" CONTENT="Bas," WC="0.97" CC="3073"/>
						<SP ID="P31_SP00134" HPOS="1812" VPOS="1675" WIDTH="29"/>
						<String ID="P31_ST00166" HPOS="1841" VPOS="1624" WIDTH="239" HEIGHT="52" CONTENT="graveur" WC="0.99" CC="2400065"/>
					</TextLine>
					<TextLine ID="P31_TL00019" HPOS="87" VPOS="1682" WIDTH="1989" HEIGHT="70">
						<String ID="P31_ST00167" HPOS="87" VPOS="1684" WIDTH="73" HEIGHT="51" CONTENT="du" WC="1.00" CC="00"/>
						<SP ID="P31_SP00135" HPOS="160" VPOS="1735" WIDTH="44"/>
						<String ID="P31_ST00168" HPOS="204" VPOS="1682" WIDTH="221" HEIGHT="53" CONTENT="cabinet" WC="0.99" CC="3520004"/>
						<SP ID="P31_SP00136" HPOS="425" VPOS="1735" WIDTH="46"/>
						<String ID="P31_ST00169" HPOS="471" VPOS="1684" WIDTH="75" HEIGHT="49" CONTENT="du" WC="0.65" CC="06"/>
						<SP ID="P31_SP00137" HPOS="546" VPOS="1735" WIDTH="35"/>
						<String ID="P31_ST00170" HPOS="581" VPOS="1682" WIDTH="132" HEIGHT="66" CONTENT="Roi," WC="0.99" CC="0202"/>
						<SP ID="P31_SP00138" HPOS="713" VPOS="1748" WIDTH="42"/>
						<String ID="P31_ST00171" HPOS="755" VPOS="1700" WIDTH="149" HEIGHT="52" CONTENT="pour" WC="0.98" CC="0106"/>
						<SP ID="P31_SP00139" HPOS="904" VPOS="1752" WIDTH="32"/>
						<String ID="P31_ST00172" HPOS="936" VPOS="1682" WIDTH="78" HEIGHT="53" CONTENT="lui" WC="0.98" CC="400"/>
						<SP ID="P31_SP00140" HPOS="1014" VPOS="1752" WIDTH="36"/>
						<String ID="P31_ST00173" HPOS="1050" VPOS="1684" WIDTH="368" HEIGHT="51" CONTENT="commander" WC="1.00" CC="050000006"/>
						<SP ID="P31_SP00141" HPOS="1418" VPOS="1752" WIDTH="43"/>
						<String ID="P31_ST00174" HPOS="1461" VPOS="1699" WIDTH="110" HEIGHT="36" CONTENT="une" WC="0.99" CC="030"/>
						<SP ID="P31_SP00142" HPOS="1571" VPOS="1752" WIDTH="55"/>
						<String ID="P31_ST00175" HPOS="1626" VPOS="1682" WIDTH="143" HEIGHT="53" CONTENT="belle" WC="0.99" CC="30060"/>
						<SP ID="P31_SP00143" HPOS="1769" VPOS="1752" WIDTH="52"/>
						<String ID="P31_ST00176" HPOS="1821" VPOS="1695" WIDTH="255" HEIGHT="57" CONTENT="estampe" WC="0.99" CC="0009000"/>
					</TextLine>
					<TextLine ID="P31_TL00020" HPOS="86" VPOS="1759" WIDTH="1997" HEIGHT="70">
						<String ID="P31_ST00177" HPOS="86" VPOS="1759" WIDTH="253" HEIGHT="52" CONTENT="intitulée" WC="0.99" CC="076002601"/>
						<SP ID="P31_SP00144" HPOS="339" VPOS="1811" WIDTH="38"/>
						<String ID="P31_ST00178" HPOS="377" VPOS="1773" WIDTH="11" HEIGHT="36" CONTENT=":" WC="0.38" CC="6"/>
						<SP ID="P31_SP00145" HPOS="388" VPOS="1811" WIDTH="385"/>
						<String ID="P31_ST00179" HPOS="773" VPOS="1759" WIDTH="53" HEIGHT="50" CONTENT="la" WC="1.00" CC="00" STYLEREFS="TXT_3"/>
						<SP ID="P31_SP00146" HPOS="826" VPOS="1811" WIDTH="140"/>
						<String ID="P31_ST00180" HPOS="966" VPOS="1759" WIDTH="362" HEIGHT="68" CONTENT="Récompense" WC="0.99" CC="0501055303" STYLEREFS="TXT_3"/>
						<SP ID="P31_SP00147" HPOS="1328" VPOS="1827" WIDTH="439"/>
						<String ID="P31_ST00181" HPOS="1767" VPOS="1759" WIDTH="316" HEIGHT="70" CONTENT="villageoise" WC="0.99" CC="40005604004" STYLEREFS="TXT_3"/>
						<SP ID="P31_SP00148" HPOS="2083" VPOS="1829" WIDTH="-784"/>
						<String ID="P31_ST00182" HPOS="1299" VPOS="1759" WIDTH="124" HEIGHT="52" CONTENT="Elle" WC="0.99" CC="0400"/>
						<SP ID="P31_SP00149" HPOS="2083" VPOS="1829" WIDTH="-622"/>
						<String ID="P31_ST00183" HPOS="1461" VPOS="1778" WIDTH="36" HEIGHT="51" CONTENT="y" WC="0.33" CC="6"/>
						<SP ID="P31_SP00150" HPOS="2083" VPOS="1829" WIDTH="-543"/>
						<String ID="P31_ST00184" HPOS="1540" VPOS="1759" WIDTH="245" HEIGHT="52" CONTENT="bavarde" WC="1.00" CC="0002500"/>
						<SP ID="P31_SP00151" HPOS="2083" VPOS="1829" WIDTH="-256"/>
						<String ID="P31_ST00185" HPOS="1827" VPOS="1776" WIDTH="128" HEIGHT="35" CONTENT="avec" WC="1.00" CC="0000"/>
						<SP ID="P31_SP00152" HPOS="2083" VPOS="1829" WIDTH="-84"/>
						<String ID="P31_ST00186" HPOS="1999" VPOS="1775" WIDTH="78" HEIGHT="36" CONTENT="un" WC="0.32" CC="66"/>
					</TextLine>
					<TextLine ID="P31_TL00021" HPOS="87" VPOS="1835" WIDTH="1990" HEIGHT="70">
						<String ID="P31_ST00187" HPOS="87" VPOS="1835" WIDTH="136" HEIGHT="70" CONTENT="petit" WC="1.00" CC="00001"/>
						<SP ID="P31_SP00153" HPOS="223" VPOS="1905" WIDTH="19"/>
						<String ID="P31_ST00188" HPOS="242" VPOS="1836" WIDTH="203" HEIGHT="51" CONTENT="maître" WC="0.99" CC="006061"/>
						<SP ID="P31_SP00154" HPOS="445" VPOS="1905" WIDTH="28"/>
						<String ID="P31_ST00189" HPOS="473" VPOS="1848" WIDTH="226" HEIGHT="55" CONTENT="portant" WC="0.99" CC="0060400"/>
						<SP ID="P31_SP00155" HPOS="699" VPOS="1905" WIDTH="25"/>
						<String ID="P31_ST00190" HPOS="724" VPOS="1853" WIDTH="78" HEIGHT="35" CONTENT="un" WC="0.68" CC="60"/>
						<SP ID="P31_SP00156" HPOS="802" VPOS="1905" WIDTH="21"/>
						<String ID="P31_ST00191" HPOS="823" VPOS="1835" WIDTH="247" HEIGHT="68" CONTENT="chapeau" WC="0.99" CC="0600056"/>
						<SP ID="P31_SP00157" HPOS="1070" VPOS="1905" WIDTH="24"/>
						<String ID="P31_ST00192" HPOS="1094" VPOS="1837" WIDTH="30" HEIGHT="50" CONTENT="à" WC="0.30" CC="6"/>
						<SP ID="P31_SP00158" HPOS="1124" VPOS="1905" WIDTH="24"/>
						<String ID="P31_ST00193" HPOS="1148" VPOS="1836" WIDTH="291" HEIGHT="69" CONTENT="l'écuyère," WC="0.83" CC="0000540500"/>
						<SP ID="P31_SP00159" HPOS="1439" VPOS="1905" WIDTH="30"/>
						<String ID="P31_ST00194" HPOS="1469" VPOS="1836" WIDTH="97" HEIGHT="51" CONTENT="des" WC="1.00" CC="000"/>
						<SP ID="P31_SP00160" HPOS="1566" VPOS="1905" WIDTH="20"/>
						<String ID="P31_ST00195" HPOS="1586" VPOS="1835" WIDTH="246" HEIGHT="52" CONTENT="cheveux" WC="0.99" CC="0600040"/>
						<SP ID="P31_SP00161" HPOS="1832" VPOS="1905" WIDTH="26"/>
						<String ID="P31_ST00196" HPOS="1858" VPOS="1835" WIDTH="192" HEIGHT="52" CONTENT="artiste" SUBS_TYPE="HypPart1" SUBS_CONTENT="artistement" WC="0.85" CC="0520000"/>
						<HYP HPOS="2050" VPOS="1835" WIDTH="27" CONTENT="-"/>
					</TextLine>
					<TextLine ID="P31_TL00022" HPOS="85" VPOS="1911" WIDTH="1992" HEIGHT="70">
						<String ID="P31_ST00197" HPOS="85" VPOS="1924" WIDTH="153" HEIGHT="39" CONTENT="ment" SUBS_TYPE="HypPart2" SUBS_CONTENT="artistement" WC="0.94" CC="0020"/>
						<SP ID="P31_SP00162" HPOS="238" VPOS="1963" WIDTH="32"/>
						<String ID="P31_ST00198" HPOS="270" VPOS="1911" WIDTH="348" HEIGHT="70" CONTENT="chignonnés" WC="0.76" CC="0006540600"/>
						<SP ID="P31_SP00163" HPOS="618" VPOS="1981" WIDTH="43"/>
						<String ID="P31_ST00199" HPOS="661" VPOS="1924" WIDTH="52" HEIGHT="39" CONTENT="et" WC="1.00" CC="00"/>
						<SP ID="P31_SP00164" HPOS="713" VPOS="1981" WIDTH="49"/>
						<String ID="P31_ST00200" HPOS="762" VPOS="1925" WIDTH="270" HEIGHT="38" CONTENT="soutenus" WC="0.99" CC="00500060"/>
						<SP ID="P31_SP00165" HPOS="1032" VPOS="1981" WIDTH="36"/>
						<String ID="P31_ST00201" HPOS="1068" VPOS="1928" WIDTH="100" HEIGHT="53" CONTENT="par" WC="0.99" CC="003"/>
						<SP ID="P31_SP00166" HPOS="1168" VPOS="1981" WIDTH="37"/>
						<String ID="P31_ST00202" HPOS="1205" VPOS="1929" WIDTH="79" HEIGHT="34" CONTENT="un" WC="0.70" CC="50"/>
						<SP ID="P31_SP00167" HPOS="1284" VPOS="1981" WIDTH="40"/>
						<String ID="P31_ST00203" HPOS="1324" VPOS="1911" WIDTH="201" HEIGHT="69" CONTENT="peigne" WC="0.99" CC="000800"/>
						<SP ID="P31_SP00168" HPOS="1525" VPOS="1981" WIDTH="47"/>
						<String ID="P31_ST00204" HPOS="1572" VPOS="1911" WIDTH="382" HEIGHT="65" CONTENT="merveilleux," WC="0.99" CC="001034041604"/>
						<SP ID="P31_SP00169" HPOS="1954" VPOS="1981" WIDTH="45"/>
						<String ID="P31_ST00205" HPOS="1999" VPOS="1928" WIDTH="78" HEIGHT="35" CONTENT="un" WC="0.60" CC="61"/>
					</TextLine>
					<TextLine ID="P31_TL00023" HPOS="82" VPOS="1986" WIDTH="1993" HEIGHT="70">
						<String ID="P31_ST00206" HPOS="82" VPOS="1986" WIDTH="297" HEIGHT="52" CONTENT="mouchoir" WC="0.99" CC="02300326"/>
						<SP ID="P31_SP00170" HPOS="379" VPOS="2038" WIDTH="27"/>
						<String ID="P31_ST00207" HPOS="406" VPOS="1987" WIDTH="373" HEIGHT="68" CONTENT="élégamment" WC="1.00" CC="0000000000"/>
						<SP ID="P31_SP00171" HPOS="779" VPOS="2055" WIDTH="31"/>
						<String ID="P31_ST00208" HPOS="810" VPOS="1990" WIDTH="147" HEIGHT="48" CONTENT="noué" WC="0.97" CC="4460"/>
						<SP ID="P31_SP00172" HPOS="957" VPOS="2055" WIDTH="41"/>
						<String ID="P31_ST00209" HPOS="998" VPOS="2002" WIDTH="68" HEIGHT="35" CONTENT="au" WC="0.70" CC="05"/>
						<SP ID="P31_SP00173" HPOS="1066" VPOS="2055" WIDTH="35"/>
						<String ID="P31_ST00210" HPOS="1101" VPOS="2004" WIDTH="125" HEIGHT="48" CONTENT="cou," WC="0.99" CC="2300"/>
						<SP ID="P31_SP00174" HPOS="1226" VPOS="2055" WIDTH="31"/>
						<String ID="P31_ST00211" HPOS="1257" VPOS="1986" WIDTH="151" HEIGHT="51" CONTENT="enfin" WC="0.99" CC="00005"/>
						<SP ID="P31_SP00175" HPOS="1408" VPOS="2055" WIDTH="31"/>
						<String ID="P31_ST00212" HPOS="1439" VPOS="1986" WIDTH="350" HEIGHT="69" CONTENT="brodequiné" WC="0.80" CC="0610007030"/>
						<SP ID="P31_SP00176" HPOS="1789" VPOS="2055" WIDTH="37"/>
						<String ID="P31_ST00213" HPOS="1826" VPOS="1997" WIDTH="53" HEIGHT="40" CONTENT="et" WC="1.00" CC="00"/>
						<SP ID="P31_SP00177" HPOS="1879" VPOS="2055" WIDTH="32"/>
						<String ID="P31_ST00214" HPOS="1911" VPOS="1990" WIDTH="164" HEIGHT="66" CONTENT="ganté" WC="0.98" CC="70040"/>
					</TextLine>
					<TextLine ID="P31_TL00024" HPOS="85" VPOS="2062" WIDTH="471" HEIGHT="52">
						<String ID="P31_ST00215" HPOS="85" VPOS="2080" WIDTH="129" HEIGHT="34" CONTENT="avec" WC="1.00" CC="0002"/>
						<SP ID="P31_SP00178" HPOS="214" VPOS="2114" WIDTH="23"/>
						<String ID="P31_ST00216" HPOS="237" VPOS="2062" WIDTH="319" HEIGHT="52" CONTENT="recherche." WC="0.99" CC="6005543004"/>
					</TextLine>
					<TextLine ID="P31_TL00025" HPOS="153" VPOS="2136" WIDTH="1924" HEIGHT="71">
						<String ID="P31_ST00217" HPOS="153" VPOS="2138" WIDTH="126" HEIGHT="52" CONTENT="Elle" WC="0.98" CC="0250"/>
						<SP ID="P31_SP00179" HPOS="279" VPOS="2190" WIDTH="34"/>
						<String ID="P31_ST00218" HPOS="313" VPOS="2150" WIDTH="254" HEIGHT="57" CONTENT="emporte" WC="0.99" CC="0000650"/>
						<SP ID="P31_SP00180" HPOS="567" VPOS="2207" WIDTH="27"/>
						<String ID="P31_ST00219" HPOS="594" VPOS="2155" WIDTH="130" HEIGHT="34" CONTENT="avec" WC="0.99" CC="0004"/>
						<SP ID="P31_SP00181" HPOS="724" VPOS="2207" WIDTH="25"/>
						<String ID="P31_ST00220" HPOS="749" VPOS="2137" WIDTH="124" HEIGHT="62" CONTENT="elle," WC="0.99" CC="06300"/>
						<SP ID="P31_SP00182" HPOS="873" VPOS="2207" WIDTH="30"/>
						<String ID="P31_ST00221" HPOS="903" VPOS="2138" WIDTH="139" HEIGHT="50" CONTENT="dans" WC="1.00" CC="0000"/>
						<SP ID="P31_SP00183" HPOS="1042" VPOS="2207" WIDTH="23"/>
						<String ID="P31_ST00222" HPOS="1065" VPOS="2137" WIDTH="51" HEIGHT="51" CONTENT="la" WC="1.00" CC="00"/>
						<SP ID="P31_SP00184" HPOS="1116" VPOS="2207" WIDTH="32"/>
						<String ID="P31_ST00223" HPOS="1148" VPOS="2136" WIDTH="218" HEIGHT="53" CONTENT="voiture" WC="1.00" CC="0000510"/>
						<SP ID="P31_SP00185" HPOS="1366" VPOS="2207" WIDTH="28"/>
						<String ID="P31_ST00224" HPOS="1394" VPOS="2137" WIDTH="66" HEIGHT="51" CONTENT="de" WC="1.00" CC="00"/>
						<SP ID="P31_SP00186" HPOS="1460" VPOS="2207" WIDTH="22"/>
						<String ID="P31_ST00225" HPOS="1482" VPOS="2137" WIDTH="208" HEIGHT="52" CONTENT="service" WC="0.99" CC="0060211"/>
						<SP ID="P31_SP00187" HPOS="1690" VPOS="2207" WIDTH="28"/>
						<String ID="P31_ST00226" HPOS="1718" VPOS="2136" WIDTH="201" HEIGHT="70" CONTENT="qu'elle" WC="0.99" CC="0620040"/>
						<SP ID="P31_SP00188" HPOS="1919" VPOS="2207" WIDTH="22"/>
						<String ID="P31_ST00227" HPOS="1941" VPOS="2154" WIDTH="30" HEIGHT="34" CONTENT="a" WC="0.73" CC="2"/>
						<SP ID="P31_SP00189" HPOS="1971" VPOS="2207" WIDTH="24"/>
						<String ID="P31_ST00228" HPOS="1995" VPOS="2140" WIDTH="82" HEIGHT="48" CONTENT="été" WC="1.00" CC="000"/>
					</TextLine>
					<TextLine ID="P31_TL00026" HPOS="85" VPOS="2212" WIDTH="1992" HEIGHT="71">
						<String ID="P31_ST00229" HPOS="85" VPOS="2215" WIDTH="311" HEIGHT="52" CONTENT="contrainte" WC="1.00" CC="0000602200"/>
						<SP ID="P31_SP00190" HPOS="396" VPOS="2267" WIDTH="27"/>
						<String ID="P31_ST00230" HPOS="423" VPOS="2216" WIDTH="332" HEIGHT="67" CONTENT="d'accepter," WC="1.00" CC="00105000030"/>
						<SP ID="P31_SP00191" HPOS="755" VPOS="2283" WIDTH="43"/>
						<String ID="P31_ST00231" HPOS="798" VPOS="2231" WIDTH="78" HEIGHT="34" CONTENT="un" WC="0.69" CC="60"/>
						<SP ID="P31_SP00192" HPOS="876" VPOS="2283" WIDTH="29"/>
						<String ID="P31_ST00232" HPOS="905" VPOS="2213" WIDTH="141" HEIGHT="69" CONTENT="petit" WC="1.00" CC="00000"/>
						<SP ID="P31_SP00193" HPOS="1046" VPOS="2283" WIDTH="25"/>
						<String ID="P31_ST00233" HPOS="1071" VPOS="2212" WIDTH="138" HEIGHT="52" CONTENT="livre" WC="0.99" CC="30050"/>
						<SP ID="P31_SP00194" HPOS="1209" VPOS="2283" WIDTH="31"/>
						<String ID="P31_ST00234" HPOS="1240" VPOS="2212" WIDTH="98" HEIGHT="70" CONTENT="qui" WC="0.97" CC="034"/>
						<SP ID="P31_SP00195" HPOS="1338" VPOS="2283" WIDTH="32"/>
						<String ID="P31_ST00235" HPOS="1370" VPOS="2212" WIDTH="154" HEIGHT="52" CONTENT="vient" WC="0.99" CC="04060"/>
						<SP ID="P31_SP00196" HPOS="1524" VPOS="2283" WIDTH="33"/>
						<String ID="P31_ST00236" HPOS="1557" VPOS="2215" WIDTH="67" HEIGHT="49" CONTENT="de" WC="1.00" CC="00"/>
						<SP ID="P31_SP00197" HPOS="1624" VPOS="2283" WIDTH="43"/>
						<String ID="P31_ST00237" HPOS="1667" VPOS="2215" WIDTH="243" HEIGHT="67" CONTENT="paraître" WC="0.99" CC="01400050"/>
						<SP ID="P31_SP00198" HPOS="1910" VPOS="2283" WIDTH="37"/>
						<String ID="P31_ST00238" HPOS="1947" VPOS="2212" WIDTH="130" HEIGHT="52" CONTENT="chez" WC="0.99" CC="0003"/>
					</TextLine>
					<TextLine ID="P31_TL00027" HPOS="82" VPOS="2286" WIDTH="1995" HEIGHT="71">
						<String ID="P31_ST00239" HPOS="82" VPOS="2290" WIDTH="215" HEIGHT="53" CONTENT="Musier" WC="0.85" CC="000206"/>
						<SP ID="P31_SP00199" HPOS="297" VPOS="2343" WIDTH="21"/>
						<String ID="P31_ST00240" HPOS="318" VPOS="2291" WIDTH="85" HEIGHT="51" CONTENT="fils" WC="1.00" CC="0000"/>
						<SP ID="P31_SP00200" HPOS="403" VPOS="2343" WIDTH="22"/>
						<String ID="P31_ST00241" HPOS="425" VPOS="2306" WIDTH="11" HEIGHT="37" CONTENT=":" WC="0.23" CC="7"/>
						<SP ID="P31_SP00201" HPOS="436" VPOS="2343" WIDTH="31"/>
						<String ID="P31_ST00242" HPOS="467" VPOS="2291" WIDTH="104" HEIGHT="51" CONTENT="Les" WC="1.00" CC="000" STYLEREFS="TXT_3"/>
						<SP ID="P31_SP00202" HPOS="571" VPOS="2343" WIDTH="39"/>
						<String ID="P31_ST00243" HPOS="610" VPOS="2287" WIDTH="379" HEIGHT="53" CONTENT="Promenades" WC="0.99" CC="1410401050" STYLEREFS="TXT_3"/>
						<SP ID="P31_SP00203" HPOS="989" VPOS="2343" WIDTH="32"/>
						<String ID="P31_ST00244" HPOS="1021" VPOS="2296" WIDTH="49" HEIGHT="44" CONTENT="et" WC="0.94" CC="01" STYLEREFS="TXT_3"/>
						<SP ID="P31_SP00204" HPOS="1070" VPOS="2343" WIDTH="23"/>
						<String ID="P31_ST00245" HPOS="1093" VPOS="2288" WIDTH="375" HEIGHT="69" CONTENT="Rendez-vous" WC="1.00" CC="04000802600" STYLEREFS="TXT_3"/>
						<SP ID="P31_SP00205" HPOS="1468" VPOS="2357" WIDTH="44"/>
						<String ID="P31_ST00246" HPOS="1512" VPOS="2287" WIDTH="74" HEIGHT="52" CONTENT="du" WC="1.00" CC="00" STYLEREFS="TXT_3"/>
						<SP ID="P31_SP00206" HPOS="1586" VPOS="2357" WIDTH="38"/>
						<String ID="P31_ST00247" HPOS="1624" VPOS="2288" WIDTH="154" HEIGHT="51" CONTENT="Parc" WC="0.98" CC="5230" STYLEREFS="TXT_3"/>
						<SP ID="P31_SP00207" HPOS="1778" VPOS="2357" WIDTH="52"/>
						<String ID="P31_ST00248" HPOS="1830" VPOS="2286" WIDTH="66" HEIGHT="53" CONTENT="de" WC="1.00" CC="00" STYLEREFS="TXT_3"/>
						<SP ID="P31_SP00208" HPOS="1896" VPOS="2357" WIDTH="45"/>
						<String ID="P31_ST00249" HPOS="1941" VPOS="2287" WIDTH="102" HEIGHT="51" CONTENT="Ver" SUBS_TYPE="HypPart1" SUBS_CONTENT="Versailles," WC="0.96" CC="094" STYLEREFS="TXT_3"/>
						<HYP HPOS="2043" VPOS="2287" WIDTH="34" CONTENT="-"/>
					</TextLine>
					<TextLine ID="P31_TL00028" HPOS="91" VPOS="2362" WIDTH="1985" HEIGHT="71">
						<String ID="P31_ST00250" HPOS="91" VPOS="2366" WIDTH="194" HEIGHT="66" CONTENT="sailles," SUBS_TYPE="HypPart2" SUBS_CONTENT="Versailles," WC="0.99" CC="09020000" STYLEREFS="TXT_3"/>
						<SP ID="P31_SP00209" HPOS="285" VPOS="2432" WIDTH="19"/>
						<String ID="P31_ST00251" HPOS="304" VPOS="2378" WIDTH="54" HEIGHT="39" CONTENT="et" WC="1.00" CC="00"/>
						<SP ID="P31_SP00210" HPOS="358" VPOS="2432" WIDTH="34"/>
						<String ID="P31_ST00252" HPOS="392" VPOS="2366" WIDTH="71" HEIGHT="53" CONTENT="où" WC="0.77" CC="40"/>
						<SP ID="P31_SP00211" HPOS="463" VPOS="2432" WIDTH="29"/>
						<String ID="P31_ST00253" HPOS="492" VPOS="2377" WIDTH="129" HEIGHT="40" CONTENT="sont" WC="0.99" CC="0013"/>
						<SP ID="P31_SP00212" HPOS="621" VPOS="2432" WIDTH="25"/>
						<String ID="P31_ST00254" HPOS="646" VPOS="2370" WIDTH="291" HEIGHT="47" CONTENT="racontées" WC="1.00" CC="600220000"/>
						<SP ID="P31_SP00213" HPOS="937" VPOS="2432" WIDTH="34"/>
						<String ID="P31_ST00255" HPOS="971" VPOS="2364" WIDTH="79" HEIGHT="51" CONTENT="les" WC="1.00" CC="000"/>
						<SP ID="P31_SP00214" HPOS="1050" VPOS="2432" WIDTH="24"/>
						<String ID="P31_ST00256" HPOS="1074" VPOS="2376" WIDTH="298" HEIGHT="39" CONTENT="aventures" WC="1.00" CC="100005600"/>
						<SP ID="P31_SP00215" HPOS="1372" VPOS="2432" WIDTH="27"/>
						<String ID="P31_ST00257" HPOS="1399" VPOS="2364" WIDTH="167" HEIGHT="53" CONTENT="d'une" WC="0.98" CC="03640"/>
						<SP ID="P31_SP00216" HPOS="1566" VPOS="2432" WIDTH="26"/>
						<String ID="P31_ST00258" HPOS="1592" VPOS="2362" WIDTH="210" HEIGHT="71" CONTENT="Sophie" WC="1.00" CC="000000"/>
						<SP ID="P31_SP00217" HPOS="1802" VPOS="2433" WIDTH="23"/>
						<String ID="P31_ST00259" HPOS="1825" VPOS="2364" WIDTH="251" HEIGHT="51" CONTENT="devenue" WC="1.00" CC="0000060"/>
					</TextLine>
					<TextLine ID="P31_TL00029" HPOS="85" VPOS="2438" WIDTH="1994" HEIGHT="74">
						<String ID="P31_ST00260" HPOS="85" VPOS="2442" WIDTH="288" HEIGHT="66" CONTENT="duchesse," WC="1.00" CC="000301002"/>
						<SP ID="P31_SP00218" HPOS="373" VPOS="2508" WIDTH="25"/>
						<String ID="P31_ST00261" HPOS="398" VPOS="2441" WIDTH="98" HEIGHT="71" CONTENT="qui" WC="0.97" CC="061"/>
						<SP ID="P31_SP00219" HPOS="496" VPOS="2512" WIDTH="26"/>
						<String ID="P31_ST00262" HPOS="522" VPOS="2442" WIDTH="123" HEIGHT="68" CONTENT="loge" WC="1.00" CC="0000"/>
						<SP ID="P31_SP00220" HPOS="645" VPOS="2512" WIDTH="33"/>
						<String ID="P31_ST00263" HPOS="678" VPOS="2444" WIDTH="29" HEIGHT="49" CONTENT="à" WC="1.00" CC="0"/>
						<SP ID="P31_SP00221" HPOS="707" VPOS="2512" WIDTH="32"/>
						<String ID="P31_ST00264" HPOS="739" VPOS="2441" WIDTH="324" HEIGHT="64" CONTENT="Versailles," WC="0.99" CC="60505234000"/>
						<SP ID="P31_SP00222" HPOS="1063" VPOS="2512" WIDTH="30"/>
						<String ID="P31_ST00265" HPOS="1093" VPOS="2457" WIDTH="67" HEIGHT="36" CONTENT="au" WC="1.00" CC="00"/>
						<SP ID="P31_SP00223" HPOS="1160" VPOS="2512" WIDTH="23"/>
						<String ID="P31_ST00266" HPOS="1183" VPOS="2439" WIDTH="263" HEIGHT="66" CONTENT="Cabaret," WC="1.00" CC="20022000"/>
						<SP ID="P31_SP00224" HPOS="1446" VPOS="2512" WIDTH="37"/>
						<String ID="P31_ST00267" HPOS="1483" VPOS="2456" WIDTH="220" HEIGHT="35" CONTENT="comme" WC="1.00" CC="01000"/>
						<SP ID="P31_SP00225" HPOS="1703" VPOS="2512" WIDTH="24"/>
						<String ID="P31_ST00268" HPOS="1727" VPOS="2455" WIDTH="112" HEIGHT="36" CONTENT="une" WC="0.98" CC="500"/>
						<SP ID="P31_SP00226" HPOS="1839" VPOS="2512" WIDTH="34"/>
						<String ID="P31_ST00269" HPOS="1873" VPOS="2438" WIDTH="181" HEIGHT="52" CONTENT="sollici" SUBS_TYPE="HypPart1" SUBS_CONTENT="solliciteuse" WC="0.99" CC="0341003"/>
						<HYP HPOS="2054" VPOS="2438" WIDTH="25" CONTENT="-"/>
					</TextLine>
					<TextLine ID="P31_TL00030" HPOS="85" VPOS="2514" WIDTH="1992" HEIGHT="74">
						<String ID="P31_ST00270" HPOS="85" VPOS="2530" WIDTH="151" HEIGHT="41" CONTENT="teuse" SUBS_TYPE="HypPart2" SUBS_CONTENT="solliciteuse" WC="1.00" CC="00000"/>
						<SP ID="P31_SP00227" HPOS="236" VPOS="2571" WIDTH="27"/>
						<String ID="P31_ST00271" HPOS="263" VPOS="2519" WIDTH="66" HEIGHT="51" CONTENT="de" WC="1.00" CC="00"/>
						<SP ID="P31_SP00228" HPOS="329" VPOS="2571" WIDTH="33"/>
						<String ID="P31_ST00272" HPOS="362" VPOS="2518" WIDTH="260" HEIGHT="70" CONTENT="pension." WC="1.00" CC="00000000"/>
						<SP ID="P31_SP00229" HPOS="622" VPOS="2588" WIDTH="29"/>
						<String ID="P31_ST00273" HPOS="651" VPOS="2518" WIDTH="300" HEIGHT="52" CONTENT="L'héroïne" WC="0.99" CC="040043200"/>
						<SP ID="P31_SP00230" HPOS="951" VPOS="2588" WIDTH="28"/>
						<String ID="P31_ST00274" HPOS="979" VPOS="2530" WIDTH="162" HEIGHT="39" CONTENT="conte" WC="0.99" CC="23000"/>
						<SP ID="P31_SP00231" HPOS="1141" VPOS="2588" WIDTH="24"/>
						<String ID="P31_ST00275" HPOS="1165" VPOS="2517" WIDTH="318" HEIGHT="51" CONTENT="elle-même" WC="1.00" CC="023000300"/>
						<SP ID="P31_SP00232" HPOS="1483" VPOS="2588" WIDTH="23"/>
						<String ID="P31_ST00276" HPOS="1506" VPOS="2533" WIDTH="105" HEIGHT="35" CONTENT="son" WC="0.96" CC="035"/>
						<SP ID="P31_SP00233" HPOS="1611" VPOS="2588" WIDTH="31"/>
						<String ID="P31_ST00277" HPOS="1642" VPOS="2516" WIDTH="236" HEIGHT="52" CONTENT="histoire" WC="1.00" CC="00002060"/>
						<SP ID="P31_SP00234" HPOS="1878" VPOS="2588" WIDTH="23"/>
						<String ID="P31_ST00278" HPOS="1901" VPOS="2514" WIDTH="176" HEIGHT="52" CONTENT="mêlée" WC="1.00" CC="00200"/>
					</TextLine>
					<TextLine ID="P31_TL00031" HPOS="83" VPOS="2592" WIDTH="1996" HEIGHT="72">
						<String ID="P31_ST00279" HPOS="83" VPOS="2596" WIDTH="64" HEIGHT="49" CONTENT="de" WC="1.00" CC="00"/>
						<SP ID="P31_SP00235" HPOS="147" VPOS="2645" WIDTH="41"/>
						<String ID="P31_ST00280" HPOS="188" VPOS="2594" WIDTH="273" HEIGHT="52" CONTENT="l'histoire" WC="1.00" CC="5000000050"/>
						<SP ID="P31_SP00236" HPOS="461" VPOS="2646" WIDTH="33"/>
						<String ID="P31_ST00281" HPOS="494" VPOS="2593" WIDTH="334" HEIGHT="71" CONTENT="épisodique" WC="0.92" CC="0000101050"/>
						<SP ID="P31_SP00237" HPOS="828" VPOS="2664" WIDTH="45"/>
						<String ID="P31_ST00282" HPOS="873" VPOS="2596" WIDTH="167" HEIGHT="49" CONTENT="d'une" WC="0.98" CC="00550"/>
						<SP ID="P31_SP00238" HPOS="1040" VPOS="2664" WIDTH="34"/>
						<String ID="P31_ST00283" HPOS="1074" VPOS="2592" WIDTH="246" HEIGHT="53" CONTENT="certaine" WC="1.00" CC="00620000"/>
						<SP ID="P31_SP00239" HPOS="1320" VPOS="2664" WIDTH="32"/>
						<String ID="P31_ST00284" HPOS="1352" VPOS="2592" WIDTH="229" HEIGHT="66" CONTENT="Emilie," WC="0.99" CC="0004022"/>
						<SP ID="P31_SP00240" HPOS="1581" VPOS="2664" WIDTH="37"/>
						<String ID="P31_ST00285" HPOS="1618" VPOS="2592" WIDTH="109" HEIGHT="51" CONTENT="fille" WC="0.99" CC="00350"/>
						<SP ID="P31_SP00241" HPOS="1727" VPOS="2664" WIDTH="34"/>
						<String ID="P31_ST00286" HPOS="1761" VPOS="2592" WIDTH="131" HEIGHT="52" CONTENT="d'un" WC="0.97" CC="0354"/>
						<SP ID="P31_SP00242" HPOS="1892" VPOS="2664" WIDTH="38"/>
						<String ID="P31_ST00287" HPOS="1930" VPOS="2607" WIDTH="112" HEIGHT="36" CONTENT="mar" SUBS_TYPE="HypPart1" SUBS_CONTENT="marchand" WC="0.98" CC="005"/>
						<HYP HPOS="2042" VPOS="2607" WIDTH="37" CONTENT="-"/>
					</TextLine>
					<TextLine ID="P31_TL00032" HPOS="81" VPOS="2665" WIDTH="1993" HEIGHT="73">
						<String ID="P31_ST00288" HPOS="81" VPOS="2671" WIDTH="180" HEIGHT="52" CONTENT="chand" SUBS_TYPE="HypPart2" SUBS_CONTENT="marchand" WC="0.99" CC="40000"/>
						<SP ID="P31_SP00243" HPOS="261" VPOS="2723" WIDTH="24"/>
						<String ID="P31_ST00289" HPOS="285" VPOS="2669" WIDTH="240" HEIGHT="69" CONTENT="joaillier" WC="0.99" CC="600000206"/>
						<SP ID="P31_SP00244" HPOS="525" VPOS="2738" WIDTH="36"/>
						<String ID="P31_ST00290" HPOS="561" VPOS="2671" WIDTH="66" HEIGHT="50" CONTENT="de" WC="1.00" CC="00"/>
						<SP ID="P31_SP00245" HPOS="627" VPOS="2738" WIDTH="44"/>
						<String ID="P31_ST00291" HPOS="671" VPOS="2671" WIDTH="178" HEIGHT="64" CONTENT="Paris," WC="0.99" CC="004002"/>
						<SP ID="P31_SP00246" HPOS="849" VPOS="2738" WIDTH="31"/>
						<String ID="P31_ST00292" HPOS="880" VPOS="2683" WIDTH="53" HEIGHT="37" CONTENT="et" WC="1.00" CC="00"/>
						<SP ID="P31_SP00247" HPOS="933" VPOS="2738" WIDTH="36"/>
						<String ID="P31_ST00293" HPOS="969" VPOS="2669" WIDTH="102" HEIGHT="51" CONTENT="elle" WC="1.00" CC="0000"/>
						<SP ID="P31_SP00248" HPOS="1071" VPOS="2738" WIDTH="53"/>
						<String ID="P31_ST00294" HPOS="1124" VPOS="2687" WIDTH="55" HEIGHT="33" CONTENT="se" WC="1.00" CC="00"/>
						<SP ID="P31_SP00249" HPOS="1179" VPOS="2738" WIDTH="28"/>
						<String ID="P31_ST00295" HPOS="1207" VPOS="2682" WIDTH="199" HEIGHT="39" CONTENT="trouve" WC="0.99" CC="030510"/>
						<SP ID="P31_SP00250" HPOS="1406" VPOS="2738" WIDTH="34"/>
						<String ID="P31_ST00296" HPOS="1440" VPOS="2668" WIDTH="106" HEIGHT="52" CONTENT="àla" WC="0.93" CC="640"/>
						<SP ID="P31_SP00251" HPOS="1546" VPOS="2738" WIDTH="31"/>
						<String ID="P31_ST00297" HPOS="1577" VPOS="2668" WIDTH="76" HEIGHT="51" CONTENT="fin" WC="0.98" CC="330"/>
						<SP ID="P31_SP00252" HPOS="1653" VPOS="2738" WIDTH="27"/>
						<String ID="P31_ST00298" HPOS="1680" VPOS="2669" WIDTH="114" HEIGHT="50" CONTENT="être" WC="0.99" CC="0040"/>
						<SP ID="P31_SP00253" HPOS="1794" VPOS="2738" WIDTH="33"/>
						<String ID="P31_ST00299" HPOS="1827" VPOS="2667" WIDTH="52" HEIGHT="51" CONTENT="la" WC="0.73" CC="50"/>
						<SP ID="P31_SP00254" HPOS="1879" VPOS="2738" WIDTH="37"/>
						<String ID="P31_ST00300" HPOS="1916" VPOS="2665" WIDTH="127" HEIGHT="70" CONTENT="prin" SUBS_TYPE="HypPart1" SUBS_CONTENT="princesse" WC="0.99" CC="0600"/>
						<HYP HPOS="2043" VPOS="2665" WIDTH="31" CONTENT="-"/>
					</TextLine>
					<TextLine ID="P31_TL00033" HPOS="83" VPOS="2743" WIDTH="1991" HEIGHT="68">
						<String ID="P31_ST00301" HPOS="83" VPOS="2763" WIDTH="149" HEIGHT="36" CONTENT="cesse" SUBS_TYPE="HypPart2" SUBS_CONTENT="princesse" WC="1.00" CC="00000"/>
						<SP ID="P31_SP00255" HPOS="232" VPOS="2799" WIDTH="46"/>
						<String ID="P31_ST00302" HPOS="278" VPOS="2748" WIDTH="66" HEIGHT="50" CONTENT="de" WC="1.00" CC="00"/>
						<SP ID="P31_SP00256" HPOS="344" VPOS="2799" WIDTH="51"/>
						<String ID="P31_ST00303" HPOS="395" VPOS="2747" WIDTH="207" HEIGHT="64" CONTENT="Pallas," WC="0.99" CC="0000000"/>
						<SP ID="P31_SP00257" HPOS="602" VPOS="2811" WIDTH="34"/>
						<String ID="P31_ST00304" HPOS="636" VPOS="2745" WIDTH="112" HEIGHT="51" CONTENT="fille" WC="1.00" CC="00000"/>
						<SP ID="P31_SP00258" HPOS="748" VPOS="2811" WIDTH="45"/>
						<String ID="P31_ST00305" HPOS="793" VPOS="2747" WIDTH="68" HEIGHT="51" CONTENT="de" WC="1.00" CC="00"/>
						<SP ID="P31_SP00259" HPOS="861" VPOS="2811" WIDTH="38"/>
						<String ID="P31_ST00306" HPOS="899" VPOS="2745" WIDTH="167" HEIGHT="51" CONTENT="l'lnca" WC="0.71" CC="405430"/>
						<SP ID="P31_SP00260" HPOS="1066" VPOS="2811" WIDTH="33"/>
						<String ID="P31_ST00307" HPOS="1099" VPOS="2743" WIDTH="204" HEIGHT="55" CONTENT="Carata" WC="0.76" CC="503005"/>
						<SP ID="P31_SP00261" HPOS="1303" VPOS="2811" WIDTH="33"/>
						<String ID="P31_ST00308" HPOS="1336" VPOS="2758" WIDTH="50" HEIGHT="37" CONTENT="et" WC="1.00" CC="00"/>
						<SP ID="P31_SP00262" HPOS="1386" VPOS="2811" WIDTH="40"/>
						<String ID="P31_ST00309" HPOS="1426" VPOS="2745" WIDTH="67" HEIGHT="50" CONTENT="de" WC="1.00" CC="00"/>
						<SP ID="P31_SP00263" HPOS="1493" VPOS="2811" WIDTH="33"/>
						<String ID="P31_ST00310" HPOS="1526" VPOS="2744" WIDTH="52" HEIGHT="50" CONTENT="la" WC="0.81" CC="30"/>
						<SP ID="P31_SP00264" HPOS="1578" VPOS="2811" WIDTH="42"/>
						<String ID="P31_ST00311" HPOS="1620" VPOS="2743" WIDTH="287" HEIGHT="68" CONTENT="princesse" WC="1.00" CC="032010000"/>
						<SP ID="P31_SP00265" HPOS="1907" VPOS="2811" WIDTH="53"/>
						<String ID="P31_ST00312" HPOS="1960" VPOS="2743" WIDTH="76" HEIGHT="51" CONTENT="Ma" SUBS_TYPE="HypPart1" SUBS_CONTENT="Mamachie" WC="1.00" CC="00"/>
						<HYP HPOS="2036" VPOS="2743" WIDTH="38" CONTENT="-"/>
					</TextLine>
					<TextLine ID="P31_TL00034" HPOS="82" VPOS="2818" WIDTH="1994" HEIGHT="71">
						<String ID="P31_ST00313" HPOS="82" VPOS="2822" WIDTH="217" HEIGHT="52" CONTENT="machie" SUBS_TYPE="HypPart2" SUBS_CONTENT="Mamachie" WC="0.99" CC="000000"/>
						<SP ID="P31_SP00266" HPOS="299" VPOS="2874" WIDTH="27"/>
						<String ID="P31_ST00314" HPOS="326" VPOS="2822" WIDTH="220" HEIGHT="54" CONTENT="Carata." WC="0.86" CC="3030020"/>
						<SP ID="P31_SP00267" HPOS="546" VPOS="2876" WIDTH="33"/>
						<String ID="P31_ST00315" HPOS="579" VPOS="2820" WIDTH="151" HEIGHT="55" CONTENT="C'est" WC="0.99" CC="60000"/>
						<SP ID="P31_SP00268" HPOS="730" VPOS="2876" WIDTH="33"/>
						<String ID="P31_ST00316" HPOS="763" VPOS="2822" WIDTH="51" HEIGHT="52" CONTENT="là" WC="0.39" CC="47"/>
						<SP ID="P31_SP00269" HPOS="814" VPOS="2876" WIDTH="24"/>
						<String ID="P31_ST00317" HPOS="838" VPOS="2838" WIDTH="79" HEIGHT="36" CONTENT="un" WC="0.44" CC="55"/>
						<SP ID="P31_SP00270" HPOS="917" VPOS="2876" WIDTH="21"/>
						<String ID="P31_ST00318" HPOS="938" VPOS="2820" WIDTH="137" HEIGHT="54" CONTENT="livre" WC="0.99" CC="30070"/>
						<SP ID="P31_SP00271" HPOS="1075" VPOS="2876" WIDTH="24"/>
						<String ID="P31_ST00319" HPOS="1099" VPOS="2820" WIDTH="150" HEIGHT="69" CONTENT="léger" WC="0.98" CC="01806"/>
						<SP ID="P31_SP00272" HPOS="1249" VPOS="2889" WIDTH="37"/>
						<String ID="P31_ST00320" HPOS="1286" VPOS="2819" WIDTH="202" HEIGHT="70" CONTENT="qu'elle" WC="0.99" CC="0600230"/>
						<SP ID="P31_SP00273" HPOS="1488" VPOS="2889" WIDTH="19"/>
						<String ID="P31_ST00321" HPOS="1507" VPOS="2834" WIDTH="305" HEIGHT="54" CONTENT="parcourra" WC="1.00" CC="006301020"/>
						<SP ID="P31_SP00274" HPOS="1812" VPOS="2889" WIDTH="24"/>
						<String ID="P31_ST00322" HPOS="1836" VPOS="2819" WIDTH="75" HEIGHT="51" CONTENT="du" WC="0.72" CC="05"/>
						<SP ID="P31_SP00275" HPOS="1911" VPOS="2889" WIDTH="25"/>
						<String ID="P31_ST00323" HPOS="1936" VPOS="2818" WIDTH="140" HEIGHT="52" CONTENT="bout" WC="0.98" CC="0360"/>
					</TextLine>
					<TextLine ID="P31_TL00035" HPOS="85" VPOS="2898" WIDTH="398" HEIGHT="53">
						<String ID="P31_ST00324" HPOS="85" VPOS="2899" WIDTH="64" HEIGHT="51" CONTENT="de" WC="1.00" CC="00"/>
						<SP ID="P31_SP00276" HPOS="149" VPOS="2950" WIDTH="33"/>
						<String ID="P31_ST00325" HPOS="182" VPOS="2898" WIDTH="301" HEIGHT="53" CONTENT="l'éventail." WC="0.99" CC="30530000253"/>
					</TextLine>
					<TextLine ID="P31_TL00036" HPOS="152" VPOS="2969" WIDTH="1924" HEIGHT="71">
						<String ID="P31_ST00326" HPOS="152" VPOS="2974" WIDTH="244" HEIGHT="55" CONTENT="Chemin" WC="0.99" CC="109010"/>
						<SP ID="P31_SP00277" HPOS="396" VPOS="3029" WIDTH="27"/>
						<String ID="P31_ST00327" HPOS="423" VPOS="2975" WIDTH="221" HEIGHT="64" CONTENT="faisant," WC="0.99" CC="00500213"/>
						<SP ID="P31_SP00278" HPOS="644" VPOS="3039" WIDTH="24"/>
						<String ID="P31_ST00328" HPOS="668" VPOS="2974" WIDTH="101" HEIGHT="52" CONTENT="elle" WC="0.99" CC="0120"/>
						<SP ID="P31_SP00279" HPOS="769" VPOS="3039" WIDTH="26"/>
						<String ID="P31_ST00329" HPOS="795" VPOS="2974" WIDTH="224" HEIGHT="51" CONTENT="s'arrête" WC="0.99" CC="02046220"/>
						<SP ID="P31_SP00280" HPOS="1019" VPOS="3039" WIDTH="23"/>
						<String ID="P31_ST00330" HPOS="1042" VPOS="2977" WIDTH="28" HEIGHT="47" CONTENT="à" WC="0.52" CC="4"/>
						<SP ID="P31_SP00281" HPOS="1070" VPOS="3039" WIDTH="28"/>
						<String ID="P31_ST00331" HPOS="1098" VPOS="2972" WIDTH="219" HEIGHT="66" CONTENT="Sèvres," WC="0.99" CC="0506000"/>
						<SP ID="P31_SP00282" HPOS="1317" VPOS="3039" WIDTH="16"/>
						<String ID="P31_ST00332" HPOS="1333" VPOS="2989" WIDTH="146" HEIGHT="51" CONTENT="pour" WC="0.97" CC="0066"/>
						<SP ID="P31_SP00283" HPOS="1479" VPOS="3040" WIDTH="15"/>
						<String ID="P31_ST00333" HPOS="1494" VPOS="2970" WIDTH="138" HEIGHT="54" CONTENT="faire" WC="0.99" CC="20250"/>
						<SP ID="P31_SP00284" HPOS="1632" VPOS="3040" WIDTH="25"/>
						<String ID="P31_ST00334" HPOS="1657" VPOS="2970" WIDTH="265" HEIGHT="69" CONTENT="emplette" WC="1.00" CC="00000000"/>
						<SP ID="P31_SP00285" HPOS="1922" VPOS="3040" WIDTH="21"/>
						<String ID="P31_ST00335" HPOS="1943" VPOS="2969" WIDTH="133" HEIGHT="51" CONTENT="chez" WC="0.98" CC="4004"/>
					</TextLine>
					<TextLine ID="P31_TL00037" HPOS="83" VPOS="3044" WIDTH="1992" HEIGHT="74">
						<String ID="P31_ST00336" HPOS="83" VPOS="3050" WIDTH="209" HEIGHT="66" CONTENT="Maille," WC="0.99" CC="0503000"/>
						<SP ID="P31_SP00286" HPOS="292" VPOS="3116" WIDTH="48"/>
						<String ID="P31_ST00337" HPOS="340" VPOS="3050" WIDTH="220" HEIGHT="52" CONTENT="l'habile" WC="0.99" CC="30400050"/>
						<SP ID="P31_SP00287" HPOS="560" VPOS="3116" WIDTH="45"/>
						<String ID="P31_ST00338" HPOS="605" VPOS="3050" WIDTH="360" HEIGHT="64" CONTENT="distillateur," WC="1.00" CC="0000003071061"/>
						<SP ID="P31_SP00288" HPOS="965" VPOS="3116" WIDTH="30"/>
						<String ID="P31_ST00339" HPOS="995" VPOS="3049" WIDTH="163" HEIGHT="52" CONTENT="d'une" WC="0.98" CC="60600"/>
						<SP ID="P31_SP00289" HPOS="1158" VPOS="3116" WIDTH="34"/>
						<String ID="P31_ST00340" HPOS="1192" VPOS="3046" WIDTH="226" HEIGHT="72" CONTENT="liqueur" WC="0.99" CC="4306005"/>
						<SP ID="P31_SP00290" HPOS="1418" VPOS="3118" WIDTH="32"/>
						<String ID="P31_ST00341" HPOS="1450" VPOS="3046" WIDTH="259" HEIGHT="54" CONTENT="nouvelle" WC="1.00" CC="00500000"/>
						<SP ID="P31_SP00291" HPOS="1709" VPOS="3118" WIDTH="32"/>
						<String ID="P31_ST00342" HPOS="1741" VPOS="3044" WIDTH="251" HEIGHT="71" CONTENT="baptisée" WC="1.00" CC="00000003"/>
						<SP ID="P31_SP00292" HPOS="1992" VPOS="3118" WIDTH="35"/>
						<String ID="P31_ST00343" HPOS="2027" VPOS="3045" WIDTH="48" HEIGHT="51" CONTENT="le" WC="0.98" CC="00"/>
					</TextLine>
					<TextLine ID="P31_TL00038" HPOS="86" VPOS="3119" WIDTH="1991" HEIGHT="76">
						<String ID="P31_ST00344" HPOS="86" VPOS="3147" WIDTH="23" HEIGHT="25" CONTENT="«" WC="0.35" CC="6"/>
						<SP ID="P31_SP00293" HPOS="109" VPOS="3172" WIDTH="37"/>
						<String ID="P31_ST00345" HPOS="146" VPOS="3124" WIDTH="269" HEIGHT="55" CONTENT="Courrier" WC="0.99" CC="40460105"/>
						<SP ID="P31_SP00294" HPOS="415" VPOS="3179" WIDTH="33"/>
						<String ID="P31_ST00346" HPOS="448" VPOS="3128" WIDTH="66" HEIGHT="51" CONTENT="de" WC="1.00" CC="00"/>
						<SP ID="P31_SP00295" HPOS="514" VPOS="3179" WIDTH="28"/>
						<String ID="P31_ST00347" HPOS="542" VPOS="3125" WIDTH="242" HEIGHT="70" CONTENT="Cythère" WC="0.78" CC="4430010"/>
						<SP ID="P31_SP00296" HPOS="784" VPOS="3195" WIDTH="31"/>
						<String ID="P31_ST00348" HPOS="815" VPOS="3147" WIDTH="23" HEIGHT="26" CONTENT="»" WC="0.59" CC="4"/>
						<SP ID="P31_SP00297" HPOS="838" VPOS="3195" WIDTH="30"/>
						<String ID="P31_ST00349" HPOS="868" VPOS="3138" WIDTH="54" HEIGHT="38" CONTENT="et" WC="1.00" CC="00"/>
						<SP ID="P31_SP00298" HPOS="922" VPOS="3195" WIDTH="26"/>
						<String ID="P31_ST00350" HPOS="948" VPOS="3124" WIDTH="97" HEIGHT="70" CONTENT="qui" WC="0.95" CC="264"/>
						<SP ID="P31_SP00299" HPOS="1045" VPOS="3195" WIDTH="34"/>
						<String ID="P31_ST00351" HPOS="1079" VPOS="3137" WIDTH="83" HEIGHT="38" CONTENT="est" WC="1.00" CC="000"/>
						<SP ID="P31_SP00300" HPOS="1162" VPOS="3195" WIDTH="31"/>
						<String ID="P31_ST00352" HPOS="1193" VPOS="3125" WIDTH="75" HEIGHT="51" CONTENT="du" WC="0.78" CC="04"/>
						<SP ID="P31_SP00301" HPOS="1268" VPOS="3195" WIDTH="23"/>
						<String ID="P31_ST00353" HPOS="1291" VPOS="3128" WIDTH="137" HEIGHT="64" CONTENT="goût" WC="1.00" CC="0000"/>
						<SP ID="P31_SP00302" HPOS="1428" VPOS="3195" WIDTH="19"/>
						<String ID="P31_ST00354" HPOS="1447" VPOS="3124" WIDTH="49" HEIGHT="51" CONTENT="le" WC="1.00" CC="00"/>
						<SP ID="P31_SP00303" HPOS="1496" VPOS="3195" WIDTH="34"/>
						<String ID="P31_ST00355" HPOS="1530" VPOS="3123" WIDTH="127" HEIGHT="69" CONTENT="plus" WC="0.96" CC="0366"/>
						<SP ID="P31_SP00304" HPOS="1657" VPOS="3195" WIDTH="27"/>
						<String ID="P31_ST00356" HPOS="1684" VPOS="3121" WIDTH="219" HEIGHT="51" CONTENT="délicat." WC="0.99" CC="00350004"/>
						<SP ID="P31_SP00305" HPOS="1903" VPOS="3195" WIDTH="33"/>
						<String ID="P31_ST00357" HPOS="1936" VPOS="3119" WIDTH="141" HEIGHT="53" CONTENT="Bien" WC="0.97" CC="6007"/>
					</TextLine>
					<TextLine ID="P31_TL00039" HPOS="86" VPOS="3195" WIDTH="1993" HEIGHT="75">
						<String ID="P31_ST00358" HPOS="86" VPOS="3219" WIDTH="105" HEIGHT="51" CONTENT="que" WC="0.96" CC="460"/>
						<SP ID="P31_SP00306" HPOS="191" VPOS="3270" WIDTH="28"/>
						<String ID="P31_ST00359" HPOS="219" VPOS="3201" WIDTH="140" HEIGHT="52" CONTENT="midi" WC="1.00" CC="0100"/>
						<SP ID="P31_SP00307" HPOS="359" VPOS="3270" WIDTH="44"/>
						<String ID="P31_ST00360" HPOS="403" VPOS="3201" WIDTH="77" HEIGHT="52" CONTENT="ait" WC="1.00" CC="000"/>
						<SP ID="P31_SP00308" HPOS="480" VPOS="3270" WIDTH="39"/>
						<String ID="P31_ST00361" HPOS="519" VPOS="3206" WIDTH="177" HEIGHT="47" CONTENT="sonné" WC="0.99" CC="00400"/>
						<SP ID="P31_SP00309" HPOS="696" VPOS="3270" WIDTH="45"/>
						<String ID="P31_ST00362" HPOS="741" VPOS="3200" WIDTH="319" HEIGHT="70" CONTENT="lorsqu'elle" WC="1.00" CC="01100040430"/>
						<SP ID="P31_SP00310" HPOS="1060" VPOS="3270" WIDTH="37"/>
						<String ID="P31_ST00363" HPOS="1097" VPOS="3199" WIDTH="179" HEIGHT="53" CONTENT="arrive" WC="0.98" CC="346300"/>
						<SP ID="P31_SP00311" HPOS="1276" VPOS="3270" WIDTH="56"/>
						<String ID="P31_ST00364" HPOS="1332" VPOS="3203" WIDTH="28" HEIGHT="48" CONTENT="à" WC="0.32" CC="6"/>
						<SP ID="P31_SP00312" HPOS="1360" VPOS="3270" WIDTH="42"/>
						<String ID="P31_ST00365" HPOS="1402" VPOS="3200" WIDTH="50" HEIGHT="50" CONTENT="la" WC="1.00" CC="00"/>
						<SP ID="P31_SP00313" HPOS="1452" VPOS="3270" WIDTH="44"/>
						<String ID="P31_ST00366" HPOS="1496" VPOS="3198" WIDTH="321" HEIGHT="69" CONTENT="répétition," WC="1.00" CC="20000004002"/>
						<SP ID="P31_SP00314" HPOS="1817" VPOS="3270" WIDTH="44"/>
						<String ID="P31_ST00367" HPOS="1861" VPOS="3195" WIDTH="102" HEIGHT="51" CONTENT="elle" WC="0.98" CC="0350"/>
						<SP ID="P31_SP00315" HPOS="1963" VPOS="3270" WIDTH="46"/>
						<String ID="P31_ST00368" HPOS="2009" VPOS="3212" WIDTH="70" HEIGHT="33" CONTENT="ne" WC="0.81" CC="30"/>
					</TextLine>
					<TextLine ID="P31_TL00040" HPOS="86" VPOS="3270" WIDTH="1993" HEIGHT="77">
						<String ID="P31_ST00369" HPOS="86" VPOS="3278" WIDTH="241" HEIGHT="52" CONTENT="s'excuse" WC="1.00" CC="00100200"/>
						<SP ID="P31_SP00316" HPOS="327" VPOS="3330" WIDTH="40"/>
						<String ID="P31_ST00370" HPOS="367" VPOS="3279" WIDTH="162" HEIGHT="68" CONTENT="point" WC="0.99" CC="01003"/>
						<SP ID="P31_SP00317" HPOS="529" VPOS="3347" WIDTH="43"/>
						<String ID="P31_ST00371" HPOS="572" VPOS="3279" WIDTH="66" HEIGHT="51" CONTENT="de" WC="1.00" CC="00"/>
						<SP ID="P31_SP00318" HPOS="638" VPOS="3347" WIDTH="47"/>
						<String ID="P31_ST00372" HPOS="685" VPOS="3295" WIDTH="103" HEIGHT="35" CONTENT="son" WC="0.98" CC="022"/>
						<SP ID="P31_SP00319" HPOS="788" VPOS="3347" WIDTH="45"/>
						<String ID="P31_ST00373" HPOS="833" VPOS="3278" WIDTH="207" HEIGHT="64" CONTENT="retard," WC="0.99" CC="6002600"/>
						<SP ID="P31_SP00320" HPOS="1040" VPOS="3347" WIDTH="49"/>
						<String ID="P31_ST00374" HPOS="1089" VPOS="3276" WIDTH="407" HEIGHT="69" CONTENT="malignement" WC="1.00" CC="00300000000"/>
						<SP ID="P31_SP00321" HPOS="1496" VPOS="3347" WIDTH="49"/>
						<String ID="P31_ST00375" HPOS="1545" VPOS="3275" WIDTH="276" HEIGHT="51" CONTENT="heureuse" WC="0.99" CC="00960500"/>
						<SP ID="P31_SP00322" HPOS="1821" VPOS="3347" WIDTH="42"/>
						<String ID="P31_ST00376" HPOS="1863" VPOS="3270" WIDTH="216" HEIGHT="52" CONTENT="d'avoir" WC="0.99" CC="0320006"/>
					</TextLine>
					<TextLine ID="P31_TL00041" HPOS="86" VPOS="3346" WIDTH="1918" HEIGHT="78">
						<String ID="P31_ST00377" HPOS="86" VPOS="3355" WIDTH="183" HEIGHT="51" CONTENT="donné" WC="1.00" CC="03000"/>
						<SP ID="P31_SP00323" HPOS="269" VPOS="3406" WIDTH="24"/>
						<String ID="P31_ST00378" HPOS="293" VPOS="3355" WIDTH="272" HEIGHT="69" CONTENT="quelques" WC="1.00" CC="03020500"/>
						<SP ID="P31_SP00324" HPOS="565" VPOS="3424" WIDTH="34"/>
						<String ID="P31_ST00379" HPOS="599" VPOS="3354" WIDTH="241" HEIGHT="52" CONTENT="craintes" WC="1.00" CC="04000000"/>
						<SP ID="P31_SP00325" HPOS="840" VPOS="3424" WIDTH="36"/>
						<String ID="P31_ST00380" HPOS="876" VPOS="3370" WIDTH="107" HEIGHT="36" CONTENT="aux" WC="0.96" CC="650"/>
						<SP ID="P31_SP00326" HPOS="983" VPOS="3424" WIDTH="31"/>
						<String ID="P31_ST00381" HPOS="1014" VPOS="3353" WIDTH="468" HEIGHT="69" CONTENT="gentilshommes" WC="1.00" CC="0004030000000"/>
						<SP ID="P31_SP00327" HPOS="1482" VPOS="3424" WIDTH="31"/>
						<String ID="P31_ST00382" HPOS="1513" VPOS="3351" WIDTH="68" HEIGHT="51" CONTENT="de" WC="1.00" CC="00"/>
						<SP ID="P31_SP00328" HPOS="1581" VPOS="3424" WIDTH="34"/>
						<String ID="P31_ST00383" HPOS="1615" VPOS="3350" WIDTH="51" HEIGHT="49" CONTENT="la" WC="0.95" CC="00"/>
						<SP ID="P31_SP00329" HPOS="1666" VPOS="3424" WIDTH="32"/>
						<String ID="P31_ST00384" HPOS="1698" VPOS="3346" WIDTH="306" HEIGHT="56" CONTENT="Chambre." WC="1.00" CC="10000003"/>
					</TextLine>
					<TextLine ID="P31_TL00042" HPOS="151" VPOS="3421" WIDTH="1920" HEIGHT="78">
						<String ID="P31_ST00385" HPOS="151" VPOS="3431" WIDTH="89" HEIGHT="52" CONTENT="Au" WC="0.56" CC="16"/>
						<SP ID="P31_SP00330" HPOS="240" VPOS="3483" WIDTH="26"/>
						<String ID="P31_ST00386" HPOS="266" VPOS="3444" WIDTH="258" HEIGHT="38" CONTENT="moment" WC="1.00" CC="010000"/>
						<SP ID="P31_SP00331" HPOS="524" VPOS="3483" WIDTH="20"/>
						<String ID="P31_ST00387" HPOS="544" VPOS="3431" WIDTH="68" HEIGHT="51" CONTENT="de" WC="1.00" CC="00"/>
						<SP ID="P31_SP00332" HPOS="612" VPOS="3483" WIDTH="26"/>
						<String ID="P31_ST00388" HPOS="638" VPOS="3430" WIDTH="52" HEIGHT="52" CONTENT="la" WC="1.00" CC="00"/>
						<SP ID="P31_SP00333" HPOS="690" VPOS="3483" WIDTH="39"/>
						<String ID="P31_ST00389" HPOS="729" VPOS="3429" WIDTH="473" HEIGHT="70" CONTENT="représentation," WC="1.00" CC="110600004005300"/>
						<SP ID="P31_SP00334" HPOS="1202" VPOS="3499" WIDTH="40"/>
						<String ID="P31_ST00390" HPOS="1242" VPOS="3444" WIDTH="146" HEIGHT="52" CONTENT="pour" WC="0.97" CC="0266"/>
						<SP ID="P31_SP00335" HPOS="1388" VPOS="3499" WIDTH="26"/>
						<String ID="P31_ST00391" HPOS="1414" VPOS="3427" WIDTH="272" HEIGHT="51" CONTENT="devancer" WC="1.00" CC="00004004"/>
						<SP ID="P31_SP00336" HPOS="1686" VPOS="3499" WIDTH="19"/>
						<String ID="P31_ST00392" HPOS="1705" VPOS="3434" WIDTH="158" HEIGHT="40" CONTENT="toute" WC="0.99" CC="00500"/>
						<SP ID="P31_SP00337" HPOS="1863" VPOS="3499" WIDTH="28"/>
						<String ID="P31_ST00393" HPOS="1891" VPOS="3421" WIDTH="180" HEIGHT="52" CONTENT="ironie" WC="0.99" CC="016000"/>
					</TextLine>
					<TextLine ID="P31_TL00043" HPOS="85" VPOS="3495" WIDTH="1989" HEIGHT="78">
						<String ID="P31_ST00394" HPOS="85" VPOS="3506" WIDTH="266" HEIGHT="67" CONTENT="possible," WC="0.99" CC="550030001"/>
						<SP ID="P31_SP00338" HPOS="351" VPOS="3573" WIDTH="36"/>
						<String ID="P31_ST00395" HPOS="387" VPOS="3506" WIDTH="104" HEIGHT="51" CONTENT="elle" WC="0.99" CC="0030"/>
						<SP ID="P31_SP00339" HPOS="491" VPOS="3573" WIDTH="26"/>
						<String ID="P31_ST00396" HPOS="517" VPOS="3519" WIDTH="226" HEIGHT="39" CONTENT="montre" WC="0.99" CC="004050"/>
						<SP ID="P31_SP00340" HPOS="743" VPOS="3573" WIDTH="24"/>
						<String ID="P31_ST00397" HPOS="767" VPOS="3509" WIDTH="29" HEIGHT="47" CONTENT="à" WC="0.52" CC="4"/>
						<SP ID="P31_SP00341" HPOS="796" VPOS="3573" WIDTH="25"/>
						<String ID="P31_ST00398" HPOS="821" VPOS="3505" WIDTH="98" HEIGHT="68" CONTENT="qui" WC="0.96" CC="062"/>
						<SP ID="P31_SP00342" HPOS="919" VPOS="3573" WIDTH="22"/>
						<String ID="P31_ST00399" HPOS="941" VPOS="3516" WIDTH="129" HEIGHT="40" CONTENT="veut" WC="1.00" CC="0000"/>
						<SP ID="P31_SP00343" HPOS="1070" VPOS="3573" WIDTH="27"/>
						<String ID="P31_ST00400" HPOS="1097" VPOS="3504" WIDTH="47" HEIGHT="49" CONTENT="le" WC="1.00" CC="00"/>
						<SP ID="P31_SP00344" HPOS="1144" VPOS="3573" WIDTH="27"/>
						<String ID="P31_ST00401" HPOS="1171" VPOS="3502" WIDTH="123" HEIGHT="52" CONTENT="voir" WC="0.97" CC="0236"/>
						<SP ID="P31_SP00345" HPOS="1294" VPOS="3573" WIDTH="19"/>
						<String ID="P31_ST00402" HPOS="1313" VPOS="3519" WIDTH="79" HEIGHT="35" CONTENT="un" WC="0.75" CC="05"/>
						<SP ID="P31_SP00346" HPOS="1392" VPOS="3573" WIDTH="26"/>
						<String ID="P31_ST00403" HPOS="1418" VPOS="3499" WIDTH="264" HEIGHT="53" CONTENT="certificat" WC="1.00" CC="0060200100"/>
						<SP ID="P31_SP00347" HPOS="1682" VPOS="3573" WIDTH="32"/>
						<String ID="P31_ST00404" HPOS="1714" VPOS="3500" WIDTH="74" HEIGHT="51" CONTENT="du" WC="1.00" CC="00"/>
						<SP ID="P31_SP00348" HPOS="1788" VPOS="3573" WIDTH="28"/>
						<String ID="P31_ST00405" HPOS="1816" VPOS="3495" WIDTH="258" HEIGHT="54" CONTENT="médecin" WC="1.00" CC="0100033"/>
					</TextLine>
				</TextBlock>
				<TextBlock ID="P31_TB00004" HPOS="140" VPOS="3692" WIDTH="1192" HEIGHT="124" STYLEREFS="TXT_0 PAR_LEFT">
					<TextLine ID="P31_TL00044" HPOS="140" VPOS="3693" WIDTH="1192" HEIGHT="60">
						<String ID="P31_ST00406" HPOS="140" VPOS="3697" WIDTH="59" HEIGHT="56" CONTENT="(1)" WC="1.00" CC="000"/>
						<SP ID="P31_SP00349" HPOS="199" VPOS="3753" WIDTH="24"/>
						<String ID="P31_ST00407" HPOS="223" VPOS="3698" WIDTH="269" HEIGHT="43" CONTENT="Document" WC="0.99" CC="44024000"/>
						<SP ID="P31_SP00350" HPOS="492" VPOS="3753" WIDTH="22"/>
						<String ID="P31_ST00408" HPOS="514" VPOS="3697" WIDTH="164" HEIGHT="43" CONTENT="inédit." WC="0.99" CC="2103202"/>
						<SP ID="P31_SP00351" HPOS="678" VPOS="3753" WIDTH="109"/>
						<String ID="P31_ST00409" HPOS="787" VPOS="3694" WIDTH="229" HEIGHT="45" CONTENT="Archives" WC="0.99" CC="00260510"/>
						<SP ID="P31_SP00352" HPOS="1016" VPOS="3753" WIDTH="26"/>
						<String ID="P31_ST00410" HPOS="1042" VPOS="3694" WIDTH="56" HEIGHT="43" CONTENT="de" WC="0.56" CC="53"/>
						<SP ID="P31_SP00353" HPOS="1098" VPOS="3753" WIDTH="27"/>
						<String ID="P31_ST00411" HPOS="1125" VPOS="3693" WIDTH="207" HEIGHT="57" CONTENT="l'Opéra." WC="0.99" CC="41052604"/>
					</TextLine>
					<TextLine ID="P31_TL00045" HPOS="140" VPOS="3758" WIDTH="799" HEIGHT="58">
						<String ID="P31_ST00412" HPOS="140" VPOS="3759" WIDTH="59" HEIGHT="55" CONTENT="(2)" WC="0.51" CC="860"/>
						<SP ID="P31_SP00354" HPOS="199" VPOS="3814" WIDTH="22"/>
						<String ID="P31_ST00413" HPOS="221" VPOS="3760" WIDTH="279" HEIGHT="56" CONTENT="Ajourd'hui" WC="0.81" CC="0604200113"/>
						<SP ID="P31_SP00355" HPOS="500" VPOS="3816" WIDTH="24"/>
						<String ID="P31_ST00414" HPOS="524" VPOS="3773" WIDTH="83" HEIGHT="29" CONTENT="rue" WC="0.96" CC="350"/>
						<SP ID="P31_SP00356" HPOS="607" VPOS="3816" WIDTH="28"/>
						<String ID="P31_ST00415" HPOS="635" VPOS="3758" WIDTH="304" HEIGHT="43" CONTENT="Saint-Roch." WC="0.74" CC="06603210430"/>
					</TextLine>
				</TextBlock>
			</PrintSpace>
		</Page>
	</Layout>
</alto>
