<?xml version="1.0" encoding="UTF-8"?>
<alto xmlns:xsi="http://www.w3.org/2001/XMLSchema-instance" xmlns="http://www.loc.gov/standards/alto/ns-v2#" xsi:schemaLocation="http://www.loc.gov/standards/alto/ns-v2# http://www.loc.gov/standards/alto/alto-v2.0.xsd" xmlns:xlink="http://www.w3.org/1999/xlink">
	<Description>
		<MeasurementUnit>mm10</MeasurementUnit>
		<sourceImageInformation>
			<fileName>//fileserver7/IN2/Princeton/Batch3/bmtnabh/1905/11/01_01/00000513.tif</fileName>
		</sourceImageInformation>
		<OCRProcessing ID="OCRPROCESSING_1">
			<preProcessingStep>
				<processingSoftware>
					<softwareCreator>CCS Content Conversion Specialists GmbH, Germany</softwareCreator>
					<softwareName>CCS docWORKS</softwareName>
					<softwareVersion>6.6-1.18</softwareVersion>
				</processingSoftware>
			</preProcessingStep>
			<ocrProcessingStep>
				<processingSoftware>
					<softwareCreator>ABBYY (BIT Software), Russia</softwareCreator>
					<softwareName>FineReader</softwareName>
					<softwareVersion>10.0</softwareVersion>
				</processingSoftware>
			</ocrProcessingStep>
		</OCRProcessing>
	</Description>
	<Styles>
		<TextStyle ID="TXT_0" FONTSIZE="12" FONTFAMILY="Times New Roman"/>
		<TextStyle ID="TXT_1" FONTSIZE="15" FONTFAMILY="Times New Roman"/>
		<TextStyle ID="TXT_2" FONTSIZE="19" FONTFAMILY="Times New Roman"/>
		<TextStyle ID="TXT_3" FONTSIZE="10" FONTFAMILY="Times New Roman"/>
		<TextStyle ID="TXT_4" FONTSIZE="7" FONTFAMILY="Times New Roman" FONTSTYLE="bold"/>
		<TextStyle ID="TXT_5" FONTSIZE="12" FONTFAMILY="Times New Roman" FONTSTYLE="bold"/>
		<TextStyle ID="TXT_6" FONTSIZE="9" FONTFAMILY="Times New Roman" FONTSTYLE="bold"/>
		<ParagraphStyle ID="PAR_LEFT" ALIGN="Left"/>
		<ParagraphStyle ID="PAR_RIGHT" ALIGN="Right"/>
	</Styles>
	<Layout>
		<Page ID="P19" PHYSICAL_IMG_NR="19" HEIGHT="4155" WIDTH="2283" PC="0.944">
			<TopMargin ID="P19_TM00001" HPOS="0" VPOS="0" WIDTH="2283" HEIGHT="250">
				<TextBlock ID="P19_TB00001" HPOS="551" VPOS="189" WIDTH="1069" HEIGHT="52" STYLEREFS="TXT_0 PAR_LEFT">
					<TextLine ID="P19_TL00001" HPOS="551" VPOS="190" WIDTH="1069" HEIGHT="51">
						<String ID="P19_ST00001" HPOS="551" VPOS="204" WIDTH="271" HEIGHT="37" CONTENT="ESQUISSES" WC="1.00" CC="002450000"/>
						<SP ID="P19_SP00001" HPOS="822" VPOS="241" WIDTH="36"/>
						<String ID="P19_ST00002" HPOS="858" VPOS="205" WIDTH="279" HEIGHT="32" CONTENT="MUSICALES" WC="0.99" CC="230002740"/>
						<SP ID="P19_SP00002" HPOS="1137" VPOS="241" WIDTH="38"/>
						<String ID="P19_ST00003" HPOS="1175" VPOS="190" WIDTH="445" HEIGHT="48" CONTENT="D'OUTRE-MANCHE" WC="0.76" CC="70203360012032"/>
					</TextLine>
				</TextBlock>
				<TextBlock ID="P19_TB00002" HPOS="1991" VPOS="208" WIDTH="86" HEIGHT="42" STYLEREFS="TXT_1 PAR_RIGHT">
					<TextLine ID="P19_TL00002" HPOS="1991" VPOS="208" WIDTH="86" HEIGHT="42">
						<String ID="P19_ST00004" HPOS="1991" VPOS="208" WIDTH="86" HEIGHT="42" CONTENT="473" WC="0.51" CC="229"/>
					</TextLine>
				</TextBlock>
			</TopMargin>
			<LeftMargin ID="P19_LM00001" HPOS="0" VPOS="243" WIDTH="102" HEIGHT="3651"/>
			<RightMargin ID="P19_RM00001" HPOS="2104" VPOS="243" WIDTH="179" HEIGHT="3651"/>
			<BottomMargin ID="P19_BM00001" HPOS="0" VPOS="3894" WIDTH="2283" HEIGHT="261"/>
			<PrintSpace ID="P19_PS00001" HPOS="102" VPOS="243" WIDTH="2002" HEIGHT="3651">
				<TextBlock ID="P19_TB00003" HPOS="102" VPOS="408" WIDTH="2002" HEIGHT="3424" STYLEREFS="TXT_2 PAR_LEFT">
					<TextLine ID="P19_TL00003" HPOS="102" VPOS="409" WIDTH="1981" HEIGHT="76">
						<String ID="P19_ST00005" HPOS="102" VPOS="410" WIDTH="183" HEIGHT="73" CONTENT="gieuse" SUBS_TYPE="HypPart2" SUBS_CONTENT="religieuse" WC="0.68" CC="720602"/>
						<SP ID="P19_SP00003" HPOS="285" VPOS="483" WIDTH="26"/>
						<String ID="P19_ST00006" HPOS="311" VPOS="424" WIDTH="105" HEIGHT="36" CONTENT="aux" WC="0.98" CC="500"/>
						<SP ID="P19_SP00004" HPOS="416" VPOS="483" WIDTH="30"/>
						<String ID="P19_ST00007" HPOS="446" VPOS="409" WIDTH="211" HEIGHT="70" CONTENT="dépens" WC="0.99" CC="304050"/>
						<SP ID="P19_SP00005" HPOS="657" VPOS="483" WIDTH="25"/>
						<String ID="P19_ST00008" HPOS="682" VPOS="409" WIDTH="68" HEIGHT="52" CONTENT="de" WC="0.77" CC="40"/>
						<SP ID="P19_SP00006" HPOS="750" VPOS="483" WIDTH="26"/>
						<String ID="P19_ST00009" HPOS="776" VPOS="409" WIDTH="51" HEIGHT="52" CONTENT="la" WC="0.73" CC="50"/>
						<SP ID="P19_SP00007" HPOS="827" VPOS="483" WIDTH="23"/>
						<String ID="P19_ST00010" HPOS="850" VPOS="410" WIDTH="270" HEIGHT="54" CONTENT="véritable" WC="0.99" CC="306402050"/>
						<SP ID="P19_SP00008" HPOS="1120" VPOS="483" WIDTH="25"/>
						<String ID="P19_ST00011" HPOS="1145" VPOS="412" WIDTH="254" HEIGHT="72" CONTENT="religion." WC="0.99" CC="200045040"/>
						<SP ID="P19_SP00009" HPOS="1399" VPOS="484" WIDTH="20"/>
						<String ID="P19_ST00012" HPOS="1419" VPOS="416" WIDTH="89" HEIGHT="52" CONTENT="Du" WC="0.41" CC="65"/>
						<SP ID="P19_SP00010" HPOS="1508" VPOS="484" WIDTH="28"/>
						<String ID="P19_ST00013" HPOS="1536" VPOS="413" WIDTH="349" HEIGHT="72" CONTENT="mysticisme" WC="1.00" CC="0200200000"/>
						<SP ID="P19_SP00011" HPOS="1885" VPOS="485" WIDTH="24"/>
						<String ID="P19_ST00014" HPOS="1909" VPOS="427" WIDTH="53" HEIGHT="38" CONTENT="et" WC="1.00" CC="00"/>
						<SP ID="P19_SP00012" HPOS="1962" VPOS="485" WIDTH="23"/>
						<String ID="P19_ST00015" HPOS="1985" VPOS="432" WIDTH="98" HEIGHT="52" CONTENT="pas" WC="0.98" CC="400"/>
					</TextLine>
					<TextLine ID="P19_TL00004" HPOS="103" VPOS="483" WIDTH="490" HEIGHT="57">
						<String ID="P19_ST00016" HPOS="103" VPOS="489" WIDTH="62" HEIGHT="51" CONTENT="de" WC="1.00" CC="00"/>
						<SP ID="P19_SP00013" HPOS="165" VPOS="540" WIDTH="22"/>
						<String ID="P19_ST00017" HPOS="187" VPOS="483" WIDTH="262" HEIGHT="54" CONTENT="dévotion" WC="0.99" CC="01551105"/>
						<SP ID="P19_SP00014" HPOS="449" VPOS="540" WIDTH="21"/>
						<String ID="P19_ST00018" HPOS="470" VPOS="487" WIDTH="59" HEIGHT="50" CONTENT="!.." WC="0.98" CC="004"/>
						<SP ID="P19_SP00015" HPOS="529" VPOS="540" WIDTH="38"/>
						<String ID="P19_ST00019" HPOS="567" VPOS="506" WIDTH="26" HEIGHT="28" CONTENT="»" WC="1.00" CC="0"/>
					</TextLine>
					<TextLine ID="P19_TL00005" HPOS="163" VPOS="560" WIDTH="1260" HEIGHT="73">
						<String ID="P19_ST00020" HPOS="163" VPOS="562" WIDTH="90" HEIGHT="63" CONTENT="Et," WC="0.99" CC="002"/>
						<SP ID="P19_SP00016" HPOS="253" VPOS="625" WIDTH="24"/>
						<String ID="P19_ST00021" HPOS="277" VPOS="577" WIDTH="221" HEIGHT="35" CONTENT="comme" WC="0.99" CC="05000"/>
						<SP ID="P19_SP00017" HPOS="498" VPOS="625" WIDTH="33"/>
						<String ID="P19_ST00022" HPOS="531" VPOS="560" WIDTH="47" HEIGHT="68" CONTENT="je" WC="0.71" CC="50"/>
						<SP ID="P19_SP00018" HPOS="578" VPOS="628" WIDTH="23"/>
						<String ID="P19_ST00023" HPOS="601" VPOS="560" WIDTH="50" HEIGHT="51" CONTENT="le" WC="0.80" CC="30"/>
						<SP ID="P19_SP00019" HPOS="651" VPOS="628" WIDTH="33"/>
						<String ID="P19_ST00024" HPOS="684" VPOS="560" WIDTH="303" HEIGHT="70" CONTENT="regardais," WC="0.99" CC="2010405103"/>
						<SP ID="P19_SP00020" HPOS="987" VPOS="630" WIDTH="28"/>
						<String ID="P19_ST00025" HPOS="1015" VPOS="579" WIDTH="79" HEIGHT="36" CONTENT="un" WC="0.85" CC="20"/>
						<SP ID="P19_SP00021" HPOS="1094" VPOS="630" WIDTH="20"/>
						<String ID="P19_ST00026" HPOS="1114" VPOS="582" WIDTH="105" HEIGHT="51" CONTENT="peu" WC="0.98" CC="006"/>
						<SP ID="P19_SP00022" HPOS="1219" VPOS="633" WIDTH="35"/>
						<String ID="P19_ST00027" HPOS="1254" VPOS="572" WIDTH="133" HEIGHT="47" CONTENT="vexé" WC="0.99" CC="0300"/>
						<SP ID="P19_SP00023" HPOS="1387" VPOS="633" WIDTH="24"/>
						<String ID="P19_ST00028" HPOS="1411" VPOS="583" WIDTH="12" HEIGHT="36" CONTENT=":" WC="0.40" CC="5"/>
					</TextLine>
					<TextLine ID="P19_TL00007" HPOS="103" VPOS="711" WIDTH="1979" HEIGHT="73">
						<String ID="P19_ST00029" HPOS="103" VPOS="711" WIDTH="150" HEIGHT="55" CONTENT="main" WC="0.98" CC="1130"/>
						<SP ID="P19_SP00024" HPOS="253" VPOS="766" WIDTH="24"/>
						<String ID="P19_ST00030" HPOS="277" VPOS="728" WIDTH="123" HEIGHT="35" CONTENT="vers" WC="1.00" CC="0000"/>
						<SP ID="P19_SP00025" HPOS="400" VPOS="766" WIDTH="37"/>
						<String ID="P19_ST00031" HPOS="437" VPOS="713" WIDTH="50" HEIGHT="50" CONTENT="la" WC="1.00" CC="00"/>
						<SP ID="P19_SP00026" HPOS="487" VPOS="766" WIDTH="34"/>
						<String ID="P19_ST00032" HPOS="521" VPOS="711" WIDTH="150" HEIGHT="54" CONTENT="foule" WC="0.99" CC="00540"/>
						<SP ID="P19_SP00027" HPOS="671" VPOS="766" WIDTH="27"/>
						<String ID="P19_ST00033" HPOS="698" VPOS="713" WIDTH="96" HEIGHT="70" CONTENT="qui" WC="0.96" CC="163"/>
						<SP ID="P19_SP00028" HPOS="794" VPOS="783" WIDTH="28"/>
						<String ID="P19_ST00034" HPOS="822" VPOS="714" WIDTH="288" HEIGHT="70" CONTENT="grouillait" WC="0.99" CC="0635200000"/>
						<SP ID="P19_SP00029" HPOS="1110" VPOS="784" WIDTH="26"/>
						<String ID="P19_ST00035" HPOS="1136" VPOS="717" WIDTH="138" HEIGHT="52" CONTENT="dans" WC="1.00" CC="0000"/>
						<SP ID="P19_SP00030" HPOS="1274" VPOS="784" WIDTH="38"/>
						<String ID="P19_ST00036" HPOS="1312" VPOS="718" WIDTH="51" HEIGHT="52" CONTENT="la" WC="0.90" CC="20"/>
						<SP ID="P19_SP00031" HPOS="1363" VPOS="784" WIDTH="32"/>
						<String ID="P19_ST00037" HPOS="1395" VPOS="736" WIDTH="117" HEIGHT="47" CONTENT="rue," WC="0.99" CC="4000"/>
						<SP ID="P19_SP00032" HPOS="1512" VPOS="784" WIDTH="133"/>
						<String ID="P19_ST00038" HPOS="1645" VPOS="722" WIDTH="96" HEIGHT="50" CONTENT="des" WC="1.00" CC="000"/>
						<SP ID="P19_SP00033" HPOS="1741" VPOS="784" WIDTH="39"/>
						<String ID="P19_ST00039" HPOS="1780" VPOS="720" WIDTH="302" HEIGHT="52" CONTENT="fabricants" WC="1.00" CC="0006000000"/>
					</TextLine>
					<TextLine ID="P19_TL00008" HPOS="106" VPOS="788" WIDTH="1977" HEIGHT="78">
						<String ID="P19_ST00040" HPOS="106" VPOS="803" WIDTH="48" HEIGHT="39" CONTENT="et" WC="1.00" CC="00"/>
						<SP ID="P19_SP00034" HPOS="154" VPOS="842" WIDTH="22"/>
						<String ID="P19_ST00041" HPOS="176" VPOS="790" WIDTH="94" HEIGHT="51" CONTENT="des" WC="1.00" CC="000"/>
						<SP ID="P19_SP00035" HPOS="270" VPOS="842" WIDTH="33"/>
						<String ID="P19_ST00042" HPOS="303" VPOS="788" WIDTH="306" HEIGHT="69" CONTENT="banquiers" WC="1.00" CC="000003000"/>
						<SP ID="P19_SP00036" HPOS="609" VPOS="857" WIDTH="28"/>
						<String ID="P19_ST00043" HPOS="637" VPOS="808" WIDTH="14" HEIGHT="47" CONTENT=";" WC="0.32" CC="6"/>
						<SP ID="P19_SP00037" HPOS="651" VPOS="857" WIDTH="34"/>
						<String ID="P19_ST00044" HPOS="685" VPOS="807" WIDTH="294" HEIGHT="35" CONTENT="conserves" WC="1.00" CC="400006000"/>
						<SP ID="P19_SP00038" HPOS="979" VPOS="857" WIDTH="21"/>
						<String ID="P19_ST00045" HPOS="1000" VPOS="791" WIDTH="380" HEIGHT="56" CONTENT="alimentaires" WC="1.00" CC="040005002500"/>
						<SP ID="P19_SP00039" HPOS="1380" VPOS="857" WIDTH="27"/>
						<String ID="P19_ST00046" HPOS="1407" VPOS="809" WIDTH="54" HEIGHT="38" CONTENT="et" WC="1.00" CC="00"/>
						<SP ID="P19_SP00040" HPOS="1461" VPOS="857" WIDTH="23"/>
						<String ID="P19_ST00047" HPOS="1484" VPOS="797" WIDTH="242" HEIGHT="69" CONTENT="chèques" WC="0.99" CC="0441500"/>
						<SP ID="P19_SP00041" HPOS="1726" VPOS="866" WIDTH="29"/>
						<String ID="P19_ST00048" HPOS="1755" VPOS="813" WIDTH="97" HEIGHT="37" CONTENT="sur" WC="0.97" CC="060"/>
						<SP ID="P19_SP00042" HPOS="1852" VPOS="866" WIDTH="22"/>
						<String ID="P19_ST00049" HPOS="1874" VPOS="798" WIDTH="50" HEIGHT="51" CONTENT="la" WC="0.88" CC="20"/>
						<SP ID="P19_SP00043" HPOS="1924" VPOS="866" WIDTH="24"/>
						<String ID="P19_ST00050" HPOS="1948" VPOS="797" WIDTH="102" HEIGHT="52" CONTENT="mai" SUBS_TYPE="HypPart1" SUBS_CONTENT="maison" WC="0.99" CC="002"/>
						<HYP HPOS="2050" VPOS="797" WIDTH="33" CONTENT="-"/>
					</TextLine>
					<TextLine ID="P19_TL00009" HPOS="106" VPOS="864" WIDTH="1872" HEIGHT="70">
						<String ID="P19_ST00051" HPOS="106" VPOS="882" WIDTH="96" HEIGHT="35" CONTENT="son" SUBS_TYPE="HypPart2" SUBS_CONTENT="maison" WC="0.98" CC="050"/>
						<SP ID="P19_SP00044" HPOS="202" VPOS="917" WIDTH="29"/>
						<String ID="P19_ST00052" HPOS="231" VPOS="865" WIDTH="66" HEIGHT="51" CONTENT="X." WC="0.73" CC="13"/>
						<SP ID="P19_SP00045" HPOS="297" VPOS="917" WIDTH="27"/>
						<String ID="P19_ST00053" HPOS="324" VPOS="864" WIDTH="186" HEIGHT="70" CONTENT="Voyez" WC="0.99" CC="60200"/>
						<SP ID="P19_SP00046" HPOS="510" VPOS="934" WIDTH="33"/>
						<String ID="P19_ST00054" HPOS="543" VPOS="865" WIDTH="143" HEIGHT="51" CONTENT="donc" WC="1.00" CC="0000"/>
						<SP ID="P19_SP00047" HPOS="686" VPOS="934" WIDTH="24"/>
						<String ID="P19_ST00055" HPOS="710" VPOS="878" WIDTH="229" HEIGHT="56" CONTENT="partout" WC="0.99" CC="0050150"/>
						<SP ID="P19_SP00048" HPOS="939" VPOS="934" WIDTH="32"/>
						<String ID="P19_ST00056" HPOS="971" VPOS="866" WIDTH="78" HEIGHT="52" CONTENT="les" WC="0.98" CC="500"/>
						<SP ID="P19_SP00049" HPOS="1049" VPOS="934" WIDTH="27"/>
						<String ID="P19_ST00057" HPOS="1076" VPOS="868" WIDTH="222" HEIGHT="53" CONTENT="affiches" WC="0.99" CC="47331300"/>
						<SP ID="P19_SP00050" HPOS="1298" VPOS="934" WIDTH="27"/>
						<String ID="P19_ST00058" HPOS="1325" VPOS="871" WIDTH="66" HEIGHT="53" CONTENT="de" WC="0.90" CC="01"/>
						<SP ID="P19_SP00051" HPOS="1391" VPOS="934" WIDTH="27"/>
						<String ID="P19_ST00059" HPOS="1418" VPOS="871" WIDTH="304" HEIGHT="55" CONTENT="réclame..." WC="0.99" CC="6141500323"/>
						<SP ID="P19_SP00052" HPOS="1722" VPOS="934" WIDTH="28"/>
						<String ID="P19_ST00060" HPOS="1750" VPOS="873" WIDTH="116" HEIGHT="51" CONTENT="Bah" WC="0.99" CC="200"/>
						<SP ID="P19_SP00053" HPOS="1866" VPOS="934" WIDTH="37"/>
						<String ID="P19_ST00061" HPOS="1903" VPOS="874" WIDTH="10" HEIGHT="50" CONTENT="!" WC="1.00" CC="0"/>
						<SP ID="P19_SP00054" HPOS="1913" VPOS="934" WIDTH="38"/>
						<String ID="P19_ST00062" HPOS="1951" VPOS="890" WIDTH="27" HEIGHT="32" CONTENT="»" WC="1.00" CC="0"/>
					</TextLine>
					<TextLine ID="P19_TL00010" HPOS="170" VPOS="939" WIDTH="1131" HEIGHT="75">
						<String ID="P19_ST00063" HPOS="170" VPOS="941" WIDTH="73" HEIGHT="51" CONTENT="Et" WC="1.00" CC="00"/>
						<SP ID="P19_SP00055" HPOS="243" VPOS="992" WIDTH="30"/>
						<String ID="P19_ST00064" HPOS="273" VPOS="939" WIDTH="37" HEIGHT="52" CONTENT="il" WC="1.00" CC="00"/>
						<SP ID="P19_SP00056" HPOS="310" VPOS="992" WIDTH="27"/>
						<String ID="P19_ST00065" HPOS="337" VPOS="957" WIDTH="68" HEIGHT="34" CONTENT="ne" WC="0.70" CC="50"/>
						<SP ID="P19_SP00057" HPOS="405" VPOS="992" WIDTH="33"/>
						<String ID="P19_ST00066" HPOS="438" VPOS="940" WIDTH="197" HEIGHT="53" CONTENT="souffla" WC="0.99" CC="0241110"/>
						<SP ID="P19_SP00058" HPOS="635" VPOS="993" WIDTH="26"/>
						<String ID="P19_ST00067" HPOS="661" VPOS="940" WIDTH="127" HEIGHT="70" CONTENT="plus" WC="0.98" CC="0450"/>
						<SP ID="P19_SP00059" HPOS="788" VPOS="1010" WIDTH="19"/>
						<String ID="P19_ST00068" HPOS="807" VPOS="954" WIDTH="138" HEIGHT="55" CONTENT="mot," WC="0.98" CC="0316"/>
						<SP ID="P19_SP00060" HPOS="945" VPOS="1010" WIDTH="28"/>
						<String ID="P19_ST00069" HPOS="973" VPOS="944" WIDTH="328" HEIGHT="70" CONTENT="méprisant." WC="1.00" CC="0333100003"/>
					</TextLine>
					<TextLine ID="P19_TL00011" HPOS="1084" VPOS="1082" WIDTH="22" HEIGHT="20">
						<String ID="P19_ST00070" HPOS="1084" VPOS="1082" WIDTH="22" HEIGHT="20" CONTENT="★" WC="0.52" CC="4" STYLEREFS="TXT_3"/>
					</TextLine>
					<TextLine ID="P19_TL00012" HPOS="1061" VPOS="1126" WIDTH="68" HEIGHT="22">
						<String ID="P19_ST00071" HPOS="1061" VPOS="1127" WIDTH="20" HEIGHT="19" CONTENT="*" WC="0.57" CC="4" STYLEREFS="TXT_4"/>
						<SP ID="P19_SP00061" HPOS="1081" VPOS="1146" WIDTH="26"/>
						<String ID="P19_ST00072" HPOS="1107" VPOS="1126" WIDTH="22" HEIGHT="22" CONTENT="*" WC="0.28" CC="7" STYLEREFS="TXT_4"/>
					</TextLine>
					<TextLine ID="P19_TL00013" HPOS="173" VPOS="1252" WIDTH="1913" HEIGHT="72">
						<String ID="P19_ST00073" HPOS="173" VPOS="1252" WIDTH="72" HEIGHT="53" CONTENT="Et" WC="1.00" CC="00"/>
						<SP ID="P19_SP00062" HPOS="245" VPOS="1305" WIDTH="23"/>
						<String ID="P19_ST00074" HPOS="268" VPOS="1258" WIDTH="280" HEIGHT="63" CONTENT="peut-être" WC="1.00" CC="007022010"/>
						<SP ID="P19_SP00063" HPOS="548" VPOS="1321" WIDTH="39"/>
						<String ID="P19_ST00075" HPOS="587" VPOS="1254" WIDTH="274" HEIGHT="52" CONTENT="n'avait-il" WC="0.99" CC="7000000316"/>
						<SP ID="P19_SP00064" HPOS="861" VPOS="1321" WIDTH="36"/>
						<String ID="P19_ST00076" HPOS="897" VPOS="1271" WIDTH="96" HEIGHT="53" CONTENT="pas" WC="0.97" CC="070"/>
						<SP ID="P19_SP00065" HPOS="993" VPOS="1324" WIDTH="37"/>
						<String ID="P19_ST00077" HPOS="1030" VPOS="1266" WIDTH="123" HEIGHT="40" CONTENT="tout" WC="0.99" CC="0050"/>
						<SP ID="P19_SP00066" HPOS="1153" VPOS="1324" WIDTH="31"/>
						<String ID="P19_ST00078" HPOS="1184" VPOS="1256" WIDTH="29" HEIGHT="50" CONTENT="à" WC="0.36" CC="6"/>
						<SP ID="P19_SP00067" HPOS="1213" VPOS="1324" WIDTH="47"/>
						<String ID="P19_ST00079" HPOS="1260" VPOS="1255" WIDTH="99" HEIGHT="51" CONTENT="fait" WC="1.00" CC="2000"/>
						<SP ID="P19_SP00068" HPOS="1359" VPOS="1324" WIDTH="26"/>
						<String ID="P19_ST00080" HPOS="1385" VPOS="1268" WIDTH="132" HEIGHT="53" CONTENT="tort," WC="0.99" CC="03510"/>
						<SP ID="P19_SP00069" HPOS="1517" VPOS="1324" WIDTH="35"/>
						<String ID="P19_ST00081" HPOS="1552" VPOS="1273" WIDTH="137" HEIGHT="34" CONTENT="mon" WC="0.98" CC="050"/>
						<SP ID="P19_SP00070" HPOS="1689" VPOS="1324" WIDTH="37"/>
						<String ID="P19_ST00082" HPOS="1726" VPOS="1258" WIDTH="132" HEIGHT="64" CONTENT="ami," WC="0.99" CC="0003"/>
						<SP ID="P19_SP00071" HPOS="1858" VPOS="1324" WIDTH="27"/>
						<String ID="P19_ST00083" HPOS="1885" VPOS="1274" WIDTH="201" HEIGHT="36" CONTENT="encore" WC="0.99" CC="000450"/>
					</TextLine>
					<TextLine ID="P19_TL00014" HPOS="107" VPOS="1327" WIDTH="1979" HEIGHT="73">
						<String ID="P19_ST00084" HPOS="107" VPOS="1327" WIDTH="128" HEIGHT="71" CONTENT="qu'il" WC="0.98" CC="06103"/>
						<SP ID="P19_SP00072" HPOS="235" VPOS="1398" WIDTH="33"/>
						<String ID="P19_ST00085" HPOS="268" VPOS="1345" WIDTH="57" HEIGHT="34" CONTENT="se" WC="0.95" CC="00"/>
						<SP ID="P19_SP00073" HPOS="325" VPOS="1398" WIDTH="27"/>
						<String ID="P19_ST00086" HPOS="352" VPOS="1329" WIDTH="84" HEIGHT="52" CONTENT="fût" WC="0.99" CC="300"/>
						<SP ID="P19_SP00074" HPOS="436" VPOS="1398" WIDTH="32"/>
						<String ID="P19_ST00087" HPOS="468" VPOS="1329" WIDTH="247" HEIGHT="69" CONTENT="exprimé" WC="0.99" CC="0005006"/>
						<SP ID="P19_SP00075" HPOS="715" VPOS="1398" WIDTH="30"/>
						<String ID="P19_ST00088" HPOS="745" VPOS="1331" WIDTH="166" HEIGHT="51" CONTENT="d'une" WC="0.99" CC="00520"/>
						<SP ID="P19_SP00076" HPOS="911" VPOS="1398" WIDTH="15"/>
						<String ID="P19_ST00089" HPOS="926" VPOS="1330" WIDTH="249" HEIGHT="52" CONTENT="manière" WC="0.99" CC="0005430"/>
						<SP ID="P19_SP00077" HPOS="1175" VPOS="1398" WIDTH="29"/>
						<String ID="P19_ST00090" HPOS="1204" VPOS="1331" WIDTH="350" HEIGHT="69" CONTENT="paradoxale." WC="0.99" CC="01400090404"/>
						<SP ID="P19_SP00078" HPOS="1554" VPOS="1400" WIDTH="34"/>
						<String ID="P19_ST00091" HPOS="1588" VPOS="1332" WIDTH="61" HEIGHT="51" CONTENT="Je" WC="1.00" CC="00"/>
						<SP ID="P19_SP00079" HPOS="1649" VPOS="1400" WIDTH="34"/>
						<String ID="P19_ST00092" HPOS="1683" VPOS="1334" WIDTH="147" HEIGHT="49" CONTENT="m'en" WC="1.00" CC="0000"/>
						<SP ID="P19_SP00080" HPOS="1830" VPOS="1400" WIDTH="31"/>
						<String ID="P19_ST00093" HPOS="1861" VPOS="1334" WIDTH="225" HEIGHT="52" CONTENT="rendais" WC="1.00" CC="1060000"/>
					</TextLine>
					<TextLine ID="P19_TL00015" HPOS="107" VPOS="1404" WIDTH="1981" HEIGHT="72">
						<String ID="P19_ST00094" HPOS="107" VPOS="1406" WIDTH="62" HEIGHT="51" CONTENT="de" WC="0.65" CC="70"/>
						<SP ID="P19_SP00081" HPOS="169" VPOS="1457" WIDTH="23"/>
						<String ID="P19_ST00095" HPOS="192" VPOS="1404" WIDTH="125" HEIGHT="69" CONTENT="plus" WC="0.98" CC="0460"/>
						<SP ID="P19_SP00082" HPOS="317" VPOS="1473" WIDTH="24"/>
						<String ID="P19_ST00096" HPOS="341" VPOS="1423" WIDTH="68" HEIGHT="33" CONTENT="en" WC="0.97" CC="00"/>
						<SP ID="P19_SP00083" HPOS="409" VPOS="1473" WIDTH="28"/>
						<String ID="P19_ST00097" HPOS="437" VPOS="1406" WIDTH="126" HEIGHT="69" CONTENT="plus" WC="0.99" CC="0040"/>
						<SP ID="P19_SP00084" HPOS="563" VPOS="1475" WIDTH="21"/>
						<String ID="P19_ST00098" HPOS="584" VPOS="1419" WIDTH="241" HEIGHT="56" CONTENT="compte," WC="1.00" CC="0200003"/>
						<SP ID="P19_SP00085" HPOS="825" VPOS="1475" WIDTH="31"/>
						<String ID="P19_ST00099" HPOS="856" VPOS="1405" WIDTH="188" HEIGHT="53" CONTENT="tandis" WC="1.00" CC="000000"/>
						<SP ID="P19_SP00086" HPOS="1044" VPOS="1475" WIDTH="33"/>
						<String ID="P19_ST00100" HPOS="1077" VPOS="1424" WIDTH="109" HEIGHT="52" CONTENT="que" WC="0.97" CC="060"/>
						<SP ID="P19_SP00087" HPOS="1186" VPOS="1476" WIDTH="20"/>
						<String ID="P19_ST00101" HPOS="1206" VPOS="1424" WIDTH="143" HEIGHT="34" CONTENT="nous" WC="0.98" CC="0060"/>
						<SP ID="P19_SP00088" HPOS="1349" VPOS="1476" WIDTH="27"/>
						<String ID="P19_ST00102" HPOS="1376" VPOS="1407" WIDTH="382" HEIGHT="65" CONTENT="retournions," WC="0.99" CC="000065055204"/>
						<SP ID="P19_SP00089" HPOS="1758" VPOS="1476" WIDTH="32"/>
						<String ID="P19_ST00103" HPOS="1790" VPOS="1414" WIDTH="176" HEIGHT="47" CONTENT="serrés" WC="0.99" CC="005410"/>
						<SP ID="P19_SP00090" HPOS="1966" VPOS="1476" WIDTH="28"/>
						<String ID="P19_ST00104" HPOS="1994" VPOS="1426" WIDTH="94" HEIGHT="36" CONTENT="sur" WC="0.97" CC="034"/>
					</TextLine>
					<TextLine ID="P19_TL00016" HPOS="107" VPOS="1480" WIDTH="1981" HEIGHT="73">
						<String ID="P19_ST00105" HPOS="107" VPOS="1482" WIDTH="72" HEIGHT="51" CONTENT="les" WC="1.00" CC="000"/>
						<SP ID="P19_SP00091" HPOS="179" VPOS="1533" WIDTH="31"/>
						<String ID="P19_ST00106" HPOS="210" VPOS="1480" WIDTH="335" HEIGHT="70" CONTENT="banquettes" WC="1.00" CC="0000600000"/>
						<SP ID="P19_SP00092" HPOS="545" VPOS="1550" WIDTH="39"/>
						<String ID="P19_ST00107" HPOS="584" VPOS="1482" WIDTH="68" HEIGHT="51" CONTENT="de" WC="1.00" CC="00"/>
						<SP ID="P19_SP00093" HPOS="652" VPOS="1550" WIDTH="39"/>
						<String ID="P19_ST00108" HPOS="691" VPOS="1482" WIDTH="225" HEIGHT="52" CONTENT="velours" WC="0.98" CC="9020640"/>
						<SP ID="P19_SP00094" HPOS="916" VPOS="1550" WIDTH="27"/>
						<String ID="P19_ST00109" HPOS="943" VPOS="1499" WIDTH="171" HEIGHT="52" CONTENT="rouge" WC="0.98" CC="41470"/>
						<SP ID="P19_SP00095" HPOS="1114" VPOS="1551" WIDTH="38"/>
						<String ID="P19_ST00110" HPOS="1152" VPOS="1484" WIDTH="66" HEIGHT="49" CONTENT="de" WC="1.00" CC="00"/>
						<SP ID="P19_SP00096" HPOS="1218" VPOS="1551" WIDTH="33"/>
						<String ID="P19_ST00111" HPOS="1251" VPOS="1482" WIDTH="327" HEIGHT="54" CONTENT="l'omnibus." WC="0.99" CC="5230000504"/>
						<SP ID="P19_SP00097" HPOS="1578" VPOS="1551" WIDTH="48"/>
						<String ID="P19_ST00112" HPOS="1626" VPOS="1482" WIDTH="77" HEIGHT="55" CONTENT="Ce" WC="0.85" CC="20"/>
						<SP ID="P19_SP00098" HPOS="1703" VPOS="1551" WIDTH="41"/>
						<String ID="P19_ST00113" HPOS="1744" VPOS="1484" WIDTH="98" HEIGHT="69" CONTENT="qui" WC="0.97" CC="060"/>
						<SP ID="P19_SP00099" HPOS="1842" VPOS="1553" WIDTH="25"/>
						<String ID="P19_ST00114" HPOS="1867" VPOS="1486" WIDTH="221" HEIGHT="51" CONTENT="m'avait" WC="0.99" CC="0405540"/>
					</TextLine>
					<TextLine ID="P19_TL00017" HPOS="107" VPOS="1556" WIDTH="1981" HEIGHT="74">
						<String ID="P19_ST00115" HPOS="107" VPOS="1556" WIDTH="189" HEIGHT="70" CONTENT="frappé" WC="0.99" CC="002700"/>
						<SP ID="P19_SP00100" HPOS="296" VPOS="1626" WIDTH="41"/>
						<String ID="P19_ST00116" HPOS="337" VPOS="1557" WIDTH="138" HEIGHT="51" CONTENT="dans" WC="1.00" CC="0000"/>
						<SP ID="P19_SP00101" HPOS="475" VPOS="1626" WIDTH="35"/>
						<String ID="P19_ST00117" HPOS="510" VPOS="1557" WIDTH="331" HEIGHT="52" CONTENT="l'exécution" WC="1.00" CC="00004152000"/>
						<SP ID="P19_SP00102" HPOS="841" VPOS="1626" WIDTH="32"/>
						<String ID="P19_ST00118" HPOS="873" VPOS="1559" WIDTH="67" HEIGHT="50" CONTENT="de" WC="1.00" CC="00"/>
						<SP ID="P19_SP00103" HPOS="940" VPOS="1626" WIDTH="36"/>
						<String ID="P19_ST00119" HPOS="976" VPOS="1557" WIDTH="354" HEIGHT="68" CONTENT="Saint-Paul," WC="0.99" CC="00430003652"/>
						<SP ID="P19_SP00104" HPOS="1330" VPOS="1626" WIDTH="29"/>
						<String ID="P19_ST00120" HPOS="1359" VPOS="1571" WIDTH="54" HEIGHT="40" CONTENT="et" WC="0.81" CC="03"/>
						<SP ID="P19_SP00105" HPOS="1413" VPOS="1626" WIDTH="17"/>
						<String ID="P19_ST00121" HPOS="1430" VPOS="1560" WIDTH="78" HEIGHT="51" CONTENT="les" WC="0.98" CC="400"/>
						<SP ID="P19_SP00106" HPOS="1508" VPOS="1626" WIDTH="35"/>
						<String ID="P19_ST00122" HPOS="1543" VPOS="1572" WIDTH="186" HEIGHT="40" CONTENT="autres" WC="0.99" CC="150500"/>
						<SP ID="P19_SP00107" HPOS="1729" VPOS="1626" WIDTH="42"/>
						<String ID="P19_ST00123" HPOS="1771" VPOS="1579" WIDTH="106" HEIGHT="51" CONTENT="que" WC="1.00" CC="000"/>
						<SP ID="P19_SP00108" HPOS="1877" VPOS="1630" WIDTH="27"/>
						<String ID="P19_ST00124" HPOS="1904" VPOS="1561" WIDTH="184" HEIGHT="67" CONTENT="j'avais" WC="0.99" CC="6080000"/>
					</TextLine>
					<TextLine ID="P19_TL00018" HPOS="108" VPOS="1633" WIDTH="1980" HEIGHT="70">
						<String ID="P19_ST00125" HPOS="108" VPOS="1633" WIDTH="304" HEIGHT="51" CONTENT="entendues" WC="1.00" CC="015020000"/>
						<SP ID="P19_SP00109" HPOS="412" VPOS="1684" WIDTH="47"/>
						<String ID="P19_ST00126" HPOS="459" VPOS="1647" WIDTH="364" HEIGHT="56" CONTENT="auparavant," WC="1.00" CC="00000002000"/>
						<SP ID="P19_SP00110" HPOS="823" VPOS="1703" WIDTH="46"/>
						<String ID="P19_ST00127" HPOS="869" VPOS="1635" WIDTH="51" HEIGHT="51" CONTENT="là" WC="0.71" CC="05"/>
						<SP ID="P19_SP00111" HPOS="920" VPOS="1703" WIDTH="33"/>
						<String ID="P19_ST00128" HPOS="953" VPOS="1646" WIDTH="53" HEIGHT="41" CONTENT="et" WC="1.00" CC="00"/>
						<SP ID="P19_SP00112" HPOS="1006" VPOS="1703" WIDTH="43"/>
						<String ID="P19_ST00129" HPOS="1049" VPOS="1633" WIDTH="243" HEIGHT="69" CONTENT="ailleurs," WC="0.99" CC="020006603"/>
						<SP ID="P19_SP00113" HPOS="1292" VPOS="1703" WIDTH="35"/>
						<String ID="P19_ST00130" HPOS="1327" VPOS="1635" WIDTH="182" HEIGHT="52" CONTENT="c'était" WC="0.99" CC="3004030"/>
						<SP ID="P19_SP00114" HPOS="1509" VPOS="1703" WIDTH="32"/>
						<String ID="P19_ST00131" HPOS="1541" VPOS="1635" WIDTH="34" HEIGHT="52" CONTENT="1'" WC="0.53" CC="44"/>
						<SP ID="P19_SP00115" HPOS="1575" VPOS="1703" WIDTH="39"/>
						<String ID="P19_ST00132" HPOS="1614" VPOS="1656" WIDTH="25" HEIGHT="27" CONTENT="«" WC="1.00" CC="0"/>
						<SP ID="P19_SP00116" HPOS="1639" VPOS="1703" WIDTH="36"/>
						<String ID="P19_ST00133" HPOS="1675" VPOS="1636" WIDTH="251" HEIGHT="53" CONTENT="artificiel" WC="1.00" CC="0500001004"/>
						<SP ID="P19_SP00117" HPOS="1926" VPOS="1703" WIDTH="36"/>
						<String ID="P19_ST00134" HPOS="1962" VPOS="1659" WIDTH="25" HEIGHT="28" CONTENT="»" WC="1.00" CC="0"/>
						<SP ID="P19_SP00118" HPOS="1987" VPOS="1703" WIDTH="35"/>
						<String ID="P19_ST00135" HPOS="2022" VPOS="1639" WIDTH="66" HEIGHT="50" CONTENT="de" WC="1.00" CC="00"/>
					</TextLine>
					<TextLine ID="P19_TL00019" HPOS="108" VPOS="1708" WIDTH="1981" HEIGHT="73">
						<String ID="P19_ST00136" HPOS="108" VPOS="1722" WIDTH="135" HEIGHT="38" CONTENT="cette" WC="0.99" CC="30040"/>
						<SP ID="P19_SP00119" HPOS="243" VPOS="1760" WIDTH="33"/>
						<String ID="P19_ST00137" HPOS="276" VPOS="1708" WIDTH="263" HEIGHT="70" CONTENT="musique" WC="0.99" CC="0602070"/>
						<SP ID="P19_SP00120" HPOS="539" VPOS="1778" WIDTH="35"/>
						<String ID="P19_ST00138" HPOS="574" VPOS="1710" WIDTH="317" HEIGHT="69" CONTENT="religieuse." WC="1.00" CC="60000004003"/>
						<SP ID="P19_SP00121" HPOS="891" VPOS="1779" WIDTH="48"/>
						<String ID="P19_ST00139" HPOS="939" VPOS="1710" WIDTH="214" HEIGHT="64" CONTENT="Certes," WC="1.00" CC="2000000"/>
						<SP ID="P19_SP00122" HPOS="1153" VPOS="1779" WIDTH="36"/>
						<String ID="P19_ST00140" HPOS="1189" VPOS="1710" WIDTH="37" HEIGHT="52" CONTENT="il" WC="1.00" CC="00"/>
						<SP ID="P19_SP00123" HPOS="1226" VPOS="1779" WIDTH="32"/>
						<String ID="P19_ST00141" HPOS="1258" VPOS="1729" WIDTH="35" HEIGHT="50" CONTENT="y" WC="1.00" CC="0"/>
						<SP ID="P19_SP00124" HPOS="1293" VPOS="1779" WIDTH="24"/>
						<String ID="P19_ST00142" HPOS="1317" VPOS="1729" WIDTH="29" HEIGHT="33" CONTENT="a" WC="0.78" CC="2"/>
						<SP ID="P19_SP00125" HPOS="1346" VPOS="1779" WIDTH="32"/>
						<String ID="P19_ST00143" HPOS="1378" VPOS="1712" WIDTH="68" HEIGHT="51" CONTENT="de" WC="1.00" CC="00"/>
						<SP ID="P19_SP00126" HPOS="1446" VPOS="1779" WIDTH="33"/>
						<String ID="P19_ST00144" HPOS="1479" VPOS="1711" WIDTH="50" HEIGHT="51" CONTENT="la" WC="1.00" CC="00"/>
						<SP ID="P19_SP00127" HPOS="1529" VPOS="1779" WIDTH="30"/>
						<String ID="P19_ST00145" HPOS="1559" VPOS="1711" WIDTH="295" HEIGHT="70" CONTENT="puissance" WC="1.00" CC="060000000"/>
						<SP ID="P19_SP00128" HPOS="1854" VPOS="1781" WIDTH="47"/>
						<String ID="P19_ST00146" HPOS="1901" VPOS="1726" WIDTH="54" HEIGHT="40" CONTENT="et" WC="1.00" CC="00"/>
						<SP ID="P19_SP00129" HPOS="1955" VPOS="1781" WIDTH="24"/>
						<String ID="P19_ST00147" HPOS="1979" VPOS="1730" WIDTH="110" HEIGHT="36" CONTENT="une" WC="0.98" CC="600"/>
					</TextLine>
					<TextLine ID="P19_TL00020" HPOS="108" VPOS="1785" WIDTH="1981" HEIGHT="73">
						<String ID="P19_ST00148" HPOS="108" VPOS="1785" WIDTH="319" HEIGHT="69" CONTENT="expression" WC="1.00" CC="0005000020"/>
						<SP ID="P19_SP00130" HPOS="427" VPOS="1854" WIDTH="17"/>
						<String ID="P19_ST00149" HPOS="444" VPOS="1787" WIDTH="392" HEIGHT="69" CONTENT="remarquable" WC="1.00" CC="50005060000"/>
						<SP ID="P19_SP00131" HPOS="836" VPOS="1856" WIDTH="15"/>
						<String ID="P19_ST00150" HPOS="851" VPOS="1788" WIDTH="141" HEIGHT="51" CONTENT="dans" WC="0.99" CC="0020"/>
						<SP ID="P19_SP00132" HPOS="992" VPOS="1856" WIDTH="26"/>
						<String ID="P19_ST00151" HPOS="1018" VPOS="1805" WIDTH="77" HEIGHT="34" CONTENT="un" WC="0.64" CC="51"/>
						<SP ID="P19_SP00133" HPOS="1095" VPOS="1856" WIDTH="18"/>
						<String ID="P19_ST00152" HPOS="1113" VPOS="1788" WIDTH="223" HEIGHT="69" CONTENT="Haydn," WC="1.00" CC="000003"/>
						<SP ID="P19_SP00134" HPOS="1336" VPOS="1857" WIDTH="18"/>
						<String ID="P19_ST00153" HPOS="1354" VPOS="1801" WIDTH="52" HEIGHT="38" CONTENT="et" WC="1.00" CC="00"/>
						<SP ID="P19_SP00135" HPOS="1406" VPOS="1857" WIDTH="13"/>
						<String ID="P19_ST00154" HPOS="1419" VPOS="1787" WIDTH="188" HEIGHT="67" CONTENT="j'avais" WC="1.00" CC="4000000"/>
						<SP ID="P19_SP00136" HPOS="1607" VPOS="1857" WIDTH="20"/>
						<String ID="P19_ST00155" HPOS="1627" VPOS="1806" WIDTH="74" HEIGHT="52" CONTENT="pu" WC="0.65" CC="07"/>
						<SP ID="P19_SP00137" HPOS="1701" VPOS="1858" WIDTH="20"/>
						<String ID="P19_ST00156" HPOS="1721" VPOS="1791" WIDTH="147" HEIGHT="49" CONTENT="m'en" WC="1.00" CC="0000"/>
						<SP ID="P19_SP00138" HPOS="1868" VPOS="1858" WIDTH="20"/>
						<String ID="P19_ST00157" HPOS="1888" VPOS="1792" WIDTH="201" HEIGHT="50" CONTENT="rendre" WC="0.99" CC="200050"/>
					</TextLine>
					<TextLine ID="P19_TL00021" HPOS="110" VPOS="1862" WIDTH="1979" HEIGHT="71">
						<String ID="P19_ST00158" HPOS="110" VPOS="1875" WIDTH="215" HEIGHT="57" CONTENT="compte" WC="1.00" CC="000000"/>
						<SP ID="P19_SP00139" HPOS="325" VPOS="1932" WIDTH="51"/>
						<String ID="P19_ST00159" HPOS="376" VPOS="1875" WIDTH="123" HEIGHT="40" CONTENT="tout" WC="0.98" CC="0360"/>
						<SP ID="P19_SP00140" HPOS="499" VPOS="1932" WIDTH="32"/>
						<String ID="P19_ST00160" HPOS="531" VPOS="1867" WIDTH="31" HEIGHT="47" CONTENT="à" WC="0.35" CC="6"/>
						<SP ID="P19_SP00141" HPOS="562" VPOS="1932" WIDTH="31"/>
						<String ID="P19_ST00161" HPOS="593" VPOS="1863" WIDTH="210" HEIGHT="52" CONTENT="l'heure" WC="0.98" CC="6060540"/>
						<SP ID="P19_SP00142" HPOS="803" VPOS="1932" WIDTH="38"/>
						<String ID="P19_ST00162" HPOS="841" VPOS="1885" WIDTH="11" HEIGHT="39" CONTENT=";" WC="0.57" CC="4"/>
						<SP ID="P19_SP00143" HPOS="852" VPOS="1932" WIDTH="56"/>
						<String ID="P19_ST00163" HPOS="908" VPOS="1863" WIDTH="143" HEIGHT="52" CONTENT="mais" WC="1.00" CC="0000"/>
						<SP ID="P19_SP00144" HPOS="1051" VPOS="1932" WIDTH="47"/>
						<String ID="P19_ST00164" HPOS="1098" VPOS="1881" WIDTH="78" HEIGHT="34" CONTENT="un" WC="0.44" CC="55"/>
						<SP ID="P19_SP00145" HPOS="1176" VPOS="1932" WIDTH="50"/>
						<String ID="P19_ST00165" HPOS="1226" VPOS="1862" WIDTH="99" HEIGHT="53" CONTENT="fait" WC="1.00" CC="0000"/>
						<SP ID="P19_SP00146" HPOS="1325" VPOS="1932" WIDTH="48"/>
						<String ID="P19_ST00166" HPOS="1373" VPOS="1862" WIDTH="315" HEIGHT="71" CONTENT="s'imposait" WC="1.00" CC="0030010540"/>
						<SP ID="P19_SP00147" HPOS="1688" VPOS="1933" WIDTH="50"/>
						<String ID="P19_ST00167" HPOS="1738" VPOS="1870" WIDTH="29" HEIGHT="48" CONTENT="à" WC="1.00" CC="0"/>
						<SP ID="P19_SP00148" HPOS="1767" VPOS="1933" WIDTH="42"/>
						<String ID="P19_ST00168" HPOS="1809" VPOS="1867" WIDTH="117" HEIGHT="51" CONTENT="moi" WC="0.99" CC="002"/>
						<SP ID="P19_SP00149" HPOS="1926" VPOS="1933" WIDTH="30"/>
						<String ID="P19_ST00169" HPOS="1956" VPOS="1881" WIDTH="10" HEIGHT="37" CONTENT=":" WC="0.89" CC="1"/>
						<SP ID="P19_SP00150" HPOS="1966" VPOS="1933" WIDTH="45"/>
						<String ID="P19_ST00170" HPOS="2011" VPOS="1867" WIDTH="78" HEIGHT="51" CONTENT="les" WC="1.00" CC="000"/>
					</TextLine>
					<TextLine ID="P19_TL00022" HPOS="107" VPOS="1938" WIDTH="1982" HEIGHT="73">
						<String ID="P19_ST00171" HPOS="107" VPOS="1938" WIDTH="254" HEIGHT="69" CONTENT="Anglais," WC="1.00" CC="20022100"/>
						<SP ID="P19_SP00151" HPOS="361" VPOS="2007" WIDTH="38"/>
						<String ID="P19_ST00172" HPOS="399" VPOS="1940" WIDTH="67" HEIGHT="50" CONTENT="de" WC="1.00" CC="00"/>
						<SP ID="P19_SP00152" HPOS="466" VPOS="2007" WIDTH="41"/>
						<String ID="P19_ST00173" HPOS="507" VPOS="1941" WIDTH="184" HEIGHT="49" CONTENT="même" WC="0.99" CC="0003"/>
						<SP ID="P19_SP00153" HPOS="691" VPOS="2007" WIDTH="37"/>
						<String ID="P19_ST00174" HPOS="728" VPOS="1938" WIDTH="166" HEIGHT="70" CONTENT="qu'ils" WC="0.99" CC="040030"/>
						<SP ID="P19_SP00154" HPOS="894" VPOS="2008" WIDTH="35"/>
						<String ID="P19_ST00175" HPOS="929" VPOS="1953" WIDTH="316" HEIGHT="55" CONTENT="manquent" WC="0.99" CC="00407000"/>
						<SP ID="P19_SP00155" HPOS="1245" VPOS="2008" WIDTH="24"/>
						<String ID="P19_ST00176" HPOS="1269" VPOS="1940" WIDTH="165" HEIGHT="52" CONTENT="d'une" WC="0.99" CC="02500"/>
						<SP ID="P19_SP00156" HPOS="1434" VPOS="2008" WIDTH="27"/>
						<String ID="P19_ST00177" HPOS="1461" VPOS="1941" WIDTH="263" HEIGHT="68" CONTENT="musique" WC="1.00" CC="0000060"/>
						<SP ID="P19_SP00157" HPOS="1724" VPOS="2009" WIDTH="34"/>
						<String ID="P19_ST00178" HPOS="1758" VPOS="1942" WIDTH="231" HEIGHT="69" CONTENT="profane" WC="0.99" CC="0530000"/>
						<SP ID="P19_SP00158" HPOS="1989" VPOS="2011" WIDTH="34"/>
						<String ID="P19_ST00179" HPOS="2023" VPOS="1945" WIDTH="66" HEIGHT="49" CONTENT="de" WC="1.00" CC="00"/>
					</TextLine>
					<TextLine ID="P19_TL00023" HPOS="110" VPOS="2013" WIDTH="1982" HEIGHT="73">
						<String ID="P19_ST00180" HPOS="110" VPOS="2013" WIDTH="243" HEIGHT="70" CONTENT="premier" WC="0.99" CC="6600004"/>
						<SP ID="P19_SP00159" HPOS="353" VPOS="2083" WIDTH="37"/>
						<String ID="P19_ST00181" HPOS="390" VPOS="2016" WIDTH="186" HEIGHT="64" CONTENT="ordre," WC="0.99" CC="460400"/>
						<SP ID="P19_SP00160" HPOS="576" VPOS="2083" WIDTH="39"/>
						<String ID="P19_ST00182" HPOS="615" VPOS="2028" WIDTH="312" HEIGHT="56" CONTENT="manquent" WC="1.00" CC="00106000"/>
						<SP ID="P19_SP00161" HPOS="927" VPOS="2084" WIDTH="27"/>
						<String ID="P19_ST00183" HPOS="954" VPOS="2016" WIDTH="151" HEIGHT="52" CONTENT="aussi" WC="0.99" CC="05001"/>
						<SP ID="P19_SP00162" HPOS="1105" VPOS="2084" WIDTH="29"/>
						<String ID="P19_ST00184" HPOS="1134" VPOS="2017" WIDTH="66" HEIGHT="51" CONTENT="de" WC="1.00" CC="00"/>
						<SP ID="P19_SP00163" HPOS="1200" VPOS="2084" WIDTH="40"/>
						<String ID="P19_ST00185" HPOS="1240" VPOS="2016" WIDTH="263" HEIGHT="68" CONTENT="musique" WC="0.99" CC="0400060"/>
						<SP ID="P19_SP00164" HPOS="1503" VPOS="2084" WIDTH="33"/>
						<String ID="P19_ST00186" HPOS="1536" VPOS="2016" WIDTH="315" HEIGHT="70" CONTENT="religieuse," WC="1.00" CC="50009000000"/>
						<SP ID="P19_SP00165" HPOS="1851" VPOS="2086" WIDTH="29"/>
						<String ID="P19_ST00187" HPOS="1880" VPOS="2018" WIDTH="48" HEIGHT="68" CONTENT="je" WC="0.79" CC="40"/>
						<SP ID="P19_SP00166" HPOS="1928" VPOS="2086" WIDTH="22"/>
						<String ID="P19_ST00188" HPOS="1950" VPOS="2036" WIDTH="142" HEIGHT="34" CONTENT="veux" WC="0.99" CC="0050"/>
					</TextLine>
					<TextLine ID="P19_TL00024" HPOS="110" VPOS="2089" WIDTH="1981" HEIGHT="71">
						<String ID="P19_ST00189" HPOS="110" VPOS="2091" WIDTH="111" HEIGHT="50" CONTENT="dire" WC="0.99" CC="0300"/>
						<SP ID="P19_SP00167" HPOS="221" VPOS="2141" WIDTH="21"/>
						<String ID="P19_ST00190" HPOS="242" VPOS="2089" WIDTH="289" HEIGHT="70" CONTENT="originale," WC="1.00" CC="0210000601"/>
						<SP ID="P19_SP00168" HPOS="531" VPOS="2159" WIDTH="20"/>
						<String ID="P19_ST00191" HPOS="551" VPOS="2089" WIDTH="305" HEIGHT="54" CONTENT="fortement" WC="1.00" CC="031000000"/>
						<SP ID="P19_SP00169" HPOS="856" VPOS="2159" WIDTH="24"/>
						<String ID="P19_ST00192" HPOS="880" VPOS="2094" WIDTH="287" HEIGHT="66" CONTENT="marquée." WC="0.99" CC="00665004"/>
						<SP ID="P19_SP00170" HPOS="1167" VPOS="2160" WIDTH="27"/>
						<String ID="P19_ST00193" HPOS="1194" VPOS="2092" WIDTH="224" HEIGHT="51" CONTENT="Encore" WC="0.99" CC="000250"/>
						<SP ID="P19_SP00171" HPOS="1418" VPOS="2160" WIDTH="16"/>
						<String ID="P19_ST00194" HPOS="1434" VPOS="2091" WIDTH="90" HEIGHT="67" CONTENT="ici," WC="0.99" CC="2300"/>
						<SP ID="P19_SP00172" HPOS="1524" VPOS="2160" WIDTH="19"/>
						<String ID="P19_ST00195" HPOS="1543" VPOS="2092" WIDTH="66" HEIGHT="52" CONTENT="ils" WC="1.00" CC="010"/>
						<SP ID="P19_SP00173" HPOS="1609" VPOS="2160" WIDTH="22"/>
						<String ID="P19_ST00196" HPOS="1631" VPOS="2108" WIDTH="128" HEIGHT="37" CONTENT="sont" WC="0.99" CC="0030"/>
						<SP ID="P19_SP00174" HPOS="1759" VPOS="2160" WIDTH="23"/>
						<String ID="P19_ST00197" HPOS="1782" VPOS="2094" WIDTH="309" HEIGHT="53" CONTENT="contraints" WC="1.00" CC="0001600000"/>
					</TextLine>
					<TextLine ID="P19_TL00025" HPOS="111" VPOS="2166" WIDTH="1984" HEIGHT="72">
						<String ID="P19_ST00198" HPOS="111" VPOS="2167" WIDTH="62" HEIGHT="51" CONTENT="de" WC="1.00" CC="00"/>
						<SP ID="P19_SP00175" HPOS="173" VPOS="2218" WIDTH="32"/>
						<String ID="P19_ST00199" HPOS="205" VPOS="2166" WIDTH="247" HEIGHT="63" CONTENT="butiner," WC="0.99" CC="06020033"/>
						<SP ID="P19_SP00176" HPOS="452" VPOS="2229" WIDTH="33"/>
						<String ID="P19_ST00200" HPOS="485" VPOS="2167" WIDTH="65" HEIGHT="52" CONTENT="de" WC="1.00" CC="00"/>
						<SP ID="P19_SP00177" HPOS="550" VPOS="2229" WIDTH="26"/>
						<String ID="P19_ST00201" HPOS="576" VPOS="2166" WIDTH="135" HEIGHT="53" CONTENT="faire" WC="0.99" CC="00060"/>
						<SP ID="P19_SP00178" HPOS="711" VPOS="2229" WIDTH="25"/>
						<String ID="P19_ST00202" HPOS="736" VPOS="2167" WIDTH="66" HEIGHT="52" CONTENT="de" WC="0.95" CC="00"/>
						<SP ID="P19_SP00179" HPOS="802" VPOS="2229" WIDTH="28"/>
						<String ID="P19_ST00203" HPOS="830" VPOS="2167" WIDTH="350" HEIGHT="52" CONTENT="l'éclectisme" WC="1.00" CC="107630303000"/>
						<SP ID="P19_SP00180" HPOS="1180" VPOS="2229" WIDTH="29"/>
						<String ID="P19_ST00204" HPOS="1209" VPOS="2185" WIDTH="145" HEIGHT="52" CONTENT="pour" WC="0.98" CC="0224"/>
						<SP ID="P19_SP00181" HPOS="1354" VPOS="2237" WIDTH="29"/>
						<String ID="P19_ST00205" HPOS="1383" VPOS="2181" WIDTH="229" HEIGHT="39" CONTENT="trouver" WC="0.99" CC="0524005"/>
						<SP ID="P19_SP00182" HPOS="1612" VPOS="2237" WIDTH="30"/>
						<String ID="P19_ST00206" HPOS="1642" VPOS="2186" WIDTH="59" HEIGHT="34" CONTENT="ce" WC="0.91" CC="10"/>
						<SP ID="P19_SP00183" HPOS="1701" VPOS="2237" WIDTH="34"/>
						<String ID="P19_ST00207" HPOS="1735" VPOS="2169" WIDTH="97" HEIGHT="69" CONTENT="qui" WC="1.00" CC="000"/>
						<SP ID="P19_SP00184" HPOS="1832" VPOS="2238" WIDTH="26"/>
						<String ID="P19_ST00208" HPOS="1858" VPOS="2171" WIDTH="121" HEIGHT="52" CONTENT="leur" WC="0.98" CC="2051"/>
						<SP ID="P19_SP00185" HPOS="1979" VPOS="2238" WIDTH="15"/>
						<String ID="P19_ST00209" HPOS="1994" VPOS="2171" WIDTH="101" HEIGHT="52" CONTENT="fait" WC="0.97" CC="4331"/>
					</TextLine>
					<TextLine ID="P19_TL00026" HPOS="111" VPOS="2242" WIDTH="1984" HEIGHT="72">
						<String ID="P19_ST00210" HPOS="111" VPOS="2243" WIDTH="203" HEIGHT="52" CONTENT="défaut." WC="0.99" CC="0000503"/>
						<SP ID="P19_SP00186" HPOS="314" VPOS="2295" WIDTH="51"/>
						<String ID="P19_ST00211" HPOS="365" VPOS="2243" WIDTH="75" HEIGHT="51" CONTENT="Ils" WC="0.98" CC="130"/>
						<SP ID="P19_SP00187" HPOS="440" VPOS="2295" WIDTH="33"/>
						<String ID="P19_ST00212" HPOS="473" VPOS="2256" WIDTH="279" HEIGHT="57" CONTENT="prennent" WC="1.00" CC="03003000"/>
						<SP ID="P19_SP00188" HPOS="752" VPOS="2313" WIDTH="24"/>
						<String ID="P19_ST00213" HPOS="776" VPOS="2242" WIDTH="70" HEIGHT="52" CONTENT="ici" WC="1.00" CC="000"/>
						<SP ID="P19_SP00189" HPOS="846" VPOS="2313" WIDTH="23"/>
						<String ID="P19_ST00214" HPOS="869" VPOS="2256" WIDTH="53" HEIGHT="38" CONTENT="et" WC="0.94" CC="10"/>
						<SP ID="P19_SP00190" HPOS="922" VPOS="2313" WIDTH="26"/>
						<String ID="P19_ST00215" HPOS="948" VPOS="2243" WIDTH="49" HEIGHT="51" CONTENT="là" WC="0.73" CC="22"/>
						<SP ID="P19_SP00191" HPOS="997" VPOS="2313" WIDTH="21"/>
						<String ID="P19_ST00216" HPOS="1018" VPOS="2256" WIDTH="52" HEIGHT="38" CONTENT="et" WC="0.85" CC="02"/>
						<SP ID="P19_SP00192" HPOS="1070" VPOS="2313" WIDTH="25"/>
						<String ID="P19_ST00217" HPOS="1095" VPOS="2243" WIDTH="361" HEIGHT="52" CONTENT="s'assimilent" WC="1.00" CC="000002000000"/>
						<SP ID="P19_SP00193" HPOS="1456" VPOS="2313" WIDTH="40"/>
						<String ID="P19_ST00218" HPOS="1496" VPOS="2261" WIDTH="219" HEIGHT="35" CONTENT="comme" WC="1.00" CC="20000"/>
						<SP ID="P19_SP00194" HPOS="1715" VPOS="2313" WIDTH="26"/>
						<String ID="P19_ST00219" HPOS="1741" VPOS="2244" WIDTH="67" HEIGHT="52" CONTENT="ils" WC="0.99" CC="020"/>
						<SP ID="P19_SP00195" HPOS="1808" VPOS="2313" WIDTH="43"/>
						<String ID="P19_ST00220" HPOS="1851" VPOS="2260" WIDTH="244" HEIGHT="54" CONTENT="peuvent" WC="0.99" CC="0064000"/>
					</TextLine>
					<TextLine ID="P19_TL00027" HPOS="111" VPOS="2318" WIDTH="1982" HEIGHT="74">
						<String ID="P19_ST00221" HPOS="111" VPOS="2336" WIDTH="82" HEIGHT="34" CONTENT="ces" WC="1.00" CC="000"/>
						<SP ID="P19_SP00196" HPOS="193" VPOS="2370" WIDTH="54"/>
						<String ID="P19_ST00222" HPOS="247" VPOS="2318" WIDTH="288" HEIGHT="70" CONTENT="multiples" WC="0.99" CC="064010020"/>
						<SP ID="P19_SP00197" HPOS="535" VPOS="2388" WIDTH="47"/>
						<String ID="P19_ST00223" HPOS="582" VPOS="2319" WIDTH="269" HEIGHT="52" CONTENT="éléments" WC="0.99" CC="60000216"/>
						<SP ID="P19_SP00198" HPOS="851" VPOS="2388" WIDTH="37"/>
						<String ID="P19_ST00224" HPOS="888" VPOS="2337" WIDTH="13" HEIGHT="46" CONTENT=";" WC="0.38" CC="6"/>
						<SP ID="P19_SP00199" HPOS="901" VPOS="2388" WIDTH="51"/>
						<String ID="P19_ST00225" HPOS="952" VPOS="2319" WIDTH="137" HEIGHT="52" CONTENT="mais" WC="0.97" CC="5240"/>
						<SP ID="P19_SP00200" HPOS="1089" VPOS="2388" WIDTH="40"/>
						<String ID="P19_ST00226" HPOS="1129" VPOS="2321" WIDTH="66" HEIGHT="50" CONTENT="de" WC="0.98" CC="00"/>
						<SP ID="P19_SP00201" HPOS="1195" VPOS="2388" WIDTH="40"/>
						<String ID="P19_ST00227" HPOS="1235" VPOS="2319" WIDTH="228" HEIGHT="65" CONTENT="former," WC="0.99" CC="0160000"/>
						<SP ID="P19_SP00202" HPOS="1463" VPOS="2388" WIDTH="52"/>
						<String ID="P19_ST00228" HPOS="1515" VPOS="2337" WIDTH="124" HEIGHT="47" CONTENT="eux," WC="0.98" CC="0303"/>
						<SP ID="P19_SP00203" HPOS="1639" VPOS="2388" WIDTH="42"/>
						<String ID="P19_ST00229" HPOS="1681" VPOS="2337" WIDTH="110" HEIGHT="37" CONTENT="une" WC="0.95" CC="532"/>
						<SP ID="P19_SP00204" HPOS="1791" VPOS="2388" WIDTH="39"/>
						<String ID="P19_ST00230" HPOS="1830" VPOS="2322" WIDTH="263" HEIGHT="70" CONTENT="musique" WC="0.99" CC="0500060"/>
					</TextLine>
					<TextLine ID="P19_TL00028" HPOS="112" VPOS="2394" WIDTH="1981" HEIGHT="69">
						<String ID="P19_ST00231" HPOS="112" VPOS="2394" WIDTH="221" HEIGHT="69" CONTENT="capable" WC="1.00" CC="2000000"/>
						<SP ID="P19_SP00205" HPOS="333" VPOS="2463" WIDTH="41"/>
						<String ID="P19_ST00232" HPOS="374" VPOS="2394" WIDTH="66" HEIGHT="52" CONTENT="de" WC="0.88" CC="02"/>
						<SP ID="P19_SP00206" HPOS="440" VPOS="2463" WIDTH="39"/>
						<String ID="P19_ST00233" HPOS="479" VPOS="2394" WIDTH="248" HEIGHT="52" CONTENT="traduire" WC="1.00" CC="01005020"/>
						<SP ID="P19_SP00207" HPOS="727" VPOS="2463" WIDTH="34"/>
						<String ID="P19_ST00234" HPOS="761" VPOS="2394" WIDTH="149" HEIGHT="52" CONTENT="leurs" WC="0.99" CC="10420"/>
						<SP ID="P19_SP00208" HPOS="910" VPOS="2463" WIDTH="34"/>
						<String ID="P19_ST00235" HPOS="944" VPOS="2394" WIDTH="334" HEIGHT="52" CONTENT="sentiments" WC="1.00" CC="0000000000"/>
						<SP ID="P19_SP00209" HPOS="1278" VPOS="2463" WIDTH="34"/>
						<String ID="P19_ST00236" HPOS="1312" VPOS="2394" WIDTH="230" HEIGHT="52" CONTENT="intimes" WC="1.00" CC="0000000"/>
						<SP ID="P19_SP00210" HPOS="1542" VPOS="2463" WIDTH="34"/>
						<String ID="P19_ST00237" HPOS="1576" VPOS="2397" WIDTH="374" HEIGHT="64" CONTENT="d'adoration," WC="1.00" CC="044005004500"/>
						<SP ID="P19_SP00211" HPOS="1950" VPOS="2463" WIDTH="35"/>
						<String ID="P19_ST00238" HPOS="1985" VPOS="2416" WIDTH="108" HEIGHT="34" CONTENT="une" WC="0.97" CC="700"/>
					</TextLine>
					<TextLine ID="P19_TL00029" HPOS="112" VPOS="2469" WIDTH="1984" HEIGHT="70">
						<String ID="P19_ST00239" HPOS="112" VPOS="2469" WIDTH="257" HEIGHT="70" CONTENT="musique" WC="1.00" CC="0000062"/>
						<SP ID="P19_SP00212" HPOS="369" VPOS="2539" WIDTH="21"/>
						<String ID="P19_ST00240" HPOS="390" VPOS="2470" WIDTH="443" HEIGHT="69" CONTENT="psychologique" WC="1.00" CC="0004024250060"/>
						<SP ID="P19_SP00213" HPOS="833" VPOS="2539" WIDTH="22"/>
						<String ID="P19_ST00241" HPOS="855" VPOS="2472" WIDTH="72" HEIGHT="50" CONTENT="où" WC="1.00" CC="00"/>
						<SP ID="P19_SP00214" HPOS="927" VPOS="2539" WIDTH="27"/>
						<String ID="P19_ST00242" HPOS="954" VPOS="2469" WIDTH="241" HEIGHT="53" CONTENT="seraient" WC="1.00" CC="00114000"/>
						<SP ID="P19_SP00215" HPOS="1195" VPOS="2539" WIDTH="24"/>
						<String ID="P19_ST00243" HPOS="1219" VPOS="2475" WIDTH="329" HEIGHT="47" CONTENT="concentrés" WC="0.99" CC="0423010600"/>
						<SP ID="P19_SP00216" HPOS="1548" VPOS="2539" WIDTH="26"/>
						<String ID="P19_ST00244" HPOS="1574" VPOS="2489" WIDTH="89" HEIGHT="33" CONTENT="ces" WC="1.00" CC="000"/>
						<SP ID="P19_SP00217" HPOS="1663" VPOS="2539" WIDTH="26"/>
						<String ID="P19_ST00245" HPOS="1689" VPOS="2473" WIDTH="154" HEIGHT="51" CONTENT="élans" WC="1.00" CC="00000"/>
						<SP ID="P19_SP00218" HPOS="1843" VPOS="2539" WIDTH="28"/>
						<String ID="P19_ST00246" HPOS="1871" VPOS="2475" WIDTH="225" HEIGHT="51" CONTENT="ardents" WC="0.99" CC="1400342"/>
					</TextLine>
					<TextLine ID="P19_TL00030" HPOS="115" VPOS="2545" WIDTH="1980" HEIGHT="71">
						<String ID="P19_ST00247" HPOS="115" VPOS="2547" WIDTH="61" HEIGHT="50" CONTENT="de" WC="1.00" CC="00"/>
						<SP ID="P19_SP00219" HPOS="176" VPOS="2597" WIDTH="31"/>
						<String ID="P19_ST00248" HPOS="207" VPOS="2545" WIDTH="157" HEIGHT="52" CONTENT="l'âme" WC="0.99" CC="02300"/>
						<SP ID="P19_SP00220" HPOS="364" VPOS="2597" WIDTH="44"/>
						<String ID="P19_ST00249" HPOS="408" VPOS="2545" WIDTH="296" HEIGHT="70" CONTENT="religieuse" WC="0.99" CC="2141020500"/>
						<SP ID="P19_SP00221" HPOS="704" VPOS="2615" WIDTH="42"/>
						<String ID="P19_ST00250" HPOS="746" VPOS="2547" WIDTH="211" HEIGHT="68" CONTENT="perdue" WC="1.00" CC="001040"/>
						<SP ID="P19_SP00222" HPOS="957" VPOS="2615" WIDTH="43"/>
						<String ID="P19_ST00251" HPOS="1000" VPOS="2547" WIDTH="139" HEIGHT="50" CONTENT="dans" WC="1.00" CC="0000"/>
						<SP ID="P19_SP00223" HPOS="1139" VPOS="2615" WIDTH="45"/>
						<String ID="P19_ST00252" HPOS="1184" VPOS="2547" WIDTH="48" HEIGHT="50" CONTENT="la" WC="1.00" CC="00"/>
						<SP ID="P19_SP00224" HPOS="1232" VPOS="2615" WIDTH="40"/>
						<String ID="P19_ST00253" HPOS="1272" VPOS="2547" WIDTH="445" HEIGHT="69" CONTENT="contemplation" WC="0.99" CC="0540000240525"/>
						<SP ID="P19_SP00225" HPOS="1717" VPOS="2616" WIDTH="44"/>
						<String ID="P19_ST00254" HPOS="1761" VPOS="2549" WIDTH="73" HEIGHT="52" CONTENT="du" WC="0.69" CC="06"/>
						<SP ID="P19_SP00226" HPOS="1834" VPOS="2616" WIDTH="54"/>
						<String ID="P19_ST00255" HPOS="1888" VPOS="2552" WIDTH="207" HEIGHT="50" CONTENT="monde" WC="1.00" CC="00400"/>
					</TextLine>
					<TextLine ID="P19_TL00031" HPOS="115" VPOS="2622" WIDTH="1981" HEIGHT="72">
						<String ID="P19_ST00256" HPOS="115" VPOS="2622" WIDTH="167" HEIGHT="63" CONTENT="divin," WC="0.99" CC="030083"/>
						<SP ID="P19_SP00227" HPOS="282" VPOS="2685" WIDTH="35"/>
						<String ID="P19_ST00257" HPOS="317" VPOS="2639" WIDTH="68" HEIGHT="35" CONTENT="en" WC="1.00" CC="00"/>
						<SP ID="P19_SP00228" HPOS="385" VPOS="2685" WIDTH="45"/>
						<String ID="P19_ST00258" HPOS="430" VPOS="2622" WIDTH="368" HEIGHT="53" CONTENT="communion" WC="0.99" CC="000060616"/>
						<SP ID="P19_SP00229" HPOS="798" VPOS="2685" WIDTH="35"/>
						<String ID="P19_ST00259" HPOS="833" VPOS="2623" WIDTH="219" HEIGHT="52" CONTENT="intense" WC="1.00" CC="0001001"/>
						<SP ID="P19_SP00230" HPOS="1052" VPOS="2685" WIDTH="33"/>
						<String ID="P19_ST00260" HPOS="1085" VPOS="2641" WIDTH="128" HEIGHT="34" CONTENT="avec" WC="1.00" CC="0000"/>
						<SP ID="P19_SP00231" HPOS="1213" VPOS="2685" WIDTH="33"/>
						<String ID="P19_ST00261" HPOS="1246" VPOS="2623" WIDTH="78" HEIGHT="51" CONTENT="les" WC="0.98" CC="500"/>
						<SP ID="P19_SP00232" HPOS="1324" VPOS="2685" WIDTH="45"/>
						<String ID="P19_ST00262" HPOS="1369" VPOS="2623" WIDTH="150" HEIGHT="52" CONTENT="idées" WC="1.00" CC="00000"/>
						<SP ID="P19_SP00233" HPOS="1519" VPOS="2685" WIDTH="42"/>
						<String ID="P19_ST00263" HPOS="1561" VPOS="2625" WIDTH="447" HEIGHT="69" CONTENT="suprasensibles" WC="0.88" CC="06060000000300"/>
						<SP ID="P19_SP00234" HPOS="2008" VPOS="2694" WIDTH="36"/>
						<String ID="P19_ST00264" HPOS="2044" VPOS="2639" WIDTH="52" HEIGHT="40" CONTENT="et" WC="0.84" CC="30"/>
					</TextLine>
					<TextLine ID="P19_TL00032" HPOS="115" VPOS="2698" WIDTH="1873" HEIGHT="68">
						<String ID="P19_ST00265" HPOS="115" VPOS="2699" WIDTH="416" HEIGHT="62" CONTENT="surnaturelles," WC="0.99" CC="04450064034102"/>
						<SP ID="P19_SP00235" HPOS="531" VPOS="2761" WIDTH="26"/>
						<String ID="P19_ST00266" HPOS="557" VPOS="2698" WIDTH="67" HEIGHT="52" CONTENT="ils" WC="0.97" CC="150"/>
						<SP ID="P19_SP00236" HPOS="624" VPOS="2761" WIDTH="23"/>
						<String ID="P19_ST00267" HPOS="647" VPOS="2699" WIDTH="120" HEIGHT="51" CONTENT="n'en" WC="0.99" CC="4000"/>
						<SP ID="P19_SP00237" HPOS="767" VPOS="2761" WIDTH="28"/>
						<String ID="P19_ST00268" HPOS="795" VPOS="2712" WIDTH="98" HEIGHT="38" CONTENT="ont" WC="1.00" CC="000"/>
						<SP ID="P19_SP00238" HPOS="893" VPOS="2761" WIDTH="23"/>
						<String ID="P19_ST00269" HPOS="916" VPOS="2715" WIDTH="99" HEIGHT="51" CONTENT="pas" WC="1.00" CC="000"/>
						<SP ID="P19_SP00239" HPOS="1015" VPOS="2766" WIDTH="25"/>
						<String ID="P19_ST00270" HPOS="1040" VPOS="2700" WIDTH="50" HEIGHT="50" CONTENT="la" WC="0.75" CC="31"/>
						<SP ID="P19_SP00240" HPOS="1090" VPOS="2766" WIDTH="30"/>
						<String ID="P19_ST00271" HPOS="1120" VPOS="2699" WIDTH="171" HEIGHT="65" CONTENT="force," WC="0.99" CC="003600"/>
						<SP ID="P19_SP00241" HPOS="1291" VPOS="2766" WIDTH="29"/>
						<String ID="P19_ST00272" HPOS="1320" VPOS="2712" WIDTH="52" HEIGHT="38" CONTENT="et" WC="1.00" CC="00"/>
						<SP ID="P19_SP00242" HPOS="1372" VPOS="2766" WIDTH="23"/>
						<String ID="P19_ST00273" HPOS="1395" VPOS="2699" WIDTH="108" HEIGHT="67" CONTENT="j'en" WC="0.99" CC="4000"/>
						<SP ID="P19_SP00243" HPOS="1503" VPOS="2766" WIDTH="25"/>
						<String ID="P19_ST00274" HPOS="1528" VPOS="2700" WIDTH="142" HEIGHT="51" CONTENT="dirai" WC="0.99" CC="02600"/>
						<SP ID="P19_SP00244" HPOS="1670" VPOS="2766" WIDTH="28"/>
						<String ID="P19_ST00275" HPOS="1698" VPOS="2700" WIDTH="50" HEIGHT="52" CONTENT="la" WC="0.82" CC="30"/>
						<SP ID="P19_SP00245" HPOS="1748" VPOS="2766" WIDTH="32"/>
						<String ID="P19_ST00276" HPOS="1780" VPOS="2702" WIDTH="208" HEIGHT="53" CONTENT="raison." WC="0.99" CC="6010204"/>
					</TextLine>
					<TextLine ID="P19_TL00033" HPOS="181" VPOS="2774" WIDTH="1915" HEIGHT="71">
						<String ID="P19_ST00277" HPOS="181" VPOS="2774" WIDTH="264" HEIGHT="53" CONTENT="Serait-ce" WC="1.00" CC="014000000"/>
						<SP ID="P19_SP00246" HPOS="445" VPOS="2827" WIDTH="42"/>
						<String ID="P19_ST00278" HPOS="487" VPOS="2793" WIDTH="108" HEIGHT="51" CONTENT="que" WC="0.98" CC="060"/>
						<SP ID="P19_SP00247" HPOS="595" VPOS="2844" WIDTH="33"/>
						<String ID="P19_ST00279" HPOS="628" VPOS="2774" WIDTH="376" HEIGHT="71" CONTENT="l'inspiration" WC="1.00" CC="4400000300020"/>
						<SP ID="P19_SP00248" HPOS="1004" VPOS="2845" WIDTH="40"/>
						<String ID="P19_ST00280" HPOS="1044" VPOS="2774" WIDTH="292" HEIGHT="68" CONTENT="artistique" WC="1.00" CC="0500010060"/>
						<SP ID="P19_SP00249" HPOS="1336" VPOS="2845" WIDTH="49"/>
						<String ID="P19_ST00281" HPOS="1385" VPOS="2775" WIDTH="78" HEIGHT="51" CONTENT="les" WC="0.99" CC="300"/>
						<SP ID="P19_SP00250" HPOS="1463" VPOS="2845" WIDTH="41"/>
						<String ID="P19_ST00282" HPOS="1504" VPOS="2775" WIDTH="171" HEIGHT="52" CONTENT="trahit" WC="0.99" CC="460010"/>
						<SP ID="P19_SP00251" HPOS="1675" VPOS="2845" WIDTH="37"/>
						<String ID="P19_ST00283" HPOS="1712" VPOS="2790" WIDTH="54" HEIGHT="37" CONTENT="et" WC="1.00" CC="00"/>
						<SP ID="P19_SP00252" HPOS="1766" VPOS="2845" WIDTH="43"/>
						<String ID="P19_ST00284" HPOS="1809" VPOS="2778" WIDTH="77" HEIGHT="51" CONTENT="les" WC="0.98" CC="320"/>
						<SP ID="P19_SP00253" HPOS="1886" VPOS="2845" WIDTH="42"/>
						<String ID="P19_ST00285" HPOS="1928" VPOS="2778" WIDTH="135" HEIGHT="52" CONTENT="aban" SUBS_TYPE="HypPart1" SUBS_CONTENT="abandonne" WC="0.99" CC="0012"/>
						<HYP HPOS="2063" VPOS="2778" WIDTH="33" CONTENT="-"/>
					</TextLine>
					<TextLine ID="P19_TL00034" HPOS="117" VPOS="2850" WIDTH="1980" HEIGHT="70">
						<String ID="P19_ST00286" HPOS="117" VPOS="2850" WIDTH="178" HEIGHT="51" CONTENT="donne" SUBS_TYPE="HypPart2" SUBS_CONTENT="abandonne" WC="0.99" CC="10400"/>
						<SP ID="P19_SP00254" HPOS="295" VPOS="2901" WIDTH="22"/>
						<String ID="P19_ST00287" HPOS="317" VPOS="2851" WIDTH="19" HEIGHT="50" CONTENT="?" WC="1.00" CC="0"/>
						<SP ID="P19_SP00255" HPOS="336" VPOS="2901" WIDTH="48"/>
						<String ID="P19_ST00288" HPOS="384" VPOS="2850" WIDTH="46" HEIGHT="51" CONTENT="Il" WC="0.95" CC="00"/>
						<SP ID="P19_SP00256" HPOS="430" VPOS="2901" WIDTH="43"/>
						<String ID="P19_ST00289" HPOS="473" VPOS="2863" WIDTH="82" HEIGHT="39" CONTENT="est" WC="1.00" CC="000"/>
						<SP ID="P19_SP00257" HPOS="555" VPOS="2902" WIDTH="31"/>
						<String ID="P19_ST00290" HPOS="586" VPOS="2850" WIDTH="329" HEIGHT="70" CONTENT="impossible" WC="1.00" CC="2001004000"/>
						<SP ID="P19_SP00258" HPOS="915" VPOS="2920" WIDTH="45"/>
						<String ID="P19_ST00291" HPOS="960" VPOS="2850" WIDTH="65" HEIGHT="51" CONTENT="de" WC="1.00" CC="00"/>
						<SP ID="P19_SP00259" HPOS="1025" VPOS="2920" WIDTH="34"/>
						<String ID="P19_ST00292" HPOS="1059" VPOS="2851" WIDTH="280" HEIGHT="68" CONTENT="répondre" WC="1.00" CC="00011060"/>
						<SP ID="P19_SP00260" HPOS="1339" VPOS="2920" WIDTH="46"/>
						<String ID="P19_ST00293" HPOS="1385" VPOS="2850" WIDTH="129" HEIGHT="52" CONTENT="d'un" WC="0.99" CC="0300"/>
						<SP ID="P19_SP00261" HPOS="1514" VPOS="2920" WIDTH="34"/>
						<String ID="P19_ST00294" HPOS="1548" VPOS="2864" WIDTH="136" HEIGHT="39" CONTENT="mot." WC="0.98" CC="0214"/>
						<SP ID="P19_SP00262" HPOS="1684" VPOS="2920" WIDTH="40"/>
						<String ID="P19_ST00295" HPOS="1724" VPOS="2853" WIDTH="62" HEIGHT="50" CONTENT="Je" WC="1.00" CC="00"/>
						<SP ID="P19_SP00263" HPOS="1786" VPOS="2920" WIDTH="41"/>
						<String ID="P19_ST00296" HPOS="1827" VPOS="2853" WIDTH="270" HEIGHT="53" CONTENT="déclarais" WC="1.00" CC="000001000"/>
					</TextLine>
					<TextLine ID="P19_TL00035" HPOS="115" VPOS="2925" WIDTH="1983" HEIGHT="71">
						<String ID="P19_ST00297" HPOS="115" VPOS="2925" WIDTH="186" HEIGHT="52" CONTENT="l'autre" WC="0.99" CC="3306020"/>
						<SP ID="P19_SP00264" HPOS="301" VPOS="2977" WIDTH="52"/>
						<String ID="P19_ST00298" HPOS="353" VPOS="2925" WIDTH="125" HEIGHT="69" CONTENT="jour" WC="0.97" CC="2155"/>
						<SP ID="P19_SP00265" HPOS="478" VPOS="2994" WIDTH="56"/>
						<String ID="P19_ST00299" HPOS="534" VPOS="2943" WIDTH="108" HEIGHT="52" CONTENT="que" WC="0.98" CC="060"/>
						<SP ID="P19_SP00266" HPOS="642" VPOS="2995" WIDTH="50"/>
						<String ID="P19_ST00300" HPOS="692" VPOS="2926" WIDTH="138" HEIGHT="51" CONTENT="dans" WC="1.00" CC="0000"/>
						<SP ID="P19_SP00267" HPOS="830" VPOS="2995" WIDTH="47"/>
						<String ID="P19_ST00301" HPOS="877" VPOS="2926" WIDTH="50" HEIGHT="51" CONTENT="la" WC="1.00" CC="00"/>
						<SP ID="P19_SP00268" HPOS="927" VPOS="2995" WIDTH="51"/>
						<String ID="P19_ST00302" HPOS="978" VPOS="2925" WIDTH="252" HEIGHT="52" CONTENT="chanson" WC="0.99" CC="3101030"/>
						<SP ID="P19_SP00269" HPOS="1230" VPOS="2995" WIDTH="52"/>
						<String ID="P19_ST00303" HPOS="1282" VPOS="2926" WIDTH="202" HEIGHT="70" CONTENT="légère," WC="1.00" CC="1001000"/>
						<SP ID="P19_SP00270" HPOS="1484" VPOS="2996" WIDTH="53"/>
						<String ID="P19_ST00304" HPOS="1537" VPOS="2926" WIDTH="157" HEIGHT="64" CONTENT="ailée," WC="0.99" CC="913000"/>
						<SP ID="P19_SP00271" HPOS="1694" VPOS="2996" WIDTH="50"/>
						<String ID="P19_ST00305" HPOS="1744" VPOS="2928" WIDTH="166" HEIGHT="53" CONTENT="chose" WC="0.99" CC="06000"/>
						<SP ID="P19_SP00272" HPOS="1910" VPOS="2996" WIDTH="55"/>
						<String ID="P19_ST00306" HPOS="1965" VPOS="2931" WIDTH="133" HEIGHT="52" CONTENT="d'un" WC="0.98" CC="0233"/>
					</TextLine>
					<TextLine ID="P19_TL00036" HPOS="116" VPOS="3001" WIDTH="1981" HEIGHT="71">
						<String ID="P19_ST00307" HPOS="116" VPOS="3013" WIDTH="195" HEIGHT="58" CONTENT="temps," WC="1.00" CC="000004"/>
						<SP ID="P19_SP00273" HPOS="311" VPOS="3071" WIDTH="37"/>
						<String ID="P19_ST00308" HPOS="348" VPOS="3020" WIDTH="168" HEIGHT="52" CONTENT="genre" WC="0.99" CC="00042"/>
						<SP ID="P19_SP00274" HPOS="516" VPOS="3072" WIDTH="33"/>
						<String ID="P19_ST00309" HPOS="549" VPOS="3003" WIDTH="208" HEIGHT="66" CONTENT="éthéré," WC="0.73" CC="2009600"/>
						<SP ID="P19_SP00275" HPOS="757" VPOS="3072" WIDTH="37"/>
						<String ID="P19_ST00310" HPOS="794" VPOS="3003" WIDTH="78" HEIGHT="50" CONTENT="les" WC="0.99" CC="100"/>
						<SP ID="P19_SP00276" HPOS="872" VPOS="3072" WIDTH="31"/>
						<String ID="P19_ST00311" HPOS="903" VPOS="3001" WIDTH="233" HEIGHT="71" CONTENT="Anglais" WC="1.00" CC="0001000"/>
						<SP ID="P19_SP00277" HPOS="1136" VPOS="3072" WIDTH="40"/>
						<String ID="P19_ST00312" HPOS="1176" VPOS="3003" WIDTH="336" HEIGHT="52" CONTENT="semblaient" WC="1.00" CC="0000000002"/>
						<SP ID="P19_SP00278" HPOS="1512" VPOS="3072" WIDTH="39"/>
						<String ID="P19_ST00313" HPOS="1551" VPOS="3003" WIDTH="154" HEIGHT="52" CONTENT="avoir" WC="0.99" CC="00310"/>
						<SP ID="P19_SP00279" HPOS="1705" VPOS="3072" WIDTH="42"/>
						<String ID="P19_ST00314" HPOS="1747" VPOS="3006" WIDTH="201" HEIGHT="51" CONTENT="excellé" WC="1.00" CC="0010000"/>
						<SP ID="P19_SP00280" HPOS="1948" VPOS="3072" WIDTH="27"/>
						<String ID="P19_ST00315" HPOS="1975" VPOS="3025" WIDTH="14" HEIGHT="46" CONTENT=";" WC="0.40" CC="5"/>
						<SP ID="P19_SP00281" HPOS="1989" VPOS="3072" WIDTH="56"/>
						<String ID="P19_ST00316" HPOS="2045" VPOS="3020" WIDTH="52" HEIGHT="38" CONTENT="et" WC="0.87" CC="02"/>
					</TextLine>
					<TextLine ID="P19_TL00037" HPOS="116" VPOS="3076" WIDTH="1981" HEIGHT="74">
						<String ID="P19_ST00317" HPOS="116" VPOS="3079" WIDTH="295" HEIGHT="68" CONTENT="pourquoi," WC="0.99" CC="304306043"/>
						<SP ID="P19_SP00282" HPOS="411" VPOS="3147" WIDTH="30"/>
						<String ID="P19_ST00318" HPOS="441" VPOS="3076" WIDTH="46" HEIGHT="69" CONTENT="je" WC="0.71" CC="50"/>
						<SP ID="P19_SP00283" HPOS="487" VPOS="3147" WIDTH="34"/>
						<String ID="P19_ST00319" HPOS="521" VPOS="3077" WIDTH="144" HEIGHT="53" CONTENT="crois" WC="0.99" CC="02100"/>
						<SP ID="P19_SP00284" HPOS="665" VPOS="3147" WIDTH="24"/>
						<String ID="P19_ST00320" HPOS="689" VPOS="3077" WIDTH="191" HEIGHT="53" CONTENT="l'avoir" WC="0.99" CC="6000013"/>
						<SP ID="P19_SP00285" HPOS="880" VPOS="3147" WIDTH="32"/>
						<String ID="P19_ST00321" HPOS="912" VPOS="3083" WIDTH="201" HEIGHT="66" CONTENT="exposé" WC="0.99" CC="080001"/>
						<SP ID="P19_SP00286" HPOS="1113" VPOS="3149" WIDTH="34"/>
						<String ID="P19_ST00322" HPOS="1147" VPOS="3079" WIDTH="333" HEIGHT="70" CONTENT="également." WC="0.99" CC="6904000000"/>
						<SP ID="P19_SP00287" HPOS="1480" VPOS="3149" WIDTH="33"/>
						<String ID="P19_ST00323" HPOS="1513" VPOS="3080" WIDTH="108" HEIGHT="51" CONTENT="Par" WC="0.96" CC="406"/>
						<SP ID="P19_SP00288" HPOS="1621" VPOS="3149" WIDTH="21"/>
						<String ID="P19_ST00324" HPOS="1642" VPOS="3098" WIDTH="77" HEIGHT="34" CONTENT="un" WC="0.79" CC="12"/>
						<SP ID="P19_SP00289" HPOS="1719" VPOS="3149" WIDTH="24"/>
						<String ID="P19_ST00325" HPOS="1743" VPOS="3081" WIDTH="354" HEIGHT="69" CONTENT="phénomène" WC="1.00" CC="050030010"/>
					</TextLine>
					<TextLine ID="P19_TL00038" HPOS="116" VPOS="3154" WIDTH="1981" HEIGHT="71">
						<String ID="P19_ST00326" HPOS="116" VPOS="3155" WIDTH="284" HEIGHT="68" CONTENT="analogue," WC="0.99" CC="900105604"/>
						<SP ID="P19_SP00290" HPOS="400" VPOS="3223" WIDTH="45"/>
						<String ID="P19_ST00327" HPOS="445" VPOS="3155" WIDTH="137" HEIGHT="51" CONTENT="dans" WC="1.00" CC="0000"/>
						<SP ID="P19_SP00291" HPOS="582" VPOS="3223" WIDTH="34"/>
						<String ID="P19_ST00328" HPOS="616" VPOS="3155" WIDTH="49" HEIGHT="49" CONTENT="le" WC="0.90" CC="10"/>
						<SP ID="P19_SP00292" HPOS="665" VPOS="3223" WIDTH="39"/>
						<String ID="P19_ST00329" HPOS="704" VPOS="3154" WIDTH="263" HEIGHT="50" CONTENT="domaine" WC="1.00" CC="0100300"/>
						<SP ID="P19_SP00293" HPOS="967" VPOS="3223" WIDTH="51"/>
						<String ID="P19_ST00330" HPOS="1018" VPOS="3154" WIDTH="287" HEIGHT="68" CONTENT="religieux," WC="0.99" CC="7020740610"/>
						<SP ID="P19_SP00294" HPOS="1305" VPOS="3223" WIDTH="36"/>
						<String ID="P19_ST00331" HPOS="1341" VPOS="3155" WIDTH="50" HEIGHT="51" CONTENT="là" WC="0.28" CC="49"/>
						<SP ID="P19_SP00295" HPOS="1391" VPOS="3223" WIDTH="46"/>
						<String ID="P19_ST00332" HPOS="1437" VPOS="3155" WIDTH="71" HEIGHT="52" CONTENT="où" WC="0.77" CC="12"/>
						<SP ID="P19_SP00296" HPOS="1508" VPOS="3223" WIDTH="46"/>
						<String ID="P19_ST00333" HPOS="1554" VPOS="3156" WIDTH="161" HEIGHT="51" CONTENT="l'âme" WC="0.99" CC="03000"/>
						<SP ID="P19_SP00297" HPOS="1715" VPOS="3223" WIDTH="44"/>
						<String ID="P19_ST00334" HPOS="1759" VPOS="3157" WIDTH="247" HEIGHT="68" CONTENT="anglaise" WC="1.00" CC="00004000"/>
						<SP ID="P19_SP00298" HPOS="2006" VPOS="3225" WIDTH="35"/>
						<String ID="P19_ST00335" HPOS="2041" VPOS="3175" WIDTH="56" HEIGHT="35" CONTENT="se" WC="1.00" CC="00"/>
					</TextLine>
					<TextLine ID="P19_TL00039" HPOS="117" VPOS="3230" WIDTH="1979" HEIGHT="71">
						<String ID="P19_ST00336" HPOS="117" VPOS="3231" WIDTH="262" HEIGHT="67" CONTENT="complaît" WC="0.99" CC="00000065"/>
						<SP ID="P19_SP00299" HPOS="379" VPOS="3298" WIDTH="18"/>
						<String ID="P19_ST00337" HPOS="397" VPOS="3243" WIDTH="243" HEIGHT="53" CONTENT="surtout," WC="0.99" CC="06613504"/>
						<SP ID="P19_SP00300" HPOS="640" VPOS="3298" WIDTH="31"/>
						<String ID="P19_ST00338" HPOS="671" VPOS="3232" WIDTH="131" HEIGHT="50" CONTENT="c'est" WC="1.00" CC="02000"/>
						<SP ID="P19_SP00301" HPOS="802" VPOS="3298" WIDTH="25"/>
						<String ID="P19_ST00339" HPOS="827" VPOS="3230" WIDTH="138" HEIGHT="52" CONTENT="dans" WC="0.99" CC="0050"/>
						<SP ID="P19_SP00302" HPOS="965" VPOS="3298" WIDTH="27"/>
						<String ID="P19_ST00340" HPOS="992" VPOS="3231" WIDTH="79" HEIGHT="51" CONTENT="les" WC="1.00" CC="000"/>
						<SP ID="P19_SP00303" HPOS="1071" VPOS="3298" WIDTH="24"/>
						<String ID="P19_ST00341" HPOS="1095" VPOS="3230" WIDTH="259" HEIGHT="70" CONTENT="hymnes," WC="0.99" CC="6000003"/>
						<SP ID="P19_SP00304" HPOS="1354" VPOS="3300" WIDTH="31"/>
						<String ID="P19_ST00342" HPOS="1385" VPOS="3249" WIDTH="87" HEIGHT="33" CONTENT="ces" WC="1.00" CC="000"/>
						<SP ID="P19_SP00305" HPOS="1472" VPOS="3300" WIDTH="26"/>
						<String ID="P19_ST00343" HPOS="1498" VPOS="3231" WIDTH="240" HEIGHT="69" CONTENT="hymnes" WC="1.00" CC="000100"/>
						<SP ID="P19_SP00306" HPOS="1738" VPOS="3300" WIDTH="24"/>
						<String ID="P19_ST00344" HPOS="1762" VPOS="3232" WIDTH="334" HEIGHT="69" CONTENT="mystiques," WC="1.00" CC="0022104003"/>
					</TextLine>
					<TextLine ID="P19_TL00040" HPOS="120" VPOS="3306" WIDTH="1977" HEIGHT="70">
						<String ID="P19_ST00345" HPOS="120" VPOS="3306" WIDTH="434" HEIGHT="66" CONTENT="sentimentales," WC="1.00" CC="40020000004000"/>
						<SP ID="P19_SP00307" HPOS="554" VPOS="3372" WIDTH="34"/>
						<String ID="P19_ST00346" HPOS="588" VPOS="3310" WIDTH="252" HEIGHT="48" CONTENT="saturées" WC="1.00" CC="00043000"/>
						<SP ID="P19_SP00308" HPOS="840" VPOS="3372" WIDTH="34"/>
						<String ID="P19_ST00347" HPOS="874" VPOS="3307" WIDTH="164" HEIGHT="52" CONTENT="d'une" WC="0.99" CC="03500"/>
						<SP ID="P19_SP00309" HPOS="1038" VPOS="3372" WIDTH="34"/>
						<String ID="P19_ST00348" HPOS="1072" VPOS="3306" WIDTH="139" HEIGHT="52" CONTENT="buée" WC="0.98" CC="0620"/>
						<SP ID="P19_SP00310" HPOS="1211" VPOS="3372" WIDTH="35"/>
						<String ID="P19_ST00349" HPOS="1246" VPOS="3307" WIDTH="65" HEIGHT="51" CONTENT="de" WC="1.00" CC="00"/>
						<SP ID="P19_SP00311" HPOS="1311" VPOS="3372" WIDTH="27"/>
						<String ID="P19_ST00350" HPOS="1338" VPOS="3306" WIDTH="147" HEIGHT="70" CONTENT="piété" WC="0.99" CC="05002"/>
						<SP ID="P19_SP00312" HPOS="1485" VPOS="3376" WIDTH="42"/>
						<String ID="P19_ST00351" HPOS="1527" VPOS="3307" WIDTH="194" HEIGHT="51" CONTENT="tendre" WC="1.00" CC="000050"/>
						<SP ID="P19_SP00313" HPOS="1721" VPOS="3376" WIDTH="43"/>
						<String ID="P19_ST00352" HPOS="1764" VPOS="3320" WIDTH="54" HEIGHT="38" CONTENT="et" WC="0.91" CC="01"/>
						<SP ID="P19_SP00314" HPOS="1818" VPOS="3376" WIDTH="35"/>
						<String ID="P19_ST00353" HPOS="1853" VPOS="3309" WIDTH="244" HEIGHT="66" CONTENT="dolente," WC="0.99" CC="04600001"/>
					</TextLine>
					<TextLine ID="P19_TL00041" HPOS="118" VPOS="3380" WIDTH="1984" HEIGHT="72">
						<String ID="P19_ST00354" HPOS="118" VPOS="3380" WIDTH="289" HEIGHT="71" CONTENT="imprécise" WC="1.00" CC="400500100"/>
						<SP ID="P19_SP00315" HPOS="407" VPOS="3451" WIDTH="33"/>
						<String ID="P19_ST00355" HPOS="440" VPOS="3382" WIDTH="152" HEIGHT="52" CONTENT="aussi" WC="0.99" CC="06000"/>
						<SP ID="P19_SP00316" HPOS="592" VPOS="3451" WIDTH="27"/>
						<String ID="P19_ST00356" HPOS="619" VPOS="3396" WIDTH="52" HEIGHT="38" CONTENT="et" WC="1.00" CC="00"/>
						<SP ID="P19_SP00317" HPOS="671" VPOS="3451" WIDTH="24"/>
						<String ID="P19_ST00357" HPOS="695" VPOS="3384" WIDTH="227" HEIGHT="68" CONTENT="fuyante" WC="1.00" CC="0300000"/>
						<SP ID="P19_SP00318" HPOS="922" VPOS="3452" WIDTH="23"/>
						<String ID="P19_ST00358" HPOS="945" VPOS="3404" WIDTH="13" HEIGHT="39" CONTENT=";" WC="0.46" CC="5"/>
						<SP ID="P19_SP00319" HPOS="958" VPOS="3452" WIDTH="48"/>
						<String ID="P19_ST00359" HPOS="1006" VPOS="3400" WIDTH="89" HEIGHT="34" CONTENT="ces" WC="0.99" CC="300"/>
						<SP ID="P19_SP00320" HPOS="1095" VPOS="3452" WIDTH="25"/>
						<String ID="P19_ST00360" HPOS="1120" VPOS="3384" WIDTH="242" HEIGHT="68" CONTENT="hymnes" WC="1.00" CC="000000"/>
						<SP ID="P19_SP00321" HPOS="1362" VPOS="3452" WIDTH="35"/>
						<String ID="P19_ST00361" HPOS="1397" VPOS="3382" WIDTH="380" HEIGHT="70" CONTENT="soupirantes," WC="0.99" CC="006006850001"/>
						<SP ID="P19_SP00322" HPOS="1777" VPOS="3452" WIDTH="36"/>
						<String ID="P19_ST00362" HPOS="1813" VPOS="3385" WIDTH="166" HEIGHT="51" CONTENT="d'une" WC="0.98" CC="00370"/>
						<SP ID="P19_SP00323" HPOS="1979" VPOS="3452" WIDTH="34"/>
						<String ID="P19_ST00363" HPOS="2013" VPOS="3386" WIDTH="60" HEIGHT="51" CONTENT="dé" SUBS_TYPE="HypPart1" SUBS_CONTENT="dévotion" WC="1.00" CC="00"/>
						<HYP HPOS="2073" VPOS="3386" WIDTH="29" CONTENT="-"/>
					</TextLine>
					<TextLine ID="P19_TL00042" HPOS="117" VPOS="3457" WIDTH="1985" HEIGHT="70">
						<String ID="P19_ST00364" HPOS="117" VPOS="3457" WIDTH="189" HEIGHT="52" CONTENT="votion" SUBS_TYPE="HypPart2" SUBS_CONTENT="dévotion" WC="0.99" CC="000221"/>
						<SP ID="P19_SP00324" HPOS="306" VPOS="3509" WIDTH="23"/>
						<String ID="P19_ST00365" HPOS="329" VPOS="3475" WIDTH="195" HEIGHT="52" CONTENT="vague," WC="0.99" CC="000600"/>
						<SP ID="P19_SP00325" HPOS="524" VPOS="3527" WIDTH="22"/>
						<String ID="P19_ST00366" HPOS="546" VPOS="3458" WIDTH="132" HEIGHT="51" CONTENT="elles" WC="0.98" CC="04406"/>
						<SP ID="P19_SP00326" HPOS="678" VPOS="3527" WIDTH="28"/>
						<String ID="P19_ST00367" HPOS="706" VPOS="3470" WIDTH="127" HEIGHT="39" CONTENT="sont" WC="0.98" CC="0143"/>
						<SP ID="P19_SP00327" HPOS="833" VPOS="3527" WIDTH="21"/>
						<String ID="P19_ST00368" HPOS="854" VPOS="3457" WIDTH="349" HEIGHT="66" CONTENT="délicieuses," WC="1.00" CC="004044060000"/>
						<SP ID="P19_SP00328" HPOS="1203" VPOS="3527" WIDTH="36"/>
						<String ID="P19_ST00369" HPOS="1239" VPOS="3458" WIDTH="132" HEIGHT="51" CONTENT="elles" WC="0.99" CC="12600"/>
						<SP ID="P19_SP00329" HPOS="1371" VPOS="3527" WIDTH="24"/>
						<String ID="P19_ST00370" HPOS="1395" VPOS="3458" WIDTH="244" HEIGHT="65" CONTENT="bercent," WC="0.99" CC="00610403"/>
						<SP ID="P19_SP00330" HPOS="1639" VPOS="3527" WIDTH="25"/>
						<String ID="P19_ST00371" HPOS="1664" VPOS="3458" WIDTH="132" HEIGHT="51" CONTENT="elles" WC="0.99" CC="00500"/>
						<SP ID="P19_SP00331" HPOS="1796" VPOS="3527" WIDTH="25"/>
						<String ID="P19_ST00372" HPOS="1821" VPOS="3475" WIDTH="281" HEIGHT="38" CONTENT="caressent" WC="1.00" CC="405000000"/>
					</TextLine>
					<TextLine ID="P19_TL00043" HPOS="121" VPOS="3532" WIDTH="1980" HEIGHT="71">
						<String ID="P19_ST00373" HPOS="121" VPOS="3550" WIDTH="211" HEIGHT="35" CONTENT="comme" WC="1.00" CC="02000"/>
						<SP ID="P19_SP00332" HPOS="332" VPOS="3585" WIDTH="26"/>
						<String ID="P19_ST00374" HPOS="358" VPOS="3552" WIDTH="79" HEIGHT="35" CONTENT="un" WC="0.51" CC="90"/>
						<SP ID="P19_SP00333" HPOS="437" VPOS="3587" WIDTH="22"/>
						<String ID="P19_ST00375" HPOS="459" VPOS="3533" WIDTH="195" HEIGHT="54" CONTENT="souffle" WC="0.99" CC="0162220"/>
						<SP ID="P19_SP00334" HPOS="654" VPOS="3587" WIDTH="26"/>
						<String ID="P19_ST00376" HPOS="680" VPOS="3536" WIDTH="110" HEIGHT="51" CONTENT="très" WC="0.97" CC="1540"/>
						<SP ID="P19_SP00335" HPOS="790" VPOS="3587" WIDTH="27"/>
						<String ID="P19_ST00377" HPOS="817" VPOS="3535" WIDTH="148" HEIGHT="68" CONTENT="léger" WC="0.98" CC="04605"/>
						<SP ID="P19_SP00336" HPOS="965" VPOS="3603" WIDTH="32"/>
						<String ID="P19_ST00378" HPOS="997" VPOS="3535" WIDTH="66" HEIGHT="50" CONTENT="de" WC="1.00" CC="00"/>
						<SP ID="P19_SP00337" HPOS="1063" VPOS="3603" WIDTH="27"/>
						<String ID="P19_ST00379" HPOS="1090" VPOS="3533" WIDTH="146" HEIGHT="52" CONTENT="brise" WC="0.99" CC="71200"/>
						<SP ID="P19_SP00338" HPOS="1236" VPOS="3603" WIDTH="27"/>
						<String ID="P19_ST00380" HPOS="1263" VPOS="3535" WIDTH="158" HEIGHT="52" CONTENT="d'été." WC="1.00" CC="002003"/>
						<SP ID="P19_SP00339" HPOS="1421" VPOS="3603" WIDTH="28"/>
						<String ID="P19_ST00381" HPOS="1449" VPOS="3532" WIDTH="345" HEIGHT="65" CONTENT="Seulement," WC="1.00" CC="0002000003"/>
						<SP ID="P19_SP00340" HPOS="1794" VPOS="3603" WIDTH="36"/>
						<String ID="P19_ST00382" HPOS="1830" VPOS="3535" WIDTH="78" HEIGHT="52" CONTENT="les" WC="1.00" CC="000"/>
						<SP ID="P19_SP00341" HPOS="1908" VPOS="3603" WIDTH="21"/>
						<String ID="P19_ST00383" HPOS="1929" VPOS="3536" WIDTH="172" HEIGHT="55" CONTENT="fortes" WC="1.00" CC="031000"/>
					</TextLine>
					<TextLine ID="P19_TL00044" HPOS="120" VPOS="3608" WIDTH="1983" HEIGHT="70">
						<String ID="P19_ST00384" HPOS="120" VPOS="3610" WIDTH="349" HEIGHT="67" CONTENT="aspirations," WC="0.99" CC="307360023000"/>
						<SP ID="P19_SP00342" HPOS="469" VPOS="3677" WIDTH="35"/>
						<String ID="P19_ST00385" HPOS="504" VPOS="3611" WIDTH="78" HEIGHT="51" CONTENT="les" WC="1.00" CC="000"/>
						<SP ID="P19_SP00343" HPOS="582" VPOS="3677" WIDTH="44"/>
						<String ID="P19_ST00386" HPOS="626" VPOS="3608" WIDTH="326" HEIGHT="54" CONTENT="ascensions" WC="1.00" CC="0000400060"/>
						<SP ID="P19_SP00344" HPOS="952" VPOS="3677" WIDTH="34"/>
						<String ID="P19_ST00387" HPOS="986" VPOS="3608" WIDTH="287" HEIGHT="68" CONTENT="sublimes," WC="0.99" CC="050500004"/>
						<SP ID="P19_SP00345" HPOS="1273" VPOS="3677" WIDTH="49"/>
						<String ID="P19_ST00388" HPOS="1322" VPOS="3608" WIDTH="98" HEIGHT="70" CONTENT="qui" WC="0.98" CC="050"/>
						<SP ID="P19_SP00346" HPOS="1420" VPOS="3678" WIDTH="45"/>
						<String ID="P19_ST00389" HPOS="1465" VPOS="3621" WIDTH="226" HEIGHT="56" CONTENT="partent" WC="0.99" CC="6460002"/>
						<SP ID="P19_SP00347" HPOS="1691" VPOS="3678" WIDTH="42"/>
						<String ID="P19_ST00390" HPOS="1733" VPOS="3626" WIDTH="219" HEIGHT="38" CONTENT="comme" WC="1.00" CC="30000"/>
						<SP ID="P19_SP00348" HPOS="1952" VPOS="3678" WIDTH="55"/>
						<String ID="P19_ST00391" HPOS="2007" VPOS="3615" WIDTH="96" HEIGHT="52" CONTENT="des" WC="1.00" CC="000"/>
					</TextLine>
					<TextLine ID="P19_TL00045" HPOS="121" VPOS="3683" WIDTH="1982" HEIGHT="73">
						<String ID="P19_ST00392" HPOS="121" VPOS="3683" WIDTH="194" HEIGHT="55" CONTENT="flèches" WC="0.98" CC="6660500"/>
						<SP ID="P19_SP00349" HPOS="315" VPOS="3738" WIDTH="33"/>
						<String ID="P19_ST00393" HPOS="348" VPOS="3688" WIDTH="66" HEIGHT="51" CONTENT="de" WC="1.00" CC="00"/>
						<SP ID="P19_SP00350" HPOS="414" VPOS="3739" WIDTH="45"/>
						<String ID="P19_ST00394" HPOS="459" VPOS="3687" WIDTH="112" HEIGHT="66" CONTENT="feu," WC="0.98" CC="0060"/>
						<SP ID="P19_SP00351" HPOS="571" VPOS="3753" WIDTH="36"/>
						<String ID="P19_ST00395" HPOS="607" VPOS="3687" WIDTH="79" HEIGHT="51" CONTENT="les" WC="0.98" CC="500"/>
						<SP ID="P19_SP00352" HPOS="686" VPOS="3753" WIDTH="41"/>
						<String ID="P19_ST00396" HPOS="727" VPOS="3684" WIDTH="368" HEIGHT="72" CONTENT="palpitations" WC="1.00" CC="002000001430"/>
						<SP ID="P19_SP00353" HPOS="1095" VPOS="3756" WIDTH="43"/>
						<String ID="P19_ST00397" HPOS="1138" VPOS="3684" WIDTH="438" HEIGHT="70" CONTENT="inexprimables" WC="0.99" CC="4709050040400"/>
						<SP ID="P19_SP00354" HPOS="1576" VPOS="3756" WIDTH="41"/>
						<String ID="P19_ST00398" HPOS="1617" VPOS="3684" WIDTH="98" HEIGHT="70" CONTENT="qui" WC="0.98" CC="040"/>
						<SP ID="P19_SP00355" HPOS="1715" VPOS="3756" WIDTH="40"/>
						<String ID="P19_ST00399" HPOS="1755" VPOS="3687" WIDTH="252" HEIGHT="56" CONTENT="animent" WC="0.99" CC="0050050"/>
						<SP ID="P19_SP00356" HPOS="2007" VPOS="3756" WIDTH="46"/>
						<String ID="P19_ST00400" HPOS="2053" VPOS="3692" WIDTH="50" HEIGHT="51" CONTENT="la" WC="0.73" CC="50"/>
					</TextLine>
					<TextLine ID="P19_TL00046" HPOS="122" VPOS="3761" WIDTH="1982" HEIGHT="71">
						<String ID="P19_ST00401" HPOS="122" VPOS="3762" WIDTH="258" HEIGHT="69" CONTENT="musique" WC="0.99" CC="1500060"/>
						<SP ID="P19_SP00357" HPOS="380" VPOS="3831" WIDTH="61"/>
						<String ID="P19_ST00402" HPOS="441" VPOS="3763" WIDTH="135" HEIGHT="52" CONTENT="d'un" WC="0.98" CC="0063"/>
						<SP ID="P19_SP00358" HPOS="576" VPOS="3831" WIDTH="45"/>
						<String ID="P19_ST00403" HPOS="621" VPOS="3761" WIDTH="336" HEIGHT="67" CONTENT="Palestrina," WC="0.78" CC="07200063040"/>
						<SP ID="P19_SP00359" HPOS="957" VPOS="3831" WIDTH="55"/>
						<String ID="P19_ST00404" HPOS="1012" VPOS="3761" WIDTH="135" HEIGHT="53" CONTENT="d'un" WC="0.96" CC="0378"/>
						<SP ID="P19_SP00360" HPOS="1147" VPOS="3831" WIDTH="52"/>
						<String ID="P19_ST00405" HPOS="1199" VPOS="3761" WIDTH="262" HEIGHT="67" CONTENT="Soriano," WC="0.77" CC="01500630"/>
						<SP ID="P19_SP00361" HPOS="1461" VPOS="3831" WIDTH="56"/>
						<String ID="P19_ST00406" HPOS="1517" VPOS="3761" WIDTH="134" HEIGHT="53" CONTENT="d'un" WC="0.99" CC="0060"/>
						<SP ID="P19_SP00362" HPOS="1651" VPOS="3831" WIDTH="46"/>
						<String ID="P19_ST00407" HPOS="1697" VPOS="3762" WIDTH="264" HEIGHT="70" CONTENT="Victoria," WC="0.99" CC="600025072"/>
						<SP ID="P19_SP00363" HPOS="1961" VPOS="3832" WIDTH="66"/>
						<String ID="P19_ST00408" HPOS="2027" VPOS="3768" WIDTH="77" HEIGHT="51" CONTENT="les" WC="1.00" CC="000"/>
					</TextLine>
				</TextBlock>
				<TextBlock ID="P19_TB00004" HPOS="1930" VPOS="3855" WIDTH="54" HEIGHT="39" STYLEREFS="TXT_5 PAR_RIGHT">
					<TextLine ID="P19_TL00047" HPOS="1934" VPOS="3857" WIDTH="50" HEIGHT="37">
						<String ID="P19_ST00409" HPOS="1934" VPOS="3857" WIDTH="20" HEIGHT="37" CONTENT="3" WC="0.40" CC="5"/>
						<SP ID="P19_SP00364" HPOS="1954" VPOS="3894" WIDTH="12"/>
						<String ID="P19_ST00410" HPOS="1966" VPOS="3871" WIDTH="18" HEIGHT="23" CONTENT="2" WC="0.29" CC="7"/>
					</TextLine>
				</TextBlock>
				<TextBlock ID="P19_TB00005" HPOS="240" VPOS="3860" WIDTH="452" HEIGHT="34" STYLEREFS="TXT_6 PAR_LEFT">
					<TextLine ID="P19_TL00048" HPOS="240" VPOS="3864" WIDTH="449" HEIGHT="28">
						<String ID="P19_ST00411" HPOS="240" VPOS="3865" WIDTH="45" HEIGHT="24" CONTENT="LE" WC="0.56" CC="52"/>
						<SP ID="P19_SP00365" HPOS="285" VPOS="3889" WIDTH="28"/>
						<String ID="P19_ST00412" HPOS="313" VPOS="3864" WIDTH="181" HEIGHT="28" CONTENT="MERCURE" WC="0.98" CC="2642654"/>
						<SP ID="P19_SP00366" HPOS="494" VPOS="3892" WIDTH="28"/>
						<String ID="P19_ST00413" HPOS="522" VPOS="3865" WIDTH="167" HEIGHT="27" CONTENT="MUSICAL" WC="0.98" CC="3347470"/>
					</TextLine>
				</TextBlock>
			</PrintSpace>
		</Page>
	</Layout>
</alto>
