2283 4155
196 187 94 44 472

909 190 59 30 LE
1003 189 242 32 MERCURE
1279 189 220 31 MUSICAL

200 397 311 53 brouillard
557 396 134 52 était
740 396 188 52 moins
975 397 241 66 intense,
1264 415 78 34 un
1367 397 141 52 tissu
1557 410 197 39 savant
1795 397 179 52 formé
2006 398 66 51 de
2118 401 85 55 fils

196 473 281 69 féeriques
501 471 46 53 si
568 475 165 50 ténus
759 473 171 69 qu'un
958 473 194 52 souffle
1176 475 79 49 les
1282 473 345 70 dissiperait.
1656 473 343 52 L'immense
2024 476 148 53 cathé-

195 548 152 54 drale
375 547 290 71 anglicane
693 567 106 36 aux
823 550 205 53 teintes
1053 550 212 64 noires,
1303 567 79 36 un
1415 569 108 52 peu
1559 551 219 65 lourde,
1809 569 77 35 un
1919 569 108 52 peu
2054 570 109 37 mas-

196 624 135 66 sive,
361 630 255 48 écrasant
656 626 67 52 de
767 643 106 35 son
897 626 166 70 poids
1096 627 78 52 les
1217 627 269 52 colonnes
1532 628 67 51 de
1641 628 249 65 l'entrée,
1919 628 284 56 s'enlevait

197 703 203 50 devant
418 718 146 37 nous
588 721 130 34 sans
740 717 127 56 trop
902 704 67 51 de
1004 703 249 67 charme,
1282 718 52 39 et
1361 703 48 69 je
1436 704 83 54 vis
1549 722 107 52 que
1691 721 137 37 mon
1853 704 115 54 ami
1994 707 180 69 parais-

197 777 107 52 sait
328 783 344 48 mécontent.
700 781 165 52 Nous
891 786 310 47 entrâmes.

267 854 78 51 Le
390 853 211 55 service
640 857 135 51 était
801 861 349 62 commencé,
1188 875 93 34 car
1314 875 78 35 un
1430 856 261 53 ministre
1729 875 68 34 en
1824 858 135 70 long
1998 859 203 69 surplis

197 929 163 52 blanc
398 943 53 40 et
482 948 71 35 en
583 932 230 66 favoris,
848 933 210 51 debout
1093 933 205 51 devant
1339 951 75 34 un
1451 933 247 70 pupitre,
1739 938 28 47 à
1800 934 215 69 gauche
2049 936 66 50 de
2153 937 47 52 la

197 1007 99 52 nef
314 1008 264 60 centrale,
619 1008 151 53 lisait
806 1011 52 50 la
891 1009 179 65 Bible,
1107 1009 165 54 d'une
1297 1011 130 52 voix
1457 1011 169 67 lente,
1658 1023 329 52 monotone,
2021 1013 178 67 réglée

196 1101 69 34 au
306 1088 381 63 métronome,
727 1103 129 35 sans
883 1084 300 54 inflexions
1216 1085 58 54 ni
1300 1103 270 47 nuances,
1613 1104 129 35 sans
1782 1106 78 34 un
1902 1087 274 54 tressaille-

195 1172 179 54 ment,
403 1160 57 52 ni
477 1162 139 50 dans
644 1163 49 51 le
718 1162 169 52 verbe
915 1162 58 52 ni
996 1163 141 51 dans
1164 1163 47 51 le
1231 1176 173 57 geste.
1427 1163 210 68 Quand
1662 1163 35 52 il
1724 1178 96 38 eut
1841 1164 119 65 fini,
1991 1164 209 71 l'orgue

197 1237 215 52 sembla
451 1239 282 69 répondre
771 1256 80 35 un
1625 1240 174 51 Amen
1096 1239 296 70 prolongé.
1430 1240 108 51 Les
1583 1253 183 53 notes,
1809 1240 234 54 d'abord
2091 1244 109 51 très

197 1313 228 61 douces,
446 1314 128 69 puis
597 1314 129 70 plus
751 1314 193 58 fortes,
966 1315 343 54 inondèrent
1330 1333 104 53 peu
1455 1319 29 48 à
1500 1333 110 53 peu
1634 1317 256 67 l'édifice,
1917 1318 249 53 bourdon-

195 1402 139 39 nant
359 1390 141 51 dans
540 1390 79 51 les
652 1390 179 68 coins,
859 1393 413 52 s'enroulèrent
1307 1395 140 50 dans
1480 1394 49 51 le
1554 1394 167 52 dôme
1753 1395 137 51 doré
1917 1395 74 52 où
2017 1413 74 34 on
2123 1397 77 53 les

197 1465 257 52 entendit
488 1484 57 33 se
578 1469 203 66 perdre
812 1482 13 52 ;
869 1468 147 70 puis,
1046 1480 124 41 tout
1198 1473 29 47 à
1260 1487 168 52 coup,
1455 1488 58 34 ce
1546 1470 86 54 fut
1664 1488 222 36 comme
1923 1489 79 36 un
2035 1472 139 71 gicle-

196 1555 157 37 ment
395 1541 66 52 de
502 1541 130 52 voix
657 1543 342 66 enfantines,
1028 1544 289 68 agréables
1349 1558 55 39 et
1427 1546 273 65 flexibles,
1737 1548 99 68 qui
1861 1548 337 68 montaient,

193 1619 168 49 d'une
395 1618 299 52 ascension
726 1619 339 68 passionnée
1090 1633 14 53 ;
1148 1623 247 50 d'autres
1437 1621 131 54 voix
1615 1623 249 53 fusaient
1905 1626 68 51 de
2012 1638 187 41 toutes

193 1706 177 55 parts,
404 1710 57 33 se
500 1693 236 66 mêlant,
771 1694 219 70 fuyant,
1037 1694 310 54 s'unissant
1400 1715 221 36 comme
1663 1700 79 51 les
1795 1718 209 53 vagues
2049 1703 67 52 de
2149 1704 50 52 la

193 1785 124 35 mer
348 1785 73 35 ou
455 1785 221 37 comme
703 1770 80 51 les
809 1770 404 52 exclamations
1239 1773 167 52 d'une
1438 1773 150 53 foule
1622 1790 131 37 mue
1789 1793 100 52 par
1918 1794 80 34 un
2031 1779 140 53 senti-

193 1858 162 38 ment
414 1845 237 68 unique,
709 1846 145 52 mais
908 1847 73 53 où
1032 1846 219 54 chacun
1298 1850 411 69 s'exprimerait
1740 1854 31 49 à
1818 1870 61 33 sa
1930 1854 266 54 manière.

192 1920 200 52 Abrité
432 1920 247 53 derrière
704 1922 50 52 le
799 1922 264 54 tombeau
1103 1925 75 49 du
1206 1925 108 52 duc
1353 1926 67 52 de
1447 1926 381 71 Wellington,
1858 1944 338 56 somptueux

191 1999 347 50 revêtement
552 1997 67 52 de
639 1997 334 54 misérables
987 2013 193 53 restes,
1194 2000 48 67 je
1260 2001 197 53 frémis
1475 2002 292 55 d'instinct
1785 2009 29 48 à
1832 2023 91 35 ces
1946 2023 218 38 accents
2181 2025 10 37 :

188 2071 191 69 j'avais
406 2089 251 38 reconnu
1229 2075 33 51 Y
1265 2075 244 53 Alléluia
1008 2076 67 52 de
1095 2076 52 52 la
1465 2077 180 54 Cde
1646 2081 326 70 Haydn...
1973 2082 168 69 Puis,
2142 2103 46 52 gra-

190 2148 368 65 duellement,
595 2162 141 41 cette
762 2151 295 70 explosion
1104 2152 250 55 fervente
1381 2169 168 56 parut
1574 2157 288 70 s'apaiser,
1903 2160 131 70 plus
2071 2178 91 36 con-

187 2237 191 54 tenue,
406 2226 127 68 plus
560 2240 322 56 reposante,
902 2241 53 38 et
978 2246 59 35 se
1062 2228 247 54 termina
1333 2231 142 52 dans
1496 2249 82 38 un
1603 2232 210 55 silence
1830 2235 101 71 qui
1957 2237 234 54 donnait

187 2301 98 51 des
319 2307 358 65 avant-goûts
696 2305 309 53 d'extase...
1028 2306 207 53 L'écho
1262 2307 96 52 des
1383 2310 146 62 voix,
1564 2311 176 53 marié
1775 2330 106 36 aux
1905 2314 286 54 dernières

186 2377 264 53 roulades
484 2380 69 52 de
585 2380 235 71 l'orgue,
851 2399 126 35 erra
1010 2400 202 35 encore
1256 2386 141 52 dans
1434 2386 52 53 la
1518 2387 103 54 nef
1636 2406 149 52 pour
1808 2390 306 71 prolonger
2143 2394 48 52 le

186 2452 388 56 saisissement
595 2456 98 68 qui
718 2474 146 35 nous
889 2458 195 55 tenait.
1110 2460 78 50 Le
1213 2460 264 54 ministre
1499 2477 260 40 remonta
1783 2468 30 50 à
1842 2484 103 34 son
1966 2467 225 70 pupitre

185 2542 53 40 et
271 2531 117 51 s'en
427 2531 123 53 vint
592 2532 165 52 relire
801 2550 77 35 un
911 2552 260 37 nouveau
1215 2537 251 70 chapitre
1505 2541 69 51 de
1615 2541 53 52 la
1711 2541 182 67 Bible,
1935 2543 146 54 celui
2119 2546 70 52 où

181 2604 186 68 Jésus,
399 2606 419 71 triomphateur
859 2609 302 70 pacifique,
1197 2612 249 55 s'avance
1484 2634 129 35 vers
1648 2618 321 54 Jérusalem
2006 2621 184 53 tandis

182 2697 111 53 que
313 2681 48 52 le
388 2683 203 69 peuple
619 2683 302 55 l'acclame.
947 2686 45 52 Il
1014 2703 37 52 y
1067 2701 95 39 eut
1190 2689 276 70 quelques
1493 2691 357 57 invocations
1872 2712 99 38 sur
1993 2714 79 36 un
2093 2711 96 39 ton

182 2757 117 51 lent
329 2771 55 39 et
406 2758 269 53 nasillard
705 2773 14 55 ;
754 2761 128 69 puis
910 2762 49 52 le
983 2763 199 53 chœur
1218 2769 229 51 exécuta
1480 2768 274 71 l'hymne:
1795 2772 82 52 Le
1917 2773 274 71 Seigneur

210 2841 81 44 est
449 2852 124 34 mon
766 2843 215 61 pasteur...,
982 2856 108 35 œuvre
1091 2858 75 35 un
1209 2860 110 50 peu
1352 2843 212 55 mièvre
1612 2861 53 38 et
1709 2848 68 52 de
1811 2855 163 64 grâce
2018 2851 143 53 senti-

182 2912 268 62 mentale,
486 2928 266 37 romance
794 2914 320 71 religieuse.
1171 2917 78 52 Et
1288 2918 261 69 toujours
1602 2941 90 34 ces
1744 2924 170 70 petits
1975 2927 211 70 gosiers

181 2985 67 51 de
304 2987 250 69 soprani,
590 2988 226 70 lançant
863 3008 131 36 avec
1039 3009 304 39 assurance
1390 2997 124 53 leur
1555 2999 174 69 petite
1777 3001 125 53 voix
1954 3021 125 35 vers
2138 3004 47 52 le

179 3060 171 54 ciel...

251 3138 209 67 Quand
492 3156 148 38 nous
667 3145 287 65 sortîmes,
982 3144 50 53 le
1066 3145 311 56 brouillard
1411 3152 148 52 avait
1594 3154 442 70 complètement
2076 3157 83 53 dis-

177 3230 140 53 paru
340 3228 13 53 5
389 3220 185 49 même
614 3234 79 37 un
736 3218 186 54 mince
967 3238 179 53 rayon
1190 3225 68 52 de
1291 3224 183 70 soleil,
1519 3228 134 53 bien
1677 3230 148 69 pâle,
1861 3232 131 53 bien
2021 3233 161 67 jaune

265 3291 49 51 le
338 3291 217 54 sourire
578 3294 135 53 d'un
741 3297 353 69 poitrinaire,
1218 3319 56 35 se
1301 3302 241 69 risquait
1566 3322 98 37 sur
1684 3307 54 52 la
1761 3308 148 56 ville.
1940 3309 91 54 En
2064 3310 117 64 bas,

176 3365 52 53 la
267 3385 100 35 rue
399 3369 343 67 descendait,
779 3373 207 53 faisant
1020 3392 113 37 une
1159 3392 169 54 pente
1362 3396 155 36 assez
1542 3382 177 68 raide,
1754 3385 52 51 la
1842 3385 245 55 hauteur
2116 3387 65 53 de

177 3444 403 71 Ludgate-Hill
613 3449 141 52 dont
780 3449 337 57 Saint-Paul
1141 3472 209 53 occupe
1389 3455 49 54 le
1465 3473 246 39 sommet
1744 3473 15 55 ;
1794 3463 99 52 des
1918 3462 263 54 omnibus

174 3520 230 55 allaient
425 3535 53 41 et
498 3524 285 68 venaient,
817 3528 235 71 chargés
1093 3531 67 51 de
1193 3531 173 67 foule,
1401 3548 54 39 et
1493 3535 185 54 c'était
1709 3538 315 71 l'agitation
2055 3556 96 38 cou-

174 3598 262 62 tumière,
484 3600 275 55 fiévreuse
799 3617 54 38 et
886 3604 320 57 inlassable.
1236 3631 24 25 «
1293 3609 160 53 Hum
1483 3614 11 50 I
1549 3613 59 51 fit
1640 3629 137 36 mon
1800 3615 133 63 ami,
1961 3632 216 38 comme

176 3689 146 51 pour
356 3678 263 68 rappeler
662 3697 109 35 une
799 3680 347 71 impression
1178 3686 247 68 pénible,
1455 3688 47 63 je
1535 3689 185 53 crains
1745 3690 112 55 fort
1898 3712 109 52 que
2039 3704 138 43 cette

174 3749 267 69 musique
484 3769 70 36 ne
594 3771 311 54 provoque,
940 3758 136 53 chez
1113 3777 60 36 ce
1213 3764 226 68 peuple,
1475 3764 53 52 la
1568 3766 445 58 sentimentalité
2058 3768 96 56 reli-
