3454 4437
1660 180 97 54 372

98 354 55 33 an
182 333 229 69 Ophelien
437 331 257 52 erinnernd.
726 329 81 50 Mit
830 328 103 50 dem
959 323 410 55 Mondscheinlicht
1397 323 54 50 ist
1482 340 50 33 es
1556 321 116 52 auch

102 418 163 51 nichts.
300 417 164 51 Haben
483 417 75 48 Sie
590 431 263 51 vergessen,
886 412 105 49 dass
1023 412 81 49 der
1123 412 89 49 Act
1244 428 51 32 so
1326 408 221 66 anfängt?
1576 408 97 48 Das

103 502 183 51 können
319 501 81 48 wir
431 498 122 52 nicht
586 497 310 51 wiederholen
945 514 45 31 u.
1023 514 34 33 s.
1094 514 56 30 w.
1296 492 255 49 Verzeihen
1598 491 75 49 Sie

101 586 118 49 mein
244 583 428 68 fragmentarisches
693 583 231 50 Gekratze
955 580 94 50 und
1076 580 86 50 den
1190 578 158 57 Tadel,
1380 577 87 50 den
1493 575 68 50 ich
1590 575 84 49 mir

105 667 201 59 erlaube,
350 667 90 48 und
474 666 81 49 der
587 666 225 51 vielleicht
844 682 81 51 gar
966 662 313 52 unfreundlich
1312 660 220 57 aussieht,
1564 657 110 51 aber

106 751 165 69 gewiss
303 751 123 50 nicht
458 769 50 33 so
541 752 204 66 gemeint
775 751 72 50 ist.
878 749 251 67 Uebrigens
1164 747 109 68 geht
1305 762 48 33 es
1385 745 83 49 mir
1499 743 175 59 besser,

107 836 66 50 als
205 835 70 49 ich
306 844 233 42 erwarten
579 836 187 57 konnte,
811 835 69 48 bei
919 832 86 51 den
1048 830 352 68 unglaublichen
1434 827 242 68 Fatiguen,

108 919 70 50 die
209 919 70 49 ich
310 917 132 54 habe.
535 917 285 52 Schliesslich
845 916 185 50 möchte
1060 915 67 49 ich
1154 915 74 48 Sie
1259 912 117 51 noch
1400 911 129 50 recht
1554 911 96 50 drin-

105 1003 118 68 gend
256 1001 165 61 bitten,
452 1020 141 35 unser
625 1003 151 52 Werk
808 1000 125 51 nicht
962 1016 52 33 so
1044 999 162 50 Vielen
1239 995 325 52 mitzutheilen.
1598 994 78 50 Sie

105 1088 99 49 sind
230 1088 169 67 arglos.
431 1089 76 48 Ich
533 1088 163 66 jedoch
729 1084 116 51 habe
878 1085 140 50 schon
1049 1081 169 51 bittere
1241 1081 323 65 Erfahrungen
1597 1095 52 51 ge-

107 1170 169 52 macht.
305 1171 103 50 Man
436 1170 178 50 erlaubt
643 1169 90 49 sich
751 1168 204 49 Urtheile
983 1166 58 50 im
1061 1166 197 57 Voraus,
1289 1164 119 51 ohne
1439 1163 70 49 ein
1527 1161 150 51 Recht

107 1254 114 51 dazu
258 1273 51 30 zu
345 1254 163 57 haben,
541 1254 78 49 das
652 1272 85 31 nur
770 1270 81 32 aus
886 1250 101 51 dem
1020 1250 186 50 Ganzen

232 1339 83 47 Die
347 1356 70 30 am
447 1338 216 49 Schlüsse
698 1337 147 49 dieses
863 1335 172 50 Briefes
1056 1338 299 62 geäusserten
1375 1330 301 66 Besorgnisse

111 1420 216 52 Weber's
361 1438 152 33 waren
548 1422 122 49 nicht
706 1420 239 68 grundlos.
991 1418 202 66 Wenige
1223 1418 127 65 Tage
1382 1419 170 65 später,
1588 1413 88 51 den

108 1505 51 52 2.
178 1504 258 51 December
459 1505 18 49 1
497 1504 137 60 822,
653 1504 179 51 schrieb
853 1521 48 31 er
919 1503 170 49 seinem
1107 1500 336 68 mehrjährigen
1458 1497 218 53 Freunde

108 1589 309 51 Gottfried
452 1589 249 51 Weber:
760 1591 126 57 „Das
917 1588 57 48 ist
1007 1585 116 51 doch
1156 1584 164 51 höchst
1350 1583 190 66 traurig,
1571 1582 103 49 dass

107 1673 70 50 die
209 1673 249 50 Menschen
489 1673 261 67 ungestraft
781 1671 146 50 Diebe
958 1671 95 49 sein
1086 1669 175 50 dürfen.
1306 1667 131 49 Eben
1474 1665 77 50 hat
1583 1705 91 13 ....

108 1757 71 49 die
211 1757 203 49 Partitur
442 1758 172 48 meiner
646 1758 129 66 Oper
822 1756 112 49 nach
968 1753 208 66 England
1204 1751 251 67 geschickt.
1518 1749 158 50 Wenn

110 1842 72 47 Du
216 1839 258 68 überzeugt
516 1839 102 58 bist,
665 1841 101 48 dass
809 1839 79 49 auf
929 1838 103 48 dem
1063 1837 155 65 Wege
1251 1834 233 50 Rechtens
1529 1832 148 51 nichts

110 1923 283 66 anzufangen
426 1923 68 56 ist,
527 1941 50 32 so
610 1923 116 50 kann
759 1922 68 48 ich
861 1921 72 49 die
960 1917 285 71 Spitzbuben
1278 1917 117 49 doch
1427 1916 41 49 in
1510 1914 141 51 öffent-

110 2007 146 51 lichen
275 2007 209 50 Blättern
516 2007 63 50 als
607 2007 154 50 solche
785 2006 225 48 erklären.
1042 2001 221 52 Schreibe
1288 2001 84 49 mir
1390 1999 117 54 doch
1532 1999 145 50 Deine

108 2090 217 66 Meinung
362 2090 225 50 hierüber.
602 2120 52 6 —
676 2090 76 49 Ich
787 2087 115 51 habe
930 2088 95 49 hier
1054 2087 41 48 in
1119 2085 207 49 Dresden
1358 2083 83 50 viel
1474 2083 203 68 gelitten,

110 2173 81 50 viel
214 2173 249 69 gekämpft,
496 2176 90 48 und
621 2175 132 49 weiss
787 2191 92 32 nun
908 2171 281 68 wenigstens
1223 2170 110 58 klar,
1364 2167 85 50 wie
1480 2167 69 51 ich
1580 2166 99 51 hier

112 2256 145 60 stehe,
290 2257 90 50 und
414 2259 119 48 hoffe
564 2259 148 49 nichts
745 2256 142 53 mehr,
933 2256 63 48 als
1029 2271 95 33 was
1155 2253 82 49 mir
1269 2252 164 66 gewiss
1466 2251 69 49 ist.
1584 2251 94 48 Das

112 2341 135 66 ginge
279 2359 92 32 nun
403 2359 56 32 an
491 2341 144 50 einem
668 2340 205 49 fremden
897 2340 117 49 Orte
1037 2337 170 50 wieder
1237 2354 87 32 von
1357 2353 110 31 vorn
1499 2351 69 32 an.
1602 2333 74 50 Ich

112 2422 116 52 habe
247 2424 95 49 hier
360 2424 258 50 Zeitlebens
646 2422 152 52 1800
821 2424 123 49 Thlr.
971 2422 177 50 schwer
1174 2419 114 50 Geld
1321 2435 79 34 vor
1424 2419 79 48 der
1528 2417 150 50 Hand.

113 2509 160 49 Dieses
308 2509 162 49 Gehalt
513 2509 117 51 kann
675 2509 91 48 sich
809 2507 120 51 wohl
963 2506 114 50 auch
1110 2504 219 49 erhöhen.
1390 2505 95 47 Der
1517 2502 162 50 Dienst

112 2593 57 48 ist
201 2593 65 49 oft
296 2591 341 57 beschwerlich,
682 2591 110 50 aber
825 2591 143 66 einige
1002 2591 186 49 Monate
1222 2586 173 50 Urlaub
1427 2586 95 50 sind
1556 2585 122 51 nicht

116 2674 180 51 schwer
329 2694 55 31 zu

239 2759 158 48 Durch
430 2759 122 49 seine
586 2759 218 65 damalige
833 2755 346 51 Kränklichkeit
1217 2754 124 49 ward
1378 2753 179 52 Weber
1590 2769 86 32 von

112 2841 125 51 einer
267 2843 135 48 Reise
430 2843 111 49 nach
568 2843 152 49 Berlin
753 2841 284 67 abgehalten.
1077 2841 116 47 Dort
1225 2847 246 40 erwartete
1503 2838 73 48 ihn
1608 2835 71 50 die

113 2925 238 66 fünfzigste
383 2925 296 66 Vorstellung
710 2925 148 49 seines
891 2923 340 53 Freischützen,
1259 2921 70 49 die
1361 2938 71 30 am
1467 2919 90 49 29.
1588 2919 61 49 De-

112 3009 187 51 cember
339 3009 153 50 1822
527 3012 122 47 Statt
696 3009 118 48 fand.
879 3009 90 47 Das
1000 3005 236 50 Jubiläum
1278 3004 146 48 seiner
1456 3004 129 66 Oper
1625 3021 52 30 zu

112 3093 155 56 feiern,
303 3111 95 31 war
428 3094 89 47 ihm
553 3094 118 48 nicht
708 3097 217 62 gegönnt.
973 3092 62 47 Er
1065 3090 170 49 konnte
1268 3089 79 47 der
1383 3087 298 66 Vorstellung

111 3177 123 49 nicht
270 3177 287 56 beiwohnen,
604 3196 52 28 zu
705 3177 80 48 der
832 3175 73 49 ihn
953 3174 81 48 der
1075 3173 245 49 Intendant
1363 3172 80 48 der
1485 3169 196 50 berliner

115 3261 176 54 Bühne,
334 3261 82 48 der
449 3261 113 48 Graf
588 3278 107 31 von
732 3258 194 55 Brühl,
973 3257 267 66 eingeladen
1288 3255 137 49 hatte.
1489 3254 72 48 An
1608 3253 71 48 die

116 3344 212 49 Freunde
362 3343 89 50 und
486 3343 246 55 Verehrer,
766 3343 67 48 die
868 3342 90 48 sich
991 3341 110 48 nach
1124 3338 300 66 Beendigung
1452 3335 81 50 der
1551 3337 130 65 Oper

116 3445 53 31 zu
202 3428 145 48 einem
378 3427 261 49 Festmahle
662 3426 291 49 versammelt
977 3424 173 56 hatten,
1180 3422 191 49 richtete
1390 3419 179 51 Weber
1601 3419 80 49 das

116 3511 326 66 nachfolgende
460 3509 276 51 Schreiben:
780 3508 192 59 „Wenn
1000 3507 42 65 ja
1075 3507 81 49 der
1176 3506 212 49 Wunsch
1418 3521 53 32 zu
1499 3502 180 66 billigen

117 3610 111 38 war,
259 3595 78 48 des
365 3596 283 47 Fortunatus
672 3591 388 52 YVünschhütlein
1094 3609 51 29 zu
1181 3587 216 55 besitzen,
1429 3603 50 32 so
1513 3586 169 48 konnte

118 3692 50 31 er
196 3677 163 65 gewiss
386 3676 295 49 Niemandem
715 3675 204 66 weniger
949 3681 183 57 verargt
1164 3671 199 57 werden,
1395 3670 65 49 als
1486 3668 83 48 mir
1595 3670 58 46 Ar-

120 3775 120 41 men,
270 3760 199 49 Reichen
599 3776 158 50 wegen
792 3760 78 48 des
902 3757 215 50 Grundes
1150 3755 146 49 seiner
1329 3752 352 64 Verzweiflung,

117 3841 512 66 Beneidenswi'irdigen.
752 3841 156 49 Durch
941 3840 100 49 eine
1071 3838 147 50 Reihe
1249 3854 89 33 von
1368 3835 172 49 Jahren
1574 3833 108 50 habt

118 3926 83 57 ihr,
235 3926 164 48 theure
445 3926 343 55 Versammelle,
831 3926 84 47 mir
957 3941 50 32 so
1041 3922 200 50 zahllose
1270 3920 207 49 Beweise
1507 3917 175 67 inniger

117 4009 320 54 Theilnahme,
483 4005 230 51 hebender
742 4007 245 50 Nachsicht
1030 4006 92 48 und
1155 4014 156 39 treuer
1348 4001 334 50 Freundschaft

118 4094 227 66 gegeben,
393 4090 108 51 habt
548 4090 84 49 den
667 4091 62 48 oft
762 4090 339 49 wunderlichen
1134 4090 129 48 Kauz
1296 4104 51 33 so
1380 4101 110 51 gern
1523 4085 130 66 gehät-

118 4178 157 58 schelt,
322 4174 266 66 ermuthigt,
635 4171 202 51 erhoben
883 4172 91 50 und
1019 4172 91 49 ihm
1154 4171 69 51 die
1267 4169 144 50 rauhe
1455 4169 124 49 Bahn
1626 4185 53 31 zu

1771 321 151 52 ebnen
1955 321 209 66 gesucht,
2209 321 104 52 dass
2345 338 49 33 er
2426 337 47 33 es
2505 317 122 51 wohl
2669 317 68 49 für
2779 315 99 50 eine
2911 314 146 51 seiner
3090 315 245 54 schönsten

1771 407 214 48 Freuden
2013 406 80 48 auf
2120 406 156 50 Erden
2309 406 151 49 hallen
2492 403 165 57 dürfte,
2700 402 85 49 den
2820 399 180 57 Abend,
3033 399 86 50 den
3154 401 68 48 ihr
3253 403 63 47 sei-

1770 507 104 33 nem
1919 488 258 51 Andenken
2223 489 155 56 weiht,
2425 487 142 52 durch
2613 486 81 49 des
2728 483 414 52 Wünschhütleins
3183 484 155 52 Macht

1771 575 101 49 eine
1898 573 180 51 Stunde
2106 573 41 50 in
2181 591 137 33 eurer
2341 575 132 49 Mitte
2506 573 170 50 hausen
2709 588 54 31 zu
2797 568 178 57 dürfen,
3008 585 75 33 um
3116 568 40 50 in
3189 569 150 49 seiner

1772 667 164 42 treuen
1971 657 289 66 Umarmung
2290 658 116 49 euch
2440 657 150 50 fühlen
2634 655 93 50 und
2758 653 43 50 in
2835 653 154 50 seinen
3022 653 165 66 Augen
3221 653 114 50 euch

1772 743 122 49 lesen
1928 742 149 50 lassen
2121 759 54 31 zu
2209 741 199 60 können,
2454 741 85 48 wie
2585 738 114 51 über
2730 737 125 51 Alles
2900 736 300 49 wohlthuend
3245 737 92 48 ihm

1772 827 126 51 diese
1927 826 309 66 Erneuerung
2277 842 51 34 so
2360 825 215 51 manches
2617 821 398 68 unvergesslichen
3046 820 192 50 Abends
3268 822 71 56 ist,

1773 910 82 52 der
1888 909 283 50 einwirkend
2213 909 80 50 auf
2330 909 94 50 sein
2468 925 166 48 ganzes
2667 907 106 50 Sein
2815 924 110 32 war.
3067 906 69 48 Da
3166 922 50 32 es
3243 924 94 32 nun

1772 994 113 50 aber
1916 994 148 50 nichts
2096 991 113 60 hilft,
2241 991 103 51 dass
2375 991 69 50 ich
2477 991 152 67 singe:
2671 990 235 59 „„Wenn
2940 989 68 50 ich
3041 989 67 50 ein
3145 987 193 69 Vöglein

1772 1081 145 47 wär'"
1941 1085 16 20 •
2002 1095 43 33 u.
2067 1094 35 32 s.
2125 1093 59 35 w.
2217 1076 137 50 oder:
2396 1114 17 21 „
2439 1074 214 59 „Samiel,
2838 1081 17 21 u
2897 1074 113 57 rufe,
3042 1071 197 52 welches
3269 1071 69 52 ich

1773 1161 206 52 vollends
2011 1163 70 48 für
2112 1178 82 51 gar
2225 1160 145 51 nichts
2403 1159 136 58 halte,
2586 1175 51 33 so
2676 1157 135 53 weiss
2853 1157 68 50 ich
2956 1157 132 59 doch,
3133 1157 103 50 dass
3269 1156 68 51 ich

1773 1246 83 51 der
1888 1248 301 55 Fortunatus,
2219 1262 133 34 wenn
2371 1243 115 52 auch
2507 1243 118 49 ohne
2656 1243 56 50 W
2713 1244 9 21 7
2728 1240 334 60 ünschhüllein,
3089 1240 89 51 bin.
3207 1243 132 49 Denn

1772 1347 105 33 man
1910 1329 124 67 zeige
2065 1328 87 48 mir
2182 1326 117 51 doch
2331 1328 129 49 einen
2495 1325 195 60 Weber,
2736 1325 80 50 der
2857 1324 153 49 solche
3051 1324 152 67 billige
3246 1325 93 50 und

1773 1414 74 50 ihn
1881 1411 210 51 liebende
2121 1410 291 50 Kaufherren
2448 1411 90 58 hat,
2580 1409 63 51 als
2680 1409 85 57 ich,
2810 1408 69 49 die
2911 1408 79 49 mit
3022 1409 101 48 dem
3156 1409 183 49 Herzen

1775 1497 287 68 empfangen,
2106 1512 97 33 was
2244 1494 80 50 das
2356 1495 123 49 Herz
2521 1494 226 66 gegeben,
2793 1491 92 50 und
2930 1493 70 48 die
3046 1491 134 50 somit
3225 1493 114 48 auch

1771 1598 81 33 aus
1884 1580 153 50 diesen
2070 1580 211 65 wenigen
2318 1579 154 50 Zeilen
2518 1577 86 50 den
2651 1577 180 66 innigen
2865 1575 130 50 Dank
3031 1575 88 50 und
3154 1575 68 50 die
3257 1594 54 32 un-

1772 1663 293 52 wandelbare
2096 1662 154 48 Treue
2293 1663 70 47 für
2404 1662 63 49 sie
2500 1660 321 50 herausfühlen
2869 1658 202 58 werden,
3118 1659 70 48 die
3235 1659 100 51 kein

1770 1749 147 51 Wort
1955 1747 91 49 und
2092 1745 99 50 kein
2219 1745 99 50 Ton
2352 1745 171 51 wieder
2554 1763 55 31 zu
2641 1761 138 49 sagen
2812 1743 57 49 im
2902 1743 172 48 Stande
3107 1742 114 57 sind,
3268 1743 71 49 die

1772 1850 86 31 nur
1890 1832 79 48 das
2003 1829 155 51 Leben
2192 1828 210 50 bewährt
2444 1829 91 50 und
2582 1828 113 50 auch
2745 1845 86 33 nur
2874 1827 78 47 mit
2995 1827 89 48 ihm
3128 1843 84 31 von
3255 1827 84 48 mir

1772 1916 212 49 scheiden

1899 1999 83 49 Die
2013 1996 295 66 Aufführung
2340 1997 80 48 der
2453 1994 264 69 Euryanthe
2759 1994 100 49 fand
2899 2011 68 30 am
3010 1992 87 51 10.
3131 1992 208 51 October

1781 2079 152 54 1823
1969 2082 43 48 in
2044 2079 138 51 Wien
2215 2087 135 42 unter
2382 2077 217 51 Weber's
2634 2078 198 65 Leitung
2863 2078 136 47 Statt.
3055 2077 63 47 Er
3159 2076 179 50 schrieb

1772 2185 56 32 an
1860 2166 54 49 G.
1936 2163 180 52 Weber
2139 2163 88 50 den
2260 2162 17 51 1
2298 2162 48 51 5.
2369 2161 281 51 December:
2693 2161 118 58 „Die
2834 2161 247 66 Wirkung,
3116 2159 68 50 die
3212 2159 125 51 diese

1773 2251 131 66 Oper
1946 2246 337 67 hervorbringt,
2330 2264 96 31 war
2459 2262 113 50 ganz
2605 2264 67 39 so,
2718 2246 85 48 wie
2835 2245 67 48 ich
2935 2243 64 50 sie
3031 2243 82 49 mir
3144 2243 196 66 gedacht

1775 2333 137 50 hatte.
1945 2332 151 50 Meine
2126 2330 355 50 übertriebenen
2514 2331 213 48 Freunde
2759 2328 147 66 gaben
2940 2327 185 50 diesmal
3159 2328 179 49 meinen

1772 2416 199 52 Feinden
1999 2416 70 48 die
2092 2413 151 59 Hand,
2275 2413 149 51 indem
2458 2412 131 51 beide
2619 2413 296 50 lächerlicher
2944 2411 158 49 Weise
3133 2411 181 67 verlang-

1772 2509 93 49 ten,
1896 2500 102 49 dass
2025 2500 70 48 die
2112 2499 265 67 Euryanthe
2401 2497 117 51 eben
2551 2515 49 32 so
2633 2499 70 48 die
2733 2499 205 47 Masse
2970 2495 216 49 anziehen
3213 2495 126 56 solle,

1775 2585 85 49 wie
1894 2582 81 50 der
2002 2582 281 50 Freischütz.
2321 2581 110 51 Wie
2463 2581 223 50 thöricht!
2731 2581 81 47 Als
2844 2579 76 55 ob,
2951 2595 105 33 sans
3085 2580 225 63 comparai-

1780 2687 95 39 son,
1914 2667 98 49 eine
2058 2666 246 68 Iphigenie,
2350 2666 70 48 ein
2465 2665 101 48 Don
2600 2665 158 49 Carlos
2805 2662 236 68 irgendwo
3073 2664 267 63 Zugstücke

1777 2751 250 66 geworden
2059 2755 173 45 wären.
2288 2749 80 48 Die
2402 2749 93 48 drei
2529 2758 152 40 ersten
2717 2747 354 64 Vorstellungen
3104 2746 42 47 in
3184 2746 155 56 Wien,

1777 2835 72 50 die
1881 2834 68 48 ich
1983 2833 216 64 dirigirte,
2232 2831 193 50 wurden
2460 2831 200 49 wirklich
2693 2831 79 49 mit
2806 2830 143 48 einem
2985 2826 352 68 unglaublichen

1777 2916 353 52 Enthusiasmus
2180 2916 376 65 aufgenommen;
2603 2915 68 48 die
2717 2915 155 53 vierte,
2912 2913 69 48 die
3014 2913 66 47 ich
3117 2913 41 48 in
3192 2913 145 48 einem

1776 3000 327 68 Logenvvinkel
2138 3000 146 55 hörte,
2330 2998 115 49 eben
2479 3015 77 41 so;
2603 2998 91 49 und
2727 2999 65 48 ich
2827 2996 158 49 wurde
3019 2995 113 50 auch
3169 2995 169 50 wieder

1776 3084 94 50 drei
1918 3084 86 50 Mal
2054 3083 375 65 herausgerufen,
2476 3083 39 48 in
2549 3083 148 48 Allem
2746 3080 208 51 vierzehn
2984 3078 106 50 Mal.
3149 3079 75 49 Bis
3257 3097 82 31 zur

1776 3168 213 49 zwölften
2023 3167 301 64 Vorstellung
2369 3183 95 31 war
2496 3183 90 32 nun
2620 3165 80 49 der
2733 3164 150 48 Beifall
2919 3164 159 47 immer
3112 3162 226 57 derselbe,

1776 3250 68 50 bei
1879 3250 170 66 mässig
2088 3249 250 50 besetztem
2369 3249 171 50 Hause.
2604 3249 62 48 So
2697 3248 104 49 weil
2832 3248 145 65 gehen
3014 3247 145 49 meine
3189 3247 119 49 Nach-

1773 3333 190 51 richten.
1998 3334 93 48 Der
2115 3333 61 18 ***
2210 3333 76 49 hat
2312 3333 89 48 sich
2430 3333 84 48 wie
2538 3332 68 48 ein
2633 3332 177 48 wahrer
2830 3333 151 47 Becen
3014 3329 325 50 enten-Schult

1776 3416 291 55 benommen,
2109 3416 40 48 in
2178 3416 122 48 seine
2331 3416 211 66 Zeitung,
2575 3416 39 46 in
2647 3414 70 50 die
2749 3414 390 62 Moden-Zeitung
3173 3414 90 47 und
3297 3413 41 48 in

1775 3501 86 49 den
1883 3501 226 49 Sammler
2135 3499 202 65 zugleich
2371 3498 314 66 geschrieben,
2718 3498 90 50 und
2844 3499 218 47 herunter
3095 3515 52 30 zu
3183 3497 155 48 ziehen

1775 3583 209 66 gesucht,
2015 3600 91 31 was
2131 3600 49 30 er
2208 3582 193 56 konnte;
2432 3583 92 50 und
2551 3582 141 49 selbst
2716 3582 69 48 die
2807 3581 231 49 offenbare
3064 3581 127 63 Lüge
3219 3579 121 49 nicht

1776 3667 220 65 gescheut
2041 3667 112 48 oder
2199 3666 167 66 listiges
2401 3666 355 66 Verschweigen
2799 3664 290 66 angewandt,
3136 3681 74 30 um
3254 3663 84 47 den

1777 3750 158 66 Erfolg
1957 3750 80 48 der
2062 3751 130 66 Oper
2223 3750 63 48 als
2319 3748 270 51 zweifelhaft
2608 3747 320 50 darzustellen.
2965 3747 95 48 Auf
3081 3746 112 49 Neid
3215 3761 124 32 muss

1775 3850 104 33 man
1917 3833 169 66 gefasst
2117 3833 108 50 sein.
2284 3833 84 49 Die
2407 3831 262 66 freimüthig
2709 3832 84 48 mir
2824 3830 364 67 dargebrachten
3217 3827 91 50 Ach-

1777 3916 375 66 tungs-Beweise
2195 3916 110 49 aller
2346 3916 238 66 tüchtigen
2618 3915 220 49 Künstler
2878 3913 146 50 haben
3061 3911 118 49 mich
3213 3910 129 49 dafür

1778 4000 331 49 überreichlich

1903 4082 175 50 Ferner
2107 4101 71 32 am
2218 4082 87 50 11.
2332 4080 208 51 October
2577 4080 183 51 1824:
2805 4078 106 59 „Ich
2943 4077 152 57 weiss,
3128 4076 103 51 dass
3264 4077 75 48 Du

1780 4166 116 50 hohe
1924 4167 332 65 Forderungen
2288 4183 54 33 an
2374 4165 71 51 die
2463 4166 152 50 Kunst
2645 4164 161 58 stellst,
2838 4162 101 50 dass
2959 4162 72 49 Du
3056 4160 80 51 das
3163 4160 177 52 Wahre
