3454 4437
1669 171 97 54 370

101 333 55 34 so
188 313 259 67 ergreifend
477 315 78 50 sei.
617 313 180 51 Weber
830 314 230 57 verstand,
1107 315 69 50 ich
1210 315 184 57 meinte,
1440 332 49 33 er
1520 314 152 51 könne

97 399 94 52 sich
223 399 125 51 nicht
376 399 132 50 dahin
539 397 219 58 erheben,
805 399 152 50 wohin
1004 417 51 32 er
1101 399 170 57 strebe,
1317 399 92 51 und
1441 403 155 46 müsse
1625 399 43 51 in

95 483 136 67 jener
247 483 179 67 Sphäre
458 482 193 50 bleiben.
687 483 62 48 Er
782 499 96 33 war
909 483 201 52 darüber
1143 485 163 49 höchst
1338 483 212 49 bestürzt
1582 483 94 49 und

99 567 188 48 verliess
325 564 113 50 mich
476 565 58 49 im
579 565 377 68 aufgeregtesten
981 568 247 51 Zustande.
1263 567 76 49 Ich
1373 565 179 53 schrieb
1583 565 92 51 ihm

103 649 153 68 gleich
299 648 91 50 und
438 666 127 32 muss
608 649 75 50 ihn
717 649 259 70 überzeugt
1007 651 179 57 haben;
1235 652 120 49 denn
1400 651 68 49 ich
1515 649 162 51 erhielt

101 732 146 67 einige
278 732 153 51 Zeilen
472 733 84 51 voll
585 734 313 52 Herzlichkeit
929 736 92 50 und

226 818 90 47 Am
336 816 459 67 Neujahrs-Abende
828 821 124 48 hatte
971 819 208 50 Helmina
1209 837 38 35 v.
1276 819 154 68 Chezy
1455 819 71 51 die
1555 827 122 43 erste

103 898 198 52 Version
334 899 83 50 der
444 901 269 70 Euryanthe
739 903 242 50 vollendet.
1016 902 181 52 Weber
1228 902 136 51 erbot
1394 902 109 58 sich,
1534 902 145 51 selbst

101 982 73 51 die
204 982 241 51 Abschrift
478 1004 54 31 zu
567 986 205 51 machen.
815 987 110 57 „Ich
1169 991 210 46 äusserte
1409 1004 66 40 er,
1517 986 162 58 „recht

105 1067 81 50 viel
219 1068 82 50 mit
332 1068 162 51 Einem
525 1070 157 49 Blicke
713 1070 257 50 übersehen
1005 1072 196 48 können.
1246 1071 76 51 Ich
1352 1071 211 51 schreibe
1593 1071 86 51 mir

104 1150 72 52 die
208 1169 145 50 ganze
383 1152 234 67 Dichtung
647 1156 79 47 auf
753 1155 145 49 Einen
1191 1156 84 50 Die
1308 1155 233 51 Dichterin
1573 1156 103 50 kam

105 1233 94 51 ihm
224 1235 166 67 jedoch
425 1254 137 32 zuvor
599 1236 92 51 und
726 1237 288 51 überreichte
1045 1237 91 51 ihm
1167 1239 101 50 eine
1289 1239 208 49 zierliche
1520 1239 157 67 Copie,

106 1317 71 52 die
209 1335 48 32 er
289 1319 112 49 nach
438 1320 141 49 Wien
612 1321 233 59 mitnahm,
881 1340 72 32 wo
985 1339 51 33 er
1066 1322 88 51 den
1187 1322 266 51 Freischütz
1486 1341 53 31 zu
1572 1322 84 51 diri-

109 1402 127 68 giren
270 1401 126 51 hatte
429 1404 91 49 und
553 1405 79 49 das
665 1406 282 69 Manuscript
979 1406 80 51 der
1093 1407 266 69 Euryanthe
1389 1406 81 51 der
1498 1407 179 50 Censur

106 1484 303 52 überreichen
452 1496 190 42 musste.
703 1490 83 50 Mit
831 1490 333 51 rauschendem
1199 1491 153 51 Beifall
1400 1491 126 50 ward
1572 1490 107 51 dort

104 1569 82 49 der
221 1569 264 51 Freischütz
519 1573 354 66 aufgenommen
918 1574 91 51 und
1042 1574 102 51 fünf
1168 1575 89 50 Mal
1291 1574 70 49 bei
1395 1573 280 52 übervollem

105 1654 158 49 Hause
294 1654 225 67 gegeben.
581 1656 220 51 Weber's
834 1659 149 48 Briefe
1023 1675 82 33 aus
1138 1660 139 50 Wien
1323 1659 232 51 athmeten
1601 1659 71 51 die

109 1736 218 51 heiterste
359 1739 277 67 Stimmung.
711 1744 104 55 „An
848 1744 103 47 dem
1277 1743 174 48 erzählt
1484 1744 118 50 Frau
1637 1762 37 32 v.

109 1819 169 69 Chezy,
320 1821 96 56 „als
438 1823 180 49 Weber
650 1824 169 50 wieder
849 1825 111 49 nach
993 1825 206 50 Dresden
1234 1827 117 55 kam,
1384 1842 95 32 war
1510 1827 68 49 ich
1602 1825 73 52 bei

108 1904 149 50 seiner
289 1905 154 49 Gattin
476 1924 103 31 zum
613 1908 222 57 Besuche,
880 1926 76 31 um
990 1908 116 49 mich
1149 1910 114 50 nach
1296 1909 90 50 ihm
1420 1926 55 33 zu
1507 1910 140 51 erkun-

109 1988 150 67 digen.
294 1989 104 50 Wir
431 1989 164 51 hörten
627 1992 130 49 einen
792 1993 184 66 Wagen
1009 1993 212 51 anhalten
1252 1993 91 51 und
1378 1993 134 52 eilten
1544 1993 132 52 beide

110 2072 230 56 hinunter,
384 2073 102 49 dem
520 2074 328 68 Ankömmling
880 2083 244 60 entgegen.
1186 2077 128 51 Eben
1347 2077 119 67 stieg
1497 2096 51 33 er
1577 2096 97 33 aus.

109 2154 319 51 Schluchzend
462 2155 104 67 hing
604 2158 215 51 Weber's
851 2159 153 50 Gattin
1026 2177 62 33 <an
1121 2161 169 49 seinem
1323 2161 156 59 Halse,
1511 2180 52 33 so
1593 2168 83 61 gut

109 2237 95 52 dies
237 2256 79 32 vor
348 2239 54 49 all
435 2239 88 50 den
555 2242 230 56 Kränzen,
829 2243 211 50 Bändern
1074 2244 89 50 und
1199 2247 248 47 Sträussen
1479 2246 196 66 möglich

109 2338 109 41 war,
257 2322 70 49 die
359 2340 50 31 er
442 2324 42 47 in
519 2324 160 51 beiden
715 2329 174 47 Armen
920 2327 120 49 hielt.
1105 2329 62 49 Er
1211 2328 88 68 gab
1345 2329 63 50 sie
1453 2347 83 32 uns
1583 2328 93 52 und

111 2404 124 51 holte
279 2407 117 48 noch
443 2407 70 49 die
557 2408 192 66 übrigen
791 2429 82 31 aus
917 2411 102 49 dem
1065 2412 202 66 Wagen,
1314 2413 69 50 lür
1414 2413 72 51 die
1525 2430 51 33 er
1607 2413 70 50 die

111 2492 182 64 grösste
312 2489 199 67 Sorgfalt
533 2492 212 67 empfahl.
779 2493 163 51 Heiter
975 2493 91 51 und
1093 2495 180 66 gesund
1294 2514 95 31 war
1413 2514 50 31 er
1484 2496 165 51 zurück-

110 2572 213 67 gekehrt.
381 2575 86 48 Die
500 2576 231 67 Dichtung
764 2578 122 50 hatte
931 2578 221 65 glücklich
1186 2580 70 48 die
1286 2581 179 49 Censur
1498 2581 178 69 passirt.

110 2656 128 49 Nach
271 2656 146 58 allem,
459 2675 94 33 was
589 2660 178 50 Weber
811 2680 85 32 von
933 2662 139 51 Wien
1103 2663 217 60 erzählte,
1362 2669 209 45 äusserte
1606 2663 70 50 ich

113 2740 86 50 den
236 2741 230 56 Wunsch,
497 2742 161 50 einmal
692 2745 179 49 dorthin
905 2764 52 30 zu
992 2747 165 51 reisen.
1214 2749 76 49 Sie
1336 2749 189 49 würden
1571 2746 104 52 Sich

111 2840 55 32 zu
202 2823 128 49 Tode
362 2826 193 64 ärgern!
598 2826 86 50 rief
708 2827 183 51 Weber
923 2829 180 50 lebhaft.
1152 2831 83 48 Die
1271 2831 179 50 Censur
1479 2831 57 48 ist
1564 2831 81 50 omi-

110 2909 109 48 nös!
269 2907 208 50 Glauben
511 2910 75 48 Sic
618 2911 98 56 mir,
750 2911 75 48 Sie
858 2911 181 51 dürften
1075 2912 52 50 da
1162 2915 94 48 sein
1286 2915 92 48 und
1409 2915 44 49 in
1484 2915 71 49 die
1580 2914 75 49 Zei-

113 3000 113 57 tung
245 3001 155 38 setzen
421 2991 181 57 wollen,
633 2995 77 48 Sie
743 2995 185 49 wollten
961 2996 94 48 drei
1092 2997 296 50 Truthühner
1420 2997 179 58 kaufen,
1630 3015 51 33 so

109 3072 189 51 streicht
330 3075 141 48 Ihnen
491 3075 70 48 die
581 3076 177 51 Censur
785 3079 110 48 zwei
922 3077 91 50 und
1036 3086 130 59 sagt:
1197 3081 121 50 Was
1351 3080 88 50 will
1473 3080 68 50 die
1559 3081 120 49 Frau

114 3158 77 49 mit
226 3159 92 48 drei
351 3159 331 51 Truthühnern
715 3163 40 48 in
790 3163 120 48 ihrer
942 3163 174 49 kleinen

238 3243 89 47 Aul
376 3243 80 47 der
497 3244 135 48 Reise
679 3245 113 48 nach
828 3246 139 49 Wien
1016 3246 56 49 im
1103 3248 190 64 Wagen
1339 3249 127 48 hatte
1501 3249 181 60 Wpber

110 3324 158 49 Vieles
301 3342 78 30 aus
415 3325 79 48 der
523 3326 264 68 Euryanthe
815 3329 268 66 componirl.
1140 3330 144 50 Dabei
1334 3348 96 32 war
1473 3331 90 49 ihm
1611 3330 71 50 die

110 3408 407 64 Notwendigkeit
569 3412 123 45 einer
738 3410 331 69 Umarbeitung
1115 3413 80 49 der
1242 3423 265 56 genannten
1550 3415 132 66 Oper

114 3490 95 50 klar
230 3508 78 31 vor
329 3493 166 65 Augen
514 3502 226 56 getreten.
774 3495 47 47 In
856 3494 157 50 einem'
1028 3495 263 65 Gespräche
1323 3498 81 48 mit
1435 3498 82 48 der
1547 3497 107 49 Dich-

113 3574 132 56 terin,
277 3575 71 50 die
378 3575 104 50 dem
518 3577 179 50 Werke
727 3578 130 49 einen
892 3579 362 57 versöhnenden,
1287 3580 229 50 durchaus
1540 3582 114 48 heite-

111 3674 84 32 ren
227 3658 188 49 Schluss
458 3660 208 65 gegeben
702 3660 140 58 hatte,
890 3660 102 49 kam
1026 3662 179 49 Weber
1252 3663 169 49 wieder
1466 3663 79 49 auf
1583 3664 99 48 eine

114 3740 184 51 frühere
330 3743 105 50 Idee
468 3744 187 56 zurück,
698 3744 112 50 nach
856 3744 196 50 welcher
1084 3746 179 67 Lysiart
1305 3747 93 49 und
1442 3747 240 66 Eglantine

111 3843 55 32 zu
195 3826 191 49 Grunde
421 3827 145 65 gehen
597 3832 217 46 müsslen.
848 3828 136 50 Seine
998 3828 245 51 Wünsche
1262 3829 42 50 in
1332 3831 155 64 Bezug
1511 3831 80 49 auf
1611 3831 71 49 die

114 3908 306 66 Umformung
450 3909 79 49 der
550 3911 129 66 Oper
711 3912 187 48 enthielt
931 3911 100 49 eine
1055 3912 88 48 Art
1176 3930 83 31 von
1290 3912 281 58 Scenarium,
1604 3913 77 50 das

111 4011 50 32 er
193 3994 84 49 der
307 3993 236 50 Dichterin
575 4011 70 32 am
680 3996 49 48 9.
765 3994 125 69 April
928 3994 152 51 182*2
1112 3994 200 51 brieflich
1345 3996 252 51 mittheilte.

249 4078 146 56 „liier
670 4078 178 50 schrieb
876 4096 63 36 er,
992 4080 180 58 ,Ihrem
1207 4080 247 50 Wunsche
1486 4083 196 61 gemäss,

115 4162 146 48 meine
294 4161 447 66 Gedankensplitter.
790 4161 213 67 Lysiart's
1037 4162 89 50 und
1162 4162 279 66 Eglantine's
1473 4162 182 51 Erschei-

1773 330 87 35 nen
1893 314 175 66 verjagt
2099 314 70 51 die
2194 313 268 52 Landleute.
2494 311 171 50 Adolar
2698 310 155 51 bleibt.
2886 310 214 50 Terzett:
3134 311 208 68 Heftiger

1771 398 144 51 Zank.
1950 399 339 50 Verschiedene
2321 397 299 52 Grobheiten.
2653 395 174 51 Adolar
2860 394 63 50 als
2955 395 382 60 eontraslirende,

1775 483 188 68 dumpfe
1995 482 359 66 Gegenstimme.
2387 482 215 68 Lysiart's
2634 480 138 50 Hohn
2806 478 212 51 erbittert
3053 478 288 67 Eglantinen,

1775 584 52 34 so
1860 567 103 49 dass
2008 567 63 49 sie
2101 565 126 51 Alles
2270 568 240 48 verrathen
2555 565 90 50 und
2690 563 92 52 sich
2828 563 77 49 mit
2952 563 88 48 ihm
3084 560 254 54 verderben

1775 651 103 52 will.
1908 651 197 68 Lysiart,
2137 649 123 51 frech
2293 651 329 57 entschlossen,
2654 649 117 50 'zieht
2804 648 85 50 den
2908 647 149 49 Dolch
3077 664 148 50 gegen
3252 647 90 58 sie;

1774 734 62 51 sie
1867 736 94 48 ruft
1992 734 154 60 Hülfe,
2185 734 141 60 flieht,
2372 734 174 50 Adolar
2576 733 176 69 springt
2783 732 149 57 hinzu,
2965 731 116 49 doch
3123 731 71 49 die
3223 731 119 50 That

1773 818 59 51 ist
1865 819 275 66 geschehen.
2201 819 100 49 Den
2343 819 171 66 Kampf
2554 818 224 50 zwischen
2811 816 173 50 Adolar
3030 814 90 51 und
3162 814 180 69 Lysiart

1774 903 261 50 verhindert
2066 902 80 51 das
2178 902 424 51 herbeiströmende
2618 901 135 51 Volk.
2786 901 83 49 Die
2903 898 246 52 sterbende
3173 898 140 67 Eglan-

1774 986 95 51 tine
1900 986 204 51 bekennt
2137 986 113 49 kurz,
2283 986 95 48 ihre
2409 986 136 57 That,
2592 985 131 49 mehr
2754 983 319 70 Euryanthens
3107 981 234 52 Unschuld

1774 1070 65 50 als
1869 1071 95 49 ihre
1982 1070 172 52 Schuld
2187 1068 282 69 bezeugend.
2502 1068 78 51 Bei
2612 1068 103 51 dem
2748 1068 169 51 letzten
2932 1070 174 50 Worte
3130 1066 101 52 tritt
3261 1066 81 52 der

1775 1153 151 68 König
1950 1155 80 49 mit
2049 1153 191 68 Gefolge
2265 1153 153 59 hinzu,
2448 1152 174 51 Adolar
2641 1152 89 50 ihm
2748 1160 253 59 entgegen:
3044 1190 18 21 „
3086 1150 228 61 „Unschul-

1774 1237 76 68 dig
1882 1239 57 49 ist
1972 1239 69 49 die
2399 1256 43 32 u.
2469 1255 34 32 s.
2529 1254 56 33 w.
2617 1239 97 48 Der
2744 1236 154 67 König
2928 1236 174 51 schickt
3134 1236 88 51 den
3253 1236 59 69 Ly-

1773 1322 382 50 siartzumTode.
2187 1321 149 51 Chor:
2380 1360 17 20 „
2423 1320 131 58 „Heil
2576 1321 102 50 dem
2965 1336 170 35 u.s.w.
3170 1320 172 51 Adolar

1773 1409 167 45 stürmt
1976 1423 53 31 zu
2062 1405 83 60 ihr,
2178 1405 80 48 der
2288 1404 126 50 Chor
2447 1402 117 51 eben
2596 1421 50 32 so
2679 1404 85 48 voll
2799 1402 227 51 Freuden.
3062 1404 95 48 Der
3189 1404 153 67 König

1773 1489 121 49 steht
1925 1496 127 44 ernst
2082 1489 92 51 und
2208 1487 314 51 entsch'ossen
2556 1487 89 50 und
2679 1487 99 49 tritt
2810 1486 212 69 plötzlich
3057 1486 77 51 mit
3168 1486 174 52 einem:

1784 1611 17 20 „
1826 1574 141 57 „Halt
2208 1571 301 50 dazwischen.
2552 1611 18 19 „
2594 1571 129 57 „Der
2750 1570 182 50 Freude
2960 1571 121 49 Laut
3114 1580 196 42 verstum-

1770 1674 89 41 me,
1889 1655 181 67 gebiete
2103 1655 223 51 männlich
2343 1655 178 50 deinem
2866 1672 173 33 u.s.w.
3074 1655 264 65 Euryanthe

1771 1741 56 50 ist
1858 1741 122 49 nicht
2011 1741 144 51 mehr.
2189 1740 178 50 Ausruf
2394 1739 80 49 des
2491 1739 300 49 Schreckens.
2819 1739 126 49 Tiefe
2964 1738 141 49 Stille.
3138 1739 171 49 Trauer-

1771 1825 146 49 musik
1964 1842 87 32 von
2098 1825 111 49 fern.
2269 1823 267 68 Euryanthe
2578 1823 80 48 auf
2695 1824 124 47 einer
2863 1823 161 54 Bahre,
3072 1821 81 50 mit
3182 1823 156 49 Rosen

1771 1907 313 67 geschmückt.
2118 1907 171 50 Adolar
2321 1924 52 32 zu
2405 1907 127 48 ihren
2569 1908 187 47 Füssen.
2804 1905 183 49 Sanfter
3018 1904 124 50 Chor
3175 1907 42 48 in
3247 1923 61 32 we-

1771 1992 75 66 nig
1868 1992 221 49 Worten.
2123 1992 122 48 Alles
2278 1990 55 50 ist
2362 1989 113 50 über
2505 1989 63 50 sie
2601 1988 216 67 gebeugt.
2848 1988 201 49 Emma's
3076 1989 141 57 Geist,
3255 2006 86 34 von

1771 2075 132 50 Allen
1936 2077 280 63 ungesehen,
2245 2074 207 50 schwebt
2476 2073 113 51 über
2608 2073 295 67 Euryanthen
2926 2091 114 48 weg.
3077 2073 265 67 Euryanthe

1771 2159 178 66 schlägt
1982 2159 70 50 die
2082 2159 166 66 Augen
2281 2159 76 49 auf
2386 2176 43 33 u.
2461 2175 34 31 s.
2529 2175 74 39 w.,
2648 2157 90 49 und
2772 2157 69 49 die
2870 2157 146 49 Sache
3048 2157 57 49 ist
3131 2175 83 33 aus
3246 2157 94 51 und

1773 2249 95 59 gut.
1912 2242 173 49 Könnt'
2115 2242 70 51 ich
2218 2242 115 49 doch
2367 2241 113 49 auch
2514 2258 51 33 so
2598 2241 140 49 schon
2772 2241 112 48 nach
2919 2239 82 50 der
3031 2247 153 43 ersten
3215 2242 91 49 Vor-

1773 2326 200 66 stellung

1894 2408 221 52 Weber's
2160 2408 274 52 Wünschen
2493 2408 160 48 suchte
2700 2406 70 50 die
2814 2407 236 49 Dichterin
3098 2407 243 66 möglichst

1773 2493 407 50 nachzukommen.
2237 2492 75 51 Sie
2347 2492 86 66 gab
2465 2491 89 49 ihm
2588 2492 145 50 dieses
2761 2492 316 66 Versprechen
3111 2491 42 49 in
3186 2492 150 50 seiner

1773 2576 252 49 ländlichen
2043 2577 263 65 Wohnung
2333 2594 50 30 zu
2416 2575 294 49 Hoslerwilz.
2754 2575 106 54 „Ich
2894 2575 107 48 sehe
3032 2591 47 31 es
3111 2573 117 51 noch
3261 2592 81 32 vor

1961 2660 179 49 schrieb
2171 2662 79 48 sie.
2301 2660 113 58 „das
2447 2658 243 55 friedliche,
2735 2658 159 56 kleine,
2937 2658 120 50 dicht
3091 2662 249 61 umgrünte

1774 2745 128 47 Haus
1948 2745 80 47 mit
2074 2745 153 48 seinen
2275 2742 171 51 einfach
2494 2742 372 66 eingerichteten,
2909 2742 433 65 weissgefüncbten,

1775 2825 252 51 ländlichen
2058 2827 244 49 Zimmern.
2361 2827 47 47 In
2442 2825 101 49 dem
2576 2825 127 48 einen
2749 2826 130 48 stand
2913 2825 170 49 unweit
3116 2825 78 48 des
3224 2826 86 48 Fen-

1775 2919 118 40 sters
1910 2910 222 52 Weber'«
2154 2910 188 49 Cla\ier.
2377 2911 81 48 Die
2493 2909 148 50 hohen
2668 2909 295 67 Baumwipfel
2992 2912 212 63 griissten
3238 2914 78 44 säu-

1776 2994 127 49 selnd
1936 2994 164 57 hinein,
2132 2994 95 49 ihre
2244 2996 142 47 Aesle
2406 2992 84 50 voll
2513 2991 371 56 zwitschernder,
2916 2991 242 66 singender
3181 2994 159 66 Vögel.

1774 3076 185 51 Weber
1994 3094 94 32 war
2118 3093 55 33 an
2199 3076 151 66 jenem
2386 3077 126 63 Tage
2552 3075 242 65 ungemein
2841 3075 143 48 heiter
3017 3075 90 49 und
3142 3075 174 49 mitthei-

1775 3160 116 50 lend.
1928 3161 60 47 Er
2019 3160 203 48 erzählte
2255 3159 122 49 seine
2410 3175 141 47 ganze
2568 3158 449 66 Jugendgeschichte
3046 3159 78 49 mit
3156 3159 81 49 der
3264 3160 58 48 lie-

1775 3243 399 67 benswürdigslen
2209 3243 281 66 Hingebung
2522 3244 90 48 und
2644 3260 113 47 ganz
2792 3243 298 55 liinreissend,
3131 3243 211 68 lebendig

1776 3326 91 50 und
1902 3326 158 61 feurig.
2096 3326 106 51 Wir
2234 3328 222 66 sprachen
2491 3344 83 31 >on
2608 3326 101 49 dem
2731 3325 279 55 Freischütz,
3043 3326 78 49 der
3157 3326 184 56 wieder,

1776 3410 66 50 ich
1879 3410 135 48 weiss
2046 3410 120 48 nicht
2201 3410 142 54 mehr,
2377 3428 86 37 wo,
2498 3410 77 48 mit
2596 3427 184 45 grosser
2797 3410 164 50 Pracht
2983 3410 209 66 gegeben
3220 3427 90 33 wor-

1776 3494 87 47 den
1896 3511 106 31 war.
2077 3532 17 18 „
2277 3504 16 17 u
2347 3503 129 56 sagte
2508 3493 194 54 Weber,
2747 3533 16 16 „
2789 3493 111 57 „auf
2926 3494 70 47 die
3031 3497 310 62 Ausstattung

1776 3575 191 50 wenden
1988 3577 64 48 sie
2072 3577 139 48 schon
2234 3584 38 40 et
2284 3594 106 36 was,
2423 3578 77 47 das
2533 3577 107 49 alles
2664 3577 109 49 wird
2809 3593 105 33 uns

1774 3660 120 51 Was
1943 3660 66 49 ich
2056 3659 89 48 ihm
2179 3678 83 32 von
2297 3660 100 50 dem
2432 3660 246 56 Eindruck,
2724 3666 86 43 den
2860 3659 67 48 die
2975 3660 146 49 Musik
3171 3660 40 49 in
3260 3659 80 48 der

1778 3742 363 52 Wolfsschlucht
2173 3744 78 49 auf
2272 3744 113 49 mich
2414 3744 226 68 gemacht,
2658 3743 263 67 aussprach,
2952 3743 160 66 ergriff
3138 3743 73 48 ihn
3248 3742 90 48 tief.

1784 3866 18 18 „
1827 3828 189 56 „Wenn
2035 3845 87 31 nur
2462 3828 88 48 rief
2575 3845 64 40 er,
2681 3866 17 18 „
2723 3866 16 18 „
2756 3827 153 49 solche
2932 3828 174 50 Worte
3134 3826 204 49 drucken

1775 3909 153 50 liesse!
1981 3927 132 32 wenn
2146 3911 66 49 ich
2246 3928 89 32 nur
2366 3912 124 56 sähe,
2532 3911 103 49 dass
2674 3909 102 50 Alle
2818 3909 288 55 verständen,
3144 3925 93 31 was
3270 3907 68 49 ich

2121 3994 76 50 Ich
2240 3993 244 67 versprach
2528 3993 107 57 ihm,
2679 3993 115 50 über
2839 3993 88 50 den
2971 3992 266 48 Freischütz
3283 4008 55 33 zu

1775 4076 252 52 schreiben.
2099 4110 16 25 *
2141 4080 175 54 „Einen
2348 4076 253 66 Jägerchor
2632 4093 125 34 muss
2790 4076 66 49 ich
3120 4082 17 20 *
3180 4073 85 51 rief
3291 4092 50 32 er

1780 4161 81 49 mir
1892 4162 118 49 noch
2042 4177 80 34 vor
2152 4162 102 49 dem
2286 4162 158 48 Hause
2481 4161 116 50 beim
2630 4160 258 50 Abschiede
