3744 4572
2247 3872 218 42 116

2638 3669 118 15 EISERNER
2770 3666 136 18 LEUCHTER

2414 3673 66 16 OTTO
2496 3671 127 18 ECKMANN

2921 3661 44 19 FÜR
2980 3664 49 14 DEN
3045 3663 47 15 PAN
3107 3661 152 16 GEZEICHNET

1106 562 58 24 aus
1191 546 63 36 den
1273 541 234 40 Bedürfnissen
1531 552 69 24 von
1618 534 95 38 Land
1740 531 71 37 und
1834 534 129 32 Leuten
1991 525 71 35 und
2090 524 64 34 mit
2173 520 95 37 Hilfe

1105 602 58 36 der
1188 597 225 46 grofsartigen
1436 592 215 38 technischen
1673 583 403 43 Vervollkommnungen
2101 590 41 21 zu
2171 578 98 32 fester

1106 652 190 39 nationaler
1322 652 100 33 Form
1450 643 197 38 entwickelt
1673 642 110 37 hatte,
1816 635 87 37 auch
1934 630 225 37 künstlerisch
2190 640 60 23 aus-

1106 714 166 29 zustatten
1289 704 193 47 begannen,
1507 698 46 35 als
1573 695 57 36 der
1648 696 114 32 Luxus
1787 690 57 36 der
1861 686 152 37 Reichen
2032 696 48 22 im
2099 681 170 36 Schmuck

1107 767 79 28 statt
1214 757 56 36 der
1295 756 107 34 rohen
1426 751 119 37 Pracht
1569 747 56 36 der
1649 745 110 35 Steine
1784 742 107 34 schon
1911 738 56 36 die
1987 743 228 41 eigenartigen
2234 745 35 22 in

1105 815 100 32 Form
1220 809 69 35 und
1303 806 101 36 Farbe
1418 805 78 34 acht
1511 797 267 40 künstlerischen
1788 788 415 41 Goldschmiedearbeiten
2214 786 54 35 des

1106 865 91 36 alten
1221 859 137 49 TifFany
1385 860 94 34 hatte
1505 853 229 36 aufkommen
1761 847 114 35 lassen.
1932 844 66 35 Die
2027 840 243 36 künstlerische

1106 915 219 47 Ausbildung
1361 911 55 35 des
1451 905 204 38 Schmuckes
1693 903 41 34 ist
1768 900 88 40 aber,
1889 898 59 35 der
1979 893 201 38 Prunkliebe
2213 893 57 34 des

1106 969 185 37 Menschen
1316 959 251 54 entsprechend,
1596 957 57 35 das
1683 954 137 40 Gebiet,
1849 953 37 34 in
1915 950 77 35 dem
2025 948 71 35 sich
2124 946 57 35 der
2203 949 46 32 Ge-

1108 1020 160 38 schmack
1302 1031 56 22 am
1391 1023 107 27 ersten
1530 1010 121 41 bildet,
1683 1007 72 35 und
1794 1006 57 35 das
1885 1004 103 35 daher
2014 1000 58 36 für
2103 999 54 35 die
2188 1002 64 32 Ent-

1106 1073 202 47 wickelung
1354 1069 57 35 der
1452 1063 206 38 Kleinkunst
1702 1061 36 34 in
1778 1059 164 36 weiteren
1987 1054 165 37 Gebieten
2193 1060 78 26 stets

1106 1141 70 23 von
1208 1124 164 50 gröbstem
1410 1117 143 38 Einfluß
1587 1127 156 37 gewesen
1776 1113 52 34 ist.
1882 1113 42 32 Es
1953 1110 42 33 ist
2029 1108 55 35 ein
2112 1107 160 46 trauriges

1107 1181 148 34 Zeichen
1273 1176 54 36 für
1346 1186 141 24 unseren
1503 1167 223 41 Geschmack,
1746 1164 72 37 daß
1834 1164 57 35 der
1905 1166 113 32 Luxus
2039 1162 49 33 im
2101 1157 173 37 Schmuck

1108 1233 71 35 sich
1216 1228 63 39 auf
1310 1225 196 52 prunkende
1543 1221 184 37 Brillanten
1761 1215 201 39 beschränkt
2004 1213 72 36 und
2112 1211 162 37 wirklich

1107 1282 241 39 künstlerische
1372 1278 170 37 Versuche
1574 1274 120 50 gerade
1720 1274 35 34 in
1782 1272 88 35 dem
1896 1268 140 48 Zweige
2060 1267 54 34 des
2147 1268 107 32 Kunst-

1108 1335 236 41 handwerkes,
1379 1334 35 34 in
1446 1331 78 35 dem
1552 1324 234 40 Deutschland
1812 1338 38 21 so
1881 1322 99 48 lange
2007 1320 89 36 allen
2129 1319 146 35 anderen

1108 1390 152 37 Landern
1287 1385 207 49 voranging,
1524 1382 92 36 noch
1644 1379 156 50 garnicht
1829 1375 231 37 aufkommen
2093 1371 89 36 läßt.
2236 1373 40 32 In

1108 1444 178 36 München
1303 1440 87 48 zeigt
1409 1439 103 34 daher
1531 1436 54 34 die
1604 1432 188 47 Abteilung
1812 1430 56 35 der
1887 1427 205 36 Kleinkunst
2111 1425 109 35 nichts
2241 1424 34 34 in

1110 1497 104 35 dieser
1235 1495 190 45 Richtung,
1453 1491 38 34 in
1518 1488 151 36 Dresden
1694 1498 67 23 nur
1788 1484 108 47 einige
1923 1481 111 35 kleine
2058 1477 125 37 Stücke
2207 1489 70 23 von

1108 1551 89 34 einer
1229 1548 57 35 der
1315 1543 220 48 Ausstellung
1565 1538 244 49 unwürdigen,
1838 1535 188 47 blechartig
2053 1529 224 39 behandelten

1106 1605 119 33 Ware.

1188 1658 68 31 Das
1271 1655 42 33 ist
1333 1653 93 34 eine
1445 1649 56 35 der
1515 1646 214 37 Schwächen
1745 1643 56 36 der
1816 1641 215 38 Münchener
2047 1639 228 45 Ausstellung.

1108 1709 103 36 Nach
1237 1706 145 36 anderen
1402 1703 222 46 Richtungen
1649 1697 118 37 ließen
1786 1697 72 34 sich
1878 1695 131 34 solcher
2027 1692 94 34 noch
2139 1691 139 35 weitere

1109 1760 195 37 aufzählen:
1320 1758 56 35 das
1387 1756 121 36 Fehlen
1522 1768 70 22 von
1604 1752 193 35 Versuchen
1811 1749 101 49 grade
1926 1749 34 33 in
1976 1745 178 36 besonders
2166 1743 91 36 wich-

1108 1816 94 47 tigen
1220 1813 164 47 Zweigen
1407 1810 57 34 des
1484 1803 333 41 Kunsthandwerks,
1842 1802 68 35 wie
1936 1800 57 34 der
2013 1797 246 47 Beleuchtungs-

1110 1868 134 48 körper,
1255 1863 208 38 namentlich
1468 1860 56 37 für
1533 1859 219 39 Elektrizität,
1762 1856 56 36 der
1824 1853 222 49 Heizkörper,
2055 1852 58 34 der
2121 1850 136 47 mannig-

1112 1920 122 37 fachen
1249 1917 230 47 Anwendung
1498 1914 55 35 des
1568 1912 116 37 Glases
1698 1912 49 33 im
1762 1913 116 32 Hause
1892 1921 34 22 u.
1939 1921 23 21 s.
1976 1905 25 36 f.
2032 1905 88 35 Aber
2135 1917 38 21 so
2188 1903 91 35 hohe

1111 1973 286 46 Anforderungen
1416 1966 80 38 darf
1510 1980 80 23 man
1609 1979 43 22 an
1670 1965 112 35 diesen
1795 1961 152 36 Versuch
1967 1961 89 34 einer
2075 1957 187 35 Sonderaus-

1112 2027 147 47 stellung
1279 2023 175 37 innerhalb
1472 2021 57 35 der
1550 2018 134 51 großen
1701 2013 319 47 Kunstausstellung
2038 2011 95 35 nicht
2152 2008 129 36 stellen.

1112 2083 78 33 Nur
1219 2079 63 35 ein
1300 2076 142 48 Mangel
1469 2073 91 37 muß
1590 2070 215 37 entschieden
1825 2064 278 51 hervorgehoben
2131 2062 151 40 werden,

1113 2133 82 37 weil
1214 2133 54 34 die
1294 2128 113 38 offene
1426 2127 257 46 Anerkennung
1707 2123 171 36 desselben
1905 2119 56 37 für
1990 2119 73 34 eine
2091 2116 193 50 glückliche

1113 2184 245 48 Entwicklung
1372 2183 105 35 dieser
1496 2185 127 44 jungen
1638 2177 272 46 Kunstrichtung
1925 2186 69 24 von
2009 2170 275 36 entscheidender

1114 2240 198 46 Bedeutung
1332 2239 53 33 ist.
1435 2236 65 34 Die
1519 2231 220 48 Herstellung
1758 2231 88 34 eines
1867 2228 81 35 oder
1969 2225 167 35 mehrerer
2156 2223 112 47 eigent-

1115 2293 104 36 licher
1237 2290 264 37 Wohnzimmer
1527 2288 93 34 hatte
1646 2285 54 34 die
1724 2283 102 35 kurze
1846 2279 248 46 Vorbereitung
2119 2276 57 34 der
2194 2277 69 33 Aus-

1115 2346 146 48 stellung
1279 2342 202 49 unmöglich
1505 2340 173 49 gemacht;
1705 2350 65 22 nur
1795 2337 37 34 in
1856 2335 73 35 Eile
1954 2333 59 34 hat
2037 2331 73 34 eine
2129 2330 135 34 zimmer-

1117 2400 104 47 artige
1237 2397 213 36 Dekoration
1468 2394 57 35 der
1545 2392 120 36 beiden
1684 2389 242 37 vorhandenen
1941 2390 133 32 Räume
2093 2380 193 51 hergestellt

1116 2452 138 36 werden
1272 2450 150 35 können.
1466 2448 98 35 Diese
1583 2446 92 48 giebt
1696 2443 78 36 aber
1794 2443 89 34 doch
1903 2441 54 35 die
1978 2441 62 32 Art
2060 2450 59 27 an,
2143 2437 69 34 wie
2233 2434 53 35 die

1117 2503 261 51 maßgebenden
1392 2501 155 36 Künstler
1562 2500 106 35 dieser
1682 2495 221 48 Ausstellung
1918 2493 70 36 sich
2003 2490 54 35 die
2071 2488 217 36 Dekoration

1117 2559 88 35 ihrer
1223 2559 149 33 Zimmer
1386 2556 50 35 im
1454 2554 224 47 allgemeinen
1697 2549 133 36 denken
1854 2547 156 38 würden,
2037 2543 73 36 und
2134 2540 154 37 insofern

1118 2617 134 30 müssen
1262 2611 58 40 sie,
1335 2618 88 26 trotz
1437 2608 54 35 des
1501 2606 188 48 flüchtigen
1705 2603 70 36 und
1791 2600 270 51 provisorischen
2074 2594 214 42 Charakters,

1118 2665 54 35 die
1191 2663 114 37 Kritik
1324 2671 153 40 ertragen
1496 2659 151 36 können.
1687 2658 83 33 Eine
1795 2655 115 36 solche
1934 2653 95 35 kann
2049 2650 87 41 aber,
2162 2650 127 33 meines

1119 2719 191 38 Erachtens,
1329 2716 95 35 nicht
1444 2714 137 49 günstig
1601 2710 178 37 ausfallen.

1200 2770 171 36 Zunächst
1398 2768 107 35 schon
1534 2768 35 33 in
1597 2765 58 35 der
1684 2762 223 50 allgemeinen
1926 2758 229 45 Erscheinung
2183 2754 107 35 durch

1122 2824 54 35 die
1207 2823 99 36 Farbe
1342 2822 57 35 der
1435 2820 155 40 Wände,
1624 2818 55 34 die
1715 2815 66 37 fast
1816 2814 189 46 durchweg
2042 2808 129 38 dunkel
2204 2806 87 37 sind.

1122 2880 68 32 Der
1217 2876 143 40 dunkle,
1393 2874 101 35 selbst
1524 2871 242 37 schwärzliche
1797 2871 78 33 Ton
1908 2866 58 35 der
1990 2861 303 39 Wandmalereien

1122 2930 71 35 und
1220 2926 221 39 Wandstoffe
1473 2926 184 49 entspricht
1686 2925 48 33 im
1764 2921 224 49 allgemeinen
2018 2918 57 34 der
2104 2916 187 46 Richtung,

1125 2984 58 34 der
1202 2983 53 35 die
1274 2982 212 36 Münchener
1502 2979 141 35 Malerei
1663 2977 190 48 überhaupt
1872 2973 129 35 wieder
2016 2969 127 36 einmal
2159 2968 135 35 anheim

1126 3036 145 49 gefallen
1298 3036 54 40 ist,
1386 3034 68 35 wie
1488 3033 53 34 die
1569 3031 199 47 diesjährige
1800 3027 218 46 Ausstellung
2049 3023 158 36 beweist:
2238 3020 58 34 der

1128 3089 124 35 dunkle
1268 3090 89 38 Ton,
1378 3087 53 34 die
1450 3087 192 34 schwarzen
1662 3085 159 33 Schatten
1840 3083 37 33 in
1896 3081 65 34 den
1980 3076 200 40 Gemälden,
2201 3073 95 35 nicht

1129 3156 55 22 am
1210 3142 187 47 wenigsten
1425 3139 118 49 gerade
1573 3139 53 34 bei
1660 3137 65 35 den
1753 3134 277 38 Secessionisten,
2063 3128 234 37 wiederholen

1129 3196 71 34 sich
1218 3196 36 33 in
1270 3194 64 35 den
1353 3191 318 37 schwärzlich-blau
1691 3189 231 49 gestrichenen
1944 3184 173 40 Paneelen,
2137 3182 65 35 den
2223 3181 57 34 dar-

1129 3248 82 35 über
1230 3248 36 34 in
1285 3247 228 34 monochrom
1539 3244 185 35 tiefblauer
1742 3239 234 39 Wasserfarbe
1995 3236 171 50 gemalten
2185 3233 92 35 Land-

1129 3299 153 36 schaften
1299 3313 70 21 von
1386 3297 282 36 Riemerschmidt
1687 3296 71 34 und
1779 3296 35 34 in
1834 3295 65 34 den
1919 3291 154 36 dunklen
2093 3285 133 39 Stoffen
2242 3287 57 34 der

1130 3353 131 35 Möbel.
1306 3353 84 34 Hier
1414 3351 73 35 sind
1512 3351 194 34 malerische
1726 3346 132 38 Effekte
1883 3346 154 49 gesucht,
2060 3343 54 35 die
2133 3343 34 33 in
2188 3342 111 33 einem

1132 3407 135 40 Atelier,
1283 3406 36 34 in
1333 3406 90 34 einer
1433 3403 318 48 vorübergehenden
1762 3401 221 46 Ausstellung
1995 3394 223 52 gelegentlich
2230 3393 69 35 ihre

1132 3459 243 47 Berechtigung
1394 3457 109 35 haben
1522 3462 136 42 mögen,
1678 3455 95 35 nicht
1792 3454 76 34 aber
1883 3454 35 34 in
1938 3453 109 34 einem
2058 3449 241 36 Wohnraume

1134 3512 82 35 oder
1231 3525 56 35 gar
1302 3511 36 34 in
1352 3508 221 37 öffentlichen
1583 3512 220 32 Festräumen.
1824 3511 69 30 Der
1902 3504 200 36 wohnliche
2114 3499 185 38 Charakter

1135 3565 56 35 des
1215 3565 161 34 Zimmers
1404 3562 68 35 und
1497 3562 53 34 die
1578 3561 153 35 festliche
1748 3560 180 47 Wirkung
1954 3572 69 21 von
2049 3558 249 33 Staatsräumen

1134 3618 193 47 verlangen,
1343 3615 110 36 zumal
1473 3616 58 34 das
1548 3616 96 34 Licht
1664 3614 116 48 häufig
1796 3614 107 33 durch
1919 3608 244 51 ungenügende
2175 3606 123 36 Größe

1136 3671 59 35 der
1228 3673 129 32 Fenster
1388 3669 71 35 und
1494 3667 107 35 durch
1631 3668 182 46 Vorhänge
1846 3667 55 33 ein
1929 3674 119 26 mattes
2082 3664 59 39 ist,
2172 3662 37 33 in
2240 3661 58 34 der

2375 517 108 48 Regel
2512 517 72 34 eine
2617 513 88 36 helle
2733 509 326 39 Wanddekoration
3094 506 69 36 und
3191 507 74 34 eine
3294 505 87 35 helle
3414 504 123 43 Decke,

2373 569 164 37 während
2558 569 35 34 in
2612 567 64 35 den
2697 565 118 35 beiden
2833 564 213 35 Münchener
3059 565 157 31 Räumen
3232 563 75 44 jene
3327 557 125 36 dunkel
3471 559 68 34 und

2374 624 111 48 tonig,
2505 622 89 35 diese
2616 621 149 47 dagegen
2786 619 34 33 in
2840 616 80 36 halb
2939 613 298 40 naturalistischer,
3261 611 80 36 halb
3361 611 178 35 stilisierter

2374 677 119 35 Weise
2518 675 69 35 wie
2606 672 142 36 Hecken
2773 684 70 23 von
2862 667 192 38 Laubwerk
3078 666 143 49 gedacht
3240 664 71 36 und
3331 677 83 35 ganz
3432 662 107 50 farbig

2377 729 157 49 gehalten
2561 726 85 36 sind.
2702 725 114 35 Schon
2843 724 47 35 als
2909 722 243 35 Wohnräume
3171 718 181 48 verlangen
3378 716 163 36 dieselben

2377 784 73 34 eine
2466 779 255 51 gleichmäßige
2735 777 71 36 und
2821 777 120 47 ruhige
2949 774 150 47 Färbung
3113 786 68 23 von
3197 771 114 35 Decke
3327 770 69 36 und
3406 770 134 43 Whnd;

2377 835 68 37 hell
2465 834 87 36 auch
2572 832 149 40 deshalb,
2744 830 82 36 weil
2847 830 53 35 die
2915 828 191 35 Fußböden
3125 826 63 35 mit
3208 824 129 35 bunten
3356 823 70 35 und
3447 823 95 35 meist

2378 887 216 49 tieffarbigen
2615 885 193 49 Teppichen
2834 883 82 34 oder
2936 882 63 35 mit
3022 879 145 48 farbiger
3189 875 226 38 Steinmosaik
3436 875 108 49 belegt

2377 941 75 37 und
2471 941 53 34 die
2542 939 122 35 Möbel
2683 936 125 37 darauf
2822 934 113 49 farbig
2955 934 71 35 und
3046 934 136 46 bewegt
3201 932 36 34 in
3257 931 57 34 der
3337 933 98 31 Form
3461 929 81 35 sind.

2379 993 261 37 Wandmalerei
2660 992 90 35 wird
2775 991 35 34 in
2835 986 222 38 öffentlichen
3081 988 127 32 Bauten
3234 982 70 36 und
3332 985 210 32 Festräumen

2380 1047 122 51 gewiß
2528 1060 55 22 am
2606 1046 111 34 Platze
2740 1044 89 40 sein,
2855 1042 77 35 aber
2954 1040 115 35 solche
3088 1038 284 39 monochromen,
3399 1036 36 34 in
3461 1047 83 35 ganz

2379 1100 262 36 unnatürlichen
2655 1097 127 36 Farben
2797 1096 200 48 gehaltenen
3402 1088 142 34 obenein

2380 1167 105 23 wenn
2514 1154 46 34 sie
2592 1149 270 38 naturalistische
2893 1144 248 39 Landschaften
3177 1142 190 41 darstellen,
3396 1140 73 36 sind
3496 1141 48 34 im

2381 1209 149 33 Zimmer
2557 1203 123 51 gewiß
2704 1217 64 22 nur
2791 1215 85 36 ganz
2906 1198 287 37 ausnahmsweise
3221 1195 187 49 erträglich.
3448 1194 98 34 Auch

2382 1260 73 36 daß
2486 1260 47 35 als
2561 1254 222 40 Wandstoffe
2812 1255 167 38 ordinäre,
3008 1252 94 35 rasch
3130 1248 263 38 verschießende
3421 1246 126 36 dunkle

2382 1312 108 37 Stoffe
2510 1323 215 37 genommen,
2751 1308 69 36 und
2843 1309 64 34 mit
2926 1304 246 37 Farbenklexen
3193 1301 120 52 pikant
3336 1307 118 42 getönt
3476 1299 72 35 und

2384 1366 221 49 aufgelichtet
2636 1364 92 42 sind,
2763 1363 41 34 ist
2839 1360 89 35 doch
2957 1373 65 21 nur
3059 1358 45 35 als
3141 1357 53 35 ein
3228 1353 213 37 Effektstück
3476 1353 70 35 und

2383 1417 196 39 Notbehelf
2623 1416 57 36 für
2716 1414 351 48 Ausstellungsräume
3106 1410 68 35 und
3221 1408 159 40 Ateliers,
3425 1405 121 50 gewiß

2385 1473 77 36 aber
2476 1473 96 34 nicht
2586 1470 56 36 für
2655 1469 264 36 Wohnzimmer
2939 1465 71 36 und
3029 1467 188 33 Festräume
3236 1460 139 36 erlaubt.
3432 1462 116 32 Wenn

2386 1527 90 40 Zeit,
2505 1526 91 34 Platz
2622 1523 71 36 und
2723 1522 86 37 Geld
2843 1520 196 36 vorhanden
3059 1529 156 37 gewesen
3233 1519 104 36 wäre,
3361 1527 62 21 um
3441 1511 87 37 wirk-

2386 1580 69 35 lich
2476 1580 53 33 ein
2550 1578 82 35 oder
2651 1577 55 34 ein
2724 1588 79 37 paar
3101 1583 84 35 ganz
3205 1566 285 40 durchzuführen,
3512 1578 37 22 so

2386 1632 121 36 würde
2533 1644 79 22 man
2641 1629 71 36 sich
2744 1641 70 23 von
2846 1628 57 34 der
2932 1623 285 49 Unmöglichkeit
3250 1621 103 35 dieser
3384 1620 167 34 Versuche

2387 1684 123 51 gewiß
2542 1684 182 47 überzeugt
2756 1681 129 40 haben,
2919 1679 41 35 da
2993 1679 107 34 schon
3136 1676 54 35 die
3222 1674 169 35 einzelnen
3425 1675 105 32 Kunst-

2388 1739 163 40 arbeiten,
2578 1738 204 46 wenigstens
2811 1735 54 34 die
2890 1741 103 40 guten
3018 1731 168 38 darunter,
3213 1729 72 33 eine
3310 1725 242 50 unglückliche

2386 1791 180 49 Wirkung
2586 1791 36 35 in
2642 1791 109 34 einem
2770 1787 140 36 solchen
2930 1789 132 32 Raume
3087 1782 156 50 gemacht
3266 1780 111 35 haben
3396 1778 156 37 würden.
