3731 4572
2185 3879 215 41 124

1050 530 248 50 Empfindung,
1324 529 72 35 dass
1423 529 45 34 sie
1494 526 180 49 eigentlich
1700 538 40 21 zu
1760 532 62 40 gut
1846 522 56 35 für
1921 521 88 34 diese
2083 519 44 34 eit
2147 517 71 36 und

1049 597 117 21 unsere
1199 584 73 34 Zeit
1309 583 99 34 seien.
1458 580 81 35 Und
1573 592 83 27 nun,
1694 578 88 34 nach
1819 575 57 34 der
1909 574 80 35 halb
2024 572 196 36 exotischen

1049 634 255 38 Treibhausluft
1324 647 131 23 unserer
1475 632 239 40 Akademieen,
1745 641 131 22 unserer
1896 627 117 34 Salons
2039 625 71 35 und
2130 626 68 33 Aus-

1048 690 208 48 stellungen,
1283 688 135 35 endlich
1445 685 123 36 einmal
1592 684 56 35 der
1671 682 106 40 volle,
1804 679 124 36 frische
1956 678 265 48 Morgenhauch

1051 744 86 34 eines
1157 741 145 40 starken,
1317 739 197 47 lebendigen
1529 736 201 36 Volkstums
1749 735 35 34 in
1804 733 57 35 der
1875 732 223 35 Bildhauerei.
2137 731 83 35 Wie

1052 809 74 23 war
1146 795 68 34 dies
1234 793 160 36 Wunder
1413 790 152 49 möglich
1585 788 203 50 geworden?

1132 847 173 41 Dadurch,
1327 846 72 34 dass
1419 846 36 33 in
1474 845 108 34 einem
1603 841 187 35 schlichten
1804 839 160 35 Künstler
1984 851 70 22 von
2073 837 147 35 starkem

1051 901 277 37 Wahrheitssinn
1354 898 71 35 und
1446 893 275 50 Heimatsgefühl
1746 893 57 34 der
1823 892 180 35 Bildhauer
2029 891 107 35 durch
2156 891 66 34 den

1053 954 111 36 Maler
1196 966 69 22 von
1302 952 58 34 der
1399 950 275 46 übermächtigen
1706 945 123 37 Gröfse
1862 946 57 34 der
1952 944 270 49 Vergangenheit

1052 1006 117 36 befreit
1189 1005 136 40 wurde,
1355 1003 70 35 und
1450 1006 79 44 jetzt
1549 1010 64 26 erst
1639 1000 64 35 den
1721 1002 82 32 Mut
1829 1011 164 35 gewann,
2020 1011 73 22 was
2121 1011 33 20 er
2173 997 49 34 im

1053 1061 111 35 Leben
1192 1058 122 49 geliebt
1342 1056 69 35 und
1439 1056 153 34 erschaut
1617 1067 73 21 nun
1714 1053 89 34 auch
1827 1065 78 22 zum
1933 1061 107 26 ersten
2064 1050 94 35 Male
2186 1050 36 35 in

1055 1112 135 50 grofsen
1211 1110 199 50 plastischen
1431 1107 166 37 Gebilden
1615 1105 231 36 hinzustellen.

1133 1166 82 33 Wie
1234 1164 130 34 schwer
1383 1174 134 27 unsere,
1543 1161 63 34 mit
1625 1160 57 35 der
1700 1157 179 37 Erbschaft
1898 1157 82 36 aller
1999 1157 225 36 verflossenen

1049 1216 244 49 Jahrhunderte
1314 1215 155 35 belastete
1488 1214 74 34 Zeit
1585 1213 89 35 auch
1699 1212 125 35 diesem
1843 1211 182 35 Bildhauer
2051 1211 91 34 seine
2161 1212 42 32 Be-

1054 1271 134 48 freiung
1204 1270 155 48 gemacht
1372 1269 70 39 hat,
1464 1267 113 34 dessen
1591 1265 90 36 wird
1696 1279 79 22 man
1795 1265 72 35 sich
1883 1278 42 21 an
1945 1263 57 36 der
2017 1267 114 45 Länge
2152 1263 70 35 und

1055 1325 65 34 den
1139 1326 192 44 Umwegen
1352 1321 56 34 der
1427 1321 95 34 Bahn
1541 1318 161 42 bewufst,
1723 1318 133 36 welche
1877 1317 63 35 den
1957 1317 159 35 Künstler
2135 1316 88 36 nach

1055 1378 97 35 mehr
1171 1376 46 35 als
1237 1376 109 34 einem
1363 1373 124 36 halben
1505 1373 224 45 Jahrhundert
1748 1373 130 33 nahezu
1898 1371 129 36 wieder
2048 1384 43 21 an
2111 1371 113 34 seinen

1054 1427 289 50 Ausgangspunkt
1363 1425 257 38 zurückführte.
1650 1427 65 33 Die
1735 1424 237 49 Erfahrungen
1991 1423 72 36 und
2078 1426 117 32 Hemm-

1054 1484 86 34 nisse
1166 1495 130 21 unseres
1323 1493 127 36 ganzen
1466 1479 241 46 Jahrhunderts
1735 1477 123 37 mufste
1884 1491 33 21 er
1943 1478 35 34 in
2006 1478 73 35 sich
2099 1477 105 35 durch-

1053 1536 107 40 leben,
1179 1534 222 41 verarbeiten,
1422 1533 237 40 überwinden,
1686 1533 61 35 ehe
1767 1545 33 21 er
1820 1531 46 35 als
1887 1532 55 34 ein
1961 1544 101 22 neuer
2081 1531 143 34 Mensch

1053 1588 127 37 wieder
1198 1601 57 22 zur
1274 1587 210 35 Bildhauerei
1505 1585 258 36 zurückkehren
1789 1585 147 40 konnte,
1962 1585 62 33 mit
2048 1584 57 35 der
2124 1597 34 21 er
2178 1583 46 35 als

1053 1642 116 35 Knabe
1189 1642 190 47 begonnen.

1135 1699 67 30 Das
1216 1694 112 35 Leben
1347 1695 42 33 ist
1404 1693 206 35 Constantin
1628 1693 158 34 Meunier
1806 1705 68 21 von
1894 1689 82 37 früh
1996 1688 66 37 auf
2076 1703 40 22 zu
2138 1691 88 33 einer

1055 1750 117 35 harten
1199 1747 120 36 Schule
1346 1747 196 48 geworden.
1599 1745 59 36 Als
1684 1749 149 44 jüngstes
1860 1757 70 23 von
1955 1745 93 34 sechs
2074 1742 152 36 Kindern

1053 1801 90 37 wird
1171 1815 33 21 er
1235 1801 88 46 1831
1358 1801 35 33 in
1413 1798 193 43 Etterbeek,
1636 1799 59 35 der
1713 1797 161 37 Vorstadt
1895 1797 143 36 Brüssels
2066 1797 159 48 geboren.

1056 1856 58 35 Als
1135 1869 34 20 er
1187 1855 87 35 zwei
1291 1855 77 44 Jahr
1388 1853 46 35 alt
1454 1855 58 40 ist,
1539 1852 132 36 verliert
1696 1865 33 22 er
1748 1853 116 33 seinen
1883 1853 112 34 Vater.
2051 1851 66 34 Die
2137 1849 90 35 ohne

1056 1909 88 47 jedes
1160 1910 195 46 Vermögen
1373 1905 322 49 zurückgebliebene
1709 1906 139 35 Witwe
1874 1903 89 36 mufs
1991 1905 72 34 ihre
2083 1903 125 35 Kinder-

1055 1963 117 34 schaar
1187 1961 107 35 durch
1310 1961 88 34 ihrer
1408 1960 123 34 Hände
1542 1959 116 36 Arbeit
1670 1968 96 26 unter
1777 1959 175 35 schweren
1964 1957 264 48 Entbehrungen

1056 2014 188 36 aufziehen.
1302 2016 55 33 An
1382 2013 76 35 dem
1484 2012 241 42 kränklichen,
1755 2013 147 34 scheuen
1925 2011 140 35 Knaben
2095 2011 131 35 vertritt

1056 2069 69 34 sein
1138 2068 131 35 ältester
1283 2067 137 40 Bruder,
1441 2067 56 35 der
1514 2066 167 35 bekannte
1696 2064 262 50 Kupferstecher
1971 2067 25 43 J.
2018 2067 33 31 B.
2069 2065 158 33 Meunier

1056 2135 68 22 von
1157 2120 82 36 früh
1272 2119 66 37 auf
1356 2120 206 35 Vaterstelle.
1619 2122 41 32 Er
1688 2118 179 36 verbessert
1895 2119 75 34 ihm
2001 2118 90 34 seine
2120 2126 108 26 ersten

1057 2175 242 47 Zeichnungen
1322 2173 73 36 und
1420 2171 182 38 veranlafst
1627 2173 113 34 seinen
1759 2173 138 33 Eintritt
1924 2172 35 34 in
1986 2171 53 35 die
2064 2170 164 35 Brüsseler

1056 2227 199 36 Akademie.
1313 2230 86 32 Man
1420 2227 92 35 kann
1532 2227 72 35 sich
1623 2225 151 41 denken,
1799 2224 156 37 welchen
1973 2223 174 36 Eindruck
2167 2222 66 36 auf

1058 2283 97 33 einen
1173 2279 142 37 Knaben
1340 2281 64 34 mit
1429 2280 142 36 solchen
1590 2278 210 36 Erlebnissen
1820 2279 54 35 die
1898 2278 148 48 göttlich
2065 2277 162 48 sorglose,

1057 2336 126 34 heitere
1203 2334 185 35 Schönheit
1413 2334 57 34 der
1489 2332 127 36 Antike
1641 2333 162 34 zunächst
1828 2332 143 34 machen
1996 2330 134 36 mufste.
2187 2333 42 31 Er

1057 2388 137 36 wendet
1213 2388 73 34 sich
1305 2388 52 34 ihr
1373 2385 294 37 leidenschaftlich
1687 2399 41 21 zu
1818 2386 68 34 wie
1906 2385 71 35 sein
1990 2384 238 45 Jahrhundert,

1059 2442 56 35 das
1131 2441 88 35 diese
1234 2439 236 37 Leidenschaft
1491 2453 69 22 von
1576 2439 77 35 dem
1669 2437 297 49 vorhergehenden
1983 2437 248 35 übernommen

1060 2495 92 35 hatte
1242 2494 71 35 und
1337 2493 105 36 bleibt
1469 2494 53 34 ihr
1548 2502 91 33 treu,
1669 2493 95 35 nicht
1790 2504 64 22 nur
1881 2492 36 34 in
1946 2491 57 35 der
2029 2490 201 41 Akademie,

1061 2548 145 36 sondern
1227 2548 87 34 auch
1333 2548 88 34 nach
1441 2549 127 33 seinem
1587 2546 223 48 Uebergange
1834 2545 35 35 in
1889 2545 54 35 die
1963 2544 192 35 Werkstatt
2175 2543 55 35 des

1061 2601 196 35 Bildhauers
1277 2600 146 36 Fraikin.
1479 2601 56 35 Bei
1555 2599 126 35 diesem
1701 2600 154 41 Meister,
1881 2611 39 22 zu
1941 2598 76 35 dem
2039 2611 33 21 er
2092 2598 62 34 mit
2174 2598 39 33 be-

1063 2653 228 37 wundernder
1310 2655 109 34 Scheu
1447 2652 164 43 aufsieht,
1641 2653 92 35 harrt
1760 2666 34 20 er
1821 2665 103 35 ganze
1949 2651 69 35 drei
2036 2651 97 45 Jahre
2159 2664 72 27 aus,

1063 2708 72 34 sich
1155 2708 72 34 eine
1251 2707 244 49 gelegentliche
1514 2707 266 47 Unterweisung
1806 2706 48 34 im
1872 2704 228 36 Modellieren
2124 2704 109 34 durch

1061 2759 239 42 Thonkneten,
1321 2760 214 50 Gipsgiefsen
1559 2759 73 35 und
1656 2758 211 36 Ofenheizen
1887 2759 63 35 mit
1969 2757 183 35 rührender
2171 2760 41 31 Be-

1063 2814 228 35 scheidenheit
1317 2815 72 34 und
1422 2813 159 49 Hingabe
1610 2811 199 37 erkaufend.
1847 2812 108 35 Noch
1981 2811 46 35 als
2052 2811 160 48 Zwanzig-

1061 2867 145 48 jähriger
1225 2867 89 35 stellt
1338 2881 33 21 er
1399 2869 73 33 eine
1491 2870 115 32 Statue
1627 2869 47 32 La
1698 2867 181 34 Guirlande
1898 2878 75 29 aus,
2002 2865 100 34 deren
2119 2867 115 32 Name

1064 2920 100 35 allein
1182 2919 93 42 „tief
1290 2919 135 36 blicken
1440 2921 79 35 lässt
1523 2926 22 15 cc
1546 2948 7 6 .
1592 2923 84 31 Man
1698 2921 97 39 sieht,
1816 2919 157 35 Meunier
1992 2919 44 33 ist
2054 2932 70 20 von
2137 2920 96 32 Haus

1064 2987 58 21 aus
1142 2974 108 34 nichts
1270 2975 171 47 weniger,
1470 2973 47 36 als
1543 2974 54 34 ein
1615 2972 230 48 widerhaarig
1869 2973 205 47 gestimmtes
2095 2974 139 33 Gemüt.

1145 3026 143 35 Endlich
1317 3027 75 35 aber
1424 3027 72 35 hält
1531 3040 31 21 es
1592 3027 69 34 sein
1689 3024 163 37 reifender
1875 3025 278 35 Wahrheitssinn
2182 3024 54 35 bei

1067 3079 104 35 dieser
1190 3082 62 32 Art
1277 3093 70 22 von
1370 3083 111 33 Kunst
1505 3081 96 34 nicht
1627 3079 116 49 länger
1762 3093 70 21 aus.
1890 3081 87 33 Was
2003 3078 123 35 sollten
2151 3078 85 41 ihm,

1068 3132 76 35 dem
1170 3133 308 40 nachdenklichen,
1504 3134 36 34 in
1565 3134 71 34 sich
1658 3132 184 48 gekehrten
1866 3131 179 49 Jüngling,
2072 3132 65 34 den
2163 3132 75 33 eine

1068 3186 147 35 schwere
1229 3187 128 47 Jugend
1377 3186 80 35 früh
1476 3185 55 36 für
1549 3187 96 34 einen
1661 3195 131 26 ernsten
1807 3185 237 36 Lebensinhalt
2059 3183 157 51 empfäng-

1068 3238 67 35 lich
1165 3240 156 46 gemacht
1347 3239 110 41 hatte,
1487 3239 87 35 diese
1598 3239 162 41 schönen,
1780 3239 139 49 glatten,
1939 3238 129 35 hohlen
2088 3241 148 45 Puppen.

1068 3292 108 34 Nicht
1201 3291 226 36 unwirkliche
1456 3293 181 40 Schemen,
1665 3292 162 36 fühlende
1852 3292 189 35 Menschen
2060 3286 120 40 wollte
2205 3304 33 21 er

1070 3344 124 36 bilden.
1223 3348 68 31 Das
1307 3345 75 35 aber
1404 3346 134 47 glaubte
1559 3360 32 20 er
1609 3347 88 34 nach
1716 3347 114 34 seinen
1843 3344 235 49 Erfahrungen
2098 3346 63 33 mit
2181 3345 58 34 der

1071 3396 279 37 antikisierenden
1373 3398 127 35 Plastik
1523 3412 64 22 nur
1611 3400 36 33 in
1672 3399 56 35 der
1753 3399 141 35 Malerei
1920 3412 39 22 zu
1989 3398 151 36 können.
2196 3400 43 32 Er

1070 3450 134 35 verläfst
1224 3450 149 35 Fraikins
1392 3452 137 40 Atelier,
1556 3453 107 47 hängt
1683 3452 54 35 die
1756 3453 214 34 Bildhauerei
1991 3466 39 21 an
2048 3451 63 36 den
2126 3450 113 49 Nagel

1072 3502 69 35 und
1173 3504 116 34 mietet
1321 3504 71 35 sich
1425 3506 62 33 mit
1521 3506 132 47 einigen
1681 3506 256 48 gleichaltrigen
1966 3509 174 32 Genossen
2168 3506 71 33 eine

1072 3557 161 39 Scheune,
1253 3570 61 21 um
1333 3558 71 33 hier
1424 3556 98 49 eifrig
1542 3558 86 35 nach
1644 3558 75 35 dem
1734 3558 161 36 lebenden
1912 3558 132 35 Modell
2059 3572 41 21 zu
2115 3558 123 35 malen.

1152 3610 226 34 Bezeichnend
1394 3608 55 37 für
1464 3611 53 34 die
1528 3609 210 37 Schroffheit
1750 3612 56 35 der
1818 3612 208 35 innerlichen
2036 3612 203 47 Wendung,

1074 3662 53 35 die
1147 3663 71 34 sich
1241 3664 37 33 in
1297 3664 157 33 Meunier
1472 3663 195 49 vollzogen,
1695 3665 41 34 ist
1762 3665 112 47 gleich
1894 3666 56 34 das
1972 3674 80 25 erste
2073 3664 88 42 Bild,
2182 3664 57 35 das

2328 530 33 21 er
2399 515 119 42 malte,
2558 515 52 34 die
2650 519 81 31 Salle
2767 518 38 32 de
2839 518 43 32 St.
2916 517 82 32 Roch
3038 515 137 47 (/£//):
3215 513 72 35 eine
3325 512 154 36 Kranken-

2328 569 182 35 schwester
2537 569 134 35 wäscht
2700 568 77 34 dem
2803 567 185 35 Leichnam
3013 567 89 35 einer
3128 567 82 35 eben
3240 567 49 34 im
3313 566 188 36 Lehnstuhl

2328 621 257 37 verschiedenen
2605 620 221 49 abgezehrten
2840 623 85 33 Frau
2944 620 53 35 die
3017 618 107 37 Füfse.
3153 620 104 34 Nach
3276 618 65 36 den
3356 622 145 33 Göttern

2328 676 56 34 des
2406 675 145 49 Olymps
2573 675 56 35 der
2650 687 101 35 ganze
2769 677 146 43 Jammer
2935 673 56 35 des
3007 672 294 36 Krankenhauses.
3339 673 162 35 Deutlich

2329 734 93 44 spürt
2449 742 79 21 man
2554 729 73 34 hier
2652 728 65 34 den
2736 727 173 35 Eindruck
2936 727 64 35 den
3026 727 55 34 die
3100 726 111 35 Bilder
3230 729 185 45 Degrouxs
3443 725 63 35 auf

2330 782 65 34 den
2408 781 243 49 jugendlichen
2660 781 159 35 Künstler
2834 781 159 48 gemacht
3007 779 111 36 haben
3133 785 150 36 müssen;
3297 783 73 43 jene
3381 779 120 42 Bilder,

2330 837 35 33 in
2383 836 107 34 denen
2505 838 163 45 Degroux
2683 833 57 36 das
2756 835 125 34 Dasein
2896 834 57 34 der
2968 835 127 33 Armen
3109 833 72 35 und
3196 832 150 35 Elenden
3364 833 137 47 gemalt,

2331 889 63 35 mit
2413 889 109 35 denen
2542 901 33 21 er
2594 887 88 35 lebte
2702 887 71 35 und
2794 887 63 35 litt.
2915 889 86 33 Man
3020 884 162 50 begreift,
3207 886 68 35 wie
3295 899 32 21 es
3346 886 156 35 Meunier

2330 956 40 21 zu
2400 941 124 36 diesem
2554 940 159 36 Künstler
2742 941 178 35 hinziehen
2947 938 143 46 mufste;
3121 939 88 35 denn
3240 940 88 34 auch
3354 952 33 21 er
3410 940 92 34 hatte

2330 996 88 34 seine
2438 994 130 49 Jugend
2587 995 63 34 mit
2669 994 78 34 dem
2766 992 113 37 Volke
2904 993 55 35 der
2979 992 182 35 Enterbten
3185 992 220 48 zugebracht,
3432 992 70 35 und

2331 1049 57 35 das
2408 1049 92 35 hatte
2520 1046 79 36 tiefe
2620 1050 127 46 Spuren
2773 1048 35 34 in
2832 1047 126 35 seinem
2978 1049 147 33 Gemüte
3145 1045 229 35 hinterlassen.
3431 1047 70 33 Aus

2330 1102 114 35 diesen
2458 1103 240 46 Stimmungen
2718 1101 104 35 seines
2837 1103 122 31 Innern
2978 1100 120 34 heraus
3120 1098 83 35 malt
3223 1112 33 21 er
3274 1100 37 33 in
3330 1099 57 34 der
3401 1098 100 49 Folge

2331 1155 208 35 Weltflucht
2567 1155 70 33 und
2662 1156 197 46 Entsagung
2884 1154 36 34 in
2947 1153 77 34 dem
3048 1152 113 35 Leben
3186 1151 73 36 und
3285 1151 134 36 Sterben
3447 1152 55 34 der

2331 1209 213 49 Trappisten,
2564 1207 58 35 das
2642 1207 107 35 Elend
2768 1207 73 35 und
2866 1206 64 35 den
2951 1206 99 35 Groll
3078 1205 55 35 des
3155 1204 260 49 Bauernkrieges
3434 1218 68 22 von

2339 1274 109 36 1797,
2469 1261 64 35 den
2553 1260 248 48 unschuldigen
2819 1259 76 35 Tod
2916 1260 34 34 in
2971 1259 77 34 dem
3067 1259 221 48 gesteinigten
3304 1258 198 49 Stephanus,

2333 1315 52 35 die
2397 1316 239 46 Stimmungen
2648 1314 56 34 der
2714 1312 245 50 Frömmigkeit
2973 1314 38 33 in
3026 1314 174 33 mehreren
3210 1312 292 35 Kirchenbildern.

2333 1371 80 33 Von
2440 1368 157 34 letzteren
2625 1381 80 34 mag
2733 1366 135 36 freilich
2895 1367 158 34 manches
3081 1364 318 49 Bestellungsarbeit
3424 1367 78 34 sein.

2332 1425 69 31 Der
2420 1421 63 35 Stil
2509 1421 203 47 wenigstens
2737 1420 60 35 hat
2822 1420 93 35 noch
2935 1428 105 27 etwas
3060 1418 263 36 konventionell
3346 1418 158 40 Schönes,

2333 1489 83 21 vom
2436 1473 278 49 Zeitgeschmack
2735 1472 235 37 Gebundenes.

2415 1531 94 33 Ganz
2529 1541 33 21 er
2587 1527 99 35 selbst
2706 1526 89 36 wird
2815 1540 33 21 er
2867 1535 80 32 erst,
2975 1525 47 36 als
3049 1526 61 34 ihn
3129 1538 60 22 um
3217 1525 96 35 1880
3341 1525 72 34 eine
3432 1526 49 33 An-

2333 1595 131 35 regung
2480 1580 145 36 Camille
2639 1580 219 35 Lemonniers
2878 1580 35 34 in
2935 1580 52 34 die
3001 1578 300 35 Industriebezirke
3321 1578 72 34 und
3408 1580 79 45 Berg-

2333 1634 117 37 werke
2476 1636 104 33 seines
2600 1633 219 35 Vaterlandes
2846 1631 107 37 führt.
3008 1632 84 35 Hier
3118 1641 64 25 erst
3201 1644 75 23 war
3295 1644 48 28 es,
3370 1644 61 22 wo
3452 1630 55 35 der

2333 1702 85 21 neue
2442 1688 112 34 Maler
2577 1688 35 34 in
2636 1688 72 34 ihm
2728 1687 97 35 ward
2853 1686 68 35 und
2944 1686 138 41 wuchs,
3109 1686 65 33 den
3199 1686 67 34 wir
3285 1684 220 36 bewundern.

2334 1742 81 35 Und
2434 1754 73 22 was
2528 1754 34 21 er
2581 1741 85 35 malt
2690 1741 43 34 ist
2753 1741 54 34 ein
2833 1753 98 22 neues
2951 1738 151 49 Belgien,
3130 1738 57 35 das
3208 1738 155 47 Belgien,
3389 1750 42 23 an
3450 1738 56 34 das

2335 1796 73 34 sich
2427 1795 91 34 noch
2539 1794 79 35 kein
2637 1794 110 35 Maler
2766 1806 63 23 vor
2849 1794 73 34 ihm
2942 1801 150 39 gewagt.
3134 1794 40 32 Es
3195 1792 43 33 ist
3257 1790 57 35 das
3335 1791 95 35 Land
3450 1790 58 35 der

2335 1846 255 38 Kohlenwerke
2619 1847 71 34 und
2715 1846 182 42 Fabriken;
2924 1845 57 36 das
3009 1845 112 40 Land,
3149 1844 108 35 durch
3281 1844 58 35 das
3363 1843 145 36 zahllose

2335 1902 277 47 Eisenbahnzüge
2637 1898 66 37 auf
2726 1900 77 35 dem
2832 1900 188 35 dichtesten
3045 1899 261 34 Schienennetze
3336 1897 57 34 der
3412 1896 97 36 Welt

2336 1957 75 46 Tag
2448 1954 70 35 und
2551 1954 118 35 Nacht
2706 1953 220 48 dahinjagen,
2965 1952 172 35 zwischen
3174 1964 128 35 ganzen
3341 1950 167 48 Gebirgen

2336 2008 243 40 schwelender,
2605 2020 69 23 von
2699 2006 226 49 qualmenden
2952 2005 158 35 Schloten
3137 2004 194 49 überragter
3356 2004 132 35 Kohlen-

2336 2062 126 35 halden
2473 2076 8 27 ;
2519 2074 60 22 wo
2619 2060 53 35 die
2710 2060 187 35 Menschen
2939 2059 70 36 wie
3048 2058 53 35 die
3144 2058 158 35 Ameisen
3346 2056 65 36 auf
3448 2056 61 35 den

2337 2116 195 34 schwarzen
2565 2111 315 38 Schlackenhaufen
2920 2110 267 37 umherklettern
3219 2110 73 36 und
3323 2119 99 26 unter
3455 2110 54 35 der

2337 2169 85 35 Erde
2442 2181 42 22 an
2499 2166 290 37 hunderttausend
2805 2166 176 49 Bergleute
3000 2165 58 34 der
3072 2164 114 36 Kohle
3201 2166 35 33 in
3252 2165 109 34 einem
3377 2164 132 36 Gewirr

2338 2221 146 36 dunkler
2504 2224 118 45 Gänge
2641 2219 226 49 nachgraben.

2418 2277 115 32 Kaum
2557 2274 98 35 sollte
2679 2287 80 22 man
2785 2286 30 22 es
2843 2270 56 37 für
2925 2272 154 48 möglich
3099 2271 131 40 halten,
3258 2269 73 36 dafs
3351 2271 35 34 in
3407 2269 103 36 dieser

2339 2329 193 34 schwarzen
2571 2326 250 41 Kohlenhölle,
2868 2334 98 27 unter
3013 2324 127 35 diesem
3176 2323 331 36 rauchverfinsterten

2340 2380 154 37 Himmel
2514 2380 54 35 die
2587 2380 120 35 Blume
2732 2380 57 35 der
2808 2382 112 32 Kunst
2942 2378 161 35 erblühen
3123 2377 141 36 könnte.
3320 2377 79 34 Und
3421 2377 88 34 doch

2340 2436 42 34 ist
2412 2435 69 34 dies
2507 2434 195 41 „schwarze
2726 2434 96 35 Land
2826 2440 22 14 cc
2951 2435 28 32 le
3005 2434 160 43 Bonnage
3172 2458 10 14 ,
3210 2431 57 34 das
3295 2430 120 36 Gebiet
3442 2443 68 22 von

2340 2491 128 46 Bergen
2498 2487 140 48 (Mons)
2749 2486 54 35 die
2835 2485 201 49 eigentliche
3069 2485 141 34 Heimat
3241 2497 71 22 von
3340 2484 169 34 Meuniers

2340 2542 176 35 Phantasie
2543 2540 187 49 geblieben.
2786 2541 83 33 Hier
2894 2539 97 35 weilt
3015 2539 45 34 sie
3089 2551 55 21 am
3167 2537 159 41 liebsten,
3353 2535 64 36 auf
3436 2537 75 34 dem

2340 2594 223 36 verbrannten
2582 2593 127 42 Boden,
2731 2594 169 34 zwischen
2917 2592 65 34 den
3001 2591 146 48 rufsigen
3165 2590 257 48 Ziegelmauern
3442 2588 67 36 und

2342 2648 77 35 dem
2443 2647 356 48 rauchgeschwärzten
2817 2644 228 37 Balkenwerk
3065 2644 57 35 der
3141 2644 281 40 Schachthäuser,
3441 2643 70 35 und

2342 2715 62 22 vor
2431 2701 101 35 allem
2556 2700 54 35 bei
2636 2700 63 35 den
2723 2700 205 40 Menschen,
2957 2698 133 36 welche
3118 2698 35 34 in
3180 2697 104 35 dieser
3306 2696 205 49 Umgebung

2342 2755 97 35 leben
2458 2754 71 35 und
2549 2753 148 36 arbeiten
2715 2758 146 29 müssen.

2424 2811 41 32 Er
2485 2807 158 36 schildert
2664 2806 53 35 die
2735 2806 192 49 Bergleute,
2953 2806 67 34 wie
3045 2805 46 34 sie
3116 2817 62 22 vor
3198 2803 77 35 dem
3294 2803 218 40 Förderhaus,

2344 2862 57 34 der
2427 2860 157 36 Einfahrt
2607 2860 173 42 wartend,
2807 2859 311 35 zusammenstehen
3144 2857 73 35 und
3243 2857 163 49 plaudern
3434 2855 80 35 oder

2343 2913 356 49 zusammengekauert
2726 2912 150 43 hocken;
2906 2913 68 34 wie
3003 2912 45 34 sie
3076 2911 55 34 bei
3154 2913 279 46 Morgengrauen
3460 2909 53 34 die

2344 2968 238 35 Kohlenhalde
2601 2980 77 21 zum
2699 2965 181 50 Bergwerk
2900 2963 286 42 hinaufklettern,
3208 2964 80 35 oder
3309 2963 53 35 des
3378 2961 135 37 Abends

2344 3023 36 34 in
2399 3022 138 48 langem
2552 3023 95 46 Zuge
2668 3020 152 35 ermüdet
2839 3019 231 34 heimkehren.
3100 3020 43 32 Er
3157 3018 86 47 zeigt
3262 3030 63 22 uns
3346 3017 53 35 die
3419 3024 95 26 roten

2346 3074 241 50 Ziegeldächer
2617 3074 57 34 der
2703 3071 285 43 Arbeiterdörfer,
3020 3072 54 34 die
3102 3084 59 22 aus
3191 3071 66 34 den
3285 3070 146 35 Thälern
3460 3069 54 34 der

2345 3130 199 34 schwarzen
2568 3126 320 49 Schlackengebirge
2913 3125 292 35 herausleuchten.
3261 3126 43 32 Er
3330 3122 96 36 führt
3452 3135 61 21 uns

2345 3184 36 33 in
2402 3182 53 35 die
2474 3179 206 37 Dorfstrafse
2699 3180 118 35 hinein
2843 3179 71 35 und
2934 3178 78 35 läfst
3038 3191 62 22 uns
3125 3177 54 35 die
3198 3177 184 35 Häuschen
3401 3176 110 41 sehen,

2348 3237 65 39 die,
2434 3236 68 35 wie
2523 3248 57 21 zur
2600 3234 179 48 Erholung
2798 3246 68 22 von
2886 3233 77 34 dem
2983 3233 172 46 traurigen
3175 3230 158 36 Schwarz
3358 3230 56 34 der
3433 3228 81 35 Erde

2347 3288 71 36 und
2439 3288 56 35 des
2510 3287 180 41 Himmels,
2712 3285 150 37 fröhlich
2882 3286 84 35 bunt
2981 3285 126 35 bemalt
3126 3284 87 41 sind,
3234 3283 78 35 bald
3328 3282 89 41 blau,
3438 3281 75 36 bald

2347 3356 87 21 rosa.
2464 3345 71 32 Vor
2555 3342 90 34 einer
2659 3340 105 35 dieser
2779 3342 132 33 Hütten
2925 3340 125 33 nimmt
3069 3338 54 35 die
3137 3341 106 45 junge
3257 3335 257 50 Bergarbeiterin

2347 3397 35 34 in
2403 3396 87 34 ihrer
2509 3394 186 36 schlanken
2714 3393 275 40 Männertracht,
3015 3393 54 34 ihr
3093 3391 272 35 Schwesterchen
3393 3402 43 22 an
3459 3387 55 35 der

2347 3449 105 36 Hand
2471 3448 151 41 haltend,
2643 3445 66 37 auf
2723 3448 78 34 dem
2820 3449 112 46 Wege
2952 3459 41 21 zu
3012 3446 108 34 ihrem
3138 3442 191 50 Tagewerk
3349 3440 164 38 Abschied

2347 3516 69 22 von
2438 3502 56 35 der
2512 3504 149 38 Mutter,
2688 3501 53 34 die
2761 3501 72 34 sich
2858 3513 58 21 aus
2938 3499 56 34 der
3013 3500 114 33 Thüre
3147 3497 114 49 beugt.
3317 3497 63 34 Ein
3397 3499 117 44 junger

2348 3557 144 34 Bursche
2503 3554 95 35 lehnt
2608 3568 55 21 am
2674 3553 267 36 Nachbarhause
2953 3552 69 35 und
3033 3551 106 36 blickt
3150 3551 77 35 dem
3237 3549 171 36 Mädchen
3417 3547 96 35 nach.

2427 3612 39 32 In
2493 3610 111 33 einem
2631 3607 144 35 anderen
2802 3607 93 34 Bilde
2920 3605 158 36 schildert
3110 3605 57 35 der
3191 3604 109 36 Maler
3333 3603 51 34 die
3411 3600 103 50 Opfer

2349 3664 85 34 eines
2463 3660 318 49 Grubenunglücks.
2845 3662 37 32 In
2909 3660 108 35 einem
3048 3657 152 36 dunklen
3232 3657 89 35 öden
3347 3654 167 38 Gemache
