<?xml version="1.0" encoding="UTF-8"?>
<alto xmlns:xsi="http://www.w3.org/2001/XMLSchema-instance" xmlns="http://www.loc.gov/standards/alto/ns-v2#" xsi:schemaLocation="http://www.loc.gov/standards/alto/ns-v2# http://www.loc.gov/standards/alto/v2/alto-2-0.xsd" xmlns:xlink="http://www.w3.org/1999/xlink">
	<Description>
		<MeasurementUnit>mm10</MeasurementUnit>
		<sourceImageInformation>
			<fileName>//lib-docworks1/IN/PUL-BlueMountain-RQA/periodicals/bmtnabe/issues/1897/10_01/00000077.jp2</fileName>
		</sourceImageInformation>
		<OCRProcessing ID="OCRPROCESSING_1">
			<preProcessingStep>
				<processingSoftware>
					<softwareCreator>CCS Content Conversion Specialists GmbH, Germany</softwareCreator>
					<softwareName>CCS docWorks</softwareName>
					<softwareVersion>6.8-1.24</softwareVersion>
				</processingSoftware>
			</preProcessingStep>
			<ocrProcessingStep>
				<processingSoftware>
					<softwareCreator>ABBYY (BIT Software), Russia</softwareCreator>
					<softwareName>FineReader</softwareName>
					<softwareVersion>11.0</softwareVersion>
				</processingSoftware>
			</ocrProcessingStep>
			<postProcessingStep>
				<processingSoftware>
					<softwareCreator>CCS Content Conversion Specialists GmbH, Germany</softwareCreator>
					<softwareName>CCS docWorks</softwareName>
					<softwareVersion>6.8-1.24</softwareVersion>
					<applicationDescription>docWorks: Text modified manually, or automatically replaced</applicationDescription>
				</processingSoftware>
			</postProcessingStep>
		</OCRProcessing>
	</Description>
	<Styles>
		<TextStyle ID="TXT_0" FONTSIZE="43" FONTFAMILY="Courier New"/>
		<TextStyle ID="TXT_1" FONTSIZE="28" FONTFAMILY="Times New Roman"/>
		<TextStyle ID="TXT_2" FONTSIZE="13" FONTFAMILY="Times New Roman"/>
		<TextStyle ID="TXT_3" FONTSIZE="5" FONTFAMILY="Times New Roman"/>
		<TextStyle ID="TXT_4" FONTSIZE="6" FONTFAMILY="Times New Roman"/>
		<TextStyle ID="TXT_5" FONTSIZE="15" FONTFAMILY="Times New Roman"/>
		<ParagraphStyle ID="PAR_LEFT" ALIGN="Left"/>
		<ParagraphStyle ID="PAR_CENTER" ALIGN="Center"/>
		<ParagraphStyle ID="PAR_BLOCK" ALIGN="Block"/>
	</Styles>
	<Layout>
		<Page ID="P77" PHYSICAL_IMG_NR="77" HEIGHT="4572" WIDTH="3646" PRINTED_IMG_NR="123" PC="0.966">
			<TopMargin ID="P77_TM00001" HPOS="0" VPOS="0" WIDTH="3646" HEIGHT="530"/>
			<LeftMargin ID="P77_LM00001" HPOS="0" VPOS="530" WIDTH="261" HEIGHT="3338"/>
			<RightMargin ID="P77_RM00001" HPOS="2707" VPOS="530" WIDTH="939" HEIGHT="3338"/>
			<BottomMargin ID="P77_BM00001" HPOS="0" VPOS="3868" WIDTH="3646" HEIGHT="704">
				<TextBlock ID="P77_TB00001" HPOS="1441" VPOS="3871" WIDTH="70" HEIGHT="35" STYLEREFS="TXT_0 PAR_LEFT">
					<TextLine ID="P77_TL00001" HPOS="1441" VPOS="3871" WIDTH="70" HEIGHT="35">
						<String ID="P77_ST00001" HPOS="1441" VPOS="3871" WIDTH="70" HEIGHT="35" CONTENT="123" WC="1.00" CC="000"/>
					</TextLine>
				</TextBlock>
			</BottomMargin>
			<PrintSpace ID="P77_PS00001" HPOS="261" VPOS="530" WIDTH="2446" HEIGHT="3338">
				<TextBlock ID="P77_TB00002" HPOS="937" VPOS="2301" WIDTH="1129" HEIGHT="77" STYLEREFS="TXT_1 PAR_CENTER">
					<TextLine ID="P77_TL00002" HPOS="937" VPOS="2304" WIDTH="1129" HEIGHT="74">
						<String ID="P77_ST00002" HPOS="937" VPOS="2304" WIDTH="641" HEIGHT="70" CONTENT="CONSTANTIN" WC="0.83" CC="1005030060"/>
						<SP ID="P77_SP00001" HPOS="1578" VPOS="2374" WIDTH="49"/>
						<String ID="P77_ST00003" HPOS="1627" VPOS="2314" WIDTH="439" HEIGHT="64" CONTENT="MEUNIER" WC="0.86" CC="0030401"/>
					</TextLine>
				</TextBlock>
				<TextBlock ID="P77_TB00003" HPOS="262" VPOS="2539" WIDTH="1185" HEIGHT="1141" STYLEREFS="TXT_2 PAR_BLOCK">
					<Shape>
						<Polygon POINTS="1447,3680 262,3680 262,3172 855,3172 855,2539 1447,2539"/>
					</Shape>
					<TextLine ID="P77_TL00003" HPOS="858" VPOS="2541" WIDTH="589" HEIGHT="47">
						<String ID="P77_ST00004" HPOS="858" VPOS="2541" WIDTH="39" HEIGHT="33" CONTENT="IE" WC="0.69" CC="06"/>
						<SP ID="P77_SP00002" HPOS="897" VPOS="2574" WIDTH="28"/>
						<String ID="P77_ST00005" HPOS="925" VPOS="2541" WIDTH="271" HEIGHT="47" CONTENT="ungewöhnlich" WC="0.99" CC="775277711307"/>
						<SP ID="P77_SP00003" HPOS="1196" VPOS="2588" WIDTH="32"/>
						<String ID="P77_ST00006" HPOS="1228" VPOS="2544" WIDTH="108" HEIGHT="35" CONTENT="reiche" WC="0.99" CC="336000"/>
						<SP ID="P77_SP00004" HPOS="1336" VPOS="2588" WIDTH="28"/>
						<String ID="P77_ST00007" HPOS="1364" VPOS="2549" WIDTH="63" HEIGHT="32" CONTENT="Ver" SUBS_TYPE="HypPart1" SUBS_CONTENT="Vertretung" WC="0.96" CC="245"/>
						<HYP HPOS="1427" VPOS="2549" WIDTH="20" CONTENT="-"/>
					</TextLine>
					<TextLine ID="P77_TL00004" HPOS="876" VPOS="2594" WIDTH="570" HEIGHT="50">
						<String ID="P77_ST00008" HPOS="876" VPOS="2601" WIDTH="135" HEIGHT="40" CONTENT="tretung" SUBS_TYPE="HypPart2" SUBS_CONTENT="Vertretung" WC="0.98" CC="4350706"/>
						<SP ID="P77_SP00005" HPOS="1011" VPOS="2641" WIDTH="41"/>
						<String ID="P77_ST00009" HPOS="1052" VPOS="2594" WIDTH="57" HEIGHT="35" CONTENT="der" WC="0.96" CC="630"/>
						<SP ID="P77_SP00006" HPOS="1109" VPOS="2641" WIDTH="38"/>
						<String ID="P77_ST00010" HPOS="1147" VPOS="2597" WIDTH="299" HEIGHT="47" CONTENT="zeitgenössischen" WC="1.00" CC="0030035710453004"/>
					</TextLine>
					<TextLine ID="P77_TL00005" HPOS="871" VPOS="2645" WIDTH="572" HEIGHT="40">
						<String ID="P77_ST00011" HPOS="871" VPOS="2645" WIDTH="213" HEIGHT="36" CONTENT="Bildhauerei" WC="0.99" CC="04130733364"/>
						<SP ID="P77_SP00007" HPOS="1084" VPOS="2681" WIDTH="21"/>
						<String ID="P77_ST00012" HPOS="1105" VPOS="2647" WIDTH="64" HEIGHT="35" CONTENT="auf" WC="0.94" CC="906"/>
						<SP ID="P77_SP00008" HPOS="1169" VPOS="2682" WIDTH="19"/>
						<String ID="P77_ST00013" HPOS="1188" VPOS="2649" WIDTH="57" HEIGHT="35" CONTENT="der" WC="0.99" CC="002"/>
						<SP ID="P77_SP00009" HPOS="1245" VPOS="2684" WIDTH="20"/>
						<String ID="P77_ST00014" HPOS="1265" VPOS="2659" WIDTH="106" HEIGHT="26" CONTENT="ersten" WC="0.99" CC="330000"/>
						<SP ID="P77_SP00010" HPOS="1371" VPOS="2685" WIDTH="20"/>
						<String ID="P77_ST00015" HPOS="1391" VPOS="2652" WIDTH="35" HEIGHT="33" CONTENT="in" SUBS_TYPE="HypPart1" SUBS_CONTENT="internationalen" WC="0.98" CC="50"/>
						<HYP HPOS="1426" VPOS="2652" WIDTH="17" CONTENT="-"/>
					</TextLine>
					<TextLine ID="P77_TL00006" HPOS="869" VPOS="2700" WIDTH="573" HEIGHT="51">
						<String ID="P77_ST00016" HPOS="869" VPOS="2700" WIDTH="244" HEIGHT="34" CONTENT="ternationalen" SUBS_TYPE="HypPart2" SUBS_CONTENT="internationalen" WC="1.00" CC="0610000060024"/>
						<SP ID="P77_SP00011" HPOS="1113" VPOS="2734" WIDTH="7"/>
						<String ID="P77_ST00017" HPOS="1120" VPOS="2703" WIDTH="322" HEIGHT="48" CONTENT="Kunstausstellung" WC="1.00" CC="5700005020502600"/>
					</TextLine>
					<TextLine ID="P77_TL00007" HPOS="870" VPOS="2751" WIDTH="572" HEIGHT="40">
						<String ID="P77_ST00018" HPOS="870" VPOS="2751" WIDTH="162" HEIGHT="36" CONTENT="Dresdens" WC="0.99" CC="61400000"/>
						<SP ID="P77_SP00012" HPOS="1032" VPOS="2787" WIDTH="37"/>
						<String ID="P77_ST00019" HPOS="1069" VPOS="2753" WIDTH="88" HEIGHT="35" CONTENT="wird" WC="0.96" CC="9450"/>
						<SP ID="P77_SP00013" HPOS="1157" VPOS="2788" WIDTH="38"/>
						<String ID="P77_ST00020" HPOS="1195" VPOS="2755" WIDTH="64" HEIGHT="34" CONTENT="den" WC="1.00" CC="000"/>
						<SP ID="P77_SP00014" HPOS="1259" VPOS="2789" WIDTH="30"/>
						<String ID="P77_ST00021" HPOS="1289" VPOS="2757" WIDTH="132" HEIGHT="34" CONTENT="Archäo" SUBS_TYPE="HypPart1" SUBS_CONTENT="Archäologen" WC="0.98" CC="434050"/>
						<HYP HPOS="1421" VPOS="2757" WIDTH="21" CONTENT="-"/>
					</TextLine>
					<TextLine ID="P77_TL00008" HPOS="867" VPOS="2804" WIDTH="574" HEIGHT="50">
						<String ID="P77_ST00022" HPOS="867" VPOS="2804" WIDTH="102" HEIGHT="48" CONTENT="logen" SUBS_TYPE="HypPart2" SUBS_CONTENT="Archäologen" WC="0.99" CC="30040"/>
						<SP ID="P77_SP00015" HPOS="969" VPOS="2852" WIDTH="15"/>
						<String ID="P77_ST00023" HPOS="984" VPOS="2818" WIDTH="41" HEIGHT="22" CONTENT="zu" WC="0.72" CC="05"/>
						<SP ID="P77_SP00016" HPOS="1025" VPOS="2852" WIDTH="15"/>
						<String ID="P77_ST00024" HPOS="1040" VPOS="2805" WIDTH="131" HEIGHT="36" CONTENT="denken" WC="0.99" CC="050160"/>
						<SP ID="P77_SP00017" HPOS="1171" VPOS="2852" WIDTH="12"/>
						<String ID="P77_ST00025" HPOS="1183" VPOS="2807" WIDTH="116" HEIGHT="47" CONTENT="geben," WC="0.98" CC="057004"/>
						<SP ID="P77_SP00018" HPOS="1299" VPOS="2854" WIDTH="12"/>
						<String ID="P77_ST00026" HPOS="1311" VPOS="2808" WIDTH="130" HEIGHT="35" CONTENT="welche" WC="0.99" CC="900003"/>
					</TextLine>
					<TextLine ID="P77_TL00009" HPOS="866" VPOS="2857" WIDTH="574" HEIGHT="38">
						<String ID="P77_ST00027" HPOS="866" VPOS="2857" WIDTH="71" HEIGHT="35" CONTENT="sich" WC="0.98" CC="4300"/>
						<SP ID="P77_SP00019" HPOS="937" VPOS="2892" WIDTH="20"/>
						<String ID="P77_ST00028" HPOS="957" VPOS="2857" WIDTH="111" HEIGHT="35" CONTENT="diesen" WC="0.99" CC="045100"/>
						<SP ID="P77_SP00020" HPOS="1068" VPOS="2892" WIDTH="20"/>
						<String ID="P77_ST00029" HPOS="1088" VPOS="2859" WIDTH="123" HEIGHT="35" CONTENT="Herbst" WC="0.98" CC="606610"/>
						<SP ID="P77_SP00021" HPOS="1211" VPOS="2894" WIDTH="26"/>
						<String ID="P77_ST00030" HPOS="1237" VPOS="2873" WIDTH="77" HEIGHT="22" CONTENT="zum" WC="0.97" CC="132"/>
						<SP ID="P77_SP00022" HPOS="1314" VPOS="2895" WIDTH="21"/>
						<String ID="P77_ST00031" HPOS="1335" VPOS="2870" WIDTH="105" HEIGHT="25" CONTENT="ersten" WC="0.99" CC="440005"/>
					</TextLine>
					<TextLine ID="P77_TL00010" HPOS="866" VPOS="2909" WIDTH="574" HEIGHT="40">
						<String ID="P77_ST00032" HPOS="866" VPOS="2909" WIDTH="92" HEIGHT="36" CONTENT="Male" WC="0.98" CC="6005"/>
						<SP ID="P77_SP00023" HPOS="958" VPOS="2945" WIDTH="30"/>
						<String ID="P77_ST00033" HPOS="988" VPOS="2912" WIDTH="34" HEIGHT="33" CONTENT="in" WC="0.69" CC="60"/>
						<SP ID="P77_SP00024" HPOS="1022" VPOS="2945" WIDTH="29"/>
						<String ID="P77_ST00034" HPOS="1051" VPOS="2911" WIDTH="56" HEIGHT="35" CONTENT="der" WC="0.98" CC="005"/>
						<SP ID="P77_SP00025" HPOS="1107" VPOS="2946" WIDTH="31"/>
						<String ID="P77_ST00035" HPOS="1138" VPOS="2912" WIDTH="94" HEIGHT="34" CONTENT="Stadt" WC="1.00" CC="00000"/>
						<SP ID="P77_SP00026" HPOS="1232" VPOS="2946" WIDTH="27"/>
						<String ID="P77_ST00036" HPOS="1259" VPOS="2913" WIDTH="159" HEIGHT="36" CONTENT="Winckel" SUBS_TYPE="HypPart1" SUBS_CONTENT="Winckelmanns" WC="0.69" CC="0750007"/>
						<HYP HPOS="1418" VPOS="2913" WIDTH="22" CONTENT="-"/>
					</TextLine>
					<TextLine ID="P77_TL00011" HPOS="865" VPOS="2964" WIDTH="574" HEIGHT="37">
						<String ID="P77_ST00037" HPOS="865" VPOS="2976" WIDTH="120" HEIGHT="21" CONTENT="manns" SUBS_TYPE="HypPart2" SUBS_CONTENT="Winckelmanns" WC="0.84" CC="07000"/>
						<SP ID="P77_SP00027" HPOS="985" VPOS="2997" WIDTH="26"/>
						<String ID="P77_ST00038" HPOS="1011" VPOS="2964" WIDTH="229" HEIGHT="37" CONTENT="versammeln." WC="0.99" CC="00307203104"/>
						<SP ID="P77_SP00028" HPOS="1240" VPOS="3001" WIDTH="53"/>
						<String ID="P77_ST00039" HPOS="1293" VPOS="2966" WIDTH="126" HEIGHT="34" CONTENT="Andert" SUBS_TYPE="HypPart1" SUBS_CONTENT="Anderthalb" WC="0.99" CC="600040"/>
						<HYP HPOS="1419" VPOS="2966" WIDTH="20" CONTENT="-"/>
					</TextLine>
					<TextLine ID="P77_TL00012" HPOS="864" VPOS="3016" WIDTH="575" HEIGHT="45">
						<String ID="P77_ST00040" HPOS="864" VPOS="3016" WIDTH="79" HEIGHT="34" CONTENT="halb" SUBS_TYPE="HypPart2" SUBS_CONTENT="Anderthalb" WC="0.94" CC="7757"/>
						<SP ID="P77_SP00029" HPOS="943" VPOS="3050" WIDTH="19"/>
						<String ID="P77_ST00041" HPOS="962" VPOS="3017" WIDTH="243" HEIGHT="44" CONTENT="Jahrhunderte" WC="0.99" CC="300605002504"/>
						<SP ID="P77_SP00030" HPOS="1205" VPOS="3061" WIDTH="14"/>
						<String ID="P77_ST00042" HPOS="1219" VPOS="3018" WIDTH="73" HEIGHT="34" CONTENT="sind" WC="0.98" CC="1600"/>
						<SP ID="P77_SP00031" HPOS="1292" VPOS="3061" WIDTH="21"/>
						<String ID="P77_ST00043" HPOS="1313" VPOS="3031" WIDTH="30" HEIGHT="21" CONTENT="es" WC="0.87" CC="02"/>
						<SP ID="P77_SP00032" HPOS="1343" VPOS="3061" WIDTH="18"/>
						<String ID="P77_ST00044" HPOS="1361" VPOS="3018" WIDTH="78" HEIGHT="35" CONTENT="bald" WC="0.98" CC="7000"/>
					</TextLine>
					<TextLine ID="P77_TL00013" HPOS="863" VPOS="3069" WIDTH="570" HEIGHT="49">
						<String ID="P77_ST00045" HPOS="863" VPOS="3069" WIDTH="76" HEIGHT="40" CONTENT="her," WC="0.99" CC="0004"/>
						<SP ID="P77_SP00033" HPOS="939" VPOS="3109" WIDTH="28"/>
						<String ID="P77_ST00046" HPOS="967" VPOS="3069" WIDTH="60" HEIGHT="34" CONTENT="seit" WC="0.99" CC="0050"/>
						<SP ID="P77_SP00034" HPOS="1027" VPOS="3109" WIDTH="24"/>
						<String ID="P77_ST00047" HPOS="1051" VPOS="3069" WIDTH="72" HEIGHT="35" CONTENT="hier" WC="0.98" CC="0450"/>
						<SP ID="P77_SP00035" HPOS="1123" VPOS="3109" WIDTH="25"/>
						<String ID="P77_ST00048" HPOS="1148" VPOS="3071" WIDTH="48" HEIGHT="33" CONTENT="im" WC="1.00" CC="00"/>
						<SP ID="P77_SP00036" HPOS="1196" VPOS="3109" WIDTH="23"/>
						<String ID="P77_ST00049" HPOS="1219" VPOS="3071" WIDTH="96" HEIGHT="44" CONTENT="Jahre" WC="1.00" CC="30000"/>
						<SP ID="P77_SP00037" HPOS="1315" VPOS="3115" WIDTH="24"/>
						<String ID="P77_ST00050" HPOS="1339" VPOS="3083" WIDTH="94" HEIGHT="35" CONTENT="1755" WC="0.50" CC="0775"/>
					</TextLine>
					<TextLine ID="P77_TL00014" HPOS="863" VPOS="3120" WIDTH="574" HEIGHT="43">
						<String ID="P77_ST00051" HPOS="863" VPOS="3120" WIDTH="283" HEIGHT="36" CONTENT="Winckelmanns" WC="0.83" CC="050105200050"/>
						<SP ID="P77_SP00038" HPOS="1146" VPOS="3156" WIDTH="79"/>
						<String ID="P77_ST00052" HPOS="1225" VPOS="3123" WIDTH="212" HEIGHT="40" CONTENT="„Gedanken" WC="0.99" CC="636000001"/>
					</TextLine>
					<TextLine ID="P77_TL00015" HPOS="270" VPOS="3169" WIDTH="1166" HEIGHT="52">
						<String ID="P77_ST00053" HPOS="270" VPOS="3169" WIDTH="80" HEIGHT="35" CONTENT="über" WC="0.97" CC="0606"/>
						<SP ID="P77_SP00039" HPOS="350" VPOS="3204" WIDTH="27"/>
						<String ID="P77_ST00054" HPOS="377" VPOS="3170" WIDTH="53" HEIGHT="35" CONTENT="die" WC="0.99" CC="002"/>
						<SP ID="P77_SP00040" HPOS="430" VPOS="3205" WIDTH="19"/>
						<String ID="P77_ST00055" HPOS="449" VPOS="3172" WIDTH="255" HEIGHT="49" CONTENT="Nachahmung" WC="0.99" CC="1027770400"/>
						<SP ID="P77_SP00041" HPOS="704" VPOS="3221" WIDTH="29"/>
						<String ID="P77_ST00056" HPOS="733" VPOS="3174" WIDTH="57" HEIGHT="35" CONTENT="der" WC="0.98" CC="005"/>
						<SP ID="P77_SP00042" HPOS="790" VPOS="3221" WIDTH="28"/>
						<String ID="P77_ST00057" HPOS="818" VPOS="3174" WIDTH="229" HEIGHT="47" CONTENT="griechischen" WC="1.00" CC="062000210020"/>
						<SP ID="P77_SP00043" HPOS="1047" VPOS="3221" WIDTH="20"/>
						<String ID="P77_ST00058" HPOS="1067" VPOS="3174" WIDTH="130" HEIGHT="35" CONTENT="Werke" WC="0.99" CC="42210"/>
						<SP ID="P77_SP00044" HPOS="1197" VPOS="3221" WIDTH="19"/>
						<String ID="P77_ST00059" HPOS="1216" VPOS="3176" WIDTH="35" HEIGHT="33" CONTENT="in" WC="1.00" CC="00"/>
						<SP ID="P77_SP00045" HPOS="1251" VPOS="3221" WIDTH="20"/>
						<String ID="P77_ST00060" HPOS="1271" VPOS="3176" WIDTH="55" HEIGHT="34" CONTENT="der" WC="0.96" CC="036"/>
						<SP ID="P77_SP00046" HPOS="1326" VPOS="3221" WIDTH="17"/>
						<String ID="P77_ST00061" HPOS="1343" VPOS="3176" WIDTH="75" HEIGHT="34" CONTENT="Bild" SUBS_TYPE="HypPart1" SUBS_CONTENT="Bildhauerei" WC="0.98" CC="5420"/>
						<HYP HPOS="1418" VPOS="3176" WIDTH="18" CONTENT="-"/>
					</TextLine>
					<TextLine ID="P77_TL00016" HPOS="268" VPOS="3222" WIDTH="1166" HEIGHT="53">
						<String ID="P77_ST00062" HPOS="268" VPOS="3222" WIDTH="137" HEIGHT="35" CONTENT="hauerei" SUBS_TYPE="HypPart2" SUBS_CONTENT="Bildhauerei" WC="0.98" CC="7760420"/>
						<SP ID="P77_SP00047" HPOS="405" VPOS="3257" WIDTH="26"/>
						<String ID="P77_ST00063" HPOS="431" VPOS="3224" WIDTH="69" HEIGHT="35" CONTENT="und" WC="0.99" CC="020"/>
						<SP ID="P77_SP00048" HPOS="500" VPOS="3259" WIDTH="29"/>
						<String ID="P77_ST00064" HPOS="529" VPOS="3225" WIDTH="165" HEIGHT="35" CONTENT="Malerei“" WC="0.99" CC="40005008"/>
						<SP ID="P77_SP00049" HPOS="694" VPOS="3260" WIDTH="24"/>
						<String ID="P77_ST00065" HPOS="718" VPOS="3226" WIDTH="167" HEIGHT="49" CONTENT="gedruckt" WC="0.99" CC="04052025"/>
						<SP ID="P77_SP00050" HPOS="885" VPOS="3275" WIDTH="24"/>
						<String ID="P77_ST00066" HPOS="909" VPOS="3227" WIDTH="156" HEIGHT="35" CONTENT="wurden." WC="0.99" CC="0060040"/>
						<SP ID="P77_SP00051" HPOS="1065" VPOS="3275" WIDTH="50"/>
						<String ID="P77_ST00067" HPOS="1115" VPOS="3230" WIDTH="85" HEIGHT="31" CONTENT="Was" WC="0.94" CC="970"/>
						<SP ID="P77_SP00052" HPOS="1200" VPOS="3275" WIDTH="28"/>
						<String ID="P77_ST00068" HPOS="1228" VPOS="3229" WIDTH="42" HEIGHT="34" CONTENT="ist" WC="0.99" CC="200"/>
						<SP ID="P77_SP00053" HPOS="1270" VPOS="3275" WIDTH="28"/>
						<String ID="P77_ST00069" HPOS="1298" VPOS="3228" WIDTH="136" HEIGHT="35" CONTENT="seitdem" WC="0.99" CC="4040050"/>
					</TextLine>
					<TextLine ID="P77_TL00017" HPOS="270" VPOS="3275" WIDTH="1165" HEIGHT="52">
						<String ID="P77_ST00070" HPOS="270" VPOS="3288" WIDTH="57" HEIGHT="21" CONTENT="aus" WC="0.98" CC="040"/>
						<SP ID="P77_SP00054" HPOS="327" VPOS="3309" WIDTH="20"/>
						<String ID="P77_ST00071" HPOS="347" VPOS="3275" WIDTH="110" HEIGHT="36" CONTENT="diesen" WC="0.99" CC="000402"/>
						<SP ID="P77_SP00055" HPOS="457" VPOS="3311" WIDTH="19"/>
						<String ID="P77_ST00072" HPOS="476" VPOS="3277" WIDTH="290" HEIGHT="50" CONTENT="Ueberlegungen," WC="0.76" CC="10635050350000"/>
						<SP ID="P77_SP00056" HPOS="766" VPOS="3327" WIDTH="20"/>
						<String ID="P77_ST00073" HPOS="786" VPOS="3293" WIDTH="72" HEIGHT="22" CONTENT="was" WC="1.00" CC="000"/>
						<SP ID="P77_SP00057" HPOS="858" VPOS="3327" WIDTH="21"/>
						<String ID="P77_ST00074" HPOS="879" VPOS="3293" WIDTH="57" HEIGHT="20" CONTENT="aus" WC="0.98" CC="030"/>
						<SP ID="P77_SP00058" HPOS="936" VPOS="3327" WIDTH="21"/>
						<String ID="P77_ST00075" HPOS="957" VPOS="3292" WIDTH="132" HEIGHT="22" CONTENT="unserer" WC="0.99" CC="0620103"/>
						<SP ID="P77_SP00059" HPOS="1089" VPOS="3327" WIDTH="18"/>
						<String ID="P77_ST00076" HPOS="1107" VPOS="3280" WIDTH="210" HEIGHT="35" CONTENT="Bildhauerei" WC="0.99" CC="44406051021"/>
						<SP ID="P77_SP00060" HPOS="1317" VPOS="3327" WIDTH="20"/>
						<String ID="P77_ST00077" HPOS="1337" VPOS="3282" WIDTH="79" HEIGHT="34" CONTENT="über" SUBS_TYPE="HypPart1" SUBS_CONTENT="überhaupt" WC="0.99" CC="0001"/>
						<HYP HPOS="1416" VPOS="3282" WIDTH="19" CONTENT="-"/>
					</TextLine>
					<TextLine ID="P77_TL00018" HPOS="266" VPOS="3328" WIDTH="327" HEIGHT="49">
						<String ID="P77_ST00078" HPOS="266" VPOS="3328" WIDTH="107" HEIGHT="49" CONTENT="haupt" SUBS_TYPE="HypPart2" SUBS_CONTENT="überhaupt" WC="0.99" CC="00005"/>
						<SP ID="P77_SP00061" HPOS="373" VPOS="3377" WIDTH="18"/>
						<String ID="P77_ST00079" HPOS="391" VPOS="3330" WIDTH="202" HEIGHT="47" CONTENT="geworden?" WC="0.99" CC="000050215"/>
					</TextLine>
					<TextLine ID="P77_TL00019" HPOS="345" VPOS="3383" WIDTH="1087" HEIGHT="50">
						<String ID="P77_ST00080" HPOS="345" VPOS="3383" WIDTH="64" HEIGHT="33" CONTENT="Die" WC="0.95" CC="632"/>
						<SP ID="P77_SP00062" HPOS="409" VPOS="3416" WIDTH="27"/>
						<String ID="P77_ST00081" HPOS="436" VPOS="3384" WIDTH="163" HEIGHT="35" CONTENT="Antwort" WC="0.99" CC="0000049"/>
						<SP ID="P77_SP00063" HPOS="599" VPOS="3419" WIDTH="25"/>
						<String ID="P77_ST00082" HPOS="624" VPOS="3384" WIDTH="107" HEIGHT="48" CONTENT="geben" WC="0.99" CC="00601"/>
						<SP ID="P77_SP00064" HPOS="731" VPOS="3432" WIDTH="28"/>
						<String ID="P77_ST00083" HPOS="759" VPOS="3384" WIDTH="53" HEIGHT="35" CONTENT="die" WC="0.96" CC="045"/>
						<SP ID="P77_SP00065" HPOS="812" VPOS="3432" WIDTH="23"/>
						<String ID="P77_ST00084" HPOS="835" VPOS="3384" WIDTH="147" HEIGHT="48" CONTENT="Belgier," WC="0.99" CC="34003410"/>
						<SP ID="P77_SP00066" HPOS="982" VPOS="3432" WIDTH="29"/>
						<String ID="P77_ST00085" HPOS="1011" VPOS="3384" WIDTH="130" HEIGHT="35" CONTENT="welche" WC="0.98" CC="901072"/>
						<SP ID="P77_SP00067" HPOS="1141" VPOS="3432" WIDTH="27"/>
						<String ID="P77_ST00086" HPOS="1168" VPOS="3398" WIDTH="42" HEIGHT="21" CONTENT="an" WC="1.00" CC="00"/>
						<SP ID="P77_SP00068" HPOS="1210" VPOS="3432" WIDTH="30"/>
						<String ID="P77_ST00087" HPOS="1240" VPOS="3384" WIDTH="55" HEIGHT="34" CONTENT="der" WC="0.96" CC="044"/>
						<SP ID="P77_SP00069" HPOS="1295" VPOS="3432" WIDTH="28"/>
						<String ID="P77_ST00088" HPOS="1323" VPOS="3386" WIDTH="109" HEIGHT="47" CONTENT="Neige" WC="0.98" CC="50302"/>
					</TextLine>
					<TextLine ID="P77_TL00020" HPOS="266" VPOS="3433" WIDTH="1166" HEIGHT="53">
						<String ID="P77_ST00089" HPOS="266" VPOS="3433" WIDTH="54" HEIGHT="35" CONTENT="des" WC="1.00" CC="000"/>
						<SP ID="P77_SP00070" HPOS="320" VPOS="3468" WIDTH="27"/>
						<String ID="P77_ST00090" HPOS="347" VPOS="3435" WIDTH="237" HEIGHT="44" CONTENT="Jahrhunderts" WC="1.00" CC="070604000600"/>
						<SP ID="P77_SP00071" HPOS="584" VPOS="3479" WIDTH="30"/>
						<String ID="P77_ST00091" HPOS="614" VPOS="3438" WIDTH="52" HEIGHT="34" CONTENT="die" WC="0.98" CC="004"/>
						<SP ID="P77_SP00072" HPOS="666" VPOS="3479" WIDTH="26"/>
						<String ID="P77_ST00092" HPOS="692" VPOS="3437" WIDTH="201" HEIGHT="49" CONTENT="plastischen" WC="0.99" CC="35050047040"/>
						<SP ID="P77_SP00073" HPOS="893" VPOS="3486" WIDTH="31"/>
						<String ID="P77_ST00093" HPOS="924" VPOS="3437" WIDTH="186" HEIGHT="35" CONTENT="Gedanken" WC="1.00" CC="00000150"/>
						<SP ID="P77_SP00074" HPOS="1110" VPOS="3486" WIDTH="29"/>
						<String ID="P77_ST00094" HPOS="1139" VPOS="3437" WIDTH="56" HEIGHT="34" CONTENT="der" WC="0.98" CC="006"/>
						<SP ID="P77_SP00075" HPOS="1195" VPOS="3486" WIDTH="26"/>
						<String ID="P77_ST00095" HPOS="1221" VPOS="3449" WIDTH="108" HEIGHT="22" CONTENT="neuen" WC="0.98" CC="01540"/>
						<SP ID="P77_SP00076" HPOS="1329" VPOS="3486" WIDTH="29"/>
						<String ID="P77_ST00096" HPOS="1358" VPOS="3440" WIDTH="74" HEIGHT="33" CONTENT="Zeit" WC="0.97" CC="0029"/>
					</TextLine>
					<TextLine ID="P77_TL00021" HPOS="265" VPOS="3487" WIDTH="1165" HEIGHT="51">
						<String ID="P77_ST00097" HPOS="265" VPOS="3499" WIDTH="56" HEIGHT="22" CONTENT="am" WC="0.56" CC="80"/>
						<SP ID="P77_SP00077" HPOS="321" VPOS="3521" WIDTH="39"/>
						<String ID="P77_ST00098" HPOS="360" VPOS="3489" WIDTH="289" HEIGHT="36" CONTENT="entschiedensten" WC="1.00" CC="600017300500063"/>
						<SP ID="P77_SP00078" HPOS="649" VPOS="3525" WIDTH="36"/>
						<String ID="P77_ST00099" HPOS="685" VPOS="3489" WIDTH="213" HEIGHT="49" CONTENT="verkörpern." WC="0.99" CC="04330606264"/>
						<SP ID="P77_SP00079" HPOS="898" VPOS="3538" WIDTH="62"/>
						<String ID="P77_ST00100" HPOS="960" VPOS="3490" WIDTH="80" HEIGHT="34" CONTENT="Wir" WC="0.97" CC="044"/>
						<SP ID="P77_SP00080" HPOS="1040" VPOS="3538" WIDTH="37"/>
						<String ID="P77_ST00101" HPOS="1077" VPOS="3487" WIDTH="127" HEIGHT="50" CONTENT="greifen" WC="0.98" CC="0543610"/>
						<SP ID="P77_SP00081" HPOS="1204" VPOS="3538" WIDTH="38"/>
						<String ID="P77_ST00102" HPOS="1242" VPOS="3502" WIDTH="57" HEIGHT="23" CONTENT="aus" WC="0.95" CC="760"/>
						<SP ID="P77_SP00082" HPOS="1299" VPOS="3538" WIDTH="36"/>
						<String ID="P77_ST00103" HPOS="1335" VPOS="3490" WIDTH="95" HEIGHT="35" CONTENT="ihren" WC="0.98" CC="56310"/>
					</TextLine>
					<TextLine ID="P77_TL00022" HPOS="264" VPOS="3539" WIDTH="1166" HEIGHT="52">
						<String ID="P77_ST00104" HPOS="264" VPOS="3539" WIDTH="244" HEIGHT="51" CONTENT="Schöpfungen" WC="1.00" CC="23000040000"/>
						<SP ID="P77_SP00083" HPOS="508" VPOS="3590" WIDTH="21"/>
						<String ID="P77_ST00105" HPOS="529" VPOS="3542" WIDTH="53" HEIGHT="35" CONTENT="die" WC="1.00" CC="000"/>
						<SP ID="P77_SP00084" HPOS="582" VPOS="3590" WIDTH="20"/>
						<String ID="P77_ST00106" HPOS="602" VPOS="3557" WIDTH="54" HEIGHT="20" CONTENT="am" WC="1.00" CC="00"/>
						<SP ID="P77_SP00085" HPOS="656" VPOS="3590" WIDTH="20"/>
						<String ID="P77_ST00107" HPOS="676" VPOS="3544" WIDTH="140" HEIGHT="34" CONTENT="meisten" WC="0.99" CC="0150100"/>
						<SP ID="P77_SP00086" HPOS="816" VPOS="3590" WIDTH="19"/>
						<String ID="P77_ST00108" HPOS="835" VPOS="3542" WIDTH="264" HEIGHT="35" CONTENT="bezeichnenden" WC="1.00" CC="5040400005050"/>
						<SP ID="P77_SP00087" HPOS="1099" VPOS="3590" WIDTH="20"/>
						<String ID="P77_ST00109" HPOS="1119" VPOS="3543" WIDTH="69" HEIGHT="34" CONTENT="und" WC="0.97" CC="700"/>
						<SP ID="P77_SP00088" HPOS="1188" VPOS="3590" WIDTH="16"/>
						<String ID="P77_ST00110" HPOS="1204" VPOS="3544" WIDTH="226" HEIGHT="47" CONTENT="eigenartigen" WC="0.99" CC="030407404032"/>
					</TextLine>
					<TextLine ID="P77_TL00023" HPOS="263" VPOS="3593" WIDTH="1165" HEIGHT="50">
						<String ID="P77_ST00111" HPOS="263" VPOS="3605" WIDTH="38" HEIGHT="21" CONTENT="zu" WC="0.76" CC="04"/>
						<SP ID="P77_SP00089" HPOS="301" VPOS="3626" WIDTH="29"/>
						<String ID="P77_ST00112" HPOS="330" VPOS="3593" WIDTH="212" HEIGHT="47" CONTENT="gesonderter" WC="1.00" CC="04000044006"/>
						<SP ID="P77_SP00090" HPOS="542" VPOS="3640" WIDTH="27"/>
						<String ID="P77_ST00113" HPOS="569" VPOS="3597" WIDTH="228" HEIGHT="46" CONTENT="Betrachtung" WC="0.99" CC="30057200620"/>
						<SP ID="P77_SP00091" HPOS="797" VPOS="3643" WIDTH="28"/>
						<String ID="P77_ST00114" HPOS="825" VPOS="3595" WIDTH="133" HEIGHT="35" CONTENT="heraus:" WC="0.99" CC="0050603"/>
						<SP ID="P77_SP00092" HPOS="958" VPOS="3643" WIDTH="30"/>
						<String ID="P77_ST00115" HPOS="988" VPOS="3595" WIDTH="52" HEIGHT="34" CONTENT="die" WC="0.97" CC="025"/>
						<SP ID="P77_SP00093" HPOS="1040" VPOS="3643" WIDTH="29"/>
						<String ID="P77_ST00116" HPOS="1069" VPOS="3594" WIDTH="128" HEIGHT="36" CONTENT="Werke" WC="0.99" CC="00306"/>
						<SP ID="P77_SP00094" HPOS="1197" VPOS="3643" WIDTH="30"/>
						<String ID="P77_ST00117" HPOS="1227" VPOS="3597" WIDTH="201" HEIGHT="33" CONTENT="Constantin" WC="0.97" CC="0020000010"/>
					</TextLine>
					<TextLine ID="P77_TL00024" HPOS="262" VPOS="3647" WIDTH="180" HEIGHT="33">
						<String ID="P77_ST00118" HPOS="262" VPOS="3647" WIDTH="180" HEIGHT="33" CONTENT="Meuniers." WC="0.81" CC="000302603"/>
					</TextLine>
				</TextBlock>
				<TextBlock ID="P77_TB00004" HPOS="1534" VPOS="2549" WIDTH="1173" HEIGHT="1163" STYLEREFS="TXT_2 PAR_BLOCK">
					<TextLine ID="P77_TL00025" HPOS="1633" VPOS="2551" WIDTH="1074" HEIGHT="57">
						<String ID="P77_ST00119" HPOS="1633" VPOS="2551" WIDTH="84" HEIGHT="32" CONTENT="Dem" WC="0.98" CC="140"/>
						<SP ID="P77_SP00095" HPOS="1717" VPOS="2583" WIDTH="20"/>
						<String ID="P77_ST00120" HPOS="1737" VPOS="2558" WIDTH="105" HEIGHT="26" CONTENT="ersten" WC="0.97" CC="156942"/>
						<SP ID="P77_SP00096" HPOS="1842" VPOS="2584" WIDTH="18"/>
						<String ID="P77_ST00121" HPOS="1860" VPOS="2553" WIDTH="182" HEIGHT="33" CONTENT="Erstaunen" WC="0.99" CC="250065000"/>
						<SP ID="P77_SP00097" HPOS="2042" VPOS="2586" WIDTH="19"/>
						<String ID="P77_ST00122" HPOS="2061" VPOS="2552" WIDTH="123" HEIGHT="36" CONTENT="müfste" WC="0.83" CC="007300"/>
						<SP ID="P77_SP00098" HPOS="2184" VPOS="2588" WIDTH="25"/>
						<String ID="P77_ST00123" HPOS="2209" VPOS="2555" WIDTH="72" HEIGHT="34" CONTENT="hier" WC="0.97" CC="7004"/>
						<SP ID="P77_SP00099" HPOS="2281" VPOS="2589" WIDTH="20"/>
						<String ID="P77_ST00124" HPOS="2301" VPOS="2556" WIDTH="77" HEIGHT="34" CONTENT="alles" WC="1.00" CC="00030"/>
						<SP ID="P77_SP00100" HPOS="2378" VPOS="2590" WIDTH="19"/>
						<String ID="P77_ST00125" HPOS="2397" VPOS="2557" WIDTH="36" HEIGHT="34" CONTENT="in" WC="0.69" CC="60"/>
						<SP ID="P77_SP00101" HPOS="2433" VPOS="2591" WIDTH="20"/>
						<String ID="P77_ST00126" HPOS="2453" VPOS="2558" WIDTH="56" HEIGHT="35" CONTENT="das" WC="0.99" CC="003"/>
						<SP ID="P77_SP00102" HPOS="2509" VPOS="2593" WIDTH="21"/>
						<String ID="P77_ST00127" HPOS="2530" VPOS="2562" WIDTH="177" HEIGHT="46" CONTENT="Gegenteil" WC="1.00" CC="100030101"/>
					</TextLine>
					<TextLine ID="P77_TL00026" HPOS="1553" VPOS="2600" WIDTH="1154" HEIGHT="49">
						<String ID="P77_ST00128" HPOS="1553" VPOS="2613" WIDTH="66" HEIGHT="21" CONTENT="von" WC="1.00" CC="000"/>
						<SP ID="P77_SP00103" HPOS="1619" VPOS="2634" WIDTH="30"/>
						<String ID="P77_ST00129" HPOS="1649" VPOS="2600" WIDTH="76" HEIGHT="35" CONTENT="dem" WC="0.99" CC="020"/>
						<SP ID="P77_SP00104" HPOS="1725" VPOS="2635" WIDTH="28"/>
						<String ID="P77_ST00130" HPOS="1753" VPOS="2602" WIDTH="152" HEIGHT="35" CONTENT="verkehrt" WC="0.99" CC="01305630"/>
						<SP ID="P77_SP00105" HPOS="1905" VPOS="2637" WIDTH="27"/>
						<String ID="P77_ST00131" HPOS="1932" VPOS="2605" WIDTH="206" HEIGHT="42" CONTENT="erscheinen," WC="0.99" CC="65146650204"/>
						<SP ID="P77_SP00106" HPOS="2138" VPOS="2647" WIDTH="30"/>
						<String ID="P77_ST00132" HPOS="2168" VPOS="2620" WIDTH="71" HEIGHT="22" CONTENT="was" WC="0.97" CC="071"/>
						<SP ID="P77_SP00107" HPOS="2239" VPOS="2647" WIDTH="21"/>
						<String ID="P77_ST00133" HPOS="2260" VPOS="2609" WIDTH="267" HEIGHT="37" CONTENT="Winckelmann" WC="0.91" CC="00020000700"/>
						<SP ID="P77_SP00108" HPOS="2527" VPOS="2647" WIDTH="29"/>
						<String ID="P77_ST00134" HPOS="2556" VPOS="2613" WIDTH="68" HEIGHT="34" CONTENT="und" WC="0.97" CC="600"/>
						<SP ID="P77_SP00109" HPOS="2624" VPOS="2647" WIDTH="28"/>
						<String ID="P77_ST00135" HPOS="2652" VPOS="2614" WIDTH="55" HEIGHT="35" CONTENT="die" WC="0.97" CC="005"/>
					</TextLine>
					<TextLine ID="P77_TL00027" HPOS="1550" VPOS="2653" WIDTH="1155" HEIGHT="48">
						<String ID="P77_ST00136" HPOS="1550" VPOS="2653" WIDTH="118" HEIGHT="34" CONTENT="Seinen" WC="0.99" CC="103034"/>
						<SP ID="P77_SP00110" HPOS="1668" VPOS="2687" WIDTH="26"/>
						<String ID="P77_ST00137" HPOS="1694" VPOS="2658" WIDTH="168" HEIGHT="43" CONTENT="geträumt" WC="0.99" CC="01079600"/>
						<SP ID="P77_SP00111" HPOS="1862" VPOS="2701" WIDTH="29"/>
						<String ID="P77_ST00138" HPOS="1891" VPOS="2656" WIDTH="68" HEIGHT="35" CONTENT="und" WC="0.98" CC="060"/>
						<SP ID="P77_SP00112" HPOS="1959" VPOS="2701" WIDTH="26"/>
						<String ID="P77_ST00139" HPOS="1985" VPOS="2658" WIDTH="135" HEIGHT="35" CONTENT="erstrebt" WC="0.99" CC="06005570"/>
						<SP ID="P77_SP00113" HPOS="2120" VPOS="2701" WIDTH="25"/>
						<String ID="P77_ST00140" HPOS="2145" VPOS="2660" WIDTH="125" HEIGHT="34" CONTENT="hatten." WC="0.99" CC="7004003"/>
						<SP ID="P77_SP00114" HPOS="2270" VPOS="2701" WIDTH="56"/>
						<String ID="P77_ST00141" HPOS="2326" VPOS="2665" WIDTH="88" HEIGHT="32" CONTENT="Dort" WC="1.00" CC="0020"/>
						<SP ID="P77_SP00115" HPOS="2414" VPOS="2701" WIDTH="27"/>
						<String ID="P77_ST00142" HPOS="2441" VPOS="2663" WIDTH="53" HEIGHT="35" CONTENT="die" WC="0.99" CC="020"/>
						<SP ID="P77_SP00116" HPOS="2494" VPOS="2701" WIDTH="24"/>
						<String ID="P77_ST00143" HPOS="2518" VPOS="2665" WIDTH="187" HEIGHT="36" CONTENT="Sehnsucht" WC="0.99" CC="007004070"/>
					</TextLine>
					<TextLine ID="P77_TL00028" HPOS="1549" VPOS="2705" WIDTH="1156" HEIGHT="50">
						<String ID="P77_ST00144" HPOS="1549" VPOS="2706" WIDTH="86" HEIGHT="34" CONTENT="nach" WC="0.98" CC="0007"/>
						<SP ID="P77_SP00117" HPOS="1635" VPOS="2740" WIDTH="28"/>
						<String ID="P77_ST00145" HPOS="1663" VPOS="2705" WIDTH="116" HEIGHT="36" CONTENT="freiem" WC="0.99" CC="006320"/>
						<SP ID="P77_SP00118" HPOS="1779" VPOS="2741" WIDTH="33"/>
						<String ID="P77_ST00146" HPOS="1812" VPOS="2708" WIDTH="274" HEIGHT="37" CONTENT="harmonischem" WC="1.00" CC="700000330600"/>
						<SP ID="P77_SP00119" HPOS="2086" VPOS="2745" WIDTH="27"/>
						<String ID="P77_ST00147" HPOS="2113" VPOS="2713" WIDTH="275" HEIGHT="42" CONTENT="Menschentum," WC="0.99" CC="010107060604"/>
						<SP ID="P77_SP00120" HPOS="2388" VPOS="2755" WIDTH="32"/>
						<String ID="P77_ST00148" HPOS="2420" VPOS="2716" WIDTH="73" HEIGHT="35" CONTENT="hier" WC="0.96" CC="7055"/>
						<SP ID="P77_SP00121" HPOS="2493" VPOS="2755" WIDTH="31"/>
						<String ID="P77_ST00149" HPOS="2524" VPOS="2718" WIDTH="52" HEIGHT="34" CONTENT="ein" WC="0.99" CC="003"/>
						<SP ID="P77_SP00122" HPOS="2576" VPOS="2755" WIDTH="31"/>
						<String ID="P77_ST00150" HPOS="2607" VPOS="2728" WIDTH="98" HEIGHT="25" CONTENT="unter" WC="0.99" CC="50005"/>
					</TextLine>
					<TextLine ID="P77_TL00029" HPOS="1548" VPOS="2757" WIDTH="1156" HEIGHT="59">
						<String ID="P77_ST00151" HPOS="1548" VPOS="2757" WIDTH="209" HEIGHT="50" CONTENT="lebenslange" WC="0.99" CC="20600060601"/>
						<SP ID="P77_SP00123" HPOS="1757" VPOS="2807" WIDTH="19"/>
						<String ID="P77_ST00152" HPOS="1776" VPOS="2759" WIDTH="115" HEIGHT="35" CONTENT="Arbeit" WC="0.99" CC="520430"/>
						<SP ID="P77_SP00124" HPOS="1891" VPOS="2807" WIDTH="19"/>
						<String ID="P77_ST00153" HPOS="1910" VPOS="2762" WIDTH="69" HEIGHT="34" CONTENT="und" WC="0.97" CC="700"/>
						<SP ID="P77_SP00125" HPOS="1979" VPOS="2807" WIDTH="18"/>
						<String ID="P77_ST00154" HPOS="1997" VPOS="2764" WIDTH="109" HEIGHT="33" CONTENT="Mühe" WC="0.98" CC="0071"/>
						<SP ID="P77_SP00126" HPOS="2106" VPOS="2807" WIDTH="23"/>
						<String ID="P77_ST00155" HPOS="2129" VPOS="2764" WIDTH="233" HEIGHT="47" CONTENT="geknechtetes" WC="1.00" CC="041030600000"/>
						<SP ID="P77_SP00127" HPOS="2362" VPOS="2811" WIDTH="20"/>
						<String ID="P77_ST00156" HPOS="2382" VPOS="2769" WIDTH="217" HEIGHT="47" CONTENT="Geschlecht;" WC="0.99" CC="30006000787"/>
						<SP ID="P77_SP00128" HPOS="2599" VPOS="2816" WIDTH="28"/>
						<String ID="P77_ST00157" HPOS="2627" VPOS="2771" WIDTH="77" HEIGHT="36" CONTENT="dort" WC="0.99" CC="0300"/>
					</TextLine>
					<TextLine ID="P77_TL00030" HPOS="1548" VPOS="2810" WIDTH="1154" HEIGHT="60">
						<String ID="P77_ST00158" HPOS="1548" VPOS="2810" WIDTH="56" HEIGHT="34" CONTENT="der" WC="0.97" CC="060"/>
						<SP ID="P77_SP00129" HPOS="1604" VPOS="2844" WIDTH="31"/>
						<String ID="P77_ST00159" HPOS="1635" VPOS="2811" WIDTH="205" HEIGHT="36" CONTENT="hoheitsvoll" WC="0.99" CC="74701030015"/>
						<SP ID="P77_SP00130" HPOS="1840" VPOS="2847" WIDTH="37"/>
						<String ID="P77_ST00160" HPOS="1877" VPOS="2813" WIDTH="309" HEIGHT="38" CONTENT="dahinschreitende" WC="0.99" CC="0066601655512000"/>
						<SP ID="P77_SP00131" HPOS="2186" VPOS="2851" WIDTH="35"/>
						<String ID="P77_ST00161" HPOS="2221" VPOS="2818" WIDTH="191" HEIGHT="37" CONTENT="Ferntreffer" WC="0.74" CC="50500406005"/>
						<SP ID="P77_SP00132" HPOS="2412" VPOS="2855" WIDTH="37"/>
						<String ID="P77_ST00162" HPOS="2449" VPOS="2823" WIDTH="154" HEIGHT="47" CONTENT="Apollon" WC="1.00" CC="0002001"/>
						<SP ID="P77_SP00133" HPOS="2603" VPOS="2870" WIDTH="36"/>
						<String ID="P77_ST00163" HPOS="2639" VPOS="2826" WIDTH="63" HEIGHT="34" CONTENT="mit" WC="0.98" CC="050"/>
					</TextLine>
					<TextLine ID="P77_TL00031" HPOS="1546" VPOS="2864" WIDTH="1155" HEIGHT="54">
						<String ID="P77_ST00164" HPOS="1546" VPOS="2864" WIDTH="124" HEIGHT="33" CONTENT="seinem" WC="0.98" CC="553020"/>
						<SP ID="P77_SP00134" HPOS="1670" VPOS="2897" WIDTH="20"/>
						<String ID="P77_ST00165" HPOS="1690" VPOS="2864" WIDTH="166" HEIGHT="48" CONTENT="goldenen" WC="1.00" CC="00000000"/>
						<SP ID="P77_SP00135" HPOS="1856" VPOS="2912" WIDTH="19"/>
						<String ID="P77_ST00166" HPOS="1875" VPOS="2868" WIDTH="127" HEIGHT="46" CONTENT="Bogen," WC="0.99" CC="600004"/>
						<SP ID="P77_SP00136" HPOS="2002" VPOS="2914" WIDTH="19"/>
						<String ID="P77_ST00167" HPOS="2021" VPOS="2867" WIDTH="72" HEIGHT="36" CONTENT="hier" WC="0.96" CC="7604"/>
						<SP ID="P77_SP00137" HPOS="2093" VPOS="2914" WIDTH="20"/>
						<String ID="P77_ST00168" HPOS="2113" VPOS="2869" WIDTH="57" HEIGHT="35" CONTENT="der" WC="0.97" CC="007"/>
						<SP ID="P77_SP00138" HPOS="2170" VPOS="2914" WIDTH="18"/>
						<String ID="P77_ST00169" HPOS="2188" VPOS="2872" WIDTH="261" HEIGHT="46" CONTENT="ungeschlachte" WC="1.00" CC="6000037000700"/>
						<SP ID="P77_SP00139" HPOS="2449" VPOS="2918" WIDTH="19"/>
						<String ID="P77_ST00170" HPOS="2468" VPOS="2874" WIDTH="151" HEIGHT="37" CONTENT="Arbeiter" WC="0.99" CC="05650100"/>
						<SP ID="P77_SP00140" HPOS="2619" VPOS="2918" WIDTH="20"/>
						<String ID="P77_ST00171" HPOS="2639" VPOS="2879" WIDTH="62" HEIGHT="33" CONTENT="mit" WC="0.96" CC="038"/>
					</TextLine>
					<TextLine ID="P77_TL00032" HPOS="1545" VPOS="2915" WIDTH="1155" HEIGHT="56">
						<String ID="P77_ST00172" HPOS="1545" VPOS="2915" WIDTH="248" HEIGHT="47" CONTENT="gekrümmtem" WC="1.00" CC="0026000000"/>
						<SP ID="P77_SP00141" HPOS="1793" VPOS="2962" WIDTH="29"/>
						<String ID="P77_ST00173" HPOS="1822" VPOS="2918" WIDTH="144" HEIGHT="35" CONTENT="Nacken" WC="1.00" CC="000000"/>
						<SP ID="P77_SP00142" HPOS="1966" VPOS="2962" WIDTH="27"/>
						<String ID="P77_ST00174" HPOS="1993" VPOS="2920" WIDTH="70" HEIGHT="35" CONTENT="und" WC="0.97" CC="700"/>
						<SP ID="P77_SP00143" HPOS="2063" VPOS="2962" WIDTH="27"/>
						<String ID="P77_ST00175" HPOS="2090" VPOS="2924" WIDTH="248" HEIGHT="45" CONTENT="sorgenvollem" WC="1.00" CC="105040001100"/>
						<SP ID="P77_SP00144" HPOS="2338" VPOS="2969" WIDTH="28"/>
						<String ID="P77_ST00176" HPOS="2366" VPOS="2926" WIDTH="143" HEIGHT="45" CONTENT="Antlitz;" WC="0.99" CC="00032009"/>
						<SP ID="P77_SP00145" HPOS="2509" VPOS="2971" WIDTH="30"/>
						<String ID="P77_ST00177" HPOS="2539" VPOS="2929" WIDTH="77" HEIGHT="34" CONTENT="dort" WC="0.98" CC="0240"/>
						<SP ID="P77_SP00146" HPOS="2616" VPOS="2971" WIDTH="27"/>
						<String ID="P77_ST00178" HPOS="2643" VPOS="2931" WIDTH="57" HEIGHT="34" CONTENT="der" WC="0.98" CC="004"/>
					</TextLine>
					<TextLine ID="P77_TL00033" HPOS="1544" VPOS="2968" WIDTH="1156" HEIGHT="55">
						<String ID="P77_ST00179" HPOS="1544" VPOS="2968" WIDTH="188" HEIGHT="35" CONTENT="strahlende" WC="1.00" CC="2060600100"/>
						<SP ID="P77_SP00147" HPOS="1732" VPOS="3003" WIDTH="20"/>
						<String ID="P77_ST00180" HPOS="1752" VPOS="2969" WIDTH="146" HEIGHT="50" CONTENT="Olymp," WC="0.98" CC="426004"/>
						<SP ID="P77_SP00148" HPOS="1898" VPOS="3019" WIDTH="29"/>
						<String ID="P77_ST00181" HPOS="1927" VPOS="2973" WIDTH="72" HEIGHT="33" CONTENT="hier" WC="0.97" CC="7113"/>
						<SP ID="P77_SP00149" HPOS="1999" VPOS="3019" WIDTH="26"/>
						<String ID="P77_ST00182" HPOS="2025" VPOS="2973" WIDTH="53" HEIGHT="34" CONTENT="die" WC="0.96" CC="064"/>
						<SP ID="P77_SP00150" HPOS="2078" VPOS="3019" WIDTH="28"/>
						<String ID="P77_ST00183" HPOS="2106" VPOS="2974" WIDTH="124" HEIGHT="49" CONTENT="rufsige" WC="0.69" CC="2570500"/>
						<SP ID="P77_SP00151" HPOS="2230" VPOS="3023" WIDTH="26"/>
						<String ID="P77_ST00184" HPOS="2256" VPOS="2976" WIDTH="118" HEIGHT="36" CONTENT="Fabrik" WC="0.98" CC="507610"/>
						<SP ID="P77_SP00152" HPOS="2374" VPOS="3023" WIDTH="27"/>
						<String ID="P77_ST00185" HPOS="2401" VPOS="2979" WIDTH="81" HEIGHT="35" CONTENT="oder" WC="1.00" CC="0002"/>
						<SP ID="P77_SP00153" HPOS="2482" VPOS="3023" WIDTH="25"/>
						<String ID="P77_ST00186" HPOS="2507" VPOS="2980" WIDTH="53" HEIGHT="35" CONTENT="die" WC="0.98" CC="050"/>
						<SP ID="P77_SP00154" HPOS="2560" VPOS="3023" WIDTH="26"/>
						<String ID="P77_ST00187" HPOS="2586" VPOS="2991" WIDTH="95" HEIGHT="27" CONTENT="unter" SUBS_TYPE="HypPart1" SUBS_CONTENT="unterirdischen" WC="0.98" CC="60056"/>
						<HYP HPOS="2681" VPOS="2991" WIDTH="19" CONTENT="-"/>
					</TextLine>
					<TextLine ID="P77_TL00034" HPOS="1543" VPOS="3020" WIDTH="742" HEIGHT="54">
						<String ID="P77_ST00188" HPOS="1543" VPOS="3020" WIDTH="166" HEIGHT="35" CONTENT="irdischen" SUBS_TYPE="HypPart2" SUBS_CONTENT="unterirdischen" WC="0.99" CC="060400600"/>
						<SP ID="P77_SP00155" HPOS="1709" VPOS="3055" WIDTH="20"/>
						<String ID="P77_ST00189" HPOS="1729" VPOS="3022" WIDTH="250" HEIGHT="50" CONTENT="Höhlengänge" WC="0.99" CC="67751000700"/>
						<SP ID="P77_SP00156" HPOS="1979" VPOS="3072" WIDTH="20"/>
						<String ID="P77_ST00190" HPOS="1999" VPOS="3025" WIDTH="53" HEIGHT="35" CONTENT="des" WC="0.98" CC="050"/>
						<SP ID="P77_SP00157" HPOS="2052" VPOS="3072" WIDTH="21"/>
						<String ID="P77_ST00191" HPOS="2073" VPOS="3029" WIDTH="212" HEIGHT="45" CONTENT="Bergmanns." WC="1.00" CC="0100000000"/>
					</TextLine>
					<TextLine ID="P77_TL00035" HPOS="1621" VPOS="3074" WIDTH="1078" HEIGHT="51">
						<String ID="P77_ST00192" HPOS="1621" VPOS="3074" WIDTH="80" HEIGHT="34" CONTENT="Und" WC="0.98" CC="500"/>
						<SP ID="P77_SP00158" HPOS="1701" VPOS="3108" WIDTH="20"/>
						<String ID="P77_ST00193" HPOS="1721" VPOS="3074" WIDTH="173" HEIGHT="41" CONTENT="dennoch," WC="0.99" CC="01003074"/>
						<SP ID="P77_SP00159" HPOS="1894" VPOS="3115" WIDTH="21"/>
						<String ID="P77_ST00194" HPOS="1915" VPOS="3091" WIDTH="101" HEIGHT="21" CONTENT="wenn" WC="1.00" CC="0000"/>
						<SP ID="P77_SP00160" HPOS="2016" VPOS="3115" WIDTH="19"/>
						<String ID="P77_ST00195" HPOS="2035" VPOS="3091" WIDTH="80" HEIGHT="23" CONTENT="man" WC="0.97" CC="060"/>
						<SP ID="P77_SP00161" HPOS="2115" VPOS="3115" WIDTH="19"/>
						<String ID="P77_ST00196" HPOS="2134" VPOS="3081" WIDTH="120" HEIGHT="41" CONTENT="Stand," WC="0.99" CC="020004"/>
						<SP ID="P77_SP00162" HPOS="2254" VPOS="3122" WIDTH="20"/>
						<String ID="P77_ST00197" HPOS="2274" VPOS="3082" WIDTH="143" HEIGHT="43" CONTENT="Umrifs," WC="0.98" CC="1063704"/>
						<SP ID="P77_SP00163" HPOS="2417" VPOS="3125" WIDTH="20"/>
						<String ID="P77_ST00198" HPOS="2437" VPOS="3087" WIDTH="141" HEIGHT="35" CONTENT="Formen" WC="0.98" CC="233060"/>
						<SP ID="P77_SP00164" HPOS="2578" VPOS="3125" WIDTH="19"/>
						<String ID="P77_ST00199" HPOS="2597" VPOS="3087" WIDTH="102" HEIGHT="37" CONTENT="dieser" WC="1.00" CC="000040"/>
					</TextLine>
					<TextLine ID="P77_TL00036" HPOS="1542" VPOS="3126" WIDTH="1155" HEIGHT="50">
						<String ID="P77_ST00200" HPOS="1542" VPOS="3126" WIDTH="256" HEIGHT="35" CONTENT="Meunierschen" WC="0.78" CC="015041400700"/>
						<SP ID="P77_SP00165" HPOS="1798" VPOS="3161" WIDTH="28"/>
						<String ID="P77_ST00201" HPOS="1826" VPOS="3128" WIDTH="190" HEIGHT="37" CONTENT="Bildwerke" WC="1.00" CC="220004000"/>
						<SP ID="P77_SP00166" HPOS="2016" VPOS="3165" WIDTH="33"/>
						<String ID="P77_ST00202" HPOS="2049" VPOS="3133" WIDTH="144" HEIGHT="34" CONTENT="ansieht:" WC="0.99" CC="00043702"/>
						<SP ID="P77_SP00167" HPOS="2193" VPOS="3167" WIDTH="31"/>
						<String ID="P77_ST00203" HPOS="2224" VPOS="3134" WIDTH="41" HEIGHT="35" CONTENT="ist" WC="0.97" CC="341"/>
						<SP ID="P77_SP00168" HPOS="2265" VPOS="3169" WIDTH="26"/>
						<String ID="P77_ST00204" HPOS="2291" VPOS="3136" WIDTH="72" HEIGHT="33" CONTENT="hier" WC="0.96" CC="7344"/>
						<SP ID="P77_SP00169" HPOS="2363" VPOS="3169" WIDTH="27"/>
						<String ID="P77_ST00205" HPOS="2390" VPOS="3137" WIDTH="95" HEIGHT="35" CONTENT="nicht" WC="0.99" CC="00070"/>
						<SP ID="P77_SP00170" HPOS="2485" VPOS="3172" WIDTH="26"/>
						<String ID="P77_ST00206" HPOS="2511" VPOS="3140" WIDTH="36" HEIGHT="33" CONTENT="in" WC="0.77" CC="40"/>
						<SP ID="P77_SP00171" HPOS="2547" VPOS="3173" WIDTH="28"/>
						<String ID="P77_ST00207" HPOS="2575" VPOS="3154" WIDTH="122" HEIGHT="22" CONTENT="neuem" WC="1.00" CC="00400"/>
					</TextLine>
					<TextLine ID="P77_TL00037" HPOS="1542" VPOS="3178" WIDTH="1154" HEIGHT="54">
						<String ID="P77_ST00208" HPOS="1542" VPOS="3178" WIDTH="99" HEIGHT="34" CONTENT="Sinne" WC="0.99" CC="04000"/>
						<SP ID="P77_SP00172" HPOS="1641" VPOS="3212" WIDTH="19"/>
						<String ID="P77_ST00209" HPOS="1660" VPOS="3178" WIDTH="57" HEIGHT="35" CONTENT="der" WC="1.00" CC="000"/>
						<SP ID="P77_SP00173" HPOS="1717" VPOS="3213" WIDTH="18"/>
						<String ID="P77_ST00210" HPOS="1735" VPOS="3179" WIDTH="110" HEIGHT="48" CONTENT="grofse" WC="0.73" CC="062700"/>
						<SP ID="P77_SP00174" HPOS="1845" VPOS="3227" WIDTH="14"/>
						<String ID="P77_ST00211" HPOS="1859" VPOS="3181" WIDTH="176" HEIGHT="48" CONTENT="plastische" WC="0.99" CC="0400033070"/>
						<SP ID="P77_SP00175" HPOS="2035" VPOS="3229" WIDTH="20"/>
						<String ID="P77_ST00212" HPOS="2055" VPOS="3184" WIDTH="60" HEIGHT="34" CONTENT="Stil" WC="0.99" CC="0032"/>
						<SP ID="P77_SP00176" HPOS="2115" VPOS="3229" WIDTH="16"/>
						<String ID="P77_ST00213" HPOS="2131" VPOS="3186" WIDTH="309" HEIGHT="46" CONTENT="wiedererstanden," WC="1.00" CC="0410450200000074"/>
						<SP ID="P77_SP00177" HPOS="2440" VPOS="3232" WIDTH="21"/>
						<String ID="P77_ST00214" HPOS="2461" VPOS="3190" WIDTH="63" HEIGHT="36" CONTENT="den" WC="0.96" CC="065"/>
						<SP ID="P77_SP00178" HPOS="2524" VPOS="3232" WIDTH="17"/>
						<String ID="P77_ST00215" HPOS="2541" VPOS="3194" WIDTH="84" HEIGHT="34" CONTENT="einst" WC="0.99" CC="12020"/>
						<SP ID="P77_SP00179" HPOS="2625" VPOS="3232" WIDTH="19"/>
						<String ID="P77_ST00216" HPOS="2644" VPOS="3194" WIDTH="52" HEIGHT="35" CONTENT="die" WC="0.98" CC="022"/>
					</TextLine>
					<TextLine ID="P77_TL00038" HPOS="1541" VPOS="3230" WIDTH="1154" HEIGHT="52">
						<String ID="P77_ST00217" HPOS="1541" VPOS="3230" WIDTH="165" HEIGHT="35" CONTENT="Hellenen" WC="0.99" CC="52100030"/>
						<SP ID="P77_SP00180" HPOS="1706" VPOS="3265" WIDTH="26"/>
						<String ID="P77_ST00218" HPOS="1732" VPOS="3232" WIDTH="56" HEIGHT="35" CONTENT="der" WC="0.97" CC="043"/>
						<SP ID="P77_SP00181" HPOS="1788" VPOS="3267" WIDTH="19"/>
						<String ID="P77_ST00219" HPOS="1807" VPOS="3234" WIDTH="98" HEIGHT="34" CONTENT="Welt" WC="0.99" CC="0060"/>
						<SP ID="P77_SP00182" HPOS="1905" VPOS="3268" WIDTH="24"/>
						<String ID="P77_ST00220" HPOS="1929" VPOS="3236" WIDTH="201" HEIGHT="46" CONTENT="geschenkt?" WC="1.00" CC="0010730005"/>
						<SP ID="P77_SP00183" HPOS="2130" VPOS="3282" WIDTH="55"/>
						<String ID="P77_ST00221" HPOS="2185" VPOS="3242" WIDTH="88" HEIGHT="32" CONTENT="War" WC="1.00" CC="000"/>
						<SP ID="P77_SP00184" HPOS="2273" VPOS="3282" WIDTH="26"/>
						<String ID="P77_ST00222" HPOS="2299" VPOS="3241" WIDTH="73" HEIGHT="34" CONTENT="hier" WC="0.98" CC="7030"/>
						<SP ID="P77_SP00185" HPOS="2372" VPOS="3282" WIDTH="23"/>
						<String ID="P77_ST00223" HPOS="2395" VPOS="3244" WIDTH="95" HEIGHT="35" CONTENT="nicht" WC="0.98" CC="04070"/>
						<SP ID="P77_SP00186" HPOS="2490" VPOS="3282" WIDTH="25"/>
						<String ID="P77_ST00224" HPOS="2515" VPOS="3259" WIDTH="62" HEIGHT="21" CONTENT="vor" WC="0.97" CC="023"/>
						<SP ID="P77_SP00187" HPOS="2577" VPOS="3282" WIDTH="18"/>
						<String ID="P77_ST00225" HPOS="2595" VPOS="3246" WIDTH="100" HEIGHT="36" CONTENT="allem" WC="0.97" CC="92050"/>
					</TextLine>
					<TextLine ID="P77_TL00039" HPOS="1541" VPOS="3282" WIDTH="1154" HEIGHT="58">
						<String ID="P77_ST00226" HPOS="1541" VPOS="3282" WIDTH="55" HEIGHT="35" CONTENT="das" WC="0.97" CC="070"/>
						<SP ID="P77_SP00188" HPOS="1596" VPOS="3317" WIDTH="26"/>
						<String ID="P77_ST00227" HPOS="1622" VPOS="3284" WIDTH="201" HEIGHT="42" CONTENT="natürliche," WC="0.99" CC="00006443704"/>
						<SP ID="P77_SP00189" HPOS="1823" VPOS="3326" WIDTH="30"/>
						<String ID="P77_ST00228" HPOS="1853" VPOS="3287" WIDTH="245" HEIGHT="49" CONTENT="wahrhaftige," WC="0.99" CC="077470603004"/>
						<SP ID="P77_SP00190" HPOS="2098" VPOS="3336" WIDTH="29"/>
						<String ID="P77_ST00229" HPOS="2127" VPOS="3291" WIDTH="115" HEIGHT="49" CONTENT="innige" WC="1.00" CC="400000"/>
						<SP ID="P77_SP00191" HPOS="2242" VPOS="3340" WIDTH="20"/>
						<String ID="P77_ST00230" HPOS="2262" VPOS="3294" WIDTH="191" HEIGHT="37" CONTENT="Verhältnis" WC="0.99" CC="5057010600"/>
						<SP ID="P77_SP00192" HPOS="2453" VPOS="3340" WIDTH="25"/>
						<String ID="P77_ST00231" HPOS="2478" VPOS="3310" WIDTH="56" HEIGHT="22" CONTENT="zur" WC="0.97" CC="026"/>
						<SP ID="P77_SP00193" HPOS="2534" VPOS="3340" WIDTH="22"/>
						<String ID="P77_ST00232" HPOS="2556" VPOS="3300" WIDTH="139" HEIGHT="35" CONTENT="Heimat" WC="0.99" CC="402070"/>
					</TextLine>
					<TextLine ID="P77_TL00040" HPOS="1539" VPOS="3336" WIDTH="1155" HEIGHT="57">
						<String ID="P77_ST00233" HPOS="1539" VPOS="3336" WIDTH="314" HEIGHT="49" CONTENT="wiederaufgelebt," WC="1.00" CC="0120430500000704"/>
						<SP ID="P77_SP00194" HPOS="1853" VPOS="3385" WIDTH="34"/>
						<String ID="P77_ST00234" HPOS="1887" VPOS="3352" WIDTH="58" HEIGHT="22" CONTENT="aus" WC="1.00" CC="000"/>
						<SP ID="P77_SP00195" HPOS="1945" VPOS="3385" WIDTH="28"/>
						<String ID="P77_ST00235" HPOS="1973" VPOS="3341" WIDTH="168" HEIGHT="37" CONTENT="welchem" WC="0.99" CC="0033700"/>
						<SP ID="P77_SP00196" HPOS="2141" VPOS="3385" WIDTH="26"/>
						<String ID="P77_ST00236" HPOS="2167" VPOS="3343" WIDTH="54" HEIGHT="35" CONTENT="die" WC="0.98" CC="050"/>
						<SP ID="P77_SP00197" HPOS="2221" VPOS="3385" WIDTH="28"/>
						<String ID="P77_ST00237" HPOS="2249" VPOS="3347" WIDTH="204" HEIGHT="46" CONTENT="griechische" WC="0.99" CC="03050640070"/>
						<SP ID="P77_SP00198" HPOS="2453" VPOS="3393" WIDTH="28"/>
						<String ID="P77_ST00238" HPOS="2481" VPOS="3352" WIDTH="111" HEIGHT="34" CONTENT="Kunst" WC="1.00" CC="40000"/>
						<SP ID="P77_SP00199" HPOS="2592" VPOS="3393" WIDTH="31"/>
						<String ID="P77_ST00239" HPOS="2623" VPOS="3352" WIDTH="71" HEIGHT="35" CONTENT="ihre" WC="0.98" CC="0730"/>
					</TextLine>
					<TextLine ID="P77_TL00041" HPOS="1539" VPOS="3387" WIDTH="1155" HEIGHT="57">
						<String ID="P77_ST00240" HPOS="1539" VPOS="3387" WIDTH="87" HEIGHT="35" CONTENT="beste" WC="0.97" CC="75406"/>
						<SP ID="P77_SP00200" HPOS="1626" VPOS="3422" WIDTH="21"/>
						<String ID="P77_ST00241" HPOS="1647" VPOS="3388" WIDTH="96" HEIGHT="35" CONTENT="Kraft" WC="1.00" CC="00000"/>
						<SP ID="P77_SP00201" HPOS="1743" VPOS="3423" WIDTH="28"/>
						<String ID="P77_ST00242" HPOS="1771" VPOS="3396" WIDTH="161" HEIGHT="43" CONTENT="gesogen?" WC="0.99" CC="07020003"/>
						<SP ID="P77_SP00202" HPOS="1932" VPOS="3439" WIDTH="56"/>
						<String ID="P77_ST00243" HPOS="1988" VPOS="3397" WIDTH="82" HEIGHT="31" CONTENT="Wie" WC="0.95" CC="705"/>
						<SP ID="P77_SP00203" HPOS="2070" VPOS="3439" WIDTH="28"/>
						<String ID="P77_ST00244" HPOS="2098" VPOS="3395" WIDTH="96" HEIGHT="49" CONTENT="lange" WC="0.99" CC="20005"/>
						<SP ID="P77_SP00204" HPOS="2194" VPOS="3444" WIDTH="28"/>
						<String ID="P77_ST00245" HPOS="2222" VPOS="3399" WIDTH="92" HEIGHT="34" CONTENT="hatte" WC="0.97" CC="70604"/>
						<SP ID="P77_SP00205" HPOS="2314" VPOS="3444" WIDTH="26"/>
						<String ID="P77_ST00246" HPOS="2340" VPOS="3409" WIDTH="79" HEIGHT="26" CONTENT="statt" WC="1.00" CC="00000"/>
						<SP ID="P77_SP00206" HPOS="2419" VPOS="3444" WIDTH="19"/>
						<String ID="P77_ST00247" HPOS="2438" VPOS="3402" WIDTH="114" HEIGHT="36" CONTENT="dessen" WC="0.99" CC="050060"/>
						<SP ID="P77_SP00207" HPOS="2552" VPOS="3444" WIDTH="26"/>
						<String ID="P77_ST00248" HPOS="2578" VPOS="3418" WIDTH="116" HEIGHT="23" CONTENT="unsere" WC="0.97" CC="450656"/>
					</TextLine>
					<TextLine ID="P77_TL00042" HPOS="1537" VPOS="3441" WIDTH="1154" HEIGHT="64">
						<String ID="P77_ST00249" HPOS="1537" VPOS="3441" WIDTH="141" HEIGHT="46" CONTENT="hybride" WC="0.98" CC="7660407"/>
						<SP ID="P77_SP00208" HPOS="1678" VPOS="3487" WIDTH="28"/>
						<String ID="P77_ST00250" HPOS="1706" VPOS="3442" WIDTH="124" HEIGHT="35" CONTENT="Plastik" WC="0.99" CC="5203050"/>
						<SP ID="P77_SP00209" HPOS="1830" VPOS="3487" WIDTH="28"/>
						<String ID="P77_ST00251" HPOS="1858" VPOS="3446" WIDTH="71" HEIGHT="33" CONTENT="sich" WC="0.98" CC="0007"/>
						<SP ID="P77_SP00210" HPOS="1929" VPOS="3487" WIDTH="27"/>
						<String ID="P77_ST00252" HPOS="1956" VPOS="3448" WIDTH="63" HEIGHT="33" CONTENT="mit" WC="0.99" CC="030"/>
						<SP ID="P77_SP00211" HPOS="2019" VPOS="3487" WIDTH="31"/>
						<String ID="P77_ST00253" HPOS="2050" VPOS="3449" WIDTH="94" HEIGHT="33" CONTENT="ihren" WC="0.96" CC="07777"/>
						<SP ID="P77_SP00212" HPOS="2144" VPOS="3487" WIDTH="27"/>
						<String ID="P77_ST00254" HPOS="2171" VPOS="3452" WIDTH="139" HEIGHT="34" CONTENT="Formen" WC="0.98" CC="607070"/>
						<SP ID="P77_SP00213" HPOS="2310" VPOS="3487" WIDTH="26"/>
						<String ID="P77_ST00255" HPOS="2336" VPOS="3466" WIDTH="37" HEIGHT="22" CONTENT="in" WC="0.95" CC="00"/>
						<SP ID="P77_SP00214" HPOS="2373" VPOS="3488" WIDTH="27"/>
						<String ID="P77_ST00256" HPOS="2400" VPOS="3454" WIDTH="63" HEIGHT="35" CONTENT="alle" WC="0.96" CC="7217"/>
						<SP ID="P77_SP00215" HPOS="2463" VPOS="3489" WIDTH="33"/>
						<String ID="P77_ST00257" HPOS="2496" VPOS="3458" WIDTH="195" HEIGHT="47" CONTENT="möglichen" WC="0.99" CC="000110770"/>
					</TextLine>
					<TextLine ID="P77_TL00043" HPOS="1538" VPOS="3496" WIDTH="1083" HEIGHT="61">
						<String ID="P77_ST00258" HPOS="1538" VPOS="3496" WIDTH="309" HEIGHT="46" CONTENT="Vergangenheiten" WC="1.00" CC="024000000723000"/>
						<SP ID="P77_SP00216" HPOS="1847" VPOS="3542" WIDTH="27"/>
						<String ID="P77_ST00259" HPOS="1874" VPOS="3498" WIDTH="69" HEIGHT="34" CONTENT="und" WC="0.98" CC="600"/>
						<SP ID="P77_SP00217" HPOS="1943" VPOS="3542" WIDTH="24"/>
						<String ID="P77_ST00260" HPOS="1967" VPOS="3500" WIDTH="301" HEIGHT="38" CONTENT="Phantasiewelten" WC="1.00" CC="670000041022010"/>
						<SP ID="P77_SP00218" HPOS="2268" VPOS="3542" WIDTH="27"/>
						<String ID="P77_ST00261" HPOS="2295" VPOS="3505" WIDTH="326" HEIGHT="52" CONTENT="hineinempfunden" WC="1.00" CC="720020500710000"/>
						<SP ID="P77_SP00219" HPOS="2621" VPOS="3557" WIDTH="0"/>
					</TextLine>
					<TextLine ID="P77_TL00044" HPOS="1536" VPOS="3548" WIDTH="1154" HEIGHT="54">
						<String ID="P77_ST00262" HPOS="1536" VPOS="3559" WIDTH="64" HEIGHT="22" CONTENT="nur" WC="0.95" CC="165"/>
						<SP ID="P77_SP00220" HPOS="1600" VPOS="3581" WIDTH="23"/>
						<String ID="P77_ST00263" HPOS="1623" VPOS="3548" WIDTH="92" HEIGHT="34" CONTENT="nicht" WC="0.99" CC="00072"/>
						<SP ID="P77_SP00221" HPOS="1715" VPOS="3582" WIDTH="25"/>
						<String ID="P77_ST00264" HPOS="1740" VPOS="3548" WIDTH="34" HEIGHT="35" CONTENT="in" WC="0.78" CC="40"/>
						<SP ID="P77_SP00222" HPOS="1774" VPOS="3583" WIDTH="21"/>
						<String ID="P77_ST00265" HPOS="1795" VPOS="3550" WIDTH="137" HEIGHT="35" CONTENT="Heimat" WC="0.98" CC="616060"/>
						<SP ID="P77_SP00223" HPOS="1932" VPOS="3585" WIDTH="18"/>
						<String ID="P77_ST00266" HPOS="1950" VPOS="3553" WIDTH="70" HEIGHT="34" CONTENT="und" WC="0.97" CC="700"/>
						<SP ID="P77_SP00224" HPOS="2020" VPOS="3587" WIDTH="20"/>
						<String ID="P77_ST00267" HPOS="2040" VPOS="3556" WIDTH="215" HEIGHT="46" CONTENT="Gegenwart." WC="0.99" CC="0005006262"/>
						<SP ID="P77_SP00225" HPOS="2255" VPOS="3602" WIDTH="55"/>
						<String ID="P77_ST00268" HPOS="2310" VPOS="3561" WIDTH="38" HEIGHT="31" CONTENT="In" WC="1.00" CC="00"/>
						<SP ID="P77_SP00226" HPOS="2348" VPOS="3602" WIDTH="28"/>
						<String ID="P77_ST00269" HPOS="2376" VPOS="3559" WIDTH="103" HEIGHT="37" CONTENT="dieser" WC="0.99" CC="000424"/>
						<SP ID="P77_SP00227" HPOS="2479" VPOS="3602" WIDTH="22"/>
						<String ID="P77_ST00270" HPOS="2501" VPOS="3562" WIDTH="116" HEIGHT="36" CONTENT="hatten" WC="0.99" CC="700000"/>
						<SP ID="P77_SP00228" HPOS="2617" VPOS="3602" WIDTH="20"/>
						<String ID="P77_ST00271" HPOS="2637" VPOS="3564" WIDTH="53" HEIGHT="35" CONTENT="die" WC="0.99" CC="030"/>
					</TextLine>
					<TextLine ID="P77_TL00045" HPOS="1536" VPOS="3601" WIDTH="1154" HEIGHT="51">
						<String ID="P77_ST00272" HPOS="1536" VPOS="3608" WIDTH="155" HEIGHT="33" CONTENT="meisten," WC="0.99" CC="07000770"/>
						<SP ID="P77_SP00229" HPOS="1691" VPOS="3641" WIDTH="31"/>
						<String ID="P77_ST00273" HPOS="1722" VPOS="3601" WIDTH="233" HEIGHT="37" CONTENT="insbesondere" WC="0.99" CC="570671000777"/>
						<SP ID="P77_SP00230" HPOS="1955" VPOS="3641" WIDTH="27"/>
						<String ID="P77_ST00274" HPOS="1982" VPOS="3605" WIDTH="54" HEIGHT="35" CONTENT="die" WC="0.96" CC="047"/>
						<SP ID="P77_SP00231" HPOS="2036" VPOS="3641" WIDTH="27"/>
						<String ID="P77_ST00275" HPOS="2063" VPOS="3606" WIDTH="179" HEIGHT="38" CONTENT="deutschen" WC="0.99" CC="074033770"/>
						<SP ID="P77_SP00232" HPOS="2242" VPOS="3644" WIDTH="28"/>
						<String ID="P77_ST00276" HPOS="2270" VPOS="3611" WIDTH="181" HEIGHT="37" CONTENT="Bildhauer" WC="0.98" CC="304070677"/>
						<SP ID="P77_SP00233" HPOS="2451" VPOS="3648" WIDTH="26"/>
						<String ID="P77_ST00277" HPOS="2477" VPOS="3613" WIDTH="67" HEIGHT="37" CONTENT="fast" WC="0.98" CC="0700"/>
						<SP ID="P77_SP00234" HPOS="2544" VPOS="3650" WIDTH="25"/>
						<String ID="P77_ST00278" HPOS="2569" VPOS="3629" WIDTH="121" HEIGHT="23" CONTENT="immer" WC="0.99" CC="00070"/>
					</TextLine>
					<TextLine ID="P77_TL00046" HPOS="1534" VPOS="3656" WIDTH="1155" HEIGHT="56">
						<String ID="P77_ST00279" HPOS="1534" VPOS="3665" WIDTH="64" HEIGHT="21" CONTENT="nur" WC="0.94" CC="707"/>
						<SP ID="P77_SP00235" HPOS="1598" VPOS="3686" WIDTH="29"/>
						<String ID="P77_ST00280" HPOS="1627" VPOS="3666" WIDTH="206" HEIGHT="36" CONTENT="gezwungen" WC="0.98" CC="070907077"/>
						<SP ID="P77_SP00236" HPOS="1833" VPOS="3702" WIDTH="32"/>
						<String ID="P77_ST00281" HPOS="1865" VPOS="3656" WIDTH="71" HEIGHT="35" CONTENT="und" WC="0.95" CC="760"/>
						<SP ID="P77_SP00237" HPOS="1936" VPOS="3702" WIDTH="30"/>
						<String ID="P77_ST00282" HPOS="1966" VPOS="3658" WIDTH="76" HEIGHT="34" CONTENT="halb" WC="0.97" CC="5006"/>
						<SP ID="P77_SP00238" HPOS="2042" VPOS="3702" WIDTH="35"/>
						<String ID="P77_ST00283" HPOS="2077" VPOS="3661" WIDTH="158" HEIGHT="49" CONTENT="unwillig" WC="0.99" CC="50024030"/>
						<SP ID="P77_SP00239" HPOS="2235" VPOS="3710" WIDTH="28"/>
						<String ID="P77_ST00284" HPOS="2263" VPOS="3665" WIDTH="154" HEIGHT="47" CONTENT="geweilt," WC="0.99" CC="07070300"/>
						<SP ID="P77_SP00240" HPOS="2417" VPOS="3712" WIDTH="34"/>
						<String ID="P77_ST00285" HPOS="2451" VPOS="3669" WIDTH="69" HEIGHT="34" CONTENT="wie" WC="0.92" CC="947"/>
						<SP ID="P77_SP00241" HPOS="2520" VPOS="3712" WIDTH="29"/>
						<String ID="P77_ST00286" HPOS="2549" VPOS="3670" WIDTH="61" HEIGHT="34" CONTENT="mit" WC="1.00" CC="000"/>
						<SP ID="P77_SP00242" HPOS="2610" VPOS="3712" WIDTH="24"/>
						<String ID="P77_ST00287" HPOS="2634" VPOS="3670" WIDTH="55" HEIGHT="35" CONTENT="der" WC="0.95" CC="077"/>
					</TextLine>
				</TextBlock>
				<TextBlock ID="P77_TB00005" HPOS="744" VPOS="2026" WIDTH="285" HEIGHT="19" STYLEREFS="TXT_3 PAR_LEFT">
					<TextLine ID="P77_TL00047" HPOS="744" VPOS="2027" WIDTH="285" HEIGHT="14">
						<String ID="P77_ST00288" HPOS="744" VPOS="2027" WIDTH="32" HEIGHT="14" CONTENT="IM" WC="0.98" CC="00"/>
						<SP ID="P77_SP00243" HPOS="776" VPOS="2041" WIDTH="16"/>
						<String ID="P77_ST00289" HPOS="792" VPOS="2027" WIDTH="142" HEIGHT="14" CONTENT="SCHWARZEN" WC="0.98" CC="000000000"/>
						<SP ID="P77_SP00244" HPOS="934" VPOS="2041" WIDTH="16"/>
						<String ID="P77_ST00290" HPOS="950" VPOS="2027" WIDTH="79" HEIGHT="14" CONTENT="LANDE" WC="0.98" CC="00000"/>
					</TextLine>
				</TextBlock>
				<TextBlock ID="P77_TB00006" HPOS="575" VPOS="2023" WIDTH="153" HEIGHT="20" STYLEREFS="TXT_4 PAR_LEFT">
					<TextLine ID="P77_TL00048" HPOS="575" VPOS="2025" WIDTH="153" HEIGHT="16">
						<String ID="P77_ST00291" HPOS="575" VPOS="2025" WIDTH="31" HEIGHT="16" CONTENT="C." WC="0.98" CC="00"/>
						<SP ID="P77_SP00245" HPOS="606" VPOS="2041" WIDTH="15"/>
						<String ID="P77_ST00292" HPOS="621" VPOS="2025" WIDTH="107" HEIGHT="16" CONTENT="MEUNIER" WC="0.96" CC="0000000"/>
					</TextLine>
				</TextBlock>
				<ComposedBlock ID="P77_CB00001" HPOS="570" VPOS="530" WIDTH="1881" HEIGHT="1472" STYLEREFS="TXT_5 PAR_LEFT" TYPE="Illustration">
					<GraphicalElement ID="P77_CB00001_SUB" HPOS="570" VPOS="530" WIDTH="1881" HEIGHT="1472"/>
				</ComposedBlock>
				<ComposedBlock ID="P77_CB00002" HPOS="270" VPOS="2537" WIDTH="573" HEIGHT="623" STYLEREFS="TXT_5 PAR_LEFT" TYPE="Illustration">
					<GraphicalElement ID="P77_CB00002_SUB" HPOS="270" VPOS="2537" WIDTH="573" HEIGHT="623"/>
				</ComposedBlock>
			</PrintSpace>
		</Page>
	</Layout>
</alto>
